2612 3814
6 3614 19 3671 γλ

235 612 270 638 10

290 229 362 259 30³·
1104 212 1451 254 ARISTOTELIS
1482 213 1638 254 [ABER

291 303 481 350 ἐννοήσειεν
509 302 564 350 ἄν,
597 303 675 341 ἀλλ’
696 301 733 351 ἤ,
770 302 830 341 ἐὰν
849 303 912 354 μὲν
934 304 1081 355 χρῶμα,
1111 302 1206 351 ἰδών,
1226 303 1286 343 ἐὰν
1307 304 1341 342 δὲ

290 362 449 415 φθόγγος,
466 359 705 413 ἀκροώμενος,
720 361 835 414 ἀρχὴν
854 362 922 414 γὰρ
939 363 976 401 οὗ
993 362 1140 414 φθόγγον
1155 362 1250 415 λέγει
1267 363 1346 402 οὐδὲ

288 425 436 476 χρῶμα,
465 421 557 460 ἀλλὰ
592 420 706 473 λόγον·
739 422 831 461 ὥστε
857 421 936 462 οὐδὲ
973 423 1186 462 διανοεῖσθαι
1215 426 1345 475 χρῶμα

288 483 396 532 ἔστιν,
419 483 496 522 ἀλλ’
516 485 620 536 δρᾷψ
641 481 719 522 οὐδὲ
735 482 859 536 ψόφον,
882 484 960 521 ἀλλ’
982 482 1136 523 ἀκούειν.
1171 484 1213 522 Εἴ
1234 484 1270 523 δὲ
1287 483 1345 522 καὶ

288 542 480 594 ἐνδέχεται,
496 542 727 595 γιγνώσκειδὲ
739 541 797 581 καὶ
813 542 1067 595 ἀναγιγνώσκει
1081 545 1098 581 ὁ
1114 543 1240 595 λέγων,
1255 542 1346 581 ἀλλὰ

287 603 360 645 πῶς
374 604 391 640 ὁ
407 601 543 640 ἀκούων
559 601 600 641 τὸ
615 601 698 640 αὐτὸ
713 602 888 651 ἐννοήσει;
907 603 946 640 οὖ
966 602 1033 654 γὰρ
1046 596 1116 641 οἶόν
1135 618 1186 648 τε,
1208 602 1247 640 τὸ
1261 603 1345 642 αὐτὸ

290 661 364 711 ἅμα
380 662 414 699 ἐν
435 661 573 700 πλείοσι
594 661 654 700 καὶ
667 662 778 714 χωρὶς
797 655 892 700 oiim
910 653 1011 699 εἶναι·
1026 661 1086 700 δύο
1096 661 1163 713 γὰρ
1181 661 1222 700 ἂν
1239 661 1292 709 εἴη
1307 662 1346 699 τὸ

288 720 338 760 ἕν.
373 721 416 760 Εἰ
431 720 468 760 δὲ
485 720 544 759 καὶ
565 719 635 770 εἴη,
656 720 776 773 φησίν,
798 722 832 759 ἐν
852 719 988 758 πλείοσι
1010 719 1070 758 καὶ
1089 720 1227 768 ταύτόν,
1248 719 1345 759 οὐδὲν

1407 302 1556 352 κωλύει,
1578 302 1627 353 μὴ
1649 303 1768 354 ὅμοιον
1789 303 1973 358 φαίνεσθαι
1993 306 2122 356 αὐτοῖς,
2141 306 2190 357 μὴ
2207 307 2324 362 πάντῃ
2339 309 2472 358 ὁμοίοις

1407 364 1548 407 ἐκείνοις
1565 358 1642 403 οἶσι
1657 363 1718 402 καὶ
1732 365 1767 402 ἐν
1783 366 1834 403 τῶ
1850 365 1959 418 αὗτῷ.
2004 365 2088 406 Ἔτι
2105 367 2135 405 εἰ
2153 368 2189 405 ἐν
2209 369 2259 421 τῷ
2280 369 2376 423 αὐτῷ
2396 368 2471 419 εἴη·

1407 439 1486 470 σαν,
1507 417 1561 476 ἆρ’
1578 425 1642 462 οὐκ
1659 422 1699 461 ἂν
1722 422 1782 462 δύο
1802 439 1818 462 ε
1835 439 1870 463 εν
1896 423 1919 473 ἢ
1938 425 2102 475 πλείουςς
2121 425 2284 479 φαίνεται
2311 427 2341 467 δ’
2359 428 2432 468 οὐδ’
2450 431 2471 470 ὁ

1409 483 1511 525 αὐτὸς
1531 484 1627 535 αὑτῷ
1645 481 1751 532 ὅμοια
1780 483 2031 535 αἰσθανόμενος
2059 486 2094 525 ἐν
2125 487 2178 540 τῷ
2207 487 2304 541 αὐτῷ
2329 487 2469 543 χρόνῳ,
2488 507 2523 535 ιι

1409 542 1489 579 ἀλλ’
1511 541 1613 593 ἕτερα
1634 545 1678 595 τῇ
1703 544 1791 596 ἀκοῇ
1817 543 1878 583 καὶ
1905 547 1950 599 τῇ
1975 545 2055 599 ὄψει
2074 546 2136 586 καὶ
2157 550 2215 586 νῦν
2246 563 2284 588 τε
2315 548 2377 589 καὶ
2396 549 2468 590 πά·

1407 602 1467 639 λαι
1489 601 1683 655 διαφόρως·
1704 601 1797 642 ὥστε
1822 604 1935 658 σχολῇ
1963 604 2062 659 ἄλλῳ
2089 613 2162 646 πᾶν
2183 607 2292 648 ταύτὸ
2313 608 2470 650 αἴσθοιτό

1408 676 1475 705 τις.
1500 660 1626 705 Οὕτως
1644 662 1708 701 οὐκ
1723 662 1799 702 ἔστι
1818 663 1974 716 γνωστὸν
1990 665 2103 718 οὐδέν,
2126 668 2156 706 εἰ
2178 667 2208 707 δ’
2227 667 2337 716 ἐστίν,
2359 669 2472 715 οὐδεὶς

1409 718 1452 759 ἂν
1491 719 1576 759 αὐτὸ
1606 720 1714 775 ἑτέρῳ
1750 722 1956 776 δηλώσειεν,
1988 724 2047 764 διά
2080 741 2118 766 τε
2149 726 2190 766 τὸ
2219 726 2270 779 μὴ
2303 722 2393 768 εἶναι
2423 729 2469 770 τὰ

288 935 393 967 neque
412 935 529 964 sonus,
547 925 603 958 sed
633 924 735 957 audiri
757 925 981 957 tantummodo
1007 927 1123 966 potest.
1149 939 1164 955 n
1210 926 1341 958 Fossius

288 974 457 1015 legendum
472 983 541 1006 esse
552 973 732 1013 suspicatus
749 976 797 1005 est
812 985 819 1005 ε
835 973 852 1005 ὃ
866 972 921 1005 οὗν
935 984 980 1010 τις
994 974 1036 1014 μὴ
1051 974 1160 1010 ἐννοεῖ,
1177 977 1245 1011 πῶς
1261 975 1343 1006 αἰτεῖ

287 1025 378 1054 τοῦτο
405 1021 479 1063 παρ’
491 1022 585 1052 ἄλλον
612 1020 715 1061 λόγῳ;
741 1021 760 1059 ἢ
787 1020 911 1062 σημείῳ
932 1021 990 1053 τινὶ
1022 1022 1127 1063 ἑτέρου
1161 1022 1341 1064 πράγματος

287 1070 459 1107 ἐννοήσειεν
473 1069 509 1099 ἄν
520 1091 529 1108 ,
542 1066 608 1099 ἀλλ’
624 1068 644 1106 ἢ
662 1067 715 1099 ἐὰν
740 1067 795 1107 μὲν
810 1071 938 1110 χρῶμα,
955 1068 1048 1100 ἰδών·
1068 1069 1122 1101 ἐὰν
1135 1069 1168 1101 δὲ
1188 1069 1320 1111 φθόγγος
1331 1095 1338 1108 ,

286 1117 502 1158 ἀκροώμενοςς
522 1115 621 1157 ἀρχὴν
644 1115 703 1155 γὰρ
720 1115 758 1148 οὐ
774 1116 906 1156 φθόγγον
925 1117 1007 1157 λέγει
1023 1116 1094 1149 οὐδὲ
1111 1120 1243 1159 χρῶμα,
1263 1117 1341 1149 ἀλλὰ

285 1165 388 1204 λόγον.
433 1162 567 1203 Reliqua
588 1165 624 1194 ut
645 1162 806 1195 Bekkerus
831 1163 1010 1196 constituit.
1055 1164 1233 1197 Probamus
1259 1165 1341 1198 lianc

286 1210 540 1244 emendationem
551 1234 559 1250 ,
574 1210 634 1243 nisi
649 1210 736 1252 quod
761 1210 845 1243 inter
864 1211 969 1252 ἑτέρου
984 1213 1016 1244 et
1032 1212 1212 1254 πράγματος
1230 1213 1340 1245 inseri-

284 1267 359 1291 mus
377 1270 454 1298 του,
476 1257 564 1299 quod
579 1257 657 1290 latet
671 1258 703 1289 in
719 1257 855 1290 articulo
877 1262 932 1290 τοῦ
954 1268 1050 1300 quem
1071 1259 1175 1292 codex
1197 1261 1339 1301 Lipsien-

285 1305 329 1338 sis
342 1305 537 1346 suppeditat.
583 1304 770 1338 Genitivum
781 1304 961 1347 πράγματος
975 1315 1012 1338 ex
1025 1307 1198 1344 ἐννοήσειεν
1216 1309 1252 1340 ἂν
1267 1318 1342 1350 pen-

284 1353 412 1386 dentem
440 1361 504 1385 non
532 1353 688 1394 explicuit
709 1352 856 1393 Fossius,
877 1354 968 1394 quasi
995 1353 1064 1387 haec
1087 1354 1227 1394 legitima
1257 1359 1342 1388 esset

283 1401 494 1434 constructio.
538 1401 579 1433 At
598 1409 672 1432 raro
700 1400 745 1433 ita
772 1399 948 1442 loquuntur
975 1403 1093 1435 Graeci.
1119 1403 1228 1441 Eurip.
1252 1404 1338 1435 Med.

284 1456 319 1480 v.
340 1448 381 1480 46
397 1460 405 1480 z
425 1447 537 1490 μητρὸς
553 1447 641 1480 οὐδὲν
661 1448 853 1489 ἐννοούμενοι
869 1452 988 1489 κακῶν,
1004 1450 1082 1482 nillil
1101 1451 1279 1491 cogitantes
1301 1451 1341 1484 de

285 1496 396 1527 matris
413 1495 514 1527 malis,
529 1497 610 1529 Xen.
621 1497 696 1536 Cyr.
707 1497 747 1535 V,
762 1499 842 1534 2,18
861 1505 868 1527 :
887 1497 1051 1536 ἐνενόησεν
1065 1497 1188 1538 αὐτῶν,
1202 1500 1244 1535 ὡς
1260 1499 1339 1537 ἐπη-

284 1542 393 1584 ρώτων
413 1542 574 1581 ἀλλήλους.
622 1544 722 1575 Porro
741 1543 807 1575 ἀλλ’
825 1544 844 1582 ἢ
866 1544 972 1576 locum
994 1544 1090 1577 nabet
1107 1545 1138 1577 in
1162 1547 1338 1587 sententia,

283 1598 357 1630 quae
377 1590 520 1622 continet
539 1590 821 1629 interrogationem
835 1615 843 1630 ,
864 1591 894 1623 in
913 1591 1005 1631 cujus
1024 1601 1118 1624 sensu
1142 1593 1226 1626 inest
1242 1602 1338 1634 nega·

282 1637 338 1669 tio.
382 1637 432 1669 Cf.
462 1639 634 1670 Hermann.
659 1637 698 1669 ad
728 1638 831 1678 Viger.
861 1648 893 1680 p.
928 1643 988 1672 812
1033 1639 1085 1673 ed.
1115 1645 1147 1674 3.
1192 1641 1338 1683 Denique

281 1684 378 1727 ἀρχὴν
395 1685 586 1718 vertendum
602 1687 752 1718 omnino.

322 1735 353 1765 8.
367 1733 393 1764 εἰ
416 1732 449 1764 δὲ
464 1733 517 1767 καὶ
532 1733 685 1775 ἐνδέχεται
699 1758 708 1774 ,
724 1734 873 1774 γινώσκει
891 1746 924 1766 τε
939 1736 991 1767 καὶ
1003 1735 1212 1776 ἀναγινώσκει
1226 1738 1335 1778 λέγων.

281 1779 359 1812 ἀλλὰ
377 1783 443 1816 πῶς
464 1781 482 1812 ό
497 1780 622 1812 ἀκούων
637 1781 673 1813 τὸ
689 1781 764 1814 αὐτὸ
778 1782 936 1823 ἑννοήσει;
952 1783 988 1815 οὐ
1001 1783 1060 1825 γὰρ
1079 1783 1146 1816 οἶόν
1163 1796 1197 1816 τε
1209 1785 1245 1817 τὸ
1261 1786 1338 1817 αὐτὸ

279 1827 346 1868 ἅμα
357 1828 387 1859 ἐν
401 1827 523 1860 πλείοσι
538 1829 591 1860 καὶ
610 1829 704 1869 χωρὶς
724 1828 813 1862 οὗσιν
831 1829 910 1861 εἶναι
925 1839 932 1846 ·
951 1831 1006 1862 δύο
1028 1831 1088 1873 γὰρ
1111 1832 1148 1863 ἂν
1163 1832 1211 1870 εἴη
1235 1833 1270 1865 τὸ
1292 1834 1335 1865 ἕν.

281 1875 308 1906 εἰ
325 1875 358 1907 δὲ
373 1876 428 1907 καὶ
445 1876 492 1914 εἴη
504 1899 512 1914 ,
529 1875 621 1916 φησίν
633 1900 641 1915 ,
658 1876 689 1908 ἐν
704 1877 828 1909 πλείοσι
846 1878 900 1909 καὶ
912 1877 1045 1917 ταύτόν,
1062 1878 1150 1911 οὐδὲν
1167 1881 1279 1912 κωλύει
1295 1882 1336 1922 μή

280 1921 387 1962 ὅμοιον
404 1922 565 1962 φαίνεσθαι
579 1922 682 1959 αὐτοῖς
696 1947 704 1963 ,
724 1924 767 1964 μὴ
780 1923 882 1966 πάντῃ
896 1924 1015 1966 ὁμοίοις
1027 1925 1154 1963 ἐκείνοις
1179 1926 1267 1959 οὖσιν
1283 1930 1336 1960 καὶ

279 1969 311 2000 ἐν
326 1971 373 2010 τῷ
391 1970 495 2011 αὐτῷ,
513 1969 541 2002 εἴ
559 1981 590 2002 τι
606 1971 638 2002 ἐν
657 1971 801 2003 τοιούτου
818 1971 947 2012 εἴησαν,
961 1972 1029 2005 ἀλλ’
1046 1973 1083 2005 οὐ
1097 1974 1151 2006 δύο
1171 1974 1242 2006 εἶεν.
1289 1977 1336 2007 Ita

279 2015 444 2049 Bekkerus
476 2017 624 2050 distinxit
655 2018 754 2050 verba
783 2027 857 2060 qnae
885 2019 1001 2060 partim
1035 2020 1189 2053 mendosa
1220 2023 1334 2062 partim

278 2064 388 2107 inepta
415 2066 501 2098 sunt.
520 2083 522 2087 ν
546 2065 632 2098 Nihil
651 2067 861 2099 memorabile
883 2067 936 2099 nic
956 2068 1079 2108 praebet
1094 2068 1173 2101 liber
1190 2070 1333 2110 Lipsien-

278 2113 331 2145 sis.
377 2112 519 2145 Primum
535 2113 600 2145 οἷόν
619 2125 652 2146 τε
667 2114 763 2147 ταύτὸ
781 2115 847 2156 ἅμα
859 2114 955 2147 nabet
967 2139 976 2155 ‚
991 2115 1107 2148 deiude
1126 2116 1186 2158 γὰρ
1196 2117 1244 2156 εἴη
1268 2118 1336 2150 sine

278 2160 315 2191 ἂν
327 2185 336 2201 ,
351 2160 489 2201 denique
508 2161 670 2202 φαίνεσθαι
688 2161 791 2199 αὐτοῖς
813 2174 846 2203 μ.
867 2174 903 2195 π.
922 2163 950 2195 ὁ.
962 2162 1086 2200 ἐκείνως
1114 2164 1124 2202 (
1141 2164 1193 2197 vel
1207 2158 1334 2202 ἐκείνοις

278 2209 392 2240 eodem
416 2207 609 2248 compendio
628 2209 785 2250 scriptum
811 2212 846 2242 ut
872 2211 904 2242 in
934 2210 1130 2252 praecedenti
1150 2212 1332 2255 vocabulo)

278 2255 348 2288 οὖσι
360 2268 391 2287 κ.
403 2256 429 2288 ἐ.
445 2267 475 2288 τ.
497 2255 528 2287 ἀ.
553 2255 582 2288 εἰ
595 2267 624 2288 τι
641 2255 684 2288 ἓν.
732 2257 911 2290 Felicianus
930 2258 1029 2290 vertit
1046 2268 1054 2289 :
1071 2271 1088 2286 «
1105 2258 1168 2291 Sed
1185 2260 1212 2291 si
1237 2261 1334 2293 etiam

278 2302 409 2342 eogitari
424 2303 546 2343 potest,
565 2303 598 2335 et
613 2303 776 2343 cognoscit
795 2304 928 2345 quidem
945 2313 984 2337 ac
1000 2307 1195 2346 recognoscit
1208 2307 1260 2340 ille
1278 2310 1334 2349 qui

277 2350 382 2383 dicit:
401 2350 457 2391 qui
485 2350 576 2383 audit
601 2352 711 2385 tamen
739 2360 804 2393 qno
826 2355 923 2393 pacto
952 2353 1035 2385 idem
1058 2354 1236 2394 cogitabit?
1259 2357 1333 2388 Non

278 2397 363 2430 enim
383 2397 449 2430 fleri
470 2399 596 2439 potest,
617 2400 652 2431 ut
666 2397 751 2431 idem
768 2399 800 2431 in
821 2400 966 2441 pluribus
982 2403 1014 2433 et
1032 2409 1179 2434 seorsum
1193 2402 1331 2436 colloca-

278 2446 320 2477 tis
336 2445 395 2484 sit,
413 2453 514 2477 unum
533 2445 619 2477 enim
635 2445 701 2477 duo
715 2450 814 2479 esset.
859 2448 982 2480 Verum
1004 2448 1030 2479 si
1044 2449 1140 2481 etiam
1165 2449 1270 2489 idem,
1288 2451 1333 2483 in-

279 2490 368 2532 quit,
387 2491 419 2523 in
431 2491 575 2532 pluribus
588 2491 648 2533 sit,
665 2492 743 2525 nihil
756 2493 878 2534 obstat,
892 2495 969 2535 quin
982 2495 1013 2527 id
1028 2504 1092 2527 non
1106 2496 1210 2529 simile
1222 2497 1333 2530 diver-

280 2540 323 2571 sis
341 2540 448 2579 (corr.
470 2540 578 2580 ipsis)
595 2542 767 2581 appareat,
796 2543 852 2582 qui
872 2551 935 2575 non
953 2552 1083 2584 prorsus
1103 2543 1223 2577 similes
1250 2545 1334 2578 inter

278 2595 313 2618 se
332 2588 417 2618 sunt.
462 2587 548 2624 Quin
578 2587 672 2619 etiam
692 2587 725 2620 in
741 2588 874 2629 eodem,
901 2591 1047 2631 quamvis
1067 2601 1189 2633 unum,
1212 2595 1244 2625 et
1269 2603 1333 2627 non

278 2633 346 2665 duo
364 2633 444 2674 sint,
465 2633 550 2666 idem
574 2642 639 2666 non
661 2643 793 2675 prorsus
804 2636 908 2669 simile
923 2637 1016 2671 inest.
1035 2652 1051 2667 u
1097 2638 1220 2672 Ultima
1235 2650 1334 2673 enun-

279 2680 372 2713 tiatio
400 2680 484 2713 male
520 2689 676 2714 conversa
706 2685 765 2716 est.
811 2686 990 2726 Postquam
1021 2687 1153 2728 Gorgias
1181 2690 1330 2731 negavit,

278 2727 427 2768 cognosci
443 2727 619 2768 quidquam
633 2730 690 2762 aut
708 2730 792 2763 tradi
815 2732 904 2764 alteri
922 2742 1016 2774 posse
1028 2759 1037 2775 ,
1051 2735 1117 2775 jam
1131 2759 1141 2775 ,
1161 2736 1287 2769 etiamsi
1301 2737 1331 2769 id

278 2773 347 2805 fieri
363 2782 457 2815 posse
476 2773 662 2816 largiamur,
681 2778 789 2809 tamen
806 2778 847 2810 ab
864 2779 965 2812 altero
979 2783 1066 2814 recte
1091 2783 1210 2824 percipi
1226 2787 1330 2826 negat.

279 2820 500 2859 Quamobrem
514 2822 668 2863 ἐνδέχεται
685 2824 762 2864 quid
779 2825 839 2857 sibi
863 2827 942 2859 velit
954 2836 993 2859 ex
1014 2828 1053 2860 iis
1069 2838 1143 2870 quae
1156 2830 1333 2871 adjungun-

280 2871 332 2900 tur
352 2867 521 2908 γιγνώσκει
537 2879 571 2900 τε
591 2869 645 2901 καὶ
671 2870 899 2911 ἀναγιγνώσκει
919 2873 1125 2915 intelligimus
1137 2900 1147 2916 ,
1166 2877 1199 2908 in
1214 2878 1332 2919 quibus

278 2918 387 2948 tamen
407 2917 525 2948 rectius
542 2917 710 2958 γιγνώσκει
722 2918 754 2950 δὲ
771 2920 824 2951 καὶ
836 2920 1063 2962 ἀναγιγνώσκει
1084 2925 1224 2965 ponitur.
1268 2930 1331 2961 Ne-

278 2971 342 3004 que
360 2962 447 2995 enim
469 2962 683 2996 adnectuntur
703 2973 740 2996 ea
762 2974 836 3006 quae
861 2976 963 3007 quum
979 2969 1019 3001 ad
1049 2979 1116 3002 rem
1135 2973 1236 3013 ipsam
1265 2983 1331 3007 non

277 3010 458 3051 pertineant
471 3011 562 3044 salva
570 3013 727 3045 sententia
738 3014 850 3047 abesse
864 3018 995 3055 possunt
1010 3017 1065 3056 (cf.
1080 3020 1190 3052 Herm.
1207 3022 1329 3062 opusc..

278 3059 325 3090 Ill
341 3067 372 3099 p.
398 3059 500 3100 159),
525 3059 581 3091 sed
607 3069 646 3092 ea
665 3059 827 3093 adduntur
845 3070 919 3103 quae
937 3063 1095 3097 universae
1124 3067 1247 3100 notioni
1275 3073 1330 3102 τοῦ

277 3105 480 3146 διανοεῖσθαι,
489 3106 576 3146 quod
590 3115 608 3139 e
620 3108 837 3148 superioribus
849 3113 920 3150 post
936 3110 1088 3153 ἐνδέχεται
1107 3115 1330 3157 repetendum,

278 3156 431 3193 tanquam
462 3156 572 3194 partes
597 3155 822 3195 subjiciantur.
869 3159 929 3190 Hae
958 3160 1066 3192 autem
1099 3163 1208 3201 partes
1229 3172 1330 3204 quum

277 3199 369 3232 haud
390 3208 482 3232 secus
498 3202 598 3241 atque
616 3202 722 3241 ipsum
739 3203 894 3245 ἐνδέχεται
918 3205 1107 3239 διανοεῖσθαι
1122 3208 1229 3241 verbis
1248 3219 1331 3250 prae-

277 3246 392 3287 gressis
410 3249 615 3288 opponantur
628 3249 661 3282 δὲ
676 3250 867 3291 particulam
884 3251 1044 3293 flagitant,
1060 3263 1157 3295 quam
1177 3265 1215 3288 eo
1233 3258 1332 3297 magis

279 3294 341 3326 hoc
365 3294 438 3327 loco
460 3296 672 3328 necessariam
697 3305 768 3330 esse
788 3298 907 3340 liquet,
928 3301 1014 3341 quod
1037 3302 1158 3335 omisso
1174 3303 1331 3342 infinitivo

279 3342 408 3374 initium
434 3343 731 3383 comprehensionis
752 3354 903 3379 mancum
921 3350 979 3381 est.
1025 3350 1069 3381 Ut
1090 3350 1123 3382 δὲ
1140 3359 1198 3391 pro
1213 3362 1246 3384 τε
1258 3351 1331 3393 jure

282 3389 451 3423 substituit
477 3391 629 3432 Fossius,
655 3392 744 3424 nulla
777 3395 912 3426 mutatae
934 3396 1100 3436 particulae
1129 3397 1250 3431 reddita
1278 3409 1332 3431 ra·

277 3438 366 3469 tione
388 3446 396 3466 :
415 3438 459 3470 ita
480 3439 498 3470 ὁ
520 3438 560 3470 ad
577 3439 676 3480 λέγων
703 3441 930 3481 apponendum
948 3451 1020 3475 esse
1051 3443 1166 3484 injuria
1187 3447 1330 3486 negavit,

278 3484 482 3527 participium
507 3485 588 3518 illud
613 3485 738 3528 adjecto
759 3489 866 3521 nescio
882 3498 948 3530 quo
974 3492 1164 3531 pronomine
1185 3492 1329 3526 dicendo

1405 921 1683 963 interpretandum
1714 930 1784 955 esse
1814 924 1915 955 ratus.
1958 925 1997 956 In
2026 924 2139 957 eadem
2168 926 2390 961 enuntiatione
2417 928 2469 962 di·

1406 970 1587 1003 stinctionis
1615 969 1793 1011 virgulam,
1821 970 2097 1011 quemadmodum
2123 971 2192 1005 fieri
2216 976 2367 1015 oportet,
2394 978 2469 1016 post

1405 1019 1503 1059 λέγων
1517 1020 1550 1050 et
1565 1018 1695 1058 signum
1710 1017 1969 1059 interrogationis
1987 1024 2058 1061 post
2077 1020 2219 1060 ἐννοήσει
2237 1021 2357 1062 posuit.
2400 1024 2469 1056 Cte-

1406 1068 1510 1097 terum
1536 1064 1622 1097 idern
1649 1064 1697 1096 vir
1713 1064 1830 1097 doctus
1856 1066 1889 1098 in
1912 1065 2021 1098 verbis
2044 1067 2071 1099 et
2087 1067 2121 1100 δὲ
2143 1068 2198 1101 καὶ
2217 1067 2286 1110 εῑη,
2305 1068 2418 1111 φησίν,
2434 1068 2468 1103 ἐν’

1403 1112 1527 1145 πλείοσι
1550 1113 1606 1145 καὶ
1622 1112 1735 1145 ταύτόν
1750 1113 1911 1154 posterius
1926 1114 1980 1146 καὶ
1999 1118 2084 1147 recte
2102 1116 2199 1148 vertit
2214 1118 2249 1149 et
2267 1135 2310 1144 -
2325 1117 2468 1160 quedem

1403 1161 1502 1201 atque
1523 1160 1555 1192 iu
1585 1160 1699 1192 eadem
1727 1159 1863 1202 periodo
1891 1160 2063 1193 formulam
2081 1162 2112 1194 ἐν
2138 1166 2184 1204 τῷ
2205 1163 2292 1205 αὐτῷ
2315 1173 2391 1198 una
2411 1165 2467 1199 -vei

1403 1207 1595 1247 conjuncti.
1642 1207 1727 1240 Plat.
1749 1207 1860 1240 Pliaed.
1882 1217 1914 1249 p.
1938 1210 1979 1241 79
1996 1211 2042 1241 E:
2057 1209 2182 1242 ἐπειδὰν
2195 1211 2227 1243 ἐν
2240 1214 2288 1252 τῷ
2302 1211 2390 1253 αὐτῷ
2402 1212 2466 1246 ὦσι

1403 1255 1490 1296 ψυχὴ
1506 1255 1559 1287 καὶ
1573 1258 1681 1296 σῶμα.
1727 1256 1903 1296 Sequentia
1921 1255 1965 1288 ita
1981 1256 2138 1297 mutavit,
2152 1259 2190 1290 ut
2205 1257 2361 1291 scriberet
2374 1258 2419 1292 ἔτι
2434 1259 2467 1293 ἓν

1403 1303 1440 1334 ἂν
1449 1305 1586 1335 τοιοῦτοι
1598 1327 1607 1342 ,
1626 1303 1653 1335 εἰ
1671 1302 1753 1342 ἦσαν
1765 1328 1774 1345 ,
1790 1302 1858 1335 ἀλλ’
1875 1303 1912 1335 οὐ
1937 1303 1992 1336 δύο
2009 1304 2089 1342 εἶεν,
2112 1313 2188 1345 quae
2204 1305 2283 1338 mini
2298 1314 2364 1338 non
2382 1307 2466 1339 arri-

1404 1348 1490 1381 dent.
1537 1351 1642 1382 lmmo
1658 1349 1784 1390 corrige
1807 1359 1815 1381 :
1837 1349 1883 1382 ἔτι
1898 1350 1926 1382 εἰ
1945 1350 1976 1382 ἐν
1992 1354 2038 1393 τῷ
2054 1350 2141 1393 αὐτῷ
2155 1351 2265 1391 εἴησαν
2275 1377 2286 1394 ,
2300 1351 2349 1396 ἆρ’
2361 1353 2467 1387 οὐκᾶν

1403 1397 1458 1428 δύο
1469 1397 1530 1429 εἷεν
1544 1397 1564 1436 ἢ
1582 1397 1725 1438 πλείους;

1448 1446 1495 1477 14.
1513 1445 1652 1486 φαίνεται
1667 1445 1700 1477 δὲ
1723 1444 1789 1477 οὐδ’
1804 1444 1898 1480 αὐτὸς
1914 1444 2001 1487 αὐτῷ
2017 1445 2112 1487 ὅμοια
2127 1447 2351 1489 αἰσθανόμενος
2368 1449 2400 1481 ἐν
2418 1451 2466 1490 τῷ

1403 1490 1488 1530 αὐτῷ
1502 1491 1606 1532 χρόνῳ
1617 1516 1626 1531 ,
1648 1491 1715 1523 ἀλλ’
1725 1491 1814 1533 ἔτερα
1829 1495 1868 1533 τῇ
1886 1491 1967 1533 ἀκοῇ
1990 1493 2044 1536 καὶ
2066 1497 2105 1534 τῇ
2121 1493 2193 1535 ὄψει
2203 1519 2213 1536 ,
2227 1496 2282 1527 καὶ
2296 1499 2351 1528 νῦν
2359 1507 2395 1528 τε
2409 1497 2464 1529 καὶ

1403 1537 1499 1570 πάλαι
1517 1538 1683 1580 διαφόρως.
1729 1540 1814 1571 ὥστε
1833 1540 1934 1582 σχολῇ
1957 1541 2041 1581 ἄλλῳ
2059 1544 2121 1573 πᾶν
2134 1542 2231 1574 ταύτὸ
2250 1542 2391 1576 αῐσθοιτὸ
2405 1555 2463 1580 τις.

1402 1586 1452 1616 lta
1478 1585 1657 1618 Bekkerus.
1702 1588 1744 1618 At
1762 1587 1921 1619 sententia
1940 1596 1997 1628 pro
2021 1588 2087 1620 οὐδ’
2111 1588 2203 1625 αὐτὸς
2220 1588 2380 1623 desiderat
2397 1590 2464 1623 οὐδ’

1402 1633 1419 1664 ό
1439 1632 1548 1673 αὐτὸς,
1568 1633 1655 1674 quod
1678 1633 1809 1666 Fossius
1837 1634 1979 1676 recepit,
2005 1635 2122 1668 deinde
2144 1638 2216 1677 post
2240 1636 2394 1679 διαφόρως
2411 1647 2463 1672 re·

1401 1681 1486 1714 etius
1503 1682 1633 1722 ponitur
1644 1682 1725 1723 μέση
1736 1683 1852 1724 στιγμή
1862 1706 1871 1722 ,
1883 1684 1921 1715 ut
1932 1684 2138 1716 enuntiatum
2150 1693 2252 1725 usque
2267 1684 2308 1717 ad
2318 1685 2460 1719 αἰσθοιτό

1399 1739 1446 1766 τις
1466 1729 1635 1769 pertineat.
1680 1729 1830 1770 Denique
1846 1738 1949 1770 quum
1979 1729 2010 1762 id
2030 1730 2120 1772 quod
2141 1730 2175 1763 in
2206 1732 2372 1766 veteribus
2392 1734 2468 1768 odis

1400 1776 1544 1809 tionibus
1564 1777 1678 1818 legitur
1692 1778 1776 1809 ὥστε
1791 1778 1910 1819 σχολὴν
1924 1778 2000 1810 ἄλλο
2015 1781 2078 1810 πᾶν
2097 1787 2191 1819 aeque
2205 1779 2354 1821 ineptum
2369 1782 2413 1815 sit
2423 1790 2464 1816 ac

1402 1824 1571 1864 Lipsiensis
1588 1824 1663 1857 libri
1675 1825 1838 1866 scriptura
1858 1826 1940 1858 ὥστε
1954 1826 2069 1868 σχολὴ.
2113 1827 2200 1859 ᾰὶλω
2222 1830 2299 1867 πᾶν,
2318 1837 2385 1861 non
2400 1830 2463 1861 dn-

1400 1871 1576 1904 bitavimus
1591 1872 1754 1914 Sylburgii
1780 1872 2003 1914 conjecturam
2033 1874 2117 1906 ὥστε
2151 1875 2254 1916 σχολῇ
2269 1876 2356 1918 ἄλλῳ
2376 1879 2462 1919 πᾶν,

1401 1929 1499 1960 quam
1520 1930 1561 1953 ne
1579 1922 1833 1954 commemorato
1853 1921 1986 1962 quidem
2005 1924 2139 1955 auctore
2162 1922 2332 1958 Bekkerus
2348 1925 2463 1958 verbo-

1400 1978 1471 2000 rum
1490 1968 1594 2000 ordini
1613 1968 1826 2010 interposuit,
1840 1969 1967 2001 calculo
1981 1971 2094 2002 nostro
2107 1971 2333 2012 comprobare.
2357 1975 2460 2014 Aper-

1399 2018 1468 2048 tum
1493 2017 1541 2048 est
1555 2017 1736 2048 extremam
1757 2016 1927 2048 sententiae
1944 2019 2069 2058 partem
2092 2017 2155 2050 hoc
2179 2018 2362 2059 significare
2385 2029 2395 2053 ε
2418 2022 2462 2054 ut

1399 2066 1458 2097 vix
1475 2066 1665 2106 quisquam
1681 2071 1827 2104 prorsus
1840 2063 1933 2096 idem
1946 2066 2055 2106 atque
2073 2063 2170 2098 alius
2188 2067 2333 2100 sentiat.

1443 2115 1494 2145 18.
1522 2112 1622 2148 οὕτως
1650 2111 1709 2144 οὐκ
1728 2112 1831 2151 ἔστιν,
1853 2111 1885 2143 ἓν
1907 2112 1975 2144 ἐστι
2006 2112 2172 2152 γνωστόν,
2193 2113 2293 2152 οὐδεὶς
2322 2115 2362 2148 ἂν
2385 2115 2462 2149 αὐτὸ

1398 2161 1494 2201 ἑτέρῳ
1511 2160 1683 2198 δηλώσειεν
1694 2183 1704 2199 ,
1719 2159 1773 2191 διά
1785 2169 1818 2191 τε
1832 2159 1868 2192 τὸ
1883 2160 1925 2200 μὴ
1939 2160 2018 2192 εἶναι
2039 2160 2080 2192 τὰ
2096 2161 2266 2203 πράγματα
2277 2162 2393 2204 λεκτά,
2406 2165 2460 2196 καὶ

1397 2208 1446 2240 ὅτι
1464 2208 1563 2244 οὐδεὶς
1589 2208 1695 2249 ἕτερον
1714 2207 1810 2249 ἑτέρῳ
1827 2206 1940 2239 ταύτὸν
1958 2207 2066 2240 ἐννοεῖ.
2111 2209 2166 2241 Sic
2186 2208 2322 2242 Bekkeri
2341 2210 2460 2253 editio,

1397 2264 1415 2287 a
1431 2264 1494 2296 qua
1518 2255 1551 2287 in
1568 2264 1606 2287 eo
1626 2254 1833 2296 potissimum
1847 2253 2095 2288 casauboniana
2112 2254 2222 2289 differt
2233 2279 2244 2296 ‚
2257 2257 2346 2298 quod
2358 2258 2391 2290 in
2408 2258 2462 2292 itta

1397 2302 1559 2335 omittitur
1581 2303 1676 2344 ἑτέρῳ
1701 2304 1777 2334 ante
1799 2302 1990 2342 δηλώσειεν,
2016 2301 2104 2342 quod
2131 2304 2241 2336 tamen
2259 2303 2293 2336 in
2323 2305 2461 2339 Paciana

1396 2351 1514 2382 exstat.
1561 2351 1719 2382 Praeterea
1735 2349 1947 2381 Casaubonus
1961 2353 1993 2381 et
2012 2349 2129 2382 Pacius
2147 2349 2268 2383 habent
2285 2351 2383 2385 ταύτό
2401 2361 2460 2394 pro

1395 2397 1519 2430 ταύτόν.
1565 2399 1636 2430 Non
1657 2396 1796 2429 multum
1816 2395 1859 2428 al)
1882 2396 1932 2428 liis
1953 2395 2088 2429 dissidet
2100 2397 2201 2430 codex
2217 2398 2390 2440 Lipsiensis
2401 2401 2459 2442 qui

1396 2445 1495 2482 οὕτως
1519 2444 1578 2477 οὐκ
1597 2444 1682 2477 ἔστιν
1698 2444 1799 2477 ἔνεστι
1814 2442 1958 2485 γνωστόν
1974 2452 2012 2476 ac
2027 2443 2145 2478 deinde
2163 2445 2205 2478 τὰ
2218 2445 2388 2489 πράγματα
2406 2447 2459 2481 λό·

1395 2503 1469 2532 γους
1486 2492 1565 2534 (pro
1577 2490 1697 2532 λεκτὰ)
1713 2491 1858 2524 exhibet.
1904 2492 2036 2524 Fossius
2057 2491 2220 2532 duplicem
2236 2495 2459 2534 coniecturam

1397 2541 1581 2582 proposuit,
1598 2549 1736 2582 quarum
1767 2540 1868 2572 altera
1887 2543 1935 2572 est
1951 2539 2051 2577 οὕτως
2068 2539 2130 2572 οὐκ
2145 2540 2231 2573 ἐστιν
2255 2541 2343 2575 οὐδέν
2355 2552 2364 2560 ·
2387 2544 2415 2576 εἰ
2429 2542 2459 2576 δ’

1396 2588 1480 2620 ἔστιν
1491 2612 1500 2627 ,
1522 2588 1698 2629 ἄγνωστον,
1716 2587 1742 2620 εἰ
1760 2587 1794 2619 δὲ
1809 2585 1951 2626 γνωστόν
1961 2611 1971 2627 ,
1986 2586 2085 2624 οὐδεὶς
2098 2598 2131 2619 κ.
2156 2599 2186 2620 τ.
2202 2596 2245 2627 A„
2263 2589 2362 2622 altera
2377 2598 2460 2631 pau·

1397 2637 1540 2669 cioribus
1563 2635 1852 2676 comprehenditur
1867 2634 1973 2667 verbis
1989 2643 1998 2664 ε
2014 2635 2114 2672 οὕτως
2130 2635 2189 2668 οὐκ
2207 2636 2275 2668 ἐστὶ
2295 2637 2361 2676 (sic)
2374 2648 2458 2677 γνω·

1396 2683 1490 2724 στόν,
1506 2684 1533 2716 εἰ
1553 2683 1581 2716 δ’
1606 2683 1691 2715 ἐστίν
1702 2707 1713 2724 ,
1730 2682 1830 2719 οὐδεὶς
1851 2682 1889 2714 ἂν
1902 2681 1980 2714 αὐτὸ
1998 2682 2093 2724 ἑτέρῳ
2107 2682 2277 2721 δηλώσειεν
2295 2683 2347 2716 διά
2364 2695 2403 2717 ,τε
2420 2684 2459 2717 τὸ

1396 2732 1439 2772 μὴ
1462 2731 1594 2764 εἶναιτὰ
1606 2730 1777 2772 πράγματα
1794 2729 1924 2770 λόγους,
1941 2729 1995 2761 καὶ
2010 2729 2058 2761 ὅτι
2072 2729 2170 2766 οὐδεὶς
2189 2730 2284 2772 ἑτέρῳ
2305 2730 2402 2764 ταύτὸ
2415 2731 2460 2764 ἐν·

1394 2782 1471 2811 νοεῖ.
1515 2778 1610 2816 Quod
1627 2778 1673 2810 ait
1697 2777 1730 2810 in
1754 2776 1863 2809 verbis
1881 2776 2038 2809 extremis
2062 2776 2117 2808 καὶ
2141 2776 2188 2809 ότι
2209 2777 2309 2814 οὐδεὶς
2325 2788 2357 2810 κ.
2374 2789 2404 2810 τ.
2424 2777 2456 2811 λ.

1395 2826 1476 2858 illud
1493 2826 1589 2869 ἑτέρῳ
1602 2833 1672 2858 esse
1685 2834 1703 2858 e
1717 2827 1806 2857 certa
1820 2824 1932 2857 Meieri
1949 2824 2136 2866 conjectura
2147 2847 2159 2865 ,
2177 2825 2258 2857 satis
2271 2824 2381 2857 mirari
2400 2833 2457 2859 ne-

1396 2883 1499 2915 queo,
1517 2882 1619 2915 quum
1638 2873 1710 2904 lraec
1724 2881 1789 2904 vox
1806 2872 1838 2904 in
1851 2872 2003 2904 omnihus
2019 2871 2108 2903 libris
2120 2875 2153 2903 et
2172 2871 2301 2912 scriptis
2315 2873 2349 2904 et
2363 2871 2459 2906 editis

1396 2923 1594 2962 compareat.
1651 2920 1857 2960 Quapropter
1893 2918 2043 2951 existimo
2078 2918 2235 2951 Meierum
2271 2919 2458 2959 proecedeus

1395 2968 1590 3002 vocabulum
1624 2967 1746 3008 ἕτερον,
1770 2975 1836 3008 quo
1871 2967 1911 2998 ad
1946 2965 2113 2998 sententiae
2146 2965 2362 3006 integritatem
2383 2975 2455 3000 -non

1397 3026 1529 3058 egemus
1543 3040 1553 3058 ‚
1572 3015 1789 3048 omittendum
1810 3014 1984 3047 censuisse.
2029 3014 2124 3047 Prior
2139 3013 2195 3046 illa
2210 3014 2351 3055 suspicio
2366 3014 2455 3056 inge·

1397 3065 1488 3097 niosa
1508 3064 1640 3105 quidem
1659 3064 1728 3102 est,
1751 3061 1806 3095 sed
1824 3062 1920 3103 paulo
1938 3061 2034 3094 latius
2056 3061 2144 3101 patet
2159 3070 2258 3102 quam
2282 3061 2379 3102 liujus
2391 3061 2455 3095 loci

1393 3114 1476 3146 ratio
1492 3113 1564 3145 fert.
1611 3111 1775 3145 Posterior
1799 3110 1930 3152 propius
1946 3110 1987 3142 ad
2011 3109 2192 3142 litterarum
2210 3109 2331 3142 ductus
2346 3113 2402 3151 qui
2420 3110 2455 3143 in

1394 3160 1562 3194 codicibus
1581 3159 1784 3200 reperiuntur
1796 3157 1970 3191 accedit-et
1986 3158 2161 3191 verborum
2178 3158 2340 3200 paucitate
2353 3159 2456 3201 magis

1394 3208 1652 3242 commendatur.
1697 3210 1737 3240 At
1756 3207 1790 3240 in
1803 3206 1907 3248 primo
1920 3206 2024 3239 inciso
2036 3206 2127 3239 deest
2149 3210 2258 3238 tamen
2274 3206 2364 3240 οὐδέν
2380 3209 2454 3248 post

1393 3256 1560 3300 γνωστόν,
1582 3264 1649 3297 quo
1668 3255 1721 3288 liic
1749 3263 1836 3295 oegre
1862 3263 1985 3287 careas.
2033 3257 2147 3295 ltaque
2178 3255 2239 3287 lroc
2265 3254 2454 3295 pronomine

1393 3304 1521 3344 adjecto
1540 3303 1665 3344 reliqua
1683 3302 1848 3345 quomodo
1865 3311 1885 3335 a
1905 3302 2014 3337 Fossio
2031 3302 2202 3334 emendata
2229 3305 2307 3334 sunt
2325 3310 2454 3335 conser-

1395 3351 1483 3383 vavi.
1529 3351 1588 3384 Est
1602 3350 1699 3391 igitur
1720 3349 1896 3383 verborum
1914 3358 2051 3383 sensus:
2071 3362 2088 3378 α
2102 3351 2146 3382 ita
2166 3349 2235 3381 fieri
2252 3357 2317 3381 non
2331 3351 2452 3390 potest,

1395 3403 1431 3432 ut
1453 3398 1633 3440 quidquam
1658 3399 1884 3439 cognoscatur,
1905 3398 1956 3430 sin
1976 3400 2084 3430 autem
2107 3399 2229 3438 potest,
2246 3405 2342 3429 nemo
2360 3397 2452 3430 alteri

1394 3447 1424 3479 id
1446 3445 1677 3485 declaraverit,
1704 3445 1782 3486 quia
1812 3454 1863 3478 res
1891 3454 1954 3478 non
1982 3448 2058 3478 sunt
2088 3445 2189 3478 verba
2208 3445 2241 3477 et
2260 3444 2338 3486 quia
2355 3453 2453 3478 nemo

1393 3494 1479 3527 idem
1495 3494 1583 3536 quod
1603 3494 1684 3527 alter
1702 3494 1810 3526 anirno
1823 3497 1954 3534 cogitat.
1969 3507 1990 3523 a
