2612 3814
468 271 543 338 Γ.
595 268 707 329 EK
756 265 919 328 ΤΟΥ
972 263 1167 326 ΠΕΡΙ
1221 258 1461 323 ΖΩΩΝ
1514 252 2231 322 ΣΥΓΓΡΑΜΜΑΤΟΣ.

591 492 1027 555 FRAGMENTA
1075 485 1455 549 LIBRORUM
1502 483 1598 541 DE
1651 480 2121 541 ANIMALIBUS.

332 764 360 791 ι.
384 749 488 801 Λέγει
516 747 735 799 Δημόκριτος
772 746 839 782 τῶν
871 742 968 788 ζώων
996 741 1098 792 μόνον
1121 738 1179 778 τὸν
1199 737 1325 776 λέοντα

274 799 551 858 ἐκπεπταμένως
582 804 759 844 τίκτεσθαι
777 804 847 844 τοῖς
867 802 1074 854 ὀφθαλμοῖς,
1095 798 1165 845 ἤδη
1197 796 1324 849 τρόπον

274 865 352 905 τινὰ
372 863 628 916 τεθυμωμένον,
653 862 713 901 καὶ
734 861 767 907 ἐξ
787 859 918 898 ὠδίνων
949 855 1155 911 δρασείοντοὶ
1171 870 1205 894 τι
1227 870 1326 905 μανι-

274 925 351 966 κόν.

412 983 562 1033 (AElian.
584 980 632 1019 de
655 979 813 1018 animal.
831 987 911 1016 nat.
937 977 1011 1015 lib.
1027 975 1058 1013 V
1078 988 1165 1027 cap.
1191 974 1270 1024 39.)

328 1057 356 1082 2.
379 1041 482 1093 Λέγει
503 1040 532 1079 δ’
555 1039 807 1092 Ἀριστοτέλης,
823 1037 882 1075 καὶ
902 1035 1121 1086 Δημόκριτος
1138 1032 1208 1086 πρὸ
1228 1031 1300 1071 ἐκεί
1308 1054 1326 1061 -

273 1117 347 1147 νου,
369 1097 593 1151 Θεόφραστός
613 1112 652 1136 τε
669 1099 708 1137 ἐκ
726 1095 852 1149 τρίτων
879 1094 939 1133 καὶ
963 1093 1063 1137 αὐτός
1083 1107 1181 1146 φησι,
1207 1090 1258 1143 μὴ
1278 1093 1327 1145 τῷ

275 1160 422 1211 ἁλμυρῷ
442 1158 543 1197 ὕδατι
562 1156 749 1211 τρέφεσθαι
768 1155 847 1198 τοὺς
880 1155 990 1206 ἰχθῦς,
1021 1151 1111 1191 ἀλλὰ
1137 1154 1188 1205 τῷ
1209 1166 1326 1204 παρα-

272 1218 423 1272 κειμένῳ
437 1221 480 1270 τῇ
496 1217 654 1269 Θαλάττῃ
668 1217 789 1267 γλυκεῖ
806 1215 919 1253 ὕδατι.

412 1278 564 1327 (AElian.
581 1277 628 1315 de
648 1275 808 1315 animal.
822 1283 902 1313 nat.
920 1272 989 1311 lib.
1011 1271 1064 1310 lX
1082 1285 1167 1324 cap.
1191 1271 1272 1320 64.)

331 1352 362 1379 a.
392 1337 497 1388 Λέγει
517 1334 737 1389 Δημόκριτος
758 1332 950 1385 πολύγονον
971 1323 1059 1369 εἶναι
1078 1324 1119 1368 ἷν
1137 1329 1198 1368 καὶ
1222 1328 1327 1379 κύνα,

276 1396 337 1435 καὶ
359 1395 422 1443 τὴν
442 1394 556 1434 αἰτίαν
576 1394 786 1447 προστίθησι
807 1391 932 1443 λέγων,
953 1389 1007 1428 ὅτι
1025 1387 1159 1433 πολλὰς
1179 1387 1253 1440 ἔχει
1269 1387 1330 1431 τὰς

280 1455 417 1507 μήτρας
436 1454 495 1493 καὶ
513 1452 591 1497 τοὺς
606 1452 732 1495 τόπους
751 1449 828 1495 τοὺς
845 1448 1020 1493 δεκτικοὺς
1035 1453 1095 1487 τοῦ
1116 1448 1329 1499 σπέρματος.

277 1514 321 1555 Ὁ
342 1514 455 1553 τοίνυν
476 1513 573 1566 θορὸς
592 1514 656 1552 οὐκ
676 1514 714 1550 ἐκ
736 1517 818 1562 μιᾶς
850 1512 959 1562 ὁρμῆς
989 1507 1130 1552 ἁπάσας
1150 1507 1259 1550 αὐτὰς
1276 1508 1331 1545 ἐκ·
1349 1520 1353 1525 ·

273 1575 425 1626 πληροῖ,
447 1571 538 1611 ἀλλὰ
559 1571 608 1616 δίς
630 1586 667 1610 τε
687 1570 748 1609 καὶ
761 1569 834 1622 τρὶς
852 1572 966 1607 ταῦτα
985 1567 1030 1607 τὰ
1052 1569 1123 1613 ζῶα
1152 1566 1330 1620 ἐπιθόρνυ·

275 1648 350 1681 ται,
370 1631 428 1670 ἵνα
457 1636 478 1679 ἡ
502 1630 664 1682 συνέχεια
698 1627 873 1682 πληρώσῃ
893 1627 937 1667 τὰ
955 1632 1016 1667 τοῦ
1035 1625 1137 1679 γόνου
1173 1626 1328 1666 δεκτικά.

277 1691 468 1743 εΗμιόνους
494 1690 530 1728 δὲ
552 1688 645 1741 λέγει
681 1688 730 1739 μὴ
747 1688 889 1736 τίκτειν,
916 1686 966 1738 μὴ
987 1687 1053 1739 γὰρ
1080 1686 1173 1739 ἔχειν
1207 1686 1332 1736 ὁμοίας

276 1750 414 1802 μήτρας
428 1754 500 1793 τοῖς
520 1748 638 1791 ἄλλοις
661 1746 772 1795 ζώοις,
787 1745 1038 1799 ἑτερομόρφους
1059 1745 1095 1784 δὲ
1126 1744 1257 1793 ἥκιστα
1278 1746 1334 1784 δυ-

278 1810 427 1858 ναμένας
444 1808 548 1860 γονὴν
570 1807 745 1852 δέξασθαι·
773 1805 822 1858 μὴ
844 1805 910 1858 γὰρ
931 1799 1019 1844 εἶναι
1039 1804 1174 1856 φύσεως
1192 1805 1331 1856 ποίημα

278 1868 341 1915 τὴν
361 1868 520 1919 ἡμίονον,
543 1866 636 1906 ἀλλὰ
671 1866 824 1910 ἐπινοίας
844 1865 1062 1918 ἀνθρωπίνης
1087 1865 1148 1904 καὶ
1179 1865 1332 1916 τόλμης,

274 1930 325 1972 ὡς
346 1926 387 1966 ἂν
411 1927 531 1972 εἴποις,
550 1926 723 1978 μοιχίδιον
740 1924 960 1977 ἐπιτέχνημα
977 1929 1077 1964 τοῦτο
1098 1924 1157 1964 καὶ
1174 1924 1330 1975 κλέμμα.

277 1988 387 2026 Δοκεῖ
404 1986 442 2025 δέ
456 2001 515 2036 μοι
535 1989 654 2033 τοῦτο,
675 1979 697 2032 ἦ
718 1985 749 2023 δ’
770 1983 819 2029 ὅς,
842 1986 905 2022 τοῦ
928 1983 1008 2022 ὄνου
1027 1981 1137 2022 ἵππον
1158 1982 1332 2036 βιασαμέ-

282 2061 338 2084 νου
362 2044 455 2084 κατὰ
487 2044 595 2097 τύχην
628 2046 771 2092 κυῆσαι,
804 2043 965 2092 μαθητὰς
992 2042 1029 2082 δὲ
1050 2041 1252 2096 ἀνθρώπους
1269 2046 1333 2090 τῆς

282 2103 361 2155 βίας
380 2104 511 2152 ταύτης
534 2102 786 2155 γεγενημένους
805 2096 881 2141 εἶτα
912 2101 1030 2152 μέντοι
1052 2103 1256 2154 προσελθεῖν
1275 2102 1333 2140 ἐπὶ

276 2162 343 2209 τὴν
365 2165 426 2209 τῆς
445 2164 547 2212 γονῆς
563 2163 676 2201 αὐτῶν
691 2162 891 2210 συνήθειαν.
917 2160 989 2200 Καὶ
1014 2159 1171 2212 μάλιστά
1200 2176 1239 2212 γε
1257 2159 1335 2203 τοὺς

278 2218 348 2254 τῶν
374 2215 515 2255 Λιὸύων
543 2215 639 2259 ὄνους
675 2214 859 2265 μεγίστους
891 2213 994 2258 ὄντας
1032 2212 1226 2252 ἐπιὸαίνειν
1255 2219 1334 2257 ταῖς

329 2371 356 2399 1.
383 2367 430 2399 Ex
448 2365 642 2398 animalibus
654 2366 760 2398 solum
777 2366 901 2398 leonem
913 2365 1006 2399 nasci·
1016 2366 1118 2398 oculis
1131 2365 1251 2407 apertis
1272 2367 1335 2397 De-

280 2425 438 2457 mocritus
448 2425 502 2465 ait,
520 2429 676 2466 tanquam
695 2425 804 2457 statim
823 2433 843 2457 a
859 2426 952 2466 partu
970 2424 1162 2457 iracundum
1182 2425 1214 2457 et
1230 2424 1338 2457 surore

284 2485 440 2526 percitum
458 2483 577 2525 aliquid
596 2484 818 2518 meditantem.

328 2547 358 2575 2.
379 2542 566 2575 Aristoteles
578 2544 611 2575 et
624 2543 699 2575 ante
718 2543 806 2576 hunc
831 2543 1032 2576 Democritus
1047 2544 1080 2576 et
1103 2543 1217 2576 tertius
1232 2544 1338 2576 Theo-

284 2601 437 2642 phrastus
449 2599 526 2633 dicit
547 2609 612 2633 nou
624 2609 706 2642 aqua
722 2601 817 2641 salsa,
834 2601 892 2634 sed
908 2601 1006 2641 dulci,
1025 2610 1098 2643 quae
1111 2601 1206 2642 juxta
1221 2601 1338 2634 salsam

288 2655 474 2697 reperiatur,
495 2655 598 2696 pisces
615 2655 684 2697 (qui
702 2665 790 2690 mare
800 2657 958 2697 incolunt)
979 2657 1032 2689 ali.

331 2718 362 2747 3.
377 2715 445 2746 Cur
464 2722 520 2746 sus
538 2717 570 2746 et
588 2714 677 2747 canis
698 2715 763 2747 sint
774 2717 839 2747 tam
857 2715 1016 2756 fecundae,
1036 2715 1244 2749 Democritus
1262 2725 1338 2749 cau-

285 2781 358 2805 sam
386 2772 499 2813 affert,
519 2772 605 2813 quod
635 2773 846 2814 multiplicem
871 2775 999 2806 vulvam
1028 2777 1060 2807 et
1092 2776 1224 2808 seminis
1250 2776 1342 2808 sedes

287 2831 479 2871 receptrices
505 2832 625 2864 multas
648 2832 797 2864 habeant.
825 2835 887 2865 Eas
915 2842 1030 2866 omncs
1055 2843 1164 2867 semen
1191 2844 1255 2867 nou
1276 2844 1342 2867 uno

290 2890 371 2922 initu
385 2890 504 2931 explet,
517 2890 574 2923 sed
589 2890 707 2923 itcrum
718 2893 751 2923 et
769 2892 888 2932 saepius
909 2901 957 2926 eac
982 2893 1197 2934 seminantur,
1215 2896 1253 2926 ut
1275 2894 1339 2927 frc-

288 2950 426 2991 queutia
435 2949 568 2982 seminis
587 2950 788 2991 receptacula
813 2950 1018 2991 impleantur.
1039 2953 1146 2985 Mulas
1171 2954 1257 2986 idem
1275 2963 1339 2986 non

290 3017 402 3049 parere
413 3008 470 3049 ait,
485 3017 590 3049 neque
609 3007 698 3042 *enim
721 3009 842 3042 similes
854 3010 924 3043 aliis
938 3011 1051 3043 vulvas
1072 3012 1266 3045 animalibus
1288 3014 1345 3046 lia-

292 3067 379 3108 bere,
393 3067 450 3100 sed
473 3067 576 3099 forma
600 3067 742 3101 diversas
769 3068 900 3101 minime
922 3070 1089 3111 concipere
1106 3080 1218 3112 posse3
1240 3081 1346 3113 neque

291 3127 379 3159 enim
393 3127 498 3159 mulas
515 3134 583 3161 esse
600 3131 724 3160 naturae
740 3136 841 3169 opus,
858 3128 914 3162 sed
929 3129 1080 3162 numanae
1095 3131 1343 3165 machinationis

289 3185 518 3227 audaciaeque,
541 3188 578 3219 ut
600 3187 644 3219 ita
663 3187 768 3219 dicam
783 3211 792 3227 ,
814 3187 1030 3221 adulterinum
1047 3189 1213 3223 inventum
1230 3193 1263 3224 et
1282 3192 1346 3224 fur-

292 3246 376 3276 tum.
392 3244 503 3277 Videri
525 3247 637 3278 autem
650 3246 710 3278 sibi
721 3246 766 3278 ait
786 3247 868 3279 sorte
881 3247 1049 3288 accidisse,
1068 3251 1103 3281 ut
1115 3259 1216 3290 quum
1236 3251 1348 3284 asinus

293 3303 361 3336 vim
395 3312 488 3345 equae
516 3304 689 3344 intulisset,
723 3305 792 3338 baec
820 3306 953 3347 gravida
982 3307 1170 3340 redderetur
1195 3311 1293 3350 atque
1312 3313 1350 3343 ut

296 3367 406 3403 postea
426 3363 572 3396 homines
593 3364 691 3405 hujus
714 3364 876 3398 violentiae
899 3366 1046 3408 discipuli
1063 3367 1138 3400 facti
1155 3367 1187 3400 in
1212 3378 1348 3402 consue-

295 3421 439 3454 tudinem
458 3422 647 3464 procreandi
667 3422 737 3456 hoec
755 3423 900 3464 jumenta
923 3425 1171 3459 adducerentur.
1187 3429 1348 3469 Imprimis

298 3480 431 3522 Libynm
453 3482 533 3514 asini
563 3482 695 3515 maximi
713 3491 812 3524 equas
838 3493 901 3516 non
929 3487 1073 3518 comatas
1102 3488 1347 3529 superveniunt,

1384 734 1521 782 ἵπποις,
1539 733 1577 772 οὖ
1588 730 1781 782 κομώσαις,
1797 728 1888 769 ἀλλὰ
1905 729 2154 783 κεκαρμέναις.
2173 729 2359 784 'lizenum
2375 729 2444 784 γὰρ

1386 793 1448 842 τὴν
1466 794 1593 839 ἑαυτῆς
1614 787 1763 842 ἀγλαΐαν
1777 789 1841 836 τὴν
1858 788 1916 827 διὰ
1931 792 1994 837 τ’ἧς
2006 789 2120 841 κόμης
2143 791 2207 828 οὐκ
2226 789 2268 828 ἂν
2289 791 2444 842 ὑπομεῖ-

1385 869 1443 892 ναι
1462 852 1520 891 τὸν
1540 849 1675 890 τοιόνδε
1701 847 1855 901 γαμετὸν
1875 848 1906 886 οἱ
1927 846 2028 902 σοφοὶ
2055 846 2134 892 τοὺς
2152 847 2286 887 τούτων
2305 848 2442 901 γάμους

1387 910 1506 965 φασίν.

1522 969 1683 1019 (AElian,
1703 968 1751 1006 de
1775 967 1935 1007 animal.
1954 976 2033 1008 nat.
2058 966 2131 1007 lib.
2154 965 2230 1005 xli
2246 980 2333 1019 cap.
2361 968 2443 1019 16.)

1441 1043 1472 1078 ⁴,
1496 1028 1559 1068 Ἐν
1580 1033 1651 1072 τοῖς
1663 1027 1787 1070 νοτίοις
1807 1027 1941 1076 μᾶλλον
1962 1025 2007 1064 τὰ
2027 1024 2165 1079 {pepon
2176 1024 2359 1066 ἐκπίπτειν
2377 1029 2446 1074 Δη·

1393 1088 1556 1142 μόκριτος
1578 1087 1686 1139 λέγει,
1705 1087 1727 1133 ἢ
1747 1088 1780 1125 ἐν
1806 1091 1877 1129 τοῖς
1896 1084 2053 1138 βορείοις.
2085 1083 2156 1124 Καὶ
2176 1084 2338 1130 εἰκότως·
2355 1100 2445 1139 χαυ·

1390 1151 1532 1188 νοῦσθαι
1558 1147 1626 1200 γὰρ
1643 1146 1712 1185 ὑπὸ
1738 1149 1798 1184 τοῦ
1823 1145 1923 1184 νότου
1952 1143 1997 1184 τὰ
2012 1143 2164 1195 σώματα
2184 1146 2262 1189 ταῖς
2281 1145 2447 1190 κυούσαις
2474 1133 2484 1149 ”

1389 1208 1451 1247 καὶ
1472 1204 1685 1254 διίστασθαι,
1712 1204 1774 1244 ἅτε
1795 1204 1909 1244 τοίνυν
1927 1207 1991 1243 τοῦ
2016 1202 2164 1251 σκήνους
2191 1204 2446 1257 διακεχυμένου

1390 1269 1450 1306 καὶ
1467 1268 1533 1319 οὐχ
1552 1264 1775 1319 ἡρμοσμένου
1796 1266 2000 1303 πλανᾶσθαι
2015 1263 2077 1302 καὶ
2103 1262 2149 1301 τὰ
2166 1261 2358 1314 κυούμενα,
2386 1264 2448 1301 καὶ

1392 1325 1650 1380 θερμαινόμενα
1672 1326 1770 1376 δεῦρο
1791 1323 1851 1363 καὶ
1871 1323 1985 1362 ἐκεῖσε
2002 1321 2245 1362 διολισθαίνειν
2266 1321 2327 1361 καὶ
2347 1321 2447 1361 exnt-

1391 1401 1489 1424 πτειν
1515 1387 1610 1439 ῥᾷον.
1639 1384 1683 1423 Εἰ
1716 1383 1751 1421 δὲ
1783 1382 1835 1429 εἴη
1852 1382 1964 1435 πάγος
1989 1381 2050 1421 καὶ
2081 1382 2209 1435 βορῤᾶς
2229 1381 2446 1429 καταπνέοι,

1392 1444 1605 1495 συμπέπηγε
1626 1442 1688 1493 μὲν
1709 1441 1749 1479 τὸ
1762 1440 1932 1493 ἔμὸρυον,
1961 1441 2164 1487 δυσκίνητον
2184 1439 2222 1478 δέ
2239 1441 2315 1478 ἔστι
2334 1441 2395 1479 καὶ
2406 1441 2445 1479 οὗ

1391 1503 1604 1557 ταράττεται
1621 1504 1666 1544 ὡς
1681 1500 1749 1539 ὑπὸ
1763 1500 1949 1544 κλύδωνος·
1970 1499 2031 1538 ἅτε
2057 1498 2117 1538 καὶ
2137 1498 2309 1538 ἄκλυστον
2333 1499 2395 1537 καὶ
2413 1501 2448 1539 ἐν

1392 1562 1528 1614 γαλήνῃ
1548 1561 1585 1600 ὂν
1611 1559 1762 1615 ἔῤῥωταί
1782 1575 1820 1597 τε
1845 1558 1906 1597 καὶ
1929 1557 2088 1598 σύντονον
2121 1558 2182 1596 καὶ
2202 1556 2343 1612 διαρκὲς
2363 1558 2450 1611 πρὸς

1392 1622 1451 1661 τὸν
1470 1620 1562 1660 κατὰ
1578 1619 1679 1674 φύσιν
1693 1618 1818 1671 χρόνον
1835 1620 1897 1664 τῆς
1914 1616 2111 1669 ζωογονίας.
2121 1615 2261 1655 Οὐκοῦν
2275 1617 2311 1655 ἐν
2322 1617 2448 1670 κρυμῷ

1395 1680 1457 1731 μέν
1478 1695 1582 1734 φησιν
1602 1681 1619 1717 ὁ
1642 1677 1849 1730 Ἀὅδηρίτης
1871 1676 2078 1728 συμμένειν,
2107 1677 2143 1715 ἐν
2170 1674 2259 1730 ἀλέᾳ
2278 1673 2315 1716 δὲ
2341 1678 2391 1722 ὣς
2404 1676 2450 1716 τὰ

1394 1738 1510 1778 πολλὰ
1528 1737 1756 1778 ἐκπτύεσθαι.
1774 1737 1946 1790 Ἀνάγκην
1963 1735 1999 1777 δὲ
2019 1729 2110 1776 εἶναι
2129 1736 2223 1788 λέγει
2238 1739 2302 1785 τῆς
2322 1735 2450 1789 θέρμης

1393 1797 1650 1844 πλεοναζούσης
1667 1793 1867 1836 διίστασθαι
1888 1796 1950 1835 καὶ
1965 1796 2027 1841 τὰς
2041 1795 2172 1849 φλέὸας
2188 1795 2250 1834 καὶ
2265 1795 2312 1836 τὰ
2328 1795 2452 1850 ἄρθρα.

1528 1857 1698 1908 (AElian.
1717 1857 1766 1895 de
1788 1856 1947 1896 animal.
1971 1864 2050 1897 nat.
2078 1855 2153 1896 lib.
2175 1849 2249 1894 xl'l
2275 1869 2361 1909 cap.
2379 1870 2450 1906 pq,

1476 1918 1525 1957 de
1541 1917 1778 1968 abortibus.)

1451 1991 1481 2016 5.
1503 1977 1630 2017 Αἷτίαν
1650 1976 1687 2015 δὲ
1707 1979 1725 2015 ὁ
1745 1974 1848 2020 αὐτὸς
1867 1973 1961 2028 λέγει
1988 1980 2060 2019 τοῖς
2075 1974 2214 2030 ἐλάφοις
2226 1977 2289 2024 τῆς
2305 1977 2375 2015 τῶν
2391 1990 2452 2014 κι-

1399 2036 1512 2089 ράτων
1535 2035 1737 2089 ἀναφύσεως
1768 2034 1903 2082 ἐκείνην
1922 2028 2024 2074 εἶναι.
2047 2033 2097 2074 Ἥ
2122 2033 2260 2088 γαστὴρ
2274 2034 2391 2079 αὐτοῖς
2406 2035 2452 2078 ὥς

1397 2096 1472 2135 ἔστι
1489 2095 1705 2149 θερμοτάτη,
1737 2095 1920 2146 ὁμολογεῖ,
1954 2093 2015 2132 καὶ
2037 2093 2098 2137 τὰς
2124 2093 2255 2146 φλέὸας
2269 2092 2306 2136 δὲ
2335 2094 2452 2133 αὗτῶν

1398 2154 1459 2199 τὰς
1480 2156 1536 2193 διὰ
1569 2157 1630 2192 τοῦ
1666 2153 1828 2205 σώματος
1852 2152 2051 2206 πεφυκυίας
2082 2151 2213 2196 παντὸς
2241 2151 2454 2204 ἀραιοτάτας

1397 2213 1512 2264 λέγει,
1537 2212 1596 2251 καὶ
1626 2212 1666 2251 τὸ
1684 2212 1803 2251 ὀστέον
1821 2211 1859 2250 τὸ
1880 2210 2088 2264 κατειληφὸς
2107 2210 2165 2249 τὸν
2186 2211 2379 2264 ἐγκέφαλον
2394 2212 2453 2250 λε·

1397 2364 1453 2397 sed
1469 2369 1589 2396 tonsas.
1613 2365 1724 2405 Neque
1742 2363 1827 2395 enim
1849 2362 1905 2395 lias
1926 2371 2029 2395 comae
2050 2363 2242 2394 ornamento
2269 2360 2456 2402 superbien-

1400 2427 1449 2458 tes
1465 2425 1580 2457 liarum
1596 2434 1702 2457 rerum
1722 2424 1814 2465 periti
1829 2424 1922 2464 aiunt
1935 2423 2095 2464 ejusmodi
2115 2422 2248 2455 maritos
2265 2421 2343 2463 pati.

1443 2488 1474 2518 4.
1489 2487 1527 2518 In
1545 2485 1697 2518 austrinis
1717 2484 1819 2525 magis
1833 2493 1930 2525 quam
1949 2483 2257 2525 septentrionalibus
2272 2482 2456 2524 regionibus

1401 2546 1511 2586 partus
1524 2544 1671 2577 excidere
1686 2544 1730 2576 ait
1747 2544 1961 2576 Democritus.
1980 2543 2082 2584 Cujus
2097 2543 2140 2575 rei
2158 2542 2242 2575 lianc
2258 2541 2456 2584 probabilem

1400 2604 1497 2637 affert
1518 2612 1662 2643 causam,
1693 2603 1768 2644 qnia
1799 2605 1946 2634 ventrem
1978 2600 2154 2634 ferentibus
2181 2608 2318 2640 corpora
2344 2600 2456 2632 austro

1402 2663 1552 2696 laxentur
1568 2664 1600 2695 et
1618 2662 1844 2694 resolvantur:
1864 2661 1984 2693 idcirco
2004 2668 2139 2700 corpore
2165 2658 2301 2692 dilatato
2318 2661 2351 2691 et
2373 2657 2459 2691 male
2476 2694 2480 2695 ⁷

1402 2723 1572 2763 compacto
1595 2723 1707 2762 partus
1723 2729 1829 2753 errare
1848 2725 1880 2752 et
1912 2719 2039 2760 vagari,
2065 2717 2262 2759 eosdemque
2288 2716 2459 2750 calefactos

1404 2780 1468 2811 nuc
1485 2781 1517 2812 et
1546 2779 1622 2811 iiiuc
1649 2779 1747 2811 dilabi
1771 2781 1804 2811 et
1831 2778 1956 2810 facinus
1971 2776 2130 2809 excidere.
2157 2762 2281 2808 'contra
2307 2777 2334 2808 si
2361 2775 2458 2808 naute

1405 2839 1501 2871 borea
1517 2838 1600 2870 aeris
1617 2837 1786 2878 temperies
1802 2837 1912 2877 frigida
1926 2836 1981 2875 sit,
2003 2836 2100 2868 soetus
2116 2835 2231 2876 frigore
2243 2833 2402 2874 contrahi,
2416 2834 2460 2866 ita

1405 2900 1441 2929 ut
1457 2905 1522 2929 non
1540 2896 1633 2929 facile
1650 2896 1728 2928 locis
1753 2895 1822 2928 suis
1845 2897 2037 2927 moveantur
2065 2902 2170 2935 neque
2186 2893 2251 2925 ulla
2270 2894 2461 2934 tempestate

1405 2956 1590 2996 turbentur,
1619 2955 1772 2996 quoniam
1801 2954 1908 2986 omnis
1937 2953 2086 2994 procellae
2102 2954 2248 2993 expertes
2267 2960 2461 2993 summaque

1406 3015 1548 3048 fruentes
1568 3013 1799 3055 tranquillitate
1813 3013 1894 3045 bene
1914 3013 2041 3044 valeant
2057 3013 2089 3044 et
2105 3011 2247 3043 roborati
2265 3010 2307 3042 ad
2318 3010 2461 3052 pariendi

1405 3075 1535 3114 tempus
1553 3074 1698 3106 anatura
1719 3072 1933 3105 constitutum
1948 3071 2066 3103 durare
2083 3071 2218 3111 possint.
2239 3070 2462 3108 Quamobrem

1407 3133 1440 3165 in
1459 3133 1574 3174 frigore
1586 3131 1631 3165 ait
1645 3131 1797 3164 Abderita
1822 3131 1920 3163 soetus
1938 3138 2080 3169 manere,
2105 3129 2212 3161 calore
2244 3129 2460 3169 utplurimum

1407 3191 1564 3225 excidero.
1577 3192 1649 3223 Hoc
1660 3190 1747 3223 enim
1760 3192 1931 3231 superante
1943 3188 2123 3221 necessario
2137 3188 2204 3220 lieri
2217 3187 2308 3228 dicit,
2322 3190 2358 3220 ut
2371 3195 2463 3220 venae

1410 3251 1529 3292 pariter
1540 3252 1638 3292 atque
1653 3251 1742 3282 artus
1758 3249 1918 3282 fatiscant.

1451 3314 1481 3342 5.
1501 3312 1641 3343 Causam
1664 3319 1722 3341 cur
1741 3308 1846 3341 cervis
1866 3316 1986 3340 cornua
2008 3309 2219 3339 renascantur
2235 3305 2320 3338 idem
2342 3306 2462 3338 Demo—

1409 3358 1510 3390 critus
1533 3358 1617 3390 lianc
1639 3366 1709 3389 esse
1725 3356 1881 3398 perbibet.
1904 3357 2055 3387 Ventrem
2082 3355 2121 3386 iis
2138 3353 2370 3386 calidissimum
2396 3361 2465 3384 esse

1409 3404 1558 3437 concedit
1574 3405 1607 3436 et
1623 3412 1735 3436 eorum
1761 3411 1860 3434 venas
1882 3410 1938 3442 per
1961 3402 2149 3433 universum
2164 3410 2283 3442 corpus
2303 3401 2462 3440 pertinen-

1409 3449 1458 3480 tes
1471 3457 1542 3480 esse
1559 3448 1740 3480 rarissimas
1756 3447 1853 3486 dicit,
1879 3448 1912 3478 et
1934 3455 1970 3478 os
1990 3446 2077 3486 quod
2103 3445 2272 3477 cerebrum
2296 3444 2464 3484 amplecti-

1411 3493 1462 3523 tur
1475 3492 1671 3525 membranae
1684 3491 1783 3524 instar
1795 3490 2022 3524 tenuissimum
2038 3492 2070 3522 et
2084 3498 2240 3531 perquam
2256 3497 2362 3520 rarum
2381 3495 2464 3525 esse,

1337 3555 1412 3591 366
