<?xml version="1.0" encoding="UTF-8"?>
<!DOCTYPE html PUBLIC "-//W3C//DTD XHTML 1.0 Transitional//EN"
    "http://www.w3.org/TR/xhtml1/DTD/xhtml1-transitional.dtd">
<html xmlns="http://www.w3.org/1999/xhtml" xml:lang="en" lang="en">
 <head>
  <title>
</title>
<meta http-equiv="Content-Type" content="text/html;charset=utf-8" />
  <meta name='ocr-system' content='tesseract 3.04.00' />
  <meta name='ocr-capabilities' content='ocr_page ocr_carea ocr_par ocr_line ocrx_word'/>
</head>
<body>
  <div class='ocr_page' id='page_1' title='image "./fragmentaphiloso01mulluoft_0326.png"; bbox 0 0 2612 3814; ppageno 0'>
   <div class='ocr_carea' id='block_1_1' title="bbox 281 226 354 260">
    <p class='ocr_par' dir='ltr' id='par_1_1' title="bbox 281 226 354 260">
     <span class='ocr_line' id='line_1_1' title="bbox 281 226 354 260; baseline -0.11 0"><span class='ocrx_word' id='word_1_1' title='bbox 281 226 354 260; x_wconf 60' lang='lat'>2³6³</span> 
     </span>
    </p>
   </div>
   <div class='ocr_carea' id='block_1_2' title="bbox 1092 215 1613 256">
    <p class='ocr_par' dir='ltr' id='par_1_2' title="bbox 1092 215 1613 256">
     <span class='ocr_line' id='line_1_2' title="bbox 1092 215 1613 256; baseline -0.002 -1"><span class='ocrx_word' id='word_1_2' title='bbox 1092 216 1426 256; x_wconf 81' lang='lat' dir='ltr'>ARlSTOTELlS</span> <span class='ocrx_word' id='word_1_3' title='bbox 1462 215 1613 255; x_wconf 75' lang='lat' dir='ltr'>Lim-:R</span> 
     </span>
    </p>
   </div>
   <div class='ocr_carea' id='block_1_3' title="bbox 290 302 2464 358">
    <p class='ocr_par' dir='ltr' id='par_1_3' title="bbox 290 302 2464 358">
     <span class='ocr_line' id='line_1_3' title="bbox 290 302 2464 358; baseline 0.001 -13"><span class='ocrx_word' id='word_1_4' title='bbox 290 306 377 358; x_wconf 83' lang='grc' dir='ltr'>μασί</span> <span class='ocrx_word' id='word_1_5' title='bbox 397 321 434 344; x_wconf 75' lang='grc' dir='ltr'>τε</span> <span class='ocrx_word' id='word_1_6' title='bbox 461 305 521 344; x_wconf 87' lang='grc' dir='ltr'>καὶ</span> <span class='ocrx_word' id='word_1_7' title='bbox 547 303 695 352; x_wconf 78' lang='grc' dir='ltr'>πλήθεσι</span> <span class='ocrx_word' id='word_1_8' title='bbox 729 303 791 342; x_wconf 81' lang='grc' dir='ltr'>καὶ</span> <span class='ocrx_word' id='word_1_9' title='bbox 819 302 995 355; x_wconf 82' lang='grc' dir='ltr'>ὀλιγότητι</span> <span class='ocrx_word' id='word_1_10' title='bbox 1019 302 1079 344; x_wconf 78' lang='grc' dir='ltr'>καὶ</span> <span class='ocrx_word' id='word_1_11' title='bbox 1109 306 1160 358; x_wconf 80' lang='grc' dir='ltr'>τῷ</span> <span class='ocrx_word' id='word_1_12' title='bbox 1186 302 1295 354; x_wconf 78' lang='grc' dir='ltr'>μανὸν</span> <span class='ocrx_word' id='word_1_13' title='bbox 1315 302 1338 351; x_wconf 76' lang='grc' dir='ltr'>ἢ</span> <span class='ocrx_word' id='word_1_14' title='bbox 1399 302 1434 348; x_wconf 70' lang='grc' dir='ltr'>ἐξ</span> <span class='ocrx_word' id='word_1_15' title='bbox 1454 302 1550 347; x_wconf 81' lang='grc' dir='ltr'>ὄντος</span> <span class='ocrx_word' id='word_1_16' title='bbox 1568 302 1623 342; x_wconf 79' lang='grc' dir='ltr'>ἀεὶ</span> <span class='ocrx_word' id='word_1_17' title='bbox 1640 304 1687 347; x_wconf 79' lang='grc' dir='ltr'>εἰς</span> <span class='ocrx_word' id='word_1_18' title='bbox 1701 302 1739 342; x_wconf 84' lang='grc' dir='ltr'>ὂν</span> <span class='ocrx_word' id='word_1_19' title='bbox 1761 303 2046 355; x_wconf 75' lang='grc' dir='ltr'>μεταὸἄλλοντος</span> <span class='ocrx_word' id='word_1_20' title='bbox 2063 307 2141 350; x_wconf 80' lang='grc' dir='ltr'>ταῖς</span> <span class='ocrx_word' id='word_1_21' title='bbox 2161 306 2361 358; x_wconf 78' lang='grc' dir='ltr'>εἰρημέναις</span> <span class='ocrx_word' id='word_1_22' title='bbox 2377 309 2464 349; x_wconf 83' lang='grc' dir='ltr'>δια-</span> 
     </span>
    </p>
   </div>
   <div class='ocr_carea' id='block_1_4' title="bbox 233 361 1341 651">
    <p class='ocr_par' dir='ltr' id='par_1_4' title="bbox 233 361 1341 651">
     <span class='ocr_line' id='line_1_4' title="bbox 284 361 1341 418; baseline -0.005 -12"><span class='ocrx_word' id='word_1_23' title='bbox 284 364 412 406; x_wconf 70' lang='grc' dir='ltr'>πυκνὸν</span> <span class='ocrx_word' id='word_1_24' title='bbox 428 364 608 418; x_wconf 82' lang='grc' dir='ltr'>γίγνεσθαι</span> <span class='ocrx_word' id='word_1_25' title='bbox 625 361 741 403; x_wconf 75' lang='grc' dir='ltr'>πολλὰ</span> <span class='ocrx_word' id='word_1_26' title='bbox 762 362 822 402; x_wconf 80' lang='grc' dir='ltr'>καὶ</span> <span class='ocrx_word' id='word_1_27' title='bbox 843 363 971 415; x_wconf 82' lang='grc' dir='ltr'>ἄπειρα</span> <span class='ocrx_word' id='word_1_28' title='bbox 989 361 1074 401; x_wconf 80' lang='grc' dir='ltr'>ὄντα</span> <span class='ocrx_word' id='word_1_29' title='bbox 1093 378 1132 401; x_wconf 86' lang='grc' dir='ltr'>τε</span> <span class='ocrx_word' id='word_1_30' title='bbox 1146 362 1206 400; x_wconf 80' lang='grc' dir='ltr'>καὶ</span> <span class='ocrx_word' id='word_1_31' title='bbox 1224 361 1341 413; x_wconf 84' lang='grc' dir='ltr'>γιγνό-</span> 
     </span>
     <span class='ocr_line' id='line_1_5' title="bbox 286 419 1339 476; baseline -0.004 -13"><span class='ocrx_word' id='word_1_32' title='bbox 286 440 374 473; x_wconf 86' lang='grc' dir='ltr'>μενα</span> <span class='ocrx_word' id='word_1_33' title='bbox 393 423 667 476; x_wconf 80' lang='grc' dir='ltr'>ἀπεργάζεσθαι,</span> <span class='ocrx_word' id='word_1_34' title='bbox 686 421 792 461; x_wconf 81' lang='grc' dir='ltr'>ταύτὸ</span> <span class='ocrx_word' id='word_1_35' title='bbox 811 420 863 462; x_wconf 86' lang='grc' dir='ltr'>ὅν.</span> <span class='ocrx_word' id='word_1_36' title='bbox 923 423 1024 468; x_wconf 82' lang='grc' dir='ltr'><strong>Φησὶ</strong></span> <span class='ocrx_word' id='word_1_37' title='bbox 1045 421 1080 461; x_wconf 76' lang='grc' dir='ltr'>δὲ</span> <span class='ocrx_word' id='word_1_38' title='bbox 1096 420 1154 459; x_wconf 79' lang='grc' dir='ltr'>καὶ</span> <span class='ocrx_word' id='word_1_39' title='bbox 1175 423 1192 460; x_wconf 84' lang='grc' dir='ltr'><strong>ὁ</strong></span> <span class='ocrx_word' id='word_1_40' title='bbox 1208 419 1339 471; x_wconf 83' lang='grc' dir='ltr'>Δημό-</span> 
     </span>
     <span class='ocr_line' id='line_1_6' title="bbox 289 479 1338 534; baseline -0.002 -15"><span class='ocrx_word' id='word_1_41' title='bbox 289 496 402 534; x_wconf 71' lang='grc' dir='ltr'>κριτος</span> <span class='ocrx_word' id='word_1_42' title='bbox 414 481 453 521; x_wconf 81' lang='grc' dir='ltr'>τὸ</span> <span class='ocrx_word' id='word_1_43' title='bbox 470 481 562 534; x_wconf 83' lang='grc' dir='ltr'>ὕδωρ</span> <span class='ocrx_word' id='word_1_44' title='bbox 578 496 615 520; x_wconf 84' lang='grc' dir='ltr'>τε</span> <span class='ocrx_word' id='word_1_45' title='bbox 635 480 694 520; x_wconf 78' lang='grc' dir='ltr'>καὶ</span> <span class='ocrx_word' id='word_1_46' title='bbox 713 480 772 519; x_wconf 82' lang='grc' dir='ltr'>τὸν</span> <span class='ocrx_word' id='word_1_47' title='bbox 787 479 873 534; x_wconf 82' lang='grc' dir='ltr'>ἀέρα</span> <span class='ocrx_word' id='word_1_48' title='bbox 884 479 1032 520; x_wconf 77' lang='grc' dir='ltr'>ἕκαστόν</span> <span class='ocrx_word' id='word_1_49' title='bbox 1047 496 1084 520; x_wconf 88' lang='grc' dir='ltr'>τε</span> <span class='ocrx_word' id='word_1_50' title='bbox 1104 482 1174 519; x_wconf 82' lang='grc' dir='ltr'>τῶν</span> <span class='ocrx_word' id='word_1_51' title='bbox 1186 480 1338 526; x_wconf 78' lang='grc' dir='ltr'>πολλῶν,</span> 
     </span>
     <span class='ocr_line' id='line_1_7' title="bbox 286 538 1337 595; baseline -0.006 -13"><span class='ocrx_word' id='word_1_52' title='bbox 286 542 390 582; x_wconf 84' lang='grc' dir='ltr'>ταύτὸ</span> <span class='ocrx_word' id='word_1_53' title='bbox 405 540 458 590; x_wconf 81' lang='grc' dir='ltr'>ὄν,</span> <span class='ocrx_word' id='word_1_54' title='bbox 480 542 604 595; x_wconf 81' lang='grc' dir='ltr'>ῥυσμῷ</span> <span class='ocrx_word' id='word_1_55' title='bbox 617 571 628 590; x_wconf 88' lang='grc'>,</span> <span class='ocrx_word' id='word_1_56' title='bbox 651 540 790 593; x_wconf 79' lang='grc' dir='ltr'>διαθιγῇ</span> <span class='ocrx_word' id='word_1_57' title='bbox 814 539 874 579; x_wconf 84' lang='grc' dir='ltr'>καὶ</span> <span class='ocrx_word' id='word_1_58' title='bbox 891 542 1004 592; x_wconf 81' lang='grc' dir='ltr'>τροπῇ</span> <span class='ocrx_word' id='word_1_59' title='bbox 1026 538 1203 593; x_wconf 77' lang='grc' dir='ltr'>διαφέρειν</span> <span class='ocrx_word' id='word_1_60' title='bbox 1217 551 1226 561; x_wconf 88' lang='lat'><strong>·</strong></span> <span class='ocrx_word' id='word_1_61' title='bbox 1242 538 1276 576; x_wconf 85' lang='grc' dir='ltr'>τί</span> <span class='ocrx_word' id='word_1_62' title='bbox 1294 538 1337 585; x_wconf 80' lang='grc' dir='ltr'>δὴ</span> 
     </span>
     <span class='ocr_line' id='line_1_8' title="bbox 233 598 1339 651; baseline -0.005 -10"><span class='ocrx_word' id='word_1_63' title='bbox 233 619 268 645; x_wconf 76' lang='lat' dir='ltr'>ao</span> <span class='ocrx_word' id='word_1_64' title='bbox 288 601 414 641; x_wconf 79' lang='grc' dir='ltr'>κωλύει</span> <span class='ocrx_word' id='word_1_65' title='bbox 433 602 493 640; x_wconf 73' lang='grc' dir='ltr'>καὶ</span> <span class='ocrx_word' id='word_1_66' title='bbox 516 601 623 644; x_wconf 76' lang='grc' dir='ltr'>οὕτως</span> <span class='ocrx_word' id='word_1_67' title='bbox 642 598 686 638; x_wconf 78' lang='grc' dir='ltr'>τὰ</span> <span class='ocrx_word' id='word_1_68' title='bbox 705 598 818 638; x_wconf 86' lang='grc' dir='ltr'>πολλὰ</span> <span class='ocrx_word' id='word_1_69' title='bbox 836 598 1088 651; x_wconf 72' lang='grc' dir='ltr'>γίγνεσθαικαὶ</span> <span class='ocrx_word' id='word_1_70' title='bbox 1106 598 1339 646; x_wconf 80' lang='grc' dir='ltr'>ἀπόλλυσθαι,</span> 
     </span>
    </p>
   </div>
   <div class='ocr_carea' id='block_1_5' title="bbox 1398 361 2461 593">
    <p class='ocr_par' dir='ltr' id='par_1_5' title="bbox 1398 361 2461 593">
     <span class='ocr_line' id='line_1_9' title="bbox 1399 361 2461 416; baseline 0.008 -17"><span class='ocrx_word' id='word_1_71' title='bbox 1399 367 1521 416; x_wconf 80' lang='grc' dir='ltr'>φοραῖς</span> <span class='ocrx_word' id='word_1_72' title='bbox 1538 365 1600 401; x_wconf 75' lang='grc' dir='ltr'>τοῦ</span> <span class='ocrx_word' id='word_1_73' title='bbox 1624 361 1721 410; x_wconf 79' lang='grc' dir='ltr'>ἑνός,</span> <span class='ocrx_word' id='word_1_74' title='bbox 1749 363 1809 403; x_wconf 85' lang='grc' dir='ltr'>καὶ</span> <span class='ocrx_word' id='word_1_75' title='bbox 1830 363 1927 404; x_wconf 79' lang='grc' dir='ltr'>οὐδὲν</span> <span class='ocrx_word' id='word_1_76' title='bbox 1946 364 2027 404; x_wconf 85' lang='grc' dir='ltr'>οὔτε</span> <span class='ocrx_word' id='word_1_77' title='bbox 2053 363 2199 410; x_wconf 72' lang='grc' dir='ltr'>πλέονος</span> <span class='ocrx_word' id='word_1_78' title='bbox 2220 365 2297 406; x_wconf 78' lang='grc' dir='ltr'>οὔτε</span> <span class='ocrx_word' id='word_1_79' title='bbox 2316 366 2461 407; x_wconf 63' lang='lat' dir='ltr'>notm-</span> 
     </span>
     <span class='ocr_line' id='line_1_10' title="bbox 1398 419 2461 478; baseline 0.008 -20"><span class='ocrx_word' id='word_1_80' title='bbox 1398 436 1454 465; x_wconf 86' lang='grc' dir='ltr'>νος</span> <span class='ocrx_word' id='word_1_81' title='bbox 1473 419 1677 472; x_wconf 78' lang='grc' dir='ltr'>γιγνομένου</span> <span class='ocrx_word' id='word_1_82' title='bbox 1704 425 1767 461; x_wconf 74' lang='grc' dir='ltr'>τοῦ</span> <span class='ocrx_word' id='word_1_83' title='bbox 1787 421 1895 475; x_wconf 70' lang='grc' dir='ltr'>ὅλους</span> <span class='ocrx_word' id='word_1_84' title='bbox 1916 422 1970 462; x_wconf 79' lang='grc' dir='ltr'>ἔτι</span> <span class='ocrx_word' id='word_1_85' title='bbox 1995 423 2030 462; x_wconf 81' lang='grc' dir='ltr'>τί</span> <span class='ocrx_word' id='word_1_86' title='bbox 2049 424 2178 463; x_wconf 77' lang='grc' dir='ltr'>κωλύει</span> <span class='ocrx_word' id='word_1_87' title='bbox 2205 425 2323 465; x_wconf 81' lang='grc' dir='ltr'>πολλὰ</span> <span class='ocrx_word' id='word_1_88' title='bbox 2343 425 2408 478; x_wconf 64' lang='grc' dir='ltr'>μὲν</span> <span class='ocrx_word' id='word_1_89' title='bbox 2424 425 2461 473; x_wconf 69' lang='grc' dir='ltr'>ἕξ</span> 
     </span>
     <span class='ocr_line' id='line_1_11' title="bbox 1399 477 2458 537; baseline 0.008 -20"><span class='ocrx_word' id='word_1_90' title='bbox 1399 478 1516 518; x_wconf 86' lang='grc' dir='ltr'>ἄλλων</span> <span class='ocrx_word' id='word_1_91' title='bbox 1526 477 1570 517; x_wconf 71' lang='grc' dir='ltr'>τὰ</span> <span class='ocrx_word' id='word_1_92' title='bbox 1583 477 1732 531; x_wconf 85' lang='grc' dir='ltr'>σώματα</span> <span class='ocrx_word' id='word_1_93' title='bbox 1744 480 1924 533; x_wconf 83' lang='grc' dir='ltr'>γίγνεσθαι</span> <span class='ocrx_word' id='word_1_94' title='bbox 1937 482 1998 522; x_wconf 81' lang='grc' dir='ltr'>καὶ</span> <span class='ocrx_word' id='word_1_95' title='bbox 2009 482 2215 523; x_wconf 81' lang='grc' dir='ltr'>διαλύεσθαι</span> <span class='ocrx_word' id='word_1_96' title='bbox 2230 486 2278 530; x_wconf 86' lang='grc' dir='ltr'>εἷς</span> <span class='ocrx_word' id='word_1_97' title='bbox 2292 484 2458 537; x_wconf 79' lang='grc' dir='ltr'>σώματα,</span> 
     </span>
     <span class='ocr_line' id='line_1_12' title="bbox 1398 536 2459 593; baseline 0.008 -18"><span class='ocrx_word' id='word_1_98' title='bbox 1398 536 1506 581; x_wconf 77' lang='grc' dir='ltr'>οὕτως</span> <span class='ocrx_word' id='word_1_99' title='bbox 1526 537 1563 576; x_wconf 77' lang='grc' dir='ltr'>δὲ</span> <span class='ocrx_word' id='word_1_100' title='bbox 1585 537 1800 589; x_wconf 80' lang='grc' dir='ltr'>διαλυόμενα</span> <span class='ocrx_word' id='word_1_101' title='bbox 1821 540 1883 579; x_wconf 82' lang='grc' dir='ltr'>καὶ</span> <span class='ocrx_word' id='word_1_102' title='bbox 1911 539 1972 580; x_wconf 82' lang='grc' dir='ltr'>ἴσα</span> <span class='ocrx_word' id='word_1_103' title='bbox 1991 539 2174 593; x_wconf 82' lang='grc' dir='ltr'>γίγνεσθαί</span> <span class='ocrx_word' id='word_1_104' title='bbox 2201 558 2240 582; x_wconf 90' lang='grc' dir='ltr'>τε</span> <span class='ocrx_word' id='word_1_105' title='bbox 2260 543 2321 582; x_wconf 79' lang='grc' dir='ltr'>καὶ</span> <span class='ocrx_word' id='word_1_106' title='bbox 2349 543 2459 585; x_wconf 64' lang='lat' dir='ltr'>dud).-</span> 
     </span>
    </p>
   </div>
   <div class='ocr_carea' id='block_1_6' title="bbox 1398 597 2516 672">
    <p class='ocr_par' dir='ltr' id='par_1_6' title="bbox 1398 597 2570 672">
     <span class='ocr_line' id='line_1_13' title="bbox 1398 597 2516 672; baseline 0.008 -36"><span class='ocrx_word' id='word_1_107' title='bbox 1398 599 1525 637; x_wconf 86' lang='grc' dir='ltr'>λυσθαι</span> <span class='ocrx_word' id='word_1_108' title='bbox 1545 597 1675 647; x_wconf 82' lang='grc' dir='ltr'>πάλιν;</span> <span class='ocrx_word' id='word_1_109' title='bbox 1695 599 1726 638; x_wconf 76' lang='grc' dir='ltr'>εἰ</span> <span class='ocrx_word' id='word_1_110' title='bbox 1743 598 1780 639; x_wconf 75' lang='grc' dir='ltr'>δὲ</span> <span class='ocrx_word' id='word_1_111' title='bbox 1800 599 1862 639; x_wconf 71' lang='grc' dir='ltr'>καὶ</span> <span class='ocrx_word' id='word_1_112' title='bbox 1882 600 2006 672; x_wconf 46' lang='grc' dir='ltr'>ταῦτά,</span> <span class='ocrx_word' id='word_1_113' title='bbox 2015 617 2066 646; x_wconf 83' lang='grc' dir='ltr'>τις</span> <span class='ocrx_word' id='word_1_114' title='bbox 2085 603 2287 656; x_wconf 81' lang='grc' dir='ltr'>συγχωροίη</span> <span class='ocrx_word' id='word_1_115' title='bbox 2299 634 2310 653; x_wconf 95' lang='grc'>,</span> <span class='ocrx_word' id='word_1_116' title='bbox 2328 604 2391 644; x_wconf 70' lang='grc' dir='ltr'>καὶ</span> <span class='ocrx_word' id='word_1_117' title='bbox 2405 603 2461 654; x_wconf 74' lang='grc' dir='ltr'>εἴη</span> <span class='ocrx_word' id='word_1_118' title='bbox 2479 619 2516 648; x_wconf 61' lang='lat' dir='ltr'>x</span> 
     </span>
    </p>
   </div>
   <div class='ocr_carea' id='block_1_7' title="bbox 284 681 2459 699">
    <p class='ocr_par' dir='ltr' id='par_1_7' title="bbox 284 681 2459 699">
     <span class='ocr_line' id='line_1_14' title="bbox 284 681 2459 699; baseline 0 3115"><span class='ocrx_word' id='word_1_119' title='bbox 284 681 2459 699; x_wconf 95' lang='lat' dir='ltr'> </span> 
     </span>
    </p>
   </div>
   <div class='ocr_carea' id='block_1_8' title="bbox 280 735 1339 3526">
    <p class='ocr_par' dir='ltr' id='par_1_8' title="bbox 281 735 1338 1148">
     <span class='ocr_line' id='line_1_15' title="bbox 283 735 1336 781; baseline -0.006 -9"><span class='ocrx_word' id='word_1_120' title='bbox 283 747 350 771; x_wconf 86' lang='lat' dir='ltr'>rem</span> <span class='ocrx_word' id='word_1_121' title='bbox 369 738 568 781; x_wconf 71' lang='lat' dir='ltr'><strong>parenthesin</strong></span> <span class='ocrx_word' id='word_1_122' title='bbox 584 739 625 774; x_wconf 74' lang='grc' dir='ltr'>ὡς</span> <span class='ocrx_word' id='word_1_123' title='bbox 647 736 700 768; x_wconf 79' lang='grc' dir='ltr'>καὶ</span> <span class='ocrx_word' id='word_1_124' title='bbox 719 736 737 768; x_wconf 81' lang='grc' dir='ltr'>ὁ</span> <span class='ocrx_word' id='word_1_125' title='bbox 755 735 1179 778; x_wconf 75' lang='grc' dir='ltr'>Ἀναξίμανδρος-ἠξιώκασι</span> <span class='ocrx_word' id='word_1_126' title='bbox 1205 735 1336 776; x_wconf 88' lang='lat' dir='ltr'>apparet</span> 
     </span>
     <span class='ocr_line' id='line_1_16' title="bbox 282 782 1336 819; baseline -0.003 0"><span class='ocrx_word' id='word_1_127' title='bbox 282 790 373 819; x_wconf 82' lang='grc' dir='ltr'>τοῦτο</span> <span class='ocrx_word' id='word_1_128' title='bbox 389 786 495 819; x_wconf 72' lang='lat' dir='ltr'>reterri</span> <span class='ocrx_word' id='word_1_129' title='bbox 513 785 552 818; x_wconf 84' lang='lat' dir='ltr'>ad</span> <span class='ocrx_word' id='word_1_130' title='bbox 569 789 630 818; x_wconf 80' lang='grc' dir='ltr'>πᾶν</span> <span class='ocrx_word' id='word_1_131' title='bbox 646 784 677 817; x_wconf 89' lang='lat' dir='ltr'>et</span> <span class='ocrx_word' id='word_1_132' title='bbox 695 786 872 817; x_wconf 84' lang='lat' dir='ltr'>memorata</span> <span class='ocrx_word' id='word_1_133' title='bbox 883 792 992 817; x_wconf 84' lang='lat' dir='ltr'>rerum</span> <span class='ocrx_word' id='word_1_134' title='bbox 1006 782 1039 815; x_wconf 91' lang='lat' dir='ltr'>in</span> <span class='ocrx_word' id='word_1_135' title='bbox 1056 783 1115 815; x_wconf 78' lang='lat' dir='ltr'>liac</span> <span class='ocrx_word' id='word_1_136' title='bbox 1126 782 1336 816; x_wconf 78' lang='lat' dir='ltr'>universitate</span> 
     </span>
     <span class='ocr_line' id='line_1_17' title="bbox 285 826 1336 872; baseline -0.004 -6"><span class='ocrx_word' id='word_1_137' title='bbox 285 834 480 866; x_wconf 87' lang='lat' dir='ltr'>nascentium</span> <span class='ocrx_word' id='word_1_138' title='bbox 516 831 721 864; x_wconf 81' lang='lat' dir='ltr'>multitudine</span> <span class='ocrx_word' id='word_1_139' title='bbox 759 834 857 872; x_wconf 85' lang='lat' dir='ltr'>atque</span> <span class='ocrx_word' id='word_1_140' title='bbox 890 830 1012 863; x_wconf 76' lang='lat' dir='ltr'>infinita</span> <span class='ocrx_word' id='word_1_141' title='bbox 1044 829 1137 872; x_wconf 87' lang='lat' dir='ltr'>copia</span> <span class='ocrx_word' id='word_1_142' title='bbox 1168 826 1336 871; x_wconf 82' lang='lat' dir='ltr'>periodum</span> 
     </span>
     <span class='ocr_line' id='line_1_18' title="bbox 283 877 1338 920; baseline -0.002 -8"><span class='ocrx_word' id='word_1_143' title='bbox 283 879 388 913; x_wconf 86' lang='lat' dir='ltr'>claudi</span> <span class='ocrx_word' id='word_1_144' title='bbox 411 880 449 912; x_wconf 81' lang='lat' dir='ltr'>iis</span> <span class='ocrx_word' id='word_1_145' title='bbox 468 879 585 919; x_wconf 80' lang='lat' dir='ltr'>verbis,</span> <span class='ocrx_word' id='word_1_146' title='bbox 616 887 690 920; x_wconf 81' lang='lat' dir='ltr'>quae</span> <span class='ocrx_word' id='word_1_147' title='bbox 721 879 828 911; x_wconf 86' lang='lat' dir='ltr'>tamen</span> <span class='ocrx_word' id='word_1_148' title='bbox 858 877 918 910; x_wconf 80' lang='lat' dir='ltr'>lioc</span> <span class='ocrx_word' id='word_1_149' title='bbox 941 887 1048 911; x_wconf 85' lang='lat' dir='ltr'>rerum</span> <span class='ocrx_word' id='word_1_150' title='bbox 1077 879 1202 911; x_wconf 73' lang='lat' dir='ltr'>naturae</span> <span class='ocrx_word' id='word_1_151' title='bbox 1221 887 1338 920; x_wconf 90' lang='lat' dir='ltr'>corpus</span> 
     </span>
     <span class='ocr_line' id='line_1_19' title="bbox 284 925 1338 968; baseline 0 -9"><span class='ocrx_word' id='word_1_152' title='bbox 284 936 338 968; x_wconf 84' lang='lat' dir='ltr'>per</span> <span class='ocrx_word' id='word_1_153' title='bbox 354 936 387 960; x_wconf 87' lang='lat' dir='ltr'>se</span> <span class='ocrx_word' id='word_1_154' title='bbox 401 936 501 959; x_wconf 89' lang='lat' dir='ltr'>unum</span> <span class='ocrx_word' id='word_1_155' title='bbox 516 928 549 960; x_wconf 89' lang='lat' dir='ltr'>et</span> <span class='ocrx_word' id='word_1_156' title='bbox 567 925 726 967; x_wconf 77' lang='lat' dir='ltr'><strong>aequabile</strong></span> <span class='ocrx_word' id='word_1_157' title='bbox 742 934 824 964; x_wconf 84' lang='lat' dir='ltr'>esse,</span> <span class='ocrx_word' id='word_1_158' title='bbox 839 925 925 967; x_wconf 86' lang='lat' dir='ltr'>quod</span> <span class='ocrx_word' id='word_1_159' title='bbox 940 925 1031 958; x_wconf 92' lang='lat' dir='ltr'>initio</span> <span class='ocrx_word' id='word_1_160' title='bbox 1049 925 1253 959; x_wconf 89' lang='lat' dir='ltr'>enuntiatum</span> <span class='ocrx_word' id='word_1_161' title='bbox 1267 927 1338 959; x_wconf 88' lang='lat' dir='ltr'>erat</span> 
     </span>
     <span class='ocr_line' id='line_1_20' title="bbox 283 971 1336 1015; baseline -0.002 -8"><span class='ocrx_word' id='word_1_162' title='bbox 283 974 334 1007; x_wconf 81' lang='lat' dir='ltr'>illa</span> <span class='ocrx_word' id='word_1_163' title='bbox 348 976 498 1015; x_wconf 80' lang='lat' dir='ltr'>junctura</span> <span class='ocrx_word' id='word_1_164' title='bbox 524 973 595 1015; x_wconf 74' lang='grc' dir='ltr'>μίαν</span> <span class='ocrx_word' id='word_1_165' title='bbox 610 973 680 1005; x_wconf 85' lang='grc' dir='ltr'>τινὰ</span> <span class='ocrx_word' id='word_1_166' title='bbox 701 971 799 1005; x_wconf 76' lang='grc' dir='ltr'>οὖσαν</span> <span class='ocrx_word' id='word_1_167' title='bbox 815 973 943 1015; x_wconf 77' lang='grc' dir='ltr'>μορφήν,</span> <span class='ocrx_word' id='word_1_168' title='bbox 964 972 1004 1005; x_wconf 91' lang='lat' dir='ltr'>ad</span> <span class='ocrx_word' id='word_1_169' title='bbox 1024 974 1125 1006; x_wconf 86' lang='lat' dir='ltr'>totam</span> <span class='ocrx_word' id='word_1_170' title='bbox 1145 973 1336 1006; x_wconf 82' lang='lat' dir='ltr'>sententiam</span> 
     </span>
     <span class='ocr_line' id='line_1_21' title="bbox 283 1019 1336 1063; baseline -0.003 -8"><span class='ocrx_word' id='word_1_171' title='bbox 283 1024 388 1055; x_wconf 88' lang='lat' dir='ltr'>mente</span> <span class='ocrx_word' id='word_1_172' title='bbox 407 1020 738 1063; x_wconf 79' lang='lat' dir='ltr'>comprehendendam</span> <span class='ocrx_word' id='word_1_173' title='bbox 769 1020 886 1053; x_wconf 89' lang='lat' dir='ltr'>iterum</span> <span class='ocrx_word' id='word_1_174' title='bbox 915 1020 1106 1061; x_wconf 80' lang='lat' dir='ltr'>significent.</span> <span class='ocrx_word' id='word_1_175' title='bbox 1151 1019 1244 1060; x_wconf 89' lang='lat' dir='ltr'>Quod</span> <span class='ocrx_word' id='word_1_176' title='bbox 1262 1020 1336 1052; x_wconf 90' lang='lat' dir='ltr'>reli·</span> 
     </span>
     <span class='ocr_line' id='line_1_22' title="bbox 281 1066 1335 1110; baseline -0.001 -10"><span class='ocrx_word' id='word_1_177' title='bbox 281 1077 380 1110; x_wconf 88' lang='lat' dir='ltr'>quum</span> <span class='ocrx_word' id='word_1_178' title='bbox 393 1070 452 1108; x_wconf 83' lang='lat' dir='ltr'>est,</span> <span class='ocrx_word' id='word_1_179' title='bbox 473 1067 632 1109; x_wconf 70' lang='lat' dir='ltr'>Sylburgii</span> <span class='ocrx_word' id='word_1_180' title='bbox 657 1067 841 1108; x_wconf 78' lang='lat' dir='ltr'>conjectura</span> <span class='ocrx_word' id='word_1_181' title='bbox 860 1067 1006 1108; x_wconf 79' lang='lat' dir='ltr'>sequenti</span> <span class='ocrx_word' id='word_1_182' title='bbox 1025 1067 1196 1100; x_wconf 89' lang='lat' dir='ltr'>enuntiato</span> <span class='ocrx_word' id='word_1_183' title='bbox 1215 1066 1335 1100; x_wconf 82' lang='lat' dir='ltr'>contir-</span> 
     </span>
     <span class='ocr_line' id='line_1_23' title="bbox 281 1115 517 1148; baseline 0 0"><span class='ocrx_word' id='word_1_184' title='bbox 281 1116 359 1148; x_wconf 83' lang='lat' dir='ltr'>mari</span> <span class='ocrx_word' id='word_1_185' title='bbox 380 1115 517 1148; x_wconf 83' lang='lat' dir='ltr'>videtur.</span> 
     </span>
    </p>

    <p class='ocr_par' dir='ltr' id='par_1_9' title="bbox 280 1161 1338 2438">
     <span class='ocr_line' id='line_1_24' title="bbox 324 1161 1337 1204; baseline -0.001 -9"><span class='ocrx_word' id='word_1_186' title='bbox 324 1166 375 1196; x_wconf 88' lang='lat'>29.</span> <span class='ocrx_word' id='word_1_187' title='bbox 399 1163 485 1201; x_wconf 80' lang='grc' dir='ltr'>Φησὶ</span> <span class='ocrx_word' id='word_1_188' title='bbox 503 1162 535 1195; x_wconf 83' lang='grc' dir='ltr'>δὲ</span> <span class='ocrx_word' id='word_1_189' title='bbox 549 1162 601 1194; x_wconf 86' lang='grc' dir='ltr'>καὶ</span> <span class='ocrx_word' id='word_1_190' title='bbox 617 1162 635 1194; x_wconf 77' lang='grc' dir='ltr'><strong>ὁ</strong></span> <span class='ocrx_word' id='word_1_191' title='bbox 648 1161 842 1204; x_wconf 80' lang='grc' dir='ltr'>Δημόκριτος</span> <span class='ocrx_word' id='word_1_192' title='bbox 854 1161 890 1194; x_wconf 89' lang='grc' dir='ltr'>τὸ</span> <span class='ocrx_word' id='word_1_193' title='bbox 901 1162 985 1203; x_wconf 76' lang='grc' dir='ltr'>ὕδωρ</span> <span class='ocrx_word' id='word_1_194' title='bbox 998 1173 1031 1194; x_wconf 86' lang='grc' dir='ltr'>τε</span> <span class='ocrx_word' id='word_1_195' title='bbox 1047 1161 1101 1194; x_wconf 82' lang='grc' dir='ltr'>καὶ</span> <span class='ocrx_word' id='word_1_196' title='bbox 1110 1161 1164 1194; x_wconf 86' lang='grc' dir='ltr'>τὸν</span> <span class='ocrx_word' id='word_1_197' title='bbox 1177 1161 1253 1204; x_wconf 81' lang='grc' dir='ltr'>ἀέρα</span> <span class='ocrx_word' id='word_1_198' title='bbox 1266 1162 1337 1194; x_wconf 82' lang='grc' dir='ltr'>ἔκα-</span> 
     </span>
     <span class='ocr_line' id='line_1_25' title="bbox 283 1209 1333 1252; baseline -0.003 -9"><span class='ocrx_word' id='word_1_199' title='bbox 283 1209 359 1243; x_wconf 86' lang='grc' dir='ltr'>στόν</span> <span class='ocrx_word' id='word_1_200' title='bbox 375 1220 408 1242; x_wconf 86' lang='grc' dir='ltr'>τε</span> <span class='ocrx_word' id='word_1_201' title='bbox 427 1211 489 1241; x_wconf 88' lang='grc' dir='ltr'>τῶν</span> <span class='ocrx_word' id='word_1_202' title='bbox 505 1210 639 1249; x_wconf 82' lang='grc' dir='ltr'>πολλῶν,</span> <span class='ocrx_word' id='word_1_203' title='bbox 659 1213 751 1242; x_wconf 82' lang='grc' dir='ltr'>τοῦτο</span> <span class='ocrx_word' id='word_1_204' title='bbox 762 1209 808 1250; x_wconf 84' lang='grc' dir='ltr'>ὃν,</span> <span class='ocrx_word' id='word_1_205' title='bbox 824 1209 931 1252; x_wconf 77' lang='grc' dir='ltr'>ῥυθμῷ</span> <span class='ocrx_word' id='word_1_206' title='bbox 946 1209 1109 1250; x_wconf 75' lang='grc' dir='ltr'>διαφέρειν.</span> <span class='ocrx_word' id='word_1_207' title='bbox 1154 1209 1193 1242; x_wconf 86' lang='grc' dir='ltr'>Τί</span> <span class='ocrx_word' id='word_1_208' title='bbox 1214 1209 1252 1248; x_wconf 82' lang='grc' dir='ltr'>δὴ</span> <span class='ocrx_word' id='word_1_209' title='bbox 1267 1221 1333 1241; x_wconf 85' lang='grc' dir='ltr'>κω-</span> 
     </span>
     <span class='ocr_line' id='line_1_26' title="bbox 280 1256 1336 1298; baseline -0.002 -9"><span class='ocrx_word' id='word_1_210' title='bbox 280 1258 346 1290; x_wconf 87' lang='grc' dir='ltr'>λύει</span> <span class='ocrx_word' id='word_1_211' title='bbox 365 1258 417 1289; x_wconf 89' lang='grc' dir='ltr'>καὶ</span> <span class='ocrx_word' id='word_1_212' title='bbox 437 1258 535 1294; x_wconf 74' lang='grc' dir='ltr'>οὕτως</span> <span class='ocrx_word' id='word_1_213' title='bbox 549 1256 589 1288; x_wconf 82' lang='grc' dir='ltr'>τὰ</span> <span class='ocrx_word' id='word_1_214' title='bbox 604 1257 704 1289; x_wconf 79' lang='grc' dir='ltr'>πολλὰ</span> <span class='ocrx_word' id='word_1_215' title='bbox 718 1256 878 1298; x_wconf 86' lang='grc' dir='ltr'>γίγνεσθαί</span> <span class='ocrx_word' id='word_1_216' title='bbox 891 1267 925 1288; x_wconf 82' lang='grc' dir='ltr'>τε</span> <span class='ocrx_word' id='word_1_217' title='bbox 944 1257 998 1288; x_wconf 87' lang='grc' dir='ltr'>καὶ</span> <span class='ocrx_word' id='word_1_218' title='bbox 1017 1256 1264 1296; x_wconf 80' lang='grc' dir='ltr'>ἀπὸλλυσθαι,ἐξ</span> <span class='ocrx_word' id='word_1_219' title='bbox 1284 1257 1336 1289; x_wconf 84' lang='grc' dir='ltr'>ὄν-</span> 
     </span>
     <span class='ocr_line' id='line_1_27' title="bbox 281 1303 1337 1346; baseline -0.001 -8"><span class='ocrx_word' id='word_1_220' title='bbox 281 1316 332 1342; x_wconf 82' lang='grc' dir='ltr'>τος</span> <span class='ocrx_word' id='word_1_221' title='bbox 349 1304 397 1337; x_wconf 79' lang='grc' dir='ltr'>ἀεὶ</span> <span class='ocrx_word' id='word_1_222' title='bbox 425 1305 454 1342; x_wconf 76' lang='grc' dir='ltr'>ἐς</span> <span class='ocrx_word' id='word_1_223' title='bbox 481 1305 515 1337; x_wconf 86' lang='grc' dir='ltr'>ὃν</span> <span class='ocrx_word' id='word_1_224' title='bbox 543 1303 786 1346; x_wconf 77' lang='grc' dir='ltr'>μεταὸάλλοντος</span> <span class='ocrx_word' id='word_1_225' title='bbox 812 1307 880 1341; x_wconf 84' lang='grc' dir='ltr'>ταῖς</span> <span class='ocrx_word' id='word_1_226' title='bbox 901 1305 1073 1346; x_wconf 79' lang='grc' dir='ltr'>εἰρημέναις</span> <span class='ocrx_word' id='word_1_227' title='bbox 1098 1305 1255 1346; x_wconf 74' lang='grc' dir='ltr'>διαφοραῖς</span> <span class='ocrx_word' id='word_1_228' title='bbox 1281 1308 1337 1337; x_wconf 79' lang='grc' dir='ltr'>τοῦ</span> 
     </span>
     <span class='ocr_line' id='line_1_28' title="bbox 281 1351 1336 1393; baseline -0.002 -7"><span class='ocrx_word' id='word_1_229' title='bbox 281 1354 347 1390; x_wconf 65' lang='grc' dir='ltr'>ἰνὸς</span> <span class='ocrx_word' id='word_1_230' title='bbox 367 1353 421 1386; x_wconf 82' lang='grc' dir='ltr'>καὶ</span> <span class='ocrx_word' id='word_1_231' title='bbox 449 1353 537 1386; x_wconf 80' lang='grc' dir='ltr'>οὐδὲν</span> <span class='ocrx_word' id='word_1_232' title='bbox 561 1353 632 1385; x_wconf 81' lang='grc' dir='ltr'>οὔτε</span> <span class='ocrx_word' id='word_1_233' title='bbox 659 1352 786 1388; x_wconf 78' lang='grc' dir='ltr'>πλέονος</span> <span class='ocrx_word' id='word_1_234' title='bbox 804 1351 876 1384; x_wconf 81' lang='grc' dir='ltr'>οὔτε</span> <span class='ocrx_word' id='word_1_235' title='bbox 895 1351 1055 1389; x_wconf 77' lang='grc' dir='ltr'>ἐλάττονος</span> <span class='ocrx_word' id='word_1_236' title='bbox 1081 1353 1265 1393; x_wconf 82' lang='grc' dir='ltr'>γιγνομένου</span> <span class='ocrx_word' id='word_1_237' title='bbox 1280 1356 1336 1385; x_wconf 83' lang='grc' dir='ltr'>τοῦ</span> 
     </span>
     <span class='ocr_line' id='line_1_29' title="bbox 281 1396 1336 1441; baseline -0.002 -7"><span class='ocrx_word' id='word_1_238' title='bbox 281 1396 367 1434; x_wconf 65' lang='grc' dir='ltr'>ὅλοῑυ.</span> <span class='ocrx_word' id='word_1_239' title='bbox 411 1402 447 1433; x_wconf 91' lang='lat' dir='ltr'>ln</span> <span class='ocrx_word' id='word_1_240' title='bbox 472 1400 521 1432; x_wconf 80' lang='lat' dir='ltr'>liis</span> <span class='ocrx_word' id='word_1_241' title='bbox 539 1408 666 1441; x_wconf 85' lang='lat' dir='ltr'>quoque</span> <span class='ocrx_word' id='word_1_242' title='bbox 686 1399 814 1439; x_wconf 89' lang='lat' dir='ltr'>verbis,</span> <span class='ocrx_word' id='word_1_243' title='bbox 843 1407 918 1440; x_wconf 79' lang='lat' dir='ltr'>quae</span> <span class='ocrx_word' id='word_1_244' title='bbox 941 1401 977 1431; x_wconf 90' lang='lat' dir='ltr'>ut</span> <span class='ocrx_word' id='word_1_245' title='bbox 995 1408 1014 1431; x_wconf 90' lang='lat' dir='ltr'>a</span> <span class='ocrx_word' id='word_1_246' title='bbox 1034 1399 1177 1432; x_wconf 85' lang='lat' dir='ltr'>Bekkero</span> <span class='ocrx_word' id='word_1_247' title='bbox 1203 1400 1336 1441; x_wconf 83' lang='lat' dir='ltr'>vulgata</span> 
     </span>
     <span class='ocr_line' id='line_1_30' title="bbox 281 1446 1337 1488; baseline 0 -7"><span class='ocrx_word' id='word_1_248' title='bbox 281 1449 358 1481; x_wconf 77' lang='lat' dir='ltr'>sunt</span> <span class='ocrx_word' id='word_1_249' title='bbox 377 1447 521 1488; x_wconf 81' lang='lat' dir='ltr'>ascripsi,</span> <span class='ocrx_word' id='word_1_250' title='bbox 553 1447 642 1488; x_wconf 83' lang='lat' dir='ltr'>plura</span> <span class='ocrx_word' id='word_1_251' title='bbox 661 1446 862 1479; x_wconf 87' lang='lat' dir='ltr'>librariorum</span> <span class='ocrx_word' id='word_1_252' title='bbox 884 1447 1035 1479; x_wconf 87' lang='lat' dir='ltr'>manibus</span> <span class='ocrx_word' id='word_1_253' title='bbox 1063 1447 1181 1480; x_wconf 87' lang='lat' dir='ltr'>menda</span> <span class='ocrx_word' id='word_1_254' title='bbox 1212 1447 1337 1481; x_wconf 88' lang='lat' dir='ltr'>insede-</span> 
     </span>
     <span class='ocr_line' id='line_1_31' title="bbox 282 1493 1335 1536; baseline -0.002 -8"><span class='ocrx_word' id='word_1_255' title='bbox 282 1498 369 1528; x_wconf 87' lang='lat' dir='ltr'>runt.</span> <span class='ocrx_word' id='word_1_256' title='bbox 414 1497 460 1527; x_wconf 82' lang='lat' dir='ltr'>Ac</span> <span class='ocrx_word' id='word_1_257' title='bbox 481 1494 617 1535; x_wconf 89' lang='lat' dir='ltr'>primum</span> <span class='ocrx_word' id='word_1_258' title='bbox 635 1493 764 1534; x_wconf 89' lang='lat' dir='ltr'>quidem</span> <span class='ocrx_word' id='word_1_259' title='bbox 781 1493 905 1534; x_wconf 83' lang='lat' dir='ltr'>egregia</span> <span class='ocrx_word' id='word_1_260' title='bbox 916 1497 964 1526; x_wconf 89' lang='lat' dir='ltr'>est</span> <span class='ocrx_word' id='word_1_261' title='bbox 981 1494 1051 1526; x_wconf 83' lang='lat' dir='ltr'>libri</span> <span class='ocrx_word' id='word_1_262' title='bbox 1068 1494 1155 1535; x_wconf 86' lang='lat' dir='ltr'>Lips.</span> <span class='ocrx_word' id='word_1_263' title='bbox 1175 1494 1335 1536; x_wconf 89' lang='lat' dir='ltr'>scriptura</span> 
     </span>
     <span class='ocr_line' id='line_1_32' title="bbox 281 1540 1337 1583; baseline 0 -8"><span class='ocrx_word' id='word_1_264' title='bbox 281 1542 376 1576; x_wconf 79' lang='grc' dir='ltr'>ταύτὸ</span> <span class='ocrx_word' id='word_1_265' title='bbox 389 1542 424 1575; x_wconf 83' lang='grc' dir='ltr'>ὃν</span> <span class='ocrx_word' id='word_1_266' title='bbox 435 1551 492 1583; x_wconf 93' lang='lat' dir='ltr'>pro</span> <span class='ocrx_word' id='word_1_267' title='bbox 505 1544 596 1574; x_wconf 81' lang='grc' dir='ltr'>τοῦτο</span> <span class='ocrx_word' id='word_1_268' title='bbox 619 1540 664 1579; x_wconf 78' lang='grc' dir='ltr'>ὃν,</span> <span class='ocrx_word' id='word_1_269' title='bbox 680 1549 778 1582; x_wconf 90' lang='lat' dir='ltr'>quam</span> <span class='ocrx_word' id='word_1_270' title='bbox 792 1540 980 1581; x_wconf 82' lang='lat' dir='ltr'>sytburgius</span> <span class='ocrx_word' id='word_1_271' title='bbox 989 1540 1055 1581; x_wconf 86' lang='lat' dir='ltr'>jam</span> <span class='ocrx_word' id='word_1_272' title='bbox 1065 1541 1133 1574; x_wconf 91' lang='lat' dir='ltr'>sola</span> <span class='ocrx_word' id='word_1_273' title='bbox 1149 1541 1266 1583; x_wconf 82' lang='lat' dir='ltr'>ingenii</span> <span class='ocrx_word' id='word_1_274' title='bbox 1276 1550 1337 1583; x_wconf 87' lang='lat' dir='ltr'>ope</span> 
     </span>
     <span class='ocr_line' id='line_1_33' title="bbox 288 1587 1337 1630; baseline 0.001 -9"><span class='ocrx_word' id='word_1_275' title='bbox 288 1589 466 1622; x_wconf 83' lang='lat' dir='ltr'>invenerat.</span> <span class='ocrx_word' id='word_1_276' title='bbox 509 1587 632 1620; x_wconf 83' lang='lat' dir='ltr'>Deinde</span> <span class='ocrx_word' id='word_1_277' title='bbox 648 1596 704 1628; x_wconf 93' lang='lat' dir='ltr'>pro</span> <span class='ocrx_word' id='word_1_278' title='bbox 720 1589 828 1630; x_wconf 69' lang='grc' dir='ltr'>ῥυθμῷ</span> <span class='ocrx_word' id='word_1_279' title='bbox 841 1587 929 1628; x_wconf 88' lang='lat' dir='ltr'>quod</span> <span class='ocrx_word' id='word_1_280' title='bbox 946 1587 977 1619; x_wconf 92' lang='lat' dir='ltr'>in</span> <span class='ocrx_word' id='word_1_281' title='bbox 992 1588 1143 1621; x_wconf 90' lang='lat' dir='ltr'>omnibus</span> <span class='ocrx_word' id='word_1_282' title='bbox 1155 1589 1250 1621; x_wconf 88' lang='lat' dir='ltr'><strong>codd.</strong></span> <span class='ocrx_word' id='word_1_283' title='bbox 1264 1589 1337 1630; x_wconf 84' lang='lat' dir='ltr'>legi·</span> 
     </span>
     <span class='ocr_line' id='line_1_34' title="bbox 283 1634 1336 1677; baseline 0.002 -9"><span class='ocrx_word' id='word_1_284' title='bbox 283 1639 346 1677; x_wconf 85' lang='lat' dir='ltr'>tur,</span> <span class='ocrx_word' id='word_1_285' title='bbox 365 1645 429 1668; x_wconf 91' lang='lat' dir='ltr'>uno</span> <span class='ocrx_word' id='word_1_286' title='bbox 446 1638 593 1676; x_wconf 84' lang='lat' dir='ltr'>excepto,</span> <span class='ocrx_word' id='word_1_287' title='bbox 609 1643 675 1676; x_wconf 89' lang='lat' dir='ltr'>quo</span> <span class='ocrx_word' id='word_1_288' title='bbox 693 1634 876 1668; x_wconf 87' lang='lat' dir='ltr'>Bernardus</span> <span class='ocrx_word' id='word_1_289' title='bbox 890 1635 1068 1668; x_wconf 83' lang='lat' dir='ltr'>Felicianus</span> <span class='ocrx_word' id='word_1_290' title='bbox 1089 1636 1166 1669; x_wconf 90' lang='lat' dir='ltr'>olim</span> <span class='ocrx_word' id='word_1_291' title='bbox 1183 1645 1261 1669; x_wconf 87' lang='lat' dir='ltr'>usus</span> <span class='ocrx_word' id='word_1_292' title='bbox 1275 1640 1336 1677; x_wconf 88' lang='lat' dir='ltr'>est,</span> 
     </span>
     <span class='ocr_line' id='line_1_35' title="bbox 281 1683 1335 1726; baseline 0 -9"><span class='ocrx_word' id='word_1_293' title='bbox 281 1685 418 1717; x_wconf 86' lang='lat' dir='ltr'>tormam</span> <span class='ocrx_word' id='word_1_294' title='bbox 431 1683 678 1721; x_wconf 89' lang='lat' dir='ltr'>Democriteam,</span> <span class='ocrx_word' id='word_1_295' title='bbox 695 1684 817 1726; x_wconf 81' lang='grc' dir='ltr'>ῥυσμῷ,</span> <span class='ocrx_word' id='word_1_296' title='bbox 831 1691 928 1724; x_wconf 88' lang='lat' dir='ltr'>quam</span> <span class='ocrx_word' id='word_1_297' title='bbox 944 1683 1020 1715; x_wconf 91' lang='lat' dir='ltr'>alibi</span> <span class='ocrx_word' id='word_1_298' title='bbox 1037 1684 1224 1718; x_wconf 84' lang='lat' dir='ltr'>Aristoteles</span> <span class='ocrx_word' id='word_1_299' title='bbox 1241 1694 1335 1717; x_wconf 86' lang='lat' dir='ltr'>usur-</span> 
     </span>
     <span class='ocr_line' id='line_1_36' title="bbox 280 1725 1338 1774; baseline 0.002 -10"><span class='ocrx_word' id='word_1_300' title='bbox 280 1735 336 1774; x_wconf 88' lang='lat' dir='ltr'>pat</span> <span class='ocrx_word' id='word_1_301' title='bbox 351 1725 438 1774; x_wconf 68' lang='lat' dir='ltr'>(iride</span> <span class='ocrx_word' id='word_1_302' title='bbox 457 1731 607 1772; x_wconf 79' lang='lat' dir='ltr'>fragmm.</span> <span class='ocrx_word' id='word_1_303' title='bbox 630 1731 779 1764; x_wconf 87' lang='lat' dir='ltr'>Democr.</span> <span class='ocrx_word' id='word_1_304' title='bbox 806 1739 839 1772; x_wconf 88' lang='lat' dir='ltr'>p.</span> <span class='ocrx_word' id='word_1_305' title='bbox 861 1732 919 1763; x_wconf 85' lang='lat'>¹33</span> <span class='ocrx_word' id='word_1_306' title='bbox 941 1732 973 1763; x_wconf 84' lang='lat' dir='ltr'>et</span> <span class='ocrx_word' id='word_1_307' title='bbox 993 1731 1072 1771; x_wconf 81' lang='lat'>381)</span> <span class='ocrx_word' id='word_1_308' title='bbox 1087 1733 1121 1765; x_wconf 87' lang='lat' dir='ltr'>et</span> <span class='ocrx_word' id='word_1_309' title='bbox 1146 1741 1221 1774; x_wconf 73' lang='lat' dir='ltr'>qum</span> <span class='ocrx_word' id='word_1_310' title='bbox 1245 1741 1265 1764; x_wconf 92' lang='lat' dir='ltr'>a</span> <span class='ocrx_word' id='word_1_311' title='bbox 1285 1734 1338 1766; x_wconf 82' lang='lat' dir='ltr'>Fe-</span> 
     </span>
     <span class='ocr_line' id='line_1_37' title="bbox 281 1777 1338 1823; baseline 0.001 -10"><span class='ocrx_word' id='word_1_312' title='bbox 281 1780 395 1813; x_wconf 76' lang='lat' dir='ltr'>ticiano</span> <span class='ocrx_word' id='word_1_313' title='bbox 409 1788 573 1821; x_wconf 82' lang='lat' dir='ltr'>perperam</span> <span class='ocrx_word' id='word_1_314' title='bbox 585 1778 756 1820; x_wconf 76' lang='lat' dir='ltr'>fluxionis</span> <span class='ocrx_word' id='word_1_315' title='bbox 771 1777 928 1812; x_wconf 87' lang='lat' dir='ltr'>vocabulo</span> <span class='ocrx_word' id='word_1_316' title='bbox 940 1779 1098 1819; x_wconf 82' lang='lat' dir='ltr'>redditur,</span> <span class='ocrx_word' id='word_1_317' title='bbox 1112 1789 1188 1813; x_wconf 89' lang='lat' dir='ltr'>cum</span> <span class='ocrx_word' id='word_1_318' title='bbox 1205 1781 1338 1823; x_wconf 83' lang='lat' dir='ltr'>Sylbur-</span> 
     </span>
     <span class='ocr_line' id='line_1_38' title="bbox 280 1826 1336 1870; baseline 0.002 -10"><span class='ocrx_word' id='word_1_319' title='bbox 280 1829 332 1870; x_wconf 87' lang='lat' dir='ltr'>gio</span> <span class='ocrx_word' id='word_1_320' title='bbox 356 1827 410 1860; x_wconf 86' lang='lat' dir='ltr'>bic</span> <span class='ocrx_word' id='word_1_321' title='bbox 426 1826 550 1860; x_wconf 84' lang='lat' dir='ltr'>restitui</span> <span class='ocrx_word' id='word_1_322' title='bbox 572 1829 716 1867; x_wconf 85' lang='lat' dir='ltr'>oportet;</span> <span class='ocrx_word' id='word_1_323' title='bbox 735 1828 804 1859; x_wconf 89' lang='lat' dir='ltr'>turn</span> <span class='ocrx_word' id='word_1_324' title='bbox 824 1835 882 1868; x_wconf 91' lang='lat' dir='ltr'>pro</span> <span class='ocrx_word' id='word_1_325' title='bbox 901 1827 931 1864; x_wconf 79' lang='grc' dir='ltr'>ἐς</span> <span class='ocrx_word' id='word_1_326' title='bbox 958 1827 993 1859; x_wconf 75' lang='grc' dir='ltr'>ὃν</span> <span class='ocrx_word' id='word_1_327' title='bbox 1007 1827 1106 1860; x_wconf 82' lang='lat' dir='ltr'>scribi</span> <span class='ocrx_word' id='word_1_328' title='bbox 1124 1829 1277 1862; x_wconf 91' lang='lat' dir='ltr'>convenit</span> <span class='ocrx_word' id='word_1_329' title='bbox 1293 1830 1336 1866; x_wconf 79' lang='grc' dir='ltr'>εἰς</span> 
     </span>
     <span class='ocr_line' id='line_1_39' title="bbox 281 1873 1337 1916; baseline 0.001 -8"><span class='ocrx_word' id='word_1_330' title='bbox 281 1875 327 1916; x_wconf 80' lang='grc' dir='ltr'>ὄν,</span> <span class='ocrx_word' id='word_1_331' title='bbox 352 1876 388 1908; x_wconf 90' lang='lat' dir='ltr'>ut</span> <span class='ocrx_word' id='word_1_332' title='bbox 402 1878 450 1907; x_wconf 86' lang='lat' dir='ltr'>est</span> <span class='ocrx_word' id='word_1_333' title='bbox 468 1874 501 1907; x_wconf 90' lang='lat' dir='ltr'>in</span> <span class='ocrx_word' id='word_1_334' title='bbox 527 1873 600 1906; x_wconf 92' lang='lat' dir='ltr'>cod.</span> <span class='ocrx_word' id='word_1_335' title='bbox 618 1874 720 1914; x_wconf 85' lang='lat' dir='ltr'>Lips.;</span> <span class='ocrx_word' id='word_1_336' title='bbox 739 1873 879 1915; x_wconf 90' lang='lat' dir='ltr'>denique</span> <span class='ocrx_word' id='word_1_337' title='bbox 895 1874 962 1914; x_wconf 87' lang='lat' dir='ltr'>illa,</span> <span class='ocrx_word' id='word_1_338' title='bbox 991 1883 1131 1916; x_wconf 84' lang='lat' dir='ltr'>quorum</span> <span class='ocrx_word' id='word_1_339' title='bbox 1150 1876 1273 1909; x_wconf 87' lang='lat' dir='ltr'>mentio</span> <span class='ocrx_word' id='word_1_340' title='bbox 1300 1876 1337 1909; x_wconf 85' lang='lat' dir='ltr'>fit</span> 
     </span>
     <span class='ocr_line' id='line_1_40' title="bbox 280 1920 1336 1965; baseline 0.001 -10"><span class='ocrx_word' id='word_1_341' title='bbox 280 1922 464 1955; x_wconf 82' lang='lat' dir='ltr'>discrimina</span> <span class='ocrx_word' id='word_1_342' title='bbox 482 1921 558 1960; x_wconf 78' lang='grc' dir='ltr'>(ταῖς</span> <span class='ocrx_word' id='word_1_343' title='bbox 585 1921 757 1963; x_wconf 78' lang='grc' dir='ltr'>εἰρημέναις</span> <span class='ocrx_word' id='word_1_344' title='bbox 783 1921 954 1963; x_wconf 79' lang='grc' dir='ltr'>διαφοραῖς)</span> <span class='ocrx_word' id='word_1_345' title='bbox 970 1920 1089 1955; x_wconf 85' lang='lat' dir='ltr'>indicio</span> <span class='ocrx_word' id='word_1_346' title='bbox 1118 1923 1194 1955; x_wconf 86' lang='lat' dir='ltr'>sunt</span> <span class='ocrx_word' id='word_1_347' title='bbox 1211 1927 1336 1965; x_wconf 84' lang='lat' dir='ltr'>partem</span> 
     </span>
     <span class='ocr_line' id='line_1_41' title="bbox 281 1967 1335 2012; baseline 0.001 -10"><span class='ocrx_word' id='word_1_348' title='bbox 281 1970 421 2011; x_wconf 84' lang='lat' dir='ltr'>aliquam</span> <span class='ocrx_word' id='word_1_349' title='bbox 459 1968 556 2010; x_wconf 82' lang='lat' dir='ltr'>hujus</span> <span class='ocrx_word' id='word_1_350' title='bbox 585 1967 825 2009; x_wconf 81' lang='lat' dir='ltr'>enuntiationis,</span> <span class='ocrx_word' id='word_1_351' title='bbox 852 1977 916 2010; x_wconf 91' lang='lat' dir='ltr'>qua</span> <span class='ocrx_word' id='word_1_352' title='bbox 940 1971 1058 2010; x_wconf 82' lang='lat' dir='ltr'>praeter</span> <span class='ocrx_word' id='word_1_353' title='bbox 1090 1970 1209 2012; x_wconf 83' lang='grc' dir='ltr'>ῥυσμὸν</span> <span class='ocrx_word' id='word_1_354' title='bbox 1239 1970 1335 2003; x_wconf 89' lang='lat' dir='ltr'>etiam</span> 
     </span>
     <span class='ocr_line' id='line_1_42' title="bbox 280 2014 1336 2059; baseline 0 -9"><span class='ocrx_word' id='word_1_355' title='bbox 280 2016 403 2058; x_wconf 78' lang='grc' dir='ltr'>διαθιγὴ</span> <span class='ocrx_word' id='word_1_356' title='bbox 416 2017 449 2048; x_wconf 91' lang='lat' dir='ltr'>et</span> <span class='ocrx_word' id='word_1_357' title='bbox 464 2016 563 2059; x_wconf 81' lang='grc' dir='ltr'>τροπὴ</span> <span class='ocrx_word' id='word_1_358' title='bbox 578 2014 839 2048; x_wconf 78' lang='lat' dir='ltr'>memorabantur</span> <span class='ocrx_word' id='word_1_359' title='bbox 857 2015 999 2056; x_wconf 82' lang='lat' dir='ltr'>periisse.</span> <span class='ocrx_word' id='word_1_360' title='bbox 1045 2016 1169 2050; x_wconf 82' lang='lat' dir='ltr'>Idcirco</span> <span class='ocrx_word' id='word_1_361' title='bbox 1183 2018 1336 2059; x_wconf 83' lang='lat' dir='ltr'>Bergkius</span> 
     </span>
     <span class='ocr_line' id='line_1_43' title="bbox 283 2062 1337 2108; baseline 0.001 -11"><span class='ocrx_word' id='word_1_362' title='bbox 283 2065 330 2097; x_wconf 85' lang='lat' dir='ltr'>sic</span> <span class='ocrx_word' id='word_1_363' title='bbox 345 2062 472 2105; x_wconf 80' lang='lat' dir='ltr'>scripsit</span> <span class='ocrx_word' id='word_1_364' title='bbox 490 2075 498 2095; x_wconf 74' lang='lat' dir='ltr'><em>z</em></span> <span class='ocrx_word' id='word_1_365' title='bbox 518 2062 604 2101; x_wconf 82' lang='grc' dir='ltr'>Φησὶ</span> <span class='ocrx_word' id='word_1_366' title='bbox 631 2062 664 2094; x_wconf 82' lang='grc' dir='ltr'>δὲ</span> <span class='ocrx_word' id='word_1_367' title='bbox 679 2062 732 2094; x_wconf 89' lang='grc' dir='ltr'>καὶ</span> <span class='ocrx_word' id='word_1_368' title='bbox 755 2062 772 2094; x_wconf 83' lang='grc' dir='ltr'><strong>ὁ</strong></span> <span class='ocrx_word' id='word_1_369' title='bbox 795 2062 988 2105; x_wconf 84' lang='grc' dir='ltr'>Δημόκριτος</span> <span class='ocrx_word' id='word_1_370' title='bbox 1011 2064 1049 2097; x_wconf 86' lang='grc' dir='ltr'>τὸ</span> <span class='ocrx_word' id='word_1_371' title='bbox 1065 2064 1150 2108; x_wconf 79' lang='grc' dir='ltr'>ὕδωρ</span> <span class='ocrx_word' id='word_1_372' title='bbox 1167 2076 1202 2097; x_wconf 85' lang='grc' dir='ltr'>τε</span> <span class='ocrx_word' id='word_1_373' title='bbox 1214 2065 1267 2097; x_wconf 89' lang='grc' dir='ltr'>καὶ</span> <span class='ocrx_word' id='word_1_374' title='bbox 1283 2066 1337 2098; x_wconf 85' lang='grc' dir='ltr'>τὸν</span> 
     </span>
     <span class='ocr_line' id='line_1_44' title="bbox 282 2109 1336 2155; baseline 0.001 -11"><span class='ocrx_word' id='word_1_375' title='bbox 282 2111 359 2155; x_wconf 79' lang='grc' dir='ltr'>ἀέρα</span> <span class='ocrx_word' id='word_1_376' title='bbox 386 2109 519 2144; x_wconf 82' lang='grc' dir='ltr'>ἕκαστόν</span> <span class='ocrx_word' id='word_1_377' title='bbox 541 2120 575 2141; x_wconf 87' lang='grc' dir='ltr'>τε</span> <span class='ocrx_word' id='word_1_378' title='bbox 599 2112 662 2142; x_wconf 84' lang='grc' dir='ltr'>τῶν</span> <span class='ocrx_word' id='word_1_379' title='bbox 681 2110 803 2141; x_wconf 75' lang='grc' dir='ltr'>πολλῶν</span> <span class='ocrx_word' id='word_1_380' title='bbox 817 2109 912 2143; x_wconf 82' lang='grc' dir='ltr'>ταύτὸ</span> <span class='ocrx_word' id='word_1_381' title='bbox 942 2111 976 2143; x_wconf 75' lang='grc' dir='ltr'>ὃν</span> <span class='ocrx_word' id='word_1_382' title='bbox 1000 2112 1125 2154; x_wconf 84' lang='grc' dir='ltr'>ῥυσμῷ,</span> <span class='ocrx_word' id='word_1_383' title='bbox 1146 2113 1268 2154; x_wconf 81' lang='grc' dir='ltr'>διαθιγῇ</span> <span class='ocrx_word' id='word_1_384' title='bbox 1283 2114 1336 2145; x_wconf 87' lang='grc' dir='ltr'>καὶ</span> 
     </span>
     <span class='ocr_line' id='line_1_45' title="bbox 280 2157 1336 2202; baseline 0.003 -12"><span class='ocrx_word' id='word_1_385' title='bbox 280 2163 378 2202; x_wconf 82' lang='grc' dir='ltr'>τροπῇ</span> <span class='ocrx_word' id='word_1_386' title='bbox 392 2158 543 2200; x_wconf 74' lang='grc' dir='ltr'>διαφέρειν</span> <span class='ocrx_word' id='word_1_387' title='bbox 552 2166 560 2174; x_wconf 90' lang='grc'><em>·</em></span> <span class='ocrx_word' id='word_1_388' title='bbox 574 2157 604 2189; x_wconf 88' lang='grc' dir='ltr'>τί</span> <span class='ocrx_word' id='word_1_389' title='bbox 615 2157 647 2189; x_wconf 90' lang='grc' dir='ltr'>δὲ</span> <span class='ocrx_word' id='word_1_390' title='bbox 661 2157 776 2189; x_wconf 78' lang='grc' dir='ltr'>κωλύοι</span> <span class='ocrx_word' id='word_1_391' title='bbox 788 2158 826 2189; x_wconf 86' lang='grc' dir='ltr'>ἂν</span> <span class='ocrx_word' id='word_1_392' title='bbox 838 2158 891 2190; x_wconf 84' lang='grc' dir='ltr'>καὶ</span> <span class='ocrx_word' id='word_1_393' title='bbox 905 2159 1003 2196; x_wconf 81' lang='grc' dir='ltr'>οὕτως</span> <span class='ocrx_word' id='word_1_394' title='bbox 1016 2159 1056 2192; x_wconf 83' lang='grc' dir='ltr'>τὰ</span> <span class='ocrx_word' id='word_1_395' title='bbox 1069 2161 1167 2192; x_wconf 79' lang='grc' dir='ltr'>πολλὰ</span> <span class='ocrx_word' id='word_1_396' title='bbox 1177 2160 1336 2201; x_wconf 72' lang='grc' dir='ltr'>γίγνεσθαι</span> 
     </span>
     <span class='ocr_line' id='line_1_46' title="bbox 280 2204 1335 2251; baseline 0.002 -13"><span class='ocrx_word' id='word_1_397' title='bbox 280 2206 334 2238; x_wconf 85' lang='grc' dir='ltr'>καὶ</span> <span class='ocrx_word' id='word_1_398' title='bbox 350 2205 560 2242; x_wconf 84' lang='grc' dir='ltr'>ἀπόλλυσθαι,</span> <span class='ocrx_word' id='word_1_399' title='bbox 581 2204 611 2242; x_wconf 81' lang='grc' dir='ltr'>ἐξ</span> <span class='ocrx_word' id='word_1_400' title='bbox 625 2204 711 2242; x_wconf 77' lang='grc' dir='ltr'>ὄντος</span> <span class='ocrx_word' id='word_1_401' title='bbox 731 2204 779 2237; x_wconf 84' lang='grc' dir='ltr'>ἀεὶ</span> <span class='ocrx_word' id='word_1_402' title='bbox 792 2206 835 2242; x_wconf 77' lang='grc' dir='ltr'>εἰς</span> <span class='ocrx_word' id='word_1_403' title='bbox 855 2205 888 2238; x_wconf 81' lang='grc' dir='ltr'>δν</span> <span class='ocrx_word' id='word_1_404' title='bbox 906 2207 1150 2247; x_wconf 69' lang='grc' dir='ltr'>μεταὸάλλοντος</span> <span class='ocrx_word' id='word_1_405' title='bbox 1164 2210 1232 2246; x_wconf 76' lang='grc' dir='ltr'>ταῖς</span> <span class='ocrx_word' id='word_1_406' title='bbox 1250 2209 1335 2251; x_wconf 83' lang='grc' dir='ltr'>εἰρη-</span> 
     </span>
     <span class='ocr_line' id='line_1_47' title="bbox 282 2252 1336 2298; baseline 0.005 -14"><span class='ocrx_word' id='word_1_407' title='bbox 282 2254 384 2294; x_wconf 77' lang='grc' dir='ltr'>μέναις</span> <span class='ocrx_word' id='word_1_408' title='bbox 398 2253 554 2295; x_wconf 72' lang='grc' dir='ltr'>διαφοραῖς</span> <span class='ocrx_word' id='word_1_409' title='bbox 565 2263 598 2285; x_wconf 86' lang='grc' dir='ltr'>κ.</span> <span class='ocrx_word' id='word_1_410' title='bbox 612 2263 640 2284; x_wconf 86' lang='grc' dir='ltr'>τ.</span> <span class='ocrx_word' id='word_1_411' title='bbox 652 2253 692 2291; x_wconf 84' lang='grc' dir='ltr'>λ.,</span> <span class='ocrx_word' id='word_1_412' title='bbox 706 2260 724 2284; x_wconf 94' lang='lat' dir='ltr'>a</span> <span class='ocrx_word' id='word_1_413' title='bbox 737 2252 849 2294; x_wconf 88' lang='lat' dir='ltr'>quoin</span> <span class='ocrx_word' id='word_1_414' title='bbox 864 2262 903 2286; x_wconf 89' lang='lat' dir='ltr'>eo</span> <span class='ocrx_word' id='word_1_415' title='bbox 915 2255 1042 2288; x_wconf 88' lang='lat' dir='ltr'>tantum</span> <span class='ocrx_word' id='word_1_416' title='bbox 1060 2254 1231 2297; x_wconf 87' lang='lat' dir='ltr'>dissentio,</span> <span class='ocrx_word' id='word_1_417' title='bbox 1248 2256 1336 2298; x_wconf 92' lang='lat' dir='ltr'>quod</span> 
     </span>
     <span class='ocr_line' id='line_1_48' title="bbox 282 2299 1334 2345; baseline 0.006 -13"><span class='ocrx_word' id='word_1_418' title='bbox 282 2300 442 2341; x_wconf 77' lang='lat' dir='ltr'>vulgatam</span> <span class='ocrx_word' id='word_1_419' title='bbox 456 2299 487 2332; x_wconf 60' lang='lat' dir='ltr'>ri</span> <span class='ocrx_word' id='word_1_420' title='bbox 506 2299 544 2339; x_wconf 80' lang='grc' dir='ltr'>δὴ</span> <span class='ocrx_word' id='word_1_421' title='bbox 559 2299 673 2332; x_wconf 79' lang='grc' dir='ltr'>κωλύει</span> <span class='ocrx_word' id='word_1_422' title='bbox 688 2301 820 2342; x_wconf 86' lang='lat' dir='ltr'>propter</span> <span class='ocrx_word' id='word_1_423' title='bbox 832 2300 1007 2343; x_wconf 85' lang='lat' dir='ltr'>Lipsiensis</span> <span class='ocrx_word' id='word_1_424' title='bbox 1016 2302 1219 2345; x_wconf 86' lang='lat' dir='ltr'>aliorumque</span> <span class='ocrx_word' id='word_1_425' title='bbox 1239 2304 1334 2339; x_wconf 87' lang='lat' dir='ltr'>codd.</span> 
     </span>
     <span class='ocr_line' id='line_1_49' title="bbox 282 2347 1336 2392; baseline 0.006 -13"><span class='ocrx_word' id='word_1_426' title='bbox 282 2347 450 2381; x_wconf 84' lang='lat' dir='ltr'>lectionem</span> <span class='ocrx_word' id='word_1_427' title='bbox 467 2347 498 2379; x_wconf 83' lang='grc' dir='ltr'>τί</span> <span class='ocrx_word' id='word_1_428' title='bbox 513 2347 564 2383; x_wconf 77' lang='grc' dir='ltr'>δεῖ,</span> <span class='ocrx_word' id='word_1_429' title='bbox 583 2347 715 2380; x_wconf 76' lang='grc' dir='ltr'>κωλύειν</span> <span class='ocrx_word' id='word_1_430' title='bbox 743 2348 793 2381; x_wconf 81' lang='lat' dir='ltr'>vel</span> <span class='ocrx_word' id='word_1_431' title='bbox 809 2350 845 2382; x_wconf 87' lang='lat' dir='ltr'>ut</span> <span class='ocrx_word' id='word_1_432' title='bbox 865 2350 915 2382; x_wconf 89' lang='lat' dir='ltr'>est</span> <span class='ocrx_word' id='word_1_433' title='bbox 939 2349 974 2382; x_wconf 84' lang='lat' dir='ltr'>’m</span> <span class='ocrx_word' id='word_1_434' title='bbox 994 2350 1107 2384; x_wconf 82' lang='lat' dir='ltr'>Aldina</span> <span class='ocrx_word' id='word_1_435' title='bbox 1126 2351 1227 2392; x_wconf 88' lang='lat' dir='ltr'>prima</span> <span class='ocrx_word' id='word_1_436' title='bbox 1243 2352 1272 2385; x_wconf 81' lang='grc' dir='ltr'>τί</span> <span class='ocrx_word' id='word_1_437' title='bbox 1298 2353 1336 2392; x_wconf 87' lang='grc' dir='ltr'>δὴ</span> 
     </span>
     <span class='ocr_line' id='line_1_50' title="bbox 280 2393 651 2438; baseline 0 -10"><span class='ocrx_word' id='word_1_438' title='bbox 280 2396 409 2438; x_wconf 83' lang='grc' dir='ltr'>κωλύειν</span> <span class='ocrx_word' id='word_1_439' title='bbox 425 2403 490 2428; x_wconf 87' lang='lat' dir='ltr'>non</span> <span class='ocrx_word' id='word_1_440' title='bbox 506 2393 651 2428; x_wconf 88' lang='lat' dir='ltr'>sollicito.</span> 
     </span>
    </p>

    <p class='ocr_par' dir='ltr' id='par_1_10' title="bbox 281 2441 1339 3526">
     <span class='ocr_line' id='line_1_51' title="bbox 323 2441 1335 2488; baseline 0.005 -13"><span class='ocrx_word' id='word_1_441' title='bbox 323 2447 374 2475; x_wconf 81' lang='lat'>35.</span> <span class='ocrx_word' id='word_1_442' title='bbox 396 2442 467 2475; x_wconf 81' lang='grc' dir='ltr'>Ἔτι</span> <span class='ocrx_word' id='word_1_443' title='bbox 479 2441 508 2474; x_wconf 87' lang='grc' dir='ltr'>τί</span> <span class='ocrx_word' id='word_1_444' title='bbox 521 2442 654 2483; x_wconf 87' lang='grc' dir='ltr'>κωλύει,</span> <span class='ocrx_word' id='word_1_445' title='bbox 667 2442 743 2475; x_wconf 85' lang='grc' dir='ltr'>ποτὲ</span> <span class='ocrx_word' id='word_1_446' title='bbox 757 2442 812 2485; x_wconf 88' lang='grc' dir='ltr'>μὲν</span> <span class='ocrx_word' id='word_1_447' title='bbox 825 2443 855 2480; x_wconf 84' lang='grc' dir='ltr'>ἐξ</span> <span class='ocrx_word' id='word_1_448' title='bbox 869 2443 969 2476; x_wconf 83' lang='grc' dir='ltr'>ἄλλων</span> <span class='ocrx_word' id='word_1_449' title='bbox 982 2444 1022 2477; x_wconf 83' lang='grc' dir='ltr'>τὰ</span> <span class='ocrx_word' id='word_1_450' title='bbox 1029 2445 1165 2487; x_wconf 81' lang='grc' dir='ltr'>σώματα</span> <span class='ocrx_word' id='word_1_451' title='bbox 1177 2446 1335 2488; x_wconf 88' lang='grc' dir='ltr'>γίγνεσθαί</span> 
     </span>
     <span class='ocr_line' id='line_1_52' title="bbox 281 2489 1337 2528; baseline 0.006 -6"><span class='ocrx_word' id='word_1_452' title='bbox 281 2500 315 2522; x_wconf 83' lang='grc' dir='ltr'>τε</span> <span class='ocrx_word' id='word_1_453' title='bbox 340 2490 394 2522; x_wconf 88' lang='grc' dir='ltr'>καὶ</span> <span class='ocrx_word' id='word_1_454' title='bbox 421 2489 612 2522; x_wconf 68' lang='grc' dir='ltr'>ἀπόλλυσθαι</span> <span class='ocrx_word' id='word_1_455' title='bbox 641 2489 745 2522; x_wconf 82' lang='grc' dir='ltr'>πάλιν.</span> <span class='ocrx_word' id='word_1_456' title='bbox 790 2491 972 2524; x_wconf 81' lang='lat' dir='ltr'>Mirandum</span> <span class='ocrx_word' id='word_1_457' title='bbox 998 2494 1049 2525; x_wconf 89' lang='lat' dir='ltr'>est</span> <span class='ocrx_word' id='word_1_458' title='bbox 1077 2494 1224 2527; x_wconf 87' lang='lat' dir='ltr'>mutilam</span> <span class='ocrx_word' id='word_1_459' title='bbox 1254 2495 1337 2528; x_wconf 82' lang='lat' dir='ltr'>lianc</span> 
     </span>
     <span class='ocr_line' id='line_1_53' title="bbox 281 2535 1334 2583; baseline 0.006 -14"><span class='ocrx_word' id='word_1_460' title='bbox 281 2535 533 2569; x_wconf 77' lang='lat' dir='ltr'>enuntiationem</span> <span class='ocrx_word' id='word_1_461' title='bbox 550 2544 617 2568; x_wconf 90' lang='lat' dir='ltr'>non</span> <span class='ocrx_word' id='word_1_462' title='bbox 638 2544 709 2568; x_wconf 87' lang='lat' dir='ltr'>esse</span> <span class='ocrx_word' id='word_1_463' title='bbox 728 2539 906 2571; x_wconf 87' lang='lat' dir='ltr'>correctam</span> <span class='ocrx_word' id='word_1_464' title='bbox 923 2548 940 2570; x_wconf 87' lang='lat' dir='ltr'>a</span> <span class='ocrx_word' id='word_1_465' title='bbox 959 2538 1101 2572; x_wconf 81' lang='lat' dir='ltr'>Bekkero</span> <span class='ocrx_word' id='word_1_466' title='bbox 1120 2549 1141 2574; x_wconf 87' lang='lat' dir='ltr'>e</span> <span class='ocrx_word' id='word_1_467' title='bbox 1155 2541 1229 2574; x_wconf 92' lang='lat' dir='ltr'>cod.</span> <span class='ocrx_word' id='word_1_468' title='bbox 1247 2542 1334 2583; x_wconf 89' lang='lat' dir='ltr'>Lips.</span> 
     </span>
     <span class='ocr_line' id='line_1_54' title="bbox 282 2583 1334 2630; baseline 0.006 -13"><span class='ocrx_word' id='word_1_469' title='bbox 282 2585 364 2617; x_wconf 79' lang='lat' dir='ltr'>Nam</span> <span class='ocrx_word' id='word_1_470' title='bbox 381 2583 433 2616; x_wconf 89' lang='lat' dir='ltr'>liic</span> <span class='ocrx_word' id='word_1_471' title='bbox 450 2583 597 2616; x_wconf 86' lang='lat' dir='ltr'>olearius</span> <span class='ocrx_word' id='word_1_472' title='bbox 618 2583 731 2616; x_wconf 84' lang='lat' dir='ltr'>eadem</span> <span class='ocrx_word' id='word_1_473' title='bbox 753 2585 875 2625; x_wconf 84' lang='lat' dir='ltr'>praebet</span> <span class='ocrx_word' id='word_1_474' title='bbox 894 2595 968 2628; x_wconf 83' lang='lat' dir='ltr'>quae</span> <span class='ocrx_word' id='word_1_475' title='bbox 998 2587 1145 2629; x_wconf 83' lang='lat' dir='ltr'>Beckius,</span> <span class='ocrx_word' id='word_1_476' title='bbox 1167 2588 1228 2622; x_wconf 89' lang='lat' dir='ltr'>nisi</span> <span class='ocrx_word' id='word_1_477' title='bbox 1249 2590 1334 2630; x_wconf 88' lang='lat' dir='ltr'>quod</span> 
     </span>
     <span class='ocr_line' id='line_1_55' title="bbox 285 2629 1336 2672; baseline 0.01 -12"><span class='ocrx_word' id='word_1_478' title='bbox 285 2639 344 2672; x_wconf 88' lang='lat' dir='ltr'>pro</span> <span class='ocrx_word' id='word_1_479' title='bbox 373 2630 471 2667; x_wconf 76' lang='grc' dir='ltr'>οὕτως</span> <span class='ocrx_word' id='word_1_480' title='bbox 492 2630 530 2669; x_wconf 85' lang='grc' dir='ltr'>δὴ</span> <span class='ocrx_word' id='word_1_481' title='bbox 558 2629 688 2663; x_wconf 82' lang='lat' dir='ltr'>exhibet</span> <span class='ocrx_word' id='word_1_482' title='bbox 708 2630 805 2668; x_wconf 80' lang='grc' dir='ltr'>οὕτως</span> <span class='ocrx_word' id='word_1_483' title='bbox 829 2632 874 2665; x_wconf 86' lang='grc' dir='ltr'>δέ.</span> <span class='ocrx_word' id='word_1_484' title='bbox 919 2635 998 2666; x_wconf 78' lang='lat' dir='ltr'>Haec</span> <span class='ocrx_word' id='word_1_485' title='bbox 1022 2635 1130 2667; x_wconf 90' lang='lat' dir='ltr'>autem</span> <span class='ocrx_word' id='word_1_486' title='bbox 1156 2637 1285 2669; x_wconf 83' lang='lat' dir='ltr'>exstant</span> <span class='ocrx_word' id='word_1_487' title='bbox 1302 2637 1336 2670; x_wconf 92' lang='lat' dir='ltr'>in</span> 
     </span>
     <span class='ocr_line' id='line_1_56' title="bbox 283 2677 1336 2724; baseline 0.005 -13"><span class='ocrx_word' id='word_1_488' title='bbox 283 2677 441 2720; x_wconf 83' lang='lat' dir='ltr'>Lipsiensi</span> <span class='ocrx_word' id='word_1_489' title='bbox 463 2677 638 2718; x_wconf 64' lang='lat' dir='ltr'>exemplari</span> <span class='ocrx_word' id='word_1_490' title='bbox 656 2690 664 2710; x_wconf 72' lang='grc' dir='ltr'>ι</span> <span class='ocrx_word' id='word_1_491' title='bbox 686 2677 757 2710; x_wconf 87' lang='grc' dir='ltr'>Ἔτι</span> <span class='ocrx_word' id='word_1_492' title='bbox 777 2679 806 2710; x_wconf 85' lang='grc' dir='ltr'>τί</span> <span class='ocrx_word' id='word_1_493' title='bbox 823 2680 938 2713; x_wconf 86' lang='grc' dir='ltr'>κωλύει</span> <span class='ocrx_word' id='word_1_494' title='bbox 955 2682 1056 2714; x_wconf 83' lang='grc' dir='ltr'>πολλὰ</span> <span class='ocrx_word' id='word_1_495' title='bbox 1068 2682 1123 2724; x_wconf 85' lang='grc' dir='ltr'>μὲν</span> <span class='ocrx_word' id='word_1_496' title='bbox 1137 2683 1168 2721; x_wconf 82' lang='grc' dir='ltr'>ἐξ</span> <span class='ocrx_word' id='word_1_497' title='bbox 1179 2683 1282 2716; x_wconf 81' lang='grc' dir='ltr'>ἄλλων</span> <span class='ocrx_word' id='word_1_498' title='bbox 1297 2685 1336 2717; x_wconf 73' lang='grc' dir='ltr'>τὰ</span> 
     </span>
     <span class='ocr_line' id='line_1_57' title="bbox 283 2723 1335 2771; baseline 0.008 -15"><span class='ocrx_word' id='word_1_499' title='bbox 283 2726 419 2768; x_wconf 87' lang='grc' dir='ltr'>σώματα</span> <span class='ocrx_word' id='word_1_500' title='bbox 444 2724 602 2766; x_wconf 82' lang='grc' dir='ltr'>γίγνεσθαι</span> <span class='ocrx_word' id='word_1_501' title='bbox 636 2723 700 2766; x_wconf 88' lang='grc' dir='ltr'>[καὶ</span> <span class='ocrx_word' id='word_1_502' title='bbox 730 2725 908 2759; x_wconf 84' lang='grc' dir='ltr'>διαλύεσθαι</span> <span class='ocrx_word' id='word_1_503' title='bbox 931 2728 974 2765; x_wconf 78' lang='grc' dir='ltr'>εἰς</span> <span class='ocrx_word' id='word_1_504' title='bbox 1005 2729 1150 2771; x_wconf 85' lang='grc' dir='ltr'>σώματα,</span> <span class='ocrx_word' id='word_1_505' title='bbox 1177 2731 1275 2768; x_wconf 76' lang='grc' dir='ltr'>οὕτως</span> <span class='ocrx_word' id='word_1_506' title='bbox 1297 2732 1335 2771; x_wconf 83' lang='grc' dir='ltr'>δὴ</span> 
     </span>
     <span class='ocr_line' id='line_1_58' title="bbox 284 2770 1334 2815; baseline 0.008 -11"><span class='ocrx_word' id='word_1_507' title='bbox 284 2772 479 2812; x_wconf 67' lang='grc' dir='ltr'>ἀναλυῖιμενα</span> <span class='ocrx_word' id='word_1_508' title='bbox 496 2771 549 2803; x_wconf 86' lang='grc' dir='ltr'>καὶ</span> <span class='ocrx_word' id='word_1_509' title='bbox 559 2771 615 2803; x_wconf 84' lang='grc' dir='ltr'>ἱσα</span> <span class='ocrx_word' id='word_1_510' title='bbox 632 2770 788 2812; x_wconf 82' lang='grc' dir='ltr'>γίγνεσθαί</span> <span class='ocrx_word' id='word_1_511' title='bbox 803 2772 850 2815; x_wconf 78' lang='grc' dir='ltr'>τε]</span> <span class='ocrx_word' id='word_1_512' title='bbox 865 2774 918 2806; x_wconf 75' lang='grc' dir='ltr'>καὶ</span> <span class='ocrx_word' id='word_1_513' title='bbox 936 2774 1129 2810; x_wconf 71' lang='grc' dir='ltr'>ἀπόλλυσθαι</span> <span class='ocrx_word' id='word_1_514' title='bbox 1145 2779 1249 2811; x_wconf 84' lang='grc' dir='ltr'>πάλιν.</span> <span class='ocrx_word' id='word_1_515' title='bbox 1276 2779 1334 2811; x_wconf 79' lang='lat' dir='ltr'>Vi-</span> 
     </span>
     <span class='ocr_line' id='line_1_59' title="bbox 284 2817 1336 2861; baseline 0.008 -10"><span class='ocrx_word' id='word_1_516' title='bbox 284 2818 399 2851; x_wconf 84' lang='lat' dir='ltr'>demus</span> <span class='ocrx_word' id='word_1_517' title='bbox 414 2817 574 2859; x_wconf 76' lang='lat' dir='ltr'>integrum</span> <span class='ocrx_word' id='word_1_518' title='bbox 591 2826 720 2850; x_wconf 82' lang='lat' dir='ltr'>versum</span> <span class='ocrx_word' id='word_1_519' title='bbox 747 2818 782 2851; x_wconf 90' lang='lat' dir='ltr'>in</span> <span class='ocrx_word' id='word_1_520' title='bbox 802 2820 934 2861; x_wconf 80' lang='lat' dir='ltr'>reliquis</span> <span class='ocrx_word' id='word_1_521' title='bbox 954 2822 1150 2857; x_wconf 81' lang='lat' dir='ltr'>membranis</span> <span class='ocrx_word' id='word_1_522' title='bbox 1168 2825 1336 2859; x_wconf 83' lang='lat' dir='ltr'>excidisse.</span> 
     </span>
     <span class='ocr_line' id='line_1_60' title="bbox 284 2863 1335 2914; baseline 0.009 -16"><span class='ocrx_word' id='word_1_523' title='bbox 284 2866 326 2898; x_wconf 68' lang='lat' dir='ltr'>At</span> <span class='ocrx_word' id='word_1_524' title='bbox 341 2874 419 2898; x_wconf 83' lang='lat' dir='ltr'>vero</span> <span class='ocrx_word' id='word_1_525' title='bbox 434 2873 475 2897; x_wconf 84' lang='lat' dir='ltr'>ne</span> <span class='ocrx_word' id='word_1_526' title='bbox 490 2873 526 2896; x_wconf 83' lang='lat' dir='ltr'>ea</span> <span class='ocrx_word' id='word_1_527' title='bbox 542 2863 672 2905; x_wconf 86' lang='lat' dir='ltr'>quidem</span> <span class='ocrx_word' id='word_1_528' title='bbox 693 2873 767 2906; x_wconf 81' lang='lat' dir='ltr'>quae</span> <span class='ocrx_word' id='word_1_529' title='bbox 788 2867 960 2908; x_wconf 86' lang='lat' dir='ltr'>Lipsiensis</span> <span class='ocrx_word' id='word_1_530' title='bbox 978 2869 1060 2903; x_wconf 88' lang='lat' dir='ltr'>liber</span> <span class='ocrx_word' id='word_1_531' title='bbox 1072 2872 1267 2914; x_wconf 87' lang='lat' dir='ltr'>suppeditat,</span> <span class='ocrx_word' id='word_1_532' title='bbox 1281 2883 1335 2907; x_wconf 85' lang='lat' dir='ltr'>sa-</span> 
     </span>
     <span class='ocr_line' id='line_1_61' title="bbox 283 2911 1335 2958; baseline 0.009 -13"><span class='ocrx_word' id='word_1_533' title='bbox 283 2912 464 2953; x_wconf 84' lang='lat' dir='ltr'>tisintegra</span> <span class='ocrx_word' id='word_1_534' title='bbox 479 2919 547 2944; x_wconf 75' lang='lat' dir='ltr'>esse</span> <span class='ocrx_word' id='word_1_535' title='bbox 566 2913 655 2944; x_wconf 88' lang='lat' dir='ltr'>ratus</span> <span class='ocrx_word' id='word_1_536' title='bbox 671 2911 705 2944; x_wconf 87' lang='lat' dir='ltr'>in</span> <span class='ocrx_word' id='word_1_537' title='bbox 727 2912 813 2945; x_wconf 88' lang='lat' dir='ltr'>hunc</span> <span class='ocrx_word' id='word_1_538' title='bbox 829 2914 961 2948; x_wconf 91' lang='lat' dir='ltr'>modum</span> <span class='ocrx_word' id='word_1_539' title='bbox 980 2918 1133 2958; x_wconf 77' lang='lat' dir='ltr'>Bergkius</span> <span class='ocrx_word' id='word_1_540' title='bbox 1145 2921 1335 2954; x_wconf 87' lang='lat' dir='ltr'>sententiam</span> 
     </span>
     <span class='ocr_line' id='line_1_62' title="bbox 284 2958 1336 3009; baseline 0.009 -17"><span class='ocrx_word' id='word_1_541' title='bbox 284 2958 399 3000; x_wconf 80' lang='lat' dir='ltr'>corrigi</span> <span class='ocrx_word' id='word_1_542' title='bbox 403 2958 497 3000; x_wconf 78' lang='lat' dir='ltr'>iussit</span> <span class='ocrx_word' id='word_1_543' title='bbox 508 2968 516 2990; x_wconf 90' lang='lat'><strong>:</strong></span> <span class='ocrx_word' id='word_1_544' title='bbox 533 2958 603 2991; x_wconf 84' lang='grc' dir='ltr'>Ἐτι</span> <span class='ocrx_word' id='word_1_545' title='bbox 615 2958 646 2991; x_wconf 77' lang='grc' dir='ltr'>τί</span> <span class='ocrx_word' id='word_1_546' title='bbox 658 2959 771 2992; x_wconf 86' lang='grc' dir='ltr'>κωλύει</span> <span class='ocrx_word' id='word_1_547' title='bbox 780 2961 881 2993; x_wconf 83' lang='grc' dir='ltr'>πολλὰ</span> <span class='ocrx_word' id='word_1_548' title='bbox 890 2963 944 3003; x_wconf 80' lang='grc' dir='ltr'>μὲν</span> <span class='ocrx_word' id='word_1_549' title='bbox 958 2963 987 3000; x_wconf 82' lang='grc' dir='ltr'>ἐξ</span> <span class='ocrx_word' id='word_1_550' title='bbox 999 2964 1138 3002; x_wconf 74' lang='grc' dir='ltr'>ἀλλήλων</span> <span class='ocrx_word' id='word_1_551' title='bbox 1151 2967 1191 2999; x_wconf 85' lang='grc' dir='ltr'>τὰ</span> <span class='ocrx_word' id='word_1_552' title='bbox 1201 2967 1336 3009; x_wconf 78' lang='grc' dir='ltr'>σώματα</span> 
     </span>
     <span class='ocr_line' id='line_1_63' title="bbox 284 3006 1337 3056; baseline 0.004 -16"><span class='ocrx_word' id='word_1_553' title='bbox 284 3007 444 3049; x_wconf 80' lang='grc' dir='ltr'>γίγνεσθαι</span> <span class='ocrx_word' id='word_1_554' title='bbox 465 3007 519 3039; x_wconf 79' lang='grc' dir='ltr'>καὶ</span> <span class='ocrx_word' id='word_1_555' title='bbox 535 3006 714 3039; x_wconf 81' lang='grc' dir='ltr'>διαλύεσθαι</span> <span class='ocrx_word' id='word_1_556' title='bbox 736 3008 778 3044; x_wconf 81' lang='grc' dir='ltr'>εἰς</span> <span class='ocrx_word' id='word_1_557' title='bbox 798 3009 947 3051; x_wconf 76' lang='grc' dir='ltr'>σώματα,</span> <span class='ocrx_word' id='word_1_558' title='bbox 959 3013 1057 3050; x_wconf 80' lang='grc' dir='ltr'>οὕτως</span> <span class='ocrx_word' id='word_1_559' title='bbox 1076 3014 1108 3046; x_wconf 74' lang='grc' dir='ltr'>δὲ</span> <span class='ocrx_word' id='word_1_560' title='bbox 1123 3014 1291 3056; x_wconf 71' lang='grc' dir='ltr'>γιγνόμενά</span> <span class='ocrx_word' id='word_1_561' title='bbox 1303 3029 1337 3050; x_wconf 72' lang='grc' dir='ltr'>τε</span> 
     </span>
     <span class='ocr_line' id='line_1_64' title="bbox 283 3054 1337 3097; baseline 0.01 -10"><span class='ocrx_word' id='word_1_562' title='bbox 283 3055 337 3089; x_wconf 63' lang='grc' dir='ltr'>καὶ</span> <span class='ocrx_word' id='word_1_563' title='bbox 351 3054 545 3096; x_wconf 68' lang='grc' dir='ltr'>ἂνάλυόμενα</span> <span class='ocrx_word' id='word_1_564' title='bbox 560 3054 619 3087; x_wconf 65' lang='grc' dir='ltr'>ἶσα</span> <span class='ocrx_word' id='word_1_565' title='bbox 629 3054 788 3096; x_wconf 83' lang='grc' dir='ltr'>γίγνεσθαί</span> <span class='ocrx_word' id='word_1_566' title='bbox 809 3066 844 3088; x_wconf 87' lang='grc' dir='ltr'>τε</span> <span class='ocrx_word' id='word_1_567' title='bbox 859 3058 912 3089; x_wconf 81' lang='grc' dir='ltr'>καὶ</span> <span class='ocrx_word' id='word_1_568' title='bbox 933 3058 1124 3093; x_wconf 77' lang='grc' dir='ltr'>ἀπόλλυσθαι</span> <span class='ocrx_word' id='word_1_569' title='bbox 1135 3062 1245 3095; x_wconf 73' lang='grc' dir='ltr'>πάλιν.</span> <span class='ocrx_word' id='word_1_570' title='bbox 1259 3065 1337 3097; x_wconf 84' lang='lat' dir='ltr'>vult</span> 
     </span>
     <span class='ocr_line' id='line_1_65' title="bbox 284 3101 1337 3150; baseline 0.009 -17"><span class='ocrx_word' id='word_1_571' title='bbox 284 3101 371 3134; x_wconf 84' lang='lat' dir='ltr'>enim</span> <span class='ocrx_word' id='word_1_572' title='bbox 389 3110 406 3134; x_wconf 88' lang='lat' dir='ltr'>a</span> <span class='ocrx_word' id='word_1_573' title='bbox 424 3101 614 3143; x_wconf 88' lang='lat' dir='ltr'>philosopho</span> <span class='ocrx_word' id='word_1_574' title='bbox 642 3101 717 3141; x_wconf 87' lang='lat' dir='ltr'>dici,</span> <span class='ocrx_word' id='word_1_575' title='bbox 745 3101 814 3134; x_wconf 82' lang='lat' dir='ltr'>tieri</span> <span class='ocrx_word' id='word_1_576' title='bbox 837 3104 934 3137; x_wconf 86' lang='lat' dir='ltr'>etiam</span> <span class='ocrx_word' id='word_1_577' title='bbox 958 3114 1063 3147; x_wconf 82' lang='lat' dir='ltr'>posse,</span> <span class='ocrx_word' id='word_1_578' title='bbox 1096 3109 1134 3141; x_wconf 89' lang='lat' dir='ltr'>ut</span> <span class='ocrx_word' id='word_1_579' title='bbox 1155 3117 1229 3150; x_wconf 81' lang='lat' dir='ltr'>quae</span> <span class='ocrx_word' id='word_1_580' title='bbox 1246 3119 1284 3143; x_wconf 83' lang='lat' dir='ltr'>ex</span> <span class='ocrx_word' id='word_1_581' title='bbox 1303 3121 1337 3145; x_wconf 81' lang='lat' dir='ltr'>se</span> 
     </span>
     <span class='ocr_line' id='line_1_66' title="bbox 285 3148 1335 3193; baseline 0.01 -13"><span class='ocrx_word' id='word_1_582' title='bbox 285 3148 424 3182; x_wconf 79' lang='lat' dir='ltr'>invicem</span> <span class='ocrx_word' id='word_1_583' title='bbox 443 3150 650 3189; x_wconf 86' lang='lat' dir='ltr'>procreentur</span> <span class='ocrx_word' id='word_1_584' title='bbox 669 3150 702 3182; x_wconf 77' lang='lat' dir='ltr'>et</span> <span class='ocrx_word' id='word_1_585' title='bbox 719 3149 752 3181; x_wconf 93' lang='lat' dir='ltr'>in</span> <span class='ocrx_word' id='word_1_586' title='bbox 768 3158 803 3182; x_wconf 76' lang='lat' dir='ltr'>se</span> <span class='ocrx_word' id='word_1_587' title='bbox 817 3153 1031 3193; x_wconf 85' lang='lat' dir='ltr'>revertantur,</span> <span class='ocrx_word' id='word_1_588' title='bbox 1048 3162 1087 3186; x_wconf 86' lang='lat' dir='ltr'>ea</span> <span class='ocrx_word' id='word_1_589' title='bbox 1099 3158 1132 3187; x_wconf 88' lang='lat' dir='ltr'>et</span> <span class='ocrx_word' id='word_1_590' title='bbox 1151 3155 1184 3188; x_wconf 91' lang='lat' dir='ltr'>in</span> <span class='ocrx_word' id='word_1_591' title='bbox 1200 3165 1335 3190; x_wconf 88' lang='lat' dir='ltr'>nascen-</span> 
     </span>
     <span class='ocr_line' id='line_1_67' title="bbox 285 3195 1336 3242; baseline 0.009 -14"><span class='ocrx_word' id='word_1_592' title='bbox 285 3195 328 3228; x_wconf 89' lang='lat' dir='ltr'>do</span> <span class='ocrx_word' id='word_1_593' title='bbox 348 3197 382 3229; x_wconf 84' lang='lat' dir='ltr'>et</span> <span class='ocrx_word' id='word_1_594' title='bbox 405 3195 439 3228; x_wconf 85' lang='lat' dir='ltr'>in</span> <span class='ocrx_word' id='word_1_595' title='bbox 462 3196 651 3229; x_wconf 89' lang='lat' dir='ltr'>intereundo</span> <span class='ocrx_word' id='word_1_596' title='bbox 669 3196 803 3229; x_wconf 80' lang='lat' dir='ltr'>eandem</span> <span class='ocrx_word' id='word_1_597' title='bbox 825 3203 953 3232; x_wconf 85' lang='lat' dir='ltr'>servent</span> <span class='ocrx_word' id='word_1_598' title='bbox 972 3201 1197 3242; x_wconf 88' lang='lat' dir='ltr'>quantitatem.</span> <span class='ocrx_word' id='word_1_599' title='bbox 1242 3205 1336 3242; x_wconf 90' lang='lat' dir='ltr'>Quod</span> 
     </span>
     <span class='ocr_line' id='line_1_68' title="bbox 286 3246 1338 3285; baseline 0.01 -10"><span class='ocrx_word' id='word_1_600' title='bbox 286 3251 483 3285; x_wconf 88' lang='lat' dir='ltr'>quamquam</span> <span class='ocrx_word' id='word_1_601' title='bbox 508 3252 565 3285; x_wconf 83' lang='lat' dir='ltr'>per</span> <span class='ocrx_word' id='word_1_602' title='bbox 584 3252 620 3277; x_wconf 84' lang='lat' dir='ltr'>se</span> <span class='ocrx_word' id='word_1_603' title='bbox 644 3246 892 3279; x_wconf 89' lang='lat' dir='ltr'>consentaneum</span> <span class='ocrx_word' id='word_1_604' title='bbox 910 3249 967 3284; x_wconf 83' lang='lat' dir='ltr'>est,</span> <span class='ocrx_word' id='word_1_605' title='bbox 1003 3250 1110 3283; x_wconf 87' lang='lat' dir='ltr'>tamen</span> <span class='ocrx_word' id='word_1_606' title='bbox 1131 3251 1182 3283; x_wconf 83' lang='lat' dir='ltr'>vel</span> <span class='ocrx_word' id='word_1_607' title='bbox 1198 3251 1266 3284; x_wconf 87' lang='lat' dir='ltr'>sine</span> <span class='ocrx_word' id='word_1_608' title='bbox 1289 3252 1338 3285; x_wconf 85' lang='lat' dir='ltr'>his</span> 
     </span>
     <span class='ocr_line' id='line_1_69' title="bbox 286 3291 1335 3333; baseline 0.009 -10"><span class='ocrx_word' id='word_1_609' title='bbox 286 3291 520 3324; x_wconf 81' lang='lat' dir='ltr'>mutationibus</span> <span class='ocrx_word' id='word_1_610' title='bbox 547 3300 698 3333; x_wconf 85' lang='lat' dir='ltr'>magnam</span> <span class='ocrx_word' id='word_1_611' title='bbox 731 3293 853 3333; x_wconf 85' lang='lat' dir='ltr'>partem</span> <span class='ocrx_word' id='word_1_612' title='bbox 873 3295 956 3328; x_wconf 84' lang='lat' dir='ltr'>inest</span> <span class='ocrx_word' id='word_1_613' title='bbox 984 3296 1017 3328; x_wconf 89' lang='lat' dir='ltr'>in</span> <span class='ocrx_word' id='word_1_614' title='bbox 1043 3297 1150 3330; x_wconf 80' lang='lat' dir='ltr'>verbis</span> <span class='ocrx_word' id='word_1_615' title='bbox 1179 3307 1196 3331; x_wconf 86' lang='lat' dir='ltr'>e</span> <span class='ocrx_word' id='word_1_616' title='bbox 1226 3299 1335 3333; x_wconf 84' lang='lat' dir='ltr'>codiee</span> 
     </span>
     <span class='ocr_line' id='line_1_70' title="bbox 283 3337 1339 3386; baseline 0.008 -16"><span class='ocrx_word' id='word_1_617' title='bbox 283 3337 426 3380; x_wconf 84' lang='lat' dir='ltr'>prolatis.</span> <span class='ocrx_word' id='word_1_618' title='bbox 470 3338 653 3380; x_wconf 82' lang='lat' dir='ltr'>Spaldingio</span> <span class='ocrx_word' id='word_1_619' title='bbox 668 3339 777 3372; x_wconf 84' lang='lat' dir='ltr'>omnia</span> <span class='ocrx_word' id='word_1_620' title='bbox 794 3342 881 3374; x_wconf 83' lang='lat' dir='ltr'>recte</span> <span class='ocrx_word' id='word_1_621' title='bbox 893 3350 927 3374; x_wconf 88' lang='lat' dir='ltr'>se</span> <span class='ocrx_word' id='word_1_622' title='bbox 945 3341 1062 3376; x_wconf 83' lang='lat' dir='ltr'>habere</span> <span class='ocrx_word' id='word_1_623' title='bbox 1079 3343 1148 3376; x_wconf 80' lang='lat' dir='ltr'>visa</span> <span class='ocrx_word' id='word_1_624' title='bbox 1165 3346 1242 3378; x_wconf 90' lang='lat' dir='ltr'>sunt</span> <span class='ocrx_word' id='word_1_625' title='bbox 1259 3355 1339 3386; x_wconf 81' lang='lat' dir='ltr'>prae-</span> 
     </span>
     <span class='ocr_line' id='line_1_71' title="bbox 286 3385 1338 3433; baseline 0.007 -15"><span class='ocrx_word' id='word_1_626' title='bbox 286 3387 336 3418; x_wconf 85' lang='lat' dir='ltr'>ter</span> <span class='ocrx_word' id='word_1_627' title='bbox 351 3394 464 3419; x_wconf 82' lang='lat' dir='ltr'>vocem</span> <span class='ocrx_word' id='word_1_628' title='bbox 478 3385 537 3418; x_wconf 79' lang='grc' dir='ltr'>’ῑσα</span> <span class='ocrx_word' id='word_1_629' title='bbox 557 3386 651 3427; x_wconf 86' lang='lat' dir='ltr'>cujus</span> <span class='ocrx_word' id='word_1_630' title='bbox 673 3386 745 3419; x_wconf 91' lang='lat' dir='ltr'>loco</span> <span class='ocrx_word' id='word_1_631' title='bbox 767 3389 976 3430; x_wconf 73' lang='grc' dir='ltr'>συνιστάμενα</span> <span class='ocrx_word' id='word_1_632' title='bbox 1002 3390 1173 3430; x_wconf 82' lang='lat' dir='ltr'>legendum</span> <span class='ocrx_word' id='word_1_633' title='bbox 1194 3393 1338 3433; x_wconf 84' lang='lat' dir='ltr'>suspica-</span> 
     </span>
     <span class='ocr_line' id='line_1_72' title="bbox 286 3433 1338 3481; baseline 0.007 -16"><span class='ocrx_word' id='word_1_634' title='bbox 286 3434 393 3465; x_wconf 41' lang='lat' dir='ltr'>vantur.</span> <span class='ocrx_word' id='word_1_635' title='bbox 438 3435 506 3474; x_wconf 84' lang='lat' dir='ltr'>Ego</span> <span class='ocrx_word' id='word_1_636' title='bbox 519 3433 712 3473; x_wconf 73' lang='lat' dir='ltr'>minimum,</span> <span class='ocrx_word' id='word_1_637' title='bbox 723 3436 783 3468; x_wconf 82' lang='lat' dir='ltr'>nisi</span> <span class='ocrx_word' id='word_1_638' title='bbox 793 3436 997 3477; x_wconf 81' lang='grc' dir='ltr'>ἀναλυόμενα,</span> <span class='ocrx_word' id='word_1_639' title='bbox 1008 3437 1094 3478; x_wconf 84' lang='lat' dir='ltr'>quod</span> <span class='ocrx_word' id='word_1_640' title='bbox 1110 3439 1141 3470; x_wconf 85' lang='lat' dir='ltr'>in</span> <span class='ocrx_word' id='word_1_641' title='bbox 1153 3439 1338 3481; x_wconf 76' lang='grc' dir='ltr'>διαλυόμενα</span> 
     </span>
     <span class='ocr_line' id='line_1_73' title="bbox 287 3479 1336 3526; baseline 0.01 -16"><span class='ocrx_word' id='word_1_642' title='bbox 287 3479 431 3512; x_wconf 88' lang='lat' dir='ltr'>converti</span> <span class='ocrx_word' id='word_1_643' title='bbox 453 3481 584 3522; x_wconf 86' lang='lat' dir='ltr'>propter</span> <span class='ocrx_word' id='word_1_644' title='bbox 605 3483 802 3516; x_wconf 86' lang='lat' dir='ltr'>constantem</span> <span class='ocrx_word' id='word_1_645' title='bbox 826 3483 995 3517; x_wconf 86' lang='lat' dir='ltr'>meliorum</span> <span class='ocrx_word' id='word_1_646' title='bbox 1021 3485 1215 3526; x_wconf 83' lang='lat' dir='ltr'>scriptorum</span> <span class='ocrx_word' id='word_1_647' title='bbox 1242 3496 1336 3520; x_wconf 67' lang='lat' dir='ltr'>nsum</span> 
     </span>
    </p>
   </div>
   <div class='ocr_carea' id='block_1_9' title="bbox 1396 729 2469 3197">
    <p class='ocr_par' dir='ltr' id='par_1_11' title="bbox 1397 729 2464 1238">
     <span class='ocr_line' id='line_1_74' title="bbox 1400 729 2461 774; baseline 0.007 -15"><span class='ocrx_word' id='word_1_648' title='bbox 1400 736 1528 761; x_wconf 82' lang='lat' dir='ltr'>necesse</span> <span class='ocrx_word' id='word_1_649' title='bbox 1546 729 1608 761; x_wconf 87' lang='lat' dir='ltr'>est.</span> <span class='ocrx_word' id='word_1_650' title='bbox 1654 730 1736 767; x_wconf 81' lang='lat' dir='ltr'>Quoe</span> <span class='ocrx_word' id='word_1_651' title='bbox 1762 729 1848 763; x_wconf 89' lang='lat' dir='ltr'>enim</span> <span class='ocrx_word' id='word_1_652' title='bbox 1876 738 2014 772; x_wconf 81' lang='lat' dir='ltr'>corpora</span> <span class='ocrx_word' id='word_1_653' title='bbox 2034 730 2079 764; x_wconf 84' lang='lat' dir='ltr'>ita</span> <span class='ocrx_word' id='word_1_654' title='bbox 2106 735 2360 774; x_wconf 84' lang='lat' dir='ltr'>corrumpuntur</span> <span class='ocrx_word' id='word_1_655' title='bbox 2376 735 2413 766; x_wconf 86' lang='grc' dir='ltr'>ιιι</span> <span class='ocrx_word' id='word_1_656' title='bbox 2427 732 2461 766; x_wconf 87' lang='lat' dir='ltr'>in</span> 
     </span>
     <span class='ocr_line' id='line_1_75' title="bbox 1399 776 2464 819; baseline 0.007 -12"><span class='ocrx_word' id='word_1_657' title='bbox 1399 776 1493 808; x_wconf 87' lang='lat' dir='ltr'>aliam</span> <span class='ocrx_word' id='word_1_658' title='bbox 1509 776 1628 810; x_wconf 85' lang='lat' dir='ltr'>abeant</span> <span class='ocrx_word' id='word_1_659' title='bbox 1657 779 1819 816; x_wconf 88' lang='lat' dir='ltr'>naturam,</span> <span class='ocrx_word' id='word_1_660' title='bbox 1837 786 1902 810; x_wconf 92' lang='lat' dir='ltr'>non</span> <span class='ocrx_word' id='word_1_661' title='bbox 1926 778 2080 812; x_wconf 82' lang='lat' dir='ltr'>dicuntur</span> <span class='ocrx_word' id='word_1_662' title='bbox 2094 779 2296 819; x_wconf 70' lang='grc' dir='ltr'>ἀναλύεσθαι,</span> <span class='ocrx_word' id='word_1_663' title='bbox 2322 780 2378 814; x_wconf 79' lang='lat' dir='ltr'>sed</span> <span class='ocrx_word' id='word_1_664' title='bbox 2397 780 2464 814; x_wconf 77' lang='grc' dir='ltr'>δια·</span> 
     </span>
     <span class='ocr_line' id='line_1_76' title="bbox 1398 824 2462 869; baseline 0.004 -12"><span class='ocrx_word' id='word_1_665' title='bbox 1398 824 1537 858; x_wconf 79' lang='grc' dir='ltr'>λύεσθαι.</span> <span class='ocrx_word' id='word_1_666' title='bbox 1582 826 1741 859; x_wconf 76' lang='lat' dir='ltr'>Praeterea</span> <span class='ocrx_word' id='word_1_667' title='bbox 1760 825 1941 860; x_wconf 80' lang='grc' dir='ltr'>διαλύεσθαι</span> <span class='ocrx_word' id='word_1_668' title='bbox 1960 827 2004 866; x_wconf 75' lang='grc' dir='ltr'>εἷς</span> <span class='ocrx_word' id='word_1_669' title='bbox 2026 826 2184 869; x_wconf 78' lang='grc' dir='ltr'>σώματα,</span> <span class='ocrx_word' id='word_1_670' title='bbox 2198 828 2299 867; x_wconf 75' lang='grc' dir='ltr'>οὕτως</span> <span class='ocrx_word' id='word_1_671' title='bbox 2311 828 2345 863; x_wconf 73' lang='grc' dir='ltr'><strong>ἃ</strong></span> <span class='ocrx_word' id='word_1_672' title='bbox 2361 829 2394 862; x_wconf 83' lang='lat' dir='ltr'>et</span> <span class='ocrx_word' id='word_1_673' title='bbox 2403 828 2462 862; x_wconf 77' lang='grc' dir='ltr'>ῐσει</span> 
     </span>
     <span class='ocr_line' id='line_1_77' title="bbox 1397 872 2462 915; baseline 0.006 -11"><span class='ocrx_word' id='word_1_674' title='bbox 1397 872 1492 905; x_wconf 87' lang='lat' dir='ltr'>scribi</span> <span class='ocrx_word' id='word_1_675' title='bbox 1522 874 1673 915; x_wconf 73' lang='lat' dir='ltr'>oportere</span> <span class='ocrx_word' id='word_1_676' title='bbox 1701 883 1764 906; x_wconf 93' lang='lat' dir='ltr'>non</span> <span class='ocrx_word' id='word_1_677' title='bbox 1780 877 1830 907; x_wconf 89' lang='lat' dir='ltr'>est</span> <span class='ocrx_word' id='word_1_678' title='bbox 1858 874 1947 915; x_wconf 86' lang='lat' dir='ltr'>quod</span> <span class='ocrx_word' id='word_1_679' title='bbox 1972 883 2135 908; x_wconf 83' lang='lat' dir='ltr'>moneam.</span> <span class='ocrx_word' id='word_1_680' title='bbox 2193 877 2344 910; x_wconf 72' lang='lat' dir='ltr'>Fortasse</span> <span class='ocrx_word' id='word_1_681' title='bbox 2362 876 2462 910; x_wconf 84' lang='lat' dir='ltr'>etiam</span> 
     </span>
     <span class='ocr_line' id='line_1_78' title="bbox 1400 919 2461 963; baseline 0.006 -13"><span class='ocrx_word' id='word_1_682' title='bbox 1400 922 1496 951; x_wconf 81' lang='lat' dir='ltr'>crunt</span> <span class='ocrx_word' id='word_1_683' title='bbox 1513 919 1570 961; x_wconf 89' lang='lat' dir='ltr'>qui</span> <span class='ocrx_word' id='word_1_684' title='bbox 1599 921 1672 961; x_wconf 86' lang='lat' dir='ltr'>post</span> <span class='ocrx_word' id='word_1_685' title='bbox 1694 920 1830 963; x_wconf 84' lang='grc' dir='ltr'>σώματα</span> <span class='ocrx_word' id='word_1_686' title='bbox 1850 920 1896 954; x_wconf 86' lang='lat' dir='ltr'>ita</span> <span class='ocrx_word' id='word_1_687' title='bbox 1914 921 2107 955; x_wconf 87' lang='lat' dir='ltr'>continuent</span> <span class='ocrx_word' id='word_1_688' title='bbox 2134 922 2341 956; x_wconf 83' lang='lat' dir='ltr'>orationem:</span> <span class='ocrx_word' id='word_1_689' title='bbox 2363 922 2406 956; x_wconf 78' lang='grc' dir='ltr'>τὰ</span> <span class='ocrx_word' id='word_1_690' title='bbox 2427 921 2461 956; x_wconf 67' lang='grc' dir='ltr'><strong>ἃ</strong></span> 
     </span>
     <span class='ocr_line' id='line_1_79' title="bbox 1398 965 2462 1011; baseline 0.006 -14"><span class='ocrx_word' id='word_1_691' title='bbox 1398 965 1498 1004; x_wconf 79' lang='grc' dir='ltr'>οὕτως</span> <span class='ocrx_word' id='word_1_692' title='bbox 1513 966 1702 1008; x_wconf 84' lang='grc' dir='ltr'>διαλυόμενα</span> <span class='ocrx_word' id='word_1_693' title='bbox 1721 979 1754 1000; x_wconf 86' lang='grc' dir='ltr'>κ.</span> <span class='ocrx_word' id='word_1_694' title='bbox 1772 978 1802 999; x_wconf 88' lang='grc' dir='ltr'>τ.</span> <span class='ocrx_word' id='word_1_695' title='bbox 1821 968 1851 1000; x_wconf 91' lang='grc' dir='ltr'>λ.</span> <span class='ocrx_word' id='word_1_696' title='bbox 1872 967 1993 1009; x_wconf 80' lang='lat' dir='ltr'>quibus</span> <span class='ocrx_word' id='word_1_697' title='bbox 2015 967 2167 1010; x_wconf 78' lang='lat' dir='ltr'>equidem</span> <span class='ocrx_word' id='word_1_698' title='bbox 2184 976 2251 1001; x_wconf 79' lang='lat' dir='ltr'>non</span> <span class='ocrx_word' id='word_1_699' title='bbox 2269 976 2462 1011; x_wconf 62' lang='lat' dir='ltr'>magnopere</span> 
     </span>
     <span class='ocr_line' id='line_1_80' title="bbox 1398 1013 2461 1056; baseline 0.003 -11"><span class='ocrx_word' id='word_1_700' title='bbox 1398 1013 1549 1054; x_wconf 77' lang='lat' dir='ltr'>refragor.</span> <span class='ocrx_word' id='word_1_701' title='bbox 1594 1015 1752 1054; x_wconf 88' lang='lat' dir='ltr'>Quocirca</span> <span class='ocrx_word' id='word_1_702' title='bbox 1768 1014 1948 1047; x_wconf 77' lang='lat' dir='ltr'>Aristotelis</span> <span class='ocrx_word' id='word_1_703' title='bbox 1970 1014 2069 1048; x_wconf 82' lang='lat' dir='ltr'>verba</span> <span class='ocrx_word' id='word_1_704' title='bbox 2086 1014 2131 1048; x_wconf 88' lang='lat' dir='ltr'>ita</span> <span class='ocrx_word' id='word_1_705' title='bbox 2148 1015 2349 1056; x_wconf 83' lang='lat' dir='ltr'>interpretari</span> <span class='ocrx_word' id='word_1_706' title='bbox 2363 1014 2437 1049; x_wconf 84' lang='lat' dir='ltr'>licet</span> <span class='ocrx_word' id='word_1_707' title='bbox 2450 1027 2461 1048; x_wconf 72' lang='grc' dir='ltr'>ε</span> 
     </span>
     <span class='ocr_line' id='line_1_81' title="bbox 1400 1061 2463 1105; baseline 0.005 -13"><span class='ocrx_word' id='word_1_708' title='bbox 1400 1073 1414 1088; x_wconf 83' lang='grc' dir='ltr'><em>α</em></span> <span class='ocrx_word' id='word_1_709' title='bbox 1438 1061 1525 1099; x_wconf 89' lang='lat' dir='ltr'>Quid</span> <span class='ocrx_word' id='word_1_710' title='bbox 1550 1061 1647 1103; x_wconf 86' lang='lat' dir='ltr'>igitur</span> <span class='ocrx_word' id='word_1_711' title='bbox 1670 1061 1817 1103; x_wconf 87' lang='lat' dir='ltr'>impedit,</span> <span class='ocrx_word' id='word_1_712' title='bbox 1847 1062 2023 1103; x_wconf 81' lang='lat' dir='ltr'>quominus</span> <span class='ocrx_word' id='word_1_713' title='bbox 2040 1062 2144 1095; x_wconf 87' lang='lat' dir='ltr'>multa</span> <span class='ocrx_word' id='word_1_714' title='bbox 2165 1062 2300 1104; x_wconf 86' lang='lat' dir='ltr'>quidem</span> <span class='ocrx_word' id='word_1_715' title='bbox 2325 1071 2463 1105; x_wconf 79' lang='lat' dir='ltr'>corpora</span> 
     </span>
     <span class='ocr_line' id='line_1_82' title="bbox 1397 1109 2462 1152; baseline 0.004 -11"><span class='ocrx_word' id='word_1_716' title='bbox 1397 1117 1438 1140; x_wconf 86' lang='lat' dir='ltr'>ex</span> <span class='ocrx_word' id='word_1_717' title='bbox 1454 1109 1526 1142; x_wconf 89' lang='lat' dir='ltr'>aliis</span> <span class='ocrx_word' id='word_1_718' title='bbox 1541 1111 1716 1142; x_wconf 86' lang='lat' dir='ltr'>nascantur</span> <span class='ocrx_word' id='word_1_719' title='bbox 1732 1111 1765 1143; x_wconf 83' lang='lat' dir='ltr'>et</span> <span class='ocrx_word' id='word_1_720' title='bbox 1778 1110 1987 1152; x_wconf 88' lang='lat' dir='ltr'>corruptione</span> <span class='ocrx_word' id='word_1_721' title='bbox 2004 1110 2036 1143; x_wconf 90' lang='lat' dir='ltr'>in</span> <span class='ocrx_word' id='word_1_722' title='bbox 2056 1110 2119 1143; x_wconf 87' lang='lat' dir='ltr'>alia</span> <span class='ocrx_word' id='word_1_723' title='bbox 2132 1118 2268 1152; x_wconf 83' lang='lat' dir='ltr'>corpora</span> <span class='ocrx_word' id='word_1_724' title='bbox 2282 1112 2462 1152; x_wconf 79' lang='lat' dir='ltr'>transeant.</span> 
     </span>
     <span class='ocr_line' id='line_1_83' title="bbox 1399 1157 2463 1199; baseline 0.006 -11"><span class='ocrx_word' id='word_1_725' title='bbox 1399 1157 1444 1189; x_wconf 87' lang='lat' dir='ltr'>sic</span> <span class='ocrx_word' id='word_1_726' title='bbox 1469 1160 1623 1199; x_wconf 88' lang='lat' dir='ltr'>corrupta</span> <span class='ocrx_word' id='word_1_727' title='bbox 1649 1159 1760 1191; x_wconf 91' lang='lat' dir='ltr'>autem</span> <span class='ocrx_word' id='word_1_728' title='bbox 1778 1166 1874 1199; x_wconf 81' lang='lat' dir='ltr'>aequo</span> <span class='ocrx_word' id='word_1_729' title='bbox 1902 1166 2041 1191; x_wconf 88' lang='lat' dir='ltr'>numero</span> <span class='ocrx_word' id='word_1_730' title='bbox 2066 1159 2278 1192; x_wconf 80' lang='lat' dir='ltr'>renascantur</span> <span class='ocrx_word' id='word_1_731' title='bbox 2293 1160 2463 1194; x_wconf 66' lang='lat' dir='ltr'>etr-ursus</span> 
     </span>
     <span class='ocr_line' id='line_1_84' title="bbox 1399 1204 1604 1238; baseline 0.015 -3"><span class='ocrx_word' id='word_1_732' title='bbox 1399 1204 1570 1238; x_wconf 82' lang='lat' dir='ltr'>intereant.</span> <span class='ocrx_word' id='word_1_733' title='bbox 1589 1216 1604 1234; x_wconf 75' lang='grc' dir='ltr'>ι</span> 
     </span>
    </p>

    <p class='ocr_par' dir='ltr' id='par_1_12' title="bbox 1396 1252 2469 3197">
     <span class='ocr_line' id='line_1_85' title="bbox 1440 1252 2460 1296; baseline 0.002 -11"><span class='ocrx_word' id='word_1_734' title='bbox 1440 1254 1493 1285; x_wconf 85' lang='grc'>38.</span> <span class='ocrx_word' id='word_1_735' title='bbox 1519 1254 1555 1285; x_wconf 79' lang='grc' dir='ltr'>Εἰ</span> <span class='ocrx_word' id='word_1_736' title='bbox 1568 1253 1601 1285; x_wconf 83' lang='grc' dir='ltr'>δὲ</span> <span class='ocrx_word' id='word_1_737' title='bbox 1617 1252 1671 1285; x_wconf 78' lang='grc' dir='ltr'>καὶ</span> <span class='ocrx_word' id='word_1_738' title='bbox 1683 1252 1782 1285; x_wconf 75' lang='grc' dir='ltr'>ταῦτα</span> <span class='ocrx_word' id='word_1_739' title='bbox 1791 1264 1836 1290; x_wconf 81' lang='grc' dir='ltr'>τις</span> <span class='ocrx_word' id='word_1_740' title='bbox 1850 1253 2044 1296; x_wconf 85' lang='grc' dir='ltr'>συγχωροίη,</span> <span class='ocrx_word' id='word_1_741' title='bbox 2054 1254 2109 1287; x_wconf 83' lang='grc' dir='ltr'>καὶ</span> <span class='ocrx_word' id='word_1_742' title='bbox 2122 1253 2170 1293; x_wconf 71' lang='grc' dir='ltr'>εἴη</span> <span class='ocrx_word' id='word_1_743' title='bbox 2185 1265 2215 1287; x_wconf 83' lang='grc' dir='ltr'>τι</span> <span class='ocrx_word' id='word_1_744' title='bbox 2225 1254 2278 1288; x_wconf 82' lang='grc' dir='ltr'>καὶ</span> <span class='ocrx_word' id='word_1_745' title='bbox 2295 1254 2460 1296; x_wconf 79' lang='grc' dir='ltr'>ἀγένητον,</span> 
     </span>
     <span class='ocr_line' id='line_1_86' title="bbox 1398 1298 2459 1346; baseline 0.002 -13"><span class='ocrx_word' id='word_1_746' title='bbox 1398 1300 1428 1332; x_wconf 82' lang='grc' dir='ltr'>τί</span> <span class='ocrx_word' id='word_1_747' title='bbox 1448 1302 1564 1341; x_wconf 81' lang='grc' dir='ltr'>μᾶλλον</span> <span class='ocrx_word' id='word_1_748' title='bbox 1578 1300 1705 1342; x_wconf 80' lang='grc' dir='ltr'>ἄπειρον</span> <span class='ocrx_word' id='word_1_749' title='bbox 1717 1301 1872 1334; x_wconf 81' lang='grc' dir='ltr'>δείκνυται</span> <span class='ocrx_word' id='word_1_750' title='bbox 1884 1312 1894 1343; x_wconf 81' lang='lat'>3</span> <span class='ocrx_word' id='word_1_751' title='bbox 1906 1298 2033 1344; x_wconf 77' lang='grc' dir='ltr'>ἀπειρον</span> <span class='ocrx_word' id='word_1_752' title='bbox 2052 1302 2111 1346; x_wconf 88' lang='grc' dir='ltr'>γὰρ</span> <span class='ocrx_word' id='word_1_753' title='bbox 2129 1302 2210 1335; x_wconf 87' lang='grc' dir='ltr'>εἷναί</span> <span class='ocrx_word' id='word_1_754' title='bbox 2224 1314 2329 1345; x_wconf 75' lang='grc' dir='ltr'>φησιν,</span> <span class='ocrx_word' id='word_1_755' title='bbox 2351 1304 2379 1336; x_wconf 74' lang='grc' dir='ltr'>εἰ</span> <span class='ocrx_word' id='word_1_756' title='bbox 2392 1303 2459 1337; x_wconf 67' lang='grc' dir='ltr'>ἔστι</span> 
     </span>
     <span class='ocr_line' id='line_1_87' title="bbox 1399 1349 2460 1393; baseline 0.003 -12"><span class='ocrx_word' id='word_1_757' title='bbox 1399 1349 1466 1390; x_wconf 85' lang='grc' dir='ltr'>μέν,</span> <span class='ocrx_word' id='word_1_758' title='bbox 1482 1349 1524 1391; x_wconf 83' lang='grc' dir='ltr'>μὴ</span> <span class='ocrx_word' id='word_1_759' title='bbox 1542 1349 1714 1391; x_wconf 79' lang='grc' dir='ltr'>γεγονέναι.</span> <span class='ocrx_word' id='word_1_760' title='bbox 1758 1350 1878 1392; x_wconf 78' lang='grc' dir='ltr'>πέρατα</span> <span class='ocrx_word' id='word_1_761' title='bbox 1892 1350 1951 1392; x_wconf 82' lang='grc' dir='ltr'>γὰρ</span> <span class='ocrx_word' id='word_1_762' title='bbox 1967 1350 2045 1383; x_wconf 81' lang='grc' dir='ltr'>εἶναι</span> <span class='ocrx_word' id='word_1_763' title='bbox 2057 1350 2114 1390; x_wconf 80' lang='grc' dir='ltr'>τὴν</span> <span class='ocrx_word' id='word_1_764' title='bbox 2126 1354 2182 1390; x_wconf 84' lang='grc' dir='ltr'>τῆς</span> <span class='ocrx_word' id='word_1_765' title='bbox 2191 1351 2343 1392; x_wconf 49' lang='grc' dir='ltr'>γενέσεως</span> <span class='ocrx_word' id='word_1_766' title='bbox 2358 1349 2460 1393; x_wconf 75' lang='grc' dir='ltr'>ἀρχήν</span> 
     </span>
     <span class='ocr_line' id='line_1_88' title="bbox 1397 1396 2460 1443; baseline 0.003 -15"><span class='ocrx_word' id='word_1_767' title='bbox 1397 1407 1431 1428; x_wconf 85' lang='grc' dir='ltr'>τε</span> <span class='ocrx_word' id='word_1_768' title='bbox 1449 1397 1503 1429; x_wconf 85' lang='grc' dir='ltr'>καὶ</span> <span class='ocrx_word' id='word_1_769' title='bbox 1518 1397 1676 1436; x_wconf 72' lang='grc' dir='ltr'>τελευτήν.</span> <span class='ocrx_word' id='word_1_770' title='bbox 1721 1397 1833 1430; x_wconf 82' lang='grc' dir='ltr'>Καίτοι</span> <span class='ocrx_word' id='word_1_771' title='bbox 1853 1396 1884 1429; x_wconf 81' lang='grc' dir='ltr'>τί</span> <span class='ocrx_word' id='word_1_772' title='bbox 1901 1397 2016 1431; x_wconf 79' lang='grc' dir='ltr'>κωλύει</span> <span class='ocrx_word' id='word_1_773' title='bbox 2033 1397 2182 1439; x_wconf 81' lang='grc' dir='ltr'>ἀγένητον</span> <span class='ocrx_word' id='word_1_774' title='bbox 2203 1398 2239 1431; x_wconf 79' lang='grc' dir='ltr'>ὃν</span> <span class='ocrx_word' id='word_1_775' title='bbox 2262 1398 2346 1440; x_wconf 72' lang='grc' dir='ltr'>ἔχειν</span> <span class='ocrx_word' id='word_1_776' title='bbox 2363 1400 2460 1443; x_wconf 78' lang='grc' dir='ltr'>πέρας</span> 
     </span>
     <span class='ocr_line' id='line_1_89' title="bbox 1398 1443 2460 1488; baseline 0.003 -13"><span class='ocrx_word' id='word_1_777' title='bbox 1398 1443 1434 1475; x_wconf 88' lang='grc' dir='ltr'>ἐκ</span> <span class='ocrx_word' id='word_1_778' title='bbox 1451 1447 1514 1477; x_wconf 87' lang='grc' dir='ltr'>τῶν</span> <span class='ocrx_word' id='word_1_779' title='bbox 1529 1445 1698 1487; x_wconf 72' lang='grc' dir='ltr'>εἰρημένων</span> <span class='ocrx_word' id='word_1_780' title='bbox 1707 1456 1718 1486; x_wconf 83' lang='grc'><strong>;</strong></span> <span class='ocrx_word' id='word_1_781' title='bbox 1738 1445 1765 1477; x_wconf 80' lang='grc' dir='ltr'>εἰ</span> <span class='ocrx_word' id='word_1_782' title='bbox 1785 1444 1847 1487; x_wconf 83' lang='grc' dir='ltr'>γὰρ</span> <span class='ocrx_word' id='word_1_783' title='bbox 1863 1444 1998 1487; x_wconf 75' lang='grc' dir='ltr'>ἐγένετο,</span> <span class='ocrx_word' id='word_1_784' title='bbox 2017 1445 2117 1488; x_wconf 81' lang='grc' dir='ltr'>ἀρχὴν</span> <span class='ocrx_word' id='word_1_785' title='bbox 2132 1445 2216 1488; x_wconf 71' lang='grc' dir='ltr'>ἔχειν</span> <span class='ocrx_word' id='word_1_786' title='bbox 2232 1445 2314 1483; x_wconf 76' lang='grc' dir='ltr'>ἀξιοῖ</span> <span class='ocrx_word' id='word_1_787' title='bbox 2329 1446 2460 1488; x_wconf 71' lang='grc' dir='ltr'>ταύτην,</span> 
     </span>
     <span class='ocr_line' id='line_1_90' title="bbox 1398 1490 2461 1535; baseline 0.006 -13"><span class='ocrx_word' id='word_1_788' title='bbox 1398 1490 1466 1523; x_wconf 81' lang='grc' dir='ltr'>ὅθεν</span> <span class='ocrx_word' id='word_1_789' title='bbox 1480 1491 1632 1534; x_wconf 87' lang='grc' dir='ltr'>γίγνοιτο,</span> <span class='ocrx_word' id='word_1_790' title='bbox 1647 1493 1673 1525; x_wconf 83' lang='grc' dir='ltr'>εἰ</span> <span class='ocrx_word' id='word_1_791' title='bbox 1689 1491 1868 1535; x_wconf 83' lang='grc' dir='ltr'>γιγνόμενα.</span> <span class='ocrx_word' id='word_1_792' title='bbox 1912 1493 1963 1525; x_wconf 82' lang='lat' dir='ltr'>lta</span> <span class='ocrx_word' id='word_1_793' title='bbox 1975 1492 2149 1533; x_wconf 74' lang='lat' dir='ltr'>nokkerus,</span> <span class='ocrx_word' id='word_1_794' title='bbox 2163 1493 2219 1534; x_wconf 87' lang='lat' dir='ltr'>qui</span> <span class='ocrx_word' id='word_1_795' title='bbox 2231 1493 2373 1534; x_wconf 85' lang='lat' dir='ltr'>primum</span> <span class='ocrx_word' id='word_1_796' title='bbox 2390 1494 2461 1528; x_wconf 74' lang='lat' dir='ltr'>hoec</span> 
     </span>
     <span class='ocr_line' id='line_1_91' title="bbox 1398 1538 2461 1584; baseline 0.004 -13"><span class='ocrx_word' id='word_1_797' title='bbox 1398 1547 1460 1571; x_wconf 93' lang='lat' dir='ltr'>non</span> <span class='ocrx_word' id='word_1_798' title='bbox 1478 1538 1560 1572; x_wconf 85' lang='lat' dir='ltr'>bene</span> <span class='ocrx_word' id='word_1_799' title='bbox 1576 1539 1723 1572; x_wconf 83' lang='lat' dir='ltr'>distinxit</span> <span class='ocrx_word' id='word_1_800' title='bbox 1738 1552 1745 1572; x_wconf 79' lang='lat' dir='ltr'>z</span> <span class='ocrx_word' id='word_1_801' title='bbox 1764 1548 1840 1572; x_wconf 91' lang='lat' dir='ltr'>nam</span> <span class='ocrx_word' id='word_1_802' title='bbox 1857 1539 1941 1573; x_wconf 84' lang='lat' dir='ltr'>inter</span> <span class='ocrx_word' id='word_1_803' title='bbox 1961 1541 2122 1581; x_wconf 77' lang='grc' dir='ltr'>γεγονέναι</span> <span class='ocrx_word' id='word_1_804' title='bbox 2138 1542 2170 1574; x_wconf 90' lang='lat' dir='ltr'>et</span> <span class='ocrx_word' id='word_1_805' title='bbox 2179 1541 2299 1584; x_wconf 67' lang='grc' dir='ltr'>πέρατα</span> <span class='ocrx_word' id='word_1_806' title='bbox 2311 1541 2461 1583; x_wconf 83' lang='lat' dir='ltr'>ponenda</span> 
     </span>
     <span class='ocr_line' id='line_1_92' title="bbox 1399 1586 2462 1628; baseline 0.004 -9"><span class='ocrx_word' id='word_1_807' title='bbox 1399 1586 1479 1627; x_wconf 88' lang='grc' dir='ltr'>μέση</span> <span class='ocrx_word' id='word_1_808' title='bbox 1494 1587 1623 1628; x_wconf 82' lang='grc' dir='ltr'>στιγμή,</span> <span class='ocrx_word' id='word_1_809' title='bbox 1640 1587 1718 1620; x_wconf 90' lang='lat' dir='ltr'>item</span> <span class='ocrx_word' id='word_1_810' title='bbox 1738 1587 1821 1620; x_wconf 87' lang='lat' dir='ltr'>inter</span> <span class='ocrx_word' id='word_1_811' title='bbox 1838 1587 1984 1627; x_wconf 75' lang='grc' dir='ltr'>τελευτὴν</span> <span class='ocrx_word' id='word_1_812' title='bbox 1999 1589 2032 1621; x_wconf 90' lang='lat' dir='ltr'>et</span> <span class='ocrx_word' id='word_1_813' title='bbox 2052 1587 2156 1621; x_wconf 81' lang='grc' dir='ltr'>καίτοι</span> <span class='ocrx_word' id='word_1_814' title='bbox 2171 1597 2181 1620; x_wconf 81' lang='lat' dir='ltr'>z</span> <span class='ocrx_word' id='word_1_815' title='bbox 2198 1587 2314 1622; x_wconf 83' lang='lat' dir='ltr'>deinde</span> <span class='ocrx_word' id='word_1_816' title='bbox 2333 1587 2462 1624; x_wconf 83' lang='lat' dir='ltr'>nullum</span> 
     </span>
     <span class='ocr_line' id='line_1_93' title="bbox 1400 1632 2460 1683; baseline 0.005 -17"><span class='ocrx_word' id='word_1_817' title='bbox 1400 1634 1515 1667; x_wconf 88' lang='lat' dir='ltr'>vitium</span> <span class='ocrx_word' id='word_1_818' title='bbox 1534 1635 1679 1668; x_wconf 81' lang='lat' dir='ltr'>sustulit.</span> <span class='ocrx_word' id='word_1_819' title='bbox 1725 1637 1804 1668; x_wconf 87' lang='lat' dir='ltr'>Post</span> <span class='ocrx_word' id='word_1_820' title='bbox 1832 1632 1995 1677; x_wconf 75' lang='grc' dir='ltr'>ἀγένητόν,</span> <span class='ocrx_word' id='word_1_821' title='bbox 2018 1635 2201 1683; x_wconf 47' lang='lat' dir='ltr'>cujus-loco</span> <span class='ocrx_word' id='word_1_822' title='bbox 2227 1635 2313 1670; x_wconf 87' lang='lat' dir='ltr'>male</span> <span class='ocrx_word' id='word_1_823' title='bbox 2331 1635 2365 1669; x_wconf 85' lang='lat' dir='ltr'>in</span> <span class='ocrx_word' id='word_1_824' title='bbox 2385 1636 2460 1672; x_wconf 75' lang='lat' dir='ltr'>cod.</span> 
     </span>
     <span class='ocr_line' id='line_1_94' title="bbox 1399 1682 2462 1724; baseline 0.006 -11"><span class='ocrx_word' id='word_1_825' title='bbox 1399 1682 1486 1723; x_wconf 83' lang='lat' dir='ltr'>Lips.</span> <span class='ocrx_word' id='word_1_826' title='bbox 1509 1682 1562 1714; x_wconf 82' lang='lat' dir='ltr'>liic</span> <span class='ocrx_word' id='word_1_827' title='bbox 1577 1682 1735 1724; x_wconf 89' lang='lat' dir='ltr'>scriptum</span> <span class='ocrx_word' id='word_1_828' title='bbox 1753 1683 1801 1715; x_wconf 87' lang='lat' dir='ltr'>est</span> <span class='ocrx_word' id='word_1_829' title='bbox 1814 1682 1995 1724; x_wconf 72' lang='grc' dir='ltr'>ἀγέννητον,</span> <span class='ocrx_word' id='word_1_830' title='bbox 2018 1684 2175 1724; x_wconf 81' lang='lat' dir='ltr'>repetitur</span> <span class='ocrx_word' id='word_1_831' title='bbox 2190 1683 2223 1716; x_wconf 91' lang='lat' dir='ltr'>in</span> <span class='ocrx_word' id='word_1_832' title='bbox 2239 1683 2355 1717; x_wconf 87' lang='lat' dir='ltr'>eodem</span> <span class='ocrx_word' id='word_1_833' title='bbox 2377 1684 2462 1719; x_wconf 82' lang='lat' dir='ltr'>libro</span> 
     </span>
     <span class='ocr_line' id='line_1_95' title="bbox 1399 1729 2462 1772; baseline 0.003 -10"><span class='ocrx_word' id='word_1_834' title='bbox 1399 1730 1446 1769; x_wconf 83' lang='grc' dir='ltr'>εἴη</span> <span class='ocrx_word' id='word_1_835' title='bbox 1457 1729 1567 1762; x_wconf 87' lang='lat' dir='ltr'>addita</span> <span class='ocrx_word' id='word_1_836' title='bbox 1584 1730 1844 1770; x_wconf 82' lang='lat' dir='ltr'>interrogationis</span> <span class='ocrx_word' id='word_1_837' title='bbox 1860 1732 1948 1763; x_wconf 91' lang='lat' dir='ltr'>nota.</span> <span class='ocrx_word' id='word_1_838' title='bbox 1994 1732 2177 1772; x_wconf 89' lang='lat' dir='ltr'>Utrumque</span> <span class='ocrx_word' id='word_1_839' title='bbox 2197 1730 2350 1764; x_wconf 77' lang='lat' dir='ltr'>oscitanti</span> <span class='ocrx_word' id='word_1_840' title='bbox 2363 1730 2462 1765; x_wconf 80' lang='lat' dir='ltr'>libra·</span> 
     </span>
     <span class='ocr_line' id='line_1_96' title="bbox 1397 1777 2458 1818; baseline 0.003 -9"><span class='ocrx_word' id='word_1_841' title='bbox 1397 1777 1446 1809; x_wconf 89' lang='lat' dir='ltr'>rio</span> <span class='ocrx_word' id='word_1_842' title='bbox 1466 1777 1650 1811; x_wconf 90' lang='lat' dir='ltr'>tribuimus.</span> <span class='ocrx_word' id='word_1_843' title='bbox 1694 1779 1779 1811; x_wconf 89' lang='lat' dir='ltr'>Tum</span> <span class='ocrx_word' id='word_1_844' title='bbox 1809 1777 1975 1810; x_wconf 86' lang='lat' dir='ltr'>nonnullae</span> <span class='ocrx_word' id='word_1_845' title='bbox 2003 1777 2202 1811; x_wconf 74' lang='lat' dir='ltr'>membranae</span> <span class='ocrx_word' id='word_1_846' title='bbox 2220 1777 2341 1811; x_wconf 82' lang='lat' dir='ltr'>liabent</span> <span class='ocrx_word' id='word_1_847' title='bbox 2362 1778 2412 1818; x_wconf 84' lang='grc' dir='ltr'>εἴη</span> <span class='ocrx_word' id='word_1_848' title='bbox 2426 1789 2458 1812; x_wconf 85' lang='grc' dir='ltr'>τι</span> 
     </span>
     <span class='ocr_line' id='line_1_97' title="bbox 1399 1824 2461 1869; baseline 0.002 -12"><span class='ocrx_word' id='word_1_849' title='bbox 1399 1826 1527 1867; x_wconf 82' lang='grc' dir='ltr'>μᾶλλον,</span> <span class='ocrx_word' id='word_1_850' title='bbox 1553 1825 1610 1859; x_wconf 89' lang='lat' dir='ltr'>sed</span> <span class='ocrx_word' id='word_1_851' title='bbox 1640 1825 1812 1867; x_wconf 82' lang='lat' dir='ltr'>legendum</span> <span class='ocrx_word' id='word_1_852' title='bbox 1838 1833 1913 1858; x_wconf 88' lang='lat' dir='ltr'>cnm</span> <span class='ocrx_word' id='word_1_853' title='bbox 1936 1824 2010 1859; x_wconf 89' lang='lat' dir='ltr'>cod.</span> <span class='ocrx_word' id='word_1_854' title='bbox 2038 1827 2076 1859; x_wconf 90' lang='lat' dir='ltr'>L.</span> <span class='ocrx_word' id='word_1_855' title='bbox 2105 1824 2136 1858; x_wconf 80' lang='grc' dir='ltr'>τί</span> <span class='ocrx_word' id='word_1_856' title='bbox 2168 1826 2286 1867; x_wconf 86' lang='grc' dir='ltr'>μᾶλλον</span> <span class='ocrx_word' id='word_1_857' title='bbox 2312 1825 2461 1869; x_wconf 63' lang='lat' dir='ltr'>&amp;werpe-13</span> 
     </span>
     <span class='ocr_line' id='line_1_98' title="bbox 1398 1872 2463 1914; baseline 0.001 -9"><span class='ocrx_word' id='word_1_858' title='bbox 1398 1874 1499 1905; x_wconf 87' lang='lat' dir='ltr'>Porro</span> <span class='ocrx_word' id='word_1_859' title='bbox 1526 1873 1692 1914; x_wconf 64' lang='lat' dir='ltr'>egregiam</span> <span class='ocrx_word' id='word_1_860' title='bbox 1725 1872 1887 1914; x_wconf 80' lang='lat' dir='ltr'>Sylburgii</span> <span class='ocrx_word' id='word_1_861' title='bbox 1915 1872 2135 1914; x_wconf 75' lang='lat' dir='ltr'>coniecturam</span> <span class='ocrx_word' id='word_1_862' title='bbox 2157 1881 2217 1914; x_wconf 83' lang='lat' dir='ltr'>pro</span> <span class='ocrx_word' id='word_1_863' title='bbox 2238 1872 2282 1914; x_wconf 85' lang='grc' dir='ltr'><strong>μὴ</strong></span> <span class='ocrx_word' id='word_1_864' title='bbox 2300 1872 2463 1914; x_wconf 73' lang='grc' dir='ltr'>γεγονέναι</span> 
     </span>
     <span class='ocr_line' id='line_1_99' title="bbox 1398 1919 2469 1963; baseline 0.002 -11"><span class='ocrx_word' id='word_1_865' title='bbox 1398 1920 1533 1961; x_wconf 87' lang='lat' dir='ltr'>legentis</span> <span class='ocrx_word' id='word_1_866' title='bbox 1546 1920 1589 1962; x_wconf 81' lang='grc' dir='ltr'>μὴ</span> <span class='ocrx_word' id='word_1_867' title='bbox 1605 1920 1714 1961; x_wconf 84' lang='grc' dir='ltr'>γέγονε</span> <span class='ocrx_word' id='word_1_868' title='bbox 1727 1921 1771 1956; x_wconf 82' lang='grc' dir='ltr'>δέ,</span> <span class='ocrx_word' id='word_1_869' title='bbox 1787 1929 1862 1962; x_wconf 80' lang='lat' dir='ltr'>quoe</span> <span class='ocrx_word' id='word_1_870' title='bbox 1879 1919 1958 1952; x_wconf 79' lang='lat' dir='ltr'>mihi</span> <span class='ocrx_word' id='word_1_871' title='bbox 1974 1920 2087 1962; x_wconf 91' lang='lat' dir='ltr'>utique</span> <span class='ocrx_word' id='word_1_872' title='bbox 2106 1920 2274 1962; x_wconf 89' lang='lat' dir='ltr'>probatur,</span> <span class='ocrx_word' id='word_1_873' title='bbox 2287 1919 2356 1961; x_wconf 78' lang='lat' dir='ltr'>jam</span> <span class='ocrx_word' id='word_1_874' title='bbox 2371 1921 2469 1963; x_wconf 81' lang='lat' dir='ltr'>Spal··</span> 
     </span>
     <span class='ocr_line' id='line_1_100' title="bbox 1398 1967 2460 2010; baseline 0.002 -10"><span class='ocrx_word' id='word_1_875' title='bbox 1398 1968 1526 2010; x_wconf 85' lang='lat' dir='ltr'>dingius</span> <span class='ocrx_word' id='word_1_876' title='bbox 1540 1968 1688 2010; x_wconf 88' lang='lat' dir='ltr'>arripuit.</span> <span class='ocrx_word' id='word_1_877' title='bbox 1734 1968 1905 2010; x_wconf 85' lang='lat' dir='ltr'>conspirat</span> <span class='ocrx_word' id='word_1_878' title='bbox 1917 1967 2068 2001; x_wconf 85' lang='lat' dir='ltr'>Feliciani</span> <span class='ocrx_word' id='word_1_879' title='bbox 2081 1968 2306 2010; x_wconf 75' lang='lat' dir='ltr'>interpretatio</span> <span class='ocrx_word' id='word_1_880' title='bbox 2325 1979 2335 2002; x_wconf 70' lang='grc' dir='ltr'>ε</span> <span class='ocrx_word' id='word_1_881' title='bbox 2355 1980 2372 1997; x_wconf 73' lang='grc' dir='ltr'>α</span> <span class='ocrx_word' id='word_1_882' title='bbox 2387 1967 2460 2002; x_wconf 73' lang='lat' dir='ltr'>infl-</span> 
     </span>
     <span class='ocr_line' id='line_1_101' title="bbox 1399 2014 2461 2058; baseline 0.002 -10"><span class='ocrx_word' id='word_1_883' title='bbox 1399 2016 1504 2049; x_wconf 88' lang='lat' dir='ltr'>nitum</span> <span class='ocrx_word' id='word_1_884' title='bbox 1520 2016 1607 2050; x_wconf 91' lang='lat' dir='ltr'>enim</span> <span class='ocrx_word' id='word_1_885' title='bbox 1626 2023 1694 2049; x_wconf 87' lang='lat' dir='ltr'>esse</span> <span class='ocrx_word' id='word_1_886' title='bbox 1709 2015 1828 2058; x_wconf 88' lang='lat' dir='ltr'>inquit,</span> <span class='ocrx_word' id='word_1_887' title='bbox 1845 2015 1873 2048; x_wconf 89' lang='lat' dir='ltr'>si</span> <span class='ocrx_word' id='word_1_888' title='bbox 1886 2015 1929 2049; x_wconf 89' lang='lat' dir='ltr'>sit</span> <span class='ocrx_word' id='word_1_889' title='bbox 1942 2016 2073 2057; x_wconf 87' lang='lat' dir='ltr'>quidem</span> <span class='ocrx_word' id='word_1_890' title='bbox 2091 2015 2227 2057; x_wconf 85' lang='lat' dir='ltr'>aliquid,</span> <span class='ocrx_word' id='word_1_891' title='bbox 2241 2014 2298 2049; x_wconf 85' lang='lat' dir='ltr'>sed</span> <span class='ocrx_word' id='word_1_892' title='bbox 2311 2015 2461 2057; x_wconf 76' lang='lat' dir='ltr'>genitum</span> 
     </span>
     <span class='ocr_line' id='line_1_102' title="bbox 1398 2062 2458 2097; baseline 0.001 -1"><span class='ocrx_word' id='word_1_893' title='bbox 1398 2066 1507 2097; x_wconf 85' lang='lat' dir='ltr'>tamen</span> <span class='ocrx_word' id='word_1_894' title='bbox 1532 2063 1667 2096; x_wconf 91' lang='lat' dir='ltr'>minime</span> <span class='ocrx_word' id='word_1_895' title='bbox 1694 2063 1805 2097; x_wconf 80' lang='lat' dir='ltr'>fuerit.</span> <span class='ocrx_word' id='word_1_896' title='bbox 1823 2075 1839 2092; x_wconf 72' lang='grc' dir='ltr'><strong>ι</strong></span> <span class='ocrx_word' id='word_1_897' title='bbox 1885 2064 2008 2096; x_wconf 84' lang='lat' dir='ltr'>Contra</span> <span class='ocrx_word' id='word_1_898' title='bbox 2042 2063 2180 2096; x_wconf 85' lang='lat' dir='ltr'>Beckius</span> <span class='ocrx_word' id='word_1_899' title='bbox 2203 2062 2348 2096; x_wconf 78' lang='lat' dir='ltr'>malebat</span> <span class='ocrx_word' id='word_1_900' title='bbox 2377 2063 2458 2097; x_wconf 78' lang='grc' dir='ltr'>εἶναι</span> 
     </span>
     <span class='ocr_line' id='line_1_103' title="bbox 1398 2110 2461 2154; baseline 0.001 -10"><span class='ocrx_word' id='word_1_901' title='bbox 1398 2113 1473 2145; x_wconf 88' lang='lat' dir='ltr'>ante</span> <span class='ocrx_word' id='word_1_902' title='bbox 1492 2112 1584 2153; x_wconf 85' lang='grc' dir='ltr'>φησὶν</span> <span class='ocrx_word' id='word_1_903' title='bbox 1604 2111 1703 2145; x_wconf 87' lang='lat' dir='ltr'>deleri</span> <span class='ocrx_word' id='word_1_904' title='bbox 1719 2119 1819 2152; x_wconf 92' lang='lat' dir='ltr'>quam</span> <span class='ocrx_word' id='word_1_905' title='bbox 1839 2119 1916 2143; x_wconf 89' lang='lat' dir='ltr'>cum</span> <span class='ocrx_word' id='word_1_906' title='bbox 1933 2110 2107 2152; x_wconf 87' lang='lat' dir='ltr'>Sylburgio</span> <span class='ocrx_word' id='word_1_907' title='bbox 2125 2111 2285 2153; x_wconf 77' lang='grc' dir='ltr'>γεγονέναι</span> <span class='ocrx_word' id='word_1_908' title='bbox 2302 2110 2335 2144; x_wconf 88' lang='lat' dir='ltr'>in</span> <span class='ocrx_word' id='word_1_909' title='bbox 2350 2111 2461 2154; x_wconf 76' lang='grc' dir='ltr'>γέγονε</span> 
     </span>
     <span class='ocr_line' id='line_1_104' title="bbox 1397 2157 2458 2199; baseline 0 -7"><span class='ocrx_word' id='word_1_910' title='bbox 1397 2160 1429 2192; x_wconf 79' lang='grc' dir='ltr'>δὲ</span> <span class='ocrx_word' id='word_1_911' title='bbox 1445 2159 1575 2192; x_wconf 90' lang='lat' dir='ltr'>mutari.</span> <span class='ocrx_word' id='word_1_912' title='bbox 1622 2159 1824 2192; x_wconf 75' lang='lat' dir='ltr'>Alterutrum</span> <span class='ocrx_word' id='word_1_913' title='bbox 1852 2157 1922 2191; x_wconf 84' lang='lat' dir='ltr'>fieri</span> <span class='ocrx_word' id='word_1_914' title='bbox 1951 2166 2084 2191; x_wconf 88' lang='lat' dir='ltr'>necesse</span> <span class='ocrx_word' id='word_1_915' title='bbox 2103 2161 2163 2199; x_wconf 87' lang='lat' dir='ltr'>est,</span> <span class='ocrx_word' id='word_1_916' title='bbox 2185 2160 2224 2191; x_wconf 86' lang='lat' dir='ltr'>ut</span> <span class='ocrx_word' id='word_1_917' title='bbox 2246 2158 2330 2191; x_wconf 88' lang='lat' dir='ltr'>ratio</span> <span class='ocrx_word' id='word_1_918' title='bbox 2352 2167 2458 2198; x_wconf 77' lang='lat' dir='ltr'>gram·</span> 
     </span>
     <span class='ocr_line' id='line_1_105' title="bbox 1397 2204 2463 2246; baseline -0.001 -7"><span class='ocrx_word' id='word_1_919' title='bbox 1397 2207 1515 2240; x_wconf 83' lang='lat' dir='ltr'>matica</span> <span class='ocrx_word' id='word_1_920' title='bbox 1542 2206 1679 2239; x_wconf 87' lang='lat' dir='ltr'>constet.</span> <span class='ocrx_word' id='word_1_921' title='bbox 1725 2207 1800 2244; x_wconf 88' lang='lat' dir='ltr'>Quo</span> <span class='ocrx_word' id='word_1_922' title='bbox 1823 2205 1926 2246; x_wconf 88' lang='lat' dir='ltr'>magis</span> <span class='ocrx_word' id='word_1_923' title='bbox 1947 2205 2104 2238; x_wconf 82' lang='lat' dir='ltr'>miramur</span> <span class='ocrx_word' id='word_1_924' title='bbox 2133 2204 2304 2246; x_wconf 69' lang='lat' dir='ltr'>Berginium</span> <span class='ocrx_word' id='word_1_925' title='bbox 2322 2204 2404 2238; x_wconf 84' lang='lat' dir='ltr'>nibil</span> <span class='ocrx_word' id='word_1_926' title='bbox 2419 2204 2463 2238; x_wconf 87' lang='lat' dir='ltr'>de</span> 
     </span>
     <span class='ocr_line' id='line_1_106' title="bbox 1397 2252 2461 2295; baseline -0.001 -9"><span class='ocrx_word' id='word_1_927' title='bbox 1397 2254 1457 2286; x_wconf 91' lang='lat' dir='ltr'>hac</span> <span class='ocrx_word' id='word_1_928' title='bbox 1474 2255 1637 2287; x_wconf 89' lang='lat' dir='ltr'>structura</span> <span class='ocrx_word' id='word_1_929' title='bbox 1661 2252 1845 2286; x_wconf 89' lang='lat' dir='ltr'>adnotasse.</span> <span class='ocrx_word' id='word_1_930' title='bbox 1892 2254 2052 2286; x_wconf 86' lang='lat' dir='ltr'>Praeterea</span> <span class='ocrx_word' id='word_1_931' title='bbox 2077 2252 2158 2286; x_wconf 88' lang='lat' dir='ltr'>liber</span> <span class='ocrx_word' id='word_1_932' title='bbox 2179 2253 2269 2294; x_wconf 81' lang='lat' dir='ltr'>Lips.</span> <span class='ocrx_word' id='word_1_933' title='bbox 2291 2258 2461 2295; x_wconf 77' lang='lat' dir='ltr'>perperam</span> 
     </span>
     <span class='ocr_line' id='line_1_107' title="bbox 1396 2299 2461 2343; baseline -0.001 -8"><span class='ocrx_word' id='word_1_934' title='bbox 1396 2302 1553 2343; x_wconf 78' lang='grc' dir='ltr'>γενήσεως</span> <span class='ocrx_word' id='word_1_935' title='bbox 1566 2310 1624 2342; x_wconf 90' lang='lat' dir='ltr'>pro</span> <span class='ocrx_word' id='word_1_936' title='bbox 1639 2301 1792 2342; x_wconf 76' lang='grc' dir='ltr'>γενέσεως</span> <span class='ocrx_word' id='word_1_937' title='bbox 1806 2299 1939 2334; x_wconf 81' lang='lat' dir='ltr'>exhibet</span> <span class='ocrx_word' id='word_1_938' title='bbox 1953 2310 2056 2342; x_wconf 91' lang='lat' dir='ltr'>neque</span> <span class='ocrx_word' id='word_1_939' title='bbox 2073 2300 2251 2342; x_wconf 86' lang='lat' dir='ltr'>quidquam</span> <span class='ocrx_word' id='word_1_940' title='bbox 2270 2300 2346 2333; x_wconf 87' lang='lat' dir='ltr'>novi</span> <span class='ocrx_word' id='word_1_941' title='bbox 2366 2300 2461 2334; x_wconf 75' lang='lat' dir='ltr'>affert</span> 
     </span>
     <span class='ocr_line' id='line_1_108' title="bbox 1397 2347 2461 2392; baseline -0.002 -10"><span class='ocrx_word' id='word_1_942' title='bbox 1397 2350 1428 2382; x_wconf 89' lang='lat' dir='ltr'>in</span> <span class='ocrx_word' id='word_1_943' title='bbox 1447 2349 1555 2382; x_wconf 82' lang='lat' dir='ltr'>verbis</span> <span class='ocrx_word' id='word_1_944' title='bbox 1570 2349 1609 2382; x_wconf 80' lang='grc' dir='ltr'>ἐκ</span> <span class='ocrx_word' id='word_1_945' title='bbox 1633 2352 1696 2381; x_wconf 81' lang='grc' dir='ltr'>τῶν</span> <span class='ocrx_word' id='word_1_946' title='bbox 1716 2349 1897 2392; x_wconf 82' lang='grc' dir='ltr'>εἰρημένων,</span> <span class='ocrx_word' id='word_1_947' title='bbox 1921 2357 1997 2391; x_wconf 81' lang='lat' dir='ltr'>quae</span> <span class='ocrx_word' id='word_1_948' title='bbox 2015 2348 2171 2382; x_wconf 86' lang='lat' dir='ltr'>mendosa</span> <span class='ocrx_word' id='word_1_949' title='bbox 2199 2357 2272 2381; x_wconf 88' lang='lat' dir='ltr'>esse</span> <span class='ocrx_word' id='word_1_950' title='bbox 2292 2347 2461 2390; x_wconf 85' lang='lat' dir='ltr'>sequentia</span> 
     </span>
     <span class='ocr_line' id='line_1_109' title="bbox 1396 2395 2460 2442; baseline -0.001 -13"><span class='ocrx_word' id='word_1_951' title='bbox 1396 2396 1584 2430; x_wconf 87' lang='lat' dir='ltr'>ostendunt.</span> <span class='ocrx_word' id='word_1_952' title='bbox 1632 2395 1753 2429; x_wconf 82' lang='lat' dir='ltr'>Eodem</span> <span class='ocrx_word' id='word_1_953' title='bbox 1765 2396 1884 2430; x_wconf 89' lang='lat' dir='ltr'>mendo</span> <span class='ocrx_word' id='word_1_954' title='bbox 1894 2396 2047 2430; x_wconf 87' lang='lat' dir='ltr'>Feliciani</span> <span class='ocrx_word' id='word_1_955' title='bbox 2057 2396 2159 2430; x_wconf 85' lang='lat' dir='ltr'>codex</span> <span class='ocrx_word' id='word_1_956' title='bbox 2171 2396 2342 2442; x_wconf 57' lang='lat' dir='ltr'>laborarit,</span> <span class='ocrx_word' id='word_1_957' title='bbox 2354 2404 2460 2437; x_wconf 90' lang='lat' dir='ltr'>quum</span> 
     </span>
     <span class='ocr_line' id='line_1_110' title="bbox 1398 2443 2460 2486; baseline -0.001 -9"><span class='ocrx_word' id='word_1_958' title='bbox 1398 2445 1429 2477; x_wconf 92' lang='lat' dir='ltr'>in</span> <span class='ocrx_word' id='word_1_959' title='bbox 1447 2444 1713 2486; x_wconf 86' lang='lat' dir='ltr'>interpretatione</span> <span class='ocrx_word' id='word_1_960' title='bbox 1730 2443 1828 2476; x_wconf 90' lang='lat' dir='ltr'>latina</span> <span class='ocrx_word' id='word_1_961' title='bbox 1838 2443 2019 2486; x_wconf 86' lang='lat' dir='ltr'>reperiatur</span> <span class='ocrx_word' id='word_1_962' title='bbox 2032 2453 2040 2476; x_wconf 89' lang='lat'>:</span> <span class='ocrx_word' id='word_1_963' title='bbox 2055 2457 2071 2473; x_wconf 77' lang='lat'>‹-</span> <span class='ocrx_word' id='word_1_964' title='bbox 2088 2443 2225 2477; x_wconf 83' lang='lat' dir='ltr'>Atenim</span> <span class='ocrx_word' id='word_1_965' title='bbox 2241 2443 2321 2486; x_wconf 86' lang='lat' dir='ltr'>quid</span> <span class='ocrx_word' id='word_1_966' title='bbox 2333 2443 2460 2485; x_wconf 82' lang='lat' dir='ltr'>obstat,</span> 
     </span>
     <span class='ocr_line' id='line_1_111' title="bbox 1396 2490 2458 2533; baseline -0.002 -9"><span class='ocrx_word' id='word_1_967' title='bbox 1396 2491 1428 2525; x_wconf 86' lang='lat' dir='ltr'>id</span> <span class='ocrx_word' id='word_1_968' title='bbox 1446 2491 1532 2533; x_wconf 88' lang='lat' dir='ltr'>quod</span> <span class='ocrx_word' id='word_1_969' title='bbox 1552 2491 1732 2532; x_wconf 77' lang='lat' dir='ltr'>ingenitum</span> <span class='ocrx_word' id='word_1_970' title='bbox 1752 2494 1811 2530; x_wconf 84' lang='lat' dir='ltr'>est,</span> <span class='ocrx_word' id='word_1_971' title='bbox 1830 2499 1871 2524; x_wconf 86' lang='lat' dir='ltr'>ex</span> <span class='ocrx_word' id='word_1_972' title='bbox 1895 2490 2066 2525; x_wconf 85' lang='lat' dir='ltr'>antedictis</span> <span class='ocrx_word' id='word_1_973' title='bbox 2081 2491 2178 2524; x_wconf 83' lang='lat' dir='ltr'>tinem</span> <span class='ocrx_word' id='word_1_974' title='bbox 2197 2490 2332 2524; x_wconf 87' lang='lat' dir='ltr'>habere.</span> <span class='ocrx_word' id='word_1_975' title='bbox 2348 2502 2366 2519; x_wconf 72' lang='grc' dir='ltr'>ι</span> <span class='ocrx_word' id='word_1_976' title='bbox 2378 2491 2458 2523; x_wconf 73' lang='lat' dir='ltr'>Mihi</span> 
     </span>
     <span class='ocr_line' id='line_1_112' title="bbox 1397 2538 2460 2581; baseline -0.002 -8"><span class='ocrx_word' id='word_1_977' title='bbox 1397 2540 1519 2573; x_wconf 87' lang='lat' dir='ltr'>arridet</span> <span class='ocrx_word' id='word_1_978' title='bbox 1549 2539 1724 2581; x_wconf 82' lang='lat' dir='ltr'>Spaldingii</span> <span class='ocrx_word' id='word_1_979' title='bbox 1749 2538 1933 2581; x_wconf 82' lang='lat' dir='ltr'>conjectura</span> <span class='ocrx_word' id='word_1_980' title='bbox 1953 2539 2011 2581; x_wconf 82' lang='lat' dir='ltr'>qui</span> <span class='ocrx_word' id='word_1_981' title='bbox 2039 2548 2097 2581; x_wconf 89' lang='lat' dir='ltr'>pro</span> <span class='ocrx_word' id='word_1_982' title='bbox 2119 2540 2157 2572; x_wconf 78' lang='grc' dir='ltr'>ἐκ</span> <span class='ocrx_word' id='word_1_983' title='bbox 2173 2538 2343 2572; x_wconf 84' lang='lat' dir='ltr'>substituit</span> <span class='ocrx_word' id='word_1_984' title='bbox 2369 2538 2460 2576; x_wconf 74' lang='grc' dir='ltr'>ἐκτός</span> 
     </span>
     <span class='ocr_line' id='line_1_113' title="bbox 1397 2585 2458 2632; baseline -0.001 -12"><span class='ocrx_word' id='word_1_985' title='bbox 1397 2588 1448 2629; x_wconf 88' lang='lat' dir='ltr'>(eo</span> <span class='ocrx_word' id='word_1_986' title='bbox 1479 2596 1573 2621; x_wconf 90' lang='lat' dir='ltr'>sensu</span> <span class='ocrx_word' id='word_1_987' title='bbox 1603 2589 1773 2627; x_wconf 84' lang='lat' dir='ltr'>acceptum</span> <span class='ocrx_word' id='word_1_988' title='bbox 1809 2595 1876 2628; x_wconf 91' lang='lat' dir='ltr'>quo</span> <span class='ocrx_word' id='word_1_989' title='bbox 1905 2589 1955 2620; x_wconf 87' lang='lat' dir='ltr'>est</span> <span class='ocrx_word' id='word_1_990' title='bbox 1981 2586 2066 2628; x_wconf 90' lang='lat' dir='ltr'>apud</span> <span class='ocrx_word' id='word_1_991' title='bbox 2084 2586 2170 2620; x_wconf 83' lang='lat' dir='ltr'>Plat.</span> <span class='ocrx_word' id='word_1_992' title='bbox 2201 2587 2348 2632; x_wconf 51' lang='lat' dir='ltr'>Gorg-‚D</span> <span class='ocrx_word' id='word_1_993' title='bbox 2376 2585 2458 2628; x_wconf 70' lang='grc' dir='ltr'>ἔχεις</span> 
     </span>
     <span class='ocr_line' id='line_1_114' title="bbox 1396 2633 2462 2676; baseline 0 -10"><span class='ocrx_word' id='word_1_994' title='bbox 1396 2647 1426 2667; x_wconf 79' lang='grc' dir='ltr'>τι</span> <span class='ocrx_word' id='word_1_995' title='bbox 1439 2635 1527 2672; x_wconf 80' lang='grc' dir='ltr'>ἐκτὸς</span> <span class='ocrx_word' id='word_1_996' title='bbox 1544 2635 1664 2666; x_wconf 83' lang='grc' dir='ltr'>τούτων</span> <span class='ocrx_word' id='word_1_997' title='bbox 1690 2635 1790 2676; x_wconf 84' lang='grc' dir='ltr'>λέγειν</span> <span class='ocrx_word' id='word_1_998' title='bbox 1810 2637 1842 2667; x_wconf 91' lang='lat' dir='ltr'>et</span> <span class='ocrx_word' id='word_1_999' title='bbox 1863 2633 1970 2675; x_wconf 85' lang='lat' dir='ltr'>alios),</span> <span class='ocrx_word' id='word_1_1000' title='bbox 1991 2635 2029 2667; x_wconf 91' lang='lat' dir='ltr'>ut</span> <span class='ocrx_word' id='word_1_1001' title='bbox 2056 2634 2090 2667; x_wconf 90' lang='lat' dir='ltr'>in</span> <span class='ocrx_word' id='word_1_1002' title='bbox 2116 2633 2224 2667; x_wconf 84' lang='lat' dir='ltr'>verbis</span> <span class='ocrx_word' id='word_1_1003' title='bbox 2256 2633 2462 2667; x_wconf 79' lang='lat' dir='ltr'>Aristoteleis</span> 
     </span>
     <span class='ocr_line' id='line_1_115' title="bbox 1397 2681 2456 2724; baseline 0 -10"><span class='ocrx_word' id='word_1_1004' title='bbox 1397 2682 1467 2715; x_wconf 86' lang='lat' dir='ltr'>haec</span> <span class='ocrx_word' id='word_1_1005' title='bbox 1480 2682 1523 2715; x_wconf 91' lang='lat' dir='ltr'>sit</span> <span class='ocrx_word' id='word_1_1006' title='bbox 1537 2682 1696 2715; x_wconf 88' lang='lat' dir='ltr'>sententia</span> <span class='ocrx_word' id='word_1_1007' title='bbox 1713 2695 1720 2714; x_wconf 90' lang='lat'>:</span> <span class='ocrx_word' id='word_1_1008' title='bbox 1735 2694 1751 2710; x_wconf 72' lang='grc' dir='ltr'>α</span> <span class='ocrx_word' id='word_1_1009' title='bbox 1766 2681 1853 2720; x_wconf 91' lang='lat' dir='ltr'>Quid</span> <span class='ocrx_word' id='word_1_1010' title='bbox 1869 2683 1978 2714; x_wconf 86' lang='lat' dir='ltr'>autem</span> <span class='ocrx_word' id='word_1_1011' title='bbox 1992 2684 2093 2723; x_wconf 87' lang='lat' dir='ltr'>vetat,</span> <span class='ocrx_word' id='word_1_1012' title='bbox 2109 2681 2159 2714; x_wconf 86' lang='lat' dir='ltr'>vel</span> <span class='ocrx_word' id='word_1_1013' title='bbox 2176 2681 2223 2722; x_wconf 75' lang='lat' dir='ltr'>id,</span> <span class='ocrx_word' id='word_1_1014' title='bbox 2235 2681 2325 2724; x_wconf 86' lang='lat' dir='ltr'>quod</span> <span class='ocrx_word' id='word_1_1015' title='bbox 2343 2681 2456 2714; x_wconf 83' lang='lat' dir='ltr'>natum</span> 
     </span>
     <span class='ocr_line' id='line_1_116' title="bbox 1396 2727 2457 2771; baseline -0.004 -8"><span class='ocrx_word' id='word_1_1016' title='bbox 1396 2739 1461 2763; x_wconf 89' lang='lat' dir='ltr'>non</span> <span class='ocrx_word' id='word_1_1017' title='bbox 1481 2730 1539 2771; x_wconf 86' lang='lat' dir='ltr'>sit,</span> <span class='ocrx_word' id='word_1_1018' title='bbox 1559 2730 1678 2763; x_wconf 84' lang='lat' dir='ltr'>babere</span> <span class='ocrx_word' id='word_1_1019' title='bbox 1704 2729 1880 2762; x_wconf 88' lang='lat' dir='ltr'>terminum</span> <span class='ocrx_word' id='word_1_1020' title='bbox 1900 2729 2017 2771; x_wconf 84' lang='lat' dir='ltr'>praeter</span> <span class='ocrx_word' id='word_1_1021' title='bbox 2036 2727 2417 2761; x_wconf 73' lang='lat' dir='ltr'>commemoratosillos?</span> <span class='ocrx_word' id='word_1_1022' title='bbox 2437 2739 2457 2757; x_wconf 77' lang='lat' dir='ltr'>r·</span> 
     </span>
     <span class='ocr_line' id='line_1_117' title="bbox 1399 2775 2458 2820; baseline -0.004 -9"><span class='ocrx_word' id='word_1_1023' title='bbox 1399 2781 1550 2812; x_wconf 85' lang='lat' dir='ltr'>Extrema</span> <span class='ocrx_word' id='word_1_1024' title='bbox 1567 2786 1641 2820; x_wconf 83' lang='lat' dir='ltr'>quae</span> <span class='ocrx_word' id='word_1_1025' title='bbox 1661 2777 1779 2811; x_wconf 83' lang='lat' dir='ltr'>misere</span> <span class='ocrx_word' id='word_1_1026' title='bbox 1794 2780 1948 2818; x_wconf 81' lang='lat' dir='ltr'>corrupta</span> <span class='ocrx_word' id='word_1_1027' title='bbox 1964 2777 2041 2809; x_wconf 90' lang='lat' dir='ltr'>sunt</span> <span class='ocrx_word' id='word_1_1028' title='bbox 2049 2776 2120 2808; x_wconf 85' lang='grc' dir='ltr'>ὅθεν</span> <span class='ocrx_word' id='word_1_1029' title='bbox 2133 2775 2292 2818; x_wconf 82' lang='grc' dir='ltr'>γίγνοιτο,</span> <span class='ocrx_word' id='word_1_1030' title='bbox 2308 2775 2336 2808; x_wconf 81' lang='grc' dir='ltr'>ει</span> <span class='ocrx_word' id='word_1_1031' title='bbox 2349 2775 2458 2817; x_wconf 76' lang='grc' dir='ltr'>γιγνό·</span> 
     </span>
     <span class='ocr_line' id='line_1_118' title="bbox 1396 2822 2458 2868; baseline -0.003 -9"><span class='ocrx_word' id='word_1_1032' title='bbox 1396 2838 1484 2868; x_wconf 81' lang='grc' dir='ltr'>μενοι,</span> <span class='ocrx_word' id='word_1_1033' title='bbox 1500 2826 1555 2859; x_wconf 82' lang='lat' dir='ltr'>sed</span> <span class='ocrx_word' id='word_1_1034' title='bbox 1580 2827 1613 2858; x_wconf 91' lang='lat' dir='ltr'>in</span> <span class='ocrx_word' id='word_1_1035' title='bbox 1634 2825 1775 2858; x_wconf 87' lang='lat' dir='ltr'>editione</span> <span class='ocrx_word' id='word_1_1036' title='bbox 1795 2824 1909 2857; x_wconf 86' lang='lat' dir='ltr'>Aldina</span> <span class='ocrx_word' id='word_1_1037' title='bbox 1934 2824 2061 2857; x_wconf 85' lang='lat' dir='ltr'>minore</span> <span class='ocrx_word' id='word_1_1038' title='bbox 2076 2823 2175 2865; x_wconf 89' lang='lat' dir='ltr'>paulo</span> <span class='ocrx_word' id='word_1_1039' title='bbox 2193 2822 2316 2856; x_wconf 86' lang='lat' dir='ltr'>rectius</span> <span class='ocrx_word' id='word_1_1040' title='bbox 2337 2823 2458 2856; x_wconf 86' lang='lat' dir='ltr'>consti·</span> 
     </span>
     <span class='ocr_line' id='line_1_119' title="bbox 1396 2868 2457 2914; baseline -0.003 -8"><span class='ocrx_word' id='word_1_1041' title='bbox 1396 2875 1466 2907; x_wconf 81' lang='lat' dir='ltr'>tuta</span> <span class='ocrx_word' id='word_1_1042' title='bbox 1479 2874 1548 2907; x_wconf 73' lang='grc' dir='ltr'>ὅθεν</span> <span class='ocrx_word' id='word_1_1043' title='bbox 1563 2873 1699 2914; x_wconf 63' lang='grc' dir='ltr'>γίγνοιτο</span> <span class='ocrx_word' id='word_1_1044' title='bbox 1712 2872 1753 2904; x_wconf 82' lang='grc' dir='ltr'>τὰ</span> <span class='ocrx_word' id='word_1_1045' title='bbox 1765 2872 1933 2913; x_wconf 85' lang='grc' dir='ltr'>γιγνόμενα</span> <span class='ocrx_word' id='word_1_1046' title='bbox 1940 2871 2052 2913; x_wconf 87' lang='lat' dir='ltr'>(quam</span> <span class='ocrx_word' id='word_1_1047' title='bbox 2066 2870 2259 2912; x_wconf 75' lang='lat' dir='ltr'>scripturam</span> <span class='ocrx_word' id='word_1_1048' title='bbox 2274 2868 2457 2903; x_wconf 75' lang='lat' dir='ltr'>Feliciauus</span> 
     </span>
     <span class='ocr_line' id='line_1_120' title="bbox 1396 2916 2456 2962; baseline -0.002 -9"><span class='ocrx_word' id='word_1_1049' title='bbox 1396 2921 1555 2962; x_wconf 85' lang='lat' dir='ltr'>expressit</span> <span class='ocrx_word' id='word_1_1050' title='bbox 1571 2922 1603 2952; x_wconf 86' lang='lat' dir='ltr'>et</span> <span class='ocrx_word' id='word_1_1051' title='bbox 1622 2918 1828 2960; x_wconf 86' lang='lat' dir='ltr'>Spaldingius</span> <span class='ocrx_word' id='word_1_1052' title='bbox 1843 2919 1964 2952; x_wconf 88' lang='lat' dir='ltr'>inserto</span> <span class='ocrx_word' id='word_1_1053' title='bbox 1982 2919 2043 2960; x_wconf 76' lang='grc' dir='ltr'>ἀεὶ,</span> <span class='ocrx_word' id='word_1_1054' title='bbox 2059 2919 2095 2950; x_wconf 83' lang='grc' dir='ltr'>υι</span> <span class='ocrx_word' id='word_1_1055' title='bbox 2113 2918 2200 2950; x_wconf 86' lang='lat' dir='ltr'>esset</span> <span class='ocrx_word' id='word_1_1056' title='bbox 2221 2916 2263 2949; x_wconf 82' lang='grc' dir='ltr'>τὰ</span> <span class='ocrx_word' id='word_1_1057' title='bbox 2281 2916 2330 2949; x_wconf 81' lang='grc' dir='ltr'>ἀεὶ</span> <span class='ocrx_word' id='word_1_1058' title='bbox 2348 2917 2456 2959; x_wconf 80' lang='grc' dir='ltr'>γιγνό·</span> 
     </span>
     <span class='ocr_line' id='line_1_121' title="bbox 1397 2963 2452 3010; baseline -0.004 -10"><span class='ocrx_word' id='word_1_1059' title='bbox 1397 2979 1486 3010; x_wconf 76' lang='grc' dir='ltr'>μενοι,</span> <span class='ocrx_word' id='word_1_1060' title='bbox 1506 2967 1590 3000; x_wconf 86' lang='lat' dir='ltr'>tueri</span> <span class='ocrx_word' id='word_1_1061' title='bbox 1604 2966 1759 3007; x_wconf 81' lang='lat' dir='ltr'>volebat),</span> <span class='ocrx_word' id='word_1_1062' title='bbox 1775 2975 1861 2999; x_wconf 89' lang='lat' dir='ltr'>nunc</span> <span class='ocrx_word' id='word_1_1063' title='bbox 1876 2965 2040 2999; x_wconf 80' lang='lat' dir='ltr'>emendari</span> <span class='ocrx_word' id='word_1_1064' title='bbox 2062 2965 2197 3007; x_wconf 88' lang='lat' dir='ltr'>possunt</span> <span class='ocrx_word' id='word_1_1065' title='bbox 2209 2972 2228 2997; x_wconf 89' lang='lat' dir='ltr'>e</span> <span class='ocrx_word' id='word_1_1066' title='bbox 2244 2963 2330 2997; x_wconf 90' lang='lat' dir='ltr'>libro</span> <span class='ocrx_word' id='word_1_1067' title='bbox 2345 2965 2452 3006; x_wconf 74' lang='lat' dir='ltr'>Lips.,</span> 
     </span>
     <span class='ocr_line' id='line_1_122' title="bbox 1397 3012 2459 3058; baseline -0.004 -10"><span class='ocrx_word' id='word_1_1068' title='bbox 1397 3016 1451 3048; x_wconf 89' lang='lat' dir='ltr'>ubi</span> <span class='ocrx_word' id='word_1_1069' title='bbox 1476 3016 1557 3058; x_wconf 73' lang='grc' dir='ltr'>ἔχειν</span> <span class='ocrx_word' id='word_1_1070' title='bbox 1579 3014 1679 3058; x_wconf 74' lang='grc' dir='ltr'>ἀρχὴν</span> <span class='ocrx_word' id='word_1_1071' title='bbox 1706 3014 1834 3047; x_wconf 80' lang='lat' dir='ltr'>inverso</span> <span class='ocrx_word' id='word_1_1072' title='bbox 1861 3014 1974 3047; x_wconf 86' lang='lat' dir='ltr'>ordine</span> <span class='ocrx_word' id='word_1_1073' title='bbox 2003 3014 2037 3047; x_wconf 75' lang='lat' dir='ltr'>et</span> <span class='ocrx_word' id='word_1_1074' title='bbox 2060 3013 2129 3046; x_wconf 81' lang='grc' dir='ltr'>ὅθεν</span> <span class='ocrx_word' id='word_1_1075' title='bbox 2151 3012 2264 3055; x_wconf 73' lang='grc' dir='ltr'>ἤρξατο</span> <span class='ocrx_word' id='word_1_1076' title='bbox 2283 3012 2459 3054; x_wconf 76' lang='grc' dir='ltr'>γιγνόμενα</span> 
     </span>
     <span class='ocr_line' id='line_1_123' title="bbox 1396 3059 2453 3101; baseline -0.003 -6"><span class='ocrx_word' id='word_1_1077' title='bbox 1396 3065 1514 3096; x_wconf 78' lang='lat' dir='ltr'>exstat.</span> <span class='ocrx_word' id='word_1_1078' title='bbox 1557 3061 1797 3096; x_wconf 84' lang='lat' dir='ltr'>Sententiarum</span> <span class='ocrx_word' id='word_1_1079' title='bbox 1821 3065 1929 3095; x_wconf 84' lang='lat' dir='ltr'>tamen</span> <span class='ocrx_word' id='word_1_1080' title='bbox 1952 3060 2154 3094; x_wconf 90' lang='lat' dir='ltr'>continuatio</span> <span class='ocrx_word' id='word_1_1081' title='bbox 2175 3059 2370 3101; x_wconf 82' lang='lat' dir='ltr'>singularem</span> <span class='ocrx_word' id='word_1_1082' title='bbox 2388 3069 2453 3093; x_wconf 85' lang='lat' dir='ltr'>nu-</span> 
     </span>
     <span class='ocr_line' id='line_1_124' title="bbox 1397 3106 2458 3152; baseline -0.006 -8"><span class='ocrx_word' id='word_1_1083' title='bbox 1397 3119 1523 3144; x_wconf 84' lang='lat' dir='ltr'>merum</span> <span class='ocrx_word' id='word_1_1084' title='bbox 1539 3110 1732 3152; x_wconf 85' lang='grc' dir='ltr'>γιγνὸμενον,</span> <span class='ocrx_word' id='word_1_1085' title='bbox 1749 3109 1849 3151; x_wconf 90' lang='lat' dir='ltr'>quiet</span> <span class='ocrx_word' id='word_1_1086' title='bbox 1866 3108 2000 3150; x_wconf 81' lang='lat' dir='ltr'>Bergkio</span> <span class='ocrx_word' id='word_1_1087' title='bbox 2015 3110 2166 3149; x_wconf 83' lang='lat' dir='ltr'>praestare</span> <span class='ocrx_word' id='word_1_1088' title='bbox 2182 3107 2269 3139; x_wconf 81' lang='lat' dir='ltr'>visus</span> <span class='ocrx_word' id='word_1_1089' title='bbox 2283 3107 2351 3146; x_wconf 88' lang='lat' dir='ltr'>est,</span> <span class='ocrx_word' id='word_1_1090' title='bbox 2366 3106 2458 3148; x_wconf 82' lang='lat' dir='ltr'>nagi-</span> 
     </span>
     <span class='ocr_line' id='line_1_125' title="bbox 1397 3153 2455 3197; baseline -0.004 -6"><span class='ocrx_word' id='word_1_1091' title='bbox 1397 3160 1454 3191; x_wconf 87' lang='lat' dir='ltr'>tat.</span> <span class='ocrx_word' id='word_1_1092' title='bbox 1500 3157 1718 3196; x_wconf 89' lang='lat' dir='ltr'>Quamobrem</span> <span class='ocrx_word' id='word_1_1093' title='bbox 1728 3156 1843 3189; x_wconf 91' lang='lat' dir='ltr'>ultima</span> <span class='ocrx_word' id='word_1_1094' title='bbox 1854 3156 1902 3188; x_wconf 90' lang='lat' dir='ltr'>sic</span> <span class='ocrx_word' id='word_1_1095' title='bbox 1918 3156 2176 3188; x_wconf 78' lang='lat' dir='ltr'>conformamus:</span> <span class='ocrx_word' id='word_1_1096' title='bbox 2191 3155 2231 3187; x_wconf 78' lang='lat' dir='ltr'>Et</span> <span class='ocrx_word' id='word_1_1097' title='bbox 2243 3153 2305 3197; x_wconf 81' lang='grc' dir='ltr'>γὰρ</span> <span class='ocrx_word' id='word_1_1098' title='bbox 2317 3153 2455 3196; x_wconf 78' lang='grc' dir='ltr'>ἐγένετο,</span> 
     </span>
    </p>
   </div>
   <div class='ocr_carea' id='block_1_10' title="bbox 1385 3201 2458 3248">
    <p class='ocr_par' dir='ltr' id='par_1_13' title="bbox 1385 3201 2458 3248">
     <span class='ocr_line' id='line_1_126' title="bbox 1385 3201 2458 3248; baseline -0.006 -9"><span class='ocrx_word' id='word_1_1099' title='bbox 1385 3208 1478 3248; x_wconf 67' lang='grc' dir='ltr'>Δἔχειν</span> <span class='ocrx_word' id='word_1_1100' title='bbox 1508 3206 1609 3248; x_wconf 80' lang='grc' dir='ltr'>ἀρχὴν</span> <span class='ocrx_word' id='word_1_1101' title='bbox 1635 3204 1717 3241; x_wconf 78' lang='grc' dir='ltr'>ἀξιοῖ</span> <span class='ocrx_word' id='word_1_1102' title='bbox 1740 3204 1878 3246; x_wconf 81' lang='grc' dir='ltr'>ταύτην,’</span> <span class='ocrx_word' id='word_1_1103' title='bbox 1895 3204 1965 3236; x_wconf 83' lang='grc' dir='ltr'>ὅθεν</span> <span class='ocrx_word' id='word_1_1104' title='bbox 1986 3204 2098 3246; x_wconf 81' lang='grc' dir='ltr'>ἤρξατο</span> <span class='ocrx_word' id='word_1_1105' title='bbox 2123 3201 2319 3244; x_wconf 79' lang='grc' dir='ltr'>γιγνόμενον.</span> <span class='ocrx_word' id='word_1_1106' title='bbox 2355 3201 2458 3234; x_wconf 71' lang='lat' dir='ltr'>Post·</span> 
     </span>
    </p>
   </div>
   <div class='ocr_carea' id='block_1_11' title="bbox 1397 3249 2459 3530">
    <p class='ocr_par' dir='ltr' id='par_1_14' title="bbox 1397 3249 2459 3530">
     <span class='ocr_line' id='line_1_127' title="bbox 1397 3249 2459 3294; baseline -0.003 -10"><span class='ocrx_word' id='word_1_1107' title='bbox 1397 3262 1495 3294; x_wconf 89' lang='lat' dir='ltr'>quam</span> <span class='ocrx_word' id='word_1_1108' title='bbox 1516 3253 1704 3287; x_wconf 79' lang='lat' dir='ltr'>Aristoteles</span> <span class='ocrx_word' id='word_1_1109' title='bbox 1730 3260 1834 3293; x_wconf 81' lang='lat' dir='ltr'>usque</span> <span class='ocrx_word' id='word_1_1110' title='bbox 1854 3250 1894 3284; x_wconf 89' lang='lat' dir='ltr'>ad</span> <span class='ocrx_word' id='word_1_1111' title='bbox 1919 3251 2005 3283; x_wconf 88' lang='lat' dir='ltr'>hunc</span> <span class='ocrx_word' id='word_1_1112' title='bbox 2025 3251 2133 3283; x_wconf 90' lang='lat' dir='ltr'>locum</span> <span class='ocrx_word' id='word_1_1113' title='bbox 2162 3259 2264 3283; x_wconf 92' lang='lat' dir='ltr'>unum</span> <span class='ocrx_word' id='word_1_1114' title='bbox 2291 3249 2459 3291; x_wconf 74' lang='lat' dir='ltr'>praecipue</span> 
     </span>
     <span class='ocr_line' id='line_1_128' title="bbox 1399 3296 2456 3340; baseline -0.004 -8"><span class='ocrx_word' id='word_1_1115' title='bbox 1399 3300 1518 3332; x_wconf 84' lang='lat' dir='ltr'>Melissi</span> <span class='ocrx_word' id='word_1_1116' title='bbox 1533 3300 1711 3339; x_wconf 87' lang='lat' dir='ltr'>decretum,</span> <span class='ocrx_word' id='word_1_1117' title='bbox 1728 3308 1793 3340; x_wconf 88' lang='lat' dir='ltr'>quo</span> <span class='ocrx_word' id='word_1_1118' title='bbox 1817 3299 1896 3331; x_wconf 80' lang='lat' dir='ltr'>nihil</span> <span class='ocrx_word' id='word_1_1119' title='bbox 1918 3307 2064 3340; x_wconf 85' lang='lat' dir='ltr'>unquam</span> <span class='ocrx_word' id='word_1_1120' title='bbox 2085 3298 2174 3330; x_wconf 89' lang='lat' dir='ltr'>nasci</span> <span class='ocrx_word' id='word_1_1121' title='bbox 2188 3297 2326 3337; x_wconf 84' lang='lat' dir='ltr'>dixerat,</span> <span class='ocrx_word' id='word_1_1122' title='bbox 2350 3296 2456 3337; x_wconf 87' lang='lat' dir='ltr'>impu·</span> 
     </span>
     <span class='ocr_line' id='line_1_129' title="bbox 1399 3343 2457 3388; baseline -0.004 -9"><span class='ocrx_word' id='word_1_1123' title='bbox 1399 3348 1520 3388; x_wconf 79' lang='lat' dir='ltr'>gnavit,</span> <span class='ocrx_word' id='word_1_1124' title='bbox 1537 3347 1604 3388; x_wconf 87' lang='lat' dir='ltr'>jam</span> <span class='ocrx_word' id='word_1_1125' title='bbox 1626 3346 1764 3380; x_wconf 85' lang='lat' dir='ltr'>alterum</span> <span class='ocrx_word' id='word_1_1126' title='bbox 1784 3346 1854 3388; x_wconf 78' lang='lat' dir='ltr'>eius</span> <span class='ocrx_word' id='word_1_1127' title='bbox 1873 3346 1989 3388; x_wconf 80' lang='lat' dir='ltr'>dogma</span> <span class='ocrx_word' id='word_1_1128' title='bbox 2010 3346 2191 3378; x_wconf 84' lang='lat' dir='ltr'>convellere</span> <span class='ocrx_word' id='word_1_1129' title='bbox 2212 3346 2245 3379; x_wconf 91' lang='lat' dir='ltr'>et</span> <span class='ocrx_word' id='word_1_1130' title='bbox 2262 3343 2457 3377; x_wconf 80' lang='lat' dir='ltr'>labefactare</span> 
     </span>
     <span class='ocr_line' id='line_1_130' title="bbox 1400 3390 2451 3436; baseline -0.004 -9"><span class='ocrx_word' id='word_1_1131' title='bbox 1400 3398 1519 3435; x_wconf 83' lang='lat' dir='ltr'>tentat,</span> <span class='ocrx_word' id='word_1_1132' title='bbox 1539 3403 1605 3436; x_wconf 88' lang='lat' dir='ltr'>quo</span> <span class='ocrx_word' id='word_1_1133' title='bbox 1623 3393 1711 3436; x_wconf 88' lang='lat' dir='ltr'>quod</span> <span class='ocrx_word' id='word_1_1134' title='bbox 1738 3397 1833 3433; x_wconf 82' lang='lat' dir='ltr'>esset,</span> <span class='ocrx_word' id='word_1_1135' title='bbox 1860 3394 1945 3427; x_wconf 87' lang='lat' dir='ltr'>idem</span> <span class='ocrx_word' id='word_1_1136' title='bbox 1972 3394 2135 3426; x_wconf 81' lang='lat' dir='ltr'>infinitum</span> <span class='ocrx_word' id='word_1_1137' title='bbox 2155 3401 2225 3426; x_wconf 88' lang='lat' dir='ltr'>esse</span> <span class='ocrx_word' id='word_1_1138' title='bbox 2255 3390 2451 3425; x_wconf 78' lang='lat' dir='ltr'>affirmabat.</span> 
     </span>
     <span class='ocr_line' id='line_1_131' title="bbox 1399 3439 2452 3483; baseline -0.004 -9"><span class='ocrx_word' id='word_1_1139' title='bbox 1399 3445 1507 3480; x_wconf 91' lang='lat' dir='ltr'>Quum</span> <span class='ocrx_word' id='word_1_1140' title='bbox 1524 3443 1619 3483; x_wconf 83' lang='lat' dir='ltr'>igitur</span> <span class='ocrx_word' id='word_1_1141' title='bbox 1637 3441 1726 3474; x_wconf 88' lang='lat' dir='ltr'>nasci</span> <span class='ocrx_word' id='word_1_1142' title='bbox 1749 3440 1899 3482; x_wconf 81' lang='lat' dir='ltr'>quaedam</span> <span class='ocrx_word' id='word_1_1143' title='bbox 1920 3441 1987 3473; x_wconf 85' lang='lat' dir='ltr'>sive</span> <span class='ocrx_word' id='word_1_1144' title='bbox 2009 3441 2098 3474; x_wconf 83' lang='lat' dir='ltr'>finita</span> <span class='ocrx_word' id='word_1_1145' title='bbox 2114 3442 2182 3476; x_wconf 87' lang='lat' dir='ltr'>sive</span> <span class='ocrx_word' id='word_1_1146' title='bbox 2200 3439 2326 3472; x_wconf 81' lang='lat' dir='ltr'>infinita</span> <span class='ocrx_word' id='word_1_1147' title='bbox 2342 3439 2452 3471; x_wconf 84' lang='lat' dir='ltr'>essent</span> 
     </span>
     <span class='ocr_line' id='line_1_132' title="bbox 1399 3487 2456 3530; baseline -0.004 -8"><span class='ocrx_word' id='word_1_1148' title='bbox 1399 3489 1486 3523; x_wconf 87' lang='lat' dir='ltr'>initia</span> <span class='ocrx_word' id='word_1_1149' title='bbox 1498 3499 1604 3523; x_wconf 87' lang='lat' dir='ltr'>rerum</span> <span class='ocrx_word' id='word_1_1150' title='bbox 1618 3489 1734 3522; x_wconf 82' lang='lat' dir='ltr'>docere</span> <span class='ocrx_word' id='word_1_1151' title='bbox 1747 3489 1936 3530; x_wconf 85' lang='lat' dir='ltr'>studuisset,</span> <span class='ocrx_word' id='word_1_1152' title='bbox 1951 3489 2013 3521; x_wconf 85' lang='lat' dir='ltr'>liac</span> <span class='ocrx_word' id='word_1_1153' title='bbox 2029 3498 2115 3522; x_wconf 86' lang='lat' dir='ltr'>nunc</span> <span class='ocrx_word' id='word_1_1154' title='bbox 2126 3488 2244 3522; x_wconf 89' lang='lat' dir='ltr'>omissa</span> <span class='ocrx_word' id='word_1_1155' title='bbox 2261 3487 2456 3520; x_wconf 78' lang='lat' dir='ltr'>controver-</span> 
     </span>
    </p>
   </div>
   <div class='ocr_carea' id='block_1_12' title="bbox 2532 0 2612 2398">
    <p class='ocr_par' dir='ltr' id='par_1_15' title="bbox 2532 0 2612 2398">
     <span class='ocr_line' id='line_1_133' title="bbox 2532 0 2612 2398; baseline 0 0"><span class='ocrx_word' id='word_1_1156' title='bbox 2532 0 2612 2398; x_wconf 95' lang='lat' dir='ltr'> </span> 
     </span>
    </p>
   </div>
  </div>
 </body>
</html>
