2612 3814
46 557 57 570 ⁴:

31 608 35 614 1
58 596 62 605 ι

32 620 34 627 ι
54 620 64 629 ;.

31 662 56 679 ,Ἰ

31 683 35 692 ⁴

33 725 36 734 t

10 799 11 803 ,
42 792 54 807 ,ι,

35 815 60 842 ἵζ’

34 849 49 884 3

10 903 13 905 i
33 886 59 910 {52

42 923 58 932 ι.

1113 256 1433 297 FRAGMENTA
1444 285 1454 294 .
2287 262 2362 298 343

207 364 256 391 κ.
287 348 475 401 Τράπεζαν
500 344 695 384 πολυτελέα
726 344 789 397 μὲν
810 343 902 397 τύχη
923 342 1161 395 παρατίθησι,
1190 345 1254 382 αὐ-

288 404 419 460 ταρκέα
441 403 477 443 δὲ
494 402 714 456 σωφροσύνη.

343 463 465 517 (Stob.
489 462 593 501 Flor.
607 461 655 509 V,
674 462 755 513 38.)

208 537 258 563 37.
290 522 335 561 Εἴ
355 538 406 566 τις
426 519 640 573 ὓπερὸάλλοι
658 519 699 558 τὸ
722 518 879 573 μέτριον,
906 519 950 559 τὰ
979 518 1257 572 ἐπιτερπέστατα

288 580 529 634 ἀτερπέστατα
547 579 587 617 ἂν
607 579 749 629 γίνοιτο.

341 638 464 691 (Stob.
489 637 593 677 Flor.
612 637 700 685 VII,
723 639 787 675 60.
804 637 869 685 VI,
893 636 972 690 39.)

209 712 260 739 38.
292 698 453 744 Ξενιτείη
476 697 551 749 βίου
569 697 780 749 αὐταρκείην
802 696 976 736 διδάσκει·
996 697 1089 747 μᾶζα
1114 693 1181 747 γὰρ
1201 694 1259 733 καὶ

289 757 411 802 στιὸὰς
429 758 535 808 λιμοῦ
551 756 611 795 καὶ
625 755 733 795 κόπου
753 755 955 809 γλυκύτατα
971 755 1124 806 ἰάματα.

346 816 470 868 (Stob.
492 816 596 854 Flor.
611 814 692 864 XL,
710 814 765 868 6.)

208 890 257 918 ³⁹.
289 875 491 928 Αὐταρκείῃ
512 877 642 928 τροφῆς
661 874 781 928 μακρὴ
801 872 861 919 νὺξ
878 873 1042 912 οὐδέποτε
1058 872 1203 923 γίνεται.

346 937 503 989 (Anton.
522 945 560 975 et
589 936 693 974 Max.
723 950 760 988 p.
786 935 873 980 145.
896 935 991 973 Cod.
1022 934 1125 973 Flor.
1150 931 1259 971 Stob.

290 996 413 1036 Gaisf.
432 996 482 1034 IV
498 1010 537 1047 p.
555 997 658 1046 434.)

210 1069 259 1095 40.
289 1056 346 1095 Τὰ
365 1053 514 1106 μέγιστα
532 1057 600 1093 τῶν
627 1056 745 1092 κακῶν
766 1054 797 1092 οἳ
817 1051 962 1099 πένητες
991 1048 1259 1104 ἐκπεφεύγασιν,

292 1112 499 1160 ἐπιδουλήν,
521 1111 642 1165 φθόνον
663 1110 724 1150 καὶ
743 1111 843 1163 μῖσος
855 1139 865 1157 ,
887 1103 937 1154 οἷς
952 1111 984 1148 οἱ
1004 1109 1163 1148 πλούσιοι
1182 1110 1259 1146 καθ’

289 1171 424 1223 ἡμέραν
442 1175 673 1210 συνοικοῦσιν.

348 1232 502 1277 (Anton.
521 1238 558 1267 et
575 1229 679 1270 Max.
699 1242 740 1280 p.
756 1226 865 1279 786.)Ι

210 1303 261 1330 41.
292 1288 483 1329 Γινώσκειν
499 1287 614 1341 χρεὼν
645 1287 866 1340 ἀνθρωπίνην
889 1285 1006 1338 βιοτὴν
1037 1283 1196 1337 ἀφαυρήν
1225 1299 1262 1322 τε

293 1350 417 1388 ἐοῦσαν
438 1347 498 1386 καὶ
519 1345 750 1399 ὀλιγοχρόνιον
770 1344 922 1398 πολλῇσί
943 1359 981 1383 τε
1000 1343 1105 1395 κηρσὶ
1125 1358 1264 1393 συμπε-

293 1406 471 1460 φυρμένην
493 1406 553 1444 καὶ
573 1404 812 1458 ἀμηχανίῃσι,
833 1404 922 1448 ὅκως
940 1403 980 1442 ἄν
997 1418 1046 1446 τις
1067 1401 1209 1455 μετρίης
1226 1417 1262 1440 τε

293 1465 434 1512 κτήσιος
451 1466 662 1515 ἐπιμελῆται
678 1464 738 1503 καὶ
755 1465 929 1517 μετρῆται
945 1462 1003 1502 ἐπὶ
1031 1467 1120 1500 τοῖσι
1147 1463 1261 1514 ἀναγ-

294 1524 424 1563 καίοισι
443 1527 465 1571 ἡ
482 1522 720 1575 ταλαιπωρίη.

353 1582 471 1633 (Stob.
491 1582 594 1622 Flor.
614 1580 785 1629 XCVIII,
804 1581 885 1631 65.)

213 1655 264 1681 ⁴2.
294 1640 425 1688 Πενίην
444 1641 621 1685 ἐπιεικέως
641 1639 757 1692 φέρειν
778 1639 1043 1693 σωφρονεόντος.

352 1700 471 1752 (Stob.
491 1700 595 1738 Flor.
614 1699 689 1750 CV,
708 1701 789 1750 70.)

214 1774 263 1800 43.
292 1759 437 1812 Ἀπορίη
472 1759 552 1805 ξυνὴ
581 1762 643 1806 τῆς
672 1758 819 1797 ἑκάστου
852 1755 1111 1810 χαλεπωτέρηζ
1130 1757 1168 1795 οὐ
1197 1755 1265 1808 γὰρ

296 1816 525 1858 ὑπολείπεται
548 1819 644 1861 ἐλπὶς
667 1817 883 1871 ἐπικουρίης.

353 1877 473 1928 (Stob.
493 1877 520 1915 F
523 1878 597 1917 lor.
617 1876 714 1924 CIV,
735 1879 811 1927 20.)

214 1950 261 1976 44.
293 1935 492 1988 Ἀλογιστίη
526 1935 575 1986 μὴ
613 1934 823 1988 ξυγχωρέειν
854 1937 937 1987 τ’ᾗσι
967 1934 1059 1974 κατὰ
1099 1933 1156 1973 τὸν
1194 1933 1267 1985 βίον

303 1995 490 2046 ανάγκῃσι.

349 2054 474 2106 (Stob.
491 2053 596 2093 Flor.
613 2052 756 2098 CVIII,
775 2053 854 2102 64.)

215 2128 264 2154 45.
295 2115 397 2154 Τοῖσι
416 2116 433 2151 ὁ
452 2113 578 2165 τρόπος
610 2112 684 2151 ἐστὶ
713 2110 897 2161 εὔτακτος,
917 2109 1085 2149 τουτέοισι
1110 2109 1169 2148 καὶ
1199 2109 1270 2162 βίος

297 2171 536 2218 ξυντέτακται.

260 2325 310 2355 36.
333 2323 477 2354 Mensam
494 2320 666 2362 pretiosam
678 2320 804 2352 fortuna
818 2318 961 2361 apponit,
972 2318 1045 2350 usui
1059 2317 1270 2349 sufficientem

218 2379 440 2421 temperantia.

261 2440 312 2472 37.
336 2439 368 2471 Si
387 2439 459 2479 quis
474 2437 608 2470 modum
628 2436 818 2476 excesserit,
840 2435 1029 2468 suavissima
1056 2443 1194 2476 quaeque
1222 2435 1271 2466 in-

219 2499 408 2532 suavissima
426 2499 511 2530 tient.

262 2560 314 2590 38.
339 2556 551 2596 Peregrinatio
581 2555 657 2587 vitae
688 2553 902 2595 frugalitatem
929 2552 1045 2593 docet;
1075 2561 1150 2584 nam
1182 2552 1272 2593 panis

222 2616 419 2649 hordeaceus
439 2617 470 2647 et
491 2618 581 2646 torus
598 2613 792 2646 stramineus
809 2612 900 2645 samis
911 2620 949 2644 ac
962 2611 1078 2644 laboris
1092 2610 1272 2644 dulcissima

220 2676 296 2709 sunt
311 2674 461 2708 remedia.

263 2736 315 2767 39.
339 2733 506 2766 Moderato
525 2731 613 2764 victu
632 2730 817 2772 (contentis)
833 2729 920 2762 nulla
938 2737 1080 2770 unquam
1098 2736 1163 2760 nox
1180 2727 1273 2768 longa

222 2794 267 2835 (et
283 2791 431 2833 molesta)
445 2792 506 2824 est.

262 2854 314 2884 40.
339 2853 498 2892 Pauperes
514 2848 665 2881 maximis
679 2847 770 2880 malis
785 2856 848 2879 non
865 2846 1066 2885 infestantur,
1086 2846 1123 2878 ut
1139 2844 1272 2885 insidiis,

221 2911 340 2944 invidia
356 2912 389 2943 et
408 2909 499 2948 odio,
518 2908 635 2950 quibus
652 2907 767 2940 divites
788 2908 978 2948 premuntur
993 2904 1147 2946 quotidie.

264 2972 316 3004 41.
340 2971 579 3010 cognoscamus
599 2967 744 3007 oportet,
767 2966 864 2997 vitam
884 2965 1056 2997 humanam
1081 2962 1273 2995 imbecillam

221 3038 260 3062 ac
278 3028 410 3061 brevem
427 3027 601 3068 multisque
616 3025 851 3058 calamitatibus
873 3024 1026 3065 (fatorum
1050 3021 1223 3055 acerbitate
1238 3021 1275 3052 il-

222 3081 309 3128 latis)
325 3087 357 3119 ot
376 3095 482 3119 rerum
499 3084 651 3124 angustiis
671 3084 835 3116 turbatam
857 3091 946 3122 esse,
966 3083 1000 3113 ut
1020 3081 1060 3112 ad
1080 3079 1273 3112 mediocrem

224 3150 386 3189 quaestum
395 3146 575 3179 faciendum
584 3144 699 3177 intenti
709 3144 810 3176 simus
821 3147 918 3184 atque
934 3145 970 3175 ut
984 3142 1078 3174 rebus
1091 3139 1275 3173 necessariis

224 3206 385 3239 miseriam
403 3205 582 3237 metiamur.

267 3265 319 3296 42.
343 3264 568 3304 Paupertatem
596 3259 761 3295 moderate
783 3269 821 3293 ac
852 3260 1007 3302 patienter
1029 3259 1109 3291 ferre
1138 3257 1275 3289 hominis

224 3322 324 3356 sobrii
344 3323 404 3355 est.

268 3384 319 3414 43.
344 3380 478 3414 Gravior
498 3382 545 3412 est
565 3378 691 3421 publica
707 3387 805 3411 uuam
822 3377 943 3410 orivata
960 3374 1086 3417 inopia;
1103 3382 1167 3406 non
1189 3372 1274 3406 enim

225 3439 359 3474 subsidii
379 3447 452 3480 spes
473 3438 676 3479 relinquitur.

268 3500 323 3532 44.
358 3497 549 3531 Necessariis
568 3497 600 3529 in
627 3497 694 3529 vita
708 3495 803 3529 rebus
819 3504 882 3528 non
905 3494 1036 3535 cedere,
1058 3491 1193 3526 stultitia
1214 3491 1272 3523 est.

1453 343 1572 453 (Sgo)b.
1595 343 1697 382 Flor.
1714 342 1906 393 XXXVII,
1926 344 1990 382 25.
2011 344 2227 382 Democrat.
2246 346 2366 384 Orell-

1397 415 1438 440 n.
1461 415 1482 439 2
1514 431 1522 439 .

1332 519 1436 581 Περὶ
1471 519 1663 581 ἀμετρίης
1692 526 1772 564 τῶν
1803 519 1912 564 κατὰ
1939 520 1987 564 τὸ
2017 527 2138 581 σῶμα
2159 515 2354 566 ἠδονέων.

1319 650 1367 677 46.
1398 635 1554 686 Ὑγιείην
1579 638 1703 689 εὐχῇσι
1730 635 1829 688 παρὰ
1861 637 1946 674 θεῶν
1973 635 2146 674 αἷτέονται
2172 637 2371 689 ἄνθρωποι,

1400 695 1463 743 τὴν
1502 696 1538 734 δὲ
1572 695 1703 743 ταύτης
1740 695 1885 746 δύναμιν
1924 697 2006 747 παρ’
2036 697 2196 734 ἑωυτοῖσι
2236 695 2373 748 ἔχοντες

1401 756 1464 794 οὐκ
1504 753 1624 793 ἴσασι·
1669 753 1819 808 ἇκρασίῃ
1864 753 1900 793 δὲ
1947 754 2115 794 τάναντία
2159 755 2373 808 πρήσσοντες

1402 813 1498 852 αὐτοὶ
1524 813 1691 866 προδόται
1725 817 1786 862 τῆς
1817 813 1946 866 ὑγιείης
1976 816 2057 866 τῇσι
2086 814 2288 867 ἐπιθυμίῃσι
2321 816 2375 866 γί·

1400 888 1530 912 νονται.

1457 931 1579 983 (Stob.
1598 933 1704 971 Flor.
1720 931 1860 980 XVIII,
1888 932 1968 985 31.)

1321 1004 1371 1031 47.
1401 989 1509 1029 Ὅσοι
1532 989 1602 1028 ἀπὸ
1623 989 1771 1043 γαστρὸς
1791 989 1852 1034 τὰς
1867 991 1993 1039 ἡδονὰς
2007 989 2204 1039 ποιέονται,
2224 990 2374 1045 ὑπερὸε-

1405 1048 1574 1095 ὅληκότες
1590 1049 1648 1087 τὸν
1666 1049 1786 1102 καιρὸν
1803 1050 1861 1089 ἐπὶ
1880 1049 2031 1102 βρώσεσι
2050 1050 2073 1097 ἢ
2093 1050 2215 1089 πόσεσι
2231 1049 2254 1098 ἢ
2271 1053 2375 1104 ἀφρο·

1405 1108 1556 1154 δισίοισι,
1580 1108 1614 1145 ἐν
1633 1110 1723 1146 τοῖσι
1744 1115 1832 1147 πᾶσι
1853 1110 1888 1147 αἱ
1919 1108 1981 1160 μὲν
2011 1110 2131 1156 ἡδοναὶ
2153 1109 2317 1162 βραχεῖαί
2339 1125 2376 1147 τε

1404 1166 1464 1205 καὶ
1481 1167 1524 1204 δι’
1543 1166 1659 1218 ὀλίγου
1678 1167 1853 1219 γίνονται,
1869 1168 1992 1207 ὁκόσον
2014 1168 2055 1207 ἂν
2085 1169 2209 1221 χρόνον
2236 1169 2376 1209 ἐσθίωσι

1403 1224 1587 1283 ἢλπίνωσι,
1605 1226 1641 1263 αἱ
1667 1225 1702 1263 δὲ
1729 1227 1839 1264 λῦπαι
1863 1227 2005 1267 πολλαί.
2025 1230 2136 1266 Τοῦτο
2157 1227 2220 1278 μὲν
2241 1227 2309 1279 γὰρ
2336 1228 2376 1267 τὸ

1406 1284 1604 1334 ἐπιθυμέειν
1626 1284 1692 1323 αἰεὶ
1716 1287 1784 1323 τῶν
1815 1284 1947 1324 αὐτέων
1975 1285 2139 1337 πάρεστι·
2169 1287 2229 1325 καὶ
2250 1286 2376 1326 ὁκόταν

1404 1342 1571 1395 γένηται,
1603 1343 1726 1382 ὁκοίων
1758 1344 2003 1395 ἐπιθυμέουσι,
2031 1346 2089 1384 διὰ
2132 1345 2257 1398 ταχέος
2282 1362 2319 1384 τε
2349 1351 2371 1394 ἡ

1405 1401 1512 1450 ἡδονὴ
1542 1402 1752 1456 παροίχεται
1777 1403 1837 1442 καὶ
1858 1403 1955 1443 οὐδὲν
1981 1406 2015 1442 ἐν
2042 1403 2197 1444 αὐτέοισι
2223 1405 2377 1458 χρηστόν

1405 1463 1480 1500 ἐστι
1495 1492 1504 1508 ,
1523 1463 1601 1501 ἀλλ’
1618 1465 1640 1510 ἡ
1660 1462 1779 1516 τέρψις
1797 1465 1948 1517 βραχεῖα
1965 1463 2024 1502 καὶ
2042 1458 2137 1509 αὐτις
2153 1467 2221 1503 τῶν
2245 1464 2375 1504 αὐτέων

1406 1519 1486 1558 δέει.

1462 1578 1585 1629 (Stoi).
1603 1579 1707 1619 Flor.
1726 1579 1872 1628 XVIII,
1893 1577 1973 1633 36.)

1326 1651 1376 1679 48.
1406 1635 1555 1676 Ἄτοπον
1575 1638 1642 1691 γάρ
1663 1641 1754 1687 ἐστι,
1778 1638 1938 1693 κοράκων
1964 1639 2027 1691 μὲν
2042 1640 2295 1693 λαρυγγισμοῖς
2319 1641 2379 1680 καὶ

1407 1697 1583 1748 κλωσμοῖς
1600 1697 1828 1751 ἀλεκτορίδων
1848 1698 1909 1737 καὶ
1929 1699 2029 1738 συσὶν
2047 1700 2104 1739 ἐπὶ
2126 1703 2263 1754 φορυτῷ
2283 1717 2378 1753 μαρ-

1409 1755 1626 1808 γαινούσαις,
1645 1759 1691 1801 ὡς
1710 1756 1774 1811 ἔφη
1791 1757 2033 1810 Δημόκριτος,
2052 1760 2227 1808 ἐπιμελῶς
2245 1759 2380 1812 προσέ-

1406 1829 1495 1867 χειν,
1517 1817 1646 1865 σημεῖα
1665 1816 1894 1868 ποιουμένους
1911 1817 2121 1868 πνευμάτων
2138 1819 2198 1857 καὶ
2217 1818 2377 1872 ὅμὸρων,

1408 1874 1453 1912 τὰ
1473 1874 1508 1912 δὲ
1528 1879 1587 1915 τοῦ
1612 1875 1775 1926 σώματος
1793 1875 1972 1928 κινήματα
1995 1876 2055 1916 καὶ
2072 1877 2196 1923 σάλους
2216 1878 2275 1917 καὶ
2295 1893 2381 1930 προ-

1409 1932 1554 1977 παθείας
1591 1933 1641 1985 μὴ
1672 1934 1952 1987 προλαμὸάνειν,
1983 1935 2071 1986 μηδὲ
2105 1938 2378 1991 προφυλάττειν,

1410 1992 1500 2043 μηδὲ
1522 1991 1613 2044 ἔχειν
1631 1996 1760 2044 σημεῖα
1774 1997 1948 2047 χειμῶνος
1965 1996 1999 2033 ἐν
2017 1997 2129 2049 ἑαυτῷ
2146 1995 2381 2048 γενησομένου

1410 2051 1470 2089 καὶ
1489 2051 1688 2101 μέλλοντος.

1466 2111 1679 2161 (Plutarch.
1699 2111 1747 2150 de
1766 2112 1887 2150 Sanit.
1906 2113 2037 2152 tuend.
2061 2127 2100 2165 p.
2126 2128 2216 2166 129,
2229 2115 2309 2152 vol.
2330 2114 2381 2152 VI

1411 2183 1500 2221 pag.
1522 2171 1596 2220 489
1617 2183 1697 2221 seq.
1712 2171 1771 2209 ed.
1789 2171 1934 2224 Reisk.)

1373 2321 1424 2351 45.
1448 2319 1572 2356 Quibus
1587 2329 1692 2353 mores
1709 2320 1788 2353 bene
1802 2324 1878 2354 sunt
1893 2321 2076 2362 compositi,
2096 2322 2144 2354 liis
2165 2324 2196 2354 et
2220 2323 2284 2354 vita
2298 2325 2385 2355 recte

1332 2378 1480 2411 instituta
1496 2380 1556 2411 est.

1365 2464 1424 2504 Do
1462 2461 1662 2520 corporis
1682 2461 1965 2520 voluptatum
1995 2432 2359 2520 intemperantia.

1373 2569 1426 2599 46.
1451 2567 1604 2605 Precibus
1634 2567 1780 2600 homines
1814 2577 1999 2610 prosperam
2027 2568 2245 2601 valetudinem
2273 2577 2292 2601 a
2325 2568 2386 2601 diis

1332 2622 1530 2660 exposcunt,
1548 2620 1735 2659 nescientes,
1754 2629 1789 2653 se
1809 2621 1892 2662 ipsos
1905 2621 1975 2662 eJ'us
1991 2621 2035 2653 rei
2052 2621 2235 2654 facultatem
2253 2622 2382 2654 habere.

1332 2724 1399 2756 suis
1416 2724 1484 2765 eJus
1500 2724 1679 2765 proditores
1694 2725 1847 2758 evadunt.

1375 2779 1426 2809 47.
1451 2777 1514 2815 Qui
1535 2777 1655 2810 ventris
1678 2778 1897 2819 voluptatibus
1916 2778 2015 2811 dediti
2040 2778 2162 2818 justum
2193 2778 2308 2811 edendi
2329 2780 2386 2810 aut

1334 2828 1462 2870 potandi
1479 2831 1536 2862 aut
1562 2839 1670 2862 rerum
1698 2839 1906 2863 venerearum
1933 2832 2060 2871 tempus
2079 2830 2240 2864 excedunt
2260 2843 2268 2863 :
2288 2831 2319 2862 lii
2347 2839 2384 2862 ex

1333 2882 1383 2913 liis
1401 2881 1550 2914 omn÷bus
1575 2882 1766 2924 voluptates·
1776 2883 1887 2915 breves
1906 2891 1943 2915 ac
1971 2891 2083 2924 parum
2109 2882 2239 2915 stabiles
2256 2884 2385 2924 capiunt

1334 2937 1488 2977 tantisper
1499 2936 1577 2969 dum
1591 2936 1691 2970 edunt
1706 2939 1759 2969 aut
1777 2938 1906 2978 potant,
1920 2936 1974 2969 sed
1989 2936 2127 2968 multum
2141 2935 2295 2968 molestiae
2312 2935 2386 2968 inde

1333 2989 1476 3022 trahunt.
1492 2990 1618 3022 Etenim
1628 2989 1801 3022 earundem
1817 2998 1924 3022 rerum
1937 2988 2092 3021 desiderio
2099 2997 2223 3028 semper
2236 2989 2386 3020 tenentur

1334 3044 1365 3074 et
1381 3051 1481 3083 quum
1500 3051 1537 3075 ea
1551 3051 1625 3084 quae
1645 3043 1800 3084 appetunt
1826 3042 1989 3074 consecuti
2012 3044 2108 3081 sunt,
2131 3041 2279 3081 voluptas
2306 3049 2385 3072 con·

1335 3094 1440 3127 testim
1467 3095 1582 3127 transit
1615 3104 1721 3136 neque
1748 3095 1925 3136 quidquam
1957 3093 1988 3126 in
2018 3093 2136 3125 talibus
2170 3092 2243 3124 boni
2279 3093 2384 3131 inest,

1335 3147 1390 3180 sed
1412 3148 1518 3180 brevis
1536 3148 1583 3180 est
1597 3147 1767 3180 delectatio
1779 3170 1789 3186 ,
1811 3149 1848 3180 ut
1861 3156 1934 3179 mox
1949 3154 2058 3178 rursus
2080 3144 2194 3177 iisdem
2211 3144 2383 3184 indigeant.

1374 3203 1426 3233 48.
1452 3202 1507 3233 Est
1531 3201 1615 3233 enim
1641 3201 1956 3241 absurdum,‹p¹um
1981 3196 2197 3230 crocientibus
2225 3198 2328 3229 corvis
2354 3199 2385 3228 et

1335 3247 1572 3288 graciliantibus
1597 3247 1722 3288 gallinis
1747 3249 1779 3280 et
1803 3247 1901 3279 subus
1921 3254 1997 3278 cum
2024 3245 2188 3285 voluptate
2208 3243 2239 3275 in
2263 3243 2331 3274 luto
2351 3251 2385 3272 se

1336 3296 1576 3336 volutantibus,
1610 3299 1645 3328 ut
1677 3296 1782 3336 aiebat
1807 3295 2026 3333 Democritus,
2065 3291 2209 3324 studiose
2240 3289 2384 3321 animum

1336 3345 1728 3385 attendamuS,ventorum
1743 3342 1817 3375 inde
1829 3344 1862 3375 et
1876 3341 2028 3374 imbrium
2044 3339 2194 3380 praesagia
2208 3340 2384 3373 sumentes,

1336 3394 1444 3425 motus
1464 3393 1606 3434 corporis
1630 3391 1731 3424 nostri
1755 3391 1790 3423 et
1815 3388 2004 3430 jactationes
2025 3386 2271 3425 affectionesque
2299 3391 2384 3415 mor-

1337 3440 1415 3473 bum
1433 3440 1656 3472 antecedentes
1680 3447 1744 3469 non
1767 3437 1959 3473 observare,
1979 3443 2043 3466 non
2063 3440 2263 3474 praecavere,
2280 3438 2384 3470 neque

1336 3489 1451 3521 indicia
1475 3488 1591 3520 suturre
1613 3486 1643 3518 in
1671 3485 1762 3517 uobis
1785 3482 1981 3525 tempestatis
2005 3480 2173 3523 praecipere
2193 3477 2311 3510 animo.
