<?xml version="1.0" encoding="UTF-8"?>
<!DOCTYPE html PUBLIC "-//W3C//DTD XHTML 1.0 Transitional//EN"
    "http://www.w3.org/TR/xhtml1/DTD/xhtml1-transitional.dtd">
<html xmlns="http://www.w3.org/1999/xhtml" xml:lang="en" lang="en">
 <head>
  <title>
</title>
<meta http-equiv="Content-Type" content="text/html;charset=utf-8" />
  <meta name='ocr-system' content='tesseract 3.04.00' />
  <meta name='ocr-capabilities' content='ocr_page ocr_carea ocr_par ocr_line ocrx_word'/>
</head>
<body>
  <div class='ocr_page' id='page_1' title='image "./fragmentaphiloso01mulluoft_0060.png"; bbox 0 0 2612 3814; ppageno 0'>
   <div class='ocr_carea' id='block_1_1' title="bbox 344 250 1631 303">
    <p class='ocr_par' dir='ltr' id='par_1_1' title="bbox 344 250 1631 303">
     <span class='ocr_line' id='line_1_1' title="bbox 344 250 1631 303; baseline -0.012 0"><span class='ocrx_word' id='word_1_1' title='bbox 344 270 394 303; x_wconf 86' lang='grc'>20</span> <span class='ocrx_word' id='word_1_2' title='bbox 1214 250 1631 292; x_wconf 74' lang='lat' dir='ltr'><strong>COMMENTARIUS</strong></span> 
     </span>
    </p>
   </div>
   <div class='ocr_carea' id='block_1_2' title="bbox 342 342 1390 634">
    <p class='ocr_par' dir='ltr' id='par_1_2' title="bbox 342 342 1390 465">
     <span class='ocr_line' id='line_1_2' title="bbox 342 342 1390 401; baseline -0.01 -11"><span class='ocrx_word' id='word_1_3' title='bbox 342 352 432 401; x_wconf 83' lang='lat' dir='ltr'>bet,</span> <span class='ocrx_word' id='word_1_4' title='bbox 474 350 659 401; x_wconf 86' lang='lat' dir='ltr'>Synesius</span> <span class='ocrx_word' id='word_1_5' title='bbox 689 347 827 400; x_wconf 55' lang='grc' dir='ltr'>φθόνος</span> <span class='ocrx_word' id='word_1_6' title='bbox 859 347 912 384; x_wconf 78' lang='lat' dir='ltr'>Pi</span> <span class='ocrx_word' id='word_1_7' title='bbox 916 346 1023 384; x_wconf 86' lang='lat' dir='ltr'>oclus</span> <span class='ocrx_word' id='word_1_8' title='bbox 1059 346 1213 393; x_wconf 67' lang='lat' dir='ltr'>inverso</span> <span class='ocrx_word' id='word_1_9' title='bbox 1252 342 1390 381; x_wconf 79' lang='lat' dir='ltr'>ordine</span> 
     </span>
     <span class='ocr_line' id='line_1_3' title="bbox 343 409 852 465; baseline -0.01 -13"><span class='ocrx_word' id='word_1_10' title='bbox 343 413 442 456; x_wconf 80' lang='grc' dir='ltr'>κότος</span> <span class='ocrx_word' id='word_1_11' title='bbox 458 427 494 451; x_wconf 82' lang='grc' dir='ltr'>τε</span> <span class='ocrx_word' id='word_1_12' title='bbox 514 411 612 465; x_wconf 80' lang='grc' dir='ltr'>φόνος</span> <span class='ocrx_word' id='word_1_13' title='bbox 627 426 663 449; x_wconf 89' lang='grc' dir='ltr'>τε</span> <span class='ocrx_word' id='word_1_14' title='bbox 684 409 852 449; x_wconf 81' lang='lat' dir='ltr'>exhibet.</span> 
     </span>
    </p>

    <p class='ocr_par' dir='ltr' id='par_1_3' title="bbox 343 462 1390 634">
     <span class='ocr_line' id='line_1_4' title="bbox 394 462 1388 520; baseline -0.011 -9"><span class='ocrx_word' id='word_1_15' title='bbox 394 471 478 510; x_wconf 82' lang='lat' dir='ltr'>Vss.</span> <span class='ocrx_word' id='word_1_16' title='bbox 516 472 582 509; x_wconf 88' lang='lat'>18-</span> <span class='ocrx_word' id='word_1_17' title='bbox 594 483 651 520; x_wconf 92' lang='lat'>19.</span> <span class='ocrx_word' id='word_1_18' title='bbox 686 466 839 520; x_wconf 82' lang='grc' dir='ltr'>ἀτερπέα</span> <span class='ocrx_word' id='word_1_19' title='bbox 863 469 997 519; x_wconf 81' lang='grc' dir='ltr'>χῶρον,</span> <span class='ocrx_word' id='word_1_20' title='bbox 1033 464 1112 503; x_wconf 84' lang='grc' dir='ltr'>ἔνθα</span> <span class='ocrx_word' id='word_1_21' title='bbox 1147 463 1261 507; x_wconf 79' lang='grc' dir='ltr'>Φόνος</span> <span class='ocrx_word' id='word_1_22' title='bbox 1289 462 1388 513; x_wconf 63' lang='grc' dir='ltr'>κτλ]</span> 
     </span>
     <span class='ocr_line' id='line_1_5' title="bbox 344 523 1390 578; baseline -0.01 -9"><span class='ocrx_word' id='word_1_23' title='bbox 344 531 459 578; x_wconf 89' lang='lat' dir='ltr'>Quod</span> <span class='ocrx_word' id='word_1_24' title='bbox 481 530 528 568; x_wconf 89' lang='lat' dir='ltr'>de</span> <span class='ocrx_word' id='word_1_25' title='bbox 548 538 651 567; x_wconf 90' lang='lat' dir='ltr'>terra</span> <span class='ocrx_word' id='word_1_26' title='bbox 671 528 766 566; x_wconf 89' lang='lat' dir='ltr'>dicit</span> <span class='ocrx_word' id='word_1_27' title='bbox 791 525 1063 578; x_wconf 83' lang='lat' dir='ltr'>Empedocles,</span> <span class='ocrx_word' id='word_1_28' title='bbox 1095 523 1135 561; x_wconf 87' lang='lat' dir='ltr'>id</span> <span class='ocrx_word' id='word_1_29' title='bbox 1164 523 1285 561; x_wconf 90' lang='lat' dir='ltr'>multo</span> <span class='ocrx_word' id='word_1_30' title='bbox 1303 530 1390 560; x_wconf 87' lang='lat' dir='ltr'>ante</span> 
     </span>
     <span class='ocr_line' id='line_1_6' title="bbox 343 582 1208 634; baseline -0.013 -5"><span class='ocrx_word' id='word_1_31' title='bbox 343 591 391 629; x_wconf 88' lang='lat' dir='ltr'>de</span> <span class='ocrx_word' id='word_1_32' title='bbox 409 590 510 627; x_wconf 86' lang='lat' dir='ltr'>Orco</span> <span class='ocrx_word' id='word_1_33' title='bbox 531 588 680 625; x_wconf 76' lang='lat' dir='ltr'>dixerat</span> <span class='ocrx_word' id='word_1_34' title='bbox 703 587 894 624; x_wconf 80' lang='lat' dir='ltr'>Homerus</span> <span class='ocrx_word' id='word_1_35' title='bbox 912 583 1051 634; x_wconf 85' lang='lat' dir='ltr'>Odyss.</span> <span class='ocrx_word' id='word_1_36' title='bbox 1069 582 1104 628; x_wconf 86' lang='grc' dir='ltr'>λ,</span> <span class='ocrx_word' id='word_1_37' title='bbox 1123 588 1170 631; x_wconf 68' lang='grc'>94</span> <span class='ocrx_word' id='word_1_38' title='bbox 1201 596 1208 618; x_wconf 93' lang='lat'>:</span> 
     </span>
    </p>
   </div>
   <div class='ocr_carea' id='block_1_3' title="bbox 450 673 1332 732">
    <p class='ocr_par' dir='ltr' id='par_1_4' title="bbox 450 673 1332 732">
     <span class='ocr_line' id='line_1_7' title="bbox 450 673 1332 732; baseline -0.009 -13"><span class='ocrx_word' id='word_1_39' title='bbox 450 678 603 723; x_wconf 80' lang='grc' dir='ltr'>ἿΙλυΟες</span> <span class='ocrx_word' id='word_1_40' title='bbox 615 709 625 729; x_wconf 83' lang='grc'>,</span> <span class='ocrx_word' id='word_1_41' title='bbox 641 678 730 732; x_wconf 77' lang='grc' dir='ltr'>ὄφρα</span> <span class='ocrx_word' id='word_1_42' title='bbox 751 677 807 729; x_wconf 78' lang='grc' dir='ltr'>ἴδῃ</span> <span class='ocrx_word' id='word_1_43' title='bbox 824 676 945 718; x_wconf 82' lang='grc' dir='ltr'>νέκυας</span> <span class='ocrx_word' id='word_1_44' title='bbox 961 677 1020 712; x_wconf 79' lang='grc' dir='ltr'>καὶ</span> <span class='ocrx_word' id='word_1_45' title='bbox 1038 673 1189 727; x_wconf 85' lang='grc' dir='ltr'>ἀτερπέα</span> <span class='ocrx_word' id='word_1_46' title='bbox 1204 674 1332 726; x_wconf 73' lang='grc' dir='ltr'>χῶρον.</span> 
     </span>
    </p>
   </div>
   <div class='ocr_carea' id='block_1_4' title="bbox 317 765 1416 3534">
    <p class='ocr_par' dir='ltr' id='par_1_5' title="bbox 344 765 1398 1944">
     <span class='ocr_line' id='line_1_8' title="bbox 345 765 1390 818; baseline -0.011 -4"><span class='ocrx_word' id='word_1_47' title='bbox 345 775 447 814; x_wconf 81' lang='lat' dir='ltr'>llinc</span> <span class='ocrx_word' id='word_1_48' title='bbox 474 780 771 812; x_wconf 87' lang='lat' dir='ltr'>consentancum</span> <span class='ocrx_word' id='word_1_49' title='bbox 797 776 877 806; x_wconf 91' lang='lat' dir='ltr'>erat</span> <span class='ocrx_word' id='word_1_50' title='bbox 911 779 932 804; x_wconf 90' lang='lat' dir='ltr'>a</span> <span class='ocrx_word' id='word_1_51' title='bbox 959 766 1193 818; x_wconf 85' lang='lat' dir='ltr'>philosopho</span> <span class='ocrx_word' id='word_1_52' title='bbox 1216 766 1255 803; x_wconf 91' lang='lat' dir='ltr'>in</span> <span class='ocrx_word' id='word_1_53' title='bbox 1278 765 1390 803; x_wconf 86' lang='lat' dir='ltr'>terris</span> 
     </span>
     <span class='ocr_line' id='line_1_9' title="bbox 347 825 1390 880; baseline -0.01 -7"><span class='ocrx_word' id='word_1_54' title='bbox 347 834 478 873; x_wconf 88' lang='lat' dir='ltr'>eadem</span> <span class='ocrx_word' id='word_1_55' title='bbox 502 839 672 870; x_wconf 87' lang='lat' dir='ltr'>monstra</span> <span class='ocrx_word' id='word_1_56' title='bbox 712 828 830 880; x_wconf 89' lang='lat' dir='ltr'>poni,</span> <span class='ocrx_word' id='word_1_57' title='bbox 860 839 948 878; x_wconf 85' lang='lat' dir='ltr'>quae</span> <span class='ocrx_word' id='word_1_58' title='bbox 980 839 1000 863; x_wconf 88' lang='lat' dir='ltr'>a</span> <span class='ocrx_word' id='word_1_59' title='bbox 1031 827 1155 877; x_wconf 89' lang='lat' dir='ltr'>poetis</span> <span class='ocrx_word' id='word_1_60' title='bbox 1176 826 1223 862; x_wconf 90' lang='lat' dir='ltr'>ad</span> <span class='ocrx_word' id='word_1_61' title='bbox 1244 825 1390 863; x_wconf 88' lang='lat' dir='ltr'>inferos</span> 
     </span>
     <span class='ocr_line' id='line_1_10' title="bbox 347 882 1390 938; baseline -0.011 -7"><span class='ocrx_word' id='word_1_62' title='bbox 347 890 618 931; x_wconf 87' lang='lat' dir='ltr'>detruduntur.</span> <span class='ocrx_word' id='word_1_63' title='bbox 639 886 862 938; x_wconf 80' lang='lat' dir='ltr'>Empedocli</span> <span class='ocrx_word' id='word_1_64' title='bbox 880 885 983 922; x_wconf 91' lang='lat' dir='ltr'>enim</span> <span class='ocrx_word' id='word_1_65' title='bbox 1005 884 1086 921; x_wconf 85' lang='lat' dir='ltr'>haec</span> <span class='ocrx_word' id='word_1_66' title='bbox 1108 883 1302 921; x_wconf 88' lang='lat' dir='ltr'>terrestris</span> <span class='ocrx_word' id='word_1_67' title='bbox 1320 882 1390 920; x_wconf 83' lang='lat' dir='ltr'>ho-</span> 
     </span>
     <span class='ocr_line' id='line_1_11' title="bbox 347 943 1389 993; baseline -0.011 -3"><span class='ocrx_word' id='word_1_68' title='bbox 347 952 494 990; x_wconf 88' lang='lat' dir='ltr'>minum</span> <span class='ocrx_word' id='word_1_69' title='bbox 516 947 702 986; x_wconf 84' lang='lat' dir='ltr'>habitatio</span> <span class='ocrx_word' id='word_1_70' title='bbox 718 974 729 993; x_wconf 91' lang='lat'>,</span> <span class='ocrx_word' id='word_1_71' title='bbox 748 954 788 983; x_wconf 89' lang='lat' dir='ltr'>ut</span> <span class='ocrx_word' id='word_1_72' title='bbox 805 944 1064 982; x_wconf 80' lang='lat' dir='ltr'>calamitatum</span> <span class='ocrx_word' id='word_1_73' title='bbox 1088 951 1126 980; x_wconf 88' lang='lat' dir='ltr'>et</span> <span class='ocrx_word' id='word_1_74' title='bbox 1146 943 1389 980; x_wconf 90' lang='lat' dir='ltr'>miseriarum</span> 
     </span>
     <span class='ocr_line' id='line_1_12' title="bbox 346 1001 1391 1056; baseline -0.011 -6"><span class='ocrx_word' id='word_1_75' title='bbox 346 1009 608 1054; x_wconf 79' lang='lat' dir='ltr'>domicilium,</span> <span class='ocrx_word' id='word_1_76' title='bbox 639 1018 774 1056; x_wconf 85' lang='lat' dir='ltr'>parum</span> <span class='ocrx_word' id='word_1_77' title='bbox 797 1003 956 1041; x_wconf 84' lang='lat' dir='ltr'>differre</span> <span class='ocrx_word' id='word_1_78' title='bbox 986 1001 1034 1040; x_wconf 90' lang='lat' dir='ltr'>ab</span> <span class='ocrx_word' id='word_1_79' title='bbox 1061 1015 1105 1040; x_wconf 91' lang='lat' dir='ltr'>ea</span> <span class='ocrx_word' id='word_1_80' title='bbox 1125 1015 1239 1052; x_wconf 90' lang='lat' dir='ltr'>quam</span> <span class='ocrx_word' id='word_1_81' title='bbox 1266 1011 1391 1053; x_wconf 87' lang='lat' dir='ltr'>poetae</span> 
     </span>
     <span class='ocr_line' id='line_1_13' title="bbox 347 1061 1392 1118; baseline -0.011 -9"><span class='ocrx_word' id='word_1_82' title='bbox 347 1068 615 1118; x_wconf 81' lang='lat' dir='ltr'>excogitarunt</span> <span class='ocrx_word' id='word_1_83' title='bbox 633 1064 811 1102; x_wconf 90' lang='lat' dir='ltr'>Plutonis</span> <span class='ocrx_word' id='word_1_84' title='bbox 840 1062 956 1100; x_wconf 92' lang='lat' dir='ltr'>domo</span> <span class='ocrx_word' id='word_1_85' title='bbox 983 1062 1151 1099; x_wconf 80' lang='lat' dir='ltr'>videtur.</span> <span class='ocrx_word' id='word_1_86' title='bbox 1184 1061 1392 1112; x_wconf 87' lang='lat' dir='ltr'>Quumque</span> 
     </span>
     <span class='ocr_line' id='line_1_14' title="bbox 347 1121 1389 1177; baseline -0.01 -10"><span class='ocrx_word' id='word_1_87' title='bbox 347 1129 499 1167; x_wconf 89' lang='lat' dir='ltr'>animus</span> <span class='ocrx_word' id='word_1_88' title='bbox 511 1124 667 1177; x_wconf 88' lang='lat' dir='ltr'>corpori</span> <span class='ocrx_word' id='word_1_89' title='bbox 688 1123 859 1162; x_wconf 90' lang='lat' dir='ltr'>inclusus</span> <span class='ocrx_word' id='word_1_90' title='bbox 877 1122 998 1160; x_wconf 91' lang='lat' dir='ltr'>libere</span> <span class='ocrx_word' id='word_1_91' title='bbox 1013 1121 1145 1170; x_wconf 81' lang='lat' dir='ltr'>vagari</span> <span class='ocrx_word' id='word_1_92' title='bbox 1163 1134 1240 1158; x_wconf 91' lang='lat' dir='ltr'>non</span> <span class='ocrx_word' id='word_1_93' title='bbox 1253 1121 1389 1172; x_wconf 84' lang='lat' dir='ltr'>possit,</span> 
     </span>
     <span class='ocr_line' id='line_1_15' title="bbox 344 1172 1390 1234; baseline -0.01 -8"><span class='ocrx_word' id='word_1_94' title='bbox 344 1187 448 1226; x_wconf 89' lang='lat' dir='ltr'>idem</span> <span class='ocrx_word' id='word_1_95' title='bbox 467 1185 573 1223; x_wconf 91' lang='lat' dir='ltr'>dicas</span> <span class='ocrx_word' id='word_1_96' title='bbox 594 1181 866 1234; x_wconf 84' lang='lat' dir='ltr'>Empedoclem</span> <span class='ocrx_word' id='word_1_97' title='bbox 895 1180 942 1218; x_wconf 91' lang='lat' dir='ltr'>de</span> <span class='ocrx_word' id='word_1_98' title='bbox 967 1180 1029 1218; x_wconf 91' lang='lat' dir='ltr'>his</span> <span class='ocrx_word' id='word_1_99' title='bbox 1048 1172 1165 1218; x_wconf 77' lang='lat' dir='ltr'>rebus</span> <span class='ocrx_word' id='word_1_100' title='bbox 1188 1180 1390 1227; x_wconf 84' lang='lat' dir='ltr'>statuisse,</span> 
     </span>
     <span class='ocr_line' id='line_1_16' title="bbox 351 1239 1391 1297; baseline -0.008 -13"><span class='ocrx_word' id='word_1_101' title='bbox 351 1246 457 1297; x_wconf 90' lang='lat' dir='ltr'>quod</span> <span class='ocrx_word' id='word_1_102' title='bbox 476 1242 698 1282; x_wconf 79' lang='lat' dir='ltr'>Macrobius</span> <span class='ocrx_word' id='word_1_103' title='bbox 721 1241 853 1280; x_wconf 91' lang='lat' dir='ltr'>Somn.</span> <span class='ocrx_word' id='word_1_104' title='bbox 874 1240 979 1291; x_wconf 86' lang='lat' dir='ltr'>Scip.</span> <span class='ocrx_word' id='word_1_105' title='bbox 1002 1239 1035 1288; x_wconf 83' lang='lat' dir='ltr'>l,</span> <span class='ocrx_word' id='word_1_106' title='bbox 1066 1253 1109 1277; x_wconf 78' lang='lat' dir='ltr'>xo</span> <span class='ocrx_word' id='word_1_107' title='bbox 1141 1239 1189 1278; x_wconf 93' lang='lat' dir='ltr'>de</span> <span class='ocrx_word' id='word_1_108' title='bbox 1218 1239 1391 1289; x_wconf 85' lang='lat' dir='ltr'>antiquis</span> 
     </span>
     <span class='ocr_line' id='line_1_17' title="bbox 347 1298 1389 1355; baseline -0.006 -14"><span class='ocrx_word' id='word_1_109' title='bbox 347 1304 622 1355; x_wconf 77' lang='lat' dir='ltr'>mysteriorum</span> <span class='ocrx_word' id='word_1_110' title='bbox 640 1299 863 1339; x_wconf 88' lang='lat' dir='ltr'>auctoribus</span> <span class='ocrx_word' id='word_1_111' title='bbox 878 1298 1074 1350; x_wconf 77' lang='lat' dir='ltr'>praedicat.</span> <span class='ocrx_word' id='word_1_112' title='bbox 1093 1298 1156 1336; x_wconf 84' lang='lat' dir='ltr'>Sic</span> <span class='ocrx_word' id='word_1_113' title='bbox 1169 1307 1293 1336; x_wconf 85' lang='lat' dir='ltr'>autem</span> <span class='ocrx_word' id='word_1_114' title='bbox 1310 1299 1363 1335; x_wconf 90' lang='lat' dir='ltr'>ait</span> <span class='ocrx_word' id='word_1_115' title='bbox 1381 1312 1389 1335; x_wconf 76' lang='grc' dir='ltr'>ε</span> 
     </span>
     <span class='ocr_line' id='line_1_18' title="bbox 351 1356 1393 1413; baseline -0.003 -16"><span class='ocrx_word' id='word_1_116' title='bbox 351 1380 367 1397; x_wconf 84' lang='lat'>«</span> <span class='ocrx_word' id='word_1_117' title='bbox 390 1362 464 1408; x_wconf 92' lang='lat' dir='ltr'>Qui</span> <span class='ocrx_word' id='word_1_118' title='bbox 487 1374 554 1413; x_wconf 92' lang='lat' dir='ltr'>per</span> <span class='ocrx_word' id='word_1_119' title='bbox 574 1361 748 1398; x_wconf 87' lang='lat' dir='ltr'>diversas</span> <span class='ocrx_word' id='word_1_120' title='bbox 765 1366 894 1408; x_wconf 87' lang='lat' dir='ltr'>gentes</span> <span class='ocrx_word' id='word_1_121' title='bbox 915 1366 1093 1395; x_wconf 86' lang='lat' dir='ltr'>auctores</span> <span class='ocrx_word' id='word_1_122' title='bbox 1110 1356 1393 1395; x_wconf 86' lang='lat' dir='ltr'>constituendis</span> 
     </span>
     <span class='ocr_line' id='line_1_19' title="bbox 349 1415 1393 1463; baseline -0.007 -4"><span class='ocrx_word' id='word_1_123' title='bbox 349 1420 469 1459; x_wconf 89' lang='lat' dir='ltr'>sacris</span> <span class='ocrx_word' id='word_1_124' title='bbox 490 1419 799 1456; x_wconf 73' lang='lat' dir='ltr'>caerimoniarum</span> <span class='ocrx_word' id='word_1_125' title='bbox 825 1416 994 1463; x_wconf 90' lang='lat' dir='ltr'>fuerunt,</span> <span class='ocrx_word' id='word_1_126' title='bbox 1017 1415 1122 1453; x_wconf 90' lang='lat' dir='ltr'>aliud</span> <span class='ocrx_word' id='word_1_127' title='bbox 1141 1428 1225 1453; x_wconf 88' lang='lat' dir='ltr'>esse</span> <span class='ocrx_word' id='word_1_128' title='bbox 1245 1415 1393 1453; x_wconf 87' lang='lat' dir='ltr'>inferos</span> 
     </span>
     <span class='ocr_line' id='line_1_20' title="bbox 349 1473 1395 1529; baseline -0.005 -12"><span class='ocrx_word' id='word_1_129' title='bbox 349 1486 587 1529; x_wconf 87' lang='lat' dir='ltr'>negaverunt</span> <span class='ocrx_word' id='word_1_130' title='bbox 604 1490 718 1528; x_wconf 89' lang='lat' dir='ltr'>quam</span> <span class='ocrx_word' id='word_1_131' title='bbox 745 1477 831 1528; x_wconf 88' lang='lat' dir='ltr'>ipsa</span> <span class='ocrx_word' id='word_1_132' title='bbox 853 1488 1018 1526; x_wconf 88' lang='lat' dir='ltr'>corpora</span> <span class='ocrx_word' id='word_1_133' title='bbox 1031 1504 1041 1521; x_wconf 91' lang='lat'>,</span> <span class='ocrx_word' id='word_1_134' title='bbox 1059 1473 1203 1525; x_wconf 88' lang='lat' dir='ltr'>quibus</span> <span class='ocrx_word' id='word_1_135' title='bbox 1233 1474 1395 1512; x_wconf 83' lang='lat' dir='ltr'>inclusae</span> 
     </span>
     <span class='ocr_line' id='line_1_21' title="bbox 350 1532 1397 1581; baseline -0.005 -5"><span class='ocrx_word' id='word_1_136' title='bbox 350 1538 488 1576; x_wconf 87' lang='lat' dir='ltr'>animae</span> <span class='ocrx_word' id='word_1_137' title='bbox 509 1549 700 1575; x_wconf 89' lang='lat' dir='ltr'>carcerem</span> <span class='ocrx_word' id='word_1_138' title='bbox 718 1534 861 1572; x_wconf 84' lang='lat' dir='ltr'>foedum</span> <span class='ocrx_word' id='word_1_139' title='bbox 878 1532 1049 1571; x_wconf 87' lang='lat' dir='ltr'>tenebris</span> <span class='ocrx_word' id='word_1_140' title='bbox 1061 1563 1073 1581; x_wconf 87' lang='lat'>,</span> <span class='ocrx_word' id='word_1_141' title='bbox 1092 1532 1296 1571; x_wconf 89' lang='lat' dir='ltr'>horridum</span> <span class='ocrx_word' id='word_1_142' title='bbox 1319 1546 1397 1571; x_wconf 91' lang='lat' dir='ltr'>sor-</span> 
     </span>
     <span class='ocr_line' id='line_1_22' title="bbox 350 1592 1395 1646; baseline -0.006 -11"><span class='ocrx_word' id='word_1_143' title='bbox 350 1596 466 1635; x_wconf 90' lang='lat' dir='ltr'>dibus</span> <span class='ocrx_word' id='word_1_144' title='bbox 502 1604 540 1634; x_wconf 94' lang='lat' dir='ltr'>et</span> <span class='ocrx_word' id='word_1_145' title='bbox 563 1607 702 1633; x_wconf 90' lang='lat' dir='ltr'>cruore</span> <span class='ocrx_word' id='word_1_146' title='bbox 730 1594 932 1646; x_wconf 90' lang='lat' dir='ltr'>patiuntur</span> <span class='ocrx_word' id='word_1_147' title='bbox 956 1606 964 1630; x_wconf 89' lang='lat'><strong>:</strong></span> <span class='ocrx_word' id='word_1_148' title='bbox 1006 1592 1081 1630; x_wconf 90' lang='lat' dir='ltr'>hoc</span> <span class='ocrx_word' id='word_1_149' title='bbox 1104 1593 1243 1630; x_wconf 88' lang='lat' dir='ltr'>animae</span> <span class='ocrx_word' id='word_1_150' title='bbox 1270 1595 1395 1642; x_wconf 80' lang='lat' dir='ltr'>sepul-</span> 
     </span>
     <span class='ocr_line' id='line_1_23' title="bbox 347 1650 1391 1699; baseline -0.003 -7"><span class='ocrx_word' id='word_1_151' title='bbox 347 1668 458 1699; x_wconf 79' lang='lat' dir='ltr'>crum,</span> <span class='ocrx_word' id='word_1_152' title='bbox 479 1653 553 1691; x_wconf 90' lang='lat' dir='ltr'>hoc</span> <span class='ocrx_word' id='word_1_153' title='bbox 573 1656 672 1691; x_wconf 80' lang='lat' dir='ltr'>Dite&#39;s</span> <span class='ocrx_word' id='word_1_154' title='bbox 687 1666 857 1697; x_wconf 75' lang='lat' dir='ltr'>concava,</span> <span class='ocrx_word' id='word_1_155' title='bbox 871 1651 946 1689; x_wconf 88' lang='lat' dir='ltr'>hoc</span> <span class='ocrx_word' id='word_1_156' title='bbox 963 1650 1102 1699; x_wconf 83' lang='lat' dir='ltr'>inferos</span> <span class='ocrx_word' id='word_1_157' title='bbox 1115 1660 1391 1689; x_wconf 81' lang='lat' dir='ltr'>vocaverunt.»</span> 
     </span>
     <span class='ocr_line' id='line_1_24' title="bbox 348 1710 1398 1762; baseline -0.002 -11"><span class='ocrx_word' id='word_1_158' title='bbox 348 1713 468 1751; x_wconf 88' lang='lat' dir='ltr'>Plura</span> <span class='ocrx_word' id='word_1_159' title='bbox 497 1713 659 1750; x_wconf 86' lang='lat' dir='ltr'>fortasse</span> <span class='ocrx_word' id='word_1_160' title='bbox 685 1713 727 1750; x_wconf 89' lang='lat' dir='ltr'>in</span> <span class='ocrx_word' id='word_1_161' title='bbox 752 1711 825 1749; x_wconf 87' lang='lat' dir='ltr'>hac</span> <span class='ocrx_word' id='word_1_162' title='bbox 853 1710 1111 1761; x_wconf 85' lang='lat' dir='ltr'>Empedoclea</span> <span class='ocrx_word' id='word_1_163' title='bbox 1135 1710 1398 1762; x_wconf 86' lang='lat' dir='ltr'>descriptione</span> 
     </span>
     <span class='ocr_line' id='line_1_25' title="bbox 350 1769 1398 1824; baseline -0.002 -14"><span class='ocrx_word' id='word_1_164' title='bbox 350 1781 565 1824; x_wconf 87' lang='lat' dir='ltr'>temporum</span> <span class='ocrx_word' id='word_1_165' title='bbox 583 1770 730 1822; x_wconf 89' lang='lat' dir='ltr'>injuria</span> <span class='ocrx_word' id='word_1_166' title='bbox 747 1769 860 1808; x_wconf 90' lang='lat' dir='ltr'>nobis</span> <span class='ocrx_word' id='word_1_167' title='bbox 880 1769 1048 1817; x_wconf 89' lang='lat' dir='ltr'>invidit,</span> <span class='ocrx_word' id='word_1_168' title='bbox 1065 1783 1231 1820; x_wconf 91' lang='lat' dir='ltr'>quorum</span> <span class='ocrx_word' id='word_1_169' title='bbox 1247 1770 1398 1808; x_wconf 89' lang='lat' dir='ltr'>deside-</span> 
     </span>
     <span class='ocr_line' id='line_1_26' title="bbox 350 1831 1396 1884; baseline -0.002 -12"><span class='ocrx_word' id='word_1_170' title='bbox 350 1835 452 1872; x_wconf 86' lang='lat' dir='ltr'>rium</span> <span class='ocrx_word' id='word_1_171' title='bbox 479 1834 697 1883; x_wconf 76' lang='lat' dir='ltr'>virgiliana</span> <span class='ocrx_word' id='word_1_172' title='bbox 731 1832 952 1870; x_wconf 88' lang='lat' dir='ltr'>Inferorum</span> <span class='ocrx_word' id='word_1_173' title='bbox 981 1831 1196 1883; x_wconf 88' lang='lat' dir='ltr'>descriptio</span> <span class='ocrx_word' id='word_1_174' title='bbox 1214 1832 1299 1871; x_wconf 85' lang='lat' dir='ltr'>AEn.</span> <span class='ocrx_word' id='word_1_175' title='bbox 1329 1832 1396 1884; x_wconf 79' lang='lat' dir='ltr'>Vl,</span> 
     </span>
     <span class='ocr_line' id='line_1_27' title="bbox 353 1892 868 1944; baseline -0.006 -13"><span class='ocrx_word' id='word_1_176' title='bbox 353 1894 428 1941; x_wconf 82' lang='lat'>273</span> <span class='ocrx_word' id='word_1_177' title='bbox 451 1906 561 1944; x_wconf 89' lang='lat' dir='ltr'>seqq.</span> <span class='ocrx_word' id='word_1_178' title='bbox 584 1892 710 1930; x_wconf 87' lang='lat' dir='ltr'>lenire</span> <span class='ocrx_word' id='word_1_179' title='bbox 730 1899 868 1943; x_wconf 90' lang='lat' dir='ltr'>potest.</span> 
     </span>
    </p>

    <p class='ocr_par' dir='ltr' id='par_1_6' title="bbox 317 1948 1414 3534">
     <span class='ocr_line' id='line_1_28' title="bbox 404 1948 1399 2004; baseline 0 -14"><span class='ocrx_word' id='word_1_180' title='bbox 404 1951 465 1990; x_wconf 88' lang='lat' dir='ltr'>Vs.</span> <span class='ocrx_word' id='word_1_181' title='bbox 488 1965 550 1988; x_wconf 78' lang='lat'>20.</span> <span class='ocrx_word' id='word_1_182' title='bbox 568 1949 751 2002; x_wconf 81' lang='grc' dir='ltr'>αὐχμηραί</span> <span class='ocrx_word' id='word_1_183' title='bbox 773 1965 810 1988; x_wconf 81' lang='grc' dir='ltr'>τε</span> <span class='ocrx_word' id='word_1_184' title='bbox 832 1948 925 1989; x_wconf 88' lang='grc' dir='ltr'>νόσοι</span> <span class='ocrx_word' id='word_1_185' title='bbox 937 1949 995 1987; x_wconf 84' lang='grc' dir='ltr'>καὶ</span> <span class='ocrx_word' id='word_1_186' title='bbox 1015 1949 1138 2003; x_wconf 74' lang='grc' dir='ltr'>σήψιες</span> <span class='ocrx_word' id='word_1_187' title='bbox 1153 1949 1238 2003; x_wconf 84' lang='grc' dir='ltr'>ἔργα</span> <span class='ocrx_word' id='word_1_188' title='bbox 1261 1967 1301 1990; x_wconf 86' lang='grc' dir='ltr'>τε</span> <span class='ocrx_word' id='word_1_189' title='bbox 1322 1953 1399 2004; x_wconf 77' lang='grc' dir='ltr'>ῥευ-</span> 
     </span>
     <span class='ocr_line' id='line_1_29' title="bbox 353 2009 1401 2064; baseline 0.002 -16"><span class='ocrx_word' id='word_1_190' title='bbox 353 2009 433 2064; x_wconf 79' lang='grc' dir='ltr'>στά]</span> <span class='ocrx_word' id='word_1_191' title='bbox 466 2010 579 2048; x_wconf 88' lang='lat' dir='ltr'>Hunc</span> <span class='ocrx_word' id='word_1_192' title='bbox 597 2022 751 2047; x_wconf 87' lang='lat' dir='ltr'>versum</span> <span class='ocrx_word' id='word_1_193' title='bbox 775 2022 889 2060; x_wconf 90' lang='lat' dir='ltr'>quem</span> <span class='ocrx_word' id='word_1_194' title='bbox 909 2009 1072 2048; x_wconf 82' lang='lat' dir='ltr'>Procius</span> <span class='ocrx_word' id='word_1_195' title='bbox 1090 2023 1177 2047; x_wconf 91' lang='lat' dir='ltr'>cum</span> <span class='ocrx_word' id='word_1_196' title='bbox 1198 2011 1401 2062; x_wconf 86' lang='lat' dir='ltr'>superiore</span> 
     </span>
     <span class='ocr_line' id='line_1_30' title="bbox 351 2067 1402 2120; baseline 0 -12"><span class='ocrx_word' id='word_1_197' title='bbox 351 2069 567 2115; x_wconf 85' lang='lat' dir='ltr'>connectit,</span> <span class='ocrx_word' id='word_1_198' title='bbox 589 2068 823 2120; x_wconf 81' lang='lat' dir='ltr'>Empedocle</span> <span class='ocrx_word' id='word_1_199' title='bbox 842 2067 1048 2118; x_wconf 87' lang='lat' dir='ltr'>indignum</span> <span class='ocrx_word' id='word_1_200' title='bbox 1074 2069 1224 2107; x_wconf 89' lang='lat' dir='ltr'>censuit</span> <span class='ocrx_word' id='word_1_201' title='bbox 1246 2069 1402 2108; x_wconf 88' lang='lat' dir='ltr'>Karste-</span> 
     </span>
     <span class='ocr_line' id='line_1_31' title="bbox 350 2127 1400 2182; baseline 0 -16"><span class='ocrx_word' id='word_1_202' title='bbox 350 2128 439 2167; x_wconf 89' lang='lat' dir='ltr'>nius</span> <span class='ocrx_word' id='word_1_203' title='bbox 457 2127 752 2179; x_wconf 87' lang='lat' dir='ltr'>profectumque</span> <span class='ocrx_word' id='word_1_204' title='bbox 772 2140 794 2165; x_wconf 92' lang='lat' dir='ltr'>a</span> <span class='ocrx_word' id='word_1_205' title='bbox 809 2127 956 2165; x_wconf 86' lang='lat' dir='ltr'>seriore</span> <span class='ocrx_word' id='word_1_206' title='bbox 973 2127 1141 2178; x_wconf 87' lang='lat' dir='ltr'>quodam</span> <span class='ocrx_word' id='word_1_207' title='bbox 1161 2127 1400 2182; x_wconf 83' lang='grc' dir='ltr'>χρησμολόγῳ</span> 
     </span>
     <span class='ocr_line' id='line_1_32' title="bbox 352 2185 1399 2238; baseline 0 -13"><span class='ocrx_word' id='word_1_208' title='bbox 352 2187 420 2238; x_wconf 91' lang='lat' dir='ltr'>qui</span> <span class='ocrx_word' id='word_1_209' title='bbox 451 2186 647 2225; x_wconf 88' lang='lat' dir='ltr'>interdum</span> <span class='ocrx_word' id='word_1_210' title='bbox 696 2185 976 2238; x_wconf 86' lang='lat' dir='ltr'>Empedocleos</span> <span class='ocrx_word' id='word_1_211' title='bbox 1027 2199 1167 2225; x_wconf 88' lang='lat' dir='ltr'>versus</span> <span class='ocrx_word' id='word_1_212' title='bbox 1215 2195 1399 2238; x_wconf 89' lang='lat' dir='ltr'>tanquam</span> 
     </span>
     <span class='ocr_line' id='line_1_33' title="bbox 355 2244 1400 2297; baseline 0.002 -14"><span class='ocrx_word' id='word_1_213' title='bbox 355 2244 581 2297; x_wconf 82' lang='lat' dir='ltr'>splendidos</span> <span class='ocrx_word' id='word_1_214' title='bbox 610 2258 759 2296; x_wconf 85' lang='lat' dir='ltr'>pannos</span> <span class='ocrx_word' id='word_1_215' title='bbox 782 2245 861 2283; x_wconf 90' lang='lat' dir='ltr'>suis</span> <span class='ocrx_word' id='word_1_216' title='bbox 891 2245 1030 2283; x_wconf 91' lang='lat' dir='ltr'>naeniis</span> <span class='ocrx_word' id='word_1_217' title='bbox 1052 2259 1209 2284; x_wconf 88' lang='lat' dir='ltr'>assuere</span> <span class='ocrx_word' id='word_1_218' title='bbox 1233 2249 1318 2284; x_wconf 90' lang='lat' dir='ltr'>ausi</span> <span class='ocrx_word' id='word_1_219' title='bbox 1342 2260 1400 2285; x_wconf 92' lang='lat' dir='ltr'>es-</span> 
     </span>
     <span class='ocr_line' id='line_1_34' title="bbox 352 2302 1403 2358; baseline 0.001 -16"><span class='ocrx_word' id='word_1_220' title='bbox 352 2312 449 2342; x_wconf 83' lang='lat' dir='ltr'>sent.</span> <span class='ocrx_word' id='word_1_221' title='bbox 470 2304 525 2342; x_wconf 79' lang='lat' dir='ltr'>Ac</span> <span class='ocrx_word' id='word_1_222' title='bbox 537 2303 709 2356; x_wconf 86' lang='lat' dir='ltr'>profecto</span> <span class='ocrx_word' id='word_1_223' title='bbox 723 2304 826 2342; x_wconf 87' lang='lat' dir='ltr'>istud</span> <span class='ocrx_word' id='word_1_224' title='bbox 843 2303 964 2356; x_wconf 77' lang='grc' dir='ltr'>στ’,ψιες</span> <span class='ocrx_word' id='word_1_225' title='bbox 981 2302 1066 2356; x_wconf 86' lang='grc' dir='ltr'>ἔργα</span> <span class='ocrx_word' id='word_1_226' title='bbox 1086 2320 1123 2342; x_wconf 86' lang='grc' dir='ltr'>τε</span> <span class='ocrx_word' id='word_1_227' title='bbox 1142 2305 1274 2358; x_wconf 77' lang='grc' dir='ltr'>ρευστοί</span> <span class='ocrx_word' id='word_1_228' title='bbox 1294 2306 1403 2343; x_wconf 84' lang='lat' dir='ltr'>redo-</span> 
     </span>
     <span class='ocr_line' id='line_1_35' title="bbox 353 2363 1403 2415; baseline 0.003 -15"><span class='ocrx_word' id='word_1_229' title='bbox 353 2363 404 2401; x_wconf 90' lang='lat' dir='ltr'>let</span> <span class='ocrx_word' id='word_1_230' title='bbox 428 2363 684 2415; x_wconf 88' lang='lat' dir='ltr'>posteriorem</span> <span class='ocrx_word' id='word_1_231' title='bbox 707 2372 854 2401; x_wconf 87' lang='lat' dir='ltr'>aetatem</span> <span class='ocrx_word' id='word_1_232' title='bbox 875 2377 960 2414; x_wconf 87' lang='lat' dir='ltr'>quae</span> <span class='ocrx_word' id='word_1_233' title='bbox 979 2363 1171 2402; x_wconf 88' lang='lat' dir='ltr'>vocabula</span> <span class='ocrx_word' id='word_1_234' title='bbox 1189 2377 1212 2402; x_wconf 88' lang='lat' dir='ltr'>a</span> <span class='ocrx_word' id='word_1_235' title='bbox 1230 2365 1403 2404; x_wconf 88' lang='lat' dir='ltr'>fluminis</span> 
     </span>
     <span class='ocr_line' id='line_1_36' title="bbox 354 2421 1404 2476; baseline 0.005 -17"><span class='ocrx_word' id='word_1_236' title='bbox 354 2429 391 2459; x_wconf 93' lang='lat' dir='ltr'>et</span> <span class='ocrx_word' id='word_1_237' title='bbox 409 2421 523 2459; x_wconf 91' lang='lat' dir='ltr'>undae</span> <span class='ocrx_word' id='word_1_238' title='bbox 554 2421 828 2470; x_wconf 88' lang='lat' dir='ltr'>similitudine,</span> <span class='ocrx_word' id='word_1_239' title='bbox 864 2435 980 2474; x_wconf 88' lang='lat' dir='ltr'>quam</span> <span class='ocrx_word' id='word_1_240' title='bbox 1011 2423 1230 2462; x_wconf 86' lang='lat' dir='ltr'>Heraclitus</span> <span class='ocrx_word' id='word_1_241' title='bbox 1255 2425 1336 2476; x_wconf 85' lang='lat' dir='ltr'>jam</span> <span class='ocrx_word' id='word_1_242' title='bbox 1367 2435 1404 2464; x_wconf 90' lang='lat' dir='ltr'>et</span> 
     </span>
     <span class='ocr_line' id='line_1_37' title="bbox 354 2479 1403 2534; baseline 0.006 -17"><span class='ocrx_word' id='word_1_243' title='bbox 354 2479 465 2518; x_wconf 86' lang='lat' dir='ltr'>Plato</span> <span class='ocrx_word' id='word_1_244' title='bbox 481 2490 787 2532; x_wconf 87' lang='lat' dir='ltr'>usurpaverant,</span> <span class='ocrx_word' id='word_1_245' title='bbox 819 2490 973 2534; x_wconf 89' lang='lat' dir='ltr'>sumpta</span> <span class='ocrx_word' id='word_1_246' title='bbox 992 2481 1110 2522; x_wconf 88' lang='lat' dir='ltr'>rebus</span> <span class='ocrx_word' id='word_1_247' title='bbox 1134 2482 1318 2522; x_wconf 89' lang='lat' dir='ltr'>humanis</span> <span class='ocrx_word' id='word_1_248' title='bbox 1338 2498 1403 2523; x_wconf 89' lang='lat' dir='ltr'>ac-</span> 
     </span>
     <span class='ocr_line' id='line_1_38' title="bbox 359 2539 1404 2582; baseline 0.007 -7"><span class='ocrx_word' id='word_1_249' title='bbox 359 2539 603 2577; x_wconf 88' lang='lat' dir='ltr'>commodare</span> <span class='ocrx_word' id='word_1_250' title='bbox 642 2549 906 2580; x_wconf 86' lang='lat' dir='ltr'>consueverat.</span> <span class='ocrx_word' id='word_1_251' title='bbox 954 2540 1050 2580; x_wconf 86' lang='lat' dir='ltr'>Nam</span> <span class='ocrx_word' id='word_1_252' title='bbox 1093 2555 1224 2580; x_wconf 88' lang='lat' dir='ltr'>rerum</span> <span class='ocrx_word' id='word_1_253' title='bbox 1266 2552 1404 2582; x_wconf 88' lang='lat' dir='ltr'>natura</span> 
     </span>
     <span class='ocr_line' id='line_1_39' title="bbox 359 2597 1400 2654; baseline 0.005 -20"><span class='ocrx_word' id='word_1_254' title='bbox 359 2597 582 2644; x_wconf 80' lang='lat' dir='ltr'>nominatur</span> <span class='ocrx_word' id='word_1_255' title='bbox 602 2610 624 2635; x_wconf 86' lang='lat' dir='ltr'>a</span> <span class='ocrx_word' id='word_1_256' title='bbox 642 2598 851 2636; x_wconf 88' lang='lat' dir='ltr'>Plutarcho</span> <span class='ocrx_word' id='word_1_257' title='bbox 872 2599 946 2645; x_wconf 90' lang='lat' dir='ltr'>Qu.</span> <span class='ocrx_word' id='word_1_258' title='bbox 966 2599 1078 2640; x_wconf 85' lang='lat' dir='ltr'>Rom.</span> <span class='ocrx_word' id='word_1_259' title='bbox 1098 2602 1180 2642; x_wconf 84' lang='lat' dir='ltr'>vol.</span> <span class='ocrx_word' id='word_1_260' title='bbox 1200 2601 1272 2639; x_wconf 87' lang='lat' dir='ltr'>Vll</span> <span class='ocrx_word' id='word_1_261' title='bbox 1288 2616 1328 2654; x_wconf 92' lang='lat' dir='ltr'>p.</span> <span class='ocrx_word' id='word_1_262' title='bbox 1353 2603 1400 2651; x_wconf 93' lang='lat'>87</span> 
     </span>
     <span class='ocr_line' id='line_1_40' title="bbox 359 2654 1402 2710; baseline 0.007 -17"><span class='ocrx_word' id='word_1_263' title='bbox 359 2659 382 2702; x_wconf 78' lang='grc' dir='ltr'>ἡ</span> <span class='ocrx_word' id='word_1_264' title='bbox 401 2654 523 2709; x_wconf 69' lang='grc' dir='ltr'>ῥευστὴ</span> <span class='ocrx_word' id='word_1_265' title='bbox 545 2657 662 2696; x_wconf 81' lang='grc' dir='ltr'>οὐσία.</span> <span class='ocrx_word' id='word_1_266' title='bbox 691 2657 880 2696; x_wconf 89' lang='lat' dir='ltr'>Similiter</span> <span class='ocrx_word' id='word_1_267' title='bbox 907 2658 1084 2710; x_wconf 86' lang='lat' dir='ltr'>Scriptor</span> <span class='ocrx_word' id='word_1_268' title='bbox 1104 2659 1402 2700; x_wconf 73' lang='lat' dir='ltr'>incredibilium</span> 
     </span>
     <span class='ocr_line' id='line_1_41' title="bbox 362 2714 1403 2771; baseline 0.01 -21"><span class='ocrx_word' id='word_1_269' title='bbox 362 2728 397 2752; x_wconf 89' lang='lat' dir='ltr'>c.</span> <span class='ocrx_word' id='word_1_270' title='bbox 431 2728 470 2763; x_wconf 91' lang='lat'>9,</span> <span class='ocrx_word' id='word_1_271' title='bbox 486 2726 527 2765; x_wconf 86' lang='lat' dir='ltr'>p.</span> <span class='ocrx_word' id='word_1_272' title='bbox 554 2715 603 2752; x_wconf 89' lang='lat'>88</span> <span class='ocrx_word' id='word_1_273' title='bbox 630 2714 716 2753; x_wconf 87' lang='lat' dir='ltr'>Gal.</span> <span class='ocrx_word' id='word_1_274' title='bbox 724 2715 822 2763; x_wconf 88' lang='lat' dir='ltr'>‚ubi</span> <span class='ocrx_word' id='word_1_275' title='bbox 854 2716 902 2754; x_wconf 89' lang='lat' dir='ltr'>de</span> <span class='ocrx_word' id='word_1_276' title='bbox 922 2716 1104 2756; x_wconf 83' lang='lat' dir='ltr'>Narcisso</span> <span class='ocrx_word' id='word_1_277' title='bbox 1124 2718 1333 2771; x_wconf 86' lang='lat' dir='ltr'>loquitur:</span> <span class='ocrx_word' id='word_1_278' title='bbox 1365 2722 1403 2759; x_wconf 81' lang='grc' dir='ltr'>οὐ</span> 
     </span>
     <span class='ocr_line' id='line_1_42' title="bbox 361 2771 1406 2845; baseline 0.008 -35"><span class='ocrx_word' id='word_1_279' title='bbox 361 2771 429 2824; x_wconf 77' lang='grc' dir='ltr'>γὰρ</span> <span class='ocrx_word' id='word_1_280' title='bbox 447 2774 493 2817; x_wconf 82' lang='grc' dir='ltr'>εἷς</span> <span class='ocrx_word' id='word_1_281' title='bbox 511 2772 604 2845; x_wconf 45' lang='grc' dir='ltr'>υδιιιῳ</span> <span class='ocrx_word' id='word_1_282' title='bbox 622 2777 796 2826; x_wconf 86' lang='grc' dir='ltr'>ἀπεπνίγη</span> <span class='ocrx_word' id='word_1_283' title='bbox 808 2804 818 2822; x_wconf 86' lang='grc'><em>,</em></span> <span class='ocrx_word' id='word_1_284' title='bbox 841 2776 919 2813; x_wconf 83' lang='grc' dir='ltr'>ἀλλ’</span> <span class='ocrx_word' id='word_1_285' title='bbox 942 2777 977 2815; x_wconf 80' lang='grc' dir='ltr'>ἐν</span> <span class='ocrx_word' id='word_1_286' title='bbox 998 2779 1043 2830; x_wconf 81' lang='grc' dir='ltr'>τῇ</span> <span class='ocrx_word' id='word_1_287' title='bbox 1061 2779 1186 2832; x_wconf 78' lang='grc' dir='ltr'>ῥευστῇ</span> <span class='ocrx_word' id='word_1_288' title='bbox 1206 2795 1265 2819; x_wconf 91' lang='grc' dir='ltr'>του</span> <span class='ocrx_word' id='word_1_289' title='bbox 1287 2780 1406 2819; x_wconf 79' lang='grc' dir='ltr'>ἓνύλου</span> 
     </span>
     <span class='ocr_line' id='line_1_43' title="bbox 361 2829 1405 2889; baseline 0.011 -21"><span class='ocrx_word' id='word_1_290' title='bbox 361 2829 522 2880; x_wconf 82' lang='grc' dir='ltr'>σώματος</span> <span class='ocrx_word' id='word_1_291' title='bbox 537 2831 634 2883; x_wconf 72' lang='grc' dir='ltr'>φύσει</span> <span class='ocrx_word' id='word_1_292' title='bbox 651 2831 713 2880; x_wconf 79' lang='grc' dir='ltr'>τὴν</span> <span class='ocrx_word' id='word_1_293' title='bbox 731 2835 853 2871; x_wconf 75' lang='grc' dir='ltr'>ἑαυτοῦ</span> <span class='ocrx_word' id='word_1_294' title='bbox 867 2833 1081 2884; x_wconf 80' lang='grc' dir='ltr'>θεασάμενος</span> <span class='ocrx_word' id='word_1_295' title='bbox 1097 2837 1199 2876; x_wconf 82' lang='grc' dir='ltr'>σκιάν</span> <span class='ocrx_word' id='word_1_296' title='bbox 1215 2838 1322 2889; x_wconf 71' lang='grc' dir='ltr'>,ἤτοι</span> <span class='ocrx_word' id='word_1_297' title='bbox 1341 2839 1405 2887; x_wconf 82' lang='grc' dir='ltr'>τὴν</span> 
     </span>
     <span class='ocr_line' id='line_1_44' title="bbox 361 2891 1405 2948; baseline 0.011 -21"><span class='ocrx_word' id='word_1_298' title='bbox 361 2892 396 2927; x_wconf 83' lang='grc' dir='ltr'>ἐν</span> <span class='ocrx_word' id='word_1_299' title='bbox 416 2892 466 2929; x_wconf 85' lang='grc' dir='ltr'>τῶ</span> <span class='ocrx_word' id='word_1_300' title='bbox 487 2891 626 2942; x_wconf 85' lang='grc' dir='ltr'>σώματι</span> <span class='ocrx_word' id='word_1_301' title='bbox 650 2892 753 2939; x_wconf 83' lang='grc' dir='ltr'>ζωήν</span> <span class='ocrx_word' id='word_1_302' title='bbox 775 2893 889 2939; x_wconf 92' lang='lat' dir='ltr'>Quod</span> <span class='ocrx_word' id='word_1_303' title='bbox 914 2907 1008 2933; x_wconf 90' lang='lat' dir='ltr'>vero</span> <span class='ocrx_word' id='word_1_304' title='bbox 1025 2895 1104 2934; x_wconf 62' lang='lat' dir='ltr'>Ka:</span> <span class='ocrx_word' id='word_1_305' title='bbox 1107 2898 1254 2937; x_wconf 87' lang='lat' dir='ltr'>stemus</span> <span class='ocrx_word' id='word_1_306' title='bbox 1273 2900 1382 2938; x_wconf 90' lang='lat' dir='ltr'>addit</span> <span class='ocrx_word' id='word_1_307' title='bbox 1395 2929 1405 2948; x_wconf 95' lang='lat'>,</span> 
     </span>
     <span class='ocr_line' id='line_1_45' title="bbox 362 2949 1411 3007; baseline 0.01 -20"><span class='ocrx_word' id='word_1_308' title='bbox 362 2949 495 2988; x_wconf 90' lang='lat' dir='ltr'>eodem</span> <span class='ocrx_word' id='word_1_309' title='bbox 517 2963 632 2989; x_wconf 90' lang='lat' dir='ltr'>sensu</span> <span class='ocrx_word' id='word_1_310' title='bbox 653 2964 675 2989; x_wconf 83' lang='lat' dir='ltr'>a</span> <span class='ocrx_word' id='word_1_311' title='bbox 693 2951 837 2990; x_wconf 89' lang='lat' dir='ltr'>Proclo</span> <span class='ocrx_word' id='word_1_312' title='bbox 854 2953 897 2990; x_wconf 90' lang='lat' dir='ltr'>in</span> <span class='ocrx_word' id='word_1_313' title='bbox 913 2952 1018 2993; x_wconf 85' lang='lat' dir='ltr'>Tim.</span> <span class='ocrx_word' id='word_1_314' title='bbox 1033 2954 1063 2991; x_wconf 90' lang='lat' dir='ltr'>V</span> <span class='ocrx_word' id='word_1_315' title='bbox 1079 2969 1118 3006; x_wconf 94' lang='lat' dir='ltr'>p.</span> <span class='ocrx_word' id='word_1_316' title='bbox 1138 2958 1215 3007; x_wconf 83' lang='lat'>339</span> <span class='ocrx_word' id='word_1_317' title='bbox 1235 2957 1304 2996; x_wconf 86' lang='lat' dir='ltr'>ubi</span> <span class='ocrx_word' id='word_1_318' title='bbox 1325 2959 1411 2997; x_wconf 86' lang='lat' dir='ltr'>Em-</span> 
     </span>
     <span class='ocr_line' id='line_1_46' title="bbox 317 3007 1408 3057; baseline 0.009 -13"><span class='ocrx_word' id='word_1_319' title='bbox 317 3010 322 3015; x_wconf 86' lang='lat'>&#39;</span> <span class='ocrx_word' id='word_1_320' title='bbox 364 3007 536 3057; x_wconf 88' lang='lat' dir='ltr'>pedoclis</span> <span class='ocrx_word' id='word_1_321' title='bbox 552 3009 666 3047; x_wconf 90' lang='lat' dir='ltr'>etiam</span> <span class='ocrx_word' id='word_1_322' title='bbox 686 3010 831 3048; x_wconf 88' lang='lat' dir='ltr'>mentio</span> <span class='ocrx_word' id='word_1_323' title='bbox 847 3010 1012 3050; x_wconf 91' lang='lat' dir='ltr'>habetur</span> <span class='ocrx_word' id='word_1_324' title='bbox 1032 3015 1242 3053; x_wconf 88' lang='lat' dir='ltr'>memorari</span> <span class='ocrx_word' id='word_1_325' title='bbox 1259 3029 1306 3053; x_wconf 88' lang='lat' dir='ltr'>ex</span> <span class='ocrx_word' id='word_1_326' title='bbox 1322 3031 1367 3054; x_wconf 89' lang='lat' dir='ltr'>or</span> <span class='ocrx_word' id='word_1_327' title='bbox 1370 3031 1408 3055; x_wconf 89' lang='lat' dir='ltr'>a-</span> 
     </span>
     <span class='ocr_line' id='line_1_47' title="bbox 366 3065 1405 3125; baseline 0.011 -23"><span class='ocrx_word' id='word_1_328' title='bbox 366 3065 455 3103; x_wconf 83' lang='lat' dir='ltr'>culo</span> <span class='ocrx_word' id='word_1_329' title='bbox 475 3067 644 3117; x_wconf 88' lang='lat' dir='ltr'>quodam</span> <span class='ocrx_word' id='word_1_330' title='bbox 669 3067 792 3106; x_wconf 70' lang='grc' dir='ltr'>σκολιὰ</span> <span class='ocrx_word' id='word_1_331' title='bbox 808 3069 947 3122; x_wconf 75' lang='grc' dir='ltr'>ῥεῖθρα,</span> <span class='ocrx_word' id='word_1_332' title='bbox 967 3070 1007 3108; x_wconf 92' lang='lat' dir='ltr'>id</span> <span class='ocrx_word' id='word_1_333' title='bbox 1023 3071 1138 3121; x_wconf 84' lang='lat' dir='ltr'>longe</span> <span class='ocrx_word' id='word_1_334' title='bbox 1153 3073 1230 3111; x_wconf 90' lang='lat' dir='ltr'>alio</span> <span class='ocrx_word' id='word_1_335' title='bbox 1247 3085 1405 3125; x_wconf 88' lang='lat' dir='ltr'>spectat</span> 
     </span>
     <span class='ocr_line' id='line_1_48' title="bbox 364 3124 1407 3187; baseline 0.012 -26"><span class='ocrx_word' id='word_1_336' title='bbox 364 3124 496 3162; x_wconf 85' lang='lat' dir='ltr'>Procli</span> <span class='ocrx_word' id='word_1_337' title='bbox 515 3125 637 3164; x_wconf 81' lang='lat' dir='ltr'>verba</span> <span class='ocrx_word' id='word_1_338' title='bbox 653 3135 766 3166; x_wconf 90' lang='lat' dir='ltr'>sunt:</span> <span class='ocrx_word' id='word_1_339' title='bbox 787 3129 804 3165; x_wconf 81' lang='grc' dir='ltr'>ὁ</span> <span class='ocrx_word' id='word_1_340' title='bbox 825 3126 888 3178; x_wconf 84' lang='grc' dir='ltr'>μὲν</span> <span class='ocrx_word' id='word_1_341' title='bbox 899 3128 1058 3180; x_wconf 82' lang='grc' dir='ltr'>ποταμὸς</span> <span class='ocrx_word' id='word_1_342' title='bbox 1080 3130 1202 3185; x_wconf 76' lang='grc' dir='ltr'>(παρὰ</span> <span class='ocrx_word' id='word_1_343' title='bbox 1218 3134 1407 3187; x_wconf 80' lang='grc' dir='ltr'>Πλάτωνι)</span> 
     </span>
     <span class='ocr_line' id='line_1_49' title="bbox 369 3183 1410 3239; baseline 0.012 -18"><span class='ocrx_word' id='word_1_344' title='bbox 369 3185 407 3221; x_wconf 82' lang='grc' dir='ltr'>οὗ</span> <span class='ocrx_word' id='word_1_345' title='bbox 429 3183 468 3222; x_wconf 82' lang='grc' dir='ltr'>τὸ</span> <span class='ocrx_word' id='word_1_346' title='bbox 482 3184 693 3236; x_wconf 75' lang='grc' dir='ltr'>ἀνθρώπινον</span> <span class='ocrx_word' id='word_1_347' title='bbox 715 3185 757 3232; x_wconf 84' lang='grc' dir='ltr'>δὴ</span> <span class='ocrx_word' id='word_1_348' title='bbox 781 3188 885 3236; x_wconf 78' lang='grc' dir='ltr'>σῶμα</span> <span class='ocrx_word' id='word_1_349' title='bbox 908 3187 1073 3238; x_wconf 82' lang='grc' dir='ltr'>σημαίνει</span> <span class='ocrx_word' id='word_1_350' title='bbox 1095 3189 1220 3239; x_wconf 85' lang='grc' dir='ltr'>μόνον,</span> <span class='ocrx_word' id='word_1_351' title='bbox 1242 3193 1332 3231; x_wconf 82' lang='grc' dir='ltr'>ἀλλὰ</span> <span class='ocrx_word' id='word_1_352' title='bbox 1352 3194 1410 3233; x_wconf 79' lang='grc' dir='ltr'>καὶ</span> 
     </span>
     <span class='ocr_line' id='line_1_50' title="bbox 367 3240 1412 3316; baseline 0.012 -38"><span class='ocrx_word' id='word_1_353' title='bbox 367 3247 486 3279; x_wconf 88' lang='grc' dir='ltr'>πασαν</span> <span class='ocrx_word' id='word_1_354' title='bbox 507 3240 570 3288; x_wconf 83' lang='grc' dir='ltr'>τὴν</span> <span class='ocrx_word' id='word_1_355' title='bbox 600 3243 844 3295; x_wconf 80' lang='grc' dir='ltr'>περικειμένην</span> <span class='ocrx_word' id='word_1_356' title='bbox 870 3244 992 3289; x_wconf 78' lang='grc' dir='ltr'>ἔξωθεν</span> <span class='ocrx_word' id='word_1_357' title='bbox 1009 3249 1094 3296; x_wconf 73' lang='grc' dir='ltr'>ἡμῖν</span> <span class='ocrx_word' id='word_1_358' title='bbox 1097 3247 1282 3316; x_wconf 16' lang='grc' dir='ltr'>μγένεσιν.</span> <span class='ocrx_word' id='word_1_359' title='bbox 1290 3252 1412 3292; x_wconf 78' lang='grc' dir='ltr'>..οὕτω</span> 
     </span>
     <span class='ocr_line' id='line_1_51' title="bbox 368 3299 1412 3378; baseline 0.011 -41"><span class='ocrx_word' id='word_1_360' title='bbox 368 3299 404 3338; x_wconf 83' lang='grc' dir='ltr'>δὲ</span> <span class='ocrx_word' id='word_1_361' title='bbox 423 3299 483 3338; x_wconf 79' lang='grc' dir='ltr'>καὶ</span> <span class='ocrx_word' id='word_1_362' title='bbox 503 3301 538 3339; x_wconf 83' lang='grc' dir='ltr'>ἐν</span> <span class='ocrx_word' id='word_1_363' title='bbox 558 3300 727 3339; x_wconf 80' lang='grc' dir='ltr'>Πολιτεία</span> <span class='ocrx_word' id='word_1_364' title='bbox 746 3303 783 3352; x_wconf 80' lang='grc' dir='ltr'>(ὁ</span> <span class='ocrx_word' id='word_1_365' title='bbox 804 3302 984 3355; x_wconf 80' lang='grc' dir='ltr'>Πλάτων)</span> <span class='ocrx_word' id='word_1_366' title='bbox 1003 3303 1060 3342; x_wconf 81' lang='grc' dir='ltr'>τὸν</span> <span class='ocrx_word' id='word_1_367' title='bbox 1077 3321 1139 3352; x_wconf 84' lang='grc' dir='ltr'>της</span> <span class='ocrx_word' id='word_1_368' title='bbox 1161 3307 1280 3378; x_wconf 80' lang='grc' dir='ltr'>Λήθης</span> <span class='ocrx_word' id='word_1_369' title='bbox 1300 3326 1412 3350; x_wconf 86' lang='grc' dir='ltr'>ποτα-</span> 
     </span>
     <span class='ocr_line' id='line_1_52' title="bbox 369 3357 1412 3422; baseline 0.012 -27"><span class='ocrx_word' id='word_1_370' title='bbox 369 3358 433 3408; x_wconf 83' lang='grc' dir='ltr'>μὸν</span> <span class='ocrx_word' id='word_1_371' title='bbox 460 3357 654 3397; x_wconf 72' lang='grc' dir='ltr'>ἀπεκάλεσε</span> <span class='ocrx_word' id='word_1_372' title='bbox 685 3365 802 3398; x_wconf 78' lang='grc' dir='ltr'>πᾶσαν</span> <span class='ocrx_word' id='word_1_373' title='bbox 827 3359 891 3408; x_wconf 80' lang='grc' dir='ltr'>τὴν</span> <span class='ocrx_word' id='word_1_374' title='bbox 915 3377 1154 3417; x_wconf 80' lang='grc' dir='ltr'>γενεσιουργον</span> <span class='ocrx_word' id='word_1_375' title='bbox 1183 3365 1306 3419; x_wconf 81' lang='grc' dir='ltr'>φύσιν,</span> <span class='ocrx_word' id='word_1_376' title='bbox 1335 3370 1369 3407; x_wconf 82' lang='grc' dir='ltr'>ἐν</span> <span class='ocrx_word' id='word_1_377' title='bbox 1390 3374 1412 3422; x_wconf 83' lang='grc' dir='ltr'>ᾑ</span> 
     </span>
     <span class='ocr_line' id='line_1_53' title="bbox 370 3415 1414 3496; baseline 0.013 -43"><span class='ocrx_word' id='word_1_378' title='bbox 370 3415 430 3455; x_wconf 74' lang='grc' dir='ltr'>καὶ</span> <span class='ocrx_word' id='word_1_379' title='bbox 450 3419 471 3464; x_wconf 86' lang='grc' dir='ltr'>ἡ</span> <span class='ocrx_word' id='word_1_380' title='bbox 489 3416 590 3465; x_wconf 76' lang='grc' dir='ltr'>Λήθη</span> <span class='ocrx_word' id='word_1_381' title='bbox 610 3432 670 3456; x_wconf 86' lang='grc' dir='ltr'>και</span> <span class='ocrx_word' id='word_1_382' title='bbox 684 3420 703 3457; x_wconf 80' lang='grc' dir='ltr'>ὁ</span> <span class='ocrx_word' id='word_1_383' title='bbox 722 3420 782 3465; x_wconf 73' lang='grc' dir='ltr'>τῆς</span> <span class='ocrx_word' id='word_1_384' title='bbox 799 3417 905 3467; x_wconf 79' lang='grc' dir='ltr'>Ἄτης</span> <span class='ocrx_word' id='word_1_385' title='bbox 927 3420 1074 3496; x_wconf 51' lang='lat' dir='ltr'>&gt;etiaim</span> <span class='ocrx_word' id='word_1_386' title='bbox 1090 3421 1136 3466; x_wconf 66' lang='grc' dir='ltr'>ὥς</span> <span class='ocrx_word' id='word_1_387' title='bbox 1150 3440 1253 3476; x_wconf 82' lang='grc' dir='ltr'>φησιν</span> <span class='ocrx_word' id='word_1_388' title='bbox 1274 3425 1414 3477; x_wconf 83' lang='grc' dir='ltr'>Ἐμπε-</span> 
     </span>
     <span class='ocr_line' id='line_1_54' title="bbox 370 3475 1416 3534; baseline 0.011 -21"><span class='ocrx_word' id='word_1_389' title='bbox 370 3475 544 3522; x_wconf 78' lang='grc' dir='ltr'>δοκλῆς...</span> <span class='ocrx_word' id='word_1_390' title='bbox 569 3491 643 3516; x_wconf 86' lang='grc' dir='ltr'>,και</span> <span class='ocrx_word' id='word_1_391' title='bbox 663 3477 706 3516; x_wconf 74' lang='grc' dir='ltr'>τὰ</span> <span class='ocrx_word' id='word_1_392' title='bbox 728 3477 851 3517; x_wconf 73' lang='grc' dir='ltr'>σκολιὰ</span> <span class='ocrx_word' id='word_1_393' title='bbox 868 3480 902 3532; x_wconf 75' lang='grc' dir='ltr'>ρε</span> <span class='ocrx_word' id='word_1_394' title='bbox 906 3482 1009 3532; x_wconf 71' lang='grc' dir='ltr'>ῖθρα,</span> <span class='ocrx_word' id='word_1_395' title='bbox 1022 3482 1078 3534; x_wconf 63' lang='grc' dir='ltr'>ὑφ’</span> <span class='ocrx_word' id='word_1_396' title='bbox 1106 3475 1153 3520; x_wconf 69' lang='grc' dir='ltr'>ὧν</span> <span class='ocrx_word' id='word_1_397' title='bbox 1172 3484 1293 3522; x_wconf 85' lang='grc' dir='ltr'>πολλοι</span> <span class='ocrx_word' id='word_1_398' title='bbox 1310 3501 1416 3524; x_wconf 78' lang='grc' dir='ltr'>κατα-</span> 
     </span>
    </p>
   </div>
   <div class='ocr_carea' id='block_1_5' title="bbox 1452 337 2515 1091">
    <p class='ocr_par' dir='ltr' id='par_1_7' title="bbox 1452 337 2515 1091">
     <span class='ocr_line' id='line_1_55' title="bbox 1456 337 2510 394; baseline 0.004 -15"><span class='ocrx_word' id='word_1_399' title='bbox 1456 341 1642 393; x_wconf 81' lang='grc' dir='ltr'>σύρονται,</span> <span class='ocrx_word' id='word_1_400' title='bbox 1669 341 1715 383; x_wconf 83' lang='grc' dir='ltr'>ὡς</span> <span class='ocrx_word' id='word_1_401' title='bbox 1738 337 1782 378; x_wconf 79' lang='grc' dir='ltr'>τὰ</span> <span class='ocrx_word' id='word_1_402' title='bbox 1808 338 1911 391; x_wconf 82' lang='grc' dir='ltr'>λόγιά</span> <span class='ocrx_word' id='word_1_403' title='bbox 1936 355 2057 394; x_wconf 76' lang='grc' dir='ltr'>φησιν.</span> <span class='ocrx_word' id='word_1_404' title='bbox 2081 340 2154 380; x_wconf 82' lang='lat' dir='ltr'>Hic</span> <span class='ocrx_word' id='word_1_405' title='bbox 2173 354 2268 380; x_wconf 89' lang='lat' dir='ltr'>cave</span> <span class='ocrx_word' id='word_1_406' title='bbox 2284 355 2372 380; x_wconf 87' lang='lat' dir='ltr'>cum</span> <span class='ocrx_word' id='word_1_407' title='bbox 2393 342 2510 383; x_wconf 85' lang='lat' dir='ltr'>docto</span> 
     </span>
     <span class='ocr_line' id='line_1_56' title="bbox 1453 398 2512 454; baseline 0.005 -17"><span class='ocrx_word' id='word_1_408' title='bbox 1453 400 1523 438; x_wconf 90' lang='lat' dir='ltr'>illo</span> <span class='ocrx_word' id='word_1_409' title='bbox 1540 399 1628 438; x_wconf 90' lang='lat' dir='ltr'>viro</span> <span class='ocrx_word' id='word_1_410' title='bbox 1658 398 1783 438; x_wconf 81' lang='grc' dir='ltr'>σκολιὰ</span> <span class='ocrx_word' id='word_1_411' title='bbox 1808 401 1926 453; x_wconf 83' lang='grc' dir='ltr'>ῥεῖθρα</span> <span class='ocrx_word' id='word_1_412' title='bbox 1958 408 1996 439; x_wconf 91' lang='lat' dir='ltr'>et</span> <span class='ocrx_word' id='word_1_413' title='bbox 2013 399 2098 453; x_wconf 83' lang='grc' dir='ltr'>ἔργα</span> <span class='ocrx_word' id='word_1_414' title='bbox 2132 399 2262 454; x_wconf 76' lang='grc' dir='ltr'>ῥευστά</span> <span class='ocrx_word' id='word_1_415' title='bbox 2286 402 2398 454; x_wconf 86' lang='lat' dir='ltr'>paria</span> <span class='ocrx_word' id='word_1_416' title='bbox 2426 415 2512 442; x_wconf 83' lang='lat' dir='ltr'>esse</span> 
     </span>
     <span class='ocr_line' id='line_1_57' title="bbox 1452 457 2513 514; baseline 0.005 -18"><span class='ocrx_word' id='word_1_417' title='bbox 1452 458 1665 498; x_wconf 83' lang='lat' dir='ltr'>existimes.</span> <span class='ocrx_word' id='word_1_418' title='bbox 1683 457 1796 497; x_wconf 91' lang='lat' dir='ltr'>Vates</span> <span class='ocrx_word' id='word_1_419' title='bbox 1810 459 1883 498; x_wconf 88' lang='lat' dir='ltr'>iste</span> <span class='ocrx_word' id='word_1_420' title='bbox 1896 458 2019 499; x_wconf 79' lang='grc' dir='ltr'>σκολιὰ</span> <span class='ocrx_word' id='word_1_421' title='bbox 2036 461 2156 514; x_wconf 80' lang='grc' dir='ltr'>ῥεῖθρα</span> <span class='ocrx_word' id='word_1_422' title='bbox 2173 461 2331 499; x_wconf 85' lang='lat' dir='ltr'>vocavit</span> <span class='ocrx_word' id='word_1_423' title='bbox 2350 460 2513 501; x_wconf 84' lang='lat' dir='ltr'>flumina</span> 
     </span>
     <span class='ocr_line' id='line_1_58' title="bbox 1453 517 2513 570; baseline 0.006 -16"><span class='ocrx_word' id='word_1_424' title='bbox 1453 517 1633 564; x_wconf 89' lang='lat' dir='ltr'>sinuosa,</span> <span class='ocrx_word' id='word_1_425' title='bbox 1658 530 1829 567; x_wconf 89' lang='lat' dir='ltr'>quorum</span> <span class='ocrx_word' id='word_1_426' title='bbox 1850 526 2034 570; x_wconf 90' lang='lat' dir='ltr'>tanquam</span> <span class='ocrx_word' id='word_1_427' title='bbox 2059 520 2291 559; x_wconf 85' lang='lat' dir='ltr'>torrentium</span> <span class='ocrx_word' id='word_1_428' title='bbox 2313 520 2354 559; x_wconf 84' lang='lat' dir='ltr'>vi</span> <span class='ocrx_word' id='word_1_429' title='bbox 2375 520 2513 560; x_wconf 89' lang='lat' dir='ltr'>homi-</span> 
     </span>
     <span class='ocr_line' id='line_1_59' title="bbox 1453 575 2510 629; baseline 0.005 -15"><span class='ocrx_word' id='word_1_430' title='bbox 1453 590 1520 615; x_wconf 91' lang='lat' dir='ltr'>nes</span> <span class='ocrx_word' id='word_1_431' title='bbox 1538 576 1719 614; x_wconf 90' lang='lat' dir='ltr'>deorsum</span> <span class='ocrx_word' id='word_1_432' title='bbox 1739 575 1961 628; x_wconf 89' lang='lat' dir='ltr'>rapiuntur,</span> <span class='ocrx_word' id='word_1_433' title='bbox 1979 577 2086 629; x_wconf 90' lang='lat' dir='ltr'>quod</span> <span class='ocrx_word' id='word_1_434' title='bbox 2103 591 2176 629; x_wconf 87' lang='lat' dir='ltr'>ego</span> <span class='ocrx_word' id='word_1_435' title='bbox 2190 592 2268 617; x_wconf 91' lang='lat' dir='ltr'>non</span> <span class='ocrx_word' id='word_1_436' title='bbox 2286 579 2450 619; x_wconf 88' lang='lat' dir='ltr'>omnino</span> <span class='ocrx_word' id='word_1_437' title='bbox 2465 580 2510 619; x_wconf 59' lang='lat' dir='ltr'>dm</span> 
     </span>
     <span class='ocr_line' id='line_1_60' title="bbox 1453 635 2515 690; baseline 0.004 -17"><span class='ocrx_word' id='word_1_438' title='bbox 1453 635 1570 674; x_wconf 88' lang='lat' dir='ltr'>rebus</span> <span class='ocrx_word' id='word_1_439' title='bbox 1597 635 1718 674; x_wconf 87' lang='lat' dir='ltr'>fluxis</span> <span class='ocrx_word' id='word_1_440' title='bbox 1739 649 1826 674; x_wconf 83' lang='lat' dir='ltr'>cum</span> <span class='ocrx_word' id='word_1_441' title='bbox 1854 636 2063 676; x_wconf 87' lang='lat' dir='ltr'>Karstenio</span> <span class='ocrx_word' id='word_1_442' title='bbox 2092 637 2346 690; x_wconf 89' lang='lat' dir='ltr'>interpretor,</span> <span class='ocrx_word' id='word_1_443' title='bbox 2375 638 2444 678; x_wconf 87' lang='lat' dir='ltr'>sed</span> <span class='ocrx_word' id='word_1_444' title='bbox 2464 639 2515 679; x_wconf 86' lang='lat' dir='ltr'>de</span> 
     </span>
     <span class='ocr_line' id='line_1_61' title="bbox 1452 694 2513 751; baseline 0.007 -19"><span class='ocrx_word' id='word_1_445' title='bbox 1452 694 1640 747; x_wconf 89' lang='lat' dir='ltr'>periculis</span> <span class='ocrx_word' id='word_1_446' title='bbox 1659 703 1697 733; x_wconf 88' lang='lat' dir='ltr'>et</span> <span class='ocrx_word' id='word_1_447' title='bbox 1713 695 1985 747; x_wconf 83' lang='lat' dir='ltr'>voluptatibus</span> <span class='ocrx_word' id='word_1_448' title='bbox 2000 710 2087 748; x_wconf 83' lang='lat' dir='ltr'>quae</span> <span class='ocrx_word' id='word_1_449' title='bbox 2103 698 2288 737; x_wconf 88' lang='lat' dir='ltr'>mortales</span> <span class='ocrx_word' id='word_1_450' title='bbox 2304 699 2513 751; x_wconf 88' lang='lat' dir='ltr'>inopinan-</span> 
     </span>
     <span class='ocr_line' id='line_1_62' title="bbox 1454 755 2514 813; baseline 0.007 -21"><span class='ocrx_word' id='word_1_451' title='bbox 1454 763 1509 793; x_wconf 87' lang='lat' dir='ltr'>tes</span> <span class='ocrx_word' id='word_1_452' title='bbox 1539 768 1641 807; x_wconf 88' lang='lat' dir='ltr'>saepe</span> <span class='ocrx_word' id='word_1_453' title='bbox 1673 755 1898 808; x_wconf 80' lang='lat' dir='ltr'>praecipites</span> <span class='ocrx_word' id='word_1_454' title='bbox 1929 765 2063 806; x_wconf 88' lang='lat' dir='ltr'>agunt.</span> <span class='ocrx_word' id='word_1_455' title='bbox 2094 757 2241 796; x_wconf 86' lang='lat' dir='ltr'>Contra</span> <span class='ocrx_word' id='word_1_456' title='bbox 2272 757 2358 810; x_wconf 84' lang='grc' dir='ltr'>ἔργα</span> <span class='ocrx_word' id='word_1_457' title='bbox 2383 759 2514 813; x_wconf 60' lang='lat' dir='ltr'>paueret</span> 
     </span>
     <span class='ocr_line' id='line_1_63' title="bbox 1453 814 2511 869; baseline 0.005 -17"><span class='ocrx_word' id='word_1_458' title='bbox 1453 823 1543 852; x_wconf 92' lang='lat' dir='ltr'>sunt</span> <span class='ocrx_word' id='word_1_459' title='bbox 1560 827 1681 866; x_wconf 89' lang='lat' dir='ltr'>opera</span> <span class='ocrx_word' id='word_1_460' title='bbox 1703 814 1809 852; x_wconf 87' lang='lat' dir='ltr'>fluxa</span> <span class='ocrx_word' id='word_1_461' title='bbox 1825 828 1868 852; x_wconf 87' lang='lat' dir='ltr'>ac</span> <span class='ocrx_word' id='word_1_462' title='bbox 1893 815 1972 853; x_wconf 88' lang='lat' dir='ltr'>cito</span> <span class='ocrx_word' id='word_1_463' title='bbox 2005 815 2182 867; x_wconf 90' lang='lat' dir='ltr'>peritura</span> <span class='ocrx_word' id='word_1_464' title='bbox 2201 816 2370 869; x_wconf 89' lang='lat' dir='ltr'>ideoque</span> <span class='ocrx_word' id='word_1_465' title='bbox 2396 831 2511 857; x_wconf 79' lang='lat' dir='ltr'>vana.</span> 
     </span>
     <span class='ocr_line' id='line_1_64' title="bbox 1452 873 2512 927; baseline 0.005 -16"><span class='ocrx_word' id='word_1_466' title='bbox 1452 873 1538 912; x_wconf 83' lang='lat' dir='ltr'>Jam</span> <span class='ocrx_word' id='word_1_467' title='bbox 1549 874 1582 912; x_wconf 90' lang='lat' dir='ltr'>si</span> <span class='ocrx_word' id='word_1_468' title='bbox 1599 875 1726 912; x_wconf 91' lang='lat' dir='ltr'>locum</span> <span class='ocrx_word' id='word_1_469' title='bbox 1740 873 2003 924; x_wconf 75' lang='lat' dir='ltr'>virgilianum</span> <span class='ocrx_word' id='word_1_470' title='bbox 2017 874 2079 925; x_wconf 91' lang='lat' dir='ltr'>cuj</span> <span class='ocrx_word' id='word_1_471' title='bbox 2086 888 2131 912; x_wconf 91' lang='lat' dir='ltr'>us</span> <span class='ocrx_word' id='word_1_472' title='bbox 2142 888 2262 927; x_wconf 86' lang='lat' dir='ltr'>supra</span> <span class='ocrx_word' id='word_1_473' title='bbox 2276 876 2512 916; x_wconf 88' lang='lat' dir='ltr'>mentionem</span> 
     </span>
     <span class='ocr_line' id='line_1_65' title="bbox 1454 933 2510 985; baseline 0.004 -14"><span class='ocrx_word' id='word_1_474' title='bbox 1454 933 1526 971; x_wconf 91' lang='lat' dir='ltr'>feci</span> <span class='ocrx_word' id='word_1_475' title='bbox 1547 947 1634 972; x_wconf 87' lang='lat' dir='ltr'>cum</span> <span class='ocrx_word' id='word_1_476' title='bbox 1652 933 1715 971; x_wconf 86' lang='lat' dir='ltr'>his</span> <span class='ocrx_word' id='word_1_477' title='bbox 1742 933 2013 985; x_wconf 87' lang='lat' dir='ltr'>Empedocleis</span> <span class='ocrx_word' id='word_1_478' title='bbox 2037 933 2222 984; x_wconf 83' lang='lat' dir='ltr'>reliquiis</span> <span class='ocrx_word' id='word_1_479' title='bbox 2246 934 2510 984; x_wconf 85' lang='lat' dir='ltr'>conferimus,</span> 
     </span>
     <span class='ocr_line' id='line_1_66' title="bbox 1455 992 2513 1050; baseline 0.006 -20"><span class='ocrx_word' id='word_1_480' title='bbox 1455 992 1643 1031; x_wconf 81' lang='lat' dir='ltr'>fateamur</span> <span class='ocrx_word' id='word_1_481' title='bbox 1676 1000 1853 1044; x_wconf 88' lang='lat' dir='ltr'>oportet,</span> <span class='ocrx_word' id='word_1_482' title='bbox 1876 1005 1960 1032; x_wconf 92' lang='lat' dir='ltr'>esse</span> <span class='ocrx_word' id='word_1_483' title='bbox 1992 993 2187 1050; x_wconf 90' lang='lat' dir='ltr'>quandam</span> <span class='ocrx_word' id='word_1_484' title='bbox 2221 996 2324 1032; x_wconf 88' lang='lat' dir='ltr'>inter</span> <span class='ocrx_word' id='word_1_485' title='bbox 2352 994 2513 1079; x_wconf 83' lang='lat' dir='ltr'>Virgilii</span> 
     </span>
     <span class='ocr_line' id='line_1_67' title="bbox 1453 1051 1576 1091; baseline -0.008 0"><span class='ocrx_word' id='word_1_486' title='bbox 1453 1051 1576 1091; x_wconf 89' lang='lat' dir='ltr'>verba</span> 
     </span>
    </p>
   </div>
   <div class='ocr_carea' id='block_1_6' title="bbox 1537 1146 2430 1191">
    <p class='ocr_par' dir='ltr' id='par_1_8' title="bbox 1537 1146 2430 1191">
     <span class='ocr_line' id='line_1_68' title="bbox 1537 1146 2430 1191; baseline 0.003 -11"><span class='ocrx_word' id='word_1_487' title='bbox 1537 1147 1764 1189; x_wconf 84' lang='lat' dir='ltr'>Pallentesque</span> <span class='ocrx_word' id='word_1_488' title='bbox 1786 1146 1933 1180; x_wconf 81' lang='lat' dir='ltr'>habitant</span> <span class='ocrx_word' id='word_1_489' title='bbox 1947 1147 2049 1180; x_wconf 81' lang='lat' dir='ltr'>Morbi</span> <span class='ocrx_word' id='word_1_490' title='bbox 2073 1147 2238 1191; x_wconf 80' lang='lat' dir='ltr'>tristisque</span> <span class='ocrx_word' id='word_1_491' title='bbox 2255 1150 2406 1183; x_wconf 75' lang='lat' dir='ltr'>senectus</span> <span class='ocrx_word' id='word_1_492' title='bbox 2419 1173 2430 1191; x_wconf 84' lang='lat'>,</span> 
     </span>
    </p>
   </div>
   <div class='ocr_carea' id='block_1_7' title="bbox 1455 1230 2520 1580">
    <p class='ocr_par' dir='ltr' id='par_1_9' title="bbox 1455 1230 2520 1580">
     <span class='ocr_line' id='line_1_69' title="bbox 1455 1230 2515 1286; baseline 0.006 -17"><span class='ocrx_word' id='word_1_493' title='bbox 1455 1230 1639 1279; x_wconf 78' lang='lat' dir='ltr'>ethnae,</span> <span class='ocrx_word' id='word_1_494' title='bbox 1671 1231 1719 1270; x_wconf 94' lang='lat' dir='ltr'>de</span> <span class='ocrx_word' id='word_1_495' title='bbox 1748 1246 1828 1283; x_wconf 91' lang='lat' dir='ltr'>quo</span> <span class='ocrx_word' id='word_1_496' title='bbox 1852 1231 2099 1282; x_wconf 90' lang='lat' dir='ltr'>disputamus</span> <span class='ocrx_word' id='word_1_497' title='bbox 2114 1261 2124 1280; x_wconf 97' lang='lat'>,</span> <span class='ocrx_word' id='word_1_498' title='bbox 2153 1233 2402 1286; x_wconf 84' lang='lat' dir='ltr'>Empedoclis</span> <span class='ocrx_word' id='word_1_499' title='bbox 2421 1248 2515 1275; x_wconf 85' lang='lat' dir='ltr'>ver·</span> 
     </span>
     <span class='ocr_line' id='line_1_70' title="bbox 1456 1291 2518 1344; baseline 0.006 -16"><span class='ocrx_word' id='word_1_500' title='bbox 1456 1304 1540 1329; x_wconf 87' lang='lat' dir='ltr'>sum</span> <span class='ocrx_word' id='word_1_501' title='bbox 1565 1291 1885 1338; x_wconf 90' lang='lat' dir='ltr'>similitudinem,</span> <span class='ocrx_word' id='word_1_502' title='bbox 1904 1292 2071 1343; x_wconf 90' lang='lat' dir='ltr'>fierique</span> <span class='ocrx_word' id='word_1_503' title='bbox 2086 1305 2223 1344; x_wconf 90' lang='lat' dir='ltr'>posse,</span> <span class='ocrx_word' id='word_1_504' title='bbox 2245 1301 2289 1331; x_wconf 89' lang='lat' dir='ltr'>ut</span> <span class='ocrx_word' id='word_1_505' title='bbox 2315 1293 2518 1335; x_wconf 83' lang='lat' dir='ltr'>Romanus</span> 
     </span>
     <span class='ocr_line' id='line_1_71' title="bbox 1458 1350 2519 1401; baseline 0.005 -14"><span class='ocrx_word' id='word_1_506' title='bbox 1458 1359 1574 1401; x_wconf 85' lang='lat' dir='ltr'>poeta</span> <span class='ocrx_word' id='word_1_507' title='bbox 1601 1350 1777 1388; x_wconf 88' lang='lat' dir='ltr'>Siculum</span> <span class='ocrx_word' id='word_1_508' title='bbox 1813 1359 1941 1388; x_wconf 88' lang='lat' dir='ltr'>vatem</span> <span class='ocrx_word' id='word_1_509' title='bbox 1975 1351 2153 1389; x_wconf 88' lang='lat' dir='ltr'>imitatus</span> <span class='ocrx_word' id='word_1_510' title='bbox 2187 1351 2249 1391; x_wconf 88' lang='lat' dir='ltr'>sit.</span> <span class='ocrx_word' id='word_1_511' title='bbox 2273 1351 2320 1390; x_wconf 86' lang='lat' dir='ltr'>ld</span> <span class='ocrx_word' id='word_1_512' title='bbox 2348 1353 2382 1391; x_wconf 92' lang='lat' dir='ltr'>si</span> <span class='ocrx_word' id='word_1_513' title='bbox 2415 1362 2519 1392; x_wconf 85' lang='lat' dir='ltr'>recte</span> 
     </span>
     <span class='ocr_line' id='line_1_72' title="bbox 1457 1410 2519 1463; baseline 0.004 -16"><span class='ocrx_word' id='word_1_514' title='bbox 1457 1423 1591 1458; x_wconf 91' lang='lat' dir='ltr'>sumo,</span> <span class='ocrx_word' id='word_1_515' title='bbox 1625 1410 1691 1447; x_wconf 86' lang='lat' dir='ltr'>hic</span> <span class='ocrx_word' id='word_1_516' title='bbox 1720 1423 1860 1448; x_wconf 89' lang='lat' dir='ltr'>versus</span> <span class='ocrx_word' id='word_1_517' title='bbox 1880 1410 2143 1460; x_wconf 83' lang='lat' dir='ltr'>Agrigentino</span> <span class='ocrx_word' id='word_1_518' title='bbox 2173 1410 2414 1463; x_wconf 84' lang='lat' dir='ltr'>philosopho</span> <span class='ocrx_word' id='word_1_519' title='bbox 2440 1426 2519 1451; x_wconf 89' lang='lat' dir='ltr'>non</span> 
     </span>
     <span class='ocr_line' id='line_1_73' title="bbox 1458 1468 2520 1521; baseline 0.004 -15"><span class='ocrx_word' id='word_1_520' title='bbox 1458 1477 1535 1507; x_wconf 90' lang='lat' dir='ltr'>tam</span> <span class='ocrx_word' id='word_1_521' title='bbox 1567 1468 1616 1507; x_wconf 91' lang='lat' dir='ltr'>ab</span> <span class='ocrx_word' id='word_1_522' title='bbox 1639 1469 1731 1507; x_wconf 88' lang='lat' dir='ltr'>aliis</span> <span class='ocrx_word' id='word_1_523' title='bbox 1756 1469 2008 1521; x_wconf 91' lang='lat' dir='ltr'>suppositus,</span> <span class='ocrx_word' id='word_1_524' title='bbox 2029 1483 2146 1521; x_wconf 89' lang='lat' dir='ltr'>quam</span> <span class='ocrx_word' id='word_1_525' title='bbox 2170 1470 2297 1509; x_wconf 83' lang='lat' dir='ltr'>aliena</span> <span class='ocrx_word' id='word_1_526' title='bbox 2317 1484 2434 1510; x_wconf 88' lang='lat' dir='ltr'>manu</span> <span class='ocrx_word' id='word_1_527' title='bbox 2454 1471 2520 1510; x_wconf 86' lang='lat' dir='ltr'>in—</span> 
     </span>
     <span class='ocr_line' id='line_1_74' title="bbox 1461 1528 2520 1580; baseline 0.004 -14"><span class='ocrx_word' id='word_1_528' title='bbox 1461 1528 1674 1579; x_wconf 88' lang='lat' dir='ltr'>terpolatus</span> <span class='ocrx_word' id='word_1_529' title='bbox 1694 1537 1765 1566; x_wconf 90' lang='lat' dir='ltr'>est.</span> <span class='ocrx_word' id='word_1_530' title='bbox 1776 1528 1939 1580; x_wconf 83' lang='lat' dir='ltr'>Quippe</span> <span class='ocrx_word' id='word_1_531' title='bbox 1954 1530 2136 1580; x_wconf 88' lang='lat' dir='ltr'>suspicor</span> <span class='ocrx_word' id='word_1_532' title='bbox 2153 1529 2374 1568; x_wconf 88' lang='lat' dir='ltr'>Hieroclem</span> <span class='ocrx_word' id='word_1_533' title='bbox 2389 1530 2430 1569; x_wconf 91' lang='lat' dir='ltr'>in</span> <span class='ocrx_word' id='word_1_534' title='bbox 2448 1543 2520 1570; x_wconf 87' lang='lat' dir='ltr'>suo</span> 
     </span>
    </p>
   </div>
   <div class='ocr_carea' id='block_1_8' title="bbox 1460 1587 2567 1640">
    <p class='ocr_par' dir='ltr' id='par_1_10' title="bbox 1460 1587 2567 1640">
     <span class='ocr_line' id='line_1_75' title="bbox 1460 1587 2567 1640; baseline 0.005 -16"><span class='ocrx_word' id='word_1_535' title='bbox 1460 1587 1676 1625; x_wconf 89' lang='lat' dir='ltr'>carminum</span> <span class='ocrx_word' id='word_1_536' title='bbox 1694 1587 2046 1640; x_wconf 88' lang='lat' dir='ltr'>Empedocleorum</span> <span class='ocrx_word' id='word_1_537' title='bbox 2067 1588 2248 1640; x_wconf 89' lang='lat' dir='ltr'>exemplo</span> <span class='ocrx_word' id='word_1_538' title='bbox 2264 1588 2364 1628; x_wconf 89' lang='lat' dir='ltr'>duos</span> <span class='ocrx_word' id='word_1_539' title='bbox 2381 1600 2521 1630; x_wconf 79' lang='lat' dir='ltr'>&#39;versus</span> <span class='ocrx_word' id='word_1_540' title='bbox 2560 1614 2567 1619; x_wconf 97' lang='lat'>-</span> 
     </span>
    </p>
   </div>
   <div class='ocr_carea' id='block_1_9' title="bbox 1458 1645 2528 2517">
    <p class='ocr_par' dir='ltr' id='par_1_11' title="bbox 1458 1645 2528 2517">
     <span class='ocr_line' id='line_1_76' title="bbox 1458 1645 2520 1699; baseline 0.004 -14"><span class='ocrx_word' id='word_1_541' title='bbox 1458 1647 1561 1686; x_wconf 90' lang='lat' dir='ltr'>inter</span> <span class='ocrx_word' id='word_1_542' title='bbox 1575 1645 1655 1685; x_wconf 82' lang='grc' dir='ltr'>ἔνθα</span> <span class='ocrx_word' id='word_1_543' title='bbox 1675 1647 1978 1699; x_wconf 84' lang='grc' dir='ltr'>Φόνος-Κηρῶν</span> <span class='ocrx_word' id='word_1_544' title='bbox 2011 1656 2050 1686; x_wconf 89' lang='lat' dir='ltr'>et</span> <span class='ocrx_word' id='word_1_545' title='bbox 2068 1645 2178 1695; x_wconf 80' lang='grc' dir='ltr'>Ἄτης</span> <span class='ocrx_word' id='word_1_546' title='bbox 2203 1646 2520 1696; x_wconf 73' lang='grc' dir='ltr'>ἂν-ἧλοίσκουσιν</span> 
     </span>
     <span class='ocr_line' id='line_1_77' title="bbox 1460 1706 2521 1757; baseline 0.004 -14"><span class='ocrx_word' id='word_1_547' title='bbox 1460 1706 1692 1752; x_wconf 84' lang='lat' dir='ltr'>collocatos,</span> <span class='ocrx_word' id='word_1_548' title='bbox 1725 1706 1793 1757; x_wconf 92' lang='lat' dir='ltr'>qui</span> <span class='ocrx_word' id='word_1_549' title='bbox 1818 1706 1919 1744; x_wconf 90' lang='lat' dir='ltr'>male</span> <span class='ocrx_word' id='word_1_550' title='bbox 1939 1707 2088 1745; x_wconf 89' lang='lat' dir='ltr'>exarati</span> <span class='ocrx_word' id='word_1_551' title='bbox 2112 1715 2264 1756; x_wconf 89' lang='lat' dir='ltr'>essent,</span> <span class='ocrx_word' id='word_1_552' title='bbox 2289 1708 2346 1746; x_wconf 87' lang='lat' dir='ltr'>ita</span> <span class='ocrx_word' id='word_1_553' title='bbox 2366 1716 2412 1746; x_wconf 89' lang='lat' dir='ltr'>ut</span> <span class='ocrx_word' id='word_1_554' title='bbox 2440 1709 2521 1747; x_wconf 90' lang='lat' dir='ltr'>sin-</span> 
     </span>
     <span class='ocr_line' id='line_1_78' title="bbox 1461 1765 2522 1817; baseline 0.004 -14"><span class='ocrx_word' id='word_1_555' title='bbox 1461 1765 1562 1815; x_wconf 83' lang='lat' dir='ltr'>gulae</span> <span class='ocrx_word' id='word_1_556' title='bbox 1579 1779 1694 1804; x_wconf 83' lang='lat' dir='ltr'>voces</span> <span class='ocrx_word' id='word_1_557' title='bbox 1714 1780 1797 1804; x_wconf 90' lang='lat' dir='ltr'>non</span> <span class='ocrx_word' id='word_1_558' title='bbox 1817 1778 1928 1817; x_wconf 84' lang='lat' dir='ltr'>aeque</span> <span class='ocrx_word' id='word_1_559' title='bbox 1947 1765 2049 1804; x_wconf 90' lang='lat' dir='ltr'>bene</span> <span class='ocrx_word' id='word_1_560' title='bbox 2065 1766 2302 1816; x_wconf 88' lang='lat' dir='ltr'>legerentur,</span> <span class='ocrx_word' id='word_1_561' title='bbox 2319 1769 2522 1807; x_wconf 87' lang='lat' dir='ltr'>sententiae</span> 
     </span>
     <span class='ocr_line' id='line_1_79' title="bbox 1461 1826 2521 1880; baseline 0.006 -18"><span class='ocrx_word' id='word_1_562' title='bbox 1461 1834 1586 1862; x_wconf 87' lang='lat' dir='ltr'>autem</span> <span class='ocrx_word' id='word_1_563' title='bbox 1609 1838 1762 1863; x_wconf 91' lang='lat' dir='ltr'>summa</span> <span class='ocrx_word' id='word_1_564' title='bbox 1778 1833 1997 1876; x_wconf 85' lang='lat' dir='ltr'>appareret,</span> <span class='ocrx_word' id='word_1_565' title='bbox 2014 1826 2238 1877; x_wconf 85' lang='lat' dir='ltr'>repperisse</span> <span class='ocrx_word' id='word_1_566' title='bbox 2254 1826 2422 1880; x_wconf 89' lang='lat' dir='ltr'>ideoque</span> <span class='ocrx_word' id='word_1_567' title='bbox 2433 1842 2521 1867; x_wconf 90' lang='lat' dir='ltr'>eum</span> 
     </span>
     <span class='ocr_line' id='line_1_80' title="bbox 1460 1884 2522 1936; baseline 0.007 -15"><span class='ocrx_word' id='word_1_568' title='bbox 1460 1884 1654 1922; x_wconf 90' lang='lat' dir='ltr'>indicasse</span> <span class='ocrx_word' id='word_1_569' title='bbox 1674 1884 1871 1931; x_wconf 82' lang='grc' dir='ltr'>ἠλάσκουσι</span> <span class='ocrx_word' id='word_1_570' title='bbox 1892 1898 1971 1922; x_wconf 90' lang='lat' dir='ltr'>non</span> <span class='ocrx_word' id='word_1_571' title='bbox 2007 1884 2056 1922; x_wconf 89' lang='lat' dir='ltr'>ad</span> <span class='ocrx_word' id='word_1_572' title='bbox 2088 1884 2204 1930; x_wconf 85' lang='grc' dir='ltr'>Φόνος</span> <span class='ocrx_word' id='word_1_573' title='bbox 2236 1895 2275 1925; x_wconf 89' lang='lat' dir='ltr'>et</span> <span class='ocrx_word' id='word_1_574' title='bbox 2296 1886 2407 1931; x_wconf 86' lang='grc' dir='ltr'>Κότος</span> <span class='ocrx_word' id='word_1_575' title='bbox 2421 1918 2432 1936; x_wconf 89' lang='grc'><strong>,</strong></span> <span class='ocrx_word' id='word_1_576' title='bbox 2454 1889 2522 1928; x_wconf 86' lang='lat' dir='ltr'>sed</span> 
     </span>
     <span class='ocr_line' id='line_1_81' title="bbox 1462 1942 2523 1996; baseline 0.006 -15"><span class='ocrx_word' id='word_1_577' title='bbox 1462 1944 1510 1982; x_wconf 88' lang='lat' dir='ltr'>ad</span> <span class='ocrx_word' id='word_1_578' title='bbox 1526 1942 1604 1987; x_wconf 78' lang='grc' dir='ltr'>τοὺς</span> <span class='ocrx_word' id='word_1_579' title='bbox 1626 1943 1845 1994; x_wconf 82' lang='grc' dir='ltr'>ἐμπεσόντας</span> <span class='ocrx_word' id='word_1_580' title='bbox 1863 1942 2034 1994; x_wconf 85' lang='grc' dir='ltr'>δαίμονας</span> <span class='ocrx_word' id='word_1_581' title='bbox 2053 1944 2266 1996; x_wconf 88' lang='lat' dir='ltr'>pertinere.</span> <span class='ocrx_word' id='word_1_582' title='bbox 2288 1945 2413 1986; x_wconf 89' lang='lat' dir='ltr'>Iidem</span> <span class='ocrx_word' id='word_1_583' title='bbox 2431 1961 2523 1987; x_wconf 85' lang='lat' dir='ltr'>ver-</span> 
     </span>
     <span class='ocr_line' id='line_1_82' title="bbox 1462 2001 2524 2054; baseline 0.004 -14"><span class='ocrx_word' id='word_1_584' title='bbox 1462 2015 1528 2041; x_wconf 93' lang='lat' dir='ltr'>sus</span> <span class='ocrx_word' id='word_1_585' title='bbox 1550 2002 1592 2041; x_wconf 92' lang='lat' dir='ltr'>in</span> <span class='ocrx_word' id='word_1_586' title='bbox 1611 2002 1700 2042; x_wconf 90' lang='lat' dir='ltr'>aliis</span> <span class='ocrx_word' id='word_1_587' title='bbox 1716 2001 2012 2054; x_wconf 85' lang='lat' dir='ltr'>exemplaribus</span> <span class='ocrx_word' id='word_1_588' title='bbox 2030 2003 2194 2042; x_wconf 87' lang='lat' dir='ltr'>fortasse</span> <span class='ocrx_word' id='word_1_589' title='bbox 2214 2012 2282 2043; x_wconf 90' lang='lat' dir='ltr'>aut</span> <span class='ocrx_word' id='word_1_590' title='bbox 2300 2004 2435 2044; x_wconf 87' lang='lat' dir='ltr'>eadem</span> <span class='ocrx_word' id='word_1_591' title='bbox 2450 2019 2524 2044; x_wconf 91' lang='lat' dir='ltr'>ne-</span> 
     </span>
     <span class='ocr_line' id='line_1_83' title="bbox 1463 2062 2526 2116; baseline 0.004 -17"><span class='ocrx_word' id='word_1_592' title='bbox 1463 2062 1650 2112; x_wconf 84' lang='lat' dir='ltr'>gligentia</span> <span class='ocrx_word' id='word_1_593' title='bbox 1681 2062 1820 2114; x_wconf 87' lang='lat' dir='ltr'>scripti</span> <span class='ocrx_word' id='word_1_594' title='bbox 1848 2070 1914 2100; x_wconf 92' lang='lat' dir='ltr'>aut</span> <span class='ocrx_word' id='word_1_595' title='bbox 1949 2062 2088 2100; x_wconf 89' lang='lat' dir='ltr'>omissi</span> <span class='ocrx_word' id='word_1_596' title='bbox 2122 2072 2247 2102; x_wconf 89' lang='lat' dir='ltr'>erant.</span> <span class='ocrx_word' id='word_1_597' title='bbox 2275 2063 2526 2116; x_wconf 84' lang='lat' dir='ltr'>Quapropter</span> 
     </span>
     <span class='ocr_line' id='line_1_84' title="bbox 1463 2122 2524 2175; baseline 0.003 -15"><span class='ocrx_word' id='word_1_598' title='bbox 1463 2122 1613 2160; x_wconf 85' lang='lat' dir='ltr'>nullum</span> <span class='ocrx_word' id='word_1_599' title='bbox 1643 2136 1780 2161; x_wconf 92' lang='lat' dir='ltr'>eorum</span> <span class='ocrx_word' id='word_1_600' title='bbox 1814 2122 2021 2172; x_wconf 89' lang='lat' dir='ltr'>vestigium</span> <span class='ocrx_word' id='word_1_601' title='bbox 2044 2122 2149 2175; x_wconf 88' lang='lat' dir='ltr'>apud</span> <span class='ocrx_word' id='word_1_602' title='bbox 2175 2123 2385 2174; x_wconf 85' lang='lat' dir='ltr'>Synesium</span> <span class='ocrx_word' id='word_1_603' title='bbox 2413 2124 2524 2163; x_wconf 89' lang='lat' dir='ltr'>vide-</span> 
     </span>
     <span class='ocr_line' id='line_1_85' title="bbox 1463 2181 2526 2224; baseline 0.004 -5"><span class='ocrx_word' id='word_1_604' title='bbox 1463 2195 1564 2221; x_wconf 88' lang='lat' dir='ltr'>mus.</span> <span class='ocrx_word' id='word_1_605' title='bbox 1583 2183 1632 2220; x_wconf 74' lang='lat' dir='ltr'>At</span> <span class='ocrx_word' id='word_1_606' title='bbox 1650 2182 1818 2220; x_wconf 91' lang='lat' dir='ltr'>Proclus</span> <span class='ocrx_word' id='word_1_607' title='bbox 1835 2182 2001 2220; x_wconf 88' lang='lat' dir='ltr'>alterum</span> <span class='ocrx_word' id='word_1_608' title='bbox 2019 2181 2162 2220; x_wconf 89' lang='lat' dir='ltr'>horum</span> <span class='ocrx_word' id='word_1_609' title='bbox 2177 2195 2362 2222; x_wconf 84' lang='lat' dir='ltr'>versuum</span> <span class='ocrx_word' id='word_1_610' title='bbox 2379 2184 2440 2222; x_wconf 86' lang='lat' dir='ltr'>vel</span> <span class='ocrx_word' id='word_1_611' title='bbox 2454 2197 2526 2224; x_wconf 90' lang='lat' dir='ltr'>suo</span> 
     </span>
     <span class='ocr_line' id='line_1_86' title="bbox 1463 2241 2527 2295; baseline 0.004 -16"><span class='ocrx_word' id='word_1_612' title='bbox 1463 2241 1586 2280; x_wconf 89' lang='lat' dir='ltr'>Marte</span> <span class='ocrx_word' id='word_1_613' title='bbox 1601 2242 1806 2279; x_wconf 89' lang='lat' dir='ltr'>restituere</span> <span class='ocrx_word' id='word_1_614' title='bbox 1820 2254 2025 2291; x_wconf 82' lang='lat' dir='ltr'>aggressus</span> <span class='ocrx_word' id='word_1_615' title='bbox 2043 2250 2101 2280; x_wconf 86' lang='lat' dir='ltr'>est</span> <span class='ocrx_word' id='word_1_616' title='bbox 2120 2242 2182 2280; x_wconf 89' lang='lat' dir='ltr'>vel</span> <span class='ocrx_word' id='word_1_617' title='bbox 2198 2241 2248 2280; x_wconf 90' lang='lat' dir='ltr'>ab</span> <span class='ocrx_word' id='word_1_618' title='bbox 2259 2243 2347 2281; x_wconf 89' lang='lat' dir='ltr'>aliis</span> <span class='ocrx_word' id='word_1_619' title='bbox 2365 2256 2527 2295; x_wconf 93' lang='lat' dir='ltr'>quoquo</span> 
     </span>
     <span class='ocr_line' id='line_1_87' title="bbox 1464 2300 2528 2349; baseline 0.004 -11"><span class='ocrx_word' id='word_1_620' title='bbox 1464 2300 1581 2338; x_wconf 90' lang='lat' dir='ltr'>modo</span> <span class='ocrx_word' id='word_1_621' title='bbox 1617 2300 1666 2338; x_wconf 90' lang='lat' dir='ltr'>ad</span> <span class='ocrx_word' id='word_1_622' title='bbox 1697 2314 1882 2339; x_wconf 88' lang='lat' dir='ltr'>numeros</span> <span class='ocrx_word' id='word_1_623' title='bbox 1925 2309 2151 2339; x_wconf 87' lang='lat' dir='ltr'>revocatum</span> <span class='ocrx_word' id='word_1_624' title='bbox 2195 2301 2389 2341; x_wconf 86' lang='lat' dir='ltr'>exhibuit.</span> <span class='ocrx_word' id='word_1_625' title='bbox 2431 2302 2528 2349; x_wconf 83' lang='lat' dir='ltr'>Quae</span> 
     </span>
     <span class='ocr_line' id='line_1_88' title="bbox 1465 2360 2524 2411; baseline 0.003 -13"><span class='ocrx_word' id='word_1_626' title='bbox 1465 2374 1585 2411; x_wconf 91' lang='lat' dir='ltr'>quum</span> <span class='ocrx_word' id='word_1_627' title='bbox 1605 2360 1659 2398; x_wconf 91' lang='lat' dir='ltr'>ita</span> <span class='ocrx_word' id='word_1_628' title='bbox 1677 2360 1777 2407; x_wconf 88' lang='lat' dir='ltr'>sint,</span> <span class='ocrx_word' id='word_1_629' title='bbox 1796 2361 2019 2411; x_wconf 87' lang='lat' dir='ltr'>putaverim</span> <span class='ocrx_word' id='word_1_630' title='bbox 2044 2360 2145 2399; x_wconf 91' lang='lat' dir='ltr'>hanc</span> <span class='ocrx_word' id='word_1_631' title='bbox 2165 2370 2430 2401; x_wconf 90' lang='lat' dir='ltr'>monstrorum</span> <span class='ocrx_word' id='word_1_632' title='bbox 2455 2362 2524 2401; x_wconf 87' lang='lat' dir='ltr'>de-</span> 
     </span>
     <span class='ocr_line' id='line_1_89' title="bbox 1464 2417 2527 2474; baseline 0.004 -17"><span class='ocrx_word' id='word_1_633' title='bbox 1464 2419 1723 2471; x_wconf 87' lang='lat' dir='ltr'>scriptionem</span> <span class='ocrx_word' id='word_1_634' title='bbox 1744 2419 1798 2457; x_wconf 84' lang='lat' dir='ltr'>ita</span> <span class='ocrx_word' id='word_1_635' title='bbox 1817 2431 1903 2457; x_wconf 90' lang='lat' dir='ltr'>esse</span> <span class='ocrx_word' id='word_1_636' title='bbox 1917 2417 1967 2456; x_wconf 87' lang='lat' dir='ltr'>ab</span> <span class='ocrx_word' id='word_1_637' title='bbox 1985 2417 2223 2469; x_wconf 87' lang='lat' dir='ltr'>Empedocle</span> <span class='ocrx_word' id='word_1_638' title='bbox 2243 2420 2340 2459; x_wconf 91' lang='lat' dir='ltr'>olim</span> <span class='ocrx_word' id='word_1_639' title='bbox 2370 2435 2527 2474; x_wconf 89' lang='lat' dir='ltr'>compo-</span> 
     </span>
     <span class='ocr_line' id='line_1_90' title="bbox 1465 2487 1614 2517; baseline -0.013 0"><span class='ocrx_word' id='word_1_640' title='bbox 1465 2487 1576 2517; x_wconf 78' lang='lat' dir='ltr'>sitam</span> <span class='ocrx_word' id='word_1_641' title='bbox 1606 2493 1614 2515; x_wconf 92' lang='lat'><strong>:</strong></span> 
     </span>
    </p>
   </div>
   <div class='ocr_carea' id='block_1_10' title="bbox 1517 2564 2472 2798">
    <p class='ocr_par' dir='ltr' id='par_1_12' title="bbox 1517 2564 2472 2683">
     <span class='ocr_line' id='line_1_91' title="bbox 1517 2564 2472 2625; baseline 0.001 -17.021"><span class='ocrx_word' id='word_1_642' title='bbox 1517 2564 1632 2608; x_wconf 76' lang='grc' dir='ltr'>Ἔνθα</span> <span class='ocrx_word' id='word_1_643' title='bbox 1650 2567 1764 2613; x_wconf 87' lang='grc' dir='ltr'>Φόνος</span> <span class='ocrx_word' id='word_1_644' title='bbox 1775 2585 1811 2607; x_wconf 89' lang='grc' dir='ltr'>τε</span> <span class='ocrx_word' id='word_1_645' title='bbox 1829 2567 1939 2614; x_wconf 82' lang='grc' dir='ltr'>Κότος</span> <span class='ocrx_word' id='word_1_646' title='bbox 1952 2585 1989 2608; x_wconf 92' lang='grc' dir='ltr'>τε</span> <span class='ocrx_word' id='word_1_647' title='bbox 2004 2585 2064 2608; x_wconf 82' lang='grc' dir='ltr'>και</span> <span class='ocrx_word' id='word_1_648' title='bbox 2080 2569 2196 2609; x_wconf 85' lang='grc' dir='ltr'>ἄλλων</span> <span class='ocrx_word' id='word_1_649' title='bbox 2215 2570 2315 2610; x_wconf 78' lang='grc' dir='ltr'>ἔθνεα</span> <span class='ocrx_word' id='word_1_650' title='bbox 2330 2572 2472 2625; x_wconf 81' lang='grc' dir='ltr'>Κηρῶν,</span> 
     </span>
     <span class='ocr_line' id='line_1_92' title="bbox 1519 2627 2397 2683; baseline 0.002 -17"><span class='ocrx_word' id='word_1_651' title='bbox 1519 2627 1635 2680; x_wconf 77' lang='grc' dir='ltr'>ὠχραι</span> <span class='ocrx_word' id='word_1_652' title='bbox 1654 2627 1715 2667; x_wconf 75' lang='grc' dir='ltr'>καὶ</span> <span class='ocrx_word' id='word_1_653' title='bbox 1735 2643 1849 2667; x_wconf 87' lang='grc' dir='ltr'>νουσοι</span> <span class='ocrx_word' id='word_1_654' title='bbox 1868 2644 1928 2667; x_wconf 84' lang='grc' dir='ltr'>και</span> <span class='ocrx_word' id='word_1_655' title='bbox 1942 2631 2053 2683; x_wconf 71' lang='grc' dir='ltr'>γῆρας</span> <span class='ocrx_word' id='word_1_656' title='bbox 2074 2629 2120 2667; x_wconf 82' lang='grc' dir='ltr'>ἰδ’</span> <span class='ocrx_word' id='word_1_657' title='bbox 2134 2628 2219 2682; x_wconf 81' lang='grc' dir='ltr'>ἔργα</span> <span class='ocrx_word' id='word_1_658' title='bbox 2241 2629 2397 2681; x_wconf 83' lang='grc' dir='ltr'>μάταια,</span> 
     </span>
    </p>

    <p class='ocr_par' dir='ltr' id='par_1_13' title="bbox 1521 2682 2418 2796">
     <span class='ocr_line' id='line_1_93' title="bbox 1521 2682 2418 2742; baseline 0.001 -16"><span class='ocrx_word' id='word_1_659' title='bbox 1521 2682 1570 2731; x_wconf 65' lang='grc' dir='ltr'>οἷς</span> <span class='ocrx_word' id='word_1_660' title='bbox 1592 2687 1743 2739; x_wconf 81' lang='grc' dir='ltr'>μέροπες</span> <span class='ocrx_word' id='word_1_661' title='bbox 1759 2687 1864 2726; x_wconf 81' lang='grc' dir='ltr'>δειλοὶ</span> <span class='ocrx_word' id='word_1_662' title='bbox 1882 2688 1980 2740; x_wconf 85' lang='grc' dir='ltr'>μάλα</span> <span class='ocrx_word' id='word_1_663' title='bbox 1994 2688 2188 2742; x_wconf 85' lang='grc' dir='ltr'>τειρόμενοι</span> <span class='ocrx_word' id='word_1_664' title='bbox 2203 2687 2330 2742; x_wconf 80' lang='grc' dir='ltr'>φρένας</span> <span class='ocrx_word' id='word_1_665' title='bbox 2346 2690 2418 2729; x_wconf 81' lang='grc' dir='ltr'>αἰὲν</span> 
     </span>
     <span class='ocr_line' id='line_1_94' title="bbox 1520 2744 2384 2798; baseline 0.001 -12.014"><span class='ocrx_word' id='word_1_666' title='bbox 1520 2744 1658 2794; x_wconf 56' lang='grc' dir='ltr'>ΗΑτης</span> <span class='ocrx_word' id='word_1_667' title='bbox 1642 2763 1684 2785; x_wconf 91' lang='grc' dir='ltr'>αν</span> <span class='ocrx_word' id='word_1_668' title='bbox 1704 2747 1862 2798; x_wconf 81' lang='grc' dir='ltr'>λειμῶνά</span> <span class='ocrx_word' id='word_1_669' title='bbox 1879 2762 1921 2786; x_wconf 93' lang='grc' dir='ltr'>τε</span> <span class='ocrx_word' id='word_1_670' title='bbox 1932 2747 1993 2787; x_wconf 78' lang='grc' dir='ltr'>καὶ</span> <span class='ocrx_word' id='word_1_671' title='bbox 2014 2747 2137 2787; x_wconf 80' lang='grc' dir='ltr'>σκότον</span> <span class='ocrx_word' id='word_1_672' title='bbox 2155 2748 2384 2796; x_wconf 81' lang='grc' dir='ltr'>ἠλάσκουσιν.</span> 
     </span>
    </p>
   </div>
   <div class='ocr_carea' id='block_1_11' title="bbox 1468 2836 2531 3487">
    <p class='ocr_par' dir='ltr' id='par_1_14' title="bbox 1468 2836 2531 3487">
     <span class='ocr_line' id='line_1_95' title="bbox 1468 2836 2528 2891; baseline 0.003 -17"><span class='ocrx_word' id='word_1_673' title='bbox 1468 2836 1513 2874; x_wconf 93' lang='lat' dir='ltr'>In</span> <span class='ocrx_word' id='word_1_674' title='bbox 1535 2837 1657 2875; x_wconf 89' lang='lat' dir='ltr'>altero</span> <span class='ocrx_word' id='word_1_675' title='bbox 1672 2850 1789 2875; x_wconf 89' lang='lat' dir='ltr'>versu</span> <span class='ocrx_word' id='word_1_676' title='bbox 1806 2836 1922 2890; x_wconf 79' lang='grc' dir='ltr'>ὠχραὶ</span> <span class='ocrx_word' id='word_1_677' title='bbox 1942 2841 2071 2887; x_wconf 77' lang='grc' dir='ltr'>νοῦσοι,</span> <span class='ocrx_word' id='word_1_678' title='bbox 2088 2840 2282 2888; x_wconf 80' lang='lat' dir='ltr'>pallentes</span> <span class='ocrx_word' id='word_1_679' title='bbox 2301 2840 2436 2887; x_wconf 80' lang='lat' dir='ltr'>morbi,</span> <span class='ocrx_word' id='word_1_680' title='bbox 2453 2852 2528 2891; x_wconf 86' lang='lat' dir='ltr'>pro</span> 
     </span>
     <span class='ocr_line' id='line_1_96' title="bbox 1469 2895 2526 2952; baseline 0.005 -19"><span class='ocrx_word' id='word_1_681' title='bbox 1469 2895 1655 2948; x_wconf 75' lang='grc' dir='ltr'>αὐχμηραὶ</span> <span class='ocrx_word' id='word_1_682' title='bbox 1710 2897 1817 2947; x_wconf 92' lang='lat' dir='ltr'>quod</span> <span class='ocrx_word' id='word_1_683' title='bbox 1868 2906 2089 2949; x_wconf 89' lang='lat' dir='ltr'>suspectum</span> <span class='ocrx_word' id='word_1_684' title='bbox 2138 2897 2264 2937; x_wconf 88' lang='lat' dir='ltr'>habeo</span> <span class='ocrx_word' id='word_1_685' title='bbox 2315 2899 2526 2952; x_wconf 88' lang='lat' dir='ltr'>rescripsi,</span> 
     </span>
     <span class='ocr_line' id='line_1_97' title="bbox 1469 2953 2530 3011; baseline 0.005 -18"><span class='ocrx_word' id='word_1_686' title='bbox 1469 2955 1611 2993; x_wconf 91' lang='lat' dir='ltr'>deinde</span> <span class='ocrx_word' id='word_1_687' title='bbox 1633 2953 1782 3008; x_wconf 76' lang='grc' dir='ltr'>σήψιες,</span> <span class='ocrx_word' id='word_1_688' title='bbox 1806 2955 1919 3007; x_wconf 86' lang='lat' dir='ltr'>cujus</span> <span class='ocrx_word' id='word_1_689' title='bbox 1941 2958 2029 2996; x_wconf 90' lang='lat' dir='ltr'>loco</span> <span class='ocrx_word' id='word_1_690' title='bbox 2048 2956 2162 3010; x_wconf 88' lang='lat' dir='ltr'>prior</span> <span class='ocrx_word' id='word_1_691' title='bbox 2178 2966 2270 2997; x_wconf 90' lang='lat' dir='ltr'>aetas</span> <span class='ocrx_word' id='word_1_692' title='bbox 2295 2959 2530 3011; x_wconf 85' lang='lat' dir='ltr'>plerumque</span> 
     </span>
     <span class='ocr_line' id='line_1_98' title="bbox 1471 3014 2530 3070; baseline 0.007 -16"><span class='ocrx_word' id='word_1_693' title='bbox 1471 3014 1635 3063; x_wconf 75' lang='grc' dir='ltr'>σηπεδὼν</span> <span class='ocrx_word' id='word_1_694' title='bbox 1653 3016 1717 3055; x_wconf 88' lang='lat' dir='ltr'>vel</span> <span class='ocrx_word' id='word_1_695' title='bbox 1740 3016 1920 3069; x_wconf 79' lang='grc' dir='ltr'>σαπρότης</span> <span class='ocrx_word' id='word_1_696' title='bbox 1941 3018 2120 3070; x_wconf 89' lang='lat' dir='ltr'>dicebat,</span> <span class='ocrx_word' id='word_1_697' title='bbox 2135 3019 2304 3070; x_wconf 84' lang='lat' dir='ltr'>Virgilio</span> <span class='ocrx_word' id='word_1_698' title='bbox 2325 3021 2424 3060; x_wconf 89' lang='lat' dir='ltr'>duce</span> <span class='ocrx_word' id='word_1_699' title='bbox 2443 3034 2530 3060; x_wconf 88' lang='lat' dir='ltr'>mu-</span> 
     </span>
     <span class='ocr_line' id='line_1_99' title="bbox 1471 3076 2529 3133; baseline 0.006 -20"><span class='ocrx_word' id='word_1_700' title='bbox 1471 3076 1551 3114; x_wconf 91' lang='lat' dir='ltr'>tavi</span> <span class='ocrx_word' id='word_1_701' title='bbox 1569 3076 1611 3114; x_wconf 91' lang='lat' dir='ltr'>in</span> <span class='ocrx_word' id='word_1_702' title='bbox 1630 3078 1743 3129; x_wconf 77' lang='grc' dir='ltr'>γῆρας</span> <span class='ocrx_word' id='word_1_703' title='bbox 1757 3106 1767 3123; x_wconf 88' lang='grc'><strong>,</strong></span> <span class='ocrx_word' id='word_1_704' title='bbox 1787 3076 1958 3129; x_wconf 89' lang='lat' dir='ltr'>denique</span> <span class='ocrx_word' id='word_1_705' title='bbox 1978 3092 2053 3130; x_wconf 89' lang='lat' dir='ltr'>pro</span> <span class='ocrx_word' id='word_1_706' title='bbox 2074 3079 2204 3133; x_wconf 82' lang='grc' dir='ltr'>ῥευστά</span> <span class='ocrx_word' id='word_1_707' title='bbox 2232 3080 2349 3132; x_wconf 89' lang='lat' dir='ltr'>posui</span> <span class='ocrx_word' id='word_1_708' title='bbox 2369 3079 2529 3131; x_wconf 77' lang='grc' dir='ltr'>μάταια,</span> 
     </span>
     <span class='ocr_line' id='line_1_100' title="bbox 1471 3133 2527 3191; baseline 0.005 -18"><span class='ocrx_word' id='word_1_709' title='bbox 1471 3134 1576 3186; x_wconf 92' lang='lat' dir='ltr'>quod</span> <span class='ocrx_word' id='word_1_710' title='bbox 1596 3133 1832 3174; x_wconf 85' lang='lat' dir='ltr'>vocabulum</span> <span class='ocrx_word' id='word_1_711' title='bbox 1847 3165 1857 3183; x_wconf 91' lang='lat'>,</span> <span class='ocrx_word' id='word_1_712' title='bbox 1888 3145 1931 3175; x_wconf 91' lang='lat' dir='ltr'>ut</span> <span class='ocrx_word' id='word_1_713' title='bbox 1952 3137 2168 3176; x_wconf 88' lang='lat' dir='ltr'>Pindarum</span> <span class='ocrx_word' id='word_1_714' title='bbox 2195 3139 2375 3191; x_wconf 89' lang='lat' dir='ltr'>aliosque</span> <span class='ocrx_word' id='word_1_715' title='bbox 2394 3139 2465 3191; x_wconf 89' lang='lat' dir='ltr'>qui</span> <span class='ocrx_word' id='word_1_716' title='bbox 2485 3140 2527 3178; x_wconf 92' lang='lat' dir='ltr'>in</span> 
     </span>
     <span class='ocr_line' id='line_1_101' title="bbox 1471 3194 2531 3250; baseline 0.004 -18"><span class='ocrx_word' id='word_1_717' title='bbox 1471 3194 1621 3247; x_wconf 89' lang='lat' dir='ltr'>dispari</span> <span class='ocrx_word' id='word_1_718' title='bbox 1642 3207 1783 3245; x_wconf 84' lang='lat' dir='ltr'>genere</span> <span class='ocrx_word' id='word_1_719' title='bbox 1809 3195 2070 3236; x_wconf 75' lang='lat' dir='ltr'>elaborarunt·</span> <span class='ocrx_word' id='word_1_720' title='bbox 2085 3207 2220 3250; x_wconf 89' lang='lat' dir='ltr'>poetas</span> <span class='ocrx_word' id='word_1_721' title='bbox 2239 3206 2386 3238; x_wconf 83' lang='lat' dir='ltr'>taceam</span> <span class='ocrx_word' id='word_1_722' title='bbox 2399 3227 2410 3247; x_wconf 93' lang='lat'>,</span> <span class='ocrx_word' id='word_1_723' title='bbox 2427 3199 2531 3238; x_wconf 89' lang='lat' dir='ltr'>inter</span> 
     </span>
     <span class='ocr_line' id='line_1_102' title="bbox 1471 3253 2529 3308; baseline 0.005 -17"><span class='ocrx_word' id='word_1_724' title='bbox 1471 3253 1665 3304; x_wconf 85' lang='lat' dir='ltr'>elegiacos</span> <span class='ocrx_word' id='word_1_725' title='bbox 1680 3253 1881 3304; x_wconf 85' lang='lat' dir='ltr'>Theognis</span> <span class='ocrx_word' id='word_1_726' title='bbox 1899 3256 2148 3306; x_wconf 87' lang='lat' dir='ltr'>potissimum</span> <span class='ocrx_word' id='word_1_727' title='bbox 2167 3256 2443 3308; x_wconf 88' lang='lat' dir='ltr'>frequentavit,</span> <span class='ocrx_word' id='word_1_728' title='bbox 2461 3270 2529 3296; x_wconf 84' lang='lat' dir='ltr'>ve-</span> 
     </span>
     <span class='ocr_line' id='line_1_103' title="bbox 1471 3313 2529 3370; baseline 0.005 -20"><span class='ocrx_word' id='word_1_729' title='bbox 1471 3313 1530 3351; x_wconf 91' lang='lat' dir='ltr'>lut</span> <span class='ocrx_word' id='word_1_730' title='bbox 1543 3327 1599 3351; x_wconf 90' lang='lat' dir='ltr'>vs.</span> <span class='ocrx_word' id='word_1_731' title='bbox 1619 3314 1690 3358; x_wconf 72' lang='lat'>143</span> <span class='ocrx_word' id='word_1_732' title='bbox 1711 3313 1772 3365; x_wconf 89' lang='lat' dir='ltr'>(p.</span> <span class='ocrx_word' id='word_1_733' title='bbox 1792 3328 1813 3363; x_wconf 88' lang='lat'><em>7</em></span> <span class='ocrx_word' id='word_1_734' title='bbox 1829 3314 1939 3353; x_wconf 87' lang='lat' dir='ltr'>Poet.</span> <span class='ocrx_word' id='word_1_735' title='bbox 1957 3315 2100 3357; x_wconf 91' lang='lat' dir='ltr'>Gnom.</span> <span class='ocrx_word' id='word_1_736' title='bbox 2118 3316 2179 3356; x_wconf 82' lang='lat' dir='ltr'>ed.</span> <span class='ocrx_word' id='word_1_737' title='bbox 2197 3317 2354 3356; x_wconf 83' lang='lat' dir='ltr'>Brunck</span> <span class='ocrx_word' id='word_1_738' title='bbox 2370 3315 2381 3369; x_wconf 91' lang='lat'>)</span> <span class='ocrx_word' id='word_1_739' title='bbox 2395 3316 2529 3370; x_wconf 86' lang='grc' dir='ltr'>ἄνθρω-</span> 
     </span>
     <span class='ocr_line' id='line_1_104' title="bbox 1472 3371 2525 3423; baseline 0.006 -14"><span class='ocrx_word' id='word_1_740' title='bbox 1472 3387 1530 3410; x_wconf 91' lang='grc' dir='ltr'>ποι</span> <span class='ocrx_word' id='word_1_741' title='bbox 1565 3371 1602 3410; x_wconf 81' lang='grc' dir='ltr'>δὲ</span> <span class='ocrx_word' id='word_1_742' title='bbox 1634 3371 1771 3423; x_wconf 82' lang='grc' dir='ltr'>μάταια</span> <span class='ocrx_word' id='word_1_743' title='bbox 1790 3371 1999 3423; x_wconf 83' lang='grc' dir='ltr'>νομίζομεν,</span> <span class='ocrx_word' id='word_1_744' title='bbox 2035 3374 2162 3420; x_wconf 81' lang='grc' dir='ltr'>εἰδότες</span> <span class='ocrx_word' id='word_1_745' title='bbox 2198 3375 2312 3417; x_wconf 78' lang='grc' dir='ltr'>οὐδέν.</span> <span class='ocrx_word' id='word_1_746' title='bbox 2335 3375 2396 3414; x_wconf 89' lang='lat' dir='ltr'>Cf.</span> <span class='ocrx_word' id='word_1_747' title='bbox 2423 3374 2525 3415; x_wconf 82' lang='lat' dir='ltr'>ibid.</span> 
     </span>
     <span class='ocr_line' id='line_1_105' title="bbox 1473 3433 2530 3487; baseline 0.003 -18"><span class='ocrx_word' id='word_1_748' title='bbox 1473 3445 1563 3483; x_wconf 86' lang='lat' dir='ltr'>pag.</span> <span class='ocrx_word' id='word_1_749' title='bbox 1595 3446 1644 3470; x_wconf 81' lang='lat'>20</span> <span class='ocrx_word' id='word_1_750' title='bbox 1669 3447 1708 3470; x_wconf 82' lang='lat' dir='ltr'>v.</span> <span class='ocrx_word' id='word_1_751' title='bbox 1737 3439 1815 3483; x_wconf 77' lang='lat'>479</span> <span class='ocrx_word' id='word_1_752' title='bbox 1847 3442 1886 3471; x_wconf 89' lang='lat' dir='ltr'>et</span> <span class='ocrx_word' id='word_1_753' title='bbox 1913 3434 2003 3483; x_wconf 76' lang='grc'>484,</span> <span class='ocrx_word' id='word_1_754' title='bbox 2037 3449 2125 3487; x_wconf 88' lang='lat' dir='ltr'>pag.</span> <span class='ocrx_word' id='word_1_755' title='bbox 2161 3450 2206 3474; x_wconf 82' lang='lat'>21</span> <span class='ocrx_word' id='word_1_756' title='bbox 2239 3450 2281 3475; x_wconf 86' lang='lat' dir='ltr'>v.</span> <span class='ocrx_word' id='word_1_757' title='bbox 2306 3441 2395 3486; x_wconf 77' lang='grc'><strong>499.</strong></span> <span class='ocrx_word' id='word_1_758' title='bbox 2415 3433 2530 3481; x_wconf 85' lang='lat' dir='ltr'>Quod</span> 
     </span>
    </p>
   </div>
   <div class='ocr_carea' id='block_1_12' title="bbox 1476 3489 2555 3542">
    <p class='ocr_par' dir='ltr' id='par_1_15' title="bbox 1476 3489 2555 3542">
     <span class='ocr_line' id='line_1_106' title="bbox 1476 3489 2555 3542; baseline 0.007 -16"><span class='ocrx_word' id='word_1_759' title='bbox 1476 3489 1732 3542; x_wconf 85' lang='lat' dir='ltr'>Empedocles</span> <span class='ocrx_word' id='word_1_760' title='bbox 1766 3492 1814 3530; x_wconf 91' lang='lat' dir='ltr'>de</span> <span class='ocrx_word' id='word_1_761' title='bbox 1847 3502 1950 3531; x_wconf 86' lang='lat' dir='ltr'>terra</span> <span class='ocrx_word' id='word_1_762' title='bbox 1976 3496 2150 3533; x_wconf 90' lang='lat' dir='ltr'>carmine</span> <span class='ocrx_word' id='word_1_763' title='bbox 2182 3495 2402 3534; x_wconf 87' lang='lat' dir='ltr'>vaticinans</span> <span class='ocrx_word' id='word_1_764' title='bbox 2429 3506 2529 3534; x_wconf 80' lang='lat' dir='ltr'>vana</span> <span class='ocrx_word' id='word_1_765' title='bbox 2552 3498 2555 3501; x_wconf 74' lang='grc'><strong>”</strong></span> 
     </span>
    </p>
   </div>
  </div>
 </body>
</html>
