2612 3814
301 256 344 289 34
355 256 374 286 6
1225 248 1512 290 DEMOCRITI

429 330 662 381 (Democrat.
684 330 803 370 Orell.
823 344 861 368 n.
882 330 963 382 37.)

296 402 344 428 8³.
378 387 521 436 Παιόός,
542 390 604 428 οὐκ
621 389 742 439 ἀνδρὸς
759 389 800 428 τὸ
816 389 973 441 ἀμέτρως
993 388 1204 440 ἐπιθυμέειν.

429 449 658 501 (Democrat.
680 448 801 488 Orell.
822 462 861 486 n.
886 450 968 499 35.)

675 556 778 618 Περὶ
807 556 954 601 πόνων.

294 685 342 711 at.
375 670 484 715 Πόνος
515 669 659 723 ξυνεχὴς
688 670 915 723 ἐλαφρότερος
942 672 1073 709 ἑωυτοῦ
1106 671 1149 723 τῇ
1184 667 1340 720 ξυνηθείῃ

373 729 520 783 γίνεται.

429 788 551 842 (Stob.
576 788 675 826 Flor.
696 787 834 834 XXIX,
854 789 930 839 64.)

294 863 339 888 35.
369 849 587 901 Δημόκριτος
602 848 663 896 μὲν
673 853 850 899 παραινεῖ,
864 847 927 893 τήν
941 863 977 885 τε
991 844 1185 895 πολεμικὴν
1199 843 1340 898 τέχνην,

378 907 544 958 μεγίστην
571 900 694 953 οὖσαν,
729 906 996 944 ἐκδιδάσκεσθαι
1023 905 1082 943 καὶ
1115 903 1193 948 τοὺς
1217 903 1342 947 πόνους

373 967 525 1012 διώκειν,
547 966 605 1017 ἀφ’
625 959 672 1003 ὧν
690 964 734 1002 τὰ
759 964 900 1017 μεγάλα
918 963 980 1003 καὶ
995 963 1144 1018 λαμπρὰ
1163 963 1340 1015 γίγνονται

370 1030 439 1067 τοῖς
459 1022 665 1076 ἀνθρώποις.

424 1082 635 1135 (Plutarch.
656 1081 743 1120 adv.
761 1081 885 1121 Colot.
902 1095 943 1134 p.
965 1081 1092 1129 1126.)

291 1156 336 1182 so.
367 1142 412 1180 Οἱ
447 1141 597 1179 ἑκούσιοι
633 1140 731 1179 πόνοι
761 1140 825 1187 τὴν
858 1143 927 1178 τῶν
960 1139 1133 1179 ἀκουσίων
1162 1137 1342 1190 ὑπομονὴν

372 1199 607 1252 ἐλαφροτέραν
623 1199 941 1251 παρασκευάζουσι.

428 1257 553 1309 (Stob.
573 1257 677 1297 Flor.
692 1257 830 1305 XXIX,
852 1259 933 1309 63.)

292 1330 339 1357 87·
371 1318 446 1363 Τῆς
483 1316 634 1369 ἡσυχίης
668 1316 793 1361 πάντες
813 1317 844 1355 οἱ
869 1316 967 1356 πόνοι
986 1314 1142 1363 ἡδίονες,
1174 1314 1257 1353 ὅταν
1272 1315 1342 1352 τῶν

376 1373 502 1414 εἵνεκεν
521 1375 694 1423 πονέουσι,
713 1376 916 1428 τυγχάνωσι
947 1375 969 1423 ἢ
990 1375 1127 1415 εἷδέωσι
1143 1373 1339 1427 κύρσοντες·

370 1432 410 1472 τὸ
433 1433 469 1472 δὲ
493 1433 577 1486 ἄχος
600 1436 661 1481 τῆς
682 1434 875 1486 ἀποτυχίης
895 1434 1119 1474 ἀποδείκνυσι
1147 1432 1186 1472 τὸ
1206 1432 1341 1472 πονέειν

371 1492 497 1543 ὁμοίως
517 1493 656 1545 ἀνιηρὸν
676 1492 735 1531 καὶ
752 1493 987 1546 ταλαίπωρον.

383 1602 389 1606 ⁴
426 1551 545 1605 (Stob.
569 1551 672 1592 Flor.
695 1551 832 1599 XXIX,
851 1551 932 1605 88.)

290 1623 341 1650 58.
371 1609 428 1649 Τὸ
442 1610 509 1648 αἰεὶ
531 1610 670 1660 μέλλειν
684 1610 828 1656 ἀτελέας
843 1610 955 1650 ποιέει
973 1610 1035 1655 τὰς
1051 1609 1211 1663 πρήξιας.

428 1668 551 1720 (Stob.
576 1669 678 1710 Flor.
711 1669 851 1718 XXIX,
879 1672 945 1718 67.
968 1670 1188 1710 Democrat.
1218 1669 1340 1709 Orell.

370 1741 409 1765 n.
429 1729 510 1779 46.)

290 1799 337 1826 89.
370 1785 497 1836 Τόλμα
517 1785 660 1839 πρήξιος
674 1786 784 1840 ἀρχή,
804 1785 895 1841 τύχη
913 1787 949 1827 δὲ
963 1786 1077 1833 τέλεος
1098 1786 1214 1841 κυρίη.

428 1846 548 1897 (Stob.
571 1847 674 1885 Flor.
695 1847 761 1895 LI,
785 1848 868 1900 16.)

291 1918 339 1944 90.
370 1903 533 1957 Ἀνδρηΐη
559 1905 621 1950 τὰς
655 1905 740 1950 ἄτας
770 1905 922 1959 σμικρὰς
943 1906 1047 1959 ἔρδει.

427 1962 550 2016 (Stob.
574 1964 678 2003 Flor.
698 1965 786 2012 VII,
809 1967 892 2018 αα.)

291 2034 340 2060 9ι.
372 2019 583 2074 Ἧμερήσιοι
597 2021 700 2061 ὕπνοι
726 2022 888 2073 σώματος
916 2022 1063 2076 ὄχλησιν
1079 2021 1103 2069 ἢ
1117 2024 1233 2077 ψυχῆς
1253 2022 1341 2069 ἀδη-

373 2079 541 2131 μοσύνην,
577 2079 599 2128 ἢ
635 2082 759 2136 ἀργίην
779 2082 802 2129 ἢ
839 2082 1070 2129 ἀπαιδευσίην
1110 2082 1336 2133 σημαίνουσι.

429 2139 552 2190 (Siob.
573 2139 677 2179 rior.
692 2140 758 2189 vl,
782 2141 862 2192 55.)

335 2325 388 2356 83.
411 2323 520 2364 Pueri,
536 2332 599 2356 non
614 2324 673 2356 viri
690 2325 752 2364 est,
771 2324 983 2358 immoderata
998 2325 1175 2366 cupiditate
1195 2324 1290 2357 trahi.

650 2420 710 2461 De
735 2418 985 2463 laboribus.

337 2531 390 2562 84.
410 2529 513 2562 Labor
533 2530 707 2563 continuus
723 2531 954 2565 consuetudine
975 2532 1011 2565 fit
1024 2532 1138 2565 levior.

338 2590 389 2619 85.
416 2589 619 2622 Democritus
642 2589 682 2622 ad
709 2591 893 2624 discendam
911 2595 1014 2625 artem
1051 2593 1213 2633 bellicam,
1231 2593 1349 2635 quippe

297 2653 371 2687 quae
389 2654 559 2687 permagna
575 2647 628 2688 sit,
646 2648 846 2690 cohortatur,
861 2652 959 2692 atque
971 2651 1012 2683 ad
1028 2651 1196 2685 obeundos
1211 2652 1348 2694 labores,

303 2702 421 2743 quibus
437 2705 622 2745 magnitudo
641 2709 674 2739 et
689 2708 839 2748 splendor
855 2709 1039 2743 bominibus
1066 2714 1305 2753 comparantur.

343 2767 395 2796 86.
411 2764 586 2798 voluntarii
602 2766 726 2800 labores
736 2769 1146 2804 necessariorumlaborum
1162 2773 1349 2813 patientiam

299 2822 439 2855 afferunt
457 2831 575 2865 eosque
597 2825 834 2866 quodammodo
848 2827 956 2862 levant
968 2838 1006 2862 ac
1025 2830 1187 2864 minuunt.

346 2883 398 2915 87.
425 2883 544 2915 Omnes
569 2882 691 2917 labores
718 2885 784 2918 otio
802 2886 1008 2927 jucundiores
1025 2890 1113 2930 sunt,
1145 2890 1275 2932 quando
1295 2890 1350 2923 illa

303 2943 545 2982 consequuntur
560 2941 719 2983 hominm,
735 2954 874 2986 quorum
898 2948 1001 2988 gratia
1022 2948 1180 2990 laborant,
1198 2953 1254 2982 aut
1271 2959 1351 2983 con-

302 3001 470 3033 secuturos
496 3008 532 3033 se
549 3000 673 3042 sciunt3
694 3003 729 3036 at
756 3003 848 3036 dolor
875 3013 894 3038 e
918 3014 974 3047 spe
999 3007 1041 3039 ad
1072 3007 1200 3041 irritum
1223 3009 1351 3042 redacta

304 3061 472 3099 susceptus
487 3058 573 3100 ipsos
589 3058 715 3093 labores
733 3061 874 3103 ingratos
886 3064 1003 3104 pariter
1019 3074 1056 3097 ac
1073 3066 1226 3100 molestos
1239 3068 1350 3102 efficit.

347 3121 399 3150 88.
422 3118 578 3158 Perpetua
593 3119 756 3152 cunctatio
773 3122 959 3162 imperfecta
976 3124 1130 3166 relinquit
1143 3134 1254 3167 opera.

345 3178 398 3209 89.
415 3175 557 3209 Audacia
569 3177 760 3220 principium
777 3180 910 3214 actionis
922 3183 993 3222 est;
1013 3182 1143 3216 fortuna
1158 3193 1236 3218 vero
1256 3185 1351 3219 finem

306 3235 476 3276 gubernat.

348 3299 402 3328 90.
418 3294 589 3328 Fortitudo
607 3295 770 3338 dispendia
787 3299 918 3333 minuit.

348 3356 402 3386 91.
425 3353 535 3387 Somni
549 3353 657 3387 diurni
678 3356 820 3397 corporis
844 3358 1057 3393 turbationem
1086 3362 1136 3394 vel
1153 3362 1250 3395 animi
1279 3373 1354 3397 mce-

308 3421 413 3445 rorem
443 3413 502 3452 (ex
531 3412 658 3446 fastidio
678 3416 800 3458 ortum)
829 3417 879 3451 vel
905 3418 1064 3460 pigritiam
1092 3421 1143 3454 vel
1177 3422 1354 3456 litterarum

310 3470 519 3512 ignorantiam
538 3471 691 3507 indicant.

1405 343 1454 370 92.
1486 329 1558 369 Τὸν
1582 328 1809 379 εὐθυμέεσθαι
1837 329 2011 381 μέλλοντα
2035 329 2105 384 χρὴ
2126 331 2176 382 μὴ
2201 331 2318 372 πολλὰ
2334 333 2449 385 πρῆσ..

1487 401 1573 435 σειν,
1596 388 1686 438 μήτε
1700 387 1770 442 ἰδίῃ
1791 388 1881 440 μήτε
1902 389 1999 443 ξυνῇ,
2023 389 2112 441 μηδὲ
2133 390 2216 429 ἅσσ’
2234 389 2276 429 ἂν
2296 391 2456 446 πρήσσῃ,

1487 446 1576 500 ὑπέρ
1594 462 1632 486 τε
1652 446 1798 499 δύναμιν
1819 447 1996 501 αἱρέεσθαι
2019 448 2084 497 τὴν
2104 450 2235 489 ἑωυτοῦ
2254 449 2316 489 καὶ
2335 449 2454 503 φύσιν,

1487 506 1578 544 ἀλλὰ
1590 505 1764 556 τοσαύτην
1781 507 1874 560 ἔχειν
1890 507 2064 559 φυλακήν,
2079 507 2171 548 ὥστε
2186 508 2246 547 καὶ
2264 511 2328 556 τῆς
2347 508 2457 563 τύχης

1485 564 1743 612 ἐπιὸαλλούσης
1764 566 1824 605 καὶ
1848 567 1882 611 ἐς
1901 566 1940 605 τὸ
1964 566 2041 606 δίον
2059 567 2303 619 ὑπηγεομὲνης
2324 570 2376 622 τῷ
2397 569 2455 607 δο-

1484 623 1591 673 κέειν,
1619 623 1867 664 κατατίθεσθαι
1894 625 2030 676 καὶμὴ
2060 626 2158 665 πλέω
2188 627 2457 680 προσάπτεσθαι

1483 685 1551 722 τῶν
1581 684 1753 722 δυνατῶν·
1778 686 1802 731 ἡ
1833 683 1902 738 γὰρ
1932 685 2073 738 εὗογκίη
2105 686 2363 741 ἀσφαλέστερον
2393 688 2455 733 τῆς

1485 741 1734 794 μεγαλογκίης.

1538 801 1658 853 (Stob.
1674 801 1775 842 Flor.
1791 801 1895 850 CIII,
1919 802 2000 853 25.)

1469 904 1571 967 Περὶ
1595 899 1708 949 ἰδίων
1730 905 1799 949 καὶ
1819 903 2050 966 ἀλλοτρίων
2065 906 2386 967 ἁμαρτημάτων.

1402 1035 1452 1061 93.
1484 1020 1586 1068 Λήθη
1607 1022 1676 1059 τῶν
1693 1017 1836 1067 οἰκηίων
1850 1022 1967 1059 κακῶν
1982 1020 2185 1073 θρασύτητα
2200 1027 2319 1076 γεννᾷ.

1538 1079 1656 1133 (Stob.
1674 1079 1778 1119 Flor.
1799 1079 1863 1127 IV,
1887 1081 1964 1131 72·)

1402 1152 1451 1180 94.
1486 1138 1645 1193 Κρέσσον
1666 1139 1712 1178 τὰ
1750 1138 1867 1187 οἶκήϊα
1895 1138 2139 1191 ἁμαρτήματα
2169 1139 2326 1193 ἐλέγχειν
2352 1140 2375 1188 ἢ
2412 1140 2457 1180 τὰ

1485 1201 1615 1240 ὀθνεῖα.

1538 1258 1663 1312 (Stob.
1684 1258 1789 1298 Flor.
1816 1257 1926 1308 XIII,
1945 1257 2024 1310 26.)

1404 1332 1452 1358 95.
1483 1317 1639 1370 Αἷσχρὸν
1650 1316 1694 1356 τὰ
1711 1318 1824 1356 ὀθνεῖα
1839 1316 2220 1370 πολυπραγμονεύοντα
2239 1317 2393 1370 ἀγνοέειν
2409 1317 2454 1358 τὰ

1485 1375 1620 1423 οἷκῆϊα.

1540 1436 1775 1486 (Democrat.
1795 1434 1916 1474 Orell.
1937 1448 1974 1473 n.
2000 1434 2079 1487 45.)

1403 1507 1452 1534 96.
1483 1491 1544 1532 Ἂν
1565 1492 1602 1532 δὲ
1634 1493 1762 1533 σαυτὸν
1793 1491 1928 1533 ἔνδοθεν
1960 1493 2122 1546 ἀνοίξῃς,
2153 1493 2312 1533 ποικίλον
2331 1510 2366 1534 τι
2393 1494 2456 1534 καὶ

1483 1551 1683 1597 πολυπαθὲς
1710 1554 1829 1591 κακῶν
1850 1554 1994 1603 ταμεῖον
2024 1552 2181 1604 εὑρήσεις
2201 1553 2262 1592 καὶ
2288 1553 2458 1606 θησαύρι-

1486 1626 1559 1661 σμα
1573 1642 1582 1660 ,
1603 1610 1649 1656 ὥς
1668 1626 1755 1664 φησι
1785 1611 2027 1664 Δημόκριτος,
2047 1613 2110 1651 οὐκ
2133 1610 2259 1657 ἔξωθεν
2275 1613 2456 1667 ἐπιῤῥεόν-

1484 1686 1567 1719 των,
1581 1670 1660 1709 ἀλλ’
1677 1668 1797 1724 ὥσπερ
1830 1669 1981 1724 ἐγγείους
2007 1670 2069 1709 καὶ
2102 1670 2315 1724 αὐτόχθονας
2339 1672 2457 1725 πηγὰς

1485 1729 1655 1782 ἐχόντων,
1678 1729 1718 1774 ἃς
1738 1730 1876 1778 ἀνίησιν
1896 1732 1918 1777 ἡ
1939 1729 2064 1780 κακία,
2094 1729 2289 1782 πολύχυτος
2309 1730 2371 1771 καὶ
2393 1732 2457 1770 δα·

1484 1788 1589 1843 ψιλής
1609 1783 1696 1827 οῧσα
1729 1794 1801 1833 τοῖς
1833 1788 1995 1828 πάθεσιν.

1539 1847 1758 1900 (Plutarch.
1799 1849 1880 1886 vol.
1914 1846 2005 1896 Vll,
2038 1861 2079 1899 p.
2116 1846 2194 1898 950
2228 1847 2291 1888 ed.
2324 1847 2455 1889 Reisk.

1485 1922 1523 1960 p.
1541 1909 1618 1947 500
1635 1907 1696 1948 ed.
1717 1904 1820 1959 Xyl.)

1716 2015 1810 2078 Περὶ
1839 2021 1976 2059 κακῶν
1998 2016 2142 2078 ἔργων.

1403 2149 1451 2176 97.
1482 2133 1638 2175 Φαύλων
1673 2131 1783 2186 ἔργων
1829 2131 1890 2171 καὶ
1921 2131 2020 2176 τοὺς·
2039 2130 2164 2184 λόγους
2202 2130 2457 2186 παραιτητέον.

1451 2324 1504 2354 92.
1523 2318 1748 2360 Tranquillum
1769 2319 1919 2351 futurum
1939 2326 2003 2351 non
2027 2317 2131 2350 multa
2147 2326 2241 2358 agere
2259 2319 2386 2359 oportet
2403 2325 2461 2350 ne·

1408 2389 1472 2421 que
1501 2379 1651 2420 privatim
1674 2386 1778 2419 neque
1806 2377 1952 2419 publice;
1973 2386 2077 2419 neque
2097 2386 2136 2410 ea
2159 2385 2234 2418 quae
2257 2379 2332 2417 agat
2363 2385 2463 2419 snpra

1410 2439 1595 2471 facultatem
1617 2441 1648 2470 et
1666 2439 1815 2470 naturam
1837 2445 1930 2468 suam
1945 2436 2007 2469 sibi
2026 2444 2172 2476 sumere,
2188 2435 2245 2468 sed
2263 2437 2387 2469 tantam
2411 2437 2461 2468 sui

1409 2506 1519 2530 curam
1542 2497 1671 2536 habere,
1691 2499 1726 2529 ut
1742 2496 1904 2529 fortunam
1926 2496 2079 2538 quamvis
2105 2496 2298 2538 praesentem
2321 2495 2412 2528 etad
2430 2495 2463 2527 id

1411 2557 1495 2598 quod
1513 2556 1729 2589 necessarium
1746 2555 1876 2588 videtur
1892 2555 2062 2589 ducentem
2078 2554 2228 2596 declinet,
2239 2563 2278 2588 ac
2293 2563 2358 2588 non
2369 2554 2462 2596 plura

1409 2617 1563 2658 attingat,
1583 2625 1680 2658 quam
1696 2616 1815 2658 quibus
1841 2615 1977 2648 ferendis
1994 2624 2051 2656 par
2069 2615 2112 2648 sit
2131 2624 2140 2647 :
2159 2615 2252 2648 molis
2270 2614 2358 2649 enim
2375 2623 2460 2648 com·

1410 2676 1549 2709 moditas
1564 2675 1664 2708 tutior
1684 2679 1732 2708 est
1749 2683 1845 2716 quam
1865 2676 1934 2715 ejus
1947 2674 2145 2716 magnitudo.

1574 2765 1634 2807 De
1659 2761 1823 2806 nostris
1847 2760 2131 2820 aliorumque
2151 2760 2273 2803 vitiis

1453 2875 1505 2905 93.
1525 2872 1688 2904 Vitiorum
1701 2874 1886 2904 nostrorum
1904 2871 2025 2903 oblivio
2042 2871 2141 2912 gignit
2156 2869 2339 2903 audaciam.

1453 2934 1506 2964 94.
1527 2932 1662 2965 Praestat
1684 2930 1812 2972 propria
1826 2939 1925 2972 quam
1944 2930 2047 2963 aliena
2070 2931 2202 2971 peccata
2215 2928 2462 2971 reprehendere.

1453 2995 1505 3025 95.
1531 2992 1643 3026 Aliena
1659 2991 1784 3024 curiose
1801 2992 1981 3024 sectantem
2001 2999 2060 3023 sua
2076 2990 2222 3031 ignorare
2233 2991 2327 3031 turpe
2345 2992 2407 3023 est.

1454 3054 1507 3084 96.
1531 3049 1653 3090 Quodsi
1676 3050 1763 3082 intus
1783 3049 1938 3091 teipsum
1963 3049 2102 3090 aperias,
2123 3048 2249 3081 varium
2271 3049 2414 3090 aliquem
2432 3050 2466 3082 et

1413 3110 1523 3143 multis
1539 3110 1692 3143 affectum
1723 3108 1828 3141 modis
1848 3117 1967 3150 penum
1992 3111 2106 3149 atque,
2125 3109 2162 3141 ut
2179 3107 2383 3140 Democritus
2399 3108 2463 3149 ait,

1413 3169 1604 3202 thesaurum
1616 3168 1775 3201 malorum
1794 3167 1948 3207 invenies,
1960 3176 2024 3200 non
2042 3166 2241 3200 extrinsecus
2251 3165 2466 3205 affluentium,

1417 3228 1473 3261 sed
1490 3227 1604 3261 insitos
1624 3228 1656 3260 et
1678 3227 1879 3268 ingeneratos
1899 3225 2003 3258 fontes
2029 3225 2233 3266 habentium,
2257 3234 2339 3267 quos
2357 3224 2465 3267 pravi·

1415 3288 1466 3320 tas
1484 3287 1600 3329 aperit,
1614 3285 1743 3329 copiose
1755 3285 1950 3327 largiterque
1967 3285 2071 3318 varias
2091 3285 2227 3318 fundens
2246 3284 2443 3318 affectiones.

1671 3381 1732 3423 De
1755 3377 1885 3422 malis
1915 3377 2206 3422 facinoribus

1459 3488 1512 3519 97.
1535 3486 1692 3520 Malorum
1713 3485 1891 3520 facinorum
1907 3485 1958 3519 vel
1977 3483 2241 3520 commemoratio
2260 3482 2391 3517 vitanda
2403 3483 2465 3515 est.
