2612 3814
304 261 377 295 344
1226 251 1506 291 DEMOCRlTl

300 358 348 384 ιο.
378 341 551 392 Ξυόμενοι
571 341 745 394 ἄνθρωποι
764 340 907 389 ἥδονται
927 340 988 379 καί
1003 355 1082 394 σφιν
1102 338 1234 391 γίνεται
1258 338 1346 392 ἅπερ
1407 352 1456 377 59.
1489 338 1560 378 Τὸν
1588 337 1745 389 οἰόμενον
1775 338 1851 379 νόον
1881 338 1973 392 ἔχειν
2002 341 2020 378 ὁ
2046 339 2232 379 νουθετίων
2262 355 2465 392 ματαιοπο-

380 402 468 441 τοῖσι
487 399 782 454 ἀφροδισιάζουσι.

435 459 619 510 (Eustath.
642 459 687 498 ad
708 459 845 511 Odyss.
864 458 899 506 ξ,
921 456 1028 509 428.)

302 534 347 559 50.
379 516 556 566 Ξυνουσίη
584 517 784 565 ἀποπληξίη
805 516 961 570 σμικρή·
984 514 1165 561 ἐξέσσυται
1193 512 1260 566 γὰρ
1289 511 1349 551 ἄν·

383 581 516 629 Ορωπος
537 575 570 621 ἐξ
591 574 783 629 ἀνθρώπου.

439 634 560 688 (Stob.
581 634 683 673 Flor.
701 634 769 684 Vl,
790 633 870 684 57.)

305 709 354 735 ω.
385 693 589 744 Ἀνοήμονες
609 696 721 745 βιοῦσι
737 694 775 731 οὐ
794 691 1000 744 τερπόμενοι
1022 692 1134 743 βιοτῇ.

441 752 562 804 (sloh.
584 752 687 791 Flor.
713 750 873 801 1V‚,9.)

307 825 358 852 ⁶2.
390 810 594 861 Ἀνοήμονες
610 809 768 857 νεότητος
797 808 1055 862 ὀρέγονται,οὗ
1084 805 1290 859 τερπόμενοι
1317 804 1353 843 δὲ

386 871 536 916 νεότητι.

441 929 562 980 (Stob.
582 928 680 966 flor.
698 926 762 977 lv,
780 925 857 978 77.)

307 1003 357 1029 53.
388 987 591 1038 Ἀνοήμονες
630 987 777 1025 Θάνατον
819 984 1006 1030 δεδοικότες
1048 982 1239 1037 γηράσκειν
1277 980 1357 1020 ἐθέ-

386 1048 498 1085 λουσι.

443 1104 565 1150 lStob.
586 1104 687 1143 Flor.
706 1103 769 1151 lV,
793 1104 870 1154 81.)

308 1178 357 1204 m.
388 1163 591 1214 Ἀνοήμονες
620 1162 659 1202 τὸ
690 1164 750 1216 ζῇν
784 1164 829 1206 ὡς
861 1161 1078 1213 στυγέοντες,
1111 1161 1171 1213 ζῇν
1205 1159 1358 1199 ἐθέλουσι

391 1221 527 1272 δείματι
548 1221 684 1262 Ἀΐδεω.

445 1280 568 1334 (Stob.
588 1280 692 1321 Flor.
711 1278 775 1328 w,
794 1279 875 1331 75.)

310 1354 358 1383 55.
390 1338 594 1390 Ἀνοήμονες
611 1339 667 1378 τὸν
688 1337 835 1378 θάνατον
851 1337 1030 1390 φεύγοντες
1047 1335 1223 1376 διώκουσι.

445 1399 565 1449 (Stoh.
590 1398 689 1438 Flor.
709 1397 765 1447 lv,
783 1399 859 1449 79.)

311 1472 358 1499 5⁶.
392 1458 595 1507 Ἀνοὴμονες
614 1456 711 1497 οῦδὲν
730 1457 941 1508 μανθάνουσι
958 1458 992 1495 ἐν
1009 1456 1073 1509 ὅλῃ
1092 1458 1135 1509 τῇ
1156 1457 1271 1509 βιοτῇ.

447 1518 567 1570 (Stob.
588 1517 689 1557 Flor.
707 1516 770 1565 lv,
790 1515 872 1569 80.)

649 1606 751 1670 Περὶ
770 1606 1010 1669 χρημάτων.

311 1718 359 1745 57.
391 1703 597 1758 Χρημάτων
653 1706 750 1755 ρῆσις
784 1702 840 1748 ξὺν
870 1701 940 1755 νόῳ
970 1701 1031 1753 μὲν
1060 1700 1234 1755 χρήσιμον
1255 1701 1302 1745 εἷς
1321 1698 1361 1739 τὸ

392 1762 581 1816 ἐλευθέριον
600 1718 688 1802 εἶξαι
703 1761 763 1801 καὶ
779 1760 1009 1816 δημωφελέα·
1028 1759 1085 1807 ξὺν
1113 1761 1210 1813 ἀνοίῃ
1234 1758 1271 1799 δὲ
1293 1774 1359 1812 χο-

394 1821 495 1875 ρηγίη
514 1821 611 1869 ξυνή.
1230 1829 1233 1831 ’

447 1880 568 1931 (Stob.
590 1881 693 1922 Plor.
712 1880 845 1928 XCIV,
865 1881 943 1932 ¹24.)

313 1956 361 1982 58.
392 1940 485 1986 Δόξα
500 1940 561 1980 καὶ
577 1941 722 1984 πλοῦτος
740 1939 820 1979 ἄνευ
837 1938 988 1985 ξυνέσιος
1015 1940 1075 1977 οὐκ
1096 1937 1252 1992 ἀσφαλέα
1273 1935 1363 1983 κτή-

395 2014 506 2050 ματα.

448 2057 568 2109 (Stob.
600 2057 702 2097 Flor.
735 2057 798 2106 lv,
822 2058 885 2098 82.
909 2058 1124 2097 Democrat.
1149 2068 1211 2106 ap.
1244 2053 1363 2092 orell.

395 2129 435 2156 n.
457 2116 535 2168 42.)

1489 412 1572 436 νεει.

1545 455 1779 507 (Democrat.
1809 456 1930 496 Orell.
1959 470 1998 495 n.
2038 457 2097 496 18.
2129 456 2238 497 Stob.
2276 457 2379 499 Flor.
2412 457 2461 506 X,

1493 514 1573 564 43·)

1410 586 1458 612 ao.
1491 573 1569 612 Οὐκ
1590 572 1662 613 ἔστι
1678 572 1786 619 οὕτως
1804 572 1964 627 ἀσφαλὴς
1979 574 2131 614 πλούτου
2149 574 2302 626 πυλεών,
2323 576 2382 616 τὸν
2401 578 2464 616 οὐκ

1493 630 1623 682 ἀνοίγει
1640 630 1749 684 τύχης
1766 632 1897 684 καιρός.

1548 690 1670 741 istob.
1693 690 1796 731 Flor.
1818 691 1895 741 CV,
1914 691 1993 744 59.)

1412 763 1459 791 er.
1494 749 1674 803 Χρήματα
1694 750 1848 803 πορίζειν
1868 750 1932 801 μὲν
1960 752 2022 790 οὐκ
2042 752 2194 804 ἀχρεῖον·
2216 751 2250 797 ἐξ
2270 751 2405 801 ἀδικίης
2429 750 2466 792 δὲ

1493 825 1635 848 παντων
1654 808 1791 849 κάκιον.

1524 869 1741 965 5(Democr.
1756 882 1820 921 ap.
1833 868 1954 908 Orell.
1969 882 2005 908 n.
2020 869 2081 914 43.
2092 869 2199 908 Stob.
2213 868 2316 909 Flor.
2332 869 2467 918 xClv,

1497 941 1518 965 2
1551 959 1557 966 .

1414 1000 1461 1026 62.
1491 986 1536 1059 ‘9
1557 928 1752 1039 7)(,ρημάτων
1773 985 1971 1030 παντελέως
1995 985 2114 1034 ἥσσων
2140 987 2204 1025 οὐκ
2232 986 2275 1025 ἄν
2302 1002 2388 1027 ποτε
2414 986 2468 1036 εἴη

1497 1060 1786 1155 οικῗόοεςίηοενει.
1807 1104 1927 1144 orell.
1950 1117 1990 1143 n.
2017 1104 2091 1153 16.)

1417 1177 1469 1203 6³.
1503 1165 1659 1209 Πλοῦτος
1675 1164 1744 1203 ἀπὸ
1759 1166 1869 1211 κακῆς
1883 1162 2047 1215 ἐργασίης
2063 1162 2328 1215 περιγενόμενος
2345 1163 2470 1217 ἐπιφα-

1498 1221 1657 1276 νέστερον
1677 1222 1716 1261 τὸ
1738 1222 1866 1266 ὄνειδος
1885 1222 2067 1269 κέκτηται.

1557 1280 1680 1331 (Stob.
1705 1280 1808 1322 Flor.
1830 1280 1880 1332 X,
1900 1281 1980 1330 37.)

1419 1352 1467 1380 οι.
1499 1339 1605 1379 Kana&
1621 1339 1745 1393 κέρδεα
1766 1338 1895 1390 ζημίην
1913 1341 2036 1391 ἀρετῆς
2053 1337 2166 1392 φέρει.

1557 1397 1684 1450 (Stob.
1710 1397 1812 1436 Flor.
1831 1397 1879 1445 X,
1903 1397 1984 1448 45.)

1420 1471 1469 1496 65.
1501 1456 1627 1501 Ἐλπὶς
1644 1460 1757 1496 κακοῦ
1776 1457 1914 1509 κέρδεος
1931 1456 2024 1510 ἀρχὴ
2046 1455 2186 1507 ζημίης.

1559 1515 1681 1567 (Stob.
1704 1515 1809 1555 Flor.
1828 1515 1876 1562 X,
1897 1514 1975 1567 48.)

1391 1632 1394 1634 v
1421 1588 1469 1614 66.
1502 1574 1708 1627 Χρημάτων
1737 1573 1846 1626 ὄρεξις
1867 1573 1927 1613 ἐὰν
1952 1573 2002 1626 μὴ
2031 1573 2189 1627 ὁρίζηται
2212 1571 2328 1626 κόρῳ,
2354 1570 2475 1617 πενίης

1504 1634 1657 1687 ἐσχάτης
1678 1634 1799 1686 πολλῷ
1820 1631 2072 1687 χαλεπωτέρη·
2095 1632 2234 1685 μέζονες
2258 1630 2328 1686 γὰρ
2349 1628 2476 1683 ὀρέξιες

1433 1716 1435 1718 v
1504 1693 1651 1744 μέζονας
1666 1691 1794 1736 ἐνδείας
1814 1695 1961 1732 ποιεῦσι.

1558 1751 1678 1805 (Stob.
1700 1751 1805 1790 Flor.
1827 1750 1877 1799 X,
1898 1751 1978 1801 44.)

1421 1823 1469 1850 67.
1498 1809 1644 1864 Ὥσπερ
1661 1811 1695 1849 ἐν
1721 1815 1811 1849 τοῖσι
1829 1809 1946 1849 ἕλκεσι
1973 1809 2179 1862 φαγέδαιναι
2204 1807 2374 1849 κάκιστον
2397 1806 2476 1846 νοῦ·

1505 1885 1606 1919 σημα
1617 1900 1627 1920 ,
1643 1868 1750 1913 οὕτως
1768 1870 1802 1908 ἐν
1820 1873 1908 1908 τοῖσι
1927 1868 2089 1922 χρήμασι
2105 1867 2144 1907 τὸ
2162 1866 2212 1920 μὴ
2228 1866 2471 1920 προσαρμόζον

1505 1928 1566 1968 καὶ
1587 1928 1626 1968 τὸ
1646 1927 1795 1981 ξυνεχές.

1559 1987 1679 2042 (Stob.
1701 1987 1802 2028 Flor.
1819 1986 1945 2035 XCII,
1972 1987 2045 2037 14.)

1425 2063 1473 2088 σε.
1505 2049 1553 2088 Οἱ
1574 2045 1736 2101 φειδωλοὶ
1752 2045 1809 2085 τὸν
1826 2049 1887 2093 τῆς
1905 2044 2071 2098 μελίσσης
2096 2047 2187 2084 οἶτον
2216 2043 2352 2097 ἔχουσι,
2372 2045 2477 2095 ἐργα-

1509 2105 1646 2158 ζόμενοι
1664 2107 1709 2149 ὡς
1731 2104 1799 2144 αἰεὶ
1823 2105 2044 2157 βιωσόμενοι.

353 2264 405 2295 49.
431 2260 494 2300 Qui
514 2269 630 2302 corpus
640 2260 748 2307 aliqua
771 2263 859 2302 parte
880 2260 1009 2300 radunt,
1033 2259 1166 2292 eandem
1188 2257 1366 2300 percipiunt

315 2321 514 2363 voluptatem
531 2329 629 2362 quam
645 2320 700 2362 qui
716 2320 750 2353 in
766 2329 800 2353 re
817 2329 953 2353 venerea
968 2322 1147 2352 versantur.

357 2385 409 2413 5ο.
433 2381 546 2413 coitus
564 2382 612 2412 est
629 2388 726 2421 parva
750 2379 918 2421 apoplexia
936 2388 944 2410 :
963 2376 1144 2420 prorumpit
1162 2376 1249 2410 enim
1267 2369 1364 2409 homo

314 2448 353 2472 ex
375 2439 515 2472 homine.

359 2501 407 2531 51.
433 2497 528 2530 Stulti
548 2496 662 2529 vivunt
678 2506 740 2529 non
757 2495 931 2538 gaudentes
947 2496 1024 2530 vita.

359 2559 418 2596 52.
432 2556 527 2589 Stulti
550 2555 730 2589 desiderant
751 2555 975 2597 juventutem,
993 2563 1095 2597 quum
1112 2553 1200 2591 nullo
1221 2553 1365 2595 iuventae

318 2614 486 2648 commodo
499 2613 657 2648 fruantur.

361 2675 414 2706 53.
439 2673 536 2706 Stulti
554 2673 690 2706 mortem
708 2674 903 2713 metuentes,
923 2682 1087 2706 senescere
1100 2672 1247 2714 cupiunt.

362 2734 413 2765 54.
437 2731 534 2764 Stulti
554 2740 655 2773 quum
677 2731 775 2764 vitam
788 2740 822 2764 se
835 2732 940 2764 odisse
951 2731 1125 2772 simulent,
1139 2731 1246 2764 vivere
1261 2728 1369 2763 tamen'

320 2790 433 2823 volunt
449 2789 560 2822 mortis
581 2793 680 2823 metu.

362 2853 412 2882 55.
428 2848 523 2881 Stulti
538 2849 673 2880 mortem
687 2847 766 2880 dum
783 2847 920 2889 fugiunt,
935 2850 1181 2890 persequuntur.

363 2911 414 2941 56.
438 2906 534 2940 Stulti
552 2915 607 2948 per
624 2907 724 2939 totam
745 2907 843 2940 vitam
858 2907 936 2940 nihil
951 2907 1087 2941 discunt.

701 3003 762 3044 De
781 3002 988 3059 pecunia.

367 3111 418 3142 57.
443 3107 655 3141 pecuniarum
681 3116 761 3140 usus
788 3116 863 3141 cum
887 3108 1054 3149 prudentia
1078 3110 1267 3151 coniunctus
1285 3111 1372 3144 utilis

326 3169 376 3199 est
391 3165 431 3198 ad
445 3165 660 3199 exhibendam
678 3166 899 3200 liberalitatem
913 3170 946 3201 et
961 3169 1114 3211 populum
1128 3170 1345 3212 adjuvandum
1361 3185 1368 3205 ε

327 3233 402 3257 cum
417 3225 553 3259 stultitia
572 3225 711 3258 sociatus
727 3225 851 3268 largitio
868 3230 916 3261 est
930 3228 1079 3262 omnibus
1091 3231 1271 3265 commoda.

371 3289 423 3319 58.
449 3286 558 3318 Honor
568 3286 600 3318 et
610 3285 732 3319 divitiae
740 3286 808 3319 sine
819 3287 988 3329 prudentia
999 3297 1075 3329 opes
1083 3289 1159 3324 sunt
1170 3299 1371 3332 nequaquam

329 3345 417 3377 tutae.

347 3449 351 3454 ι
371 3407 421 3436 59.
445 3402 599 3444 Quisquis
620 3412 695 3436 eum
713 3411 839 3446 monet,
858 3404 913 3446 qui
933 3405 1098 3447 prudentia
1115 3415 1150 3440 se
1172 3407 1290 3449 pollere
1310 3410 1374 3442 exi-

330 3462 451 3501 stimat,
466 3470 595 3503 operam
613 3462 729 3504 perdit.

1474 2257 1526 2286 (30.
1551 2255 1620 2286 Non
1642 2255 1692 2284 est
1716 2250 1796 2284 adeo
1816 2250 1939 2283 munita
1958 2250 2140 2283 divitiarum
2163 2250 2272 2290 porta,
2295 2256 2393 2290 quam
2412 2256 2477 2280 non

1426 2318 1547 2360 aperiat
1566 2318 1703 2350 fortunae
1718 2315 1854 2349 occasio.

1468 2383 1520 2413 61.
1545 2382 1630 2422 Opes
1651 2388 1763 2421 parare
1788 2377 2038 2419 haudquaquam
2058 2376 2187 2417 inutile,
2202 2374 2259 2408 sod
2278 2375 2396 2417 iniuste
2419 2383 2473 2416 pa·

1425 2454 1495 2479 rare
1512 2444 1658 2477 omnium
1676 2443 1847 2485 pessimum
1861 2443 1921 2475 ωε.

1467 2514 1518 2542 62.
1544 2509 1607 2548 Qui
1628 2507 1770 2550 pecuniis
1798 2507 1890 2539 facile
1907 2506 2142 2548 corrumpitur,
2162 2513 2326 2547 nunquam
2346 2503 2400 2537 ille
2425 2504 2478 2546 iu·

1426 2578 1498 2607 stus
1515 2574 1620 2607 tuerit.

1469 2642 1520 2672 63.
1544 2638 1672 2671 Divitiae
1692 2637 1777 2679 turpi
1793 2637 1919 2678 quaestu
1941 2638 2059 2678 paratae
2079 2635 2288 2678 opprobrium
2298 2644 2337 2669 eo
2356 2635 2479 2669 liabent

1424 2702 1591 2744 insignius.

1469 2769 1522 2799 64,
1545 2765 1696 2807 improbo
1714 2765 1804 2797 lucro
1827 2765 1986 2806 iacturam
2003 2764 2140 2797 facimus
2157 2763 2298 2796 virtutis.

1471 2836 1525 2864 65.
1551 2832 1631 2872 Spes
1651 2830 1727 2862 mali
1744 2829 1824 2862 lucri
1843 2829 1973 2862 initium
1985 2833 2034 2862 est
2051 2829 2202 2870 Jacturoe.

1475 2901 1528 2930 66.
1548 2895 1761 2928 Pecuniarum
1780 2894 1942 2936 cupiditas
1961 2894 2020 2927 nisi
2038 2894 2168 2927 finiatur
2188 2895 2295 2937 aliqua
2309 2894 2457 2929 satietate
2469 2919 2479 2935 ‚

1433 2961 1537 2994 multo
1553 2963 1603 2992 est
1616 2959 1780 2992 molestior
1796 2967 1894 3001 quam
1913 2967 2039 2991 summa
2062 2960 2197 3000 egestas.
2231 2959 2370 3000 Maiores
2389 2960 2476 2993 enim

1412 3078 1414 3081 y
1433 3028 1624 3070 cupiditates
1640 3026 1829 3068 indigentias
1847 3035 1976 3067 quoque
1988 3025 2127 3066 majores
2151 3026 2292 3068 pariunt.

1474 3095 1527 3127 67.
1551 3094 1595 3126 Ut
1615 3092 1648 3124 in
1677 3091 1836 3124 ulceribus
1857 3090 2142 3132 perniciosissimus
2160 3091 2292 3124 morbus
2309 3099 2482 3133 gangraeua

1434 3160 1510 3192 est:
1536 3159 1581 3191 ita
1600 3158 1632 3190 in
1657 3156 1778 3189 divitiis
1797 3164 1871 3196 eea,
1899 3164 1973 3196 quae
1999 3164 2063 3188 nou
2086 3156 2282 3190 conveniunt
2298 3156 2482 3195 hominibus

1436 3223 1554 3265 quibus
1566 3221 1768 3263 contigerunt
1786 3221 1818 3254 et
1833 3228 1970 3261 quarum
1984 3219 2138 3252 diuturna
2157 3222 2205 3253 est
2227 3221 2398 3262 possessio,
2411 3230 2482 3263 per·

1434 3288 1663 3321 niciosissimas
1687 3285 1821 3328 judicari
1849 3287 1882 3319 et
1913 3286 2003 3327 quasi
2028 3295 2205 3327 gangraenae
2234 3287 2338 3320 instar
2369 3286 2482 3320 haberi

1432 3361 1452 3384 o
1497 3354 1569 3385 rtet.

1455 3361 1531 3444 Ρέδ.
1556 3410 1712 3443 Homines
1729 3408 1884 3451 praeparci
1907 3408 2043 3450 apiculae
2057 3411 2179 3442 sortem
2201 3409 2341 3451 habent;
2362 3408 2481 3451 quippe

1437 3469 1562 3502 labores
1584 3468 1763 3510 suscipiunt
1781 3469 1939 3508 tanquam
1953 3470 2107 3509 perpetuo
2122 3469 2252 3501 victuri.
