2612 3814
313 237 390 270 43¹2

305 336 410 374 γομεν
431 318 453 359 ἃ
473 321 536 359 οὖκ
563 317 658 358 ἔστιν
681 317 733 371 ἐφ’
754 320 838 369 ἡμῖν
870 316 1023 371 ced-(em
1056 317 1094 355 οὗ
1122 319 1296 369 τηροῦμεν
1330 314 1367 355 δὲ

304 381 455 432 μᾶλλον,
489 378 511 417 ἅ
535 379 626 418 ἐστιν
657 377 709 431 ἐφ’
742 377 828 428 ἡμῖν
859 379 1031 428 τηρῆσαι;
1062 375 1115 415 Τὸ
1142 374 1210 428 γὰρ
1242 373 1366 423 θνητὸν

302 440 407 493 φύσει
440 437 785 490 καταδεδικασμένον
827 435 965 489 θανοίτῳ
1013 436 1075 474 οὗκ
1115 434 1210 475 ἔστιν
1251 436 1366 473 ὁτιοῦν

301 503 490 545 ποιοῦντας
506 499 660 538 ἐκσῶσαι
680 496 822 537 τούτου·
841 496 880 534 τὸ
899 495 933 535 δὲ
955 495 1128 534 ἀθάνατον
1144 496 1247 546 ἡμῶν
1268 493 1366 546 (ὅπερ

303 560 397 599 ἐστὶν
418 553 556 612 ἡψυχὴ
582 556 642 597 καὶ
667 556 785 608 ἡμεῖς)
807 555 950 595 δυνατὸν
977 555 1084 607 ἀρετῇ
1108 555 1290 611 κοσμῆσαι
1317 551 1366 603 μὴ

301 618 587 669 μαλακισθέντας
603 616 683 670 περὶ
708 616 764 656 τὸν
785 614 1035 665 ἀπειλούμενον
1058 613 1220 654 θάνατον.
1245 611 1318 652 *ον
1338 612 1368 650 εἷ

304 681 380 729 μετ’
421 677 564 731 εὐλόγου
603 676 716 720 αἰτίας
758 674 1022 726 ὑπομείνωμεν,
1057 672 1285 722 κοσμήσομεν
1323 673 1367 723 τῇ

300 740 388 793 ὀρθῇ
417 736 621 791 προαιρέσει
641 735 706 782 τὴν
728 734 883 785 ἀνάγκην
904 736 966 780 τῆς
998 732 1145 786 φύσεως.
1167 733 1294 771 Ταῦτα
1326 730 1369 778 δή

303 800 378 836 ἐστι
409 797 453 836 τὰ
477 795 639 848 μεγάλα,
670 788 718 833 ῶν
754 792 795 831 ἂν
827 793 931 836 ἄλλος
962 791 1058 845 ἄλλῳ
1092 789 1304 843 προτείνειέν
1336 805 1371 829 τι

305 860 442 905 παθεῖν,
461 854 484 903 ἢ
503 856 687 894 ἀποτῖσαι·
718 853 762 891 τὰ
792 853 827 890 δὲ
857 850 942 891 εἴσω
967 853 1030 898 τῆς
1048 852 1165 904 ψυχῆς
1187 848 1370 889 ἀδούλωτα

303 920 402 974 ἄλλῳ
414 951 423 968 ,
439 919 500 959 καὶ
517 919 704 969 ἐλεύθερα,
720 916 780 955 ἐὰν
799 918 901 967 ἡμεῖς
917 914 1154 966 ἐθελήσωμεν·
1172 913 1233 953 ἐὰν
1255 913 1304 965 μὴ
1324 917 1369 968 τῇ

303 980 387 1033 πρὸς
406 980 446 1018 τὸ
479 983 605 1030 σῶμα,
626 977 649 1025 ἢ
669 976 713 1017 τὰ
735 975 834 1020 ἐκτός
850 1007 861 1026 ,
885 973 1028 1028 ἀμέτρῳ
1054 973 1277 1028 προσπαθείᾳ
1305 972 1370 1021 τὴν

304 1038 503 1092 ἐλευθερίαν
524 1039 625 1089 ἡμῶν
649 1035 786 1080 ἑκόντες
807 1035 1151 1087 δουλαγοιγήσωμεν,
1173 1035 1262 1080 ζωῆς
1283 1034 1372 1087 ἔφη·

303 1098 412 1152 μέρου
433 1098 492 1136 καὶ
511 1096 709 1150 χρημάτων
729 1095 768 1135 τὸ
789 1094 919 1147 ἀγαθὸν
939 1097 1001 1142 τῆς
1019 1095 1137 1149 ψυχῆς
1157 1092 1371 1143 ἀποδιδόμε-

302 1173 368 1197 νοι.
386 1160 513 1198 Ταῦτα
529 1161 615 1207 ἡμῖν
629 1157 821 1208 εἰσηγεῖται
836 1153 875 1193 τὸ
887 1153 1116 1207 προκείμενον
1131 1152 1371 1206 παράγγελμα

304 1217 362 1257 ἐπὶ
381 1217 488 1256 παντὶ
519 1218 644 1265 τελεῖν,
663 1216 707 1254 δι’
729 1209 777 1254 ῶν
798 1213 837 1253 τὸ
855 1213 1004 1266 μόνιμον
1038 1213 1100 1253 καὶ
1133 1211 1371 1266 ἀπαράγωγον

302 1280 365 1325 τῆς
382 1279 508 1330 ἀρετ-ἧς
522 1273 826 1330 ἐπισφραγίζεται.
839 1272 945 1313 Ἀλλὰ
956 1272 1015 1312 ἐπὶ
1028 1272 1071 1311 τὰ
1088 1271 1164 1320 ἑξῆς
1180 1271 1371 1324 μετίωμεν,

302 1337 393 1389 πρὸς
414 1336 453 1375 τὸ
477 1336 562 1375 αὐτὸ
583 1335 698 1386 δόγμα
715 1332 778 1381 τὴν
799 1332 976 1387 ἀναφορὰν
995 1330 1138 1386 ἔχοντα.

680 1456 785 1496 XIV.
818 1461 992 1495 27—29.

388 1564 542 1597 Βουλεύου
557 1563 589 1595 δὲ
606 1562 665 1603 πρὸ
684 1561 774 1603 ἔργου
786 1586 795 1602 ,
812 1561 898 1597 ὅπως
916 1561 959 1601 μὴ
977 1563 1067 1602 μῶρα
1082 1559 1224 1598 πέληται.

387 1611 498 1643 Δειλοῦ
514 1621 562 1642 τοι
576 1611 728 1653 πρήσσειν
744 1620 778 1641 τε
790 1610 891 1650 λέγειν
907 1607 934 1640 τ’
951 1608 1069 1645 ἀνόητα
1086 1607 1162 1648 πρὸς
1180 1605 1308 1648 ἀνδρός·

388 1658 466 1690 ἀλλὰ
483 1658 551 1690 τάδ’
565 1657 728 1696 ἐκτελέειν,
743 1656 764 1688 ἃ
778 1666 815 1688 σε
833 1656 876 1697 μή
892 1655 1048 1696 μετέπειτ’
1062 1654 1200 1692 ἀνιήσει.

1013 225 1292 266 HIEROCLIS
1319 223 1747 266 COMMENTARIUS

1428 315 1531 367 μένη.
1567 314 1837 366 Βουλευομένων
1870 314 1939 370 γὰρ
1967 317 2071 366 ἡμῶν
2096 318 2149 372 ἐφ’
2174 318 2328 374 ἡσυχίας
2351 321 2390 361 ὅν
2414 337 2494 362 τινα

1427 374 1554 427 τρόπον
1573 373 1645 427 χρὴ
1676 376 1754 422 ζῆν,
1787 373 1826 414 τὸ
1854 376 1924 415 τῶν
1947 377 2081 429 ἀρετῶν
2109 384 2331 431 προαιρεῖται
2351 384 2492 425 κάλλος.

1428 432 1606 485 Ἑλομένη
1619 432 1656 472 δὲ
1671 434 1822 473 διαθλεῗν
1839 436 2008 486 γενναίως
2021 435 2157 481 πάντας
2174 438 2252 484 τοὺς
2266 438 2352 492 ὗπὶρ
2370 442 2497 494 ἀρετῆς

1429 495 1588 543 ἀγῶνας,
1610 492 1668 532 καὶ
1700 494 1940 534 συνεθισθεῖσα
1958 498 2003 550 τῇ
2022 495 2146 543 κτήσει
2174 499 2244 536 τῶν
2263 500 2382 539 καλῶν
2401 500 2471 551 ἤδη
2483 532 2494 553 ,

1429 554 1494 591 κάν
1514 557 1591 597 ταῖς
1611 554 1680 591 τῶν
1700 553 1943 606 περιστάσεων
1961 556 2135 609 ταραχαῖς
2150 559 2252 611 τηρεῖ
2265 556 2329 612 τὴν
2348 560 2495 612 γνώμην

1430 610 1607 663 ἀκέραιον,
1628 610 1725 651 οὐδὲν
1745 612 1814 651 ὑπὸ
1833 615 1901 652 τῶν
1928 613 2051 660 ἔξωθεν
2073 616 2312 668 θορυὸούντων
2340 620 2498 668 ἐκπλητ-

1430 669 1560 720 τομένη
1577 669 1663 722 πρὸς
1679 670 1719 710 τὸ
1737 670 1950 722 μεταθέσθαι
1967 673 2073 713 ἄλλον
2087 675 2278 727 εὐδαίμονα
2296 670 2385 717 εἶναι
2405 679 2494 732 βίον,

1429 727 1451 776 ἢ
1475 730 1618 779 ἐκεῖνον,
1641 728 1679 768 ὃν
1709 731 1763 784 ἐφ’
1784 732 1910 780 ἑαυτῆς
1937 732 2122 784 ἐλογίσατο
2148 736 2353 777 κάλλιστον.
2385 735 2496 779 Ὅθεν

1429 787 1511 840 τρία
1530 788 1665 840 γίνεται
1687 791 1750 837 τῆς
1780 789 1963 837 εὖὸουλίας
1984 791 2028 831 τὰ
2048 791 2148 846 ἔργα.
2183 795 2347 847 Πρῶτον,
2369 796 2497 847 ἐκλογὴ

1429 851 1489 886 τοῦ
1506 847 1649 901 ἀρίστου
1663 848 1741 901 βίου
1753 862 1762 871 ·
1778 849 1953 903 δεύτερον,
1971 849 2119 899 ἄσκησις
2137 856 2198 892 τοῦ
2215 855 2495 908 προαιρεθέντος·

1431 906 1559 960 τρίτον,
1577 908 1723 961 τήρησις
1742 909 1985 960 ἀμετάστατος
2002 914 2072 950 τῶν
2092 913 2355 962 μελετηθέντων
2371 916 2495 968 ὀρθῶς.

1430 966 1576 1007 Τούτων
1598 967 1634 1006 δὲ
1659 967 1700 1007 τὸ
1721 966 1784 1019 μὲν
1804 968 1944 1022 πρῶτόν
1973 969 2066 1008 ἐστὶν
2086 973 2105 1010 ὁ
2124 971 2210 1024 πρὸ
2230 971 2361 1024 ἔργου
2376 973 2499 1028 λόγος,

1431 1028 1448 1065 ὃ
1472 1024 1534 1071 τὰς
1555 1025 1669 1080 ἀρχὰς
1687 1030 1757 1067 τῶν
1778 1027 1937 1080 πράξεων
1958 1030 2219 1081 ὑποτιθέμενος.
2241 1031 2298 1072 Τὸ
2316 1032 2351 1073 δὲ
2374 1033 2496 1087 μέσον,

1431 1087 1449 1124 ὁ
1473 1084 1535 1125 σὺν
1566 1089 1618 1139 τῷ
1644 1085 1760 1142 ἔργῳ
1784 1086 1906 1140 λόγος,
1926 1090 1944 1127 ὁ
1970 1089 2218 1142 προσῧιὸἄζων
2249 1089 2398 1132 ἕκαστον
2429 1095 2498 1134 τῶν

1431 1145 1685 1198 πραττομένων
1704 1151 1781 1191 ταῖς
1803 1146 2014 1198 ἡγουμέναις
2033 1150 2179 1202 ἀρχαῖς.
2199 1149 2253 1190 Τὸ
2273 1149 2309 1190 δὲ
2327 1151 2460 1205 τρίτον,
2483 1155 2501 1192 ὃ

1431 1203 1489 1243 ἐπὶ
1509 1207 1559 1257 τῷ
1581 1204 1690 1258 ἔργῳ
1722 1205 1823 1256 λόγος
1857 1207 2147 1259 ἀναλογιζόμενος
2165 1207 2210 1248 τὰ
2238 1211 2471 1264 πεπραγμένα
2487 1240 2498 1260 ,

1431 1263 1491 1303 καὶ
1520 1263 1647 1317 κρίνων
1669 1266 1699 1304 εἰ
1728 1266 1874 1311 δεόντως
1901 1266 2120 1320 πέπρακται.
2152 1267 2220 1309 Διὰ
2239 1270 2383 1310 πάντων
2403 1271 2440 1311 δὲ
2459 1271 2500 1311 τὸ

1431 1325 1493 1370 τῆς
1525 1323 1707 1369 εὖὸουλίας
1744 1325 1852 1365 καλὸν
1884 1326 2044 1375 ἐπανθεῖ,
2073 1333 2131 1368 νῦν
2163 1327 2227 1380 μὲν
2258 1329 2410 1379 κυούσης
2437 1329 2502 1376 τὰς

1433 1385 1579 1439 ἀρετάς,
1598 1390 1658 1426 νῦν
1677 1386 1712 1426 δὲ
1730 1387 1964 1442 ἔκτρεφούσης
1977 1423 1985 1436 ,
2003 1389 2063 1429 καὶ
2079 1391 2296 1444 φρουρούσης
2313 1394 2353 1432 ἐκ
2368 1393 2498 1447 τρίτου.

1431 1444 1495 1490 Ὡς
1517 1445 1632 1498 ἀρχήν
1666 1462 1704 1485 τε
1737 1447 1799 1486 καὶ
1831 1447 1925 1499 μέσα
1945 1448 2004 1488 καὶ
2023 1450 2190 1498 τελευτὴν
2212 1453 2282 1490 τῶν
2302 1453 2445 1505 ἀγαθῶν
2465 1454 2500 1492 ἐν

1431 1506 1543 1560 ταύτῃ
1562 1509 1647 1557 ἡμῖν
1667 1510 1804 1546 κεῖσθαι
1817 1537 1828 1556 ,
1846 1506 1910 1555 τήν
1929 1523 1966 1546 τε
1988 1508 2200 1562 ἀπαλλαγὴν
2221 1512 2290 1549 τῶν
2307 1515 2429 1551 κακῶν
2443 1512 2501 1552 διὰ

1432 1566 1565 1614 ταύτης
1582 1566 1691 1618 μόνης
1710 1569 1797 1617 ἡμῖν
1817 1567 2094 1620 παραγίνεσθαι,
2114 1569 2175 1608 καὶ
2195 1569 2259 1617 τὴν
2276 1572 2346 1610 τῶν
2366 1574 2500 1625 ἀρετῶν

1433 1626 1629 1666 τελείωσιν.
1662 1628 1818 1678 Λογικῆς
1844 1625 1912 1679 γὰρ
1933 1628 1999 1674 τῆς
2018 1625 2153 1681 φύσεως
2171 1631 2273 1680 ἡμῶν
2289 1628 2397 1679 οὔσης
2409 1660 2422 1683 ,
2442 1631 2504 1671 καὶ

1435 1685 1492 1724 διὰ
1510 1689 1613 1724 τοῦτο
1636 1687 1880 1736 βουλευτικῆς,
1897 1687 2009 1739 οἰκείᾳ
2027 1686 2063 1726 δὲ
2081 1688 2284 1742 προαιρέσει
2301 1689 2388 1743 πρὸς
2406 1690 2448 1731 τὸ
2464 1685 2503 1732 εὖ

371 1749 404 1788 }l
426 1747 591 1788 εὖὸουλία
608 1747 668 1787 καὶ
687 1753 792 1802 γεννᾷ
807 1747 871 1793 τὰς
888 1745 1033 1800 ἀρετὰς,
1053 1745 1114 1785 καὶ
1139 1747 1265 1784 τελειοῖ
1277 1775 1287 1794 ,
1312 1747 1372 1784 καὶ
1433 1743 1455 1791 ἢ
1476 1745 1594 1789 κακῶς
1610 1743 1838 1797 βουλεύεσθαι
1858 1745 2131 1799 προσαγομένης
2143 1778 2154 1796 ,
2172 1751 2194 1796 ἡ
2209 1748 2274 1801 μὲν
2287 1749 2382 1790 κατὰ
2398 1752 2502 1805 φύσιν

303 1809 461 1861 συνέχει,
484 1807 604 1861 μήτηρ
622 1807 777 1860 ἅμα-καὶ
793 1806 917 1854 τιθήνη
934 1806 994 1844 καὶ
1012 1804 1124 1858 φύλαξ
1143 1806 1258 1844 αὐτῶν
1275 1819 1372 1854 γενο-
1405 1830 1409 1854 1
1434 1802 1505 1851 ζωὴ
1526 1803 1629 1850 σώζει
1644 1803 1708 1852 τὴν
1729 1804 1850 1843 οὐσίαν
1867 1807 1996 1854 αὐτῆς,
2009 1809 2031 1854 ἡ
2050 1806 2087 1846 δὲ
2105 1808 2204 1861 παρὰ
2219 1808 2260 1849 τὸ
2276 1810 2352 1849 δέον
2371 1809 2504 1865 αἵρεσις

301 1954 454 1988 sumus;
473 1949 511 1979 at
528 1942 635 1991 quod
650 1941 866 1978 immortale
882 1941 1068 1976 habemus
1087 1938 1270 1991 (animum
1285 1938 1371 1977 dico
1395 1939 1403 1954 ²

303 2009 344 2039 et
362 2002 457 2052 nos),
468 2003 609 2039 virtute
622 2014 821 2051 possumus
837 2013 988 2050 ornare,
1003 2000 1032 2036 si
1049 2000 1234 2035 intentata
1247 2006 1373 2035 morte

305 2074 385 2098 non
401 2062 634 2112 frangamur.
655 2062 779 2109 Quam
798 2062 829 2098 si
842 2060 946 2108 justa
967 2059 1015 2096 de
1035 2071 1150 2096 causa
1162 2059 1370 2108 patiamur,

305 2129 452 2157 naturae
471 2121 732 2158 necessitatem
753 2114 860 2156 r‘ecto
895 2119 1065 2155 instituto
1094 2117 1372 2155 exornabimus

306 2179 394 2217 Hoec
416 2180 549 2229 utique
567 2187 656 2217 sunt
674 2192 808 2229 magna
829 2180 916 2226 illa,
934 2191 1102 2227 quorum
1119 2177 1265 2227 aliquid
1279 2178 1373 2215 alius

305 2241 370 2278 alii
390 2239 617 2289 patiendum
635 2246 702 2275 aut
721 2239 905 2276 luendum
931 2238 1053 2287 possit
1071 2238 1260 2275 intentare
1279 2251 1288 2274 :
1311 2239 1374 2275 illa

305 2312 420 2347 vero,
442 2312 526 2349 quae
545 2305 632 2335 sunt
647 2299 748 2335 intra
768 2298 935 2334 animum
949 2325 960 2344 ,
984 2299 1175 2335 servitutis
1190 2299 1375 2335 immunia

1434 1938 1580 1976 dinem.
1603 1939 1731 1986 Quum
1757 1946 1884 1975 autem
1906 1940 2060 1977 virtutis
2089 1953 2200 1978 causa
2231 1944 2359 1980 omnia
2386 1953 2504 1983 certa·

1434 1997 1537 2033 mina
1557 1996 1708 2034 fortiter
1730 1998 1898 2035 ineunda
1918 2010 1996 2036 esse
2015 2002 2242 2047 decreverit,
2263 2010 2379 2052 atque
2398 2004 2439 2041 in
2458 2005 2504 2042 iis

1435 2069 1519 2105 quae
1537 2057 1697 2105 pulchra
1717 2064 1806 2094 sunt
1825 2059 2096 2107 comparandis
2114 2072 2154 2097 se
2167 2059 2250 2108 jam
2276 2065 2501 2111 exercuerit,

1434 2117 1474 2152 in
1488 2117 1573 2166 ipso
1589 2118 1700 2154 etiam
1718 2130 1872 2154 casumn
1890 2119 2055 2155 tumultu
2071 2121 2299 2157 sententiam
2317 2121 2504 2172 integram

1437 2184 1662 2223 conservat,
1684 2189 1756 2214 nec
1784 2178 1828 2214 iis
1848 2191 1932 2227 quae
1951 2178 2046 2215 foris
2075 2180 2308 2217 conturbant
2334 2181 2388 2218 ita
2414 2193 2504 2231 per·
2544 2211 2549 2215 .
2590 2181 2612 2221 s

1436 2237 1603 2286 cellitur‚
1635 2244 1680 2273 ut
1699 2244 1845 2274 mutata
1875 2239 2063 2275 sententia
2093 2239 2209 2275 aliam
2238 2239 2390 2278 felicem
2425 2253 2505 2280 esse

1434 2296 1551 2332 vitam
1571 2296 1758 2333 existimet
1776 2304 1916 2346 praeter
1932 2309 2015 2334 eam
2034 2310 2150 2346 quam
2168 2311 2298 2336 secum
2319 2301 2504 2350 optimam

305 2368 394 2397 sunt
413 2367 451 2397 et
469 2360 592 2396 libera
606 2386 616 2405 ,
637 2358 757 2395 modo
777 2371 847 2395 nos
866 2359 1122 2407 voluerimus,
1146 2356 1219 2394 nisi
1239 2358 1375 2394 immo·
1429 2354 1633 2402 judicavit.
1658 2355 1772 2392 Unde
1793 2356 1931 2405 triplex
1961 2355 2004 2393 fit
2036 2358 2134 2394 recti
2163 2359 2312 2395 consilii
2337 2372 2477 2399 munus
2490 2387 2502 2408 ,

308 2420 393 2457 dica
414 2431 506 2469 erga
528 2431 670 2468 corpus
689 2425 756 2455 aut
773 2430 832 2455 res
850 2425 1021 2455 externas
1038 2418 1241 2455 affectione
1264 2430 1372 2454 com—

307 2480 404 2516 moti
422 2481 526 2516 ultro
546 2478 766 2516 libertatem
785 2486 955 2517 nostram
977 2479 1017 2515 in
1037 2479 1258 2516 servitutem
1281 2490 1374 2514 con-

308 2540 534 2576 verterimus
547 2547 662 2588 atque
677 2539 794 2575 animi
808 2539 956 2576 bonum
972 2526 1080 2576 br‘evi
1094 2540 1171 2575 vita
1185 2545 1223 2574 et
1236 2537 1376 2574 divitiis

309 2599 606 2636 vendiderimus.
630 2601 719 2636 Haec
739 2611 811 2636 nos
831 2598 946 2636 docet
971 2600 1048 2636 hoc
1070 2606 1307 2649 praeceptum
1336 2598 1375 2633 in

310 2658 418 2694 omni
445 2670 488 2696 re
515 2659 738 2704 observare,
775 2658 916 2707 quibus
948 2660 1100 2696 virtutis
1130 2656 1312 2695 stabilitas
1339 2664 1378 2693 et

311 2719 524 2754 constantia
545 2717 807 2755 confirmatur.
830 2716 906 2755 Sed
925 2718 974 2756 ad
994 2720 1210 2768 sequentia,
1228 2720 1311 2767 quae
1328 2717 1377 2754 ad

311 2777 413 2813 idem
432 2777 569 2827 dogma
585 2777 814 2824 referuntur,
830 2785 1073 2817 transeamus,

705 2883 808 2919 XIV.
840 2895 979 2932 27-29.

401 2973 580 3008 Consilium
609 2981 686 3006 vero
705 2982 783 3015 cape
809 2976 884 3008 ante
910 2985 976 3007 rem
999 2975 1190 3017 gerendam,
1209 2985 1250 3008 ne
1278 2974 1379 3008 stulta

1278 3025 1376 3057 fiant·

401 3069 542 3102 hominis
561 3068 646 3102 enim
664 3067 774 3102 miseri
793 3071 843 3102 est
866 3070 969 3104 facere
988 3073 1020 3104 et
1039 3071 1166 3114 dicere,
1187 3024 1379 3115 quae[stun{

400 3165 442 3196 At
459 3166 493 3196 tu
507 3173 545 3197 ea
562 3173 698 3207 perage,
713 3174 787 3207 qum
807 3166 865 3198 tibi
887 3168 998 3208 postea
1016 3176 1079 3199 non
1097 3167 1160 3201 sint
1180 3120 1378 3202 molesftsdlnt·

373 3243 579 3280 Prudentia
595 3256 678 3293 quae
690 3245 729 3281 in
747 3246 913 3282 consiliis
922 3247 993 3283 rite
1005 3245 1198 3296 capiendis
1207 3255 1382 3285 versatur

317 3304 478 3341 virtutes
496 3311 534 3341 et
554 3305 657 3354 parit
681 3312 720 3342 et
739 3304 891 3355 perficit
911 3314 948 3343 et
967 3315 1188 3354 conservat,
1209 3308 1298 3357 quia
1320 3320 1382 3346 ea·

318 3376 407 3401 rum
432 3375 572 3414 parens
589 3364 702 3400 simul
731 3372 770 3402 et
793 3367 922 3403 nutrix
951 3374 988 3403 et
1014 3375 1140 3405 custos
1169 3376 1238 3408 est.
1260 3369 1382 3407 Nobis

321 3424 422 3460 enim
454 3424 661 3472 tranquillo
691 3425 819 3462 animo
855 3425 1172 3474 deliberantibus,
1193 3441 1278 3477 quae
1295 3431 1381 3466 vitae

320 3484 419 3519 ratio
444 3483 491 3520 sit
519 3483 706 3532 ineunda,
728 3485 807 3522 haec
832 3485 1018 3522 virtutum
1039 3487 1144 3537 eligit
1162 3488 1381 3537 pulchritu-

1434 2416 1603 2464 primum
1618 2443 1629 2461 ,
1645 2417 1800 2465 optimae
1815 2416 1970 2453 vivendi
1988 2418 2148 2454 rationis
2164 2418 2352 2467 delectus3
2369 2432 2506 2459 secutr-

1437 2475 1551 2524 dum,
1577 2476 1801 2512 exercitatio
1823 2475 1904 2524 ejus
1934 2489 2051 2525 quam
2072 2477 2304 2527 delegimus;
2323 2471 2503 2528 tertium',

1436 2543 1614 2572 constans
1641 2548 1777 2572 eorum
1809 2535 2046 2583 observatio,
2069 2550 2154 2586 quae
2181 2545 2287 2575 recta
2318 2541 2507 2578 exercita-

1438 2596 1541 2632 tione
1569 2595 1886 2645 comparavimus,
1911 2596 2059 2633 Horum
2091 2604 2220 2634 autem
2249 2598 2419 2647 primum
2451 2606 2508 2636 est

1437 2655 1539 2691 ratio
1555 2655 1619 2692 illa
1638 2667 1723 2704 quae
1741 2667 1839 2704 opus
1854 2656 2038 2705 praecedit
2050 2663 2088 2694 et
2104 2658 2299 2694 actionum
2313 2659 2507 2710 principia

1437 2716 1562 2763 ponit.
1591 2715 1762 2769 Medium
1782 2727 1872 2752 vero
1894 2722 1950 2752 est
1975 2716 2074 2753 ratio
2104 2713 2214 2766 opus¹
2233 2718 2358 2768 ipsum
2381 2719 2506 2756 comi—

1438 2780 1542 2819 tans,
1578 2787 1662 2823 quae
1705 2773 1873 2823 singulas
1918 2776 2088 2812 actiones
2133 2776 2184 2812 ad
2225 2778 2506 2828 principiorum

1438 2833 1596 2870 ductum
1617 2834 1828 2883 componit.
1847 2835 2018 2871 Tertium
2042 2843 2166 2872 autem
2179 2864 2190 2885 ‚
2217 2837 2317 2873 ratio
2337 2837 2402 2874 illa
2422 2849 2507 2888 quae

1437 2900 1525 2943 post
1546 2906 1643 2943 opus
1662 2905 1722 2929 res
1741 2893 1858 2930 factas
1878 2895 2068 2931 examinat
2080 2902 2119 2931 et
2131 2894 2281 2943 judicat
2292 2908 2385 2933 num
2399 2903 2506 2934 recte

1438 2952 1547 2990 factae
1571 2953 1657 2990 sint.
1678 2953 1725 2989 In
1757 2952 1937 2990 omnibus
1953 2966 2046 2990 vero
2077 2955 2202 2991 elucet
2229 2956 2379 2992 consilii
2402 2964 2508 2994 recte

1439 3013 1542 3061 capti
1563 3011 1727 3058 bonitas,
1749 3012 1841 3061 quia
1859 3012 2019 3049 virtutes
2036 3014 2205 3062 primum
2221 3015 2346 3063 parit,
2368 3014 2508 3053 deinde

1438 3072 1578 3118 nutrit,
1600 3079 1681 3108 tum
1710 3071 1892 3110 custodit.
1914 3072 2001 3120 Quo
2021 3071 2065 3109 fit
2093 3080 2135 3109 ut
2156 3074 2195 3109 in
2216 3085 2262 3110 ea
2283 3086 2325 3111 re
2345 3081 2384 3112 et
2401 3075 2508 3125 prin·

1440 3133 1586 3182 cipium
1607 3139 1646 3169 et
1663 3131 1832 3168 medium
1852 3139 1887 3169 et
1908 3130 1994 3168 finis
2021 3132 2215 3169 bonorum
2235 3133 2349 3171 nobis
2380 3136 2506 3185 posita

1439 3193 1514 3229 sint
1529 3199 1644 3241 atque
1659 3204 1707 3228 ex
1718 3192 1789 3228 hac
1808 3192 1889 3228 sola
1906 3199 1986 3228 tum
2004 3192 2196 3229 malorum
2209 3193 2407 3242 liberatio,
2424 3201 2507 3232 tum

1440 3252 1629 3289 virtutum
1649 3250 1840 3301 perfectio
1870 3251 1984 3288 nobis
2015 3253 2227 3302 contingat.
2252 3254 2381 3301 Quum
2404 3255 2506 3291 enim

1441 3319 1577 3349 natura
1610 3318 1741 3348 nostra
1770 3311 1919 3348 ratione
1948 3312 2110 3361 praedita
2142 3322 2259 3362 atque
2287 3313 2433 3350 idcirco
2457 3313 2506 3350 ad

1442 3371 1735 3408 deliberandum
1754 3378 1844 3420 apta
1870 3371 1939 3418 sit,
1960 3384 2026 3409 sua
2044 3385 2137 3409 vero
2156 3373 2354 3410 voluntate
2372 3373 2423 3411 ad
2442 3384 2506 3410 ca·

1441 3430 1580 3480 pienda
1597 3432 1658 3468 vel
1677 3438 1781 3468 recta
1800 3431 1862 3467 vel
1879 3443 1997 3480 prava
2013 3433 2169 3469 consilia
2183 3432 2412 3481 adducatur,
2427 3434 2507 3470 vita

1443 3497 1590 3528 naturae
1605 3491 1754 3542 legibus
1772 3492 2044 3529 convenienter
2060 3499 2143 3529 acta
2157 3492 2407 3530 substantiam
2423 3492 2505 3541 ejus
