2612 3814
348 255 399 288 ⁵0
1218 235 1633 279 COMMENTARIUS

343 349 364 372 2
395 335 590 372 lucernam
617 334 813 383 λαμπτῆρα
846 330 1045 376 nominat,
1077 327 1144 367 sed
1178 326 1275 366 ibid.
1311 327 1333 376 S
1366 340 1390 376 9
1419 356 1422 360 ,

341 393 500 431 eandem
522 406 602 431 rem
622 390 749 443 λύχνον
770 402 854 429 esse
873 389 970 429 vult.
992 387 1188 434 Quocirca
1209 399 1286 424 non
1314 398 1390 422 ma-

342 452 400 502 gis
421 460 523 490 recte
551 451 677 502 λύχνον
698 447 820 487 ἅπτειν
837 461 953 499 quam
974 448 1168 497 λαμπτῆρα
1191 445 1313 483 ἅπτειν
1330 444 1389 480 vel

341 510 508 550 ἀνάπτειν
539 524 560 548 a
594 509 742 547 Graecis
776 506 958 558 usurpari
984 506 1179 543 convenit.
1214 503 1390 541 lnsolens

340 583 433 609 vero
460 579 518 608 est
546 568 651 620 quod
684 567 873 617 Bergkius
895 564 1140 603 commendat
1164 561 1258 616 ἅψας
1283 561 1391 614 πυρὸς

339 629 443 673 σέλας
470 627 666 678 αἰθομένοιο
693 640 701 664 :
729 639 807 663 non
840 624 942 662 enim
974 622 1174 674 splendor,
1193 621 1260 660 sed
1287 621 1389 670 ignis

341 687 576 726 accenditur.
596 685 639 723 ld
655 693 779 723 autem
796 684 919 733 liquet
936 682 1135 720 cardinem
1151 681 1209 719 rei
1228 680 1327 718 verti
1348 680 1387 717 in

339 749 599 800 explicatione
634 745 815 784 vocabuli
854 743 1029 794 ἀμοργούς
1060 741 1164 793 quod
1200 741 1388 790 Bergkius

341 808 489 858 pariter
508 820 551 845 ac
568 805 827 843 Schneiderus
848 802 895 840 ad
916 802 1116 840 materiam
1132 831 1141 849 ,
1158 800 1263 838 unde
1293 812 1386 837 con·

340 865 435 903 secta
449 866 594 903 laterna
608 864 670 910 sit,
686 862 816 900 refert.
830 859 970 898 Verum
988 859 1061 897 hoc
1075 859 1159 897 fieri
1178 872 1257 896 non
1271 870 1387 908 posse

336 924 416 975 jam
434 937 550 974 supra
566 922 711 960 monui.
728 920 801 958 Sed
823 932 950 970 operae
965 918 1135 970 pretium
1153 926 1210 956 est
1233 916 1384 964 videre,

340 984 474 1034 quales
496 982 641 1020 suerint
663 988 835 1017 veterum
858 978 1016 1016 laternae
1031 1006 1040 1024 ,
1060 990 1138 1027 quo
1166 976 1319 1014 facilius
1339 975 1386 1014 de

338 1042 551 1091 Bergkiana
568 1037 889 1090 interpretatione
905 1036 1020 1074 liceat
1036 1035 1228 1087 judicare.
1251 1036 1384 1086 Appa-

336 1109 395 1139 ret
419 1100 483 1138 hic
502 1112 584 1137 eam
606 1096 803 1146 designari
824 1095 1011 1133 laternam
1024 1123 1034 1142 ,
1057 1108 1143 1145 quae
1158 1102 1304 1132 tantum
1321 1093 1383 1131 lu—

336 1159 453 1197 minis
473 1158 640 1203 emittat,
665 1161 707 1193 ut
729 1155 796 1193 via
821 1167 868 1193 eo
897 1154 1165 1192 collustretur.
1196 1154 1382 1204 Apertum

334 1231 428 1257 vero
443 1225 500 1256 est
516 1215 743 1267 hujusmodi
757 1215 946 1252 laternam
961 1226 982 1252 e
998 1226 1121 1251 cornu
1134 1212 1381 1264 potissimum

336 1278 470 1316 saetam
490 1275 687 1314 veteribus
702 1273 853 1313 saeculis
869 1274 912 1312 in
925 1273 1054 1325 pretio
1070 1272 1199 1311 fuisse.
1214 1272 1384 1310 Auctore

333 1337 480 1375 utimur
499 1335 630 1374 Plinio
649 1334 717 1385 qui
742 1333 826 1371 Nat.
847 1333 939 1372 hist.
963 1332 1034 1370 lib.
1069 1331 1124 1370 XI
1152 1345 1236 1383 cap.
1252 1332 1300 1376 45
1335 1331 1383 1369 de

333 1396 444 1434 vario
465 1408 655 1434 cornuum
676 1406 748 1431 usu
772 1393 853 1430 haec
872 1391 1005 1443 prodit
1030 1405 1038 1428 :
1071 1408 1086 1425 «
1112 1390 1229 1442 Apud
1248 1403 1320 1429 nos
1340 1391 1382 1428 in

332 1455 496 1493 laminas
529 1462 631 1492 secta
659 1452 921 1497 translucent,
956 1459 1072 1500 atque
1100 1451 1214 1488 etiam
1248 1450 1382 1488 lumen

331 1514 524 1552 inclusum
554 1512 669 1550 latius
690 1510 858 1549 fundunt
877 1511 1096 1560 multasque
1125 1509 1221 1548 alias
1241 1508 1289 1547 ad
1309 1509 1381 1547 de-

331 1573 441 1611 licias
458 1572 723 1610 conferuntur.
750 1586 766 1604 »
788 1569 1013 1610 Graecorum
1035 1568 1157 1618 igitur
1172 1568 1331 1607 laternae
1349 1569 1375 1607 i.

330 1645 363 1671 e.
378 1633 606 1683 λαμπτῆρες,
622 1629 725 1681 apud
745 1629 894 1668 Atticos
914 1629 1029 1667 etiam
1049 1629 1260 1681 λυχνοῦχοι,
1275 1629 1380 1680 apud

328 1691 564 1741 posteriores
614 1687 731 1741 φανοί,
765 1701 916 1726 corneae
949 1700 1032 1726 esse
1082 1686 1272 1727 solebant.
1318 1687 1381 1726 Sic

328 1748 505 1788 Granum.
527 1749 570 1787 in
588 1748 707 1786 Bekk.
730 1751 805 1787 An.
827 1748 1039 1799 λυχνοῦχος·
1055 1746 1176 1790 σκεῦός
1196 1762 1229 1784 τι
1250 1748 1285 1785 ἐν
1316 1745 1378 1785 κύ-

330 1808 405 1861 κλῳ
425 1807 507 1860 ἔχον
525 1807 656 1861 κέρατα
673 1835 683 1855 ,
706 1805 803 1845 ἔνδον
824 1805 860 1845 δὲ
886 1805 1014 1858 λύχνον
1045 1804 1201 1857 ἡμμένον
1229 1803 1286 1843 διὰ
1307 1806 1378 1843 τῶν

327 1866 484 1919 κεράτων
503 1865 544 1905 τὸ
557 1868 628 1919 φῶς
642 1865 1019 1916 πέμποντα.Ρὴοῐὶιι5
1037 1878 1077 1917 p.
1094 1865 1170 1902 238
1188 1878 1198 1905 z
1219 1867 1378 1917 Λυχνοῦ-

330 1940 412 1978 χον,
444 1925 503 1963 τὸν
526 1924 707 1977 κεράτινον
729 1923 835 1977 φανόν
850 1954 860 1974 ,
894 1921 1042 1962 ἀπὸτοῦ
1068 1922 1196 1975 λύχνον
1225 1925 1259 1962 ἐν
1281 1925 1377 1977 αὐτῷ

328 1984 575 2037 περιέχεσθαι·
596 1983 700 2034 φανὸς
724 1982 761 2022 δὲ
779 1986 802 2030 ἡ
836 1985 874 2022 ἐκ
901 1981 1011 2028 ξύλων
1040 1982 1205 2034 λαμπάς·
1236 1983 1379 2022 Φιλιπ-

325 2043 440 2091 πίδης.
459 2043 567 2082 Adde
579 2042 790 2093 Phrynich.
807 2055 897 2094 pag.
917 2041 966 2093 59
978 2041 1040 2081 ed.
1059 2040 1215 2080 Lobeck
1229 2056 1237 2079 z
1252 2041 1376 2095 φανός,

329 2101 386 2140 ἐπὶ
405 2105 466 2149 τ’ἦς
487 2102 673 2153 λαμπάδος
686 2131 697 2149 ,
726 2100 819 2140 ἀλλὰ
847 2100 895 2153 μὴ
921 2100 979 2140 ἐπὶ
999 2104 1059 2139 τοῦ
1076 2101 1256 2153 κερατίνου
1276 2100 1377 2153 λέγε,

327 2164 430 2200 τοῦτο
450 2160 485 2198 δὲ
504 2162 715 2213 λυχνοῦχον.
741 2160 822 2198 Hoc
854 2160 972 2198 modo
1005 2160 1250 2212 Philippides
1273 2161 1376 2212 apud

325 2220 550 2259 Athenaeum
566 2220 638 2259 lib.
659 2219 726 2259 XV
746 2234 786 2272 p.
817 2221 897 2271 699
912 2220 939 2258 F
956 2234 965 2258 :

431 2326 502 2379 ἐγὼ
521 2326 556 2365 δὲ
574 2326 668 2380 δεξιᾷ
684 2342 723 2379 γε
739 2326 831 2365 τόνδ’
855 2325 928 2379 ἔχω
947 2326 1044 2374 τινά,

434 2386 700 2439 σιδηρότευκτον
718 2385 863 2424 ἐναλίων
878 2387 992 2438 θηρῶν
1008 2385 1132 2438 βέλος,

431 2444 612 2497 κερατίνου
632 2459 669 2482 τε
688 2442 871 2498 φωσφόρου
889 2444 1016 2497 λύχνου
1034 2445 1155 2488 σέλας·

326 2558 363 2587 et
382 2548 661 2601 Aristophanes
684 2549 784 2589 ibid.
801 2549 843 2587 in
866 2549 1109 2588 AEolosicone
1132 2563 1140 2586 :

431 2652 492 2691 καὶ
514 2651 745 2690 διαστίλὸονθ’
764 2653 919 2704 ὁρῶμεν,

431 2709 549 2763 ὥσπερ
569 2712 604 2749 ἐν
628 2713 737 2764 καινῷ
763 2711 968 2765 λυχνούχῳ,

433 2770 551 2809 πάντα
571 2772 633 2817 τῆς
656 2769 834 2820 ἐξωμίδος.

327 2872 576 2910 Pherecrates
595 2871 638 2909 in
659 2870 958 2909 Dulodidascalo
979 2870 1078 2911 ibid.

376 2967 521 3009 Ἄνυσόν
544 2969 622 3007 ποτ’
644 2967 806 3013 ἐξελθών·
826 2967 947 3012 σκότος
963 2967 1030 3020 γὰρ
1047 2967 1220 3019 γίγνεται,

377 3029 437 3068 καὶ
453 3027 509 3067 τὸν
526 3030 716 3080 λυχνοῦχον
734 3026 863 3081 ἔκφερ’,
888 3028 993 3071 ἐνθεὶς
1012 3027 1069 3065 τὸν
1097 3028 1236 3080 λύχνον.

329 3129 434 3167 ldem
452 3128 499 3166 de
520 3127 706 3166 Romanis
725 3127 946 3168 dicendum.
967 3127 1158 3167 Martialis
1173 3127 1246 3166 lib.
1267 3127 1370 3176 XIV,

326 3190 348 3226 6
359 3203 372 3225 1

406 3280 479 3312 Dux
496 3278 618 3311 laterna
638 3278 698 3310 viae
716 3278 835 3310 clausis
851 3279 934 3310 feror
946 3287 1042 3310 aurea
1061 3277 1218 3318 nammis,

447 3327 479 3358 et
496 3327 565 3357 tuta
583 3326 633 3356 est
649 3324 768 3364 gremio
787 3334 885 3366 parva
902 3325 1033 3357 lucerna
1053 3334 1141 3360 meo,

326 3412 395 3450 ubi
414 3424 529 3450 aurea
544 3419 708 3449 vocatur
722 3411 869 3449 laterna
886 3426 1027 3450 cornea
1039 3421 1246 3464 propterea
1265 3413 1369 3463 quod
1396 3431 1401 3450 ι

326 3470 518 3522 pellucida
537 3479 606 3509 est.
628 3469 759 3520 Neque
779 3470 942 3509 dubium
960 3472 1056 3523 quin
1077 3471 1247 3521 Scaliger
1267 3472 1369 3522 apud

1451 325 1631 362 Plautum
1653 323 1743 361 Aul.
1769 322 1844 372 lll,
1863 324 1903 370 6,
1923 322 1971 360 30
1991 322 2180 360 laternam
2202 315 2391 361 Punicam
2409 332 2515 365 recte

1453 384 1501 421 ‹le
1524 382 1659 421 eodem
1691 381 1739 420 de
1768 394 1848 432 quo
1881 380 2083 432 loquimur
2103 381 2339 419 laternarum
2372 394 2518 432 genere

1452 442 1655 493 acceperit.
1685 441 1815 479 Poetae
1842 439 1964 479 verba
1995 449 2086 479 sunt
2109 454 2118 478 z
2146 457 2163 475 α
2187 441 2240 479 ita
2275 442 2310 479 is
2341 441 2513 493 pellucet

1451 501 1563 552 quasi
1586 501 1735 539 laterna
1761 500 1925 540 Punica.
1967 518 1983 535 u
2019 500 2105 539 Iluc
2138 509 2313 552 spectant
2335 499 2515 552 ejusdem

1453 561 1598 599 facetiae
1615 559 1759 612 Amph.
1779 558 1813 609 I,
1839 559 1875 608 i,
1900 560 2004 599 185:

1534 667 1608 703 Quo
1636 664 1784 698 ambulas
1801 666 1837 698 tu
1861 665 1918 707 qui
1938 665 2122 698 Vulcanum
2141 665 2173 698 in
2198 675 2299 698 cornu
2319 664 2516 755 conflusqni*

2404 721 2487 755 gens

1448 805 1711 856 intelligendae
1726 805 1774 844 de
1794 805 1949 843 flamma
1961 804 2132 843 lucernae
2150 805 2191 843 in
2207 817 2350 843 cornea
2359 805 2513 845 laterna

1447 864 1619 904 inclusae.
1639 865 1836 903 Proximae
1857 864 2012 902 corneis
2038 862 2286 915 ponebantur
2305 863 2466 902 laternae
2485 876 2509 903 e

1446 924 1592 962 vesicis
1610 924 1731 972 factae,
1757 937 1844 975 quae
1860 932 1897 962 et
1916 923 2012 975 ipsae
2033 930 2181 960 tantum
2197 922 2361 961 luminis
2381 930 2510 963 trans-

1447 983 1674 1031 mittebant,
1707 992 1750 1022 ut
1779 996 2060 1034 nonnunquam
2087 982 2157 1020 vix
2191 994 2214 1019 a
2250 983 2407 1022 corneis
2434 983 2500 1022 di-

1446 1042 1594 1092 stingui
1611 1052 1783 1094 possent.
1804 1043 1849 1081 ld
1863 1042 2051 1082 Martialis
2067 1041 2140 1080 lib.
2159 1040 2262 1090 XIV,
2283 1043 2333 1080 62
2352 1042 2422 1081 tali
2439 1055 2511 1081 ex·

1445 1102 1584 1152 primit
1602 1103 1905 1154 epigrammate:

1530 1210 1656 1242 Cornea
1674 1209 1702 1241 si
1722 1218 1787 1241 non
1806 1217 1879 1241 sum
1893 1233 1902 1249 ,
1931 1207 2089 1248 numquid
2115 1216 2189 1240 sum
2208 1207 2330 1240 fuscior
2344 1210 2359 1241 ἓ
2379 1210 2434 1242 aut
2456 1217 2513 1242 me

1569 1256 1712 1289 vesicam
1736 1260 1847 1288 contra
1867 1254 1923 1296 qui
1941 1255 2031 1288 venit
2047 1264 2118 1287 esse
2138 1255 2256 1296 putat?

1446 1359 1592 1397 Harum
1620 1358 1768 1396 mentio
1792 1358 1835 1396 fit
1856 1357 1962 1409 apud
1983 1357 2234 1396 Aristotelem
2260 1356 2358 1395 Hist.
2381 1357 2506 1396 anim.

1444 1417 1513 1457 lib.
1531 1418 1597 1466 lV,
1612 1430 1697 1470 cap.
1713 1417 1735 1455 5
1759 1431 1766 1454 :
1786 1415 1879 1454 κατὰ
1897 1415 1961 1467 μὲν
1978 1410 2037 1456 οῧν
2054 1416 2118 1465 τὴν
2133 1415 2247 1469 ἀρχὴν
2264 1414 2326 1455 καὶ
2339 1415 2509 1463 τελευτὴν

1445 1476 1587 1530 συνεχὲς
1603 1476 1643 1515 τὸ
1661 1478 1766 1526 σῶμα
1787 1480 1848 1515 τοῦ
1869 1474 1985 1527 ἐχίνου
2004 1474 2080 1514 ἐστί
2094 1505 2104 1523 ,
2123 1475 2218 1514 κατὰ
2237 1474 2274 1514 δὲ
2297 1473 2359 1522 τὴν
2382 1475 2513 1529 ἐπιφοί·

1444 1553 1537 1575 νειαν
1558 1539 1596 1576 οὐ
1627 1535 1782 1589 συνεχές,
1804 1536 1883 1574 ἀλλ’
1912 1534 2031 1586 ὅμοιον
2047 1537 2236 1586 λαμπτῆρι
2258 1534 2307 1585 μὴ
2325 1534 2442 1587 ἔχοντι
2466 1534 2506 1573 τὸ

1442 1595 1562 1649 κύκλῳ
1578 1594 1705 1648 δέρμα,
1724 1596 1751 1634 i.
1767 1608 1801 1633 e.
1815 1595 1975 1633 laternae
1993 1595 2056 1633 cui
2073 1594 2302 1633 membrana
2318 1602 2509 1646 praetenta

1442 1670 1522 1694 non
1543 1656 1607 1695 sit.
1628 1655 1771 1693 Rarior
1784 1654 1944 1693 videtur
1957 1654 2173 1693 vitrearum
2189 1667 2284 1693 usus
2301 1654 2438 1703 fuisse,
2456 1653 2509 1692 de

1443 1714 1591 1765 quibus
1612 1714 1787 1754 Isidorus
1812 1713 1898 1761 XX,
1925 1727 1972 1752 10
1999 1713 2063 1752 his
2083 1713 2219 1752 verbis
2240 1714 2320 1763 agit
2357 1727 2367 1750 =
2393 1730 2410 1747 e:
2432 1714 2507 1752 La·

1442 1783 1552 1813 terna
1570 1774 1695 1822 dicta,
1714 1787 1802 1825 quae
1822 1774 1951 1812 lucem
1971 1773 2139 1812 interius
2159 1772 2276 1811 habet
2298 1772 2471 1811 clausam
2491 1787 2505 1811 z

1441 1835 1483 1872 fit
1503 1834 1607 1872 enim
1626 1846 1675 1872 ex
1694 1834 1800 1872 vitro
1813 1862 1823 1881 ‚
1844 1833 1950 1871 intus
1968 1832 2121 1870 recluso
2140 1832 2292 1870 lumine
2305 1860 2315 1879 ,
2332 1840 2376 1870 ut
2395 1831 2505 1870 venti

1441 1894 1555 1932 flatus
1571 1893 1682 1931 adire
1701 1906 1782 1931 non
1804 1893 1953 1944 possit,
1971 1900 2009 1930 et
2023 1891 2070 1930 ad
2089 1890 2344 1943 praebendum
2371 1891 2506 1930 lumen

1442 1953 1554 1992 facile
1565 1952 1713 2004 ubique
1728 1952 2043 1991 circumferatur.
2061 1968 2078 1986 υ
2095 1950 2146 1989 Ut
2157 1963 2311 1989 corneae
2326 1950 2506 1989 omnium

1440 2011 1735 2063 pretiosissimae
1751 2011 1909 2049 fuerunt
1923 2022 1932 2048 :
1948 2010 2003 2047 ita
2017 2010 2221 2048 vilissimae
2243 2009 2355 2047 lineae
2381 2008 2507 2048 fuisse

1440 2071 1714 2111 existimandae
1744 2079 1847 2109 sunt.
1876 2069 2033 2121 Quippe
2065 2069 2106 2107 in
2134 2069 2236 2106 hanc
2268 2067 2502 2106 sententiam

1439 2131 1577 2170 Cicero
1598 2131 1713 2182 epist.
1736 2130 1784 2167 ad
1804 2129 1920 2168 Attio.
1943 2128 2015 2167 lib.
2036 2127 2102 2174 IV,
2127 2128 2148 2165 3
2169 2139 2178 2166 ε
2199 2144 2215 2161 α
2236 2126 2364 2165 Clodii
2381 2126 2502 2165 vesti-

1438 2190 1575 2229 bulum
1611 2201 1777 2228 vacuum
1811 2200 1902 2225 sane
1930 2186 2029 2224 mihi
2063 2184 2319 2224 nuntiabatur
2348 2199 2357 2222 :
2383 2183 2502 2236 pauci

1438 2249 1622 2301 pannosi,
1644 2248 1750 2286 linea
1769 2247 1917 2284 laterna
1930 2275 1939 2293 ,
1958 2262 1975 2279 υ
1993 2244 2064 2283 ubi
2085 2244 2154 2282 alii
2172 2248 2252 2281 sine
2271 2246 2420 2280 laterna
2439 2242 2500 2280 le-

1438 2317 1548 2358 gunt.
1570 2307 1646 2346 Sed
1665 2313 1884 2344 contemtus
1904 2313 2065 2356 apparet
2080 2305 2197 2342 etiam
2218 2304 2260 2341 in
2276 2302 2341 2341 his
2367 2301 2500 2340 Plauti

1438 2367 1571 2406 verbis
1590 2365 1770 2404 Bacchid.
1789 2364 1863 2412 111,
1885 2364 1923 2412 3,
1942 2370 1990 2409 42
2013 2376 2023 2400 ε

1518 2484 1549 2516 It
1568 2482 1722 2523 magister
1735 2479 1829 2522 quasi
1839 2480 1973 2512 lucerna
1989 2481 2088 2510 uncto
2103 2478 2276 2519 exspretus
2295 2477 2409 2518 linteo,

1437 2587 1466 2624 i.
1489 2598 1522 2624 e.
1549 2583 1630 2623 abit
1648 2583 1834 2633 magister
1858 2589 2013 2632 spretus
2033 2588 2216 2629 tanquam
2239 2578 2402 2617 lucerna
2419 2579 2499 2618 cir·

1436 2644 1616 2682 cumdata
1633 2642 1770 2690 linteo,
1794 2640 1902 2692 quod
1921 2653 1999 2690 quo
2018 2637 2257 2690 pellucidius
2276 2646 2377 2676 esset
2404 2638 2495 2678 oleo

1440 2703 1602 2741 tinctum
1620 2709 1719 2741 erat.
1737 2699 1834 2738 Vide
1847 2698 1902 2736 ibi
1922 2696 2172 2736 Lambinum.
2190 2695 2224 2733 Τ
2227 2695 2356 2735 alibus
2371 2697 2495 2747 igitur

1436 2775 1627 2814 pauperes
1655 2758 1868 2811 aliquando
1893 2758 1956 2796 usi
1981 2756 2181 2802 videntur,
2207 2768 2294 2805 quae
2314 2757 2495 2806 quamvis

1435 2823 1529 2861 satis
1551 2820 1713 2859 luminis
1728 2817 1967 2870 praeberent,
1985 2816 2115 2854 minus
2133 2824 2261 2853 tamen
2277 2818 2403 2854 ventis
2428 2828 2493 2855 eas

1436 2881 1624 2920 restitisse
1644 2892 1760 2929 quam
1781 2890 1867 2928 quae
1893 2889 1914 2913 e
1948 2888 2073 2913 cornu
2094 2874 2156 2912 vel
2188 2875 2320 2911 vesica
2348 2871 2497 2912 fiebant

1434 2938 1642 2992 probabile
1658 2946 1728 2975 est.
1746 2936 1927 2987 Denique
1937 2948 1986 2972 ne
1998 2933 2125 2972 surdae
2141 2932 2299 2984 quidem
2315 2932 2493 2981 laternae,

1434 3000 1552 3038 hodie
1572 2996 1726 3036 furibus
1746 2995 1916 3047 propriae
1928 3008 1978 3032 >ac
1997 2993 2237 3045 peculiares,
2264 2991 2369 3043 apud
2386 3001 2491 3031 vete-

1435 3073 1497 3098 res
1518 3058 1738 3097 defuerunt.
1762 3054 1957 3093 Nimirum
1980 3054 2027 3091 de
2048 3053 2110 3091 his
2129 3051 2495 3103 intelligenda·quae

1433 3118 1551 3156 habet
1577 3115 1802 3163 Dueangius
1834 3114 1876 3151 in
1906 3113 2033 3150 Gloss.
2068 3111 2170 3150 med.
2205 3120 2243 3148 et
2270 3110 2340 3148 inf.
2372 3123 2489 3160 graec.

1433 3191 1520 3228 pag.
1543 3177 1618 3226 788
1647 3187 1696 3212 ex
1717 3173 1894 3210 Philonis
1916 3171 2149 3223 Belopoeicis
2171 3184 2278 3218 mss„
2299 3169 2370 3208 ubi
2395 3183 2492 3209 usus

1434 3238 1503 3274 τῶν
1527 3234 1674 3280 ξυλίνων
1693 3230 1915 3282 λαμπτήρων
1933 3231 1987 3268 ita
2009 3229 2248 3268 describitur
2277 3243 2286 3268 t
2315 3228 2493 3281 ἐκκοιτίας

1434 3311 1471 3333 τε
1490 3295 1551 3334 καὶ
1579 3292 1718 3346 ἐφοδίοις
1737 3289 1986 3344 προσηκούσας
2012 3288 2174 3336 ποιητέον
2205 3288 2265 3326 καὶ
2294 3285 2410 3326 δοτέον
2432 3280 2489 3331 αῖς

1436 3355 1532 3406 (leg.
1555 3347 1624 3407 οἷς)
1650 3351 1848 3405 χρήσονται
1877 3348 2021 3394 ξυλίνοις
2051 3350 2299 3401 λαμπτῆρσιν,
2316 3345 2376 3386 ἵνα
2395 3345 2488 3386 κατὰ

1433 3413 1511 3459 τοὺς
1528 3413 1638 3458 πόδας
1656 3410 1760 3464 μόνον
1778 3409 1972 3464 φαίνωνται
1986 3408 2046 3447 καὶ
2063 3408 2112 3460 μὴ
2133 3410 2346 3460 καταφανεῖς
2359 3408 2490 3444 ποιῶσι

1431 3473 1510 3517 τοὺς
1527 3472 1760 3527 ἀφοδεύοντας
1781 3475 1849 3514 τοῖς
1864 3467 2093 3512 ὑπεναντίοις.
2113 3468 2237 3516 Quum
2259 3476 2385 3506 autem
2408 3478 2490 3503 me·

2591 3702 2612 3814 tui-fitessw.
2594 2964 2612 3689 i's.⁴fflffllofflmffltr-»wssffiz..fflfflfflfflfflass-uss-k4me.
2603 2938 2612 2950 »ε
2603 2828 2612 2927 «ἐμὼ,
2603 2736 2612 2809 wan.
