2612 3814
14 525 45 589 J
97 545 149 573 us

1042 265 1384 304 FRAGMENTA.

175 354 290 394 Τοῦτό
312 369 390 404 μοι,
413 346 442 392 ὦ
462 352 629 407 Πύῤῥων,
645 351 823 405 ἱμείρεται
837 345 923 405 ἦτορ
943 353 1108 404 ἀκοῦσαι,

230 415 304 457 πῶς
320 412 397 452 ποτ’
415 411 503 464 ἀνὴρ
525 412 572 452 ἔτ’
591 412 687 463 ἄγεις
706 410 823 449 πάντα
842 412 920 461 μεθ’
938 410 1110 464 ἡσυχίης,

178 476 304 525 μοῦνος
328 474 359 512 δ’
385 473 605 525 ἀνθρώποισι
627 475 705 510 Θεοῦ
730 470 861 525 τρόπον
882 471 1130 523 ἡγεμονεύεις,

232 533 267 577 ὃς
286 532 367 585 περὶ
382 538 501 571 πᾶσαν
523 533 611 571 ἐλῶν
628 537 734 584 γαῖαν
755 531 1030 585 ἀναστρέφεται,

177 592 310 637 δεικνὺς
327 592 488 646 εὖτόρνου
505 592 654 646 σφαίρης
671 590 911 645 περικαύτορα
926 590 1069 630 κύκλον.

363 705 382 725 η.
642 704 656 719 ⁴1
926 704 941 719 ι

500 779 612 830 ῥῇστα
630 775 705 827 μεθ’
723 774 873 828 ἡσυχίης

178 834 247 874 αἷεὶ
269 834 507 888 ἀφροντίστως
527 834 588 874 καὶ
608 834 782 882 ἀκινήτως
803 833 896 873 κατὰ
915 835 1048 883 ταύτά,

231 895 281 947 μὴ
300 894 486 949 προσέχων
509 896 630 939 δεινοῖς
653 894 825 948 ἡδυλόγου
845 893 982 948 σοφίης.

365 1001 382 1019 s
448 991 450 993 ’
628 1001 648 1021 ιιι
735 989 738 992 “
874 999 890 1014 *

99 1088 150 1115 150
177 1068 228 1114 *H
246 1072 313 1128 γὰρ
335 1073 423 1126 ἐγὼν
444 1072 530 1126 ἐρέω
546 1071 593 1118 ὥς
611 1088 671 1124 μοι
692 1071 951 1126 καταφαίνεται
972 1062 1060 1110 εἶναι
1074 1099 1084 1116 ,

231 1136 338 1184 μῦθον
357 1135 523 1181 ἀληθείης
538 1132 637 1184 ὀρθὸν
664 1131 754 1185 ἔχων
769 1130 913 1171 κανόνα·

179 1195 227 1237 ὡς
244 1195 266 1239 ἡ
286 1196 347 1231 τοῦ
363 1192 456 1232 θείου
476 1208 514 1231 τε
535 1191 635 1245 φύσις
653 1191 714 1231 καὶ
734 1192 891 1243 τάγαθοῦ
913 1188 995 1238 αἷεί,

231 1251 266 1297 ἐξ
286 1255 334 1290 ὧν
352 1251 514 1296 ἷσότατος
532 1250 690 1304 γίγνεται
705 1250 805 1304 ἀνδρι
830 1249 920 1303 βίος.

365 1358 383 1378 ῃ
623 1356 640 1373 *

353 1458 419 1491 ἘΞ
442 1459 600 1491 ἈΛΛΩΝ
623 1458 894 1491 ΠΟῙΗΜΑΤΩΝ.
965 1476 967 1478 -

293 1546 516 1601 λαὸάργυρος
531 1545 756 1600 ὧρολογητής
1183 1525 1305 1658 ἱ..

364 1654 379 1670 s
616 1654 630 1670 ι
873 1654 888 1669 ι.
1188 1659 1192 1686 l

2226 274 2274 308 97

1224 353 1296 385 1100
1314 351 1393 383 mihi
1406 375 1416 390 ,
1434 360 1454 382 o
1473 351 1614 392 Pyrrho,
1632 351 1761 384 animus
1776 352 1888 384 audire
1903 354 1993 393 gestit
2011 378 2019 392 ,

1260 413 1427 454 quomodo
1458 413 1588 445 landem
1615 413 1712 445 etiam
1733 422 1821 445 nunc
1848 414 1947 445 honio
1973 416 2143 456 tranquille
2171 417 2280 448 omnia

1217 475 1307 508 solus
1327 484 1405 507 vero
1418 474 1605 507 hominibus
1620 473 1671 506 dei
1687 482 1776 506 more
1789 474 1927 515 imperes
1937 499 1945 513 ,
2065 475 2076 517 [
2089 477 2278 517 modereris,

1261 534 1315 576 qni
1329 536 1429 566 totam
1449 535 1569 566 terram
1589 532 1736 566 ambiens
1752 533 1921 575 (ubique)
1942 535 2102 575 versatur,

1220 595 1403 626 monstrans
1417 593 1499 625 bene
1521 594 1659 625 tornatae
1673 593 1813 634 sphaerae
1834 592 2003 625 ardentem
2017 593 2143 626 orbem.

1470 686 1488 704 ἡ
1740 688 1758 703 Q
2015 686 2030 704 ἑ

1347 782 1466 824 (vitam
1482 781 1649 823 traducat.)
1666 781 1814 814 facillime
1832 785 1865 814 et
1880 782 2052 832 tranquille

1221 851 1349 884 semper
1367 851 1482 874 securo
1505 843 1536 874 et
1558 842 1697 874 immoto
1711 841 1796 873 circa
1807 841 1939 874 easdem
1959 850 2008 874 res
2022 841 2146 881 animo,

1263 911 1327 935 non
1343 901 1511 934 attendens
1529 901 1674 934 miserias
1689 885 1954 942 'suaviloquentis
1967 901 2150 943 sapientiae.

1473 998 1490 1013 1
1740 996 1756 1014 Ἰ

1222 1071 1378 1105 Profecto
1397 1071 1483 1104 enim
1497 1080 1556 1113 ego
1570 1071 1676 1104 dicam
1694 1073 1730 1105 ut
1751 1071 1831 1104 milii
1846 1072 1978 1104 videtur
1992 1081 2073 1112 esse,

1262 1131 1407 1164 veritatis
1425 1131 1603 1163 orationem
1617 1131 1828 1164 certissimam
1844 1131 1989 1173 regulam
2007 1131 2146 1174 habens,

1221 1191 1283 1224 Dei
1302 1191 1443 1232 bonique
1458 1193 1610 1223 naturam
1631 1199 1699 1226 esse
1720 1199 1863 1232 semper,

1264 1261 1282 1285 e
1299 1260 1436 1294 qnorum
1456 1250 1655 1293 praescriptis
1673 1251 1745 1284 acta
1757 1249 1940 1292 justissima
1959 1250 2079 1283 homini
2096 1250 2160 1283 vita
2176 1250 2224 1283 fit.

1744 1344 1763 1361 ῒ
2018 1345 2035 1361 Ἰ

1514 1457 1570 1489 Ex
1595 1458 1701 1489 ALllS
1726 1457 1998 1489 CARMlNlBUS.

1419 1577 1427 1585 .
1453 1551 1705 1586 ‚mercenarius
1720 1552 1873 1584 horarum
1894 1552 2003 1584 index.

1747 1648 1763 1663 ἱ
1998 1649 2013 1663 Ἰ

111 1741 1882 1762 Μ

144 1784 229 1825 VSS.
260 1787 452 1830 142-146.
476 1784 595 1824 Τοῦτό
628 1801 708 1836 μοι,
741 1778 770 1824 ὦ
806 1779 1158 1839 Πύρρον-κύκλον]

97 1842 290 1892 Diogenes
309 1842 483 1881 Laertius
497 1842 568 1891 IX,
582 1844 632 1882 65
653 1858 662 1882 z
683 1843 743 1882 καὶ
765 1842 870 1882 πάλιν
888 1841 920 1897 [ὁ
935 1841 1061 1893 Τίμων
1081 1839 1161 1892 περὶ

96 1903 156 1940 τοῦ
180 1899 383 1956 Πύῤῥωνος]
406 1902 441 1940 ἐν
460 1907 532 1947 τοῖς
552 1901 771 1954 Ἰνδαλμοῖς·

151 1969 269 2010 Τοῦτό
289 1986 367 2022 μοι,
389 1964 418 2010 ὦ
438 1970 604 2027 Πύρρων,
621 1971 796 2025 ἱμείρεται
815 1966 900 2025 ἦτορ
921 1971 1093 2020 ἀκοῦσαι,

203 2030 278 2074 πῶς
298 2031 377 2068 ποτ’
397 2029 484 2083 ἀνὴρ
506 2030 554 2069 ἔτ’
574 2031 669 2084 ἄγεις
690 2033 804 2085 ῥᾷστα
827 2031 903 2082 μεθ’
921 2028 1072 2082 ἡσυχίης
1086 2057 1097 2077 ,

19 2138 22 2141 ἦ
151 2090 276 2140 μοῦνος
298 2089 332 2127 ἐν
354 2089 571 2142 ἀνθρώποισι
591 2093 669 2129 θεοῦ
690 2089 818 2144 τρόπον
837 2088 1078 2142 ἡγεμονεύων.

96 2159 235 2199 Sextus
251 2159 477 2212 Empiricus
492 2160 580 2199 adv.
597 2159 782 2199 Mathem.
798 2173 885 2212 pag.
905 2161 983 2199 61:
998 2158 1162 2210 Τίμωνος

97 2218 133 2258 δὲ
151 2234 212 2259 του
239 2219 419 2260 Φλιασίου
437 2218 497 2259 τὸν
518 2219 698 2274 Πύρρωνα
719 2218 810 2273 ἡλίῳ
830 2218 1099 2267 ἀπεικάζοντος,
1127 2218 1161 2255 ἐν

97 2272 147 2323 οἷς
165 2292 272 2332 φησι·

201 2406 237 2453 ὃς
254 2407 334 2461 περὶ
350 2414 468 2448 πᾶσαν
489 2411 576 2449 ἐλῶν
596 2415 700 2463 γαῖαν
720 2409 999 2464 ἀναστρέφεται,

151 2350 291 2394 Μοῦνος
316 2349 346 2388 δ’
367 2349 581 2404 ἀνθρώποισι
598 2353 674 2390 θεοῦ
695 2349 823 2404 τρόπον
841 2348 1081 2400 ἡγεμονεύεις,
1186 2358 1193 2482 Ι

153 2467 285 2512 δεικνὺς
302 2467 462 2521 εὖτόρνου
483 2468 636 2522 σφαίρας
654 2468 895 2523 περικαύτορα
915 2467 1060 2508 κύκλον.
1187 2483 1194 2510 ι

7 2535 40 2579 ’ἶῖ
97 2537 221 2577 Junxi
257 2546 471 2590 utrumque
512 2539 800 2591 fragmentum,
838 2548 883 2579 ut
917 2553 998 2578 uno
1029 2547 1164 2578 tenore

99 2598 226 2636 oratio
239 2597 332 2637 inde
348 2597 483 2637 ατοῦτό
501 2613 560 2650 μοι
573 2612 699 2651 usque
716 2599 763 2637 ad
778 2598 904 2638 κύκλον
922 2593 1162 2637 decurre—ref.

102 2657 249 2696 Mutavi
272 2666 399 2696 autem
421 2671 478 2697 vs.
505 2659 577 2702 143
604 2660 719 2712 ῥᾷστα
738 2659 780 2697 in
797 2657 914 2697 πάντα
936 2667 973 2697 et
994 2672 1052 2697 vs.
1089 2660 1162 2703 146

101 2715 250 2770 σφαίρας
269 2717 312 2756 in
330 2716 495 2772 σφαίρης.
516 2717 584 2757 Est
601 2730 694 2756 vero
712 2717 778 2756 hic
792 2715 880 2770 ἀνὴρ
898 2731 977 2756 non
992 2717 1040 2756 de
1057 2718 1161 2767 viro,

101 2776 169 2815 sed
188 2775 237 2814 de
252 2775 413 2816 homine
433 2777 723 2829 accipiendum,
743 2786 786 2816 ut
799 2790 857 2816 vs.
883 2776 971 2815 153.
990 2776 1050 2818 Cf.
1068 2777 1165 2816 Her-

29 2831 46 2853 ⁴¹*
102 2847 233 2876 mann.
258 2834 307 2874 ad
327 2835 457 2886 Viger.
478 2849 520 2889 p.
541 2850 618 2886 722
637 2849 719 2888 seq.

154 2893 240 2934 Vss.
267 2900 340 2944 147
353 2901 466 2946 ⁴49·
487 2898 600 2949 ῥ’ᾔστα
615 2897 691 2947 μεθ’
707 2895 1050 2951 ἡσυχίης-σοφίης]
1067 2896 1165 2935 Sex-

104 2960 164 2992 tus
173 2952 397 3006 Empiricus
412 2954 502 2993 adv.
519 2954 639 2995 Math.
655 2954 719 3004 XI,
739 2970 753 2993 1
782 2970 790 2994 :
811 2955 917 2996 Οὕτω
930 2956 998 3009 γὰρ
1019 2955 1166 3002 ἕκαστος

102 3013 204 3062 ἡμῶν
223 3010 289 3060 τὴν
310 3012 447 3051 τελείαν
473 3013 533 3053 καὶ
553 3012 749 3062 σκεπτικὴν
775 3013 966 3054 ἀπολαὸὼν
994 3015 1162 3065 διάθεσιν,
1191 2989 1194 3050 l

104 3069 196 3109 κατὰ
219 3070 279 3110 τὸν
306 3074 339 3112 T
344 3071 458 3124 ίμωνα
480 3072 631 3126 βιώσαι·
660 3075 775 3128 ρᾔτα
805 3076 882 3125 μεθ’
907 3074 1056 3127 ἡσυχίης
1083 3077 1163 3114 κτλ.

103 3154 153 3161 —
170 3131 448 3185 Vs.148.pro
466 3133 558 3173 κατὰ
574 3134 687 3174 ταύτά
708 3135 774 3174 alii
796 3135 896 3174 male
918 3134 1010 3175 κατὰ
1035 3138 1162 3174 ταῦτα.

108 3213 154 3221 -
168 3195 235 3232 Vs.
268 3198 342 3243 ¹49
361 3194 482 3238 δεινοῖς
485 3195 639 3256 scripsi
659 3209 733 3247 pio
750 3196 856 3246 vulg.
872 3195 1010 3240 δειλοῖς.

25 3286 39 3301 ,2
153 3249 505 3301 Vss.15o-153.·?2
523 3253 591 3307 γὰρ
612 3253 848 3309 ἐγὼν-βίος]
873 3254 1013 3293 Sextus
1028 3253 1165 3305 Empi-

15 3307 43 3366 ’ξς
103 3309 308 3350 ricusadv.
329 3311 447 3352 Math.
461 3312 532 3362 XI,
547 3328 620 3353 20.
638 3314 753 3368 Περι
747 3313 808 3353 μὲν
833 3313 900 3366 γὰρ
920 3316 983 3360 τῆς
999 3329 1085 3367 προς
1101 3313 1165 3360 τὴν

104 3367 206 3422 φύσιν
228 3370 455 3416 ὑποστάσεως
474 3374 544 3411 τῶν
566 3389 602 3413 τε
623 3375 761 3426 ἀγαθῶν
783 3374 843 3413 και
873 3375 943 3413 τῶν
966 3376 1085 3412 κακῶν
1103 3373 1165 3412 καὶ

104 3429 172 3466 τῶν
190 3428 380 3483 οὐδετέρων
403 3431 518 3470 ἱκανοί
536 3431 609 3476 πώς
629 3435 715 3471 εἶσιν
735 3436 822 3484 ἡμῖν
842 3434 973 3484 ἀγῶνες
986 3432 1071 3484 πρὸς
1088 3432 1167 3478 τους

105 3487 350 3540 ὃογματικούς.
371 3490 473 3529 Κατὰ
495 3490 530 3530 δὲ
556 3491 594 3531 τὸ
620 3493 828 3548 φαινόμενον
854 3492 987 3532 τούτων
1017 3491 1165 3532 ἕκαστον

221 3563 344 3590 ramos.
364 3565 462 3590 oum.

1223 1777 1382 1848 &Oh-152
1368 1774 1442 1816 ἔθος
1459 1771 1619 1824 ἀγαθον
1602 1788 1623 1819 η
1640 1774 1749 1810 κακον
1766 1773 1788 1819 ἢ
1805 1774 1991 1825 αοιάφορον
2004 1775 2275 1826 προσαγορεύειν

1222 1832 1384 1886 καθάπερ
1402 1848 1463 1871 και
1480 1834 1498 1870 ὁ
1518 1831 1680 1882 Τίμων’
1666 1847 1700 1869 εν
1725 1833 1796 1875 τοῖς
1816 1831 2016 1882 Ἰνδαλμοῖς
2045 1830 2138 1870 ἔοικε
2161 1832 2286 1880 δηλοῦν

1221 1893 1304 1933 ὅταν
1338 1895 1407 1946 φῇ·
1425 1894 1447 1938 ἠ
1468 1890 1537 1943 γὰρ
1567 1888 1655 1941 ἐγὼν
1687 1889 1774 1943 ἐρέω
1802 1891 1883 1929 κτλ.
1902 1911 1957 1920 ——
1970 1890 2034 1929 Vs.
2075 1890 2144 1928 151
2182 1894 2288 1941 μῦθον

1225 1951 1389 1999 ἀληθείης
1405 1964 1484 1988 non
1506 1950 1583 1987 alio
1606 1962 1721 1988 sensu
1741 1949 1842 1987 dixit
1861 1949 2007 1987 Timon
2035 1963 2152 2000 quam
2177 1949 2288 1987 Euri-

1223 2013 1335 2061 pides
1354 2010 1494 2048 Phoen.
1515 2022 1573 2048 vs,
1596 2014 1687 2059 479,
1713 2008 1846 2053 ἁπλοῦς
1866 2011 1883 2046 ὃ
1902 2011 2007 2059 μῦθος
2034 2012 2097 2056 τῆς
2126 2008 2290 2057 ἀληθείας

1223 2075 1300 2125 ἔφυ.
1319 2071 1515 2109 Praeterea
1528 2067 1659 2106 κανόνα
1681 2077 1794 2106 vocat
1810 2067 1910 2120 ὀρθὸν
1927 2081 1972 2107 eo
1993 2069 2194 2108 intellectu
2209 2083 2288 2122 quo

1224 2131 1273 2170 ab
1294 2129 1504 2169 Aristotele
1520 2136 1788 2167 memorantur
1809 2127 1909 2180 ὀρθαὶ
1923 2129 2100 2167 πολιτεῖαι
2121 2143 2208 2181 quae
2225 2143 2288 2169 re-

1223 2204 1317 2229 vera
1332 2190 1428 2228 tales
1457 2196 1547 2227 sunt
1563 2195 1601 2226 et
1620 2195 1723 2226 recte
1743 2200 1790 2226 eo
1818 2188 1979 2226 nomine
2007 2188 2255 2240 appellantur
2274 2205 2282 2228 ε

1228 2250 1374 2302 quibus
1391 2256 1646 2301 opponuntur
1658 2247 1695 2286 αἱ
1707 2246 2013 2300 παρεκὸεὸηκυῖαι
2023 2248 2141 2288 Polit.
2152 2248 2222 2287 lib.
2232 2249 2287 2287 lll

1224 2324 1309 2363 cap.
1332 2325 1351 2359 7
1370 2319 1407 2349 et
1429 2322 1497 2356 103
1515 2316 1552 2346 et
1566 2307 1636 2345 lib.
1653 2306 1700 2344 lv
1719 2320 1805 2357 cap.
1822 2322 1843 2345 2
1858 2307 1940 2346 2’Ev
1954 2311 1997 2360 τ’ᾐ·
2013 2308 2136 2360 πρώτῃ
2153 2309 2288 2362 μεθόδῳ

1224 2368 1305 2422 περὶ
1324 2370 1393 2407 τῶν
1411 2368 1596 2405 πολιτειῶν
1616 2365 1816 2417 διειλόμεθα
1834 2367 1925 2419 τρεῖς
1941 2367 2003 2418 μὲν
2027 2367 2090 2412 τὰς
2107 2367 2210 2420 ὁρθὰς
2230 2385 2290 2408 πο-

1222 2428 1366 2476 λιτείας,
1378 2426 1574 2481 βασιλείαν,
1585 2426 2071 2479 ἀριστοκρατίαν,πολιτείαν·
2082 2433 2172 2480 τρεῖς
2181 2427 2219 2467 δὲ
2228 2427 2291 2473 τὰς

1223 2488 1354 2527 τούτων
1370 2485 1607 2539 παρεκὸάσεις
1619 2515 1629 2534 ,
1648 2485 1837 2539 τυραννίδα
1852 2485 1914 2536 μὲν
1932 2486 2133 2539 βασιλείας,
2153 2488 2293 2541 ὀλιγαρ-

1223 2547 1307 2601 χίαν
1319 2547 1354 2586 δὲ
1365 2546 1644 2600 ἀριστοκρατίας,
1655 2545 1898 2599 δημοκρατίαν
1907 2546 1942 2585 δὲ
1952 2546 2144 2591 πολιτείας.
2153 2546 2291 2586 Latine

1225 2606 1348 2656 igitur
1367 2605 1468 2660 ὀρθὸν
1488 2602 1619 2644 κανόνα
1636 2609 1882 2643 certissimam
1897 2609 2069 2657 regulam
2086 2607 2293 2646 nominare

1227 2666 1334 2705 licet.
1357 2666 1448 2704 Haec
1472 2664 1650 2703 addenda
1669 2665 1827 2717 putavi,
1855 2666 1962 2717 quod
1981 2679 2121 2717 magna
2141 2666 2212 2705 fuit
2228 2667 2293 2705 do-

1228 2733 1381 2763 ctorum
1400 2724 1605 2763 hominum
1625 2723 1666 2762 in
1693 2724 1939 2776 explicandis
1959 2725 2022 2764 his
2041 2725 2224 2765 versibus
2245 2727 2292 2765 de

1227 2785 1395 2835 singulis
1410 2784 1488 2822 fere
1499 2791 1623 2836 poetae
1635 2783 1769 2823 verbis
1783 2784 1988 2825 dissensio.
2006 2785 2051 2823 In
2063 2786 2291 2825 universum

1226 2843 1439 2882 tenendum
1460 2843 1666 2881 Timonem
1686 2857 1772 2882 cum
1788 2843 1894 2882 bona
1910 2853 1947 2883 et
1961 2845 2062 2883 mala
2076 2845 2293 2897 opinabilia

1226 2902 1432 2950 habuisse,
1449 2910 1530 2941 tum
1553 2910 1728 2941 naturam
1749 2903 1946 2951 divinam,
1964 2917 2081 2955 quam
2096 2905 2187 2943 vitae
2208 2919 2295 2943 nor-

1228 2976 1328 3001 mam
1368 2975 1453 3001 esse
1485 2962 1647 3001 statuit:
1669 2962 1826 3014 Quippe
1860 2977 2090 3014 persuasum
2125 2965 2162 3002 ei
2192 2974 2291 3014 erat,

1228 3021 1495 3074 Scepticorum
1509 3021 1661 3060 animos
1678 3022 1719 3060 in
1739 3024 1822 3061 sola
1836 3036 1966 3061 rerum
1980 3023 2292 3062 indifferentium

1232 3082 1313 3128 (τῶν
1331 3080 1546 3134 ἀδιαφόρων)
1573 3081 1828 3120 meditatione
1855 3082 2005 3121 defixos
2025 3083 2180 3122 virtutis
2205 3098 2293 3136 par-

1228 3141 1367 3192 ticipes
1388 3141 1475 3179 fieri
1497 3154 1769 3194 summamque
1786 3141 2068 3181 beatitudinem
2090 3145 2291 3196 consequi,

1226 3199 1321 3237 Nam
1334 3208 1377 3238 ut
1390 3200 1493 3238 inter
1513 3200 1633 3239 vitam
1655 3209 1692 3240 et
1714 3210 1894 3253 mortem,
1912 3202 1966 3240 ita
1985 3202 2089 3240 inter
2104 3203 2292 3254 optimam

1226 3259 1489 3298 valetudinem
1513 3268 1550 3298 et
1570 3260 1844 3310 gravissimum
1862 3260 2042 3300 morbum
2062 3261 2162 3300 nihil
2186 3277 2295 3314 pror-

1227 3331 1293 3357 sus
1305 3319 1707 3370 inte1·essej11dicavit.
1725 3320 1783 3359 Cf.
1803 3319 1884 3359 Cic.
1900 3320 1947 3359 de
1964 3321 2048 3361 Fin.
2069 3321 2123 3370 ll,
2145 3323 2207 3369 13,
2227 3324 2290 3367 43.

1232 3377 1257 3415 Ι
1252 3378 1455 3429 pictetus
1444 3392 1503 3429 ap.
1522 3378 1718 3417 Stobaeum
1741 3379 1865 3420 Sei-‚m
1888 3394 1975 3426 121,
1996 3382 2062 3428 283
2083 3381 2294 3419 Aristocles

1232 3436 1335 3488 apud
1356 3437 1565 3476 Eusebium
1580 3437 1708 3490 Piffaep
1726 3438 1875 3488 Evang.
1902 3438 2004 3488 XlV,
2028 3440 2074 3476 18
2089 3452 2178 3491 pag.
2202 3439 2291 3487 758.

1283 3495 1348 3534 Vs.
1375 3496 1463 3540 15].
1482 3495 1707 3550 λαὸάργυρος
1721 3498 1947 3551 ὡρολογητής
1950 3496 1962 3552 ]
1988 3499 2198 3537 Atlienaeus
2224 3489 2292 3536 lib

2154 3570 2171 3596 7
