2612 3814
959 237 1000 276 M
1007 236 1163 277 ELISSI
1194 237 1536 283 FRAGMENTA.

226 321 248 371 5
277 328 314 362 8.
343 320 436 360 Ἀλλ’
455 319 574 374 ὥσπερ
597 322 671 361 ἐστὶ
697 322 781 375 αἰεί,
807 323 900 363 οὕτω
929 325 990 365 καὶ
1018 326 1059 366 τὸ
1078 326 1227 380 μέγαθος

173 379 315 434 ἄπειρον
336 380 404 418 αἰεὶ
428 378 498 433 χρὴ
517 374 619 420 εἶναι.

438 478 456 496 ἡ
733 480 748 496 ί
1020 483 1037 501 *

225 537 247 588 5
270 543 308 577 9.
328 536 458 590 Ἀρχὴν
487 536 523 576 δὲ
554 538 615 577 καὶ
640 537 739 584 τέλος
767 540 862 594 ἔχον,
884 543 980 582 οὐδεν
1012 542 1090 582 οὔτε
1115 542 1224 584 ἀΐδ1ον

169 592 247 634 οὔτε
267 594 410 648 ἄπειρόν
427 597 516 636 ἐστι.

443 685 460 702 Q
733 687 748 704 a»
1018 690 1034 702 π

221 742 244 793 S
270 748 334 784 10.
358 744 403 783 Εἰ
423 742 473 795 μὴ
496 743 531 783 ἓν
551 745 624 794 εἴη,
643 746 806 799 περανέει
823 749 910 800 πρὸς
928 747 1028 787 ἄλλο.

439 830 457 847 ,ι
734 832 750 846 .
1020 835 1036 850 *

225 883 247 933 S
271 889 331 923 11.
354 883 480 928 Οὕτως
495 877 544 924 ὧν
565 884 675 924 ἀίδιόν
697 887 772 925 ἔστι
789 886 850 925 καὶ
870 888 1013 940 ἄπειρον
1030 887 1089 926 καὶ
1108 887 1145 926 ἓν
1164 888 1225 927 καὶ

169 943 288 991 ὁμοῖον
313 941 377 994 (τὸ)
398 948 490 982 πᾶν·
523 943 583 982 καὶ
603 944 674 984 οὔτ’
690 944 731 984 ἃν
760 945 946 994 ἀπόλοιτο,
975 945 1044 985 οὔτ’
1065 945 1107 985 ἂν
1123 946 1225 997 μέζον

167 995 311 1045 γίνοιτο,
333 995 412 1035 οὔτε
426 997 717 1048 μετακοσμέοιτο,
735 997 814 1037 οὔτε
834 998 969 1050 ἀλγέοι,
988 999 1064 1039 οὔτε
1082 1002 1223 1052 ἀνιῷτο·

167 1055 197 1092 εἷ
211 1053 278 1107 γάρ
297 1070 332 1093 τι
364 1055 496 1094 τούτων
525 1056 683 1110 πάσχοι,
713 1058 776 1097 οὐκ
796 1056 839 1096 ἂν
860 1056 913 1096 ἔτι
932 1057 970 1096 ἓν
993 1058 1046 1106 εἴη
1061 1074 1069 1083 ·
1105 1060 1135 1097 εἰ
1157 1058 1225 1112 γὰρ

167 1114 404 1165 ἑτεροιοῦται,
442 1113 579 1165 ἀνάγκη
612 1114 651 1154 τὸ
671 1115 725 1155 ἐὸν
765 1115 814 1167 μὴ
854 1117 973 1168 ὁμοῖον
1006 1111 1099 1156 εἶναι
1112 1147 1123 1168 ,
1147 1119 1226 1157 ἀλλ’

166 1171 386 1211 ἀπόλλυσθαι
407 1172 446 1212 τὸ
471 1173 623 1225 πρόσθεν
656 1174 724 1223 ἐόν,
742 1175 784 1214 τὸ
811 1174 847 1214 δὲ
869 1176 932 1215 οὐκ
967 1176 1022 1216 ἐὸν
1054 1176 1224 1229 γίνεσθαι.

166 1231 215 1269 Εἰ
232 1230 348 1270 τοίνυν
368 1231 604 1285 τρισμυρίοισι
637 1231 731 1272 ἔτεσι
763 1235 912 1288 ἑτεροῖον
932 1234 1063 1288 γίνοιτο
1077 1234 1116 1274 τὸ
1140 1241 1226 1289 πᾶν,

164 1288 280 1329 ὄλοιτο
299 1289 341 1328 ἂν
361 1291 397 1329 ἐν
416 1292 468 1344 τῷ
487 1290 595 1330 παντὶ
612 1291 743 1346 χρόνῳ.

217 1348 240 1398 5
263 1354 325 1387 12.
349 1347 445 1388 Ἀλλ’
478 1349 555 1388 οῦδὲ
580 1354 897 1403 μετακοσμηθῆναι
918 1353 1086 1393 ἀνυστόν·
1116 1357 1134 1394 ὁ
1159 1354 1226 1408 γὰρ

167 1405 301 1457 κόσμος
320 1410 338 1446 ὁ
355 1406 504 1460 πρόσθεν
526 1408 591 1448 ἐὼν
614 1412 677 1450 οὐκ
707 1411 927 1460 ἀπόλλυται,
957 1412 1035 1452 οὔτε
1054 1416 1072 1453 ὁ
1090 1413 1140 1465 μὴ
1161 1412 1227 1453 ἐὼν

162 1464 309 1517 γίνεται.
338 1464 429 1506 ‘'Or-⁶.
449 1466 486 1506 δὲ
505 1467 594 1519 μήτε
608 1469 836 1522 προσγίνεται
856 1469 983 1522 μηδέν,
1001 1472 1090 1523 μήτε
1110 1472 1222 1511 ἀπόλ·

162 1524 288 1573 λυται,
323 1523 414 1576 μήτε
436 1527 662 1578 ἑτεροιοῦται,
697 1531 767 1574 κῶς
797 1528 838 1568 ἂν
868 1530 1136 1582 μετακοσμηθὲν
1157 1533 1225 1570 τῶν

163 1582 290 1622 ἐόντων
307 1599 341 1622 τι
365 1583 445 1634 εἴης
467 1586 497 1624 εἷ
523 1585 586 1638 μὲν
602 1586 672 1641 γάρ
698 1603 732 1626 τι
753 1588 886 1642 ἐγίνετο
905 1591 1067 1643 ἑτεροῖον,
1082 1589 1152 1639 ἤδη
1183 1589 1224 1628 ἂν

162 1642 223 1681 καὶ
244 1644 508 1695 μετεκοσμήθη.

215 1703 238 1754 S
261 1709 323 1743 13.
359 1703 454 1743 Οὐδὲ
471 1705 610 1756 ἀλγέει·
626 1706 664 1745 οὐ
684 1705 754 1758 γὰρ
767 1704 810 1744 ἂν
826 1711 897 1745 πᾶν
912 1706 967 1755 ε’ίη
988 1706 1146 1760 ἀλγεινόν
1158 1722 1167 1732 ·
1185 1708 1223 1746 οὗ

161 1760 231 1814 γὰρ
251 1762 293 1799 ἂν
308 1761 448 1802 δύναιτο
464 1762 532 1802 αἰεὶ
548 1756 773 1817 εἶναιχρῆμα
793 1765 952 1818 ἀλγεινόν
965 1781 973 1790 ·
991 1767 1062 1805 οὐδ’
1086 1765 1127 1805 ἂν
1147 1765 1223 1819 ἔχοι

202 1875 221 1917 §
241 1880 257 1910 7
281 1877 399 1910 iterum
415 1878 551 1910 affertur
580 1887 599 1910 a
627 1879 793 1920 Simplicio
814 1880 869 1913 sol.
891 1882 908 1913 7
931 1890 1033 1922 usque
1058 1880 1097 1912 ad
1122 1881 1220 1913 verba

160 1922 228 1955 ἀλλ’
242 1922 369 1966 ἄπειρόν
395 1924 478 1956 ἐστιν
490 1948 499 1964 ,
513 1924 629 1957 deinde
646 1926 700 1958 fol.
718 1929 737 1959 9
754 1926 774 1958 1)
792 1928 824 1959 et
853 1927 908 1959 sol.
928 1930 987 1966 23,
1006 1927 1062 1959 ubi
1077 1927 1147 1959 111εο
1175 1927 1219 1959 Ιε-

160 1971 280 2009 guntur
303 1983 310 2002 :
330 1970 452 2012 μήποτε
469 1971 502 2003 δὲ
516 1972 533 2003 ὁ
554 1972 711 2009 Μέλισσος
726 1973 763 2005 οὐ
776 1977 814 2014 τῇ
828 1973 922 2016 οὐσίᾳ
934 1975 989 2013 τὴν
1012 1975 1110 2016 ἀρχὴν
1128 1974 1219 2006 ἄπει-

159 2027 212 2056 ρον
229 2016 314 2048 εἶπεν
327 2041 337 2058 ,
351 2016 430 2049 ἀλλὰ
445 2021 491 2059 τῷ
510 2017 704 2060 ἀνεκλείπτῳ
723 2023 779 2051 τοῦ
801 2020 880 2053 εἶναι
891 2028 899 2036 ·
921 2021 966 2054 “0
983 2032 1017 2053 τε
1029 2022 1089 2063 γὰρ
1106 2022 1165 2054 οὐκ
1186 2033 1218 2053 κ.

158 2075 187 2096 τ.
205 2065 234 2096 λ.
251 2065 468 2104 φησιν.-ἔστι
479 2077 514 2098 τε
528 2066 581 2098 καὶ
596 2066 643 2098 ἀεὶ
657 2066 714 2108 ἦν]
731 2067 777 2099 sic
800 2068 866 2101 soll.
884 2071 901 2102 7
916 2070 949 2101 et
973 2073 1015 2110 9;
1033 2069 1089 2102 sed
1108 2069 1163 2102 fol.
1179 2072 1218 2102 23

158 2111 225 2143 ἔστι
238 2111 289 2152 δέ,
307 2111 356 2144 ἀεὶ
369 2113 408 2154 ἢν
425 2124 457 2144 κ.
471 2124 500 2145 τ.
513 2114 541 2146 λ.
555 2131 595 2136 -
611 2114 793 2153 ἐτελεύτησε
814 2115 873 2158 γὰρ
889 2116 927 2147 ἀν
940 2128 1016 2149 ποτε
1030 2117 1192 2158 γινόμενον
1207 2116 1220 2159 ]

160 2158 206 2189 sic
229 2157 285 2191 fol.
302 2161 360 2199 233
377 2159 433 2192 sed
450 2159 505 2193 fol.
527 2162 544 2192 7
575 2160 757 2200 ἐτελεύτησε
779 2162 840 2204 γὰρ
853 2162 902 2195 ἄν.
923 2182 965 2189 -
981 2164 1008 2196 εἰ
1024 2164 1057 2196 δὲ
1077 2164 1154 2204 μήτε
1170 2164 1220 2206 ἦρ-

157 2203 254 2246 ξατο]
268 2204 314 2237 sic
334 2205 386 2239 fol.
404 2209 463 2248 233
478 2206 533 2239 sed
552 2207 607 2240 sol.
623 2211 639 2241 7
662 2207 714 2240 ὅτε
736 2208 769 2240 δὲ
790 2209 867 2248 μήτε
878 2209 955 2248 ἤ.-
966 2211 1018 2242 καὶ
1037 2210 1085 2243 ἀεὶ
1107 2209 1218 2252 ἔσται]

161 2252 231 2283 bate
245 2252 364 2286 desunt
386 2253 440 2287 fol.
460 2256 498 2296 7,
512 2254 568 2287 ubi
589 2256 743 2295 praeterea
770 2255 886 2296 legitur
905 2257 962 2290 οὐκ
982 2257 1047 2299 ἔχει
1079 2266 1138 2298 pro
1160 2258 1219 2290 οὐκ

157 2299 246 2340 ἔχον.
264 2301 297 2332 et
313 2301 387 2342 post
403 2309 517 2335 vocem
532 2303 676 2342 τελευτήν
694 2303 891 2343 adjiciuntur
918 2305 1019 2338 verba
1040 2305 1107 2338 ἀλλ’
1128 2306 1219 2338 ἄπει-

156 2357 217 2387 ρον.
232 2367 274 2373 -
285 2346 345 2388 ὅ,τι
361 2348 404 2391 μὴ
411 2351 473 2382 πᾶν
486 2349 552 2381 ἐστι
564 2348 578 2391 ]
592 2348 690 2387 Quod
706 2350 890 2384 Brandisius
904 2352 1052 2385 excitatis
1065 2352 1085 2395 §
1102 2357 1134 2393 2,
1151 2357 1169 2386 8
1186 2354 1219 2386 et

155 2396 176 2426 9
195 2392 366 2434 observat,
385 2395 490 2428 totum
510 2404 575 2428 non
594 2404 665 2428 esse
683 2395 889 2438 absolutum,
913 2399 1000 2440 quod
1024 2401 1218 2442 principium

156 2449 193 2472 ac
214 2440 309 2474 tinem
331 2441 469 2483 ideoque
490 2444 597 2484 partes
615 2443 732 2476 habeat
751 2444 805 2476 :id
823 2446 942 2479 rectius
957 2447 1003 2479 sic
1019 2448 1217 2489 enuntiatur,

158 2489 194 2521 ut
213 2489 294 2522 nihil
316 2498 388 2522 esse
406 2499 511 2532 neque
537 2493 696 2524 aeternum
725 2501 830 2534 neque
860 2493 1024 2528 inlinitum
1051 2495 1217 2537 dicamus,

156 2536 243 2576 quod
276 2537 430 2578 principio
463 2547 502 2571 ac
534 2539 597 2571 tine
625 2539 763 2581 ideoque
786 2541 932 2582 partibus
966 2543 1136 2585 praeditum
1164 2545 1217 2577 sit.

156 2583 249 2615 1111110
263 2584 371 2616 autem
389 2585 540 2618 naturam
567 2594 631 2618 non
650 2588 825 2620 convenire
846 2589 906 2621 nisi
927 2590 1095 2629 universo,
1117 2591 1147 2623 id
1170 2593 1219 2624 est

156 2630 183 2662 ei
211 2630 297 2672 quod
313 2631 411 2664 simul
429 2641 526 2665 omne
539 2635 588 2666 est
604 2642 641 2666 ac
659 2635 765 2667 totum
779 2658 789 2675 ‚
805 2637 1082 2677 quemadmodum
1093 2639 1219 2680 Simpli-

156 2677 225 2710 cius
243 2678 403 2720 exposuit.

197 2725 216 2766 §
233 2728 283 2758 10.
302 2727 337 2758 In
358 2726 465 2759 verbis
484 2728 510 2760 εἰ
531 2728 574 2768 μὴ
595 2729 629 2760 ἓν
646 2728 694 2768 εἴη
705 2753 714 2770 ,
728 2730 869 2772 περανέει
885 2732 961 2774 πρὸς
976 2732 1051 2766 ἄλλο
1067 2742 1131 2766 non
1150 2733 1219 2766 sine

155 2780 253 2805 causa
269 2772 481 2815 philosophus
507 2774 566 2807 hac
585 2775 781 2809 conditionis
810 2777 914 2811 forma
943 2781 1046 2813 utitur
1063 2782 1099 2813 ut
1119 2783 1216 2814 Hom.

154 2820 194 2853 ΙΙ.
212 2822 260 2862 X,
274 2825 349 2861 222,
364 2821 392 2854 εἶ
407 2821 452 2859 τίς
468 2833 521 2863 μοι
537 2822 644 2855 ἕποιτο
657 2824 710 2856 καὶ
727 2824 835 2866 ἄλλος,
854 2827 1102 2870 θαρσαλεώτερον
1116 2829 1215 2861 ἔσται.

159 2869 272 2909 Neque
302 2869 388 2902 enim
414 2869 446 2901 id
470 2870 557 2910 quod
576 2870 742 2912 probabile
766 2874 814 2905 est
835 2875 1088 2907 consecuturum
1121 2883 1158 2907 ex
1179 2884 1218 2907 eo

155 2916 242 2957 quod
266 2916 377 2958 fingit,
398 2916 454 2950 sed
483 2918 571 2959 quod
597 2919 779 2953 necessario
807 2921 1030 2962 consequitur,
1058 2921 1121 2954 hoc
1147 2922 1218 2955 loco

158 2965 322 3005 proponit.

196 3010 216 3053 §
235 3013 327 3044 11-14
344 3014 472 3045 exstant
491 3012 576 3054 apud
599 3014 800 3055 Simplicium
826 3014 848 3046 1.
867 3015 894 3047 l.
914 3015 968 3048 fol.
999 3018 1050 3056 24,
1068 3015 1124 3056 qui
1146 3015 1217 3048 haec

156 3059 309 3099 praefatur·
327 3071 335 3091 :
359 3058 426 3092 ἀλλ’
442 3060 548 3099 ἐπειδὴ
566 3061 807 3103 ἁρχαιοπρεπῶς
823 3062 891 3095 ἀλλ’
904 3063 963 3095 οὐκ
976 3063 1104 3101 ἀσαφῶς
1118 3066 1216 3094 ταῦτα

156 3106 209 3138 καὶ
225 3107 242 3138 ὁ
264 3106 421 3145 Μέλισσος
450 3107 582 3151 ἔγραψε,
601 3109 804 3152 παρακείσθω
839 3111 894 3142 καὶ
925 3111 1006 3143 αὐτὰ
1037 3111 1076 3142 τὰ
1097 3110 1216 3151 ἀρχαῖα

156 3152 325 3195 γράμματα
354 3155 429 3196 πρὸς
445 3156 481 3188 τὸ
498 3156 648 3189 δύνασθαι
664 3157 736 3195 τοὺς
765 3158 1009 3200 ἐντυγχάνοντας
1033 3158 1213 3200 ἀκριὸεστέ·

114 3240 117 3244 Ι
157 3210 227 3242 ρους
241 3201 380 3241 γίνεσθαι
396 3203 504 3245 κριτὰς
519 3207 582 3236 τῶν
600 3206 862 3247 προσφυεστέρων
877 3206 1054 3247 ἐξηγήσεων
1066 3214 1073 3221 ·
1091 3206 1172 3246 λέγει
1187 3206 1213 3237 δ’

157 3246 212 3279 οὗν
230 3249 248 3279 ὀ
263 3249 421 3287 Μέλισσος
437 3251 522 3284 οὕτω
533 3275 543 3292 ,
560 3252 601 3284 τὰ
625 3252 777 3295 πρότερον
797 3254 945 3295 εἰρημένα
969 3253 1214 3295 συμπεραινόμε-

157 3306 207 3332 vo:
218 3320 226 3334 2
242 3296 298 3328 καὶ
313 3297 395 3329 οὕτω
411 3298 450 3330 τὰ
462 3300 532 3341 περὶ
551 3304 606 3339 τῆς
628 3302 782 3340 κινήσεως
794 3301 920 3341 ἐπάγων
934 3309 942 3318 ·
960 3302 1071 3337 Οὕτως
1084 3312 1120 3333 κ.
1139 3312 1167 3332 τ.
1183 3302 1212 3333 λ.

201 3342 220 3383 5
243 3346 291 3375 11.
310 3343 415 3376 verba
430 3345 494 3378 οὔτ’
509 3347 548 3379 ἂν
564 3347 713 3381 ἀπόλοιτο
726 3373 735 3390 ,
754 3348 820 3381 οὔτ’
834 3349 872 3380 ἂν
890 3349 979 3391 μέζον
989 3348 1105 3388 γίνοιτο
1117 3373 1126 3388 ,
1144 3348 1214 3381 οὔτε

161 3390 407 3432 μετακοσμέοιτο
419 3417 428 3433 ,
449 3393 519 3426 οὔτε
538 3394 644 3436 ἀλγέοι
655 3418 663 3431 ,
678 3395 750 3428 οὔτε
764 3396 880 3437 ἀνιῷτο
898 3395 1101 3436 reperiuntur
1116 3394 1213 3427 etiam

160 3437 274 3477 fragm.
295 3439 327 3471 4.
372 3441 518 3482 Utroque
550 3442 620 3475 loco
645 3442 686 3475 ad
705 3442 942 3476 restituendum
962 3442 1139 3474 Ionismum
1164 3450 1213 3475 ea·

159 3484 233 3516 dem
267 3485 475 3520 mutavimus.
504 3505 546 3513 —
569 3489 759 3532 τρισμυρίοις
781 3490 863 3523 ἔτεσι
883 3489 967 3523 bona
984 3490 1033 3523 est
1055 3489 1212 3523 Brandisii

2258 262 2335 296 263

1328 328 1347 371 §
1363 334 1395 363 8.
1419 330 1480 363 Sed
1502 333 1778 372 quemadmodum
1795 345 1923 379 semper
1939 341 1988 373 est
2010 350 2018 372 :
2036 341 2082 374 sic
2098 342 2194 375 etiam
2216 345 2341 386 magni·

1287 388 1398 422 tudine
1417 389 1580 424 inlinitum
1598 400 1726 434 semper
1739 402 1808 428 esse
1826 398 1965 437 oportet.

1515 473 1533 491 ⁸
1804 475 1823 494 4
2095 482 2114 498 4

1329 540 1398 584 59.
1430 542 1563 575 Initium
1585 552 1662 577 vero
1682 546 1714 578 et
1736 545 1833 583 finem
1855 546 1976 580 liabens
2004 548 2081 581 1111111
2103 559 2208 591 neque
2230 554 2342 594 sempi-

1285 603 1416 635 ternum
1434 612 1538 645 neque
1557 603 1721 638 inlinitum
1738 607 1798 639 est.

1515 692 1533 709 ἱ
1806 695 1823 711 ὑ
2095 699 2111 715 ἱ

1327 750 1346 792 5
1368 753 1415 783 10.
1438 751 1505 784 Nisi
1523 760 1624 784 unum
1645 752 1708 794 sit,
1722 753 1763 786 ad
1776 754 1864 786 aliud
1881 755 2069 796 porrigetur.

1516 828 1533 845 *h
1805 830 1821 848 ἱ
2096 834 2112 851 ³*

1328 905 1410 948 511.
1426 908 1473 939 113
1492 906 1588 947 igitur
1604 906 1833 949 sempiternum
1847 911 1895 941 est
1909 911 1940 941 et
1956 909 2118 942 inlinitum
2132 911 2230 953 atque
2242 920 2342 944 unum

1287 967 1319 999 et
1337 966 1441 1000 simile
1467 966 1677 1007 universum,
1695 975 1734 1001 ac
1762 977 1866 1010 neque
1897 970 2074 1012 interierit,
2102 980 2207 1013 neque
2235 973 2342 1014 majus

1287 1025 1360 1066 flat,
1383 1035 1488 1068 neque
1509 1035 1602 1060 verso
1632 1036 1740 1060 rerum
1767 1028 1855 1061 statu
1881 1029 1912 1061 et
1941 1029 2053 1063 ordine
2082 1031 2342 1073 transformetur,

1287 1093 1391 1126 neque
1412 1085 1538 1125 doleat,
1568 1094 1674 1127 neque
1694 1086 1839 1120 molestia
1859 1087 2016 1121 afficiatur
2046 1098 2055 1121 ε
2074 1089 2101 1122 si
2120 1090 2206 1123 enim
2226 1091 2344 1124 horum

1286 1143 1463 1185 quidquam
1483 1144 1511 1176 ei
1530 1144 1707 1185 accideret,
1725 1154 1789 1178 non
1808 1146 1947 1187 amplius
1962 1156 2064 1179 unum
2084 1148 2166 1181 soret
2190 1159 2198 1181 :
2216 1148 2343 1182 51ε111111

1287 1202 1441 1243 variatur,
1454 1211 1589 1236 necesse
1604 1206 1653 1236 est
1668 1211 1725 1236 ens
1741 1212 1806 1236 non
1821 1203 1925 1237 simile
1941 1213 2010 1238 esse
2021 1229 2031 1245 ,
2043 1206 2098 1238 sed
2113 1206 2243 1240 interire
2257 1208 2345 1248 prius

1286 1270 1361 1303 ens,
1381 1271 1522 1295 non-ens
1541 1271 1619 1296 vero
1639 1263 1740 1296 nasci.
1785 1264 1818 1297 Si
1838 1264 1935 1305 igitur
1962 1265 2093 1306 triginta
2125 1266 2266 1299 minibus
2288 1275 2346 1300 an-

1287 1331 1405 1354 norum
1421 1321 1508 1355 aliud
1527 1322 1584 1355 liat
1609 1323 1818 1364 universum,
1841 1323 1978 1357 intereat
2000 1324 2089 1357 omni
2107 1325 2162 1358 illo
2185 1330 2342 1367 tempore.

1327 1381 1347 1423 §
1373 1383 1422 1414 12.
1447 1381 1509 1414 Sed
1535 1390 1576 1414 ne
1604 1382 1824 1415 transformari
1856 1383 1986 1424 quidem
2011 1384 2138 1425 potest3
2158 1393 2233 1417 nam
2254 1385 2344 1426 prior

1286 1441 1428 1474 mundus
1445 1450 1509 1474 11011
1530 1440 1658 1481 interit,
1686 1450 1793 1483 neque
1821 1442 1875 1483 qui
1904 1451 1969 1474 non
1997 1443 2046 1476 est
2073 1443 2185 1476 oritur.
2230 1445 2340 1482 Quum

1287 1510 1363 1534 vero
1377 1500 1456 1533 nihil
1481 1510 1587 1544 neque
1601 1501 1754 1542 accedat,
1772 1510 1877 1543 neque
1896 1502 2051 1543 intereat,
2067 1511 2173 1544 neque
2188 1502 2342 1544 varietur,

1286 1559 1450 1602 quomodo
1472 1569 1584 1593 eorum
1601 1569 1677 1602 quae
1696 1563 1772 1593 sunt
1794 1560 1971 1602 quidquam
1993 1561 2258 1594 transformatum
2275 1561 2341 1594 sit?

1285 1620 1311 1652 si
1333 1619 1409 1661 quid
1427 1619 1514 1653 enim
1529 1618 1617 1652 aliud
1638 1618 1728 1652 fieret
1740 1643 1749 1659 ,
1761 1618 1828 1659 jam
1846 1620 1878 1652 et
1900 1619 2166 1652 transformatum
2180 1623 2279 1653 esset.

1326 1715 1345 1757 5
1370 1718 1420 1748 13.
1439 1716 1551 1756 Neque
1572 1714 1683 1747 dolet:
1703 1723 1768 1747 non
1783 1714 1869 1746 enim
1885 1714 2072 1747 universum
2093 1715 2173 1748 soret
2190 1723 2312 1755 aegrum
2333 1725 2342 1747 :

1286 1785 1390 1818 neque
1407 1776 1492 1808 enim
1509 1775 1616 1816 posset
1632 1782 1758 1814 semper
1774 1782 1844 1806 esse
1865 1782 1914 1806 res
1929 1782 2013 1814 aegra
2033 1783 2041 1805 2
2063 1783 2123 1806 nec
2142 1774 2273 1815 perinde
2292 1775 2343 1806 vi-

1282 1879 1469 1919 conjectura
1487 1887 1544 1918 pro
1560 1878 1642 1920 τριχὶ
1657 1880 1711 1916 μιῆ
1736 1876 1867 1918 μυρίοις.
1915 1876 1999 1915 Quid
2016 1878 2053 1909 L.
2071 1877 2274 1910 Pliilaltlieus
2301 1877 2344 1910 le-

1281 1927 1362 1968 gerit
1381 1926 1437 1967 qui
1458 1925 1714 1966 interpretatur:
1750 1937 1767 1952 ιι
1783 1925 1814 1956 si
1838 1932 1918 1964 erqo
1938 1932 2037 1956 omne
2055 1923 2239 1964 trifariam
2260 1932 2344 1966 pro·

1282 1976 1419 2007 tensum
1432 1972 1580 2014 infinitis
1594 1971 1741 2004 diversis
1754 1970 1907 2004 alterum
1919 1969 2178 2011 fieret,per2'ret
2195 1972 2232 2002 in
2249 1972 2344 2003 omni

1281 2022 1434 2061 tempore
1454 2025 1494 2058 »⁴‚
1513 2028 1578 2051 non
1609 2017 1735 2050 laboro.
1781 2018 1877 2050 Certe
1896 2017 2086 2057 corruptum
2104 2017 2205 2049 fuisse
2233 2016 2342 2049 locum

1282 2067 1312 2099 in
1330 2068 1399 2107 ejus
1413 2067 1522 2100 codice
1538 2075 1576 2099 ex
1591 2065 1652 2097 hac
1662 2064 1926 2105 interpretatione
1938 2065 2082 2104 apparet.
2127 2064 2343 2096 Indicativum

1280 2115 1401 2147 ὁλέεται
1415 2140 1424 2154 ,
1449 2122 1546 2155 quem
1574 2114 1731 2153 sequente
1750 2111 1907 2153 particula
1929 2110 1966 2143 ἄν
1991 2111 2148 2143 intactum
2169 2110 2343 2152 reliquerat

1280 2161 1488 2201 Brandisius,
1506 2159 1632 2192 correxi
1658 2159 1692 2191 in
1711 2158 1826 2191 ὄλοιτο.
1874 2158 2058 2198 Caeteroqui
2083 2157 2238 2199 Bergkius
2266 2159 2286 2190 l.
2311 2167 2342 2201 c.

1281 2219 1313 2251 p.
1336 2212 1375 2242 24
1398 2209 1496 2242 verba
1517 2207 1709 2250 τρισμυρίοις
1725 2207 1808 2239 ἔτεσι
1823 2215 1840 2237 3
1856 2206 1984 2238 Melisso
1997 2205 2143 2246 opposita
2166 2215 2234 2239 esse
2250 2208 2344 2248 putat

1279 2256 1467 2299 Empedocli
1482 2280 1491 2297 ,
1508 2264 1605 2296 quem
1625 2254 1778 2287 statuisse
1794 2253 1958 2285 existimat
1976 2253 2103 2293 triginta
2120 2253 2263 2285 millibus
2281 2262 2342 2286 an-

1279 2313 1398 2336 norum
1416 2302 1573 2335 absolutis
1601 2301 1714 2333 eodem
1744 2300 1852 2332 omnia
1878 2299 1998 2338 redire,
2025 2299 2109 2340 unde
2139 2301 2247 2332 essent
2272 2309 2343 2341 pro-

1282 2351 1376 2384 fecta.
1423 2349 1644 2388 Quamobrem
1680 2348 1745 2380 11110
1792 2346 1934 2379 maxime
1962 2346 2167 2387 Empedoclei
2189 2348 2342 2380 carminis

1280 2398 1453 2432 exordium
1471 2397 1568 2431 refert
1587 2405 1595 2425 ι
1614 2397 1723 2428 Ἔστιν
1738 2395 1874 2436 ἀνάγκης
1888 2398 2012 2436 χρῆμα,
2029 2405 2061 2426 κ,
2075 2405 2105 2428 τ.
2126 2395 2167 2429 λ..
2200 2394 2263 2427 Sed
2279 2395 2341 2427 hcc

1279 2447 1356 2479 licet
1375 2446 1574 2486 ingeniosum
1595 2443 1636 2476 sit
1648 2467 1657 2483 ‚
1669 2445 1777 2475 tamen
1794 2442 1971 2474 admodum
1983 2441 2140 2473 incertum
2158 2442 2218 2473 est.
2236 2442 2338 2482 idem,

1279 2494 1365 2535 quod
1390 2494 1450 2525 Iloc
1477 2492 1655 2533 fragmento
1673 2489 1823 2528 traditur,
1850 2490 2006 2530 placitum
2029 2489 2116 2531 apud
2133 2489 2340 2523 Aristotelem
2382 2529 2385 2531 ,

1279 2541 1336 2573 111).
1357 2540 1397 2573 ἀε
1413 2540 1559 2580 Melisso,
1583 2537 1730 2579 Xenoph.
1746 2538 1778 2569 et
1793 2538 1832 2570 G.
1854 2545 1925 2578 cap.
1955 2538 1970 2569 1
1995 2536 2158 2569 invenitur
2179 2546 2188 2568 :
2214 2540 2341 2570 τοιοῦτο

1279 2589 1311 2621 δὲ
1331 2589 1365 2621 ὃν
1383 2588 1418 2620 τὸ
1450 2587 1481 2620 ἓν
1502 2585 1658 2619 ἁνώδυνόν
1682 2596 1715 2617 τε
1739 2585 1793 2617 καὶ
1822 2583 2018 2624 ἀνάλγητον,
2035 2584 2118 2625 ὑγιές
2144 2595 2178 2616 τε
2191 2585 2245 2616 καὶ
2265 2584 2339 2617 ἄνο-

1279 2648 1334 2668 σον
1359 2636 1455 2675 εἶναι,
1477 2634 1547 2666 οὔτε
1570 2631 1864 2675 μετακοσμούμενον
1891 2633 1994 2671 θέσει,
2012 2631 2083 2663 οὔτε
2109 2630 2339 2673 ἑτεροιούμενον

1279 2683 1370 2720 εἴδει,
1386 2683 1457 2714 οὔτε
1471 2680 1657 2723 μιγνύμενον
1679 2680 1764 2721 ἆλ)ῳ
1775 2689 1782 2696 ·
1797 2679 1880 2711 κατὰ
1900 2678 2003 2711 πάντα
2021 2678 2081 2720 γὰρ
2098 2679 2337 2716 ταῦταπολλά

1278 2742 1311 2762 τε
1327 2731 1362 2762 τὸ
1382 2730 1413 2762 ἓν
1430 2729 1610 2771 γίγνεσθαι,
1624 2728 1677 2760 καὶ
1700 2728 1736 2760 τὸ
1754 2727 1796 2768 μὴ
1811 2726 1846 2758 ὂν
1871 2727 2075 2766 τεκνοῦσθαι,
2087 2726 2140 2757 καὶ
2157 2726 2193 2758 τὸ
2207 2725 2241 2758 ὃν
2256 2726 2339 2766 φθεί-

1279 2780 1384 2821 ρεσθαι
1405 2777 1632 2818 ἀναγκάζεσθαι
1643 2785 1651 2793 ·
1666 2778 1764 2808 ταῦτα
1781 2775 1814 2807 δὲ
1834 2774 1972 2807 ἀδύνατα
1985 2774 2078 2806 εἷναι.

1321 2825 1340 2868 5
1354 2830 1404 2858 12.
1421 2825 1538 2866 Scripsi
1549 2833 1623 2857 cum
1636 2823 1777 2857 Prellero
1793 2823 1813 2856 l.
1833 2823 1855 2855 1.
1872 2831 1903 2863 p.
1922 2826 1980 2855 106
1995 2823 2011 2854 ὁ
2025 2822 2084 2863 γὰρ
2098 2821 2217 2863 κόσμος
2231 2823 2248 2854 ὁ
2265 2822 2339 2864 πρό-

1279 2875 1350 2906 σθεν
1367 2874 1427 2905 ἐὼν
1445 2873 1503 2905 οὐκ
1522 2872 1694 2905 ἀπόλλυται
1705 2882 1715 2912 ;
1741 2870 1837 2911 vulgo
1855 2870 1940 2903 enim
1960 2870 2126 2902 ἀπολέεται
2158 2870 2209 2901 hic
2227 2878 2338 2902 exara-

1279 2924 1342 2952 tur.
1389 2920 1511 2952 Deinde
1530 2919 1562 2951 in
1579 2919 1686 2951 verbis
1699 2921 1762 2955 κῶς
1777 2919 1815 2951 ἂν
1844 2918 2079 2958 μετακοσμηθὲν
2099 2921 2161 2949 τῶν
2178 2917 2293 2949 ἐόντων
2307 2928 2336 2949 τι

1277 2968 1324 3006 εἴη
1339 2993 1347 3007 ,
1362 2976 1435 3008 quae
1448 2966 1557 2999 omisit
1579 2966 1739 2999 Prellerus
1749 2990 1758 3007 ,
1773 2965 1820 3004 εἴη
1837 2964 1989 2997 substitui
2005 2974 2063 3005 pro
2077 2964 2110 3006 ᾖ.

1318 3015 1338 3056 5
1357 3018 1406 3048 13.
1426 3017 1486 3047 Ρ10
1512 3014 1581 3047 οὐδὲ
1599 3014 1663 3056 ἔχει
1681 3013 1754 3052 Ιἱσην
1783 3013 1912 3055 δύναμιν
1926 3015 1972 3053 τῷ
1997 3013 2079 3053 ὑγιέῖ
2103 3020 2176 3044 cum
2195 3011 2337 3044 Prellero

1277 3063 1361 3096 edidi
1382 3062 1446 3095 οὐδ’
1461 3063 1499 3094 ἂν
1516 3062 1597 3104 ἔχοι.
1643 3062 1752 3094 Verba
1776 3061 1839 3093 ἀπὸ
1864 3061 1923 3102 γὰρ
1941 3061 1978 3092 ἂν
1994 3061 2098 3092 ὄλοιτο
2115 3060 2158 3092 ob
2174 3068 2279 3091 raram
2302 3060 2336 3092 111

1277 3111 1381 3143 soluta
1397 3111 1541 3143 oratione
1567 3110 1685 3142 tmesiu
1709 3118 1766 3151 pro
1788 3109 1939 3142 ἀπόλοιτο
1969 3108 2028 3150 γὰρ
2055 3109 2093 3140 ἂν
2118 3107 2336 3140 memorabilia

1276 3160 1363 3191 sunt.
1384 3157 1538 3191 Similiter
1567 3157 1749 3190 Herodotus
1770 3158 1860 3197 VIII,
1879 3159 1918 3189 89
1936 3168 1943 3187 :
1963 3156 1995 3188 ἐν
2012 3155 2045 3187 δὲ
2064 3158 2110 3195 τῷ
2132 3154 2220 3196 πόνῳ
2233 3155 2335 3195 τούτῳ

1275 3206 1338 3238 ἀπὸ
1365 3206 1419 3246 μὲν
1435 3206 1524 3238 ἔθα-ιε
1551 3206 1567 3238 ὁ
1586 3205 1757 3247 στρατηγὸς
1778 3203 1982 3246 Ἀριαὸίγνης.
2029 3205 2126 3235 Porro
2146 3202 2244 3239 ωὒτὸς
2260 3201 2335 3234 dedi

1277 3262 1335 3295 pro
1354 3255 1370 3285 ὁ
1387 3252 1493 3290 αὐτὸς.
1541 3265 1556 3280 τι
1576 3254 1612 3284 111
1632 3251 1805 3291 extremis,
1820 3252 1926 3292 inquit
1942 3249 2126 3290 Prellerus,
2141 3251 2158 3282 ὁ
2173 3249 2264 3290 λόγος
2280 3249 2334 3280 ἀλ·

1275 3301 1356 3341 γέων
1375 3300 1488 3333 eadem
1508 3299 1661 3341 loquendi
1679 3299 1802 3332 ratione
1815 3298 1939 3331 dictum
1952 3300 2021 3337 est,
2041 3306 2105 3338 qua
2129 3299 2145 3329 ὁ
2158 3295 2248 3337 λόγος
2264 3296 2335 3327 λαν-

1277 3348 1397 3388 θάνων,
1418 3347 1629 3390 ψευδόμενος,
1645 3346 1761 3379 similia
1780 3357 1816 3388 »3
1834 3345 1920 3387 quod
1937 3353 2051 3377 vereor
2068 3347 2104 3376 ut
2124 3346 2210 3376 recte
2224 3351 2258 3375 se
2277 3342 2334 3374 lia-

1276 3395 1359 3428 beat.
1406 3395 1442 3428 οὗ
1456 3394 1514 3436 γὰρ
1536 3394 1638 3435 ἀλγέει
1655 3395 1672 3426 ὀ
1689 3394 1798 3435 λόγος,
1813 3393 1894 3426 ἀλλὰ
1909 3393 1976 3435 περὶ
1992 3395 2047 3424 τοῦ
2066 3391 2227 3430 ἀνιῆσθαι,
2249 3385 2335 3445 τοῦτ’

1275 3443 1341 3475 ἐστι
1368 3443 1438 3484 περὶ
1465 3444 1522 3475 τοῦ
1545 3442 1719 3483 ἀνιωμένου
1743 3441 1857 3477 παντὸς
1871 3465 1880 3481 ,
1903 3441 2002 3477 ωὑτὸς
2015 3439 2106 3478 λόγος
2124 3441 2170 3480 τῷ
2192 3438 2333 3478 ἀλγεοντι

1276 3490 1380 3523 παντί.
1427 3489 1601 3522 Ρ111131111ε1
1619 3488 1863 3530 interpretatio,
1881 3496 1978 3529 quam
1995 3487 2034 3519 ad
2057 3487 2138 3518 113110
2161 3485 2192 3518 et
2211 3493 2330 3526 praece-
