2612 3814
230 296 308 330 410

229 373 363 427 possit.
421 372 496 411 Sed
525 372 648 420 illud,
669 372 775 425 quod
807 373 1006 412 enarravit
1026 386 1186 411 aureum
1207 373 1288 424 Py-

1157 290 1226 329 Di:
1258 290 1450 330 HIEROC
1460 289 1535 330 LE.

1349 373 1454 411 mine
1474 373 1515 411 in
1530 371 1707 410 omnium
1725 373 2010 426 discipulorum
2025 388 2138 413 usum
2153 375 2349 427 simulque
2368 375 2410 415 in

228 435 502 484 thagoreorum
524 446 679 472 carmen
703 434 782 485 (10)
802 446 824 472 a
839 447 922 484 quo
944 433 1203 485 compositum
1222 433 1286 481 sit,
1351 432 1560 484 aequalium
1584 441 1622 470 et
1644 441 1891 484 posterorum
1912 434 2075 485 gratiam
2096 434 2195 473 hanc
2215 435 2411 475 universae

227 493 353 544 quaeri
375 492 478 531 inter
493 492 669 531 eruditos
691 493 802 531 solet.
863 492 1034 544 Namque
1049 493 1130 544 ipse
1146 492 1289 543 Pytha-

229 567 342 602 goras
361 554 502 591 horum
524 565 708 591 versuum
733 561 868 590 auctor
890 566 968 590 non
990 560 1068 600 est,
1086 565 1155 603 per
1174 565 1288 603 quem
1350 549 1520 601 ἐπιτομὴν
1547 550 1690 589 litteris
1707 552 1959 602 consignasse
1987 554 2083 606 (14).

223 612 333 662 jurat
359 612 528 664 scriptor
548 624 665 650 versu
699 618 745 659 47
772 610 829 648 ναὶ
852 610 902 661 μὰ
922 609 980 648 τὸν
1014 610 1171 662 ἁμετέρα
1190 611 1289 662 ψυχᾷ

229 670 435 724 παραδόντα
471 670 684 723 τετρακτύν,
705 693 759 701 -·
794 683 914 721 quum
951 669 1143 708 doctrinae
1173 669 1290 718 hujus

1351 491 1573 543 disciplinae
1600 504 1622 529 a
1650 492 1838 542 magistro
1859 493 2008 534 traditae
2035 495 2149 546 quasi
2186 493 2328 548 σύνοψιν
2348 495 2411 534 καὶ

2144 554 2175 592 Ε
2193 554 2411 607 Chrysippi

1349 618 1475 647 autem
1498 609 1631 648 verbis
1651 623 1739 662 quae
1761 611 1915 651 Gellius
1937 614 2111 652 servavit
2136 627 2326 666 apparere
2348 627 2412 653 ar-

1351 668 1492 715 bitror,
1517 683 1638 721 quum
1661 670 1818 710 Stoicus
1834 670 1916 723 jam
1942 672 2205 725 philosophus
2226 674 2308 712 haec
2332 673 2412 726 Py-

228 730 471 769 conditorem
493 730 593 768 nihil
615 730 821 782 scripsisse
841 730 944 767 inter
970 729 1179 781 plerosque
1215 742 1284 767 au·
1321 728 1325 796 Ι
1352 729 1627 779 thagoreorum
1649 739 1843 783 praecepta
1863 732 2043 771 versibus
2063 732 2217 772 inclusa
2235 733 2413 784 noverit,

229 799 356 830 ctores
370 790 580 829 conveniat
597 789 629 842 (1
642 789 690 841 1),
706 801 941 840 quamquam
963 802 1042 827 non
1057 788 1287 836 defuerunt,

226 851 296 902 qui
314 851 446 889 Samio
463 848 701 901 philosopho
715 861 803 886 cum
817 848 895 886 alia
912 848 1059 900 scripta
1080 848 1159 899 (ια)
1176 876 1186 895 ,
1208 857 1288 886 tum

227 908 309 947 haec
342 921 457 947 aurea
477 908 577 946 dicta
610 906 829 945 tribuerent
863 905 927 960 (†).
987 907 1119 958 Neque
1151 920 1248 946 vero
1269 921 1290 946 e

228 967 484 1018 Pythagoreis
515 966 723 1017 quisquam
750 965 966 1014 invenitur,
995 978 1110 1017 quem
1140 966 1286 1018 proba-

228 1027 305 1065 bile
325 1027 375 1066 sit
394 1026 468 1064 hoc
485 1038 640 1064 carmen
657 1026 925 1077 composuisse
939 1034 1082 1078 praeter
1103 1025 1286 1077 Lysidem

224 1088 274 1126 de
295 1101 372 1138 quo
394 1087 497 1125 infra
516 1086 642 1125 dicam
658 1086 753 1138 (13).
813 1086 949 1138 ltaque
969 1087 1104 1125 multis
1120 1087 1290 1126 maxime

226 1148 294 1186 illa
323 1146 512 1199 probatur
540 1146 678 1198 opinio
697 1160 785 1198 quae
815 1155 853 1185 et
886 1147 1084 1199 plerisque
1112 1156 1288 1187 veterum

225 1207 378 1254 arrisit,
400 1206 693 1258 Pythagoreum
714 1206 884 1258 aliquem
911 1206 1033 1245 totius
1064 1215 1187 1245 coetus
1217 1222 1291 1246 no-

269 1334 335 1376 (10)
353 1334 402 1367 Τὰ
430 1337 535 1377 χρυσᾶ
551 1338 614 1367 τῶν
641 1334 864 1376 Πυθαγορείων
894 1334 954 1373 ἔπη
975 1334 1175 1376 interpretari
1197 1336 1285 1369 soleo

223 1390 360 1416 aureum
380 1383 655 1423 Pythagoreorum
673 1390 814 1414 carmen.
835 1382 999 1414 interdum
1014 1391 1113 1414 aurea
1130 1383 1215 1416 dicta
1239 1383 1288 1416 vel

224 1437 343 1462 aureos
359 1436 472 1461 versus
496 1428 575 1460 dixi.
609 1427 715 1468 vulgo
743 1428 828 1461 male
847 1430 981 1460 vertunt
1001 1437 1098 1461 aurea
1124 1429 1288 1470 carmina,

227 1475 317 1518 quod
332 1475 431 1508 etiam
451 1474 672 1508 Gaissordium
690 1474 804 1507 secisse
821 1474 930 1507 miror.

268 1523 335 1564 (11)
349 1524 399 1556 Cf.
417 1523 542 1556 Fabric.
563 1522 645 1555 Bibl.
671 1523 729 1554 Gr.
745 1522 810 1555 vol.
828 1522 841 1554 1
864 1531 895 1562 p.
920 1525 981 1555 779
999 1522 1051 1555 ed.
1071 1522 1162 1555 Harl.

271 1571 337 1611 (12)
359 1571 409 1604 Cf.
430 1570 522 1611 Diog.
539 1572 645 1603 Lacu-t.
663 1571 754 1608 viti,
778 1572 796 1603 7
817 1571 851 1602 et
877 1570 1003 1602 Fabric.
1022 1570 1104 1603 Bibl.
1119 1571 1176 1602 Gr.
1194 1571 1258 1604 vol.
1276 1572 1290 1605 1

225 1626 259 1659 p.
283 1621 343 1657 782
358 1627 449 1659 seqq.

269 1665 319 1706 (†)
336 1666 502 1707 Epictetus
514 1665 569 1698 lib.
589 1665 634 1698 lv
652 1673 681 1696 c.
703 1668 722 1696 6
737 1673 770 1706 p.
794 1666 856 1697 473
874 1664 926 1697 ed.
945 1666 1069 1698 Genev.
1090 1667 1144 1705 (τὸ
1157 1669 1213 1698 τοῦ
1231 1669 1291 1699 Πυ-

224 1713 361 1756 θαγόρου
385 1712 561 1754 laudans);
591 1712 741 1746 Clemens
765 1712 858 1745 Alex.
886 1712 943 1745 lib.
964 1715 976 1745 1
997 1722 1025 1745 c.
1062 1716 1099 1745 10
1122 1713 1290 1755 paedagogi

226 1769 299 1802 pag.
319 1763 375 1794 154
390 1760 442 1794 ed.
465 1762 571 1794 Oxon.
588 1772 596 1793 :
616 1760 699 1801 Καὶ,
717 1761 770 1802 μοὶ
788 1761 896 1800 δοκεῖ,
914 1761 1015 1798 συνεὶς
1029 1764 1123 1793 τοῦτο
1139 1762 1156 1794 ὁ
1173 1761 1290 1803 Σάμιος

224 1808 432 1851 παραγγέλλει
451 1807 636 1850 Πυθαγόρας
648 1832 657 1849 ,

311 1873 406 1906 Δειλὰ
422 1873 477 1916 μὲν
500 1873 651 1916 ἐκπρήξας
665 1873 858 1912 ἐπιπλήσσεο
870 1897 879 1915 ,
894 1873 1016 1915 χρηστὰ
1030 1873 1083 1913 δέ,
1102 1874 1224 1915 τέρπευ.

229 1943 447 1985 Hieronymus
465 1946 577 1976 contra
593 1943 745 1977 Rufinum
760 1957 768 1976 ε
787 1944 922 1984 Respice
935 1953 1067 1976 omnem
1081 1953 1171 1977 oram
1189 1945 1290 1978 ltaliae

226 1999 303 2033 qum
330 1991 495 2032 quondam
514 2000 632 2033 magna
656 1991 783 2024 Graecia
806 1991 986 2032 dicebatur,
1006 1995 1038 2026 et
1060 1992 1289 2034 Pythagorico-

230 2047 304 2071 rum
321 2037 509 2079 dogmatum
526 2039 625 2072 incisa
640 2039 903 2081 publicislitteris
921 2048 985 2072 aera
1000 2049 1165 2080 agnosces.
1188 2041 1291 2082 Cujus

227 2086 313 2118 enim
333 2088 409 2119 sunt
432 2086 484 2119 illa
499 2090 602 2129 χρυσᾶ
617 2088 883 2130 παραγγέλματα,
904 2097 1011 2121 nonne
1029 2089 1242 2130 Pythagorae?
1259 2091 1289 2122 in

226 2133 346 2175 quibus
358 2134 466 2167 omnia
491 2135 561 2175 eJus
579 2135 624 2167 ita
643 2135 785 2168 breviter
801 2135 953 2176 dogmata
973 2137 1192 2178 continentur,
1209 2140 1242 2171 et
1258 2138 1290 2170 in

227 2189 304 2221 quae
324 2181 480 2214 latissimo
500 2191 599 2222 opere
622 2182 834 2224 philosophus
861 2184 1102 2216 commentatus
1126 2186 1174 2216 est
1202 2187 1290 2218 Jam-

229 2227 356 2261 blichus
368 2252 378 2269 ,
395 2228 540 2261 imitatus
553 2237 591 2261 ex
614 2232 703 2270 parte
716 2229 919 2261 Moderatum
940 2229 1047 2262 virum
1066 2230 1291 2272 eloquentissi-

229 2284 320 2308 mum
342 2277 375 2308 et
400 2275 597 2318 Archippum
634 2284 673 2309 ac
704 2276 856 2317 Lysidem
889 2276 1082 2318 Pythagorae
1114 2274 1289 2312 auditores,

230 2323 416 2356 chalcidius
442 2331 515 2365 pag.
548 2326 609 2356 229
639 2332 649 2355 :
678 2324 880 2366 Pythagoras
904 2324 1002 2357 etiam
1028 2324 1060 2357 in
1095 2327 1164 2359 suis
1185 2328 1292 2361 aureis

230 2369 376 2403 versibus
393 2379 403 2402 ι

314 2430 456 2471 Corpore
472 2428 618 2470 deposito
631 2438 733 2470 quum
750 2429 831 2462 liber
845 2429 886 2461 ad
903 2430 1026 2463 aethera
1043 2439 1175 2473 perges,

313 2476 430 2510 evades
447 2476 611 2509 hominem
632 2477 735 2510 sactus
750 2476 830 2509 deus
843 2477 974 2510 aetheris
986 2478 1076 2511 almi.

230 2539 373 2572 Galenus
392 2540 434 2573 de
449 2540 674 2582 dignoscendis
686 2541 859 2574 affectibus
872 2542 953 2575 tom.
973 2544 1018 2575 vi
1027 2551 1059 2584 p.
1077 2547 1137 2576 528
1148 2543 1200 2576 ed.
1217 2545 1289 2578 Par.

230 2587 427 2630 παραινέσεις
450 2589 529 2620 citat
550 2589 719 2630 φερομένας
738 2591 781 2627 ὡς
801 2589 988 2632 Πυθαγόρου
1005 2590 1067 2623 hoc
1088 2590 1196 2632 ipsum
1222 2601 1293 2625 car·

233 2642 308 2666 nien
330 2633 520 2675 intelligens,
535 2635 652 2667 Suidas
667 2644 700 2668 v.
720 2636 906 2678 Πυθαγόρας
920 2636 1036 2678 Σάμιος
1046 2646 1054 2654 ·
1074 2638 1153 2676 τινὲς
1166 2638 1199 2672 δὲ
1215 2639 1290 2672 ἀνα-

230 2682 369 2714 τιθέασιν
379 2682 465 2723 αὐτῷ
485 2683 539 2714 καὶ
557 2682 598 2715 τὰ
611 2686 715 2725 χρυσᾶ
736 2684 806 2722 ἔπη.

278 2729 344 2771 (13)
365 2729 429 2761 Α111
460 2730 626 2771 Lysidem,
656 2731 710 2763 alii
738 2731 943 2772 Philolaum,
962 2733 1015 2766 alii
1038 2733 1291 2775 Epicharmum‚

231 2774 288 2808 alii
308 2773 448 2817 denique
467 2777 699 2818 Empedoclem
726 2778 878 2812 carminis
904 2779 1001 2820 hujus
1031 2784 1196 2814 auctorem
1223 2791 1293 2814 esse

235 2822 417 2856 voluerunt.
438 2823 564 2856 Arrian.
583 2825 721 2866 Epictet.
741 2827 800 2864 ill,
828 2830 864 2859 10
887 2827 979 2868 plura
999 2828 1084 2860 dicta
1107 2829 1197 2862 1111110
1227 2837 1287 2861 au·

238 2872 329 2902 ctore
342 2869 474 2902 laudato
489 2871 636 2912 usurpat.
651 2871 783 2904 Procius
792 2874 842 2905 111
858 2874 889 2906 111
908 2874 990 2908 Plat.
1013 2876 1085 2908 Tim
1111 2881 1223 2918 11.,155
1238 2877 1292 2910 τὸν

233 2919 298 2949 τῶν
313 2921 440 2959 χρυσῶν
454 2917 540 2950 ἐπῶν
553 2919 673 2961 πατέρα
687 2919 776 2952 dicit.
796 2921 959 2954 Hierocles
974 2923 1028 2955 τὸν
1045 2927 1107 2955 τῶν
1127 2924 1211 2957 ἐπῶν
1225 2925 1294 2958 τού·

233 2966 499 3052 τῗνὶιὶγιγςαφέα
521 2974 554 3007 p.
573 2968 634 2999 230
655 2965 707 2999 ed.
728 2967 819 2999 Curi.
842 2967 924 3007 (170
949 2969 1001 3001 ed.
1021 2970 1158 3011 Needh.;
1176 2980 1209 3013 p.
1231 2973 1290 3004 224

232 3021 252 3045 e
278 3035 286 3044 .
333 3021 395 3044 51.
424 3036 432 3045 .

277 3058 343 3100 (14)
359 3059 566 3101 Pythagoreis
577 3059 638 3092 hoc
650 3060 841 3101 opusculum
854 3062 985 3095 ascribit
998 3063 1198 3106 Chrysippus
1206 3066 1292 3107 apud

235 3107 377 3140 Gellium
399 3109 458 3148 Vl,
485 3111 504 3140 2
524 3107 574 3140 his
594 3108 703 3141 verbis
734 3121 743 3141 ι
771 3109 833 3142 ὑπὸ
861 3113 924 3142 τῶν
952 3111 1175 3153 Πυθαγορείων
1193 3115 1293 3151 οὕτως

233 3154 350 3195 εἴρηται
361 3163 369 3172 ·

276 3201 391 3242 γνώσει
408 3199 436 3233 δ’
453 3200 633 3243 ἀνθρώπους
649 3201 816 3244 αὐθαίρετα
832 3203 950 3244 πήμαθ’
982 3203 1126 3245 ἑλόντας,

235 3249 277 3284 ὡς
300 3251 363 3280 τῶν
381 3247 507 3289 βλαὸῶν
526 3247 670 3286 ἑκάστοις
686 3250 760 3291 παρ’
784 3251 888 3287 αὐτοῖς
906 3250 988 3293 [leg.
1005 3252 1078 3294 παρ’
1101 3253 1212 3291 αὐτοὺς
1223 3278 1232 3294 ,
1250 3255 1292 3288 cs.

234 3294 309 3327 adu.
330 3295 370 3327 ad
385 3304 457 3337 pag.
483 3295 564 3337 162]
581 3298 752 3338 γινομένων
766 3299 820 3330 καὶ
837 3297 906 3330 καθ’
929 3299 1026 3340 ὁρμὴν
1040 3299 1142 3332 αὐτῶν
1157 3301 1295 3344 ἁμαρτα-

235 3342 352 3375 νόντων
364 3353 398 3375 τε
414 3344 469 3375 καὶ
485 3343 709 3385 βλαπτομένων
724 3345 779 3377 καὶ
792 3346 875 3377 κατὰ
892 3346 948 3384 τὴν
965 3345 1069 3378 αὐτῶν
1085 3345 1224 3381 διάνοιαν
1240 3350 1294 3381 καὶ

235 3390 391 3430 πρόθεσιν.
410 3391 502 3423 coni.
519 3391 724 3425 Jamhlichus
744 3392 802 3425 vit.
827 3393 956 3435 Pythag.
981 3402 1053 3435 pag.
1079 3398 1147 3428 138.

277 3437 432 3470 Similiter
467 3438 658 3471 Plutarchus
683 3440 851 3472 consolat.
876 3440 916 3472 ad
935 3441 1141 3483 Apollonium
1163 3443 1228 3476 vol.
1247 3446 1292 3477 Vl

236 3491 267 3523 p·
293 3485 354 3516 443
371 3484 422 3517 ed.
444 3484 548 3518 Reisk.
566 3497 575 3518 ι
591 3486 696 3524 καλῶς
712 3486 739 3518 δ’
754 3487 783 3518 οἱ
802 3486 1008 3528 Πυθαγόρειοι
1029 3488 1294 3529 παρεκελεύσαντο

235 3531 390 3571 λέγοντες·
1141 3560 1144 3563 -

1350 788 1517 840 ejusque
1543 788 1625 827 vita
1658 789 1700 828 in
1721 789 1878 828 tertium
1901 799 1989 829 ante
2020 791 2115 832 Chr.
2144 806 2184 831 n.
2222 793 2410 832 saeculum

1350 847 1523 895 incidat,
1547 860 1704 886 carmen
1724 847 1799 887 hoc
1827 849 1869 887 in
1899 849 2120 902 disciplinae
2142 851 2414 902 Pythagoricae

1351 907 1619 945 monumentis
1670 907 1871 946 numerari
1918 916 2113 960 oportere.
2174 909 2270 948 Nam
2319 922 2416 949 cave

1351 975 1463 1018 putes
1503 966 1586 1005 haec
1617 979 1733 1005 aurea
1769 967 1873 1005 dicta
1899 968 2151 1019 supposititia
2176 981 2261 1008 esse
2286 981 2416 1021 neque

1351 1025 1479 1077 pluris
1500 1026 1681 1064 facienda
1694 1055 1704 1074 ,
1725 1039 1842 1078 quam
1865 1027 2053 1078 pleraque
2078 1026 2414 1079 Pythagoreorum

1322 1090 1324 1106 ³
1351 1085 1498 1137 scripta
1520 1094 1558 1124 et
1592 1086 1828 1138 fragmenta,
1852 1099 1939 1138 quae
1966 1087 2097 1139 primo
2129 1095 2219 1126 ante
2247 1087 2344 1127 Chr.
2365 1101 2407 1128 n.

1352 1150 1499 1188 saeculo
1520 1150 1573 1189 ob
1594 1160 1822 1189 renovatam
1857 1152 2140 1191 nonnullorum
2163 1152 2304 1191 studiis
2330 1152 2415 1205 pri·

1353 1221 1457 1247 scam
1481 1210 1714 1261 Pythagorae
1732 1211 1921 1249 rationem
1937 1211 2139 1250 veteribus
2159 1211 2417 1263 Pythagoreis

1436 1339 1520 1372 ὅσσα
1533 1339 1566 1372 δὲ
1583 1339 1763 1382 δαιμονίῃσι
1781 1339 1890 1382 τύχαις
1917 1341 2022 1382 βροτοὶ
2043 1340 2128 1382 ἄλγε’
2146 1341 2292 1383 ἔχουσιν,

1444 1387 1482 1425 ἢν
1501 1387 1539 1419 ἂν
1556 1390 1666 1429 μοῖραν
1685 1387 1775 1429 ἔχῃς,
1790 1388 1905 1427 ταύτην
1922 1389 1975 1430 ἔχε
1986 1412 1995 1429 ,
2017 1387 2089 1430 μηδ’
2106 1388 2286 1430 ἀγανάκτει.

1354 1477 1488 1510 Correxi
1502 1477 1665 1519 vulgatam
1686 1478 1878 1520 scripturam
1895 1487 1971 1521 quae
1991 1479 2039 1511 est
2059 1479 2103 1510 ὧν
2127 1479 2166 1511 ἂν
2189 1482 2302 1521 μοῖραν
2319 1478 2414 1521 ἔχοις.

1354 1523 1404 1556 Id.
1428 1524 1470 1557 de
1488 1524 1599 1557 Placit.
1619 1525 1737 1567 philos.
1764 1526 1821 1558 lib.
1839 1528 1855 1559 1
1873 1526 1954 1567 (voi.
1977 1528 2020 1559 ΙΧ
2041 1535 2072 1568 p.
2092 1528 2154 1559 476
2179 1525 2232 1558 ed.
2254 1526 2363 1559 Reisk.
2377 1526 2415 1567 ):

1352 1572 1403 1604 διὸ
1419 1572 1473 1604 καὶ
1488 1571 1673 1613 ἐφθέγγοντο
1687 1574 1717 1606 οἱ
1743 1574 1955 1615 Πυθαγορικοὶ
1978 1576 2021 1611 ὡς
2042 1573 2194 1616 μεγίστου
2216 1573 2311 1615 ὅρκου
2331 1573 2418 1612 ὄντος

1350 1624 1405 1660 τῆς
1420 1621 1580 1663 τετράδος·

1437 1713 1474 1745 οὗ
1488 1712 1532 1754 μὰ
1547 1713 1601 1745 τὸν
1614 1712 1750 1755 ἁμετέρα
1759 1714 1848 1755 ψυχᾷ
1869 1712 2050 1755 παραδόντα
2064 1713 2250 1754 τετρακτύν,

1437 1760 1544 1800 παγὰν
1563 1760 1676 1793 ἀενάου
1692 1761 1814 1803 φύσεως
1826 1760 1976 1803 ῥιζώματ’
1993 1761 2145 1803 ἔχουσαν.

1395 1851 1587 1890 Anonymus
1599 1849 1737 1890 scriptor
1751 1847 1764 1891 [
1778 1847 2002 1891 Porphyrius]
2025 1847 2066 1881 de
2078 1847 2214 1881 Homeri
2230 1848 2318 1890 poesi
2331 1849 2418 1890 apud

1352 1898 1526 1929 Ernestum
1548 1897 1580 1928 in
1597 1896 1675 1929 edit.
1694 1896 1827 1930 Homeri
1846 1898 1926 1930 tom.
1949 1898 1979 1926 V
1995 1905 2028 1938 p.
2053 1897 2138 1929 2301
2153 1895 2239 1938 παρὰ
2262 1899 2357 1929 τοῦτο
2385 1896 2420 1930 δέ

1353 1945 1420 1977 ἐστι
1437 1943 1500 1987 [τὸ]
1515 1944 1728 1987 πυθαγορικόν
1739 1953 1747 1960 ·

1439 2033 1524 2067 ὅσσα
1538 2045 1572 2066 τε
1586 2033 1784 2076 δαιμονίαισι
1803 2032 1914 2075 τύχαις
1932 2033 2038 2075 βροτοὶ
2058 2032 2144 2074 ἄλγε’
2161 2032 2311 2075 ἔχουσιν,

1436 2083 1474 2122 ἣν
1493 2083 1530 2114 ἂν
1549 2086 1660 2124 μοῖραν
1680 2082 1755 2124 ἔχῃς
1769 2105 1779 2122 ,
1800 2080 1910 2123 πρᾴως
1924 2081 1994 2123 φέρε
2017 2081 2090 2122 μηδ’
2109 2081 2290 2121 ἀγανάκτει.

1352 2173 1478 2206 Inserui
1500 2174 1538 2206 τὸ
1567 2173 1736 2214 flagitante
1768 2171 1946 2212 sententia,
1975 2179 2074 2213 quam
2100 2170 2148 2204 sic
2173 2170 2328 2212 exprimit
2349 2172 2416 2212 Xy-

1354 2220 1465 2253 lander
1484 2233 1492 2252 :
1525 2220 1606 2253 hinc
1627 2219 1722 2252 illud
1742 2218 1979 2260 Pythaqorae5
1996 2218 2133 2250 fortasse
2155 2218 2298 2259 rectius,
2319 2224 2418 2259 quam

1353 2269 1378 2300 si
1401 2268 1582 2309 scripsisset
1603 2267 1898 2309 Pythaqoricum,
1917 2265 2077 2307 siquidem
2095 2265 2181 2298 idem
2193 2265 2328 2308 scriptor
2339 2273 2418 2306 pau-

1353 2316 1398 2348 cis
1417 2315 1568 2348 versibus
1583 2314 1763 2356 interjectis
1781 2313 1881 2347 habet
1895 2326 1903 2347 1
1918 2314 1935 2346 ὁ
1948 2314 1981 2346 δὲ
1999 2313 2206 2355 Πυθαγόρας·

1437 2404 1551 2437 Φείδεο
1564 2408 1618 2443 τῆς
1634 2406 1715 2443 ζωῆς
1725 2427 1735 2443 ,
1750 2403 1793 2446 μή
1812 2415 1864 2444 μιν
1885 2403 2204 2446 καταθυμοὸορήσῃς,

1352 2502 1450 2535 quem
1475 2503 1605 2526 versum
1639 2495 1672 2527 et
1706 2493 1855 2527 Stobaeus
1881 2493 2078 2533 Pythagorae
2110 2492 2227 2525 tribuit
2263 2491 2414 2534 Florileg.

1351 2550 1448 2573 serm.
1471 2543 1540 2573 123.

1397 2587 1498 2621 1)11νί(1
1528 2587 1647 2621 Scholl.
1663 2587 1794 2620 Aristot.
1813 2596 1845 2628 p.
1872 2590 1911 2620 13
1933 2586 1985 2620 ed.
2007 2586 2153 2620 Brandis.
2171 2595 2179 2614 ε
2198 2589 2292 2619 τοῦτο
2310 2585 2344 2618 δὲ
2359 2585 2419 2619 οὐκ

1353 2639 1466 2680 ἔχομεν
1487 2636 1581 2674 δεῖξαι
1596 2636 1659 2668 ἀπὸ
1673 2635 1897 2678 Πυθαγορείων
1916 2634 2194 2677 συγγραμμάτων·
2212 2633 2272 2666 οὐκ
2286 2634 2418 2674 ἐποίησε

1353 2686 1412 2727 γὰρ
1430 2684 1624 2726 σύγγραμμα
1642 2684 1660 2716 ὁ
1677 2683 1864 2725 Πυθαγόρας
1875 2693 1884 2702 ·
1905 2683 1990 2724 ἔλεγε
2011 2682 2071 2724 γὰρ
2091 2682 2138 2714 ὅτι
2159 2681 2196 2714 οὐ
2214 2681 2368 2723 βούλομαι
2383 2681 2418 2714 ἐν

1354 2733 1487 2774 ἀψύχοις
1509 2731 1550 2764 τὰ
1571 2731 1633 2772 ἐμὰ
1660 2731 1845 2763 καταλιπεῖν
1870 2730 2010 2772 (ἄψυχα
2038 2730 2071 2762 δὲ
2089 2728 2193 2762 ἐκάλει
2221 2729 2262 2761 τὰ
2288 2728 2414 2771 βιὸλία)

1354 2779 1420 2812 ἀλλ’
1439 2779 1472 2811 ἐν
1499 2778 1653 2821 ἐμψύχοις
1677 2779 1748 2817 ἤτοι
1768 2778 1800 2810 ἐν
1817 2781 1882 2815 τοῖς
1899 2778 2073 2819 μαθηταῖς,
2097 2777 2207 2813 οἵτινες
2219 2776 2275 2814 καὶ
2289 2775 2416 2818 ἐρωτώ-
2445 2794 2447 2797 -

1355 2837 1441 2868 μενοι
1463 2825 1608 2857 δύνανται
1625 2824 1864 2866 ἀποκρίνεσθαι,
1884 2825 1920 2857 τὸ
1940 2825 1972 2857 δὲ
1987 2824 2108 2867 βιὸλίον
2127 2823 2254 2863 οἰῶ-Καὶ
2269 2823 2314 2861 ὡς
2329 2823 2416 2863 ἔλεγέ

1353 2885 1399 2911 τις
1420 2875 1484 2906 τῶν
1509 2872 1757 2914 Πυθαγορείων,
1781 2872 1819 2904 οὐ
1847 2872 1992 2904 δύνανται
2015 2871 2134 2909 διδάξαι
2158 2881 2196 2912 με
2222 2869 2262 2902 τὰ
2288 2869 2414 2911 3:626oe-

1355 2921 1435 2952 ἄλλα
1456 2919 1517 2961 γὰρ
1533 2918 1581 2951 ἀεὶ
1600 2919 1654 2950 καὶ
1676 2918 1758 2950 ἄλλα
1776 2918 1846 2960 περὶ
1862 2921 1925 2950 τῶν
1942 2917 2046 2949 αὐτῶν
2059 2918 2254 2958 φθέγγομαι,
2273 2915 2310 2947 τὸ
2328 2915 2362 2947 δέ
2378 2925 2415 2956 γε

1355 2967 1475 3009 βιὸλίον
1493 2966 1533 2999 τὰ
1553 2965 1634 2998 αὐτὰ
1658 2964 1707 2997 ἀεὶ
1726 2965 1798 3007 περὶ
1822 2967 1886 2997 τῶν
1903 2965 2007 2997 αὐτῶν
2029 2965 2130 3004 λέγει,
2149 2962 2203 2995 καὶ
2228 2961 2265 2995 οὐ
2286 2962 2415 2994 δύναται

1353 3015 1429 3056 πρὸς
1446 3014 1483 3047 τὸ
1499 3013 1702 3056 ἐρωτώμενον
1719 3011 2083 3054 ἀποκρίνασθαι....μηδ“ε
2099 3010 2158 3053 γάρ
2181 3021 2227 3047 τις
2244 3010 2360 3042 οἰέσθω
2373 3009 2414 3042 τὰ

1354 3065 1458 3104 χρυσᾶ
1474 3062 1534 3101 ἔπη
1552 3060 1650 3094 αὐτοῦ
1665 3061 1763 3100 εἶναι,
1785 3059 1863 3092 ἀλλά
1884 3071 1930 3096 τις
1957 3063 2020 3092 τῶν
2039 3057 2260 3100 Πυθαγορείων
2285 3056 2415 3096 ἐποίησε

1354 3113 1455 3142 ταῦτα
1470 3110 1523 3141 καὶ
1540 3109 1615 3150 πρὸς
1638 3107 1731 3149 τιμὴν
1745 3108 1862 3150 ἔγραψε
1883 3108 1918 3139 τὸ
1932 3107 2033 3148 ὄνομα
2051 3110 2108 3138 τοῦ
2125 3106 2245 3138 οἰκείου
2261 3105 2414 3138 &tamenet-

1354 3158 1423 3190 λου.
1440 3156 1604 3189 Hierocles
1616 3155 1678 3188 snb
1689 3155 1786 3188 tinem
1805 3154 2038 3187 commentarii
2055 3167 2063 3185 ε
2078 3154 2218 3195 ἔστιγὰρ
2232 3153 2321 3185 οὐδὲν
2339 3152 2415 3185 ἄλλο

1355 3205 1395 3237 τὰ
1414 3205 1475 3243 ἔπη
1494 3206 1595 3236 ταῦτα
1625 3204 1646 3243 ἢ
1669 3202 1861 3239 τελειότατος
1883 3202 2048 3244 χαρακτὴρ
2069 3201 2252 3242 φιλοσοφίας
2277 3201 2330 3232 καὶ
2350 3203 2415 3232 τῶν

1355 3251 1673 3294 κεφαλαιωδεστέρων
1707 3249 1802 3289 αὐτῆς
1827 3249 1992 3291 δογμάτων
2019 3249 2153 3289 ἐπιτομὴ
2179 3248 2232 3280 καὶ
2266 3247 2328 3279 ὑπὸ
2353 3250 2415 3280 τῶν

1355 3301 1415 3339 ἤδη
1436 3300 1493 3338 τὴν
1516 3298 1600 3331 θείαν
1622 3298 1714 3340 οἶμον
1734 3296 1978 3335 ἀναὸεὸηκότων
2010 3297 2231 3337 ὕπογραφεῖσα
2253 3297 2322 3331 τοῖς
2347 3293 2415 3334 μετ’

1356 3347 1468 3384 αὐτοὺς
1484 3346 1671 3385 παιδευτική
1688 3343 1908 3386 στοιχείωσις·
1923 3343 1944 3375 ἃ
1974 3343 2012 3382 δὴ
2039 3344 2092 3375 καὶ
2114 3346 2160 3383 τῷ
2176 3342 2241 3374 ὄντι
2264 3341 2347 3373 εἴποι
2369 3352 2415 3379 τις

1357 3396 1394 3426 ἂν
1415 3398 1470 3433 τῆς
1489 3393 1684 3436 ἀνθρωπίνης
1703 3392 1857 3433 εὐγενείας
1871 3392 1950 3424 εἶναι
1968 3391 2134 3433 γνώρισμα
2155 3391 2339 3428 κάλλιστον,
2359 3389 2414 3421 καὶ

1356 3442 1415 3484 οὐχ
1428 3442 1494 3480 ἑνός
1513 3452 1594 3478 τινος
1604 3444 1667 3474 τῶν
1683 3439 1907 3482 Πυθαγορείων
1924 3439 2210 3480 ἀπομνημόνευμα,
2224 3438 2298 3469 ὅλου
2310 3436 2343 3468 δὲ
2357 3438 2414 3468 τοῦ

1356 3490 1440 3531 ἱεροῦ
1451 3488 1607 3529 συλλόγου
1629 3488 1702 3529 καὶ,
1723 3489 1766 3525 ὡς
1784 3487 1822 3519 ἂν
1845 3486 1932 3519 αὐτοὶ
1947 3485 2065 3518 εἷποιεν
2075 3511 2084 3527 ,
2099 3489 2155 3518 τοῦ
2171 3484 2287 3526 ὁμαΐου
2299 3483 2414 3520 παντὸς

1357 3536 1542 3579 ἀπόξθεγμα
1555 3535 1671 3569 κοινόν.
