2612 3814
712 220 957 261 DloGEle
984 219 1362 261 APOLLONIATAE
1389 219 1728 259 FRAGMENTA.

146 313 216 362 8,·τι
237 313 286 365 μὴ
303 311 448 366 μετέχοι
465 309 602 360 τούτου,
633 307 776 361 μετέχει
795 308 831 347 δὲ
851 307 929 347 οὐδὲ
953 307 988 347 ἓν
1020 307 1148 359 ὁμοίως
1165 307 1202 347 τὸ

146 372 264 425 ἕτερον
285 373 336 423 τῷ
361 370 483 424 ἑτέρῳ,
506 367 597 407 ἀλλὰ
627 366 751 406 πολλοὶ
773 366 896 421 τρόποι
925 365 986 405 καὶ
1015 366 1123 404 αὐτοῦ
1141 368 1200 403 τοῦ

147 430 248 484 ἀέρος
267 429 327 469 καὶ
345 432 406 476 τῆς
425 427 562 475 νοήσιός
580 427 679 465 εἶσιν.
695 424 804 466 Ἔστι
821 424 888 477 γὰρ
906 423 1124 478 πολύτροπος
1140 424 1202 463 καὶ

147 489 353 542 θερμότερος
372 487 432 526 καὶ
459 484 672 540 ψυχρότερος
695 483 756 523 καὶ
776 483 957 538 ξηρότερος
974 483 1035 523 καὶ
1054 482 1202 536 ὑγρότε-

147 563 203 602 ρος
224 547 285 587 καὶ
308 545 568 598 στασιμώτερος
587 543 648 583 καὶ
669 541 833 596 ὀξυτέρην
859 543 995 591 κίνησιν
1011 542 1115 595 ἔχων,
1141 541 1202 580 καὶ

147 608 252 648 ἄλλαι
270 605 400 646 πολλαὶ
419 602 633 657 ἑτεροιώσιες
648 601 755 641 ἔνεισι
773 602 834 642 καὶ
853 603 979 650 ἡδονῆς
998 601 1059 640 καὶ
1078 604 1201 654 χροιῆς

147 667 301 720 ἄπειροι.
326 664 399 705 Καὶ
424 663 590 702 ἁπάντων
611 663 680 700 τῶν
699 660 796 714 ζῴων
815 660 889 709 8ὲή
924 659 1021 713 ψυχὴ
1049 660 1089 699 τὸ
1116 658 1201 698 αὐτό

147 726 234 772 ἐστι,
254 722 324 775 ἀὴρ
354 720 558 775 θερμότερος
581 719 644 772 μὲν
671 724 734 760 τοῦ
755 719 838 768 ἔξω,
864 721 899 758 ἐν
927 714 955 773 ᾧ
987 720 1097 770 εἶμεν,
1140 722 1200 757 τοῦ

147 783 267 836 μέντοι
301 781 399 834 παρὰ
419 783 470 834 τῷ
500 780 591 834 ἡλίῳ
617 778 746 819 πολλὸν
765 779 997 834 ψυχρότερος·
1025 779 1144 829 ὅμοιον
1166 777 1202 816 δὲ

146 845 249 882 τοῦτο
267 840 308 879 τὸ
326 840 453 894 θερμὸν
473 840 608 883 οὐδενὸς
625 841 696 877 τῶν
710 837 807 891 ζῴων
828 836 918 884 ἐστί,
941 837 1018 876 ἐπεὶ
1033 837 1111 875 οὐδὲ
1131 839 1200 875 τῶν

149 899 344 953 ἀνθρώπων
377 899 580 946 ἀλλήλοισι,
615 896 707 936 ἀλλὰ
743 895 912 949 διαφέρει,
947 895 1040 947 μέγα
1066 895 1128 946 μὲν
1147 896 1200 946 οὗ,

150 959 227 998 ἄλλ’
246 958 338 996 ὥστε
366 956 601 1010 παραπλήσια
632 949 743 1005 εἶναι,
766 957 804 994 οὗ
831 954 948 1003 μέντοι
976 954 1148 1007 ἀτρεκέως
1162 970 1201 1005 γε

149 1017 269 1070 ὅμοιόν
285 1017 318 1068 γ’
339 1015 407 1056 ε’όν·
433 1014 529 1054 οὐδὲν
558 1015 587 1053 δ’
625 1007 694 1053 οἶόν
713 1029 751 1052 τε
769 1012 929 1066 γενέσθαι
944 1014 1014 1051 τῶν
1031 1014 1202 1065 ἑτεροιου·

150 1075 264 1126 μένων
303 1073 417 1127 ἕτερον
437 1073 576 1126 ἑτέρου,
608 1071 689 1125 πρὶν
709 1071 749 1110 τὸ
769 1072 853 1111 αὐτὸ
872 1071 1031 1123 γένηται.
1049 1069 1132 1110 ‘'A-re
1153 1064 1200 1110 ῶν

148 1133 372 1185 πολυτρόπου
388 1132 509 1179 ἐούσης
531 1134 592 1178 τῆς
610 1129 825 1183 ἑτεροιώσιος
845 1129 1049 1183 πολύτροπα
1070 1129 1131 1169 καὶ
1158 1131 1202 1170 τὰ

149 1196 221 1247 ζῷα
238 1193 297 1232 καὶ
316 1191 444 1240 πολλά,
466 1191 526 1230 καὶ
544 1188 621 1229 οὔτε
646 1189 741 1237 ἰδέην
762 1189 947 1237 ἀλλήλοισι
968 1190 1104 1229 ἐοικότα
1124 1189 1201 1230 οὔτε

151 1251 284 1292 δίαιταν
306 1249 384 1289 οὔτε
397 1249 514 1297 νόησιν
533 1248 600 1288 ὑπὸ
615 1251 677 1287 τοῦ
697 1248 929 1296 πλήθεοςτῶν
951 1248 1196 1302 ἑτεροιωσίων.

147 1310 276 1362 ”Ομως
293 1309 329 1350 δὲ
349 1308 466 1347 πάντα
484 1309 535 1361 τῷ
551 1308 646 1361 αὐτῷ
671 1307 732 1346 καὶ
750 1310 791 1362 ζῇ
809 1307 869 1347 καὶ
900 1310 965 1362 δρᾷ
984 1307 1045 1348 καὶ
1064 1307 1200 1367 ἀκρύει,

148 1370 210 1410 καὶ
225 1368 288 1416 τὴν
313 1368 424 1415 ἄλλην
437 1366 557 1415 νόησιν
576 1365 652 1420 ἔχει
674 1366 742 1406 ὑπὸ
757 1370 817 1406 τοῦ
831 1369 935 1407 αὐτοῦ
954 1367 1083 1407 πάντα.

205 1427 445 1480 (Simplicius
473 1426 689 1466 Comment.
711 1426 752 1465 in
771 1427 891 1467 Arist.
914 1426 1034 1478 Phys.
1059 1426 1129 1466 fol.
1152 1428 1200 1466 33

148 1502 172 1528 a
201 1502 210 1527 z
239 1481 316 1526 εἶτα
346 1488 422 1538 μετ’
444 1485 558 1537 ὀλίγον
586 1487 704 1539 σαφῶς
729 1485 908 1538 ἐπήγαγε·
926 1485 987 1525 καί
1012 1501 1071 1537 μοι
1090 1487 1203 1525 δοκέει

149 1548 227 1586 κτλ.
247 1546 366 1585 Initio
384 1545 579 1597 Simplicii
595 1544 705 1584 codd.
716 1544 907 1584 exhibent
929 1559 939 1583 ε
959 1545 1018 1584 καὶ
1035 1545 1101 1584 ὑπὸ
1120 1544 1203 1583 τού-

149 1622 210 1645 του
230 1605 363 1648 πάντας
379 1604 440 1644 καὶ
463 1603 700 1656 κυὸερνᾶσθαι
712 1633 724 1654 ,
744 1603 814 1642 ubi
831 1604 982 1643 restitui
997 1603 1130 1645 πάντα.
1157 1604 1203 1642 In

149 1665 326 1715 sequenti
346 1664 470 1703 inciso
486 1664 661 1702 omnium
683 1663 994 1702 membranarum
1009 1665 1204 1716 scriptura

150 1732 208 1762 est
236 1738 244 1761 ε
272 1723 342 1762 ἀπὸ
369 1724 437 1774 γάρ
466 1739 525 1772 μοι
552 1722 674 1762 τούτου
691 1721 803 1762 δοκέει
825 1723 899 1768 ἔθος
917 1715 1019 1763 εἶναι.
1039 1724 1113 1762 Sed
1130 1737 1203 1775 pro

150 1778 223 1824 ἔθος
243 1781 435 1819 sententia
465 1782 612 1832 flagitat
639 1781 712 1825 νόος
731 1780 837 1833 quod
869 1782 990 1821 edidi.
1016 1782 1164 1821 Caetera
1182 1795 1204 1820 e

151 1839 353 1878 codicibus
370 1850 542 1879 correcta
556 1849 657 1880 sunt.
672 1840 800 1880 Verba
815 1841 910 1881 οὐδὲν
929 1841 958 1881 δ’
971 1835 1041 1881 οἶόν
1057 1857 1097 1881 τε
1108 1840 1203 1892 γενέ-

152 1900 233 1936 σθαι
252 1901 321 1936 τῶν
341 1899 609 1951 ἑτεροιουμένων
636 1898 752 1951 ἕτερον
784 1898 922 1952 ἑτέρου,
944 1900 1024 1953 πρὶν
1052 1899 1092 1939 τὸ
1120 1898 1206 1938 αὐτὸ

149 1955 296 2007 γένηται
313 1958 360 1996 ad
381 1958 483 1996 aeris
504 1966 679 1997 naturam
700 1967 738 1996 et
760 1959 973 2010 potentiam
993 1960 1203 2012 pertinent.

150 2014 246 2054 Nam
273 2017 404 2055 omnia
423 2017 534 2068 prius
560 2017 714 2064 eadem,
734 2017 775 2055 id
803 2027 874 2067 est,
897 2018 1003 2057 aeria
1034 2018 1203 2066 fuerunt,

153 2087 268 2125 quam
289 2075 502 2114 mutatione
523 2076 620 2114 facta
639 2085 728 2115 sunt
750 2076 936 2128 diversa.)

205 2146 237 2173 7.
258 2136 330 2174 Καὶ
347 2133 432 2173 αὐτὸ
450 2133 513 2185 μὲν
523 2137 626 2173 τοῦτο
636 2134 695 2173 καὶ
707 2131 815 2173 ἀίδιον
833 2134 893 2174 καὶ
905 2134 1075 2174 ἀθάνατον
1088 2136 1206 2185 σῶμα,

149 2193 219 2230 τῶν
239 2192 275 2231 δὲ
295 2192 340 2232 τὰ
359 2193 422 2243 μὲν
441 2192 596 2245 γίνεται,
616 2192 662 2232 τὰ
676 2192 712 2231 δὲ
734 2191 934 2232 ἀπολείπει.

207 2251 448 2305 (Simplicius
473 2252 691 2290 Comment.
714 2252 757 2290 in
785 2251 905 2290 Arist.
930 2252 1047 2303 Phys.
1071 2252 1138 2291 fol.
1158 2252 1205 2288 33

152 2322 175 2348 a
197 2324 206 2349 ι
228 2311 446 2362 Θαυμαστὸν
470 2311 507 2350 δὲ
526 2310 579 2350 ὅτι
598 2310 691 2350 κατὰ
711 2310 907 2365 ἑτεροίωσιν
929 2312 991 2359 τὴν
1021 2311 1082 2350 ἀπ’
1102 2312 1207 2349 αὐτοῦ

155 2367 196 2421 [i.
214 2383 246 2408 e.
266 2374 326 2409 τοῦ
348 2369 461 2424 ἀέρος]
481 2369 592 2421 λέγων
613 2368 658 2408 τὰ
678 2370 770 2407 ἄλλα
792 2369 970 2421 γίγνεσθαι
987 2366 1094 2409 ἀΐδιον
1112 2368 1206 2420 ὅμως

152 2521 185 2552 et
207 2519 240 2552 in
260 2519 401 2560 qualibet
422 2527 456 2550 re
481 2519 597 2550 inesse.
629 2519 739 2559 Neque
757 2518 935 2559 quidquam
964 2521 1012 2551 est
1033 2519 1120 2560 quod
1141 2528 1206 2551 non

152 2577 234 2610 aeris
249 2585 377 2609 consors
387 2576 450 2617 sit;
464 2579 497 2608 at
514 2585 556 2608 ne
569 2585 631 2608 una
645 2576 774 2617 quidem
795 2585 844 2609 res
854 2577 1010 2617 reperitur
1024 2585 1098 2618 quae
1112 2586 1206 2618 aeque

152 2639 249 2676 atque
265 2634 326 2667 alia
346 2634 434 2667 illius
453 2634 656 2667 consortione
682 2635 819 2675 fruatur,
840 2635 895 2667 sed
912 2634 1005 2667 multi
1022 2636 1098 2667 sunt
1117 2635 1205 2667 modi

154 2697 187 2727 et
201 2694 300 2736 ipsius
313 2693 394 2727 aeris
408 2695 441 2726 et
453 2693 680 2734 intelligentiae.
694 2695 748 2726 Est
761 2693 846 2726 enim
863 2702 918 2726 aer
931 2693 1051 2735 varius,
1062 2694 1206 2735 calidior,

153 2752 307 2794 frigidior,
326 2752 451 2793 siccior,
476 2752 652 2792 humidior,
676 2752 826 2794 quietior,
852 2752 1008 2786 celeriore
1023 2756 1114 2785 motu
1137 2752 1204 2794 agi-

153 2813 251 2851 tatus,
272 2813 372 2852 atque
389 2820 464 2843 cum
486 2811 600 2843 multae
615 2810 687 2843 aliae
718 2810 1006 2852 dissimilitudines,
1023 2815 1092 2843 tum
1114 2811 1207 2843 innu-

155 2870 551 2903 merabilesetaft‘ectionis
563 2871 594 2903 et
607 2869 722 2902 coloris
729 2870 897 2903 varietates
910 2870 1032 2903 insunt.
1053 2870 1206 2902 omnium

155 2930 250 2963 etiam
267 2930 454 2963 animalium
470 2929 578 2962 anima
599 2929 684 2962 idem
704 2932 753 2962 est
768 2938 836 2970 aer,
853 2929 985 2962 calidior
997 2929 1128 2971 quidem
1142 2930 1206 2971 spi-

155 2989 218 3022 ritu
227 2989 320 3022 nobis
331 2988 538 3029 circumfuso,
550 2989 605 3022 sed
618 2990 726 3022 tamen
745 2988 850 3021 multo
867 2988 1007 3030 frigidior
1020 2997 1092 3022 aere
1107 2989 1207 3021 solem

156 3047 309 3089 cingente.
329 3049 388 3081 Hic
400 3057 476 3081 vero
490 3048 576 3080 calor
595 3057 656 3080 non
674 3047 758 3080 idem
774 3048 806 3080 in
820 3047 890 3080 aliis
901 3051 998 3089 atque
1011 3047 1081 3080 aliis
1100 3047 1208 3080 bestiis

156 3107 214 3146 est,
230 3116 330 3149 quum
355 3116 395 3139 ne
411 3107 580 3139 hominum
606 3106 736 3148 quidem
769 3107 852 3139 inter
879 3115 914 3139 se
946 3108 1208 3148 comparatorum

157 3162 241 3198 idem
255 3166 296 3199 sit
316 3166 414 3205 calor,
432 3166 488 3198 sed
510 3165 656 3199 diversus
668 3167 728 3206 est,
747 3174 810 3197 non
829 3166 959 3206 quidem
977 3165 1128 3206 maxime,
1151 3165 1207 3198 sed

159 3224 204 3256 ila
215 3227 252 3257 ut
265 3224 384 3258 similes
396 3224 459 3257 sint
471 3223 606 3264 calores,
619 3232 680 3256 nec
693 3225 799 3256 tamen
814 3223 894 3255 adeo
907 3222 1038 3263 similes,
1054 3225 1089 3254 ut
1101 3231 1209 3264 reapse

160 3293 217 3324 par
229 3284 268 3317 sit
281 3285 378 3317 calor.
396 3284 479 3319 Nihil
495 3287 605 3316 autem
620 3291 725 3316 rerum
746 3284 944 3315 mutatarum
959 3282 1000 3315 ab
1012 3282 1082 3314 aliis
1102 3282 1211 3315 differ-

160 3351 194 3375 re
215 3344 331 3385 potest,
349 3345 522 3386 antequam
538 3342 625 3375 idem
643 3341 773 3375 suerint.
792 3345 901 3381 Quum
926 3340 1020 3381 igitur
1041 3341 1209 3383 multiplex

158 3401 201 3433 sit
219 3402 301 3434 aeris
317 3403 463 3443 mulatio,
484 3404 673 3447 multiplicia
692 3405 789 3437 etiam
807 3406 840 3437 et
854 3403 939 3436 varia
954 3403 1103 3435 animalia
1120 3405 1209 3444 sunt,

159 3469 197 3496 ac
212 3470 316 3502 neque
337 3462 437 3494 forma
454 3464 537 3497 iuter
553 3473 587 3496 se
598 3463 726 3504 similia,
750 3472 853 3504 neque
875 3463 972 3502 victu,
996 3471 1100 3503 neque
1115 3471 1210 3495 sensu

2238 227 2314 261 255

1262 305 1349 346 αὖτό
1380 321 1465 359 φησι
1492 305 1623 358 λέγων·
1652 323 1668 340 α
1688 305 1749 344 καὶ
1769 306 1853 344 αὐτὸ
1881 306 1944 357 μὲν
1978 310 2081 346 τοῦτο
2109 307 2169 346 καὶ
2206 304 2314 347 ἀίδιον

1261 365 1338 404 κτλ.
1360 364 1398 416 ι)

1314 437 1346 463 s.
1370 425 1416 462 Αἱ
1437 421 1473 461 δὲ
1494 421 1618 476 φλέὸες
1644 423 1680 461 ἐν
1698 424 1755 475 τῷ·
1779 421 1951 475 ἀνθρώπῳ
1977 416 2038 462 ὧδ’
2063 423 2214 476 ἔχουσιν.
2234 425 2315 464 Εἰσὶ

1261 481 1322 521 δύο
1337 481 1519 534 μέγισται·
1540 475 1646 520 αὗται
1663 481 1813 520 τείνουσι
1833 481 1889 520 διὰ
1908 484 1972 528 τῆς
1985 482 2120 526 κοιλίας
2135 482 2234 535 παρὰ
2253 482 2315 530 τὴν

1259 540 1426 580 νωτιαίαν
1455 540 1624 588 ἄκανθαν,
1643 541 1664 587 ἡ
1682 539 1745 591 μὲν
1765 539 1823 578 ἐπὶ
1837 538 1932 584 δεξιὰ
1950 541 1973 586 ἡ
1991 539 2022 578 δ’
2049 541 2106 578 ἐπ’
2124 541 2313 594 ἀριστερά,

1260 600 1307 645 εἷς
1329 599 1374 638 τὰ
1395 598 1502 646 σκέλη
1532 597 1681 652 ἑκατέρα
1703 596 1748 637 τὰ
1762 599 1847 649 παρ’
1865 599 1984 652 ἑαυτῇ,
2004 597 2064 637 καὶ
2090 598 2162 636 ἄνω
2189 602 2238 642 εἷς
2254 597 2316 645 τὴν

1259 658 1414 710 κεφαλὴν
1435 656 1531 709 παρὰ
1560 656 1621 701 τὰς
1641 657 1780 700 κλεῖδας
1813 655 1869 694 διὰ
1890 659 1959 695 τῶν
1980 659 2139 710 σφαγῶν.
2164 656 2249 696 Ἀπὸ
2280 657 2317 695 δὲ

1259 717 1390 756 τούτων
1407 717 1485 755 καθ’
1503 715 1598 754 ἅπαν
1629 714 1669 754 τὸ
1694 717 1797 763 σῶμα
1829 713 1953 768 φλέὸες
1976 714 2217 763 διατείνουσιν,
2248 715 2319 754 ἀπὸ

1261 774 1323 826 μὲν
1342 777 1405 821 τῆς
1425 773 1535 819 δεξιᾶς
1556 774 1604 817 εἷς
1634 772 1678 812 τὰ
1695 771 1804 821 δεξιά,
1827 772 1898 812 ἀπὸ
1926 772 1962 812 δὲ
1984 776 2046 820 τῆς
2067 774 2251 826 ἀριστερᾶς
2270 774 2319 817 εἷς

1259 834 1304 873 τὰ
1321 834 1487 886 ἀριστερά
1500 863 1510 879 ,
1533 834 1697 884 μέγισται
1731 831 1794 884 μὲν
1815 831 1875 871 δύο
1906 833 1953 876 εἷς
1971 831 2035 879 τὴν
2064 832 2213 885 καρδίαν
2233 833 2315 882 περὶ

1261 890 1368 939 αὐτὴν
1386 892 1450 939 τὴν
1469 892 1637 931 νωτιαίαν
1655 891 1825 941 ἄκανθαν,
1845 891 1960 945 ἕτεραι
1980 891 2009 930 δ’
2024 891 2139 943 ὀλίγον
2156 891 2319 944 ἀνωτέρω

1261 949 1318 989 διὰ
1336 952 1405 988 τῶν
1426 952 1563 998 στηθῶν
1599 950 1664 989 ὑπὸ
1684 950 1748 999 τὴν
1780 951 1969 1003 μασχάλην
1999 952 2047 996 εἷς
2066 950 2235 1002 ἑκατέραν
2255 949 2318 997 τὴν

1261 1014 1364 1062 χεῖρα
1384 1007 1446 1056 τὴν
1468 1009 1552 1061 παρ’
1571 1011 1701 1062 ἑαυτῇ·
1723 1010 1783 1048 καὶ
1813 1010 1974 1049 καλεῖται
1992 1012 2013 1056 ἡ
2031 1008 2094 1060 μὲν
2115 1009 2315 1059 σπληνῖτις,

1261 1072 1282 1116 ἡ
1304 1068 1340 1107 δὲ
1362 1069 1539 1116 ἡπατῖτις.
1569 1068 1738 1121 Σχίζεται
1771 1070 1800 1107 δ’
1822 1070 1936 1107 αὐτῶν
1970 1068 2063 1121 ἄκρα
2083 1067 2233 1121 ἑκατέρα
2252 1098 2263 1117 ,
2296 1072 2318 1115 ἡ

1262 1127 1326 1178 μὲν
1345 1126 1404 1166 ἐπὶ
1420 1126 1480 1165 τὸν
1500 1126 1611 1178 μέγαν
1633 1127 1817 1174 δάκτυλον,
1839 1130 1860 1174 ἡ
1882 1128 1914 1165 δ’
1931 1127 1989 1166 ἐπὶ
2012 1127 2070 1166 τὸν
2091 1127 2233 1180 ταρσόν·
2249 1126 2320 1166 ἀπὸ

1262 1186 1298 1225 δὲ
1325 1185 1456 1225 τούτων
1479 1186 1606 1224 λεπταὶ
1637 1186 1697 1224 καὶ
1726 1186 1888 1231 πολύοζοι
1910 1187 1967 1226 ἐπὶ
1999 1186 2065 1234 τὴν
2087 1186 2198 1233 ἄλλην
2214 1192 2320 1239 χεῖρα

1261 1244 1320 1284 καὶ
1340 1244 1545 1288 δακτύλους.
1574 1243 1724 1297 ’Έτεραι
1744 1244 1780 1283 δὲ
1806 1244 2013 1297 λεπτότεραι
2037 1245 2106 1283 ἀπὸ
2127 1247 2195 1283 τῶν
2219 1245 2321 1298 πρώ-

1261 1323 1330 1346 των
1356 1307 1495 1360 φλεὸῶν
1505 1306 1688 1355 τείνουσιν,
1703 1307 1774 1346 ἀπὸ
1790 1306 1854 1357 μὲν
1873 1311 1935 1355 τῆς
1957 1306 2070 1352 δεξιᾶς
2087 1309 2134 1350 εἷς
2152 1306 2193 1345 τὸ
2209 1301 2322 1359 ἧπαρ,

1262 1367 1332 1406 ἀπὸ
1350 1366 1387 1405 δὲ
1403 1369 1465 1415 τῆς
1494 1367 1679 1420 ἀριστερᾶς
1695 1366 1742 1410 εἷς
1760 1365 1819 1405 τὸν
1834 1368 1975 1413 σπλῆνα
1997 1365 2149 1410 καὶτοὺς
2164 1366 2320 1419 νεφρούς.

1261 1429 1309 1466 Αἱ
1328 1426 1364 1465 δὲ
1384 1427 1432 1471 εἷς
1450 1425 1495 1465 τὰ
1507 1423 1615 1471 σκέλη
1631 1424 1806 1465 τείνουσαι
1820 1426 2000 1478 σχίζονται
2015 1426 2107 1465 κατὰ
2122 1425 2186 1472 τὴν
2206 1425 2320 1478 πρόσ-

1261 1501 1378 1540 φυσιν,
1399 1484 1458 1524 καὶ
1479 1483 1537 1523 διὰ
1556 1483 1685 1528 παντὸς
1705 1487 1765 1523 τοῦ
1782 1488 1896 1538 μηροῦ
1911 1485 2094 1524 τείνουσιν.
2135 1483 2181 1524 Ἥ
2200 1483 2235 1524 δὲ
2257 1500 2323 1536 με·

1261 1544 1365 1597 γίστη
1386 1545 1500 1583 αὖτῶν
1531 1542 1671 1582 ὄπισθεν
1702 1541 1807 1582 τείνει
1826 1546 1887 1582 τοῦ
1909 1546 2022 1597 μηροῦ
2042 1543 2102 1582 καὶ
2119 1543 2321 1598 ἓκφαίνεται

1261 1609 1412 1656 παχεῖαν
1427 1602 1530 1657 ἑτέρα
1551 1602 1587 1641 δὲ
1608 1601 1691 1641 εἴσω
1706 1606 1767 1642 τοῦ
1788 1607 1903 1657 μηροῦ
1924 1601 2045 1657 μικρὸν
2061 1597 2167 1651 ἧττον
2187 1607 2322 1657 παχεῖα

1263 1661 1409 1711 ἐκείνης.
1429 1658 1584 1702 Ἔπειτα
1611 1661 1709 1715 παρὰ
1730 1661 1770 1700 τὸ
1786 1661 1867 1714 γόνυ
1888 1660 2055 1701 τείνουσιν
2086 1663 2133 1706 εἷς
2153 1661 2216 1710 τὴν
2237 1661 2323 1708 κνή-

1263 1739 1333 1774 μην
1351 1739 1389 1762 τε
1409 1722 1470 1761 καὶ
1485 1721 1543 1760 τὸν
1558 1722 1649 1760 πόδα
1664 1750 1675 1771 ,
1696 1720 1855 1773 καθάπερ
1881 1720 1941 1759 καὶ
1963 1721 2009 1764 εἷς
2025 1720 2087 1764 τὰς
2099 1725 2240 1773 χεῖρας·
2261 1721 2323 1759 καὶ

1263 1782 1321 1821 ἐπὶ
1341 1781 1400 1821 τὸν
1411 1779 1538 1833 ταρσὸν
1554 1783 1613 1818 τοῦ
1632 1778 1737 1824 ποδὸς
1765 1778 1978 1827 καθήκουσι,
2005 1778 2066 1818 καὶ
2089 1780 2243 1817 ἐντεῦθεν
2264 1780 2323 1817 ἐπὶ

1262 1839 1341 1884 τοὺς
1361 1838 1552 1885 δακτύλους
1575 1836 1818 1879 διατείνουσιν.
1837 1837 2027 1890 Σχίζονται
2045 1837 2080 1877 δὲ
2100 1837 2161 1876 καὶ
2181 1837 2239 1876 ε’πὶ
2258 1835 2324 1884 τὴν

1263 1900 1397 1940 κοιλίαν
1422 1899 1482 1939 καὶ
1501 1898 1541 1938 τὸ
1570 1897 1718 1950 πλευρὸν
1738 1897 1867 1936 πολλαὶ
1885 1898 1947 1936 ἀπ’
1968 1898 2083 1936 αὐτῶν
2104 1896 2166 1935 καὶ
2193 1897 2322 1936 λεπταὶ

1263 1960 1404 2013 φλέὸες.
1436 1960 1483 1999 Αἱ
1512 1957 1548 1997 δὲ
1583 1959 1629 2002 εἷς
1670 1956 1733 2004 τὴν
1766 1956 1922 2009 κεφαλὴν
1951 1956 2128 1996 τείνουσαι
2160 1954 2218 1995 διὰ
2251 1958 2323 1996 τῶν

1265 2021 1407 2072 σφαγῶν
1423 2017 1606 2072 φαίνονται
1623 2017 1658 2055 ἐν
1677 2018 1728 2070 τῷ
1749 2016 1871 2070 αὐχένι
1892 2017 2057 2070 μεγάλαι·
2071 2018 2130 2071 ἀφ’
2149 2015 2323 2070 ἑκατέρας

1265 2080 1294 2117 δ’
1311 2080 1440 2126 αὐτῶν,
1461 2072 1484 2129 ἧ
1511 2078 1673 2130 τελευτᾷ,
1705 2076 1886 2128 σχίζονται
1907 2077 1954 2121 εἷς
1971 2075 2034 2124 τὴν
2053 2075 2211 2129 κεφαλὴν
2233 2077 2322 2115 πολ-

1264 2137 1339 2185 λαί,
1363 2138 1399 2175 αἱ
1429 2135 1491 2186 μὲν
1513 2137 1553 2174 ἐκ
1572 2136 1640 2174 τῶν
1662 2134 1781 2180 δεξιῶν
1802 2137 1848 2179 εἷς
1866 2134 1910 2173 τὰ
1939 2135 2122 2189 ἀριστερά,
2158 2135 2194 2173 αἱ
2227 2135 2258 2172 δ’
2283 2136 2324 2172 ἐκ

1264 2196 1334 2233 τῶν
1361 2195 1556 2246 ἀριστερῶν
1577 2195 1624 2236 εἷς
1643 2192 1687 2232 τὰ
1707 2192 1816 2238 δεξιοί.
1846 2195 1880 2233 Τ
1883 2194 2052 2232 ελευτῶσι
2089 2193 2124 2231 δὲ
2161 2192 2263 2245 παρὰ
2282 2193 2325 2231 τὸ

1266 2246 1324 2297 οῧς
1355 2253 1531 2306 ἑκάτεραι.
1561 2248 1668 2292 Ἔστι
1696 2252 1726 2291 δ’
1747 2250 1849 2304 ἑτέρα
1875 2251 1967 2305 φλὲψ
1999 2253 2035 2290 ἐν
2069 2253 2120 2304 τῷ
2151 2250 2325 2304 τραχήλῳ

1266 2311 1365 2364 παρὰ
1381 2311 1446 2359 τὴν
1460 2310 1617 2363 μεγάλην
1632 2308 1862 2362 ἑκατέρωθεν,
1877 2311 2030 2349 ἐλάττων
2048 2310 2180 2358 ἐκείνης
2193 2309 2324 2362 ὀλίγον,

1270 2371 1316 2414 εἷς
1331 2370 1374 2418 ἣν
1397 2373 1433 2410 αἱ
1461 2372 1624 2410 πλεῖσται
1644 2371 1685 2408 ἐκ
1701 2372 1764 2416 τῆς
1796 2370 1950 2422 κεφαλῆς
1974 2369 2177 2422 συνέχουσιν
2198 2370 2321 2416 αὐτῆς.

1266 2521 1298 2552 et
1329 2519 1536 2560 intelligentia
1563 2521 1693 2560 propter
1719 2518 1936 2550 mutationum
1966 2518 2219 2550 multitudinem.
2260 2518 2324 2551 sed

1267 2580 1373 2610 tamen
1388 2578 1495 2610 omnia
1511 2577 1655 2618 ejusdem
1667 2577 1814 2609 elementi
1828 2577 1983 2609 beneficio
1994 2577 2027 2608 et
2041 2578 2154 2609 vivunt
2165 2580 2197 2609 et
2212 2577 2323 2611 vident

1267 2639 1299 2669 et
1327 2636 1476 2677 audiunt,
1504 2640 1537 2669 et
1568 2636 1724 2678 reliquam
1754 2636 1997 2677 intelligentiam
2020 2635 2124 2668 eidem
2157 2638 2324 2678 acceptam

1267 2696 1423 2728 referunt.

1309 2757 1340 2787 7.
1358 2756 1462 2794 Atque
1478 2754 1539 2787 hoc
1555 2754 1658 2796 ipsum
1674 2755 1723 2787 est
1747 2762 1864 2795 corpus
1882 2754 2040 2786 aeternum
2062 2754 2095 2786 et
2118 2753 2320 2787 immortale:

1267 2814 1383 2846 caetera
1400 2812 1513 2854 partim
1534 2813 1629 2854 liunt,
1648 2812 1762 2854 partim
1785 2812 1951 2844 deliciunt.

1310 2875 1341 2904 8.
1361 2873 1461 2904 Venae
1481 2870 1513 2904 in
1535 2871 1663 2904 homine
1676 2871 1723 2903 sic
1738 2880 1772 2904 se
1788 2871 1920 2904 habent.
1940 2873 2022 2903 Duae
2039 2879 2151 2912 eoeque
2171 2871 2322 2903 maxima}

1270 2930 1403 2963 tendunt
1422 2938 1478 2971 per
1498 2934 1641 2963 ventrem
1665 2929 1760 2971 juxta
1781 2930 1868 2962 dorsi
1888 2931 2014 2971 spinam
2027 2954 2035 2970 ,
2053 2930 2154 2962 altera
2176 2930 2322 2962 dextror-

1267 3000 1352 3031 sum,
1370 2991 1469 3024 altera
1491 2991 1665 3024 laevorsum
1691 2991 1731 3023 ad
1755 2991 1969 3033 propinquum
1990 2991 2049 3023 sibi
2077 2993 2214 3032 utraque
2229 3001 2321 3031 crus,

1269 3052 1301 3084 et
1319 3059 1449 3083 sursum
1462 3050 1501 3083 ad
1520 3052 1618 3092 caput
1638 3059 1694 3092 per
1711 3050 1860 3092 jugulum
1883 3050 1977 3091 juxta
2005 3050 2190 3084 claviculas.
2211 3051 2260 3084 Ab
2274 3051 2324 3083 liis

1269 3110 1373 3141 totum
1392 3118 1448 3150 per
1464 3117 1580 3151 corpus
1599 3108 1639 3141 ad
1654 3118 1750 3141 suum
1771 3117 1910 3150 quaeque
1924 3108 2008 3141 latus
2030 3117 2122 3140 venae
2142 3108 2320 3148 ducuntur,

1270 3168 1301 3200 id
1318 3171 1378 3209 est,
1393 3177 1412 3200 a
1428 3168 1560 3202 dextero
1573 3167 1673 3201 latere
1685 3167 1931 3207 dextrorsum,a
1948 3167 2030 3201 laevo
2046 3167 2233 3209 laevorsum,
2248 3166 2322 3199 duae

1270 3227 1421 3259 maximae
1437 3227 1478 3260 ad
1498 3236 1553 3260 cor
1573 3227 1658 3260 circa
1685 3228 1787 3269 ipsam
1813 3227 1901 3259 dorsi
1914 3226 2059 3269 spinam,
2080 3226 2190 3259 alterae
2213 3226 2323 3268 paullo

1269 3286 1364 3318 altius
1391 3295 1446 3327 per
1475 3287 1586 3328 pectus
1615 3286 1677 3319 sub
1697 3286 1841 3325 axillam,
1872 3287 2009 3327 utraque
2026 3285 2067 3318 ad
2099 3294 2230 3318 manum
2261 3284 2323 3317 sibi

1272 3345 1469 3388 proximam,
1490 3355 1626 3387 quarum
1645 3346 1745 3379 altera
1758 3345 1907 3386 lienaris,
1925 3346 2024 3377 altera
2041 3344 2192 3385 jecoraria
2211 3344 2322 3385 appel-

1271 3404 1370 3437 latur.
1399 3407 1519 3437 Earum
1544 3414 1682 3437 summae
1707 3406 1812 3446 partes
1831 3405 1875 3436 ita
1891 3403 2096 3443 scinduntur,
2126 3403 2162 3435 ut
2193 3402 2267 3434 hinc
2283 3402 2323 3434 ad

1272 3463 1539 3504 pollicerii,illinc
1560 3463 1598 3496 ad
1626 3464 1766 3505 palmam
1796 3463 1969 3504 prodeant,
1997 3464 2093 3502 alque
2116 3460 2190 3493 inde
2214 3464 2327 3493 tenues
