2612 3814
716 294 771 332 IN
802 292 1130 332 EMPEDOCLIS
1159 291 1445 332 CARMINUM
1478 291 1772 339 RELlQUlAS.

151 386 412 439 Theophrasti
433 386 521 437 loco
546 384 737 433 colligens
757 382 879 421 verba
898 383 980 420 haec
1000 382 1048 420 ab
1069 382 1208 434 Empe-

152 446 265 485 docte
280 446 328 484 ad
349 444 597 498 aperiendam
619 442 833 494 voluptatis
860 451 898 480 et
919 442 1071 480 doloris
1096 450 1211 480 natu-

152 518 235 544 ram
260 518 345 544 esse
374 502 551 543 adhibita
579 502 629 541 iis
662 501 888 552 fragmentis
918 503 959 539 in
983 501 1129 552 quibus
1161 499 1210 538 de

154 564 378 603 mortalium
411 562 571 612 ingenio
600 570 639 599 et
658 574 776 600 sensu
805 561 934 610 agitur
955 572 999 597 ea
1025 559 1208 598 inseruit.

150 622 229 662 Nos
250 623 292 662 in
311 622 384 660 hac
401 621 706 671 fragmentorum
726 620 923 673 paucitate
953 631 998 657 ac
1020 619 1208 671 deprava-

151 682 260 720 tione
287 682 419 720 minus
452 681 500 719 de
525 680 617 719 sede
644 679 764 731 hujus
798 679 877 717 loci
898 692 1013 729 quam
1046 678 1094 716 de
1125 677 1211 729 ejus

151 741 423 780 emendatione
441 750 480 779 et
507 741 830 792 interpretatione
859 738 1019 777 solliciti
1051 737 1210 776 fuimus.

151 801 304 840 Placuit
323 802 445 852 igitur
467 801 696 853 Empedocli
715 800 996 839 elementorum
1017 811 1160 849 genera
1174 806 1212 835 et

152 869 279 912 partes
297 862 374 899 alia
392 874 609 910 congruere
626 861 729 899 inter
758 872 800 898 se
814 888 824 906 ,
847 859 923 896 alia
949 858 1175 910 discrepare
1198 871 1206 895 :

151 919 222 958 illa
252 921 366 959 facile
396 921 612 959 coalescere
634 928 672 958 et
702 919 826 957 amice
861 919 1109 970 conspirare,
1130 917 1211 955 haec

152 979 284 1019 odisse
298 981 401 1018 inter
421 993 461 1018 se
477 988 515 1018 et
531 978 780 1026 discordare;
799 977 880 1016 illis
897 976 1129 1016 coeuntibus
1143 990 1211 1015 vo-

153 1039 339 1092 luptatem
353 1069 363 1088 ‚
380 1039 463 1088 his,
482 1039 658 1077 dolorem
678 1038 797 1076 nasci.

206 1098 271 1138 Vs.
298 1100 390 1139 262.
413 1098 545 1151 ἄρθμια
565 1098 675 1150 κτλ.]
699 1097 928 1149 Simplicius
947 1096 1009 1137 ed.
1039 1095 1125 1135 Ald.
1144 1096 1212 1135 ha·

153 1157 219 1197 bet
242 1173 252 1197 z
286 1159 391 1212 ἄρτια
412 1158 476 1210 μὲν
502 1157 572 1211 γὰρ
594 1157 685 1196 αὐτὰ
712 1158 846 1196 ἑαυτῶν
880 1156 995 1195 πάντα
1029 1155 1209 1209 με’ρεσσιν.

155 1215 280 1256 Verba
295 1218 386 1257 αὐτὰ
405 1227 442 1256 et
461 1217 576 1256 πάντα
593 1216 838 1268 transposuit
853 1215 1030 1255 Sturzius
1043 1245 1053 1263 ‚
1072 1225 1213 1268 praete-

154 1288 221 1316 rea
241 1277 426 1328 quoniam
447 1290 522 1329 pro
545 1276 649 1328 ἄρτια
671 1275 870 1327 Simplicii
887 1275 974 1314 cod.
997 1275 1046 1315 D.
1064 1275 1214 1326 praebet

154 1335 300 1389 ἄρθμια,
315 1335 482 1386 μέλεσσιν
501 1344 627 1374 autem
645 1335 861 1385 elegantius
878 1334 1050 1385 videtur,
1063 1334 1216 1373 Karste-

153 1395 242 1434 nius
258 1394 379 1434 edidit
398 1408 409 1434 .·
441 1395 573 1449 ἄρθμια
595 1392 658 1446 μὲν
674 1393 743 1446 γὰρ
759 1392 876 1433 πάντα
896 1395 1028 1432 ἑαυτῶν
1044 1392 1132 1432 αὐτὰ
1151 1394 1213 1445 μέ-

152 1456 284 1494 λεσσιν.
309 1454 442 1506 Neque
476 1463 603 1493 tamen
638 1454 723 1492 haec
757 1453 987 1503 corrigendi
1021 1453 1212 1492 versiculi

153 1514 255 1552 ratio
280 1513 583 1552 Panzerbietero
611 1513 799 1552 satisfecit
823 1512 1031 1562 legendum
1065 1525 1212 1564 propo-

152 1574 260 1612 nenti
285 1587 293 1611 :
318 1572 449 1626 ἄρθμια
470 1573 534 1623 μὲν
551 1572 619 1625 γάρ
640 1573 672 1609 τ’
688 1571 777 1610 αὐτὰ
798 1573 930 1610 ἑαυτῶν
948 1570 1067 1610 πάντα
1089 1571 1214 1623 μέρεσ-

154 1648 220 1672 σιν.
242 1632 317 1671 Sed
331 1632 396 1670 hic
417 1645 576 1683 quoque
596 1645 734 1670 versus
748 1631 927 1670 insuavis
944 1639 1060 1682 atque
1074 1631 1213 1683 Empe-

154 1691 267 1730 docle
313 1692 501 1741 indignus
549 1700 621 1730 est.
664 1691 796 1738 Quare
846 1690 988 1729 Steinii
1034 1692 1214 1743 exemplo

154 1752 340 1803 rescripsi
373 1766 382 1790 :
407 1750 539 1805 ἄρθμια
574 1750 636 1801 μὲν
672 1750 742 1804 γὰρ
769 1750 871 1790 πάνθ’
905 1752 1021 1789 αὑτῶν
1057 1749 1215 1802 ἐγένοντο

155 1810 336 1863 μέρεσσιν.

206 1869 270 1908 Vs.
305 1869 395 1907 263.
422 1868 551 1906 Verba
575 1866 976 1920 ἠλέκτωρ-θάλασσα,
1003 1869 1153 1920 protasi
1179 1878 1216 1907 et

152 1928 318 1981 apodosi
348 1927 574 1979 interjecta,
603 1941 676 1980 per
698 1928 987 1980 appositionem
1018 1928 1214 1967 vocabulo

152 1987 270 2026 πάντα
289 1986 471 2038 adjuncta
499 1996 600 2026 sunt.
621 1986 750 2033 Quum
777 1996 905 2025 autem
931 1986 1093 2040 ἠλέκτωρ
1119 1988 1214 2026 alias

153 2047 204 2087 sit
221 2050 280 2085 sol
297 2055 340 2085 ut
361 2046 464 2098 apud
486 2047 699 2085 Homerum
721 2046 834 2086 Iliad.
853 2046 924 2086 lib.
950 2046 1017 2094 Vl,
1040 2047 1115 2085 513
1137 2048 1216 2087 τεύ-

152 2122 232 2159 χεσι
254 2105 471 2159 παμφαίνων
492 2109 538 2150 ὡς
556 2105 720 2159 ἠλέκτωρ
734 2105 914 2159 ’Υπερίων
929 2136 939 2154 ,
962 2115 1000 2144 et
1019 2106 1090 2146 lib.
1108 2107 1212 2156 XIX,

155 2167 243 2218 398,
270 2165 526 2218 Empedocles
552 2166 628 2204 hoc
649 2166 810 2204 nomine
828 2179 903 2218 pro
924 2171 1012 2215 igne
1031 2179 1126 2205 usus
1145 2176 1214 2207 est.

153 2226 345 2265 Similiter
368 2226 512 2276 οὐρανόν
533 2225 599 2264 hic
630 2239 756 2264 aerem
784 2239 869 2264 esse
889 2226 999 2273 vult,
1033 2226 1214 2265 θάλασσαν

152 2300 307 2337 aquam.
316 2285 471 2325 Etenim
483 2286 764 2324 elementorum
778 2286 1074 2338 appellationes,
1085 2299 1214 2337 quem·

153 2345 362 2385 admodum
382 2346 515 2397 poesis
534 2346 635 2384 ratio
657 2346 753 2394 fert,
773 2346 917 2397 saepius
933 2345 1118 2385 variavit.
1136 2367 1139 2370 ⁴

206 2405 272 2445 Vs.
302 2406 394 2449 264.
412 2404 500 2443 ὅσσα
521 2406 600 2444 κτλ.
617 2405 632 2457 ]
652 2404 873 2456 Legebatur
892 2404 981 2444 ὅσσα
1000 2420 1057 2458 φιν
1075 2406 1110 2443 ἐν
1132 2409 1213 2454 θνη,

153 2468 244 2502 τοῖσι
263 2464 343 2503 κτλ.
371 2463 476 2514 quod
493 2476 563 2514 per
583 2476 623 2501 se
640 2463 809 2513 intelligi
831 2472 961 2515 potest
982 2478 1215 2515 quaecunque

156 2526 250 2571 ipsis
268 2530 358 2571 etc.‚
378 2521 411 2559 si
432 2520 489 2573 φὶν
516 2521 555 2560 h.
573 2522 601 2560 l.
635 2522 816 2560 doricum
843 2535 927 2560 esse
946 2536 1020 2574 pro
1037 2521 1117 2575 σφὶν
1139 2532 1214 2561 sta·

155 2591 338 2633 mamus,
360 2595 382 2620 c
407 2580 700 2633 posterioribus
729 2581 1010 2620 Callimachum
1035 2583 1149 2621 etiam
1178 2592 1216 2622 et

156 2641 396 2680 Nicandrum
423 2649 600 2679 auctores
629 2641 792 2680 citantes
820 2642 889 2693 qui
919 2641 1021 2679 hanc
1051 2642 1214 2681 formam

157 2702 468 2752 frequentarunt.
491 2701 610 2750 Atqui
628 2714 707 2739 non
729 2701 846 2739 credo
859 2700 1133 2753 Empedoclem
1155 2715 1214 2741 se-

157 2762 232 2800 mel
251 2762 432 2813 posuisse
455 2760 512 2813 φὶν
526 2773 602 2812 pro
621 2760 700 2813 σφὶν
723 2760 783 2799 vel
806 2760 924 2813 σφίσιν
938 2790 950 2809 ,
973 2768 1016 2798 ut
1037 2759 1134 2799 alibi
1156 2761 1214 2799 di-

156 2821 233 2869 cit,
254 2820 349 2872 quia
373 2819 618 2871 antiquiores
634 2828 759 2871 poetae
783 2820 824 2858 in
842 2818 1071 2870 hujusmodi
1098 2818 1216 2858 rebus

155 2879 236 2919 sibi
256 2887 433 2919 constare
449 2878 591 2918 solent.
612 2878 712 2917 Male
733 2878 1060 2917 Panzerbieterus
1083 2877 1215 2930 conje-

157 2940 210 2979 cit
232 2938 320 2978 ὅσσα
340 2942 407 2978 τιν’
426 2952 513 2990 quae
526 2938 712 2989 junctura
734 2937 1020 2990 quaestionibus
1041 2937 1216 2990 obliquis

158 2999 428 3051 relinquenda.
460 2998 711 3050 Quapropter
743 2998 895 3037 Steinio
928 3005 1128 3049 praeeunte
1159 2996 1216 3050 φὶν

157 3059 335 3098 converti
351 3059 394 3096 in
426 3073 502 3097 νυν.
527 3057 595 3096 Est
623 3070 742 3105 vero,
768 3071 817 3096 ne
836 3057 932 3109 quid
958 3056 1069 3095 dubii
1091 3069 1215 3095 rema·

157 3122 265 3168 neat,
286 3118 352 3157 hic
370 3117 585 3156 verborum
617 3117 714 3156 ordo
737 3130 746 3156 :
767 3117 884 3156 πάντα
905 3114 1066 3168 ἐγένοντο
1083 3115 1217 3168 ἄρθμια

158 3178 408 3232 (τοῖς)ἀὺτῶν
429 3175 594 3228 μέρεσσιν
619 3170 702 3227 (οἷον
720 3176 883 3229 ἠλέκτωρ
902 3176 1006 3228 κτλ.)
1026 3174 1115 3214 ὅσσα
1130 3177 1219 3214 ἀπο·

158 3237 386 3290 πλαγχθέντα
412 3236 499 3287 (ἀπ’
526 3238 663 3287 αὐτῶν)
690 3235 845 3290 πέφυκέν
864 3251 924 3275 νυν
957 3237 992 3274 ἐν
1026 3238 1215 3283 θνητοῖσιν.

159 3295 359 3335 Sententia
376 3295 470 3334 satis
496 3296 630 3348 plana.
648 3295 852 3334 Elementa
875 3294 1000 3333 amica
1025 3302 1116 3332 sunt
1135 3295 1218 3334 suis

159 3368 325 3407 quaeque
343 3354 545 3407 partibus,
569 3354 662 3394 inde
677 3354 859 3394 delibatis
879 3363 917 3393 et
936 3367 984 3392 ex
1000 3354 1216 3393 immortali

159 3416 282 3467 stirpe
306 3415 347 3453 in
368 3415 572 3454 mortalem
595 3424 774 3454 naturam
807 3414 1004 3467 depressis
1029 3422 1066 3452 et
1104 3414 1216 3464 quasi

159 3474 349 3513 demersis
361 3503 372 3522 ‚
392 3474 477 3512 sive
493 3474 534 3512 in
550 3475 729 3513 mortalia
746 3487 912 3526 corpora
936 3473 1108 3512 mutatis.

213 3533 277 3574 Vs.
303 3534 392 3573 265.
409 3532 456 3579 ὣς
471 3533 501 3572 δ’
521 3532 660 3579 αὔτως]
680 3534 738 3573 lta
758 3548 845 3573 cum
861 3533 1012 3572 Steinio
1026 3532 1182 3571 exaravi
1200 3546 1211 3580 ;

2283 300 2331 334 57

1269 383 1317 425 ὡς
1352 381 1383 419 δ’
1405 379 1520 424 αὕτως
1551 380 1733 418 Sturzius
1763 388 1802 417 et
1836 380 2083 420 Karstenius.
2113 381 2242 421 Verba
2269 383 2335 421 ὅσα

1270 446 1395 493 κρᾶσιν
1419 438 1578 491 ἓπαρκέα
1596 438 1730 489 μᾶλλον
1746 437 1843 477 ἔασιν
1863 438 2189 490 interpretatione
2204 442 2337 492 potius

1272 512 1388 551 quam
1425 497 1699 537 emendatione
1739 505 1865 547 egent.
1909 497 2140 537 Karstenius
2170 501 2339 552 expulso

1273 555 1431 611 ἐπαρκέα
1458 557 1592 596 versui
1619 556 1754 595 intulit
1783 556 1940 610 ἐπαρτέα
1969 572 2172 607 congruum
2206 561 2337 599 valere

1272 615 1416 654 dicens.
1440 616 1490 653 At
1511 615 1667 669 ἐπαρτής
1688 616 1909 667 appellatur
1924 626 2087 666 paratus
2109 618 2173 655 vel
2191 624 2257 668 qui
2283 629 2339 658 est

1274 680 1312 713 in
1329 684 1492 725 promta.
1519 674 1615 714 Item
1635 674 1963 714 Panzerbieterus
1981 676 2090 714 nulla
2106 678 2341 717 necessitate

1272 733 1456 773 subactus
1485 743 1621 773 auctor
1640 735 1714 774 fuit
1731 764 1741 783 ,
1757 743 1802 774 ut
1829 749 1905 787 pro
1932 734 2088 788 ἐπαρκέα
2113 736 2219 788 apud
2244 737 2340 776 Em-

1272 796 1475 846 pedoclem
1508 795 1694 848 ἐπᾶρμενα
1716 804 1989 846 reponeretur.
2012 795 2129 841 Quod
2150 797 2255 834 enim
2284 798 2341 837 ait

1274 856 1425 906 requiri
1442 854 1681 907 adjectivum
1696 885 1706 902 ‚
1726 855 1833 907 quod
1851 857 1978 893 idonei
2008 855 2337 905 significationem

1273 915 1413 954 habeat
1437 931 1446 954 z
1481 917 1522 955 id
1552 925 1656 955 recte
1685 915 1845 967 quidem
1877 924 2031 964 monet,
2057 915 2125 955 sed
2151 929 2197 954 ea
2227 918 2337 956 notio

1274 976 1431 1026 vulgata
1449 977 1618 1014 lectione
1636 976 1872 1014 continetur.
1894 975 1990 1014 Nam
2011 976 2044 1014 si
2070 976 2167 1027 quid
2186 976 2233 1014 ad
2262 978 2338 1015 mi-

1274 1036 1460 1074 scendum
1487 1036 1633 1074 sufficit
1655 1034 1834 1088 (ἐπαρκές
1854 1037 1955 1086 ἐστι)
1983 1049 1991 1073 :
2014 1035 2053 1074 id
2075 1035 2261 1074 idoneum
2290 1036 2339 1074 ad

1275 1095 1484 1134 mixturam
1506 1095 1723 1133 faciendam
1746 1095 1797 1133 sit
1815 1107 1973 1133 necesse
1990 1103 2061 1134 est.
2083 1094 2192 1133 Licet
2208 1104 2338 1134 autem

1275 1154 1424 1207 ἔπαρκές
1443 1155 1618 1193 dativum
1636 1155 1826 1193 asciscere
1843 1156 1985 1204 soleat,
2009 1162 2138 1192 tamen
2157 1167 2206 1192 ne
2227 1167 2343 1193 accu-

1275 1214 1442 1252 sativum
1465 1214 1624 1266 quidem
1650 1219 1775 1267 κρᾶσιν
1799 1214 2035 1265 simpliciter
2061 1227 2105 1251 ac
2132 1213 2237 1252 nude
2262 1227 2341 1266 po-

1277 1273 1415 1322 situm,
1430 1287 1510 1324 quo
1537 1286 1653 1312 sensu
1674 1273 1803 1311 Graeci
1829 1272 1923 1311 κατὰ
1952 1278 2077 1325 κρᾶσιν
2099 1273 2231 1311 dicere
2250 1287 2341 1311 con-

1275 1341 1511 1380 sueverunt,
1528 1332 1815 1384 repudiandum
1835 1344 1919 1370 esse
1941 1341 2116 1384 apparet.
2139 1332 2221 1370 Hoc
2241 1345 2341 1371 vero

1275 1391 1383 1441 quod
1398 1401 1515 1443 caput
1534 1392 1592 1430 rei
1608 1401 1665 1430 est
1690 1392 1850 1431 silentio
1874 1400 2078 1430 transeunt
2102 1392 2343 1432 Karstenius

1274 1460 1312 1490 et
1331 1451 1673 1490 Panzerbieterus.

1328 1510 1391 1550 Vs.
1412 1513 1502 1549 266.
1528 1511 1696 1558 ἀλλήλοις
1710 1512 1788 1550 κτλ.
1808 1510 1822 1562 ]
1845 1509 1974 1548 Verba
1993 1510 2197 1561 ὁμοιωθέντ’
2216 1510 2338 1565 Ἀφρο-

1275 1568 1354 1623 δίτῃ
1374 1571 1511 1609 eodem
1528 1584 1643 1609 sensu
1665 1571 1852 1609 dicuntur
1871 1584 1950 1621 quc
1967 1571 2072 1622 apud
2089 1570 2341 1623 Simplicium

1275 1630 1323 1667 ad
1344 1630 1506 1669 Aristot.
1526 1629 1597 1669 lib.
1611 1630 1647 1669 ll
1666 1630 1713 1668 de
1732 1629 1829 1668 Coel.
1847 1630 1910 1667 fol.
1934 1643 2007 1680 129
2029 1643 2062 1668 a.
2084 1629 2149 1669 ὅσα
2169 1635 2229 1669 νῦν
2257 1632 2338 1684 φαί-

1275 1705 1373 1729 νεται
1395 1688 1615 1742 ἁρμοσθέντα
1636 1687 1821 1742 Ἀφροδίτη
1845 1688 1946 1739 (leg.
1966 1688 2197 1743 Ἀφροδίτῃ),
2222 1704 2339 1742 quem

1276 1749 1405 1787 locum
1428 1763 1477 1788 ex
1496 1749 1751 1801 Empedocle,
1773 1757 1816 1787 ut
1836 1748 1891 1786 ait
1907 1747 2103 1797 Stagiritae
2128 1751 2337 1800 interpres,

1276 1810 1441 1861 petitum
1451 1809 1532 1861 jam
1546 1809 1725 1848 Sturzius
1738 1807 1994 1859 comparavit.
2009 1807 2083 1845 Sed
2102 1808 2340 1860 inspiciendi

1277 1867 1456 1916 codices,
1496 1876 1540 1906 ut
1576 1867 1674 1919 quid
1703 1867 1947 1906 auctoritatis
1975 1866 2120 1904 Aldino
2159 1868 2344 1919 exemplo

1277 1926 1531 1965 tribuendum
1560 1928 1612 1966 sit
1635 1935 1831 1979 appareat.

1329 1986 1393 2025 Vs.
1413 1989 1505 2035 267.
1525 1986 1633 2039 ἐχθρὰ
1649 1986 1679 2025 δ’
1707 1988 1768 2024 ἀπ’
1790 1985 1957 2034 ἀλλήλων
1983 1983 2092 2041 κτλ.]
2116 1986 2233 2038 Apud
2263 1988 2345 2026 Al-

1275 2047 1369 2085 dum
1386 2060 1530 2086 versus
1551 2047 1609 2085 sic
1635 2046 1826 2085 scribitur
1850 2060 1859 2084 ε
1886 2044 1997 2100 ἔχθρα
2014 2047 2180 2084 πλεῖστον
2199 2047 2255 2085 ἐπ’
2274 2049 2338 2086 ἀλ-

1275 2106 1391 2152 λήλων
1413 2106 1570 2158 διέχουσι
1594 2106 1764 2157 μάλιστα.
1787 2106 1866 2143 Pro
1886 2103 1999 2158 ἔχθρα
2024 2105 2221 2157 Simplicii
2251 2107 2338 2147 cod.

1275 2167 1310 2203 D
1324 2167 1469 2205 vitiose
1486 2165 1592 2219 ἔργα;
1614 2166 1791 2204 Sturzius
1819 2165 1987 2203 mutavit
2007 2165 2048 2202 in
2070 2163 2179 2217 ἔχθει.
2205 2168 2254 2204 At
2273 2180 2342 2205 re-

1276 2227 1515 2264 stituendum
1536 2224 1645 2280 ἐχθρὰ
1675 2225 1781 2276 quod
1810 2238 1860 2263 ex
1884 2223 2158 2275 Theophrasto
2179 2225 2337 2264 ductum

1276 2285 1455 2335 vulgavit
1473 2284 1716 2323 Karstenius.
1738 2283 1845 2322 ldem
1866 2283 2100 2333 particulam
2121 2282 2156 2321 δὲ
2174 2284 2341 2324 addidit.

1276 2343 1472 2381 Praeterea
1502 2356 1577 2394 pro
1607 2341 1662 2380 ἐπ’
1683 2341 1847 2388 ἀλλήλων
1862 2341 2055 2392 Simplicii
2083 2342 2199 2382 codd.
2221 2342 2264 2383 C.
2289 2344 2339 2384 D.

1277 2402 1453 2454 praebent
1479 2404 1543 2441 ἀπ’
1572 2400 1763 2448 ἀλλήλων,
1798 2401 1856 2439 uti
1889 2400 2066 2439 Sturzius
2101 2412 2340 2442 correxerat.

1278 2463 1457 2514 Denique
1489 2461 1647 2512 μάλιστα
1678 2460 1909 2499 Karstenius
1938 2458 2039 2499 bene
2069 2463 2268 2500 convertit
2297 2463 2342 2501 in

1278 2522 1434 2573 ἄμικτα,
1471 2521 1526 2559 ita
1554 2528 1598 2558 ut
1624 2520 1715 2558 talis
1738 2519 1918 2571 prodiret
1941 2531 2079 2558 versus
2117 2534 2125 2557 :
2161 2519 2272 2573 ἐχθρὰ
2303 2520 2339 2559 δὲ

1278 2583 1444 2619 πλεῖστον
1461 2581 1522 2619 ἀπ’
1540 2578 1705 2626 ἀλλήλων
1717 2576 1906 2631 διέχουσιν,
1921 2579 2070 2630 ἄμικτα,
2086 2592 2201 2631 quem
2215 2589 2345 2620 trans-

1276 2641 1418 2694 positis
1439 2653 1526 2678 cum
1545 2639 1695 2677 Steinio
1722 2638 1850 2676 tribus
1868 2637 1999 2676 verbis
2020 2639 2077 2677 sic
2100 2640 2310 2679 emendavi
2330 2657 2337 2679 :

1276 2700 1384 2754 ἐχθρὰ
1405 2700 1436 2738 δ’
1461 2698 1521 2738 ἀπ’
1540 2698 1704 2746 ἀλλήλων
1727 2698 1894 2736 πλεῖστον
1914 2696 2091 2750 διέχουσιν
2114 2698 2267 2749 ἄμικτα.

1331 2759 1396 2798 Vs.
1420 2759 1510 2797 268.
1526 2756 1630 2811 γέννῃ
1651 2772 1688 2795 τε
1708 2757 1788 2795 κτλ.
1802 2756 1817 2809 ]
1831 2756 1955 2795 Codd.
1970 2757 2088 2795 lectio
2105 2757 2209 2811 γέννῃ
2228 2760 2341 2811 cujus

1277 2820 1365 2857 loco
1383 2818 1614 2856 Karstenius
1638 2825 1675 2855 et
1694 2816 1869 2855 Steinius
1896 2825 2116 2868 posuerunt
2131 2817 2249 2872 γέννᾳ.
2279 2819 2340 2859 Cf.
2371 2865 2382 2876 ⁸

1277 2879 1416 2930 Eurip.
1430 2877 1545 2916 Rhes.
1558 2890 1615 2916 vs.
1637 2876 1731 2927 905,
1749 2876 1888 2916 Phoen.
1903 2889 1963 2915 vs.
1979 2890 1994 2914 1
2005 2877 2053 2914 30
2066 2884 2103 2915 et
2119 2877 2196 2915 alia
2210 2891 2341 2916 exem-

1277 2939 1361 2990 pla,
1381 2938 1424 2976 in
1457 2936 1662 2988 tragoediis
1691 2936 1834 2984 obvia,
1868 2937 1912 2974 in
1939 2935 2086 2987 quibus
2122 2951 2143 2973 α
2176 2945 2344 2988 propter

1279 2997 1437 3036 chorica
1461 2997 1636 3035 carmina
1667 2996 1761 3035 satis
1793 2996 2059 3034 excusationis
2082 2995 2212 3036 habet.
2242 2996 2343 3035 Nam

1278 3057 1482 3110 Euripidis
1499 3070 1637 3096 versus
1663 3056 1768 3109 apud
1791 3055 2091 3095 Valckenarium
2110 3056 2236 3097 Diatr.
2255 3070 2294 3109 p.
2314 3058 2337 3095 6

1278 3120 1412 3165 θνητῶν
1433 3133 1472 3156 τε
1502 3118 1629 3171 γέννᾳ·
1657 3119 1728 3155 τῶν
1749 3114 1814 3167 μὲν
1845 3115 1987 3161 αὔξεται
2012 3116 2084 3168 βίος
2117 3117 2231 3155 citari
2259 3131 2343 3155 non·
2403 3147 2409 3154 .

1278 3176 1446 3216 debebat
1463 3191 1485 3216 a
1500 3177 1709 3216 Karstenio
1725 3177 1775 3215 ad
1792 3176 2016 3228 Empedocl.
2033 3190 2071 3228 p.
2092 3190 2170 3214 200
2187 3184 2224 3214 et
2246 3177 2339 3226 196,

1277 3236 1470 3288 siquidem
1491 3235 1772 3275 Valckenarius
1793 3235 1933 3274 invitis
1950 3235 2067 3274 libris
2084 3234 2271 3273 omnibus
2288 3237 2339 3273 ita

1277 3295 1402 3334 edidit
1418 3310 1493 3348 pro
1512 3294 1829 3334 membranarum
1849 3295 2047 3346 scriptura
2066 3297 2200 3342 θνητῶν
2219 3309 2256 3331 τε
2277 3308 2335 3344 γε·

1275 3360 1359 3409 νεᾷ·
1389 3355 1461 3399 τοῖς
1499 3354 1562 3406 μὲν
1599 3353 1743 3399 αὔξεται
1773 3353 1860 3406 βίος.
1899 3353 1990 3394 Vid.
2024 3353 2164 3404 Eurip.
2198 3351 2335 3401 fragm.

1277 3427 1315 3466 p.
1345 3428 1422 3464 717
1456 3414 1515 3453 ed.
1534 3414 1715 3464 Wagner.
1737 3413 1852 3465 Apud
1877 3412 2147 3453 Parmenidem
2172 3423 2228 3449 vs.
2252 3411 2301 3447 62
2325 3423 2333 3446 z

1277 3472 1314 3511 ἓν
1345 3471 1500 3526 ξυνεχές.
1541 3473 1620 3511 τίνα
1649 3471 1717 3524 γὰρ
1747 3471 1872 3524 γέννην
1904 3471 2061 3518 διζήσεαι
2097 3470 2227 3516 αὖτοῧ;
2258 3467 2334 3505 ssu-

1279 3540 1411 3571 ctuant
1441 3532 1595 3572 codices
1626 3532 1730 3570 inter
1764 3531 1890 3584 γένναν
1929 3539 1967 3569 et
1999 3530 2140 3582 γέννην.
2182 3526 2338 3565 Etenim
