2612 3814
1051 190 1395 232 FRAGMENTA.

209 285 285 326 ἔστί
304 300 348 336 με
369 285 543 332 codices3
557 283 622 320 sed
635 283 776 320 rectius
796 295 882 319 cum
902 282 1091 320 Ahrensio
1111 295 1184 332 po·
1248 292 1303 318 230

207 343 416 394 ῃίῑιιτ-ἇμέ.
430 347 493 382 Vs.
514 342 591 380 215
609 340 803 395 πεφυκέναι
820 342 934 390 libri,
953 341 1061 391 quod
1085 342 1186 378 tueri

206 402 298 438 licet
325 398 508 436 scribenti
532 396 650 440 καλῶς
680 393 888 446 πεφυκέναι.
916 393 1010 432 κύων
1030 392 1099 448 γὰρ
1126 392 1186 432 καὶ

206 458 310 509 κυνὶ,
324 459 396 495 nisi
413 457 498 506 quis
516 456 697 493 Ahrensii
713 453 975 503 conjecturam
990 454 1109 497 καλῶς
1125 467 1189 491 πε·

206 516 327 572 φύκειν
345 516 450 565 sequi
472 513 658 565 mavult.)
681 558 685 563 q

207 595 270 638 Ὡς
287 591 316 630 δ’
338 588 408 643 ἐγὼ
427 588 704 630 δοκέω-δοκέω
717 587 801 642 γάρ,
820 588 838 628 ὃ
858 587 967 642 σαφὲς
989 586 1074 639 ἇμῖν
1090 589 1186 685 πῖθ’

1155 662 1188 686 τι

204 711 274 749 τῶν
293 712 388 763 ἐμῶν
406 707 532 761 μνάμα
552 708 633 747 ποκ’
645 706 802 747 ἐσσείται
819 705 934 759 λόγων
961 705 1091 746 τούτων
1101 646 1187 745 [ἔτν

208 769 270 808 καὶ
289 767 412 808 λαὸών
425 784 477 812 τις
491 766 582 807 αὐτὰ
593 766 783 821 περιδύσας
797 765 838 805 τὸ
855 766 997 818 μέτρον,
1008 764 1025 805 ὃ
1036 769 1097 804 νῦν
1113 765 1188 818 ἔχει

207 822 292 880 εἷμα
314 828 392 873 δοὺς
409 827 470 866 καὶ
486 826 669 883 πορφύραν
681 857 692 877 ,
712 824 848 878 λόγοισι
861 824 1025 869 ποικίλας
1040 826 1161 868 καλοῖς
1218 855 1223 871 ,

123 781 180 809 220
1218 639 1223 852 ι

208 888 471 931 δυσπάλαιστος
491 885 539 927 ὢν
560 885 640 931 τοὺς
661 885 788 930 ἄλλους
810 884 1067 928 εὐπαλαίστους
1094 885 1188 922 ἀπο-
1218 876 1223 1108 Ι

1049 944 1187 997 [φανεῖ.

262 1035 395 1085 (Diog.
414 1036 543 1072 Laert.
562 1034 636 1083 111,
658 1046 720 1080 17.
747 1030 858 1070 δοκέω
875 1030 944 1085 γὰρ
964 1029 1071 1084 σαφὲς
1092 1028 1187 1081 ἄμμι

203 1095 425 1132 emendavit
439 1094 696 1130 Hermannus.
716 1089 728 1144 )

576 1179 625 1218 A.
647 1176 715 1216 Ἐκ
733 1175 796 1227 μὲν
819 1176 940 1220 θυσίας
958 1176 1055 1215 θοίνκ
1068 1206 1078 1225 ,

212 1238 251 1276 ἔκ
268 1235 305 1275 δὲ
323 1233 437 1279 θοίνας
458 1234 560 1279 πόσις
583 1233 735 1288 ἐγένετο.
756 1236 803 1276 Β.
826 1234 973 1290 Χαρίεν,
992 1235 1039 1283 ὥς
1058 1238 1092 1290 γ’
1111 1236 1190 1288 ἐμὶν

1061 1297 1186 1348 [δοκεῖ.

212 1354 262 1395 Α.
286 1353 356 1393 Ἐκ
381 1352 418 1391 δὲ
448 1352 570 1396 mio-0,
600 1354 741 1402 κῶμος,
777 1354 817 1392 ἐκ
845 1353 969 1405 κώμου
1001 1353 1030 1392 δ’
1061 1354 1187 1406 ἐγένεθ’

127 1367 184 1394 ⁴225
1252 1385 1306 1411 235

1030 1413 1045 1465 [
1060 1414 1165 1453 ὑανία
1176 1445 1185 1462 ,

208 1472 248 1510 ἐκ
265 1471 294 1510 δ’
306 1470 427 1515 ὑανίας
443 1470 522 1510 δίκα
537 1500 548 1519 ,
569 1472 603 1509 ’κ
620 1469 718 1515 δίκας
740 1469 768 1509 δ’
790 1469 927 1522 ἐγένετο
946 1472 1135 1522 καταδίκα,

210 1531 250 1569 ἐκ
269 1530 306 1570 δὲ
323 1529 519 1575 καταδίκας
533 1528 640 1569 πέδαι
657 1545 696 1569 τε
714 1529 776 1569 καὶ
796 1530 928 1584 σφαλὸς
948 1530 1009 1570 καὶ
1031 1531 1155 1584 ζαμία.

266 1610 430 1661 (Athen.
450 1612 504 1657 II,
539 1610 590 1649 36
621 1609 662 1650 C.
694 1611 759 1649 Vs.
783 1610 860 1647 223
888 1608 1000 1657 θοίνη.
1026 1613 1087 1650 Vs.
1110 1617 1186 1658 224

207 1655 426 1716 Θοῖνης--ὥς
445 1668 485 1721 γέ
510 1684 584 1720 μοι.
606 1671 669 1708 Vs.
692 1669 871 1715 224-225
893 1668 1030 1721 ἐγένετο
1063 1671 1188 1709 θυανία

211 1738 250 1768 et
267 1730 306 1768 ἐκ
326 1729 362 1768 δὲ
385 1729 528 1773 θυανίας
548 1727 629 1777 δίκη
644 1758 655 1776 ,
675 1742 759 1779 quae
778 1730 992 1767 Meinekius
1020 1734 1191 1770 correxit

208 1798 248 1828 et
266 1786 463 1840 supplevit
480 1790 616 1828 Exere.
638 1790 679 1826 in
700 1789 791 1826 Ath.
813 1789 832 1826 1
850 1802 892 1839 p.
921 1789 942 1827 3
968 1802 1095 1840 seqq„
1116 1792 1190 1827 nisi

209 1850 317 1900 quod
343 1848 565 1887 Dindorfius
585 1849 736 1886 addidit
763 1848 873 1886 δοκεῖ.
906 1850 972 1888 Vs.
993 1862 1068 1897 227
1092 1848 1189 1902 σφά-

208 1910 308 1952 κελος
322 1910 535 1946 Bochartus
549 1909 648 1946 bene
663 1909 854 1946 convertit
866 1909 906 1944 in
921 1906 1068 1960 σφαλός,
1082 1910 1191 1960 quod

201 1971 390 2007 sententia
408 1968 569 2019 flagitat.
604 1970 682 2006 Nos
701 1969 831 2018 potius
849 1968 1040 2018 pluralem
1060 1969 1189 2021 σφαλοὶ
1220 1919 1225 2009 Ι

208 2029 272 2066 hic
306 2029 584 2066 restituendum
626 2041 866 2065 censeremus
878 2057 888 2075 ‚
922 2029 953 2065 si
981 2030 1111 2078 plures
1142 2043 1188 2067 eo

207 2102 330 2139 poenae
350 2101 488 2139 genere
508 2088 666 2125 affectos
696 2101 774 2125 esse
795 2095 1001 2127 constaret.
1021 2089 1093 2126 Sed
1114 2091 1189 2127 hoc

210 2160 321 2198 aeque
340 2150 530 2185 incertum
550 2155 605 2184 est·
625 2155 741 2196 atque
759 2148 857 2184 illud
874 2148 981 2197 quod
1001 2149 1191 2186 existimat

206 2207 432 2255 Meinekius,
443 2208 689 2244 Aristotelem
702 2208 840 2246 Gener.
855 2209 972 2247 anim.
985 2209 1018 2255 Ι,
1028 2222 1042 2245 1
1052 2208 1074 2245 8
1087 2209 1190 2246 hunc

209 2267 431 2317 Epicharmi
450 2267 581 2303 locum
597 2267 820 2317 respexisse.
838 2267 849 2319 )

207 2343 254 2382 Α.
283 2341 329 2382 Τί
352 2340 389 2381 δὲ
423 2342 502 2382 τάδ’
522 2341 616 2392 ἐστί;
645 2345 684 2383 Β.
706 2342 856 2391 Δηλαδὴ
883 2342 1043 2397 τρίπους.
1067 2346 1112 2383 Α.
1141 2343 1189 2383 Τί
1221 2336 1225 2384 Ι

789 2401 887 2457 [μάν
899 2434 910 2453 ,
932 2402 968 2448 ὃς
989 2403 1099 2448 πόδας
1115 2403 1190 2456 ἔχει

208 2460 369 2513 τέτορας;
398 2462 461 2500 οὒκ
489 2460 565 2500 ἔστι
594 2461 760 2515 τρίπους,
784 2462 864 2501 ἀλλ’
883 2462 1038 2515 [ἐστίν],
1065 2462 1186 2514 οἴμαι,

949 2521 1170 2574 [τετράπους

1255 2380 1308 2406 240

128 2699 174 2733 Ut
196 2700 306 2732 autem
343 2707 402 2741 ego
429 2700 510 2741 puto
540 2701 634 2742 (puto
666 2701 753 2733 enim
766 2726 776 2743 ,
812 2702 899 2743 quod
933 2702 1027 2736 nobis
1057 2703 1192 2736 manife-

970 2761 1085 2804 [stum
1106 2763 1191 2805 est),

137 2818 254 2850 horum
272 2826 460 2851 sermonum
480 2827 629 2852 meorum
649 2820 806 2853 memoria
826 2819 904 2854 olim
923 2821 1003 2863 erit;

129 2876 251 2919 quippe
265 2877 411 2910 carmina
430 2877 493 2911 ista
511 2878 629 2921 aliquis
652 2879 762 2913 sumta
776 2881 899 2922 metro,
922 2881 1009 2923 quod
1028 2890 1117 2915 nunc
1133 2882 1192 2915 ha-

929 2940 1038 2983 [bent‚
1052 2950 1174 2974 exuens
1184 2966 1192 2982 ,

133 2995 227 3029 veste
242 2995 351 3028 autem
372 2996 433 3029 alia
449 3005 569 3030 ornans
590 2998 624 3031 et
648 3007 811 3040 purpura,
838 2999 1048 3042 pulchrisque
1065 3000 1194 3033 varians

131 3055 270 3090 invictus
284 3056 353 3099 ipse
372 3059 508 3091 caeteros
525 3058 619 3094 facile
636 3060 807 3094 vincet.-
1059 3061 1194 3105 [verbis

715 3124 755 3155 Α.
773 3124 800 3155 Ε
815 3122 974 3156 sacrificio
988 3122 1192 3163 convivium,

134 3185 153 3210 e
170 3178 319 3211 convivio
335 3179 532 3223 compotatio
548 3181 621 3214 orta
647 3183 707 3214 est.
732 3182 769 3215 Β.
787 3183 807 3215 J
812 3182 938 3215 ucunda
956 3192 1027 3224 res,
1053 3183 1090 3216 ut
1113 3183 1193 3216 mihi

867 3241 1026 3284 [quidem
1047 3242 1189 3276 videtur.

133 3297 172 3327 A.
189 3296 214 3327 E
227 3297 465 3337 compotatione
481 3297 612 3331 lascivia
622 3323 632 3340 ‚
646 3308 664 3333 e
678 3299 812 3333 lascivia
824 3310 900 3334 vcro
914 3310 1020 3344 pugna
1036 3303 1108 3335 orta
1122 3304 1191 3344 est,

132 3362 151 3387 e
168 3363 273 3396 pugna
288 3354 378 3397 dica,
396 3365 415 3389 e
430 3356 502 3389 dica
515 3358 584 3391 orta
602 3361 651 3391 est
667 3358 832 3393 damnatio
845 3384 854 3400 ,

133 3421 151 3445 e
170 3413 379 3448 damnatione
396 3415 516 3459 pedicae
532 3418 564 3450 et
580 3418 680 3452 codex
698 3420 731 3453 et
744 3421 876 3454 mulcta.
889 3440 930 3448 -
952 3419 1074 3463 [pedes
1096 3421 1193 3455 habet

136 3474 172 3505 Α.
190 3473 276 3512 Quid
299 3474 362 3507 hoc
388 3477 460 3509 est?
475 3477 512 3510 B.
526 3479 649 3520 Nempe
662 3478 778 3521 tripus.
799 3482 836 3513 Α.
855 3480 941 3519 Quid
959 3480 1090 3514 tandem
1107 3505 1116 3522 ,
1132 3481 1188 3523 qui

2 3751 10 3763 a
1 3670 28 3743 ψ’»,
0 3655 4 3656 ¹
14 3639 15 3642 „
12 3570 25 3585 ¹„
0 3518 8 3541 *cv
18 3500 21 3507 „
0 3430 9 3461 «20
13 3376 18 3381 ἡ,
10 3328 11 3332 Α
18 3309 22 3317 „
4 3295 6 3301 <

21 3730 32 3753 aa*
30 3483 32 3486 ,

2230 204 2304 238 14Ξῖ

1329 279 1373 318 Β.
1393 276 1503 317 Ἔστι
1520 277 1551 315 δ’
1569 275 1669 328 ὄνυμ’
1688 278 1783 331 αὐτῷ
1809 293 1955 332 τριπους
1968 312 1979 328 ‚
2002 279 2145 331 τέτορας
2166 277 2244 332 ἔχει
2264 296 2311 332 γα

2075 339 2091 391 [
2100 337 2170 389 μὰν
2185 339 2311 383 πόδας.

1331 398 1379 436 Α.
1410 394 1581 440 Οἰδίπους
1602 394 1715 434 τοίνυν
1745 395 1946 449 ἀναφανδὸν
1972 398 2064 436 τοῖον
2089 396 2239 451 αἴνιγμά
2272 396 2313 436 τὺ

2187 457 2312 508 [νοεῖς.

1387 532 1551 584 (Athen.
1566 534 1620 579 II,
1648 537 1698 583 49
1716 533 1758 571 C.
1781 535 1845 573 Vs.
1870 533 1944 571 231
1973 532 2016 571 in
2037 533 2239 572 codicibus
2262 537 2314 573 sic

1329 594 1471 643 legitur
1508 605 1516 629 τ
1553 590 1725 637 Οἰδίπους
1755 591 1870 630 τοίνυν
1894 593 1974 632 ποτ’
1996 586 2064 640 ἦν,
2088 591 2242 645 αἴνιγμά
2261 608 2314 632 τοι

1331 656 1434 695 νοεῖς.
1454 653 1571 688 Posui
1586 652 1694 701 quod
1712 652 1803 689 huic
1818 653 1908 689 loco
1929 654 2137 691 convenire
2156 653 2313 690 videba-

1331 718 1396 748 tur
1410 710 1608 764 ἀναφανδὸν
1629 715 1723 749 τοῖον
1745 719 1783 749 et
1794 709 1876 763 τύ.)

1333 787 1490 841 Καπυρὰ
1508 786 1653 842 τρώγων
1671 787 1788 842 κάρυ’,
1803 787 2026 841 ἀμυγδάλας.

1389 866 1554 918 (Athen.
1586 869 1638 914 II,
1677 866 1725 904 52
1766 869 1814 906 A.
1846 867 2148 920 καπυροτρώγονα
2179 865 2312 926 κάρυα.

1331 928 1476 977 Recepi
1506 925 1700 964 Dindorfii
1723 926 2003 975 conjecturam.
2023 928 2035 979 )

1335 1004 1424 1060 [καὶ]
1445 1004 1624 1058 φασήλους
1639 1007 1735 1059 φῶγε
1746 988 1876 1044 θᾶσσον
1888 1034 1898 1054 ,
1913 1005 1982 1057 αἵγ’
1998 1007 2016 1044 ὁ
2029 1004 2197 1050 Διόνυσος
2208 1006 2314 1059 φιλεῖ.

1388 1083 1552 1136 (Athen.
1579 1085 1629 1131 ΙΙ,
1653 1082 1702 1120 56
1729 1082 1777 1119 Α.
1802 1081 1841 1121 αἴ
1868 1083 2062 1136 χ’-φιλῇ,
2093 1084 2315 1135 Legendum

1333 1140 1553 1194 αἵγ’-φιλεῖ
1561 1140 1574 1193 )
1582 1169 1591 1178 .

1333 1217 1426 1257 ’Ώεα
1441 1217 1549 1271 χανὸς
1568 1216 1828 1271 κάλεκτορίδων
1852 1223 2043 1264 πετεηνᾶν.

1387 1294 1399 1346 (
1418 1296 1559 1335 Athen.
1575 1297 1630 1342 II,
1651 1294 1700 1344 57
1717 1298 1766 1335 D.
1789 1295 2002 1346 πετεηνῶν.)

1338 1370 1546 1426 Πραῢτερος
1569 1371 1707 1425 ἐγώνγα
1729 1372 1903 1426 μολόχας.

1389 1449 1401 1502 (
1421 1451 1562 1490 Athen.
1588 1452 1643 1499 ΙΙ,
1670 1450 1719 1488 58
1737 1453 1786 1489 D.
1810 1449 1963 1503 ἔγωγε.)

1335 1531 1563 1586 εΥγιέστερον
1584 1532 1738 1587 φανέντα
1763 1534 1979 1579 κολυκύντας
1996 1533 2100 1574 πολύ.

1389 1611 1549 1662 (Athen.
1571 1613 1624 1660 ΙΙ,
1647 1611 1697 1662 59
1729 1614 1770 1653 C.
1790 1613 1823 1650 τ’
1840 1606 1881 1661 ἦν
1903 1611 1956 1652 ἔτι
1973 1614 2176 1651 emendavi
2198 1616 2319 1664 parti-

1336 1672 1438 1721 cipio
1460 1669 1615 1724 φανέντα
1640 1671 1827 1723 inserto.)

1334 1747 1461 1788 Οἷοναὶ
1483 1747 1637 1800 μύκητες
1655 1747 1904 1797 ἐξεσκληκότες
1916 1749 2091 1795 πνιξεῒσθέ
2113 1750 2208 1804 [με].

1392 1826 1555 1880 (Athen.
1575 1830 1629 1876 ΙΙ,
1653 1828 1703 1866 60
1724 1831 1770 1868 Ε.
1787 1820 1857 1867 οἷον
1879 1828 1914 1866 αἱ
1936 1827 2048 1878 μύκαι
2078 1829 2226 1881 (Dind.
2247 1828 2320 1880 μύ-

1336 1886 1440 1939 καις)
1468 1887 1525 1939 ἀρ’
1555 1887 1824 1934 ἐπεσκληκότες.
1842 1890 1896 1926 Ut
1918 1896 2043 1925 metro
2069 1897 2107 1926 et
2125 1891 2320 1927 sententiae

1332 1947 1588 1984 satisfacerem
1607 1948 1742 1998 scripsi
1765 1945 1920 1997 μύκητες
1941 1946 2190 1997 ἐξεσκληκότες
2209 1949 2319 1987 addi-

1337 2006 1454 2056 dique
1475 2020 1534 2057 με.
1551 2004 1566 2057 )

1335 2093 1480 2134 Τούτων
1496 2093 1662 2133 ἁπάντων
1682 2094 1828 2147 ἀκρίδας
1849 2094 2146 2146 ἀνταλλασσόμαι
2162 2125 2172 2144 ,

1335 2153 1475 2207 κόγχων
1497 2153 1533 2192 δὲ
1553 2153 1611 2192 τὸν
1632 2153 1785 2193 σέσιλον.
1806 2156 1850 2194 Β.
1873 2152 2004 2205 Ἄπαγ’
2022 2156 2069 2200 εἰς
2088 2155 2146 2193 τὸν
2171 2155 2314 2209 φθόρον.

1392 2233 1560 2283 (Athen.
1602 2232 1659 2280 II,
1698 2233 1747 2270 63
1786 2233 1829 2270 C.
1871 2232 2179 2271 ἀνταλλάσσονται
2211 2235 2319 2283 quod

1336 2293 1506 2329 correxit
1525 2291 1754 2330 Erfurdtius.
1770 2292 1782 2344 )

1336 2368 1412 2412 Τάς
1430 2367 1462 2406 τ’
1477 2367 1820 2421 ἐλαιοφυλλοφοίγους
1839 2367 2005 2422 κιχήλας.

1391 2445 1556 2497 (Athen.
1573 2448 1629 2496 ΙΙ,
1652 2446 1701 2491 64
1721 2448 1766 2486 F.
1787 2445 2109 2500 ἐλαιοφιλοφάγους.
2126 2447 2137 2498 )

1335 2521 1513 2576 Θρίδακος
1534 2522 1829 2574 ἀπολελεμμένας
1842 2523 1898 2562 τὸν
1916 2524 2061 2564 καυλόν.

1253 2706 1433 2746 quattuor?
1447 2714 1512 2738 non
1534 2707 1584 2739 ost
1602 2706 1724 2749 tripus,
1742 2707 1797 2740 sed
1824 2707 2032 2751 quadrupes,
2056 2709 2184 2752 opinor,
2202 2711 2315 2744 dicen-

2152 2769 2235 2812 [dus
2254 2775 2316 2804 est.

1254 2825 1290 2857 B,
1311 2827 1353 2857 At
1371 2834 1489 2858 nomeu
1509 2826 1559 2859 est
1575 2825 1621 2859 illi
1639 2825 1763 2868 tripus,
1779 2830 1934 2869 quattuor
1951 2836 2029 2861 vero
2045 2828 2146 2871 pedes
2162 2829 2272 2864 habet.

1253 2885 1290 2915 A.
1307 2883 1480 2918 Manifesto
1497 2884 1596 2927 igitur
1619 2886 1761 2928 OEdipus
1777 2887 1842 2921 tale
1857 2887 1996 2930 aenigma
2012 2889 2049 2922 tu
2069 2888 2235 2932 intelligis.
2247 2909 2288 2918 —

1254 2943 1382 2977 calidas
1396 2943 1497 2978 edens
1514 2954 1634 2989 nuces,
1653 2946 1851 2988 amygdalas.
1862 2965 1906 2971 —

1254 3005 1295 3036 Et
1314 3004 1462 3045 phaselos
1478 3006 1613 3040 comede
1630 3007 1726 3040 citius
1736 3032 1746 3049 ,
1767 3007 1928 3049 siquidem
1946 3008 2095 3043 Bacchus
2107 3011 2206 3043 amat.
2221 3027 2264 3033 —

1254 3065 1323 3096 Ova
1342 3073 1496 3098 anserum
1509 3066 1543 3099 et
1559 3067 1752 3108 gallinarum
1769 3068 1962 3101 volatilium.
1978 3090 2019 3098 -

1253 3123 1363 3156 Mitior
1386 3126 1536 3168 equidem
1559 3128 1679 3161 malva.
1693 3149 1735 3157 -

1252 3187 1356 3221 Multo
1373 3187 1533 3235 saniorem
1550 3188 1722 3221 cucurbita
1740 3189 1859 3221 visum.
1877 3208 1920 3213 —

1253 3248 1422 3288 Tanquam
1438 3246 1525 3288 fungi
1539 3247 1620 3279 aridi
1644 3256 1695 3281 me
1712 3248 1928 3282 suffocabitis.
1942 3267 1983 3272 —

1255 3307 1337 3339 Cum
1360 3306 1412 3339 his
1425 3306 1577 3339 omnibns
1596 3307 1738 3340 locustas
1752 3311 1861 3349 muto,

1253 3365 1336 3399 inter
1351 3366 1493 3400 conchas
1508 3368 1619 3400 autem
1634 3367 1778 3400 sesilum.
1797 3370 1834 3401 B.
1851 3368 1910 3400 Abi
1925 3368 1958 3400 in
1981 3368 2099 3402 malam
2117 3377 2196 3402 rem.
2206 3384 2248 3394 -

1252 3425 1444 3467 Turdosque
1464 3425 1623 3459 olivarum
1642 3427 1716 3460 solia
1729 3428 1945 3461 comedentes.
1958 3446 2000 3452 —

1254 3484 1406 3516 Lactucae
1426 3484 1592 3518 delibratae
1609 3485 1750 3520 caulem.
