2612 3814
322 270 368 301 21⁸
1197 249 1615 291 COMMENTARlUS

321 341 565 388 cohibemus,
604 339 702 390 sugit
735 339 860 377 virum
890 336 1197 375 eruditissimum
1232 333 1370 372 discri-

322 415 425 448 men,
443 400 547 452 quod
565 401 667 439 inter
681 396 875 450 Ἀστέμφης
890 406 927 435 et
938 394 1134 447 Ἀστεμφής
1149 394 1369 439 intercedit,

322 462 368 500 de
389 474 468 513 quo
487 461 548 510 egi
563 459 611 498 ad
629 473 687 499 vs.
705 459 769 496 25.
788 457 883 496 Mihi
901 456 1003 494 enim
1020 456 1128 493 locus
1144 454 1202 490 sic
1218 454 1374 491 videtur

323 520 570 571 relingendus
591 533 599 556 ε

378 605 492 647 ‹huod›
511 622 548 644 τε
564 604 727 655 Φθιμένη
743 620 779 642 τε
794 602 854 642 καὶ
873 600 1004 648 Ιίὖναίη
1021 600 1080 639 καὶ
1096 598 1264 651 Ἔγερσις

381 665 478 706 Κινώ
493 667 522 703 τ’
539 663 735 715 Ἀστεμφής
750 679 803 709 τε,
831 660 1089 713 πολυστέφανός
1106 675 1143 698 τε
1160 661 1326 709 Μεγιστὼ

378 724 437 764 καὶ
458 724 581 778 Φορυὴ
604 723 662 761 καὶ
680 723 736 761 δῖα
759 721 883 767 Σιωπή
901 722 932 758 τ’
954 716 1116 771 Ὀμφαίη
1136 732 1187 754 τε.

324 819 389 858 Vs.
415 833 465 869 29
485 818 626 856 citatur
643 829 663 854 a
680 815 902 867 porphyrio
935 812 982 850 de
1014 820 1126 850 antro
1146 809 1316 861 Nymph.
1341 823 1373 847 c.

327 881 366 928 8,
399 878 467 917 ubi
499 878 578 915 haec
610 877 789 925 leguntur
819 888 827 911 ε
859 873 906 912 Οἱ
931 869 1162 923 Πυθαγόρειοι
1189 869 1250 908 καὶ
1284 868 1374 919 μετὰ

324 937 465 980 τούτους
486 935 635 975 Πλάτων
653 934 777 986 ἄντρον
795 932 854 970 καὶ
871 932 1045 976 σπήλαιον
1061 929 1119 967 τὸν
1135 928 1267 979 κόσμον
1282 929 1370 966 ἀπε-

324 997 493 1051 φήναντο.
521 994 626 1046 Παρὰ
649 993 716 1045 γὰρ
736 990 976 1043 Ἐμπεδοκλεῖ
996 991 1032 1028 αἱ
1060 988 1290 1042 ψυχοπομποὶ
1315 988 1374 1026 δυ-

323 1057 444 1109 νάμεις
459 1052 685 1106 λέγουσιν-Ἠ
695 1052 843 1102 λύθομεν
863 1050 935 1089 τόδ’
954 1048 1012 1087 ὑπ’
1030 1048 1154 1099 ἄντρον
1165 1048 1372 1099 ὖπόστεγον.

323 1114 604 1167 Conjungenda
634 1126 720 1151 cum
753 1112 827 1149 hoc
855 1111 941 1148 loco
975 1109 1123 1147 Plotini
1146 1107 1267 1146 verba
1297 1107 1373 1145 En-

325 1176 434 1215 nead.
451 1173 516 1221 lv,
539 1174 578 1223 8,
600 1187 612 1209 1
633 1186 673 1224 p.
690 1173 766 1221 469
780 1171 808 1208 B
826 1183 834 1211 ε
855 1170 907 1209 Τὸ
921 1167 1085 1216 αἰσθητὸν
1103 1174 1172 1206 πᾶν
1190 1169 1374 1220 πανταχοῦ

324 1234 500 1284 ἀτιμάσας
518 1234 550 1283 (ὁ
573 1231 740 1284 Πλάτων)
759 1231 818 1269 καὶ
835 1230 898 1277 τὴν
917 1229 1002 1282 πρὸς
1015 1229 1054 1268 τὸ
1070 1230 1175 1280 σῶμα
1189 1228 1373 1266 κοινωνίαν

324 1297 385 1342 τῆς
404 1295 520 1346 ψυχῆς
543 1291 770 1345 μεμψάμενος
789 1292 823 1329 ἐν
843 1291 962 1342 δεσμῷ
982 1304 1018 1327 τε
1033 1282 1120 1326 εἶναι
1133 1287 1194 1326 καὶ
1207 1287 1375 1340 τεθάφθαι

326 1356 360 1394 ἐν
379 1354 474 1403 αὐτῷ
496 1350 559 1398 τὴν
580 1349 695 1404 ψυχὴν
712 1350 825 1401 λέγει,
846 1348 980 1388 καὶτὸν
1000 1349 1034 1386 ἐν
1055 1348 1263 1401 ἀπορρήτοις
1279 1346 1376 1398 λεγό-

327 1427 428 1463 μενον
445 1411 546 1461 λόγον
562 1410 672 1462 μέγαν
684 1402 772 1448 εἶναι
783 1440 794 1462 ,
810 1408 845 1452 ὃς
861 1410 895 1447 ἐν
912 1413 1046 1462 φρουρᾷ
1058 1407 1121 1453 τὴν
1136 1406 1254 1461 ψυχήν
1269 1422 1375 1459 φησιν

325 1466 427 1512 εἶναι.
447 1471 522 1510 Καὶ
549 1469 588 1508 τὸ
608 1468 781 1516 σπήλαιον
811 1470 906 1520 αὐτῷ
927 1466 1047 1520 ὥσπερ
1068 1466 1310 1517 Ἐμπεδοκλεῖ
1335 1466 1375 1505 τὸ

325 1530 466 1583 ἄντρον.
500 1529 545 1566 ln
583 1528 742 1566 eandem
785 1527 1014 1566 sententiam
1047 1526 1184 1564 AEneas
1215 1525 1376 1563 Gazaeus

325 1589 524 1640 Theophr.
543 1589 585 1626 in
606 1588 656 1626 Μ.
673 1587 773 1625 Bibl.
794 1587 871 1626 PP.
887 1586 934 1626 T.
961 1586 1032 1625 ΧΠ
1051 1600 1088 1637 p.
1106 1586 1182 1623 620
1204 1585 1235 1622 A
1254 1599 1262 1623 :
1285 1585 1376 1623 Τόδε

323 1648 362 1686 τὸ
380 1652 451 1685 πᾶν
469 1647 715 1696 Ἐμπεδοκλῆς
733 1645 855 1697 ἄντρον
879 1644 1084 1692 πεποίηκεν·
1106 1645 1139 1682 ἐν
1158 1644 1321 1698 πολιτεία
1339 1643 1375 1682 δὲ

328 1706 479 1746 Πλάτων
516 1705 749 1757 μεταὸάλλων
786 1705 960 1752 σπήλαιον
993 1706 1170 1755 ὀνομάζει.
1204 1703 1290 1742 Non
1320 1714 1376 1743 est

326 1766 431 1818 quod
466 1773 645 1817 putemus
678 1763 739 1808 τὰς
774 1762 1030 1817 ψυχοπομποὺς
1060 1762 1224 1813 δυνάμεις
1237 1792 1247 1810 ,
1280 1777 1376 1815 quas

326 1825 549 1877 Porphyrio
572 1832 663 1862 teste
682 1824 886 1875 loquentes
913 1823 1066 1862 inducit
1094 1823 1350 1874 Empedocles
1364 1854 1374 1874 ,

327 1885 499 1922 diversas
519 1895 602 1922 esse
622 1882 670 1921 ab
689 1883 739 1921 iis
753 1913 763 1930 ‚
788 1896 951 1934 quarum
972 1882 1089 1920 modo
1114 1882 1259 1920 mentio
1282 1884 1377 1922 sacta

327 1951 404 1987 est,
429 1941 580 1994 Χθονίῃ,
611 1940 768 1994 Ἥλιόπῃ
798 1950 869 1981 cet.
904 1941 1078 1979 Platonis
1099 1941 1245 1978 dictum
1272 1943 1376 1992 quod

329 2003 545 2054 respiciunt
574 2001 841 2052 Porphyrius,
860 2001 1040 2039 Plotinus
1071 2009 1109 2038 et
1139 2000 1276 2039 AEneas
1299 2001 1376 2039 Ga-

329 2074 429 2099 zaeus
446 2069 567 2099 exstat
580 2060 694 2098 initio
711 2059 805 2098 libri
820 2058 890 2097 vn
908 2059 955 2097 de
966 2058 1180 2110 Republica
1194 2072 1284 2110 pag.
1301 2059 1375 2106 514

327 2121 388 2159 ed.
405 2118 634 2171 stepha-'183
653 2117 719 2171 γὰρ
738 2118 938 2171 ἀνθρώπους
952 2111 1022 2156 οἷον
1039 2120 1073 2156 ἐν
1092 2120 1269 2171 καταγείῳ
1280 2119 1376 2167 οἰκή-

328 2194 382 2217 σει
397 2178 630 2226 σπηλαιώδει.
647 2178 790 2216 Eodem
811 2178 1007 2230 pertinent
1024 2177 1093 2215 illa
1109 2190 1197 2228 quae
1214 2177 1377 2217 Proclus

329 2240 370 2278 in
386 2239 575 2277 'I'imaeum
593 2250 684 2288 pag.
713 2251 782 2275 101
806 2237 845 2277 F.
867 2237 927 2276 ed.
947 2237 1063 2276 Basil.
1085 2237 1187 2288 (pag.
1213 2243 1290 2282 240
1313 2239 1375 2276 ed.

328 2298 573 2349 Schneider.)
592 2297 639 2335 de
656 2297 821 2335 aliorum
842 2296 997 2348 placitis
1018 2295 1138 2333 refert
1167 2310 1176 2333 ε
1196 2292 1314 2335 Ἔνιοι
1343 2297 1379 2336 δὲ

329 2357 387 2396 τὸν
414 2355 476 2408 μὲν
503 2355 711 2408 δημιουργὸν
741 2356 921 2394 αἰτιᾶσθαι
948 2355 1111 2406 οὐδαμῶς
1135 2355 1314 2406 τολμῶσι,
1339 2357 1379 2395 τὸ

332 2415 368 2453 δὲ
387 2421 457 2453 πᾶν
479 2419 580 2453 τοῦτο
600 2416 780 2452 αἰτιῶνται
799 2414 858 2453 καὶ
876 2413 1118 2468 παραφέρουσι
1146 2413 1190 2451 τὰ
1214 2417 1283 2453 τῶν
1307 2431 1377 2453 πα-

330 2476 439 2513 λαιῶν
462 2472 584 2526 ἄντρον
612 2473 809 2512 καλούντων
842 2471 903 2511 καὶ
936 2474 1123 2520 σπήλαιον.
1152 2472 1259 2512 Idem
1287 2488 1377 2525 pag.

280 2567 284 2571 .
334 2534 383 2584 95
405 2533 439 2571 D
459 2535 560 2584 (pag.
582 2538 656 2578 224
677 2533 738 2572 ed.
755 2532 995 2579 Schneider.)
1013 2532 1144 2570 laudat
1162 2532 1379 2585 Orphicum

338 2593 485 2630 huncce
503 2604 657 2629 versum
692 2606 700 2628 t
730 2593 854 2629 Ταῦτα
875 2590 992 2643 πατὴρ
1009 2590 1133 2637 ποίησε
1161 2592 1253 2630 κατὰ
1275 2592 1380 2637 σπέος

337 2648 522 2703 ἠεροειδές,
540 2658 735 2700 receptum
753 2649 794 2686 in
804 2648 963 2700 Orphic.
980 2649 1113 2689 Herm.
1130 2653 1271 2701 p.456.
1289 2651 1380 2691 Hie-

339 2708 462 2746 rocles
481 2707 522 2745 in
541 2720 662 2747 carm.
687 2720 770 2744 aur.
790 2720 879 2758 pag.
906 2708 993 2746 180.
1015 2707 1074 2746 ed.
1097 2718 1209 2747 nostr
1232 2722 1241 2748 :
1265 2711 1382 2748 Τοῦτο

337 2765 443 2818 πέρας
471 2767 538 2803 τῶν
571 2764 685 2804 πόνων
710 2765 748 2820 τὸ
775 2764 976 2804 κάλλιστον.
1000 2768 1133 2815 Τοῦτο,
1163 2770 1210 2812 ὥς
1231 2768 1381 2808 Πλάτων

339 2822 455 2876 φησίν,
475 2826 493 2862 ὃ
515 2821 623 2874 μέγας
643 2826 736 2874 ἀγὼν
756 2823 816 2862 καὶ
836 2823 931 2867 ἐλπὶς
946 2826 968 2870 ἡ
988 2825 1136 2876 μεγάλη.
1153 2828 1268 2866 Τοῦτο
1288 2830 1383 2879 φιλο-

339 2881 460 2934 σοφίας
479 2885 497 2921 ὁ
515 2881 731 2925 τελειότατος
749 2882 881 2934 καρπός
893 2913 904 2933 ,
925 2887 1025 2921 τοῦτο
1043 2887 1105 2931 τῆς
1124 2886 1302 2938 ἱερατικῆς
1323 2889 1382 2926 καὶ

339 2941 540 2986 τελεστικῆς
570 2940 697 2992 τέχνης
716 2939 755 2978 τὸ
785 2939 946 2991 μέγιστον
978 2940 1091 2993 ἔργον,
1115 2944 1294 2983 οἰκειῶσαι
1320 2946 1384 2998 μὲν

341 2999 400 3037 καὶ
419 2999 607 3050 ἀναγαγεῖν
628 2998 712 3051 πρὸς
736 2998 779 3037 τὰ
807 2998 913 3043 ὅντως
929 3000 1040 3048 καλά,
1062 3003 1236 3042 ἀπολῦσαι
1257 3003 1294 3042 δὲ
1313 3007 1383 3045 τῶν

340 3058 423 3109 τῇδε
451 3057 582 3107 πόνων,
603 3059 650 3102 ὣς
680 3057 721 3096 ἔκ
745 3074 833 3102 τινος
863 3059 1047 3110 καταγείου
1078 3063 1304 3109 σπηλαίου
1323 3069 1386 3113 τῆς

342 3115 462 3154 ἐνύλου
482 3117 592 3163 ζωῆς,
607 3115 666 3155 καὶ
688 3117 875 3169 ἀναγαγεῖν
892 3117 977 3170 πρὸς
995 3118 1056 3162 τὰς
1076 3120 1245 3172 αἷθερίους
1259 3122 1383 3175 αὐγάς,

342 3173 402 3213 καὶ
417 3174 492 3218 ταῖς
508 3173 673 3227 μακάρων
688 3176 863 3228 ἐνιδρῧσαι
879 3175 1008 3225 νήσοις,
1025 3176 1104 3221 τοὺς
1118 3178 1175 3217 διὰ
1189 3182 1257 3219 τῶν
1271 3197 1387 3236 προει-

344 3232 503 3284 ρημένων
523 3233 744 3277 δδεύσαντας.

395 3291 480 3332 Vss.
498 3293 584 3330 30-3
594 3307 608 3329 1
622 3292 752 3331 laudat
763 3292 940 3333 Clemens
951 3294 1234 3338 Alexandrinus
1241 3300 1367 3340 Strom
1375 3332 1383 3341 .

346 3350 367 3387 3
394 3363 435 3407 p.
459 3350 534 3394 432
562 3352 602 3387 Β.
623 3350 687 3391 Vs.
714 3352 758 3388 31
782 3351 979 3404 Porphyr.
1014 3354 1061 3392 de
1088 3355 1185 3396 abst.
1216 3357 1269 3406 ll,
1303 3374 1349 3408 27
1376 3375 1385 3398 :

347 3407 529 3447 Ἐντεῦθεν
540 3408 579 3446 τὸ
593 3409 822 3460 θρηνούμενον
842 3411 926 3463 πρὸς
944 3415 1012 3450 τῶν
1024 3414 1201 3462 παλαιῶν,
1218 3418 1264 3460 ὡς
1282 3418 1385 3456 τοίων

343 3465 385 3505 ἔκ
401 3468 430 3505 τ’
452 3467 572 3520 ἐρίδων
589 3466 630 3506 ἔκ
648 3483 686 3506 τε
703 3468 844 3508 νεικέων
860 3470 1052 3521 γενόμεσθα
1066 3502 1076 3520 ,
1094 3472 1145 3511 ὅτι
1166 3473 1204 3511 τὸ
1221 3475 1309 3513 θεῖον
1328 3478 1389 3515 καὶ
1414 3489 1418 3496 ·

1432 331 1611 384 ἀκήρατον
1640 329 1700 369 καὶ
1719 331 1754 368 ἐν
1777 335 1885 369 πᾶσιν
1907 327 2062 373 ἀὸλαὸὲς
2083 327 2205 374 σώζειν
2235 328 2274 366 οὔ
2295 327 2491 380 δυνάμεθα.

1433 390 1635 442 Expressit
1654 389 1771 428 Timo
1799 389 1996 428 Phliasius
2026 401 2089 441 ap.
2113 386 2256 427 Euseb.
2285 387 2412 441 Praep.
2427 400 2492 428 ev.

1432 448 1533 500 xlv,
1559 450 1655 501 18p.
1680 450 1755 497 763
1771 449 1922 500 (fragm.
1938 446 2005 501 V.)
2026 447 2192 500 Σχέτλιοι
2207 446 2500 500 ἄνθρωποι,κα’κ’

1434 507 1596 560 ἐλέγχεα,
1615 506 1782 561 γαστέρες
1798 501 1885 556 οἷον,
1906 506 2009 546 τοίων
2019 505 2059 545 ἔκ
2071 507 2104 544 τ’
2121 505 2244 559 ἐρίδων
2262 505 2302 544 ἔκ
2316 520 2354 544 τε
2371 520 2496 550 στονα·

1432 570 1507 619 χῶν
1527 567 1723 607 πέπλασθε.
1744 566 1850 618 (Leg.
1869 580 1918 605 ex
1935 566 2170 618 Empedocle
2186 564 2298 616 οἵων).
2321 565 2502 617 Scaliger
2528 570 2532 575 '

1434 628 1537 679 apud
1552 628 1789 680 Stephanum
1803 628 1844 665 in
1855 640 1962 680 poes.
1981 627 2080 679 phil.
2097 640 2135 679 p.
2151 627 2226 665 216
2244 625 2499 666 scribendum

1433 701 1516 727 esse
1533 688 1635 727 vidit
1649 681 1678 727 ὦ
1693 688 1822 734 δειλὸν,
1846 701 1967 739 quum
1987 688 2108 738 vulgo
2131 687 2236 739 apud
2253 686 2495 726 Clementem

1434 741 1456 799 ᾖ
1484 746 1595 786 δειλὸν
1617 747 1781 798 legatur.
1809 746 2047 798 Sylburgius
2068 746 2339 798 reponendum
2355 746 2497 786 existi-

1434 806 1565 845 mabat
1582 808 1643 845 vel
1665 800 1688 844 ἆ
1708 808 1769 845 vel
1791 799 1833 846 ὦ.
1857 806 2047 856 Scaligeri
2067 805 2381 845 emendationem
2414 818 2498 845 me-

1435 867 1511 905 rito
1528 866 1748 919 probarunt
1767 866 1944 905 Sturzius
1960 875 1998 904 et
2016 865 2259 906 Karstenius.
2289 865 2369 905 Pro
2387 865 2497 905 δυσά-

1434 926 1558 966 νολὸον
1579 941 1658 966 non
1679 936 1784 979 erat,
1807 927 1915 978 quod
1931 925 2087 965 Naekius
2104 926 2268 966 Choeril.
2283 925 2499 978 conjiceret

1435 986 1485 1031 δὶς
1515 986 1680 1034 ἄνολὸον,
1715 986 1911 1039 siquidem
1942 984 2156 1030 δυσάνολὸος
2175 985 2314 1025 eodem
2334 999 2500 1038 prorsus

1436 1048 1551 1086 modo
1566 1048 1771 1087 formatum
1788 1056 1846 1086 est
1859 1061 1938 1099 quo
1953 1045 2178 1099 δυσάμμορος
2188 1046 2250 1085 vel
2266 1045 2494 1099 δυσάμοιρος.

1436 1107 1614 1145 Alterum
1646 1107 1751 1159 quod
1773 1106 2004 1144 Karstenius
2033 1105 2297 1158 comparavit,
2327 1118 2408 1143 non
2435 1106 2500 1145 in-

1437 1166 1620 1217 frequens
1640 1167 1744 1219 apud
1765 1174 1899 1218 poetas
1919 1174 1992 1206 est.
2012 1165 2060 1205 cs.
2087 1165 2200 1205 Iliad.
2217 1183 2243 1219 χ
2252 1195 2264 1215 ,
2287 1166 2381 1213 428,
2403 1166 2499 1204 alte-

1437 1239 1522 1264 rum
1545 1225 1594 1264 ab
1616 1226 1814 1279 Hesychio
1829 1226 2045 1278 exponitur
2060 1225 2292 1280 κακόμοιρος,
2313 1225 2501 1278 δύστηνος,

1437 1285 1626 1339 δυστυχής.
1647 1311 1699 1319 —-
1714 1286 1795 1327 οἵων
1814 1286 1847 1332 ἐξ
1865 1286 1988 1340 ἐρίδων
2006 1286 2177 1325 refertur
2194 1286 2243 1325 ad
2260 1286 2504 1326 calamitates

1436 1359 1534 1397 quas
1554 1347 1734 1386 homines
1763 1347 1825 1386 vel
1858 1347 1990 1399 potius
2023 1347 2079 1386 dii
2099 1360 2121 1386 e
2141 1346 2242 1386 coelo
2273 1345 2387 1398 eJecti
2415 1346 2501 1399 jam

1437 1407 1549 1458 prius
1581 1420 1698 1459 quam
1731 1406 1921 1445 mundum
1952 1406 2290 1456 ingrederentur‚-
2314 1406 2501 1457 pertulis-

1437 1475 1535 1505 sent.
1570 1466 1791 1505 Mirandum
1829 1475 1956 1505 autem
1989 1465 2182 1504 Steinium
2203 1477 2225 1504 e
2252 1464 2498 1518 porphyrio,

1437 1526 1504 1576 qui
1528 1525 1776 1578 Empedoclis
1796 1525 1921 1565 verba
1937 1525 2164 1564 memoriter
2178 1525 2291 1573 citat,
2311 1523 2416 1564 τοίων
2437 1525 2507 1564 hic

1438 1583 1656 1623 rescribere
1669 1585 1856 1623 voluisse.
1872 1584 1982 1623 Alios
1995 1582 2115 1635 hujus
2129 1583 2284 1634 generis
2295 1592 2504 1636 poetarum

1438 1643 1545 1682 locos
1566 1644 1744 1684 Clemens
1765 1645 1791 1684 l.
1812 1659 1845 1684 c.
1867 1643 2042 1684 exhibet.
2065 1642 2152 1684 Vss.
2172 1643 2318 1682 32-35.
2348 1652 2503 1683 exstant

1437 1704 1541 1754 apud
1561 1704 1814 1743 Plutarchum
1832 1703 1880 1742 de
1901 1703 1998 1742 lsid.
2019 1712 2055 1742 et
2072 1703 2174 1742 Osir.
2195 1717 2232 1755 p.
2255 1703 2326 1742 361
2343 1718 2354 1751 ;
2373 1703 2422 1742 de
2439 1704 2502 1743 vi·

1439 1763 1556 1801 tando
1585 1777 1660 1802 aere
1688 1764 1818 1802 alieno
1838 1777 1877 1815 p.
1904 1763 1982 1802 830
2014 1763 2115 1815 (vol.
2146 1762 2219 1800 Vll
2248 1777 2292 1815 p.
2325 1762 2503 1811 426;1x

1438 1836 1479 1873 p.
1501 1823 1575 1861 3ο2
1594 1822 1655 1864 ed.
1674 1821 1831 1875 Reisk.).
1852 1821 1913 1860 Ab
1927 1823 2004 1861 hoc
2020 1830 2219 1861 mutuatus
2235 1831 2294 1861 est
2310 1821 2504 1862 Eusebius

1438 1882 1566 1935 Praep.
1586 1882 1655 1922 Ev.
1670 1882 1718 1931 V,
1743 1883 1763 1920 5
1782 1897 1822 1935 p.
1846 1884 1916 1931 187
1932 1883 1979 1923 D.
1996 1882 2183 1935 Ἀποφυγὴ
2205 1880 2235 1920 δ’
2252 1882 2316 1920 οὐκ
2332 1880 2426 1921 ἔστιν
2445 1882 2503 1922 ἐπὶ

1439 1942 1500 1987 τὰς
1518 1943 1627 1994 νομὰς
1649 1942 1781 1985 ἐκείνας
1800 1942 1861 1980 καὶ
1879 1940 1956 1985 τοὺς
1968 1943 2167 1992 λειμῶνας,
2188 1939 2282 1980 ἀλλὰ
2296 1941 2502 1989 πλάζονται,

1439 2003 1599 2055 καθάπερ
1620 2003 1650 2040 οἱ
1672 2002 1838 2049 θεήλατοι
1854 2000 1916 2040 καὶ
1936 2002 2183 2053 οὐρανοπετεῖς
2199 2001 2324 2039 ἐκεῖνοι
2340 2004 2400 2040 τοῦ
2416 2001 2503 2052 ’Ep-

1439 2061 1646 2105 πεδοκλέους
1657 2061 1834 2111 δαίμονες.
1846 2060 2049 2099 Plutarchi
2066 2060 2190 2099 verba
2199 2069 2292 2100 sunt
2301 2061 2370 2113 qui
2384 2062 2504 2102 simul

1439 2121 1487 2159 de
1504 2122 1606 2160 vatis
1625 2120 1876 2172 Agrigentini
1893 2120 2086 2159 sententia
2103 2121 2240 2171 genios
2252 2130 2505 2174 pec-catorum

1439 2181 1752 2232 delictorumque
1774 2193 1911 2232 poenas
1930 2180 2039 2218 luere
2055 2180 2153 2218 dicit
2166 2208 2177 2228 ‚
2200 2180 2326 2219 donec
2345 2183 2504 2234 purgati

1439 2239 1481 2276 in
1523 2240 1737 2291 pristinum
1793 2239 2039 2278 domicilium
2082 2248 2342 2280 revertantur.
2378 2240 2503 2280 Iidem

1439 2311 1575 2337 versus
1596 2300 1780 2348 leguntur
1801 2299 1904 2351 apud
1926 2299 2185 2351 Hippolytum
2205 2313 2296 2352 pag.
2330 2300 2408 2340 250
2436 2302 2501 2341 ed.

1440 2351 1569 2390 Miller
1592 2368 1600 2390 2
1626 2352 1921 2392 Μεταλλάσσουσι
1945 2352 2013 2405 γὰρ
2033 2354 2070 2391 αἱ
2089 2352 2203 2406 ψυχαὶ
2223 2356 2331 2404 σῶμα
2363 2357 2402 2394 ἐκ
2432 2355 2504 2394 σώ-

1442 2426 1551 2460 ματος
1572 2411 1640 2450 ὑπὸ
1668 2415 1728 2450 τοῦ
1755 2411 1891 2456 νείκους
1921 2411 2234 2463 μεταὸαλλόμεναι
2264 2413 2325 2452 καὶ
2353 2413 2506 2460 κολαζό-

1441 2485 1542 2519 μεναι
1557 2471 1618 2509 καὶ
1633 2473 1695 2511 οὐκ
1708 2471 1859 2523 ἐώμεναι
1871 2475 1987 2523 μένειν
2002 2472 2050 2516 εἰς
2065 2470 2103 2510 τὸ
2120 2471 2172 2518 ἕν,
2185 2471 2279 2512 ἀλλὰ
2293 2474 2507 2519 κολάζεσθαι

1441 2531 1476 2568 ἐν
1492 2529 1622 2575 πάσαις
1636 2531 1823 2570 κολάσεσιν
1844 2532 1911 2572 ὑπὸ
1930 2534 1991 2571 τοῦ
2007 2530 2141 2575 νείκους
2166 2531 2230 2576 τὰς
2253 2531 2372 2586 ψυχὰς
2393 2549 2502 2584 μετα-

1442 2588 1662 2640 ὅαλλομένας
1696 2593 1801 2641 σῶμα
1829 2592 1868 2630 ἐκ
1901 2589 2086 2641 σώματος,
2105 2590 2176 2630 ubi
2211 2593 2330 2631 etiam
2363 2605 2506 2632 versus

1444 2649 1566 2687 33-35
1583 2650 1786 2689 iterantur.
1800 2650 1992 2689 Caeterum
2009 2649 2072 2701 μὲν
2086 2649 2155 2703 γὰρ
2169 2664 2320 2700 omnes,
2341 2661 2508 2704 excepto

1444 2708 1660 2761 Hippolyto
1686 2710 1754 2761 qui
1774 2726 1813 2763 γε
1835 2710 1983 2762 praebet
2003 2718 2083 2748 toto
2102 2724 2222 2749 versu
2244 2711 2302 2750 sic
2321 2712 2470 2764 scripto
2490 2727 2500 2751 t

1443 2769 1602 2821 Αἶθέριόν
1619 2785 1658 2821 γε
1678 2771 1777 2819 μένος
1793 2770 1910 2824 ψυχὰς
1929 2770 2097 2809 πόντονδε
2110 2769 2242 2811 διώκει.
2255 2771 2364 2810 Idem
2378 2771 2504 2812 πόντον
2518 2787 2525 2799 ·

1444 2828 1498 2866 δέε
1518 2829 1640 2881 χθονὸς
1662 2829 1790 2869 habet.
1814 2830 1893 2868 Pro
1920 2829 2125 2880 ἀκάμαντος
2146 2831 2388 2883 Hippolytus
2412 2831 2504 2886 φαέ-

1443 2888 1559 2930 θοντος
1579 2887 1684 2937 quod
1702 2887 2001 2927 Schneidewino
2019 2889 2165 2929 arrisit.
2193 2889 2428 2930 Plutarchus
2456 2891 2508 2930 de

1444 2945 1495 2983 ls.
1519 2954 1557 2984 et
1581 2946 1684 2985 Osir.
1703 2946 1731 2985 l.
1755 2961 1789 2987 c.
1821 2962 1894 2999 pro
1915 2949 1948 2994 ἐς
1976 2946 2084 2998 αὐγὰς
2112 2961 2320 3000 perperam
2342 2950 2503 2996 ἐσαῦθις;

1444 3003 1547 3042 idem
1564 3004 1611 3042 de
1628 3004 1698 3042 vit.
1725 3018 1802 3043 aere
1817 3006 1864 3043 al.
1879 3005 2003 3050 πόντος
2021 3005 2058 3044 δὲ
2074 3006 2196 3059 χθονὸς
2209 3036 2220 3054 ,
2241 3007 2387 3047 omissa
2403 3021 2510 3059 prae-

1445 3064 1643 3115 positione
1675 3077 1761 3115 quae
1792 3074 1830 3103 et
1859 3065 1964 3117 apud
1995 3065 2209 3105 Eusebium
2243 3066 2503 3117 desideratur,

1445 3123 1616 3174 denique
1635 3124 1769 3175 priore
1796 3124 1883 3162 loco
1903 3124 2138 3164 Plutarchus
2159 3124 2339 3166 ἀπέπτυσε
2357 3126 2508 3178 pariter

1445 3192 1561 3234 atque
1593 3182 1784 3222 Eusebius
1816 3193 1854 3222 et
1883 3185 2141 3237 Hippolytus,
2173 3186 2393 3238 posteriore
2423 3185 2505 3224 ἀνέ-

1445 3258 1555 3282 πτυσε
1569 3271 1580 3290 ,
1601 3242 1671 3281 sed
1698 3243 1861 3281 alterum
1885 3244 2029 3282 rectius
2048 3252 2262 3295 usurpatur
2280 3243 2328 3282 de
2345 3244 2445 3282 mari
2462 3243 2504 3282 in

1446 3311 1590 3341 terram
1621 3301 1817 3354 ejiciente.
1849 3302 1910 3342 Cf.
1950 3303 1996 3342 ll.
2028 3303 2091 3351 IV,
2129 3304 2221 3348 426.
2254 3302 2363 3341 Nihil
2395 3303 2504 3341 aliud

1448 3371 1572 3400 autem
1585 3361 1668 3400 haec
1683 3374 1754 3413 per
1772 3361 1928 3400 diversa
1941 3362 2130 3400 elementa
2145 3363 2368 3401 daemonum
2381 3362 2507 3414 jacta·

1449 3422 1504 3459 tio
1519 3421 1710 3471 designat,
1734 3434 1849 3471 quam
1873 3421 1996 3472 ipsam
2020 3421 2232 3460 formarum
2248 3422 2501 3460 mutationem

1449 3493 1526 3530 qua
1542 3481 1659 3518 modo
1677 3480 1718 3517 in
1735 3480 1914 3518 volatiles
1930 3479 2092 3529 bestias,
2107 3482 2225 3519 modo
2239 3482 2279 3520 in
2297 3481 2507 3533 aquatiles,
