2612 3814
874 435 1618 529 PROOEMIUM.

219 779 477 832 Philosophia
496 792 582 831 quae
601 792 624 817 a
641 778 789 818 Graecis
815 787 854 816 et
873 777 1061 816 Romanis
1080 789 1211 816 rerum

165 838 393 878 divinarum
424 838 760 888 humanarumque
789 836 960 886 cognitio
981 844 1119 875 vocata
1134 844 1212 886 est,

167 905 244 935 tam
262 910 332 936 sua
351 897 475 949 ipsius
494 896 693 948 majestate
712 903 1076 948 praeceptorumque
1095 895 1215 933 firmi-

168 965 244 995 tate
264 969 380 1008 quam
410 956 592 994 utilitatis
616 954 882 1005 magnitudine
902 953 1066 1005 reliquis
1085 955 1213 992 omni·

166 1015 240 1054 bus
259 1015 481 1067 disciplinis
510 1015 606 1053 adeo
633 1013 813 1060 excellit,
833 1022 876 1051 ut
899 1012 1061 1052 uberior
1076 1022 1114 1052 et
1134 1026 1216 1051 am-

166 1075 271 1126 plior
303 1088 430 1126 neque
464 1087 548 1113 esse
581 1085 708 1124 neque
756 1072 888 1111 animo
930 1072 1026 1122 fingi
1073 1073 1211 1124 possit.

163 1133 293 1180 Quum
317 1134 422 1172 enim
452 1140 599 1171 caeterae
618 1140 720 1170 artes
744 1139 783 1168 et
803 1130 994 1170 doctrinae
1013 1131 1055 1169 in
1082 1131 1215 1181 singu-

166 1194 290 1231 larum
337 1205 469 1231 rerum
521 1190 823 1240 investigatione
857 1198 1061 1229 versentur
1100 1199 1216 1242 atque

164 1251 312 1291 idcirco
341 1251 404 1290 vel
433 1251 482 1289 ad
507 1249 795 1303 patefaciendus
815 1258 962 1288 naturae
989 1249 1119 1288 aditus
1151 1250 1213 1288 vel

164 1310 212 1349 ad
233 1310 413 1349 civitates
432 1310 576 1361 quovis
590 1308 785 1347 bonorum
805 1321 945 1359 genere
960 1307 1214 1347 cumulandas

163 1370 222 1408 vel
256 1369 305 1407 ad
337 1368 553 1408 ornandam
580 1369 702 1407 vitam
734 1368 944 1407 humanam
979 1368 1211 1415 referantur,

163 1428 224 1467 vel
244 1428 415 1478 denique
430 1428 479 1467 ad
501 1427 699 1478 cogitandi
719 1436 757 1466 et
772 1427 992 1466 disserendi
1012 1427 1214 1466 subtilita-

165 1496 240 1527 tem
261 1496 435 1540 spectent
459 1499 470 1527 :
489 1500 569 1526 una
594 1486 676 1525 haec
695 1486 816 1525 nullis
844 1486 1023 1525 terminis
1043 1487 1213 1525 circum-

164 1547 312 1599 scripta
337 1546 462 1585 libere
496 1555 662 1596 vagatur
694 1558 843 1597 suoque
875 1546 1025 1585 lumine
1055 1554 1213 1585 cunctas

163 1606 380 1644 litterarum
413 1613 543 1658 partes
578 1605 758 1657 complet.
795 1605 950 1657 Quippe
977 1614 1022 1643 ut
1051 1618 1214 1656 magnus

161 1665 271 1713 auri,
297 1666 471 1715 argenti,
493 1664 625 1703 eboris
641 1677 801 1703 acervus
819 1677 890 1716 per
911 1677 956 1703 se
971 1665 1126 1704 inutilis
1139 1674 1212 1715 est,

163 1724 238 1763 nisi
256 1737 364 1763 mens
383 1724 552 1762 humana
572 1723 776 1762 accesserit
788 1754 798 1771 ,
811 1736 898 1774 quae
914 1723 1145 1773 indigestam
1163 1724 1211 1762 il-

161 1783 238 1821 lam
255 1785 396 1822 molem
417 1783 569 1833 digerat
591 1797 600 1820 :
620 1783 675 1821 ita
690 1782 776 1820 aliae
794 1781 1016 1834 disciplinae
1035 1784 1214 1834 quamvis

162 1843 357 1893 praeclarae
369 1871 380 1889 ‚
401 1854 450 1880 ne
467 1841 639 1880 materiae
658 1840 898 1880 obscuritate
911 1840 1109 1891 laborent,
1123 1842 1213 1894 phi·

164 1901 343 1953 losophia
364 1909 546 1952 tanquam
570 1908 697 1938 mente
723 1900 984 1941 illustrantur.

215 1960 305 1999 Haec
321 1973 440 2010 quum
463 1959 639 1998 divinam
668 1968 845 1998 naturam
871 1968 1080 2005 scrutatur,
1104 1973 1214 2000 sacra

158 2018 370 2071 disciplina
398 2019 532 2058 vocari
569 2018 690 2066 solet;
734 2032 855 2070 quum
888 2031 1018 2058 rerum
1051 2021 1210 2059 univer·

159 2075 310 2117 {itatem
344 2079 517 2118 intuetur
548 2086 664 2129 atque
697 2078 739 2116 in
773 2091 982 2130 corporum
1015 2089 1142 2119 motus
1175 2089 1212 2119 et

160 2150 359 2176 mensuras
385 2136 569 2188 inquirit,
593 2137 756 2188 physica
781 2145 819 2175 et
844 2137 1114 2176 mathematica
1142 2153 1212 2178 no-

159 2197 356 2245 minatur-3
386 2209 507 2248 quum
538 2195 586 2234 de
613 2196 790 2234 moribus
822 2195 1018 2248 disputat,
1051 2199 1211 2237 moralis

158 2256 410 2308 philosophia
427 2256 572 2294 dicitur
590 2270 599 2293 ε
619 2255 751 2294 eadem
771 2268 795 2294 a
818 2255 1035 2295 disserendi
1061 2259 1212 2296 ratione

158 2316 346 2355 tradenda
377 2315 591 2354 dialecticae
623 2328 766 2353 nomen
790 2315 943 2354 invenit
968 2329 978 2353 ι
1010 2316 1053 2354 in
1080 2317 1209 2367 legum

159 2375 333 2415 sontibus
366 2375 589 2428 aperiendis
617 2384 656 2413 et
682 2375 722 2414 vi
757 2374 990 2427 explicanda
1013 2375 1210 2427 jurispru-

157 2435 289 2474 dentia
324 2435 543 2487 appellatur
581 2449 591 2472 ε
618 2435 662 2472 in
687 2434 944 2473 animantium
965 2447 1151 2487 compage
1174 2445 1212 2474 et

160 2495 309 2534 fabrica
328 2494 612 2533 consideranda
639 2494 869 2546 morbisque
888 2495 1071 2533 curandis
1089 2495 1212 2533 medi·

157 2555 247 2593 cina
274 2555 327 2606 (1)
364 2562 423 2592 est
462 2566 472 2592 :
507 2567 627 2605 quum
655 2567 785 2592 rerum
820 2562 1014 2604 gestarum
1045 2555 1210 2602 seriem,

162 2615 316 2665 generis
351 2613 513 2652 humani
553 2614 653 2664 fata,
695 2613 867 2662 gentium
881 2641 892 2660 ,
948 2614 1208 2665 populorum,

156 2674 360 2713 civitatum
384 2672 578 2722 origines,
599 2673 839 2710 incrementa
852 2701 862 2719 ,
889 2672 1181 2711 vicissitudines
1195 2701 1205 2720 ,

156 2733 432 2772 conversiones
447 2740 603 2770 enarrat
612 2741 650 2770 et
663 2745 781 2783 quum
794 2732 969 2769 locorum
982 2732 1208 2782 regionum-

155 2805 234 2843 que
256 2793 372 2831 situm
392 2792 500 2830 velut
517 2791 557 2829 in
578 2792 683 2842 picta
702 2790 844 2829 tabella
865 2790 1074 2843 proponit,
1091 2790 1210 2829 histo-

200 2926 243 2967 (1)
265 2926 356 2959 Plato
372 2925 502 2958 Phaedr.
526 2935 558 2966 p.
577 2930 630 2958 ¹21
656 2926 693 2958 G.
715 2926 780 2958 ΣΩ.
799 2925 915 2966 Ψυχῆς
936 2923 991 2957 οὖν
1011 2925 1101 2964 φύσιν
1116 2925 1207 2963 ἀξίως

155 2973 250 3015 λόγου
262 2977 457 3012 κατανοῆσαι
470 2973 528 3005 οἷει
539 2974 668 3006 δυνατὸν
679 2973 756 3006 εἶναι
771 2973 843 3005 ἄνευ
851 2977 905 3012 τῆς
916 2975 972 3005 τοῦ
983 2973 1057 3005 ὅλου
1068 2973 1187 3015 φύσεως
1197 2984 1205 3013 ;

154 3022 245 3054 ΦΑΙ.
261 3022 300 3053 Εἰ
321 3021 376 3063 μὲν
390 3020 590 3063 Ἱπποκράτει
605 3024 651 3062 τῷ
665 3024 728 3053 τῶν
743 3021 978 3058 Ἀσκληπιαδῶν
996 3021 1043 3052 δεῖ
1057 3031 1087 3052 τι
1106 3021 1205 3053 πείθε-

156 3069 248 3108 σθαι,
268 3068 339 3101 οὐδὲ
356 3069 424 3110 περὶ
444 3068 592 3109 σώματος
609 3068 682 3101 ἄνευ
699 3072 752 3107 τῆς
777 3067 909 3110 μεθόδου
926 3068 1040 3105 ταύτης
1064 3068 1132 3100 κτλ.
1155 3067 1201 3099 Cf.

155 3116 271 3148 Galen.
288 3117 414 3149 comm.
437 3116 469 3147 in
490 3116 642 3158 Hippocr.
663 3115 721 3148 lib.
744 3114 785 3148 de
804 3118 873 3148 nat.
898 3115 1050 3156 hominis,
1073 3116 1154 3148 tom.
1175 3117 1205 3147 V

160 3171 192 3203 p.
210 3166 228 3194 2
248 3163 284 3207 et
300 3165 338 3194 16
358 3162 409 3194 ed.
439 3163 511 3195 Bas.

201 3208 246 3250 (2)
264 3208 392 3248 Strabo,
411 3209 463 3241 lib.
494 3211 527 3249 l,
556 3213 568 3242 1
592 3222 599 3241 ι
621 3211 684 3247 Τῆς
712 3212 768 3241 τοῦ
803 3208 971 3250 φιλοσόφου
992 3209 1205 3251 πραγματείας

157 3256 235 3288 εἶναι
254 3255 419 3298 νομίζομεν
432 3280 441 3296 ,
463 3256 549 3297 εἴπερ
567 3256 662 3294 ἄλλην
677 3256 764 3295 τινά,
785 3258 838 3288 καὶ
857 3257 913 3296 τὴν
925 3257 1153 3298 γεωγραφικήν,
1167 3258 1204 3296 ἢν

154 3305 210 3335 νῦν
231 3302 433 3344 προῃρήμεθα
451 3303 646 3335 ἐπισκοπεῖν.
677 3303 750 3335 Ὀτι
767 3304 794 3336 δ’
817 3304 855 3335 οὐ
876 3304 998 3345 φαύλως
1019 3304 1203 3346 νομίζομεν,

157 3350 193 3382 ἐκ
208 3350 450 3388 πολλῶνδῆλον.
468 3350 510 3382 Οἵ
527 3360 561 3382 τε
579 3351 638 3392 γὰρ
656 3353 774 3391 πρῶτοι
789 3349 995 3393 θαῤῥήσαντες
1010 3351 1103 3390 αὐτῆς
1119 3352 1199 3392 ἁψα-

157 3397 229 3428 σθαι
242 3398 377 3429 τοιοῦτοί
394 3408 473 3435 τινες
501 3398 637 3439 ὑπῆρξαν
649 3423 658 3438 ,
675 3397 814 3440 Ὅμηρός
837 3408 872 3430 τι
896 3399 950 3430 καὶ
971 3397 1203 3440 Ἀναξίμανδρος

155 3446 174 3476 ὁ
196 3445 347 3484 Μιλήσιος
359 3446 413 3477 καὶ
427 3446 592 3482 Ἑκαταῖος
603 3469 612 3484 ,
629 3446 647 3477 ὁ
663 3445 790 3484 πολίτης
806 3445 914 3483 αὐτοῦ,
927 3446 1031 3483 καθὼς
1043 3447 1096 3477 καὶ
1113 3446 1203 3491 ’βρα-

155 3490 301 3528 τοσθένης
320 3490 394 3532 φησί
407 3499 414 3507 ·
433 3491 486 3523 καὶ
503 3492 695 3534 Δημόκριτος
711 3492 743 3524 δὲ
759 3493 812 3524 καὶ
830 3492 960 3529 Εὔδοξος
973 3492 1026 3524 καὶ
1050 3492 1199 3535 Δικαίαρ-

352 3553 472 3579 Putms.
492 3552 599 3576 cnAEC.

1278 779 1337 816 ria
1353 787 1391 816 et
1419 778 1659 830 geographia
1679 778 1732 831 (2)
1757 788 2011 831 nuncupatur
2033 794 2042 817 τ
2065 780 2198 819 eadem
2219 781 2330 820 deni-

1279 849 1355 887 que
1374 836 1505 888 poesis
1526 845 1564 874 et
1584 837 1816 888 eloquentiae
1836 838 2004 889 speciem
2026 838 2180 889 induit,
2209 853 2329 891 quum

1279 895 1475 932 clarorum
1500 894 1679 933 virorum
1701 895 1799 934 facta
1818 909 2024 947 moresque
2045 897 2216 935 celebrat
2236 899 2332 937 alla-

1281 956 1406 1005 tisque
1421 953 1623 992 veteribus
1641 955 1832 1007 exemplis
1847 956 2028 994 mortales
2047 969 2068 994 a
2082 956 2199 996 rebus
2216 958 2332 996 fluxis

1281 1025 1443 1051 avocare
1462 1022 1500 1051 et
1523 1013 1571 1051 ad
1590 1014 1748 1052 virtutis
1765 1014 1938 1053 studium
1958 1019 2186 1054 convertere
2214 1030 2331 1056 cona-

1281 1081 1358 1113 tur.
1381 1072 1448 1111 Est
1464 1073 1586 1123 igitur
1601 1072 1854 1125 philosophia
1869 1074 1981 1125 quasi
1999 1073 2135 1113 divina
2154 1076 2329 1126 quaedam

1281 1132 1420 1170 mentis
1439 1131 1617 1170 humanae
1635 1131 1738 1183 dux,
1758 1133 1851 1171 vitae
1873 1134 2077 1183 magistra,
2097 1135 2255 1173 virtutis
2271 1137 2331 1174 in-

1279 1190 1482 1241 dagatrix,
1518 1191 1720 1243 expultrix
1741 1192 1930 1231 vitiorum
1969 1192 2331 1246 laudandarumque

1280 1252 1455 1289 omnium
1483 1251 1626 1289 artium
1652 1264 1808 1303 parens.
1832 1251 1907 1289 Sed
1937 1252 2133 1303 quomodo
2163 1253 2330 1292 aliorum

1279 1309 1498 1348 studiorum
1512 1339 1523 1360 ‚
1542 1310 1597 1348 sic
1616 1309 1733 1361 hujus
1749 1309 2016 1349 doctrinarum
2037 1311 2233 1363 principis
2254 1311 2332 1350 ob-

1279 1382 1392 1407 scura
1411 1377 1502 1407 sunt
1531 1369 1648 1408 initia
1668 1382 1796 1420 neque
1817 1369 2034 1408 litterarum
2066 1372 2329 1411 monumentis

1279 1428 1449 1479 prodita.
1478 1428 1591 1480 Apud
1610 1428 1768 1467 Graecos
1789 1438 1915 1468 autem
1936 1430 2057 1481 primi
2078 1430 2272 1481 sapientes
2293 1441 2332 1470 et

1279 1497 1404 1540 poetae
1424 1497 1462 1526 et
1481 1496 1590 1527 vates
1614 1496 1652 1526 et
1671 1489 1813 1527 musici
1832 1489 2012 1541 Orpheus
2029 1519 2040 1539 ‚
2066 1489 2188 1528 Linus
2202 1519 2212 1537 ‚
2244 1491 2331 1529 Mu-

1280 1561 1380 1586 saeus
1400 1548 1520 1586 fuisse
1547 1547 1766 1588 traduntur.
1787 1549 1866 1595 Qui
1889 1548 2072 1599 quoniam
2093 1549 2271 1588 homines
2289 1552 2329 1588 in

1278 1607 1383 1656 agris
1404 1606 1604 1658 dispersos
1623 1607 1776 1645 ratione
1798 1607 1964 1659 quadam
1988 1621 2108 1646 unum
2130 1608 2171 1646 in
2200 1609 2329 1647 locum

1278 1666 1552 1717 compulerunt
1570 1674 1608 1704 et
1626 1676 1912 1717 congregarunt
1931 1675 2047 1718 atque
2065 1680 2086 1705 e
2104 1667 2196 1706 feris
2211 1676 2249 1706 et
2262 1668 2331 1705 im-

1280 1726 1459 1763 manibus
1487 1725 1599 1763 mites
1620 1733 1659 1763 et
1678 1734 1902 1764 mansuetos
1928 1726 2207 1774 reddiderunt,
2228 1727 2330 1778 lapi·

1277 1784 1345 1822 des
1361 1792 1398 1822 et
1427 1783 1587 1823 arbores
1607 1793 1722 1823 cantu
1746 1784 1918 1823 movisse
1947 1784 2220 1836 perhibentur.
2239 1786 2331 1824 Fuit

1277 1856 1370 1881 vero
1399 1844 1574 1881 omnium
1604 1844 1747 1882 artium
1768 1844 2043 1895 antiquissima
2064 1845 2193 1896 poesis
2216 1845 2329 1896 cujus

1278 1902 1469 1942 beneficio
1490 1903 1672 1942 mortales
1690 1903 1739 1942 ad
1767 1903 1860 1942 vitae
1881 1904 2057 1942 melioris
2077 1905 2327 1943 consuetudi-

1277 1976 1364 2002 nem
1385 1962 1555 2001 traducti
1583 1962 1713 2001 divini
1742 1963 1869 2001 cultus
1888 1963 2107 2015 primordia
2138 1963 2325 2004 didicere.

1275 2025 1419 2061 Verum
1451 2035 1473 2061 e
1497 2021 1784 2073 posterioribus
1813 2022 1940 2073 poetis
1964 2035 2079 2061 nemo
2105 2023 2326 2062 carminum

1278 2081 1575 2133 pulchritudine
1593 2081 1743 2120 diutius
1762 2080 1988 2120 Graecorum
2009 2082 2161 2120 animos
2183 2083 2326 2134 tenuit,

1276 2155 1392 2192 quam
1421 2141 1614 2179 Homerus
1630 2148 1745 2192 atque
1767 2140 1973 2180 Hesiodus.
1996 2141 2083 2186 Quo
2106 2141 2246 2180 factum
2271 2151 2328 2180 est

1276 2208 1319 2238 ut
1342 2213 1478 2238 eorum
1512 2198 1653 2237 fabulae
1684 2198 1734 2237 ab
1771 2199 1956 2238 omnibus
1991 2199 2167 2251 probatae
2194 2213 2325 2239 rerum

1276 2271 1473 2297 sacrarum
1486 2258 1566 2296 vim
1579 2258 1925 2309 auctoritatemque
1935 2257 2159 2297 obtinerent
2171 2260 2327 2311 ipsique

1274 2319 1393 2368 vulgo
1417 2318 1565 2356 Graecae
1595 2316 1846 2368 mythologiae
1884 2318 2105 2357 conditores
2136 2318 2326 2357 haberen-

1275 2387 1338 2416 tur
1363 2377 1428 2430 (3).
1451 2378 1501 2415 At
1518 2376 1752 2428 procedente
1771 2385 1945 2428 tempore
1962 2390 2040 2428 quo
2058 2378 2182 2427 magis
2201 2378 2326 2416 homi·

1275 2450 1367 2475 num
1387 2437 1471 2474 vita
1499 2449 1653 2474 morum
1684 2435 1880 2487 probitate
1910 2436 2071 2474 formari
2103 2437 2326 2488 artiumque

1273 2497 1461 2534 varietate
1482 2495 1611 2533 excoli
1629 2503 1758 2546 coepta
1779 2503 1863 2534 est:
1885 2508 1932 2533 eo
1956 2496 2080 2545 magis
2100 2497 2214 2534 etiam
2240 2497 2324 2535 ani-

1275 2569 1426 2594 morum
1464 2553 1622 2592 habitus
1656 2562 1714 2592 est
1747 2562 1928 2593 mutatus.
1967 2554 2102 2606 Itaque
2148 2564 2323 2595 veterum

1274 2614 1508 2664 opinionum
1531 2621 1748 2651 commenta
1765 2612 1857 2651 dum
1881 2613 2085 2665 paullatim
2103 2614 2207 2653 delet
2222 2616 2320 2664 dies,

1273 2686 1386 2711 novae
1403 2685 1536 2723 eaeque
1555 2672 1728 2711 veriores
1750 2673 1959 2723 opiniones
1988 2673 2320 2726 percrebuerunt,

1274 2744 1360 2781 quae
1389 2740 1469 2769 tum
1503 2739 1705 2782 poetarum
1727 2732 1883 2783 scriptis
1914 2732 2142 2782 divulgatae,
2167 2742 2247 2772 tum
2279 2735 2321 2773 in

1272 2791 1471 2842 mysteriis
1502 2790 1658 2829 creditae
1675 2790 1875 2842 politioris
1895 2790 2148 2831 humanitatis
2173 2794 2322 2833 semina

1269 2921 1324 2967 χος
1343 2926 1397 2958 καὶ
1416 2924 1550 2968 Ἔφορος
1568 2925 1622 2958 καὶ
1640 2925 1726 2957 ἄλλοι
1743 2925 1866 2962 πλείους
1879 2934 1887 2941 ·
1905 2925 1949 2958 ἔτι
1967 2927 1999 2958 δὲ
2027 2928 2056 2958 οἱ
2076 2927 2154 2967 μετὰ
2173 2928 2319 2969 τούτους,

1268 2972 1491 3015 Ἐρατοσθένης
1503 2984 1537 3006 τε
1550 2974 1603 3006 καὶ
1620 2973 1775 3010 Πολύὸιος
1798 2974 1850 3005 καὶ
1871 2974 2082 3011 Ποσειδώνιος
2092 3000 2099 3012 ,
2115 2975 2220 3016 ἄνδρες
2235 2976 2321 3015 φιλό-

1268 3029 1378 3062 σοφοι·
1399 3020 1421 3060 ἦ
1447 3031 1482 3053 τε
1498 3020 1714 3061 πολυμάθεια,
1736 3018 1777 3052 δι’
1803 3019 1839 3059 ἧς
1871 3020 1966 3061 μόνης
1982 3020 2141 3060 ἐφικέσθαι
2159 3023 2249 3054 τοῦδε
2264 3026 2320 3055 τοῦ

1267 3067 1358 3108 ἔργου
1375 3066 1504 3100 δυνατόν
1516 3091 1526 3108 ,
1548 3067 1608 3099 οὐκ
1630 3066 1725 3099 ἄλλου
1744 3066 1824 3103 τινός
1851 3066 1934 3099 ἐστιν
1947 3068 1966 3106 ἢ
1985 3071 2040 3100 τοῦ
2054 3069 2092 3099 τὰ
2114 3070 2179 3100 θεῖα
2200 3070 2253 3101 καὶ
2279 3069 2320 3101 τὰ

1265 3113 1442 3156 ἀνθρώπεια
1461 3114 1699 3153 ἐπιὸλέποντος,
1730 3113 1833 3154 ὦνπερ
1856 3113 1912 3152 τὴν
1939 3114 2121 3155 φιλοσοφίαν
2144 3116 2319 3156 ἐπιστήμην

1264 3161 1367 3201 φασίν.
1383 3161 1435 3198 Ὡς
1451 3160 1478 3193 δ’
1496 3161 1598 3198 αὔτως
1615 3161 1668 3193 καὶ
1693 3162 1713 3199 ἡ
1732 3160 1870 3201 ὠφέλεια
1894 3160 2022 3199 ποικίλη
2035 3172 2081 3198 τις
2099 3161 2196 3201 οὖσα,
2222 3165 2242 3201 ἡ
2263 3163 2318 3203 μὲν

1263 3209 1338 3251 πρὸς
1354 3208 1394 3240 τὰ
1409 3207 1558 3241 πολιτικὰ
1576 3209 1631 3241 καὶ
1652 3207 1708 3246 τὰς
1720 3207 1908 3249 ἡγεμονικὰς
1921 3208 2042 3249 πράξεις
2053 3233 2061 3247 ,
2074 3211 2094 3247 ἠ
2107 3210 2138 3241 δὲ
2152 3210 2229 3250 πρὸς
2246 3209 2316 3241 ἐπι-

1264 3257 1388 3298 στήμην
1409 3259 1471 3289 τῶν
1484 3267 1517 3288 τε
1531 3256 1683 3298 οὐρανίων
1696 3256 1750 3288 καὶ
1765 3259 1827 3287 τῶν
1846 3256 1897 3287 ἐπὶ
1915 3259 1971 3295 γῆς
1987 3257 2042 3287 καὶ
2059 3258 2211 3295 θαλατι-ης
2224 3258 2315 3299 ζῴων

1262 3305 1315 3335 καὶ
1333 3307 1435 3346 φυτῶν
1451 3304 1505 3335 καὶ
1521 3307 1650 3345 καρπῶν
1662 3305 1716 3336 καὶ
1731 3307 1792 3335 τῶν
1807 3303 1909 3335 ἄλλων
1922 3303 1983 3334 ὅσα
1997 3304 2070 3335 ἰδεῖν
2086 3304 2159 3345 παρ’
2173 3305 2315 3340 ἑκάστοις

1263 3351 1352 3389 ἐστί,
1372 3352 1426 3383 τὸν
1445 3350 1542 3383 αὐτὸν
1569 3350 1740 3392 ὑπογράφει
1757 3349 1853 3391 ἄνδρα
1865 3374 1874 3391 ,
1898 3351 1951 3382 τὸν
1966 3352 2162 3392 φροντίζοντα
2175 3357 2228 3392 τῆς
2244 3353 2313 3394 περὶ

1261 3398 1314 3430 τὸν
1332 3397 1400 3440 βίον
1425 3398 1535 3439 τέχνης
1551 3398 1605 3430 καὶ
1627 3397 1836 3439 εὐδαιμονίας.

1303 3491 1348 3535 (3)
1367 3493 1459 3526 conf.
1481 3493 1648 3535 Herodot,
1664 3493 1719 3526 lib.
1737 3495 1768 3527 ll
1790 3502 1862 3534 cap.
1883 3496 1934 3526 53.

2119 3562 2135 3582 (Ι
