<?xml version="1.0" encoding="UTF-8"?>
<!DOCTYPE html PUBLIC "-//W3C//DTD XHTML 1.0 Transitional//EN"
    "http://www.w3.org/TR/xhtml1/DTD/xhtml1-transitional.dtd">
<html xmlns="http://www.w3.org/1999/xhtml" xml:lang="en" lang="en">
 <head>
  <title>
</title>
<meta http-equiv="Content-Type" content="text/html;charset=utf-8" />
  <meta name='ocr-system' content='tesseract 3.04.00' />
  <meta name='ocr-capabilities' content='ocr_page ocr_carea ocr_par ocr_line ocrx_word'/>
</head>
<body>
  <div class='ocr_page' id='page_1' title='image "./fragmentaphiloso01mulluoft_0118.png"; bbox 0 0 2612 3814; ppageno 0'>
   <div class='ocr_carea' id='block_1_1' title="bbox 0 337 13 1360">
    <p class='ocr_par' dir='ltr' id='par_1_1' title="bbox 0 337 13 1360">
     <span class='ocr_line' id='line_1_1' title="bbox 0 337 13 1360; textangle 90"><span class='ocrx_word' id='word_1_1' title='bbox 0 853 13 1360; x_wconf 23' lang='lat' dir='ltr'>-Av-k--w3...„,.„W.---.-2-</span> <span class='ocrx_word' id='word_1_2' title='bbox 0 747 5 841; x_wconf 28' lang='lat' dir='ltr'>aim„-</span> <span class='ocrx_word' id='word_1_3' title='bbox 0 690 3 731; x_wconf 42' lang='grc' dir='ltr'>Η,-</span> <span class='ocrx_word' id='word_1_4' title='bbox 0 603 4 631; x_wconf 44' lang='lat'>.-2</span> <span class='ocrx_word' id='word_1_5' title='bbox 0 573 3 586; x_wconf 61' lang='lat'>„,</span> <span class='ocrx_word' id='word_1_6' title='bbox 0 557 2 560; x_wconf 93' lang='lat'>.</span> <span class='ocrx_word' id='word_1_7' title='bbox 0 502 3 543; x_wconf 24' lang='lat' dir='ltr'>R..</span> <span class='ocrx_word' id='word_1_8' title='bbox 2 486 3 491; x_wconf 64' lang='lat'>.</span> <span class='ocrx_word' id='word_1_9' title='bbox 0 449 3 470; x_wconf 38' lang='lat' dir='ltr'>„x</span> <span class='ocrx_word' id='word_1_10' title='bbox 2 425 3 431; x_wconf 59' lang='lat'>.</span> <span class='ocrx_word' id='word_1_11' title='bbox 2 407 3 410; x_wconf 64' lang='lat'>.</span> <span class='ocrx_word' id='word_1_12' title='bbox 1 337 5 342; x_wconf 90' lang='lat'>.</span> 
     </span>
    </p>
   </div>
   <div class='ocr_carea' id='block_1_2' title="bbox 0 1381 12 1725">
    <p class='ocr_par' dir='ltr' id='par_1_2' title="bbox 0 1381 12 1725">
     <span class='ocr_line' id='line_1_2' title="bbox 0 1381 12 1725; baseline 0 2089"><span class='ocrx_word' id='word_1_13' title='bbox 0 1381 12 1725; x_wconf 95' lang='lat' dir='ltr'> </span> 
     </span>
    </p>
   </div>
   <div class='ocr_carea' id='block_1_3' title="bbox 0 2009 25 3814">
    <p class='ocr_par' dir='ltr' id='par_1_3' title="bbox 0 2009 25 3814">
     <span class='ocr_line' id='line_1_3' title="bbox 0 2009 25 3814; baseline 0 0"><span class='ocrx_word' id='word_1_14' title='bbox 0 2009 25 3814; x_wconf 95' lang='lat' dir='ltr'> </span> 
     </span>
    </p>
   </div>
   <div class='ocr_carea' id='block_1_4' title="bbox 384 234 1670 291">
    <p class='ocr_par' dir='ltr' id='par_1_4' title="bbox 384 234 1670 291">
     <span class='ocr_line' id='line_1_4' title="bbox 384 234 1670 291; baseline -0.001 -16"><span class='ocrx_word' id='word_1_15' title='bbox 384 260 403 291; x_wconf 80' lang='lat'><strong>7</strong></span> <span class='ocrx_word' id='word_1_16' title='bbox 410 258 432 289; x_wconf 79' lang='lat'>8</span> <span class='ocrx_word' id='word_1_17' title='bbox 1250 234 1670 279; x_wconf 81' lang='lat' dir='ltr'><strong>COMMENTARIUS</strong></span> 
     </span>
    </p>
   </div>
   <div class='ocr_carea' id='block_1_5' title="bbox 381 329 1446 3228">
    <p class='ocr_par' dir='ltr' id='par_1_5' title="bbox 386 329 1438 448">
     <span class='ocr_line' id='line_1_5' title="bbox 386 329 1438 384; baseline -0.011 -5"><span class='ocrx_word' id='word_1_18' title='bbox 386 342 492 380; x_wconf 84' lang='lat' dir='ltr'>testis</span> <span class='ocrx_word' id='word_1_19' title='bbox 512 338 689 377; x_wconf 84' lang='lat' dir='ltr'>AElianus</span> <span class='ocrx_word' id='word_1_20' title='bbox 709 336 757 375; x_wconf 81' lang='lat' dir='ltr'>ll.</span> <span class='ocrx_word' id='word_1_21' title='bbox 783 336 826 375; x_wconf 74' lang='lat' dir='ltr'>A.</span> <span class='ocrx_word' id='word_1_22' title='bbox 846 333 918 373; x_wconf 82' lang='grc' dir='ltr'>ΧΠ</span> <span class='ocrx_word' id='word_1_23' title='bbox 936 362 946 381; x_wconf 91' lang='grc'><strong>,</strong></span> <span class='ocrx_word' id='word_1_24' title='bbox 965 347 1004 382; x_wconf 89' lang='lat'>7,</span> <span class='ocrx_word' id='word_1_25' title='bbox 1027 331 1140 384; x_wconf 85' lang='lat' dir='ltr'>cujus</span> <span class='ocrx_word' id='word_1_26' title='bbox 1171 329 1291 370; x_wconf 88' lang='lat' dir='ltr'>verba</span> <span class='ocrx_word' id='word_1_27' title='bbox 1311 329 1358 368; x_wconf 84' lang='lat' dir='ltr'>ad</span> <span class='ocrx_word' id='word_1_28' title='bbox 1379 341 1438 368; x_wconf 87' lang='lat' dir='ltr'>vs.</span> 
     </span>
     <span class='ocr_line' id='line_1_6' title="bbox 389 396 715 448; baseline 0.009 -17"><span class='ocrx_word' id='word_1_29' title='bbox 389 402 568 448; x_wconf 70' lang='lat' dir='ltr'>lrliss·l·‘=9</span> <span class='ocrx_word' id='word_1_30' title='bbox 590 396 715 435; x_wconf 83' lang='lat' dir='ltr'>attuli.</span> 
     </span>
    </p>

    <p class='ocr_par' dir='ltr' id='par_1_6' title="bbox 385 446 1442 749">
     <span class='ocr_line' id='line_1_7' title="bbox 439 446 1438 506; baseline -0.012 -11"><span class='ocrx_word' id='word_1_31' title='bbox 439 459 503 497; x_wconf 89' lang='lat' dir='ltr'>Vs.</span> <span class='ocrx_word' id='word_1_32' title='bbox 528 458 618 504; x_wconf 76' lang='lat'>451.</span> <span class='ocrx_word' id='word_1_33' title='bbox 640 453 745 495; x_wconf 83' lang='grc' dir='ltr'>δειλοί</span> <span class='ocrx_word' id='word_1_34' title='bbox 761 453 859 506; x_wconf 63' lang='grc' dir='ltr'>κτλ]</span> <span class='ocrx_word' id='word_1_35' title='bbox 879 453 1031 491; x_wconf 83' lang='lat' dir='ltr'>Gellius</span> <span class='ocrx_word' id='word_1_36' title='bbox 1048 450 1159 490; x_wconf 69' lang='lat' dir='ltr'>Noct.</span> <span class='ocrx_word' id='word_1_37' title='bbox 1183 449 1258 488; x_wconf 71' lang='lat' dir='ltr'>Att.</span> <span class='ocrx_word' id='word_1_38' title='bbox 1282 446 1345 498; x_wconf 87' lang='lat' dir='ltr'>IV,</span> <span class='ocrx_word' id='word_1_39' title='bbox 1376 460 1438 494; x_wconf 82' lang='lat'>¹13</span> 
     </span>
     <span class='ocr_line' id='line_1_8' title="bbox 390 506 1441 570; baseline -0.013 -13"><span class='ocrx_word' id='word_1_40' title='bbox 390 518 580 570; x_wconf 82' lang='lat' dir='ltr'>Didymus</span> <span class='ocrx_word' id='word_1_41' title='bbox 595 515 775 567; x_wconf 90' lang='lat' dir='ltr'>Geopon.</span> <span class='ocrx_word' id='word_1_42' title='bbox 792 513 844 559; x_wconf 87' lang='lat' dir='ltr'>ll,</span> <span class='ocrx_word' id='word_1_43' title='bbox 866 513 931 562; x_wconf 78' lang='lat'>35,</span> <span class='ocrx_word' id='word_1_44' title='bbox 952 515 985 549; x_wconf 82' lang='grc'>8.</span> <span class='ocrx_word' id='word_1_45' title='bbox 1005 510 1156 549; x_wconf 82' lang='lat' dir='ltr'><strong>Gellius</strong></span> <span class='ocrx_word' id='word_1_46' title='bbox 1171 507 1314 560; x_wconf 74' lang='grc' dir='ltr'>ἔχεσθαι</span> <span class='ocrx_word' id='word_1_47' title='bbox 1335 506 1441 558; x_wconf 88' lang='lat' dir='ltr'>quod</span> 
     </span>
     <span class='ocr_line' id='line_1_9' title="bbox 385 565 1442 620; baseline -0.015 -3"><span class='ocrx_word' id='word_1_48' title='bbox 385 577 557 617; x_wconf 86' lang='lat' dir='ltr'>servavit</span> <span class='ocrx_word' id='word_1_49' title='bbox 570 575 685 614; x_wconf 88' lang='lat' dir='ltr'>etiam</span> <span class='ocrx_word' id='word_1_50' title='bbox 705 572 895 612; x_wconf 84' lang='lat' dir='ltr'>Martinus</span> <span class='ocrx_word' id='word_1_51' title='bbox 915 569 1092 608; x_wconf 89' lang='lat' dir='ltr'>llertzius</span> <span class='ocrx_word' id='word_1_52' title='bbox 1113 582 1149 620; x_wconf 87' lang='lat' dir='ltr'>p.</span> <span class='ocrx_word' id='word_1_53' title='bbox 1176 567 1274 614; x_wconf 84' lang='lat' dir='ltr'>15o;</span> <span class='ocrx_word' id='word_1_54' title='bbox 1297 566 1338 604; x_wconf 90' lang='lat' dir='ltr'>in</span> <span class='ocrx_word' id='word_1_55' title='bbox 1359 565 1442 602; x_wconf 89' lang='grc' dir='ltr'>Μο-</span> 
     </span>
     <span class='ocr_line' id='line_1_10' title="bbox 388 625 1439 682; baseline -0.014 -6"><span class='ocrx_word' id='word_1_56' title='bbox 388 636 525 675; x_wconf 89' lang='lat' dir='ltr'>sellani</span> <span class='ocrx_word' id='word_1_57' title='bbox 553 635 724 674; x_wconf 85' lang='lat' dir='ltr'>editione</span> <span class='ocrx_word' id='word_1_58' title='bbox 749 633 888 682; x_wconf 86' lang='lat' dir='ltr'>legitur</span> <span class='ocrx_word' id='word_1_59' title='bbox 908 629 1059 668; x_wconf 82' lang='grc' dir='ltr'>ἑλέσθαι.</span> <span class='ocrx_word' id='word_1_60' title='bbox 1086 627 1161 666; x_wconf 87' lang='lat' dir='ltr'>Sed</span> <span class='ocrx_word' id='word_1_61' title='bbox 1191 627 1234 664; x_wconf 89' lang='lat' dir='ltr'>in</span> <span class='ocrx_word' id='word_1_62' title='bbox 1261 625 1439 677; x_wconf 89' lang='lat' dir='ltr'>Geopon.</span> 
     </span>
     <span class='ocr_line' id='line_1_11' title="bbox 387 686 1297 749; baseline -0.012 -13"><span class='ocrx_word' id='word_1_63' title='bbox 387 705 445 736; x_wconf 89' lang='lat' dir='ltr'>est</span> <span class='ocrx_word' id='word_1_64' title='bbox 463 694 598 749; x_wconf 66' lang='lat' dir='ltr'>lycaea.</span> <span class='ocrx_word' id='word_1_65' title='bbox 622 695 675 732; x_wconf 89' lang='lat' dir='ltr'>De</span> <span class='ocrx_word' id='word_1_66' title='bbox 701 706 741 731; x_wconf 92' lang='lat' dir='ltr'>re</span> <span class='ocrx_word' id='word_1_67' title='bbox 771 692 855 743; x_wconf 87' lang='lat' dir='ltr'>ipsa</span> <span class='ocrx_word' id='word_1_68' title='bbox 888 689 979 727; x_wconf 90' lang='lat' dir='ltr'>vide</span> <span class='ocrx_word' id='word_1_69' title='bbox 1007 687 1176 725; x_wconf 90' lang='lat' dir='ltr'>Gellium</span> <span class='ocrx_word' id='word_1_70' title='bbox 1204 686 1230 724; x_wconf 90' lang='lat' dir='ltr'>l.</span> <span class='ocrx_word' id='word_1_71' title='bbox 1264 699 1297 725; x_wconf 91' lang='lat' dir='ltr'>c.</span> 
     </span>
    </p>

    <p class='ocr_par' dir='ltr' id='par_1_7' title="bbox 381 742 1446 2812">
     <span class='ocr_line' id='line_1_12' title="bbox 440 742 1444 800; baseline -0.015 -5"><span class='ocrx_word' id='word_1_72' title='bbox 440 742 524 795; x_wconf 56' lang='lat' dir='ltr'>vsi.</span> <span class='ocrx_word' id='word_1_73' title='bbox 551 753 741 800; x_wconf 60' lang='grc' dir='ltr'>[βα-453.</span> <span class='ocrx_word' id='word_1_74' title='bbox 765 751 901 788; x_wconf 78' lang='grc' dir='ltr'>ῚἹιεοη</span> <span class='ocrx_word' id='word_1_75' title='bbox 919 748 1142 799; x_wconf 80' lang='lat' dir='ltr'>Smyrnaeus</span> <span class='ocrx_word' id='word_1_76' title='bbox 1164 744 1328 783; x_wconf 79' lang='lat' dir='ltr'>Arithm.</span> <span class='ocrx_word' id='word_1_77' title='bbox 1357 743 1444 781; x_wconf 80' lang='lat' dir='ltr'>Pla-</span> 
     </span>
     <span class='ocr_line' id='line_1_13' title="bbox 388 803 1445 866; baseline -0.013 -12"><span class='ocrx_word' id='word_1_78' title='bbox 388 825 471 856; x_wconf 90' lang='lat' dir='ltr'>ton.</span> <span class='ocrx_word' id='word_1_79' title='bbox 491 829 522 853; x_wconf 84' lang='lat' dir='ltr'>c.</span> <span class='ocrx_word' id='word_1_80' title='bbox 541 817 556 852; x_wconf 92' lang='lat'>1</span> <span class='ocrx_word' id='word_1_81' title='bbox 575 827 614 866; x_wconf 91' lang='lat' dir='ltr'>p.</span> <span class='ocrx_word' id='word_1_82' title='bbox 645 826 690 849; x_wconf 83' lang='lat'>21</span> <span class='ocrx_word' id='word_1_83' title='bbox 723 810 783 849; x_wconf 90' lang='lat' dir='ltr'>ed.</span> <span class='ocrx_word' id='word_1_84' title='bbox 804 808 958 847; x_wconf 89' lang='lat' dir='ltr'>Gelder.</span> <span class='ocrx_word' id='word_1_85' title='bbox 987 814 1238 859; x_wconf 85' lang='lat' dir='ltr'>posteaquam</span> <span class='ocrx_word' id='word_1_86' title='bbox 1264 803 1445 855; x_wconf 84' lang='lat' dir='ltr'>exposuit</span> 
     </span>
     <span class='ocr_line' id='line_1_14' title="bbox 389 862 1441 926; baseline -0.012 -13"><span class='ocrx_word' id='word_1_87' title='bbox 389 875 564 926; x_wconf 88' lang='lat' dir='ltr'>quinque</span> <span class='ocrx_word' id='word_1_88' title='bbox 601 868 835 910; x_wconf 73' lang='lat' dir='ltr'>initiationis</span> <span class='ocrx_word' id='word_1_89' title='bbox 869 879 952 905; x_wconf 88' lang='lat' dir='ltr'>esse</span> <span class='ocrx_word' id='word_1_90' title='bbox 992 873 1121 918; x_wconf 88' lang='lat' dir='ltr'>partes</span> <span class='ocrx_word' id='word_1_91' title='bbox 1158 864 1241 902; x_wconf 90' lang='lat' dir='ltr'>sive</span> <span class='ocrx_word' id='word_1_92' title='bbox 1278 862 1441 913; x_wconf 83' lang='lat' dir='ltr'>gradus,</span> 
     </span>
     <span class='ocr_line' id='line_1_15' title="bbox 392 922 1444 984; baseline -0.011 -13"><span class='ocrx_word' id='word_1_93' title='bbox 392 933 508 984; x_wconf 87' lang='lat' dir='ltr'>hujus</span> <span class='ocrx_word' id='word_1_94' title='bbox 535 931 590 970; x_wconf 85' lang='lat' dir='ltr'>rei</span> <span class='ocrx_word' id='word_1_95' title='bbox 613 927 909 968; x_wconf 90' lang='lat' dir='ltr'>similitudinem</span> <span class='ocrx_word' id='word_1_96' title='bbox 929 925 976 963; x_wconf 89' lang='lat' dir='ltr'>ad</span> <span class='ocrx_word' id='word_1_97' title='bbox 996 923 1247 975; x_wconf 84' lang='lat' dir='ltr'>disciplinam</span> <span class='ocrx_word' id='word_1_98' title='bbox 1276 931 1313 960; x_wconf 90' lang='lat' dir='ltr'>et</span> <span class='ocrx_word' id='word_1_99' title='bbox 1332 922 1444 960; x_wconf 86' lang='lat' dir='ltr'>insti-</span> 
     </span>
     <span class='ocr_line' id='line_1_16' title="bbox 391 980 1441 1031; baseline -0.011 -1"><span class='ocrx_word' id='word_1_100' title='bbox 391 992 575 1030; x_wconf 80' lang='lat' dir='ltr'>tutionem</span> <span class='ocrx_word' id='word_1_101' title='bbox 598 987 779 1027; x_wconf 73' lang='lat' dir='ltr'>transfert</span> <span class='ocrx_word' id='word_1_102' title='bbox 802 986 864 1023; x_wconf 91' lang='lat' dir='ltr'>his</span> <span class='ocrx_word' id='word_1_103' title='bbox 894 983 1022 1023; x_wconf 82' lang='lat' dir='ltr'>verbis</span> <span class='ocrx_word' id='word_1_104' title='bbox 1045 997 1053 1021; x_wconf 90' lang='lat'><strong>:</strong></span> <span class='ocrx_word' id='word_1_105' title='bbox 1086 980 1190 1023; x_wconf 79' lang='grc' dir='ltr'>Κατὰ</span> <span class='ocrx_word' id='word_1_106' title='bbox 1217 983 1328 1019; x_wconf 80' lang='grc' dir='ltr'>ταῦτα</span> <span class='ocrx_word' id='word_1_107' title='bbox 1352 981 1441 1031; x_wconf 79' lang='lat' dir='ltr'>(leg.</span> 
     </span>
     <span class='ocr_line' id='line_1_17' title="bbox 387 1037 1443 1094; baseline -0.009 -7"><span class='ocrx_word' id='word_1_108' title='bbox 387 1047 498 1087; x_wconf 84' lang='grc' dir='ltr'>ταύτὰ</span> <span class='ocrx_word' id='word_1_109' title='bbox 532 1059 618 1085; x_wconf 90' lang='lat' dir='ltr'>cum</span> <span class='ocrx_word' id='word_1_110' title='bbox 652 1041 790 1094; x_wconf 81' lang='lat' dir='ltr'>Karst.)</span> <span class='ocrx_word' id='word_1_111' title='bbox 824 1042 865 1089; x_wconf 81' lang='grc' dir='ltr'>δὴ</span> <span class='ocrx_word' id='word_1_112' title='bbox 899 1041 959 1080; x_wconf 77' lang='grc' dir='ltr'>καὶ</span> <span class='ocrx_word' id='word_1_113' title='bbox 980 1044 1002 1089; x_wconf 89' lang='grc' dir='ltr'>ἡ</span> <span class='ocrx_word' id='word_1_114' title='bbox 1023 1043 1091 1079; x_wconf 82' lang='grc' dir='ltr'>τῶν</span> <span class='ocrx_word' id='word_1_115' title='bbox 1115 1041 1303 1078; x_wconf 74' lang='grc' dir='ltr'>πολιτικῶν</span> <span class='ocrx_word' id='word_1_116' title='bbox 1330 1037 1443 1089; x_wconf 85' lang='grc' dir='ltr'>λόγων</span> 
     </span>
     <span class='ocr_line' id='line_1_18' title="bbox 386 1091 1443 1160; baseline -0.009 -15"><span class='ocrx_word' id='word_1_117' title='bbox 386 1106 579 1160; x_wconf 75' lang='grc' dir='ltr'>παράδοσις</span> <span class='ocrx_word' id='word_1_118' title='bbox 598 1103 637 1142; x_wconf 80' lang='grc' dir='ltr'>τὸ</span> <span class='ocrx_word' id='word_1_119' title='bbox 658 1102 721 1155; x_wconf 84' lang='grc' dir='ltr'>μὲν</span> <span class='ocrx_word' id='word_1_120' title='bbox 742 1105 879 1155; x_wconf 79' lang='grc' dir='ltr'>πρῶτον</span> <span class='ocrx_word' id='word_1_121' title='bbox 901 1099 974 1154; x_wconf 81' lang='grc' dir='ltr'>ἔχει</span> <span class='ocrx_word' id='word_1_122' title='bbox 1003 1098 1183 1152; x_wconf 86' lang='grc' dir='ltr'>καθαρμόν</span> <span class='ocrx_word' id='word_1_123' title='bbox 1211 1114 1307 1147; x_wconf 85' lang='grc' dir='ltr'>τινα,</span> <span class='ocrx_word' id='word_1_124' title='bbox 1330 1091 1400 1136; x_wconf 66' lang='grc' dir='ltr'>οἷον</span> <span class='ocrx_word' id='word_1_125' title='bbox 1422 1100 1443 1145; x_wconf 79' lang='grc' dir='ltr'>ἡ</span> 
     </span>
     <span class='ocr_line' id='line_1_19' title="bbox 388 1156 1442 1217; baseline -0.009 -12"><span class='ocrx_word' id='word_1_126' title='bbox 388 1168 423 1205; x_wconf 81' lang='grc' dir='ltr'>ἐν</span> <span class='ocrx_word' id='word_1_127' title='bbox 436 1166 507 1209; x_wconf 83' lang='grc' dir='ltr'>τοῖς</span> <span class='ocrx_word' id='word_1_128' title='bbox 524 1162 742 1217; x_wconf 80' lang='grc' dir='ltr'>προσήκουσι</span> <span class='ocrx_word' id='word_1_129' title='bbox 759 1160 966 1212; x_wconf 79' lang='grc' dir='ltr'>μαθήμασιν</span> <span class='ocrx_word' id='word_1_130' title='bbox 983 1162 1021 1199; x_wconf 85' lang='grc' dir='ltr'>ἐκ</span> <span class='ocrx_word' id='word_1_131' title='bbox 1035 1159 1170 1198; x_wconf 81' lang='grc' dir='ltr'>παίδων</span> <span class='ocrx_word' id='word_1_132' title='bbox 1185 1156 1442 1210; x_wconf 86' lang='grc' dir='ltr'>συγγυμνασία-</span> 
     </span>
     <span class='ocr_line' id='line_1_20' title="bbox 387 1218 1440 1277; baseline -0.009 -13"><span class='ocrx_word' id='word_1_133' title='bbox 387 1227 405 1263; x_wconf 85' lang='grc' dir='ltr'>ὁ</span> <span class='ocrx_word' id='word_1_134' title='bbox 420 1224 482 1276; x_wconf 82' lang='grc' dir='ltr'>μὲν</span> <span class='ocrx_word' id='word_1_135' title='bbox 493 1223 561 1277; x_wconf 83' lang='grc' dir='ltr'>γὰρ</span> <span class='ocrx_word' id='word_1_136' title='bbox 576 1222 825 1273; x_wconf 74' lang='grc' dir='ltr'>Ἐμπεδοκλῆς</span> <span class='ocrx_word' id='word_1_137' title='bbox 838 1238 853 1256; x_wconf 71' lang='grc' dir='ltr'>α</span> <span class='ocrx_word' id='word_1_138' title='bbox 869 1218 1030 1274; x_wconf 77' lang='grc' dir='ltr'>κρηνάων</span> <span class='ocrx_word' id='word_1_139' title='bbox 1047 1218 1116 1258; x_wconf 75' lang='grc' dir='ltr'>ἀπὸ</span> <span class='ocrx_word' id='word_1_140' title='bbox 1132 1218 1229 1257; x_wconf 84' lang='grc' dir='ltr'>πέντ’</span> <span class='ocrx_word' id='word_1_141' title='bbox 1248 1220 1440 1268; x_wconf 85' lang='grc' dir='ltr'>ἀνιμῶντα,</span> 
     </span>
     <span class='ocr_line' id='line_1_21' title="bbox 390 1276 1442 1338; baseline -0.01 -15"><span class='ocrx_word' id='word_1_142' title='bbox 390 1284 505 1338; x_wconf 74' lang='grc' dir='ltr'>φησίν,</span> <span class='ocrx_word' id='word_1_143' title='bbox 523 1282 655 1335; x_wconf 86' lang='grc' dir='ltr'>ἀτειρέϊ</span> <span class='ocrx_word' id='word_1_144' title='bbox 670 1283 795 1335; x_wconf 83' lang='grc' dir='ltr'>χαλκῷ</span> <span class='ocrx_word' id='word_1_145' title='bbox 817 1281 885 1318; x_wconf 84' lang='grc' dir='ltr'>δεῖν</span> <span class='ocrx_word' id='word_1_146' title='bbox 904 1279 1197 1333; x_wconf 78' lang='grc' dir='ltr'>ἀποῤῥύπτεσθαι.</span> <span class='ocrx_word' id='word_1_147' title='bbox 1216 1293 1235 1314; x_wconf 85' lang='lat'>»</span> <span class='ocrx_word' id='word_1_148' title='bbox 1250 1279 1268 1315; x_wconf 85' lang='grc' dir='ltr'>δ</span> <span class='ocrx_word' id='word_1_149' title='bbox 1285 1276 1320 1316; x_wconf 81' lang='grc' dir='ltr'>δὲ</span> <span class='ocrx_word' id='word_1_150' title='bbox 1343 1276 1442 1316; x_wconf 83' lang='grc' dir='ltr'>Πλά-</span> 
     </span>
     <span class='ocr_line' id='line_1_22' title="bbox 388 1335 1443 1392; baseline -0.008 -10"><span class='ocrx_word' id='word_1_151' title='bbox 388 1360 457 1382; x_wconf 87' lang='grc' dir='ltr'>των</span> <span class='ocrx_word' id='word_1_152' title='bbox 493 1342 563 1381; x_wconf 81' lang='grc' dir='ltr'>ἀπὸ</span> <span class='ocrx_word' id='word_1_153' title='bbox 597 1341 701 1381; x_wconf 87' lang='grc' dir='ltr'>πέντε</span> <span class='ocrx_word' id='word_1_154' title='bbox 731 1339 950 1392; x_wconf 72' lang='grc' dir='ltr'>μαθημάτων</span> <span class='ocrx_word' id='word_1_155' title='bbox 981 1339 1051 1376; x_wconf 82' lang='grc' dir='ltr'>δεῖν</span> <span class='ocrx_word' id='word_1_156' title='bbox 1070 1354 1156 1391; x_wconf 71' lang='grc' dir='ltr'>φησι</span> <span class='ocrx_word' id='word_1_157' title='bbox 1183 1340 1360 1377; x_wconf 84' lang='grc' dir='ltr'>ποιεῖσθαι</span> <span class='ocrx_word' id='word_1_158' title='bbox 1380 1335 1443 1384; x_wconf 85' lang='grc' dir='ltr'>τὴν</span> 
     </span>
     <span class='ocr_line' id='line_1_23' title="bbox 389 1395 1442 1454; baseline -0.007 -13"><span class='ocrx_word' id='word_1_159' title='bbox 389 1402 572 1454; x_wconf 81' lang='grc' dir='ltr'>κάθαρσιν·</span> <span class='ocrx_word' id='word_1_160' title='bbox 612 1404 723 1439; x_wconf 74' lang='grc' dir='ltr'>ταῦτα</span> <span class='ocrx_word' id='word_1_161' title='bbox 755 1398 791 1437; x_wconf 82' lang='grc' dir='ltr'>δέ</span> <span class='ocrx_word' id='word_1_162' title='bbox 821 1400 913 1438; x_wconf 89' lang='grc' dir='ltr'>ε’στιν</span> <span class='ocrx_word' id='word_1_163' title='bbox 950 1395 1188 1450; x_wconf 80' lang='grc' dir='ltr'>ἀριθμητική,</span> <span class='ocrx_word' id='word_1_164' title='bbox 1222 1395 1419 1448; x_wconf 82' lang='grc' dir='ltr'>γεωμετρία</span> <span class='ocrx_word' id='word_1_165' title='bbox 1432 1426 1442 1444; x_wconf 85' lang='grc'><strong>,</strong></span> 
     </span>
     <span class='ocr_line' id='line_1_24' title="bbox 387 1448 1439 1513; baseline -0.004 -15"><span class='ocrx_word' id='word_1_166' title='bbox 387 1448 654 1513; x_wconf 70' lang='grc' dir='ltr'>στερεομετρία,</span> <span class='ocrx_word' id='word_1_167' title='bbox 675 1456 841 1509; x_wconf 85' lang='grc' dir='ltr'>μουσική,</span> <span class='ocrx_word' id='word_1_168' title='bbox 863 1454 1098 1508; x_wconf 81' lang='grc' dir='ltr'>ἀστρονομία,</span> <span class='ocrx_word' id='word_1_169' title='bbox 1120 1457 1144 1494; x_wconf 89' lang='lat' dir='ltr'>i.</span> <span class='ocrx_word' id='word_1_170' title='bbox 1163 1469 1199 1496; x_wconf 93' lang='lat' dir='ltr'>e.</span> <span class='ocrx_word' id='word_1_171' title='bbox 1219 1473 1233 1490; x_wconf 74' lang='grc' dir='ltr'>α</span> <span class='ocrx_word' id='word_1_172' title='bbox 1249 1455 1302 1509; x_wconf 87' lang='lat' dir='ltr'>(ut</span> <span class='ocrx_word' id='word_1_173' title='bbox 1318 1458 1439 1507; x_wconf 86' lang='lat' dir='ltr'>sacra)</span> 
     </span>
     <span class='ocr_line' id='line_1_25' title="bbox 385 1516 1442 1569; baseline -0.004 -12"><span class='ocrx_word' id='word_1_174' title='bbox 385 1519 444 1557; x_wconf 89' lang='lat' dir='ltr'>sic</span> <span class='ocrx_word' id='word_1_175' title='bbox 459 1519 589 1557; x_wconf 90' lang='lat' dir='ltr'>civilis</span> <span class='ocrx_word' id='word_1_176' title='bbox 610 1531 767 1569; x_wconf 88' lang='lat' dir='ltr'>quoque</span> <span class='ocrx_word' id='word_1_177' title='bbox 798 1516 994 1555; x_wconf 89' lang='lat' dir='ltr'>institutio</span> <span class='ocrx_word' id='word_1_178' title='bbox 1020 1516 1190 1567; x_wconf 88' lang='lat' dir='ltr'>primum</span> <span class='ocrx_word' id='word_1_179' title='bbox 1218 1516 1329 1567; x_wconf 84' lang='lat' dir='ltr'>quasi</span> <span class='ocrx_word' id='word_1_180' title='bbox 1351 1529 1442 1567; x_wconf 89' lang='lat' dir='ltr'>pur-</span> 
     </span>
     <span class='ocr_line' id='line_1_26' title="bbox 383 1574 1442 1628; baseline -0.004 -12"><span class='ocrx_word' id='word_1_181' title='bbox 383 1578 580 1627; x_wconf 80' lang='lat' dir='ltr'>gationem</span> <span class='ocrx_word' id='word_1_182' title='bbox 601 1577 804 1628; x_wconf 83' lang='lat' dir='ltr'>quamdam</span> <span class='ocrx_word' id='word_1_183' title='bbox 824 1575 938 1613; x_wconf 80' lang='lat' dir='ltr'>habet</span> <span class='ocrx_word' id='word_1_184' title='bbox 951 1605 961 1623; x_wconf 93' lang='lat'>,</span> <span class='ocrx_word' id='word_1_185' title='bbox 985 1588 1071 1626; x_wconf 87' lang='lat' dir='ltr'>quae</span> <span class='ocrx_word' id='word_1_186' title='bbox 1086 1575 1158 1613; x_wconf 84' lang='lat' dir='ltr'>sita</span> <span class='ocrx_word' id='word_1_187' title='bbox 1173 1584 1229 1613; x_wconf 89' lang='lat' dir='ltr'>est</span> <span class='ocrx_word' id='word_1_188' title='bbox 1250 1574 1291 1613; x_wconf 91' lang='lat' dir='ltr'>in</span> <span class='ocrx_word' id='word_1_189' title='bbox 1309 1588 1442 1613; x_wconf 90' lang='lat' dir='ltr'>earum</span> 
     </span>
     <span class='ocr_line' id='line_1_27' title="bbox 384 1634 1443 1688; baseline -0.002 -14"><span class='ocrx_word' id='word_1_190' title='bbox 384 1636 530 1688; x_wconf 86' lang='lat' dir='ltr'>quibus</span> <span class='ocrx_word' id='word_1_191' title='bbox 549 1637 662 1688; x_wconf 87' lang='lat' dir='ltr'>pueri</span> <span class='ocrx_word' id='word_1_192' title='bbox 683 1635 942 1674; x_wconf 88' lang='lat' dir='ltr'>communiter</span> <span class='ocrx_word' id='word_1_193' title='bbox 964 1643 1195 1673; x_wconf 81' lang='lat' dir='ltr'>exercentur</span> <span class='ocrx_word' id='word_1_194' title='bbox 1216 1635 1357 1672; x_wconf 87' lang='lat' dir='ltr'>artium</span> <span class='ocrx_word' id='word_1_195' title='bbox 1384 1634 1443 1673; x_wconf 92' lang='lat' dir='ltr'>di-</span> 
     </span>
     <span class='ocr_line' id='line_1_28' title="bbox 383 1692 1440 1747; baseline -0.001 -14"><span class='ocrx_word' id='word_1_196' title='bbox 383 1695 567 1747; x_wconf 89' lang='lat' dir='ltr'>sciplina.</span> <span class='ocrx_word' id='word_1_197' title='bbox 592 1693 928 1740; x_wconf 88' lang='lat' dir='ltr'>Quemadmodum</span> <span class='ocrx_word' id='word_1_198' title='bbox 950 1695 1053 1732; x_wconf 81' lang='lat' dir='ltr'>enIm</span> <span class='ocrx_word' id='word_1_199' title='bbox 1083 1692 1339 1746; x_wconf 88' lang='lat' dir='ltr'>Empedocles</span> <span class='ocrx_word' id='word_1_200' title='bbox 1363 1695 1440 1743; x_wconf 81' lang='lat' dir='ltr'>ait,</span> 
     </span>
     <span class='ocr_line' id='line_1_29' title="bbox 383 1752 1440 1805; baseline -0.001 -13"><span class='ocrx_word' id='word_1_201' title='bbox 383 1767 407 1791; x_wconf 88' lang='lat' dir='ltr'>e</span> <span class='ocrx_word' id='word_1_202' title='bbox 421 1754 595 1805; x_wconf 92' lang='lat' dir='ltr'>quinque</span> <span class='ocrx_word' id='word_1_203' title='bbox 611 1752 782 1791; x_wconf 87' lang='lat' dir='ltr'>fontibus</span> <span class='ocrx_word' id='word_1_204' title='bbox 799 1752 1040 1790; x_wconf 75' lang='lat' dir='ltr'>haurientem</span> <span class='ocrx_word' id='word_1_205' title='bbox 1058 1766 1158 1804; x_wconf 89' lang='lat' dir='ltr'>puro</span> <span class='ocrx_word' id='word_1_206' title='bbox 1181 1766 1254 1791; x_wconf 87' lang='lat' dir='ltr'>aere</span> <span class='ocrx_word' id='word_1_207' title='bbox 1274 1753 1440 1805; x_wconf 87' lang='lat' dir='ltr'>purgari</span> 
     </span>
     <span class='ocr_line' id='line_1_30' title="bbox 385 1812 1441 1865; baseline -0.001 -14"><span class='ocrx_word' id='word_1_208' title='bbox 385 1823 565 1865; x_wconf 86' lang='lat' dir='ltr'>oportere</span> <span class='ocrx_word' id='word_1_209' title='bbox 587 1827 596 1850; x_wconf 83' lang='lat' dir='ltr'>t</span> <span class='ocrx_word' id='word_1_210' title='bbox 628 1813 685 1851; x_wconf 90' lang='lat' dir='ltr'>sic</span> <span class='ocrx_word' id='word_1_211' title='bbox 712 1812 822 1850; x_wconf 84' lang='lat' dir='ltr'>Plato</span> <span class='ocrx_word' id='word_1_212' title='bbox 850 1813 1025 1864; x_wconf 89' lang='lat' dir='ltr'>quinque</span> <span class='ocrx_word' id='word_1_213' title='bbox 1049 1812 1273 1864; x_wconf 89' lang='lat' dir='ltr'>disciplinis</span> <span class='ocrx_word' id='word_1_214' title='bbox 1306 1812 1441 1851; x_wconf 91' lang='lat' dir='ltr'>adole-</span> 
     </span>
     <span class='ocr_line' id='line_1_31' title="bbox 386 1872 1443 1923; baseline 0 -13"><span class='ocrx_word' id='word_1_215' title='bbox 386 1873 572 1911; x_wconf 89' lang='lat' dir='ltr'>scentium</span> <span class='ocrx_word' id='word_1_216' title='bbox 586 1872 737 1910; x_wconf 82' lang='lat' dir='ltr'>animos</span> <span class='ocrx_word' id='word_1_217' title='bbox 751 1872 863 1923; x_wconf 86' lang='lat' dir='ltr'>quasi</span> <span class='ocrx_word' id='word_1_218' title='bbox 877 1872 1101 1923; x_wconf 86' lang='lat' dir='ltr'>purgandos</span> <span class='ocrx_word' id='word_1_219' title='bbox 1117 1885 1200 1910; x_wconf 90' lang='lat' dir='ltr'>esse</span> <span class='ocrx_word' id='word_1_220' title='bbox 1215 1872 1341 1919; x_wconf 83' lang='lat' dir='ltr'>docet,</span> <span class='ocrx_word' id='word_1_221' title='bbox 1357 1886 1443 1922; x_wconf 86' lang='lat' dir='ltr'>quae</span> 
     </span>
     <span class='ocr_line' id='line_1_32' title="bbox 382 1930 1442 1982; baseline -0.001 -13"><span class='ocrx_word' id='word_1_222' title='bbox 382 1940 475 1969; x_wconf 91' lang='lat' dir='ltr'>sunt</span> <span class='ocrx_word' id='word_1_223' title='bbox 495 1931 737 1969; x_wconf 86' lang='lat' dir='ltr'>arithmetice</span> <span class='ocrx_word' id='word_1_224' title='bbox 775 1939 845 1968; x_wconf 87' lang='lat' dir='ltr'>ete.</span> <span class='ocrx_word' id='word_1_225' title='bbox 865 1948 881 1964; x_wconf 71' lang='grc' dir='ltr'>ι»</span> <span class='ocrx_word' id='word_1_226' title='bbox 908 1931 964 1968; x_wconf 85' lang='grc' dir='ltr'>Ι)ε</span> <span class='ocrx_word' id='word_1_227' title='bbox 994 1930 1177 1969; x_wconf 85' lang='lat' dir='ltr'>versibus</span> <span class='ocrx_word' id='word_1_228' title='bbox 1199 1944 1325 1982; x_wconf 89' lang='lat' dir='ltr'>pauca</span> <span class='ocrx_word' id='word_1_229' title='bbox 1360 1945 1442 1968; x_wconf 90' lang='lat' dir='ltr'>mo-</span> 
     </span>
     <span class='ocr_line' id='line_1_33' title="bbox 387 1987 1444 2043; baseline 0.001 -16"><span class='ocrx_word' id='word_1_230' title='bbox 387 1990 525 2029; x_wconf 88' lang='lat' dir='ltr'>nenda.</span> <span class='ocrx_word' id='word_1_231' title='bbox 561 1989 657 2028; x_wconf 89' lang='lat' dir='ltr'>Nam</span> <span class='ocrx_word' id='word_1_232' title='bbox 689 1987 820 2041; x_wconf 83' lang='grc' dir='ltr'>ἀτειρέϊ</span> <span class='ocrx_word' id='word_1_233' title='bbox 846 1991 972 2042; x_wconf 82' lang='grc' dir='ltr'>χαλκῷ</span> <span class='ocrx_word' id='word_1_234' title='bbox 992 2003 1064 2041; x_wconf 85' lang='lat' dir='ltr'>pro</span> <span class='ocrx_word' id='word_1_235' title='bbox 1087 1991 1210 2041; x_wconf 86' lang='grc' dir='ltr'>ἀτηρεῐ</span> <span class='ocrx_word' id='word_1_236' title='bbox 1231 1991 1294 2028; x_wconf 86' lang='lat' dir='ltr'>vel</span> <span class='ocrx_word' id='word_1_237' title='bbox 1319 1990 1444 2043; x_wconf 80' lang='grc' dir='ltr'>ἀκηρεῖ</span> 
     </span>
     <span class='ocr_line' id='line_1_34' title="bbox 381 2047 1443 2100; baseline 0.001 -14"><span class='ocrx_word' id='word_1_238' title='bbox 381 2047 461 2099; x_wconf 89' lang='lat' dir='ltr'>jam</span> <span class='ocrx_word' id='word_1_239' title='bbox 480 2061 501 2087; x_wconf 90' lang='lat' dir='ltr'>e</span> <span class='ocrx_word' id='word_1_240' title='bbox 518 2048 700 2087; x_wconf 86' lang='lat' dir='ltr'>Bullialdi</span> <span class='ocrx_word' id='word_1_241' title='bbox 717 2048 987 2087; x_wconf 87' lang='lat' dir='ltr'>emendatione</span> <span class='ocrx_word' id='word_1_242' title='bbox 1006 2057 1239 2100; x_wconf 89' lang='lat' dir='ltr'>receperunt</span> <span class='ocrx_word' id='word_1_243' title='bbox 1266 2048 1443 2087; x_wconf 87' lang='lat' dir='ltr'>Sturzius</span> 
     </span>
     <span class='ocr_line' id='line_1_35' title="bbox 381 2107 1444 2161; baseline 0.002 -16"><span class='ocrx_word' id='word_1_244' title='bbox 381 2116 422 2145; x_wconf 83' lang='lat' dir='ltr'>et</span> <span class='ocrx_word' id='word_1_245' title='bbox 443 2107 691 2155; x_wconf 86' lang='lat' dir='ltr'>Karstenius‚</span> <span class='ocrx_word' id='word_1_246' title='bbox 713 2121 880 2159; x_wconf 88' lang='lat' dir='ltr'>quorum</span> <span class='ocrx_word' id='word_1_247' title='bbox 911 2107 978 2146; x_wconf 90' lang='lat' dir='ltr'>ille</span> <span class='ocrx_word' id='word_1_248' title='bbox 1003 2108 1161 2160; x_wconf 89' lang='lat' dir='ltr'>scripsit</span> <span class='ocrx_word' id='word_1_249' title='bbox 1192 2107 1352 2161; x_wconf 83' lang='grc' dir='ltr'>κρηνάων</span> <span class='ocrx_word' id='word_1_250' title='bbox 1374 2107 1444 2147; x_wconf 83' lang='grc' dir='ltr'>ἄπο</span> 
     </span>
     <span class='ocr_line' id='line_1_36' title="bbox 387 2166 1443 2221; baseline 0.002 -17"><span class='ocrx_word' id='word_1_251' title='bbox 387 2166 482 2206; x_wconf 78' lang='grc' dir='ltr'>πέντ’</span> <span class='ocrx_word' id='word_1_252' title='bbox 512 2169 691 2218; x_wconf 81' lang='grc' dir='ltr'>ἀνιμῶντα</span> <span class='ocrx_word' id='word_1_253' title='bbox 721 2167 852 2219; x_wconf 86' lang='grc' dir='ltr'>ἀτειρέῖ</span> <span class='ocrx_word' id='word_1_254' title='bbox 882 2169 1029 2221; x_wconf 80' lang='grc' dir='ltr'>χαλκῷ,</span> <span class='ocrx_word' id='word_1_255' title='bbox 1053 2168 1284 2207; x_wconf 85' lang='lat' dir='ltr'>Karstenius</span> <span class='ocrx_word' id='word_1_256' title='bbox 1312 2168 1382 2208; x_wconf 86' lang='grc' dir='ltr'>ἄπο</span> <span class='ocrx_word' id='word_1_257' title='bbox 1405 2171 1443 2207; x_wconf 92' lang='lat' dir='ltr'>in</span> 
     </span>
     <span class='ocr_line' id='line_1_37' title="bbox 386 2225 1443 2281; baseline 0.003 -18"><span class='ocrx_word' id='word_1_258' title='bbox 386 2225 455 2264; x_wconf 83' lang='grc' dir='ltr'>ἀπὸ</span> <span class='ocrx_word' id='word_1_259' title='bbox 475 2227 650 2273; x_wconf 87' lang='lat' dir='ltr'>mutavit,</span> <span class='ocrx_word' id='word_1_260' title='bbox 664 2226 798 2265; x_wconf 92' lang='lat' dir='ltr'>addito</span> <span class='ocrx_word' id='word_1_261' title='bbox 812 2226 1062 2265; x_wconf 83' lang='lat' dir='ltr'>hemistichio</span> <span class='ocrx_word' id='word_1_262' title='bbox 1078 2227 1149 2280; x_wconf 81' lang='grc' dir='ltr'>χρὴ</span> <span class='ocrx_word' id='word_1_263' title='bbox 1165 2227 1443 2281; x_wconf 80' lang='grc' dir='ltr'>ἀπορύπτεσθαι.</span> 
     </span>
     <span class='ocr_line' id='line_1_38' title="bbox 381 2285 1444 2342; baseline 0.004 -19"><span class='ocrx_word' id='word_1_264' title='bbox 381 2285 529 2324; x_wconf 84' lang='lat' dir='ltr'>Contra</span> <span class='ocrx_word' id='word_1_265' title='bbox 548 2286 719 2324; x_wconf 86' lang='lat' dir='ltr'>Steinius</span> <span class='ocrx_word' id='word_1_266' title='bbox 745 2288 878 2338; x_wconf 89' lang='lat' dir='ltr'>posuit</span> <span class='ocrx_word' id='word_1_267' title='bbox 899 2287 1163 2341; x_wconf 79' lang='grc' dir='ltr'>ἀπορρύπτεσθε</span> <span class='ocrx_word' id='word_1_268' title='bbox 1188 2288 1351 2342; x_wconf 83' lang='grc' dir='ltr'>κρηνάων</span> <span class='ocrx_word' id='word_1_269' title='bbox 1374 2288 1444 2328; x_wconf 83' lang='grc' dir='ltr'>ἄπο</span> 
     </span>
     <span class='ocr_line' id='line_1_39' title="bbox 386 2344 1445 2400; baseline 0.004 -18"><span class='ocrx_word' id='word_1_270' title='bbox 386 2344 482 2383; x_wconf 81' lang='grc' dir='ltr'>πέντ’</span> <span class='ocrx_word' id='word_1_271' title='bbox 508 2347 697 2396; x_wconf 78' lang='grc' dir='ltr'>ἀνιμῶντες</span> <span class='ocrx_word' id='word_1_272' title='bbox 717 2346 850 2398; x_wconf 82' lang='grc' dir='ltr'>ἀτειρέϊ</span> <span class='ocrx_word' id='word_1_273' title='bbox 869 2348 1008 2400; x_wconf 84' lang='grc' dir='ltr'>χαλκῷ.</span> <span class='ocrx_word' id='word_1_274' title='bbox 1033 2347 1105 2386; x_wconf 86' lang='lat' dir='ltr'>Hic</span> <span class='ocrx_word' id='word_1_275' title='bbox 1136 2347 1258 2398; x_wconf 86' lang='lat' dir='ltr'>igitur</span> <span class='ocrx_word' id='word_1_276' title='bbox 1287 2348 1445 2386; x_wconf 86' lang='lat' dir='ltr'>sustulit</span> 
     </span>
     <span class='ocr_line' id='line_1_40' title="bbox 387 2404 1443 2456; baseline 0.006 -16"><span class='ocrx_word' id='word_1_277' title='bbox 387 2404 532 2442; x_wconf 88' lang='lat' dir='ltr'>hiatum</span> <span class='ocrx_word' id='word_1_278' title='bbox 545 2433 555 2450; x_wconf 91' lang='lat'>,</span> <span class='ocrx_word' id='word_1_279' title='bbox 588 2418 701 2456; x_wconf 90' lang='lat' dir='ltr'>quem</span> <span class='ocrx_word' id='word_1_280' title='bbox 734 2405 775 2444; x_wconf 95' lang='lat' dir='ltr'>in</span> <span class='ocrx_word' id='word_1_281' title='bbox 810 2406 990 2456; x_wconf 80' lang='grc' dir='ltr'>ἀνιμῶντα</span> <span class='ocrx_word' id='word_1_282' title='bbox 1026 2420 1048 2444; x_wconf 94' lang='lat' dir='ltr'>a</span> <span class='ocrx_word' id='word_1_283' title='bbox 1080 2406 1233 2445; x_wconf 89' lang='lat' dir='ltr'>Sturzio</span> <span class='ocrx_word' id='word_1_284' title='bbox 1265 2408 1443 2447; x_wconf 87' lang='lat' dir='ltr'>relictum</span> 
     </span>
     <span class='ocr_line' id='line_1_41' title="bbox 387 2462 1444 2517; baseline 0.007 -18"><span class='ocrx_word' id='word_1_285' title='bbox 387 2462 613 2501; x_wconf 87' lang='lat' dir='ltr'>Karstenius</span> <span class='ocrx_word' id='word_1_286' title='bbox 645 2464 759 2502; x_wconf 90' lang='lat' dir='ltr'>etiam</span> <span class='ocrx_word' id='word_1_287' title='bbox 791 2465 876 2503; x_wconf 92' lang='lat' dir='ltr'>tolli</span> <span class='ocrx_word' id='word_1_288' title='bbox 908 2478 1024 2517; x_wconf 90' lang='lat' dir='ltr'>posse</span> <span class='ocrx_word' id='word_1_289' title='bbox 1057 2466 1322 2506; x_wconf 84' lang='lat' dir='ltr'>arbitrabatur</span> <span class='ocrx_word' id='word_1_290' title='bbox 1349 2469 1444 2506; x_wconf 89' lang='lat' dir='ltr'>scri-</span> 
     </span>
     <span class='ocr_line' id='line_1_42' title="bbox 389 2520 1445 2577; baseline 0.009 -20"><span class='ocrx_word' id='word_1_291' title='bbox 389 2520 516 2559; x_wconf 92' lang='lat' dir='ltr'>bendo</span> <span class='ocrx_word' id='word_1_292' title='bbox 531 2522 696 2570; x_wconf 81' lang='grc' dir='ltr'>ἀνιμῶντ’</span> <span class='ocrx_word' id='word_1_293' title='bbox 706 2523 740 2560; x_wconf 81' lang='grc' dir='ltr'>ἐν</span> <span class='ocrx_word' id='word_1_294' title='bbox 754 2523 895 2576; x_wconf 82' lang='grc' dir='ltr'>ἀτειρέῖ.</span> <span class='ocrx_word' id='word_1_295' title='bbox 914 2524 1009 2563; x_wconf 89' lang='lat' dir='ltr'>Mihi</span> <span class='ocrx_word' id='word_1_296' title='bbox 1021 2525 1272 2577; x_wconf 82' lang='lat' dir='ltr'>probabilius</span> <span class='ocrx_word' id='word_1_297' title='bbox 1286 2526 1445 2566; x_wconf 86' lang='lat' dir='ltr'>videtur</span> 
     </span>
     <span class='ocr_line' id='line_1_43' title="bbox 388 2581 1446 2636; baseline 0.009 -20"><span class='ocrx_word' id='word_1_298' title='bbox 388 2588 541 2630; x_wconf 82' lang='lat' dir='ltr'>poetam</span> <span class='ocrx_word' id='word_1_299' title='bbox 562 2581 618 2619; x_wconf 90' lang='lat' dir='ltr'>sic</span> <span class='ocrx_word' id='word_1_300' title='bbox 647 2582 910 2622; x_wconf 87' lang='lat' dir='ltr'>conformasse</span> <span class='ocrx_word' id='word_1_301' title='bbox 929 2586 1157 2623; x_wconf 88' lang='lat' dir='ltr'>sententiam</span> <span class='ocrx_word' id='word_1_302' title='bbox 1172 2616 1183 2636; x_wconf 85' lang='lat'>‚</span> <span class='ocrx_word' id='word_1_303' title='bbox 1207 2595 1250 2624; x_wconf 90' lang='lat' dir='ltr'>ut</span> <span class='ocrx_word' id='word_1_304' title='bbox 1269 2596 1446 2626; x_wconf 87' lang='lat' dir='ltr'>exararet</span> 
     </span>
     <span class='ocr_line' id='line_1_44' title="bbox 392 2638 1444 2699; baseline 0.01 -24"><span class='ocrx_word' id='word_1_305' title='bbox 392 2638 552 2690; x_wconf 88' lang='grc' dir='ltr'>κρηνάων</span> <span class='ocrx_word' id='word_1_306' title='bbox 573 2639 642 2678; x_wconf 87' lang='grc' dir='ltr'>ἀπὸ</span> <span class='ocrx_word' id='word_1_307' title='bbox 659 2639 754 2679; x_wconf 82' lang='grc' dir='ltr'>πέντ’</span> <span class='ocrx_word' id='word_1_308' title='bbox 773 2643 970 2692; x_wconf 83' lang='grc' dir='ltr'>ἀνιμῶντας</span> <span class='ocrx_word' id='word_1_309' title='bbox 994 2645 1124 2697; x_wconf 82' lang='grc' dir='ltr'>ἀτειρέῖ</span> <span class='ocrx_word' id='word_1_310' title='bbox 1141 2646 1268 2699; x_wconf 83' lang='grc' dir='ltr'>χαλκῷ</span> <span class='ocrx_word' id='word_1_311' title='bbox 1288 2645 1359 2698; x_wconf 83' lang='grc' dir='ltr'>χρὴ</span> <span class='ocrx_word' id='word_1_312' title='bbox 1382 2646 1444 2696; x_wconf 82' lang='grc' dir='ltr'>μὲν</span> 
     </span>
     <span class='ocr_line' id='line_1_45' title="bbox 393 2697 1445 2758; baseline 0.011 -25"><span class='ocrx_word' id='word_1_313' title='bbox 393 2697 693 2752; x_wconf 80' lang='grc' dir='ltr'>ἀπορῤύπτεσθαι.</span> <span class='ocrx_word' id='word_1_314' title='bbox 717 2699 793 2738; x_wconf 89' lang='lat' dir='ltr'>Sed</span> <span class='ocrx_word' id='word_1_315' title='bbox 809 2701 903 2752; x_wconf 90' lang='lat' dir='ltr'>quid</span> <span class='ocrx_word' id='word_1_316' title='bbox 922 2704 1150 2754; x_wconf 88' lang='lat' dir='ltr'>posterioris</span> <span class='ocrx_word' id='word_1_317' title='bbox 1175 2717 1312 2744; x_wconf 81' lang='lat' dir='ltr'>versus</span> <span class='ocrx_word' id='word_1_318' title='bbox 1331 2706 1445 2758; x_wconf 90' lang='lat' dir='ltr'>prin-</span> 
     </span>
     <span class='ocr_line' id='line_1_46' title="bbox 388 2755 1041 2812; baseline 0.011 -20"><span class='ocrx_word' id='word_1_319' title='bbox 388 2755 495 2806; x_wconf 78' lang='lat' dir='ltr'>cipio</span> <span class='ocrx_word' id='word_1_320' title='bbox 518 2755 789 2807; x_wconf 85' lang='lat' dir='ltr'>subjunxerit,</span> <span class='ocrx_word' id='word_1_321' title='bbox 810 2773 886 2797; x_wconf 90' lang='lat' dir='ltr'>non</span> <span class='ocrx_word' id='word_1_322' title='bbox 905 2761 1041 2812; x_wconf 85' lang='lat' dir='ltr'>liquet.</span> 
     </span>
    </p>

    <p class='ocr_par' dir='ltr' id='par_1_8' title="bbox 388 2813 1446 3228">
     <span class='ocr_line' id='line_1_47' title="bbox 442 2813 1443 2873; baseline 0.014 -23"><span class='ocrx_word' id='word_1_323' title='bbox 442 2813 503 2852; x_wconf 91' lang='lat' dir='ltr'>Vs.</span> <span class='ocrx_word' id='word_1_324' title='bbox 522 2814 612 2860; x_wconf 81' lang='grc'><strong>454.</strong></span> <span class='ocrx_word' id='word_1_325' title='bbox 629 2820 817 2863; x_wconf 76' lang='grc' dir='ltr'>νηστεῦσαι</span> <span class='ocrx_word' id='word_1_326' title='bbox 837 2817 938 2873; x_wconf 56' lang='lat' dir='ltr'>notit]</span> <span class='ocrx_word' id='word_1_327' title='bbox 957 2820 1187 2861; x_wconf 84' lang='lat' dir='ltr'>Plutarchus</span> <span class='ocrx_word' id='word_1_328' title='bbox 1206 2823 1254 2862; x_wconf 90' lang='lat' dir='ltr'>de</span> <span class='ocrx_word' id='word_1_329' title='bbox 1274 2823 1339 2863; x_wconf 88' lang='lat' dir='ltr'>lra</span> <span class='ocrx_word' id='word_1_330' title='bbox 1355 2824 1443 2865; x_wconf 87' lang='lat' dir='ltr'>coh.</span> 
     </span>
     <span class='ocr_line' id='line_1_48' title="bbox 388 2875 1445 2929; baseline 0.012 -20"><span class='ocrx_word' id='word_1_331' title='bbox 388 2880 487 2912; x_wconf 82' lang='lat' dir='ltr'>extr.</span> <span class='ocrx_word' id='word_1_332' title='bbox 508 2886 597 2924; x_wconf 85' lang='lat' dir='ltr'>pag.</span> <span class='ocrx_word' id='word_1_333' title='bbox 622 2875 711 2921; x_wconf 71' lang='lat'><strong>464,</strong></span> <span class='ocrx_word' id='word_1_334' title='bbox 729 2876 804 2913; x_wconf 81' lang='lat' dir='ltr'>vol.</span> <span class='ocrx_word' id='word_1_335' title='bbox 821 2876 886 2914; x_wconf 87' lang='lat' dir='ltr'>Vll</span> <span class='ocrx_word' id='word_1_336' title='bbox 908 2891 943 2929; x_wconf 87' lang='lat' dir='ltr'>p.</span> <span class='ocrx_word' id='word_1_337' title='bbox 970 2880 1046 2918; x_wconf 88' lang='lat'>818</span> <span class='ocrx_word' id='word_1_338' title='bbox 1066 2881 1127 2920; x_wconf 89' lang='lat' dir='ltr'>ed.</span> <span class='ocrx_word' id='word_1_339' title='bbox 1156 2880 1281 2922; x_wconf 80' lang='lat' dir='ltr'>Reisk.</span> <span class='ocrx_word' id='word_1_340' title='bbox 1301 2897 1308 2920; x_wconf 94' lang='lat'><strong>:</strong></span> <span class='ocrx_word' id='word_1_341' title='bbox 1329 2883 1367 2922; x_wconf 86' lang='grc' dir='ltr'>τὸ</span> <span class='ocrx_word' id='word_1_342' title='bbox 1385 2887 1445 2922; x_wconf 80' lang='grc' dir='ltr'>τοῦ</span> 
     </span>
     <span class='ocr_line' id='line_1_49' title="bbox 393 2930 1445 2993; baseline 0.011 -23"><span class='ocrx_word' id='word_1_343' title='bbox 393 2930 672 2982; x_wconf 80' lang='grc' dir='ltr'>Ἐμπεδοκλέους</span> <span class='ocrx_word' id='word_1_344' title='bbox 686 2934 745 2972; x_wconf 81' lang='grc' dir='ltr'>καὶ</span> <span class='ocrx_word' id='word_1_345' title='bbox 756 2935 844 2973; x_wconf 86' lang='grc' dir='ltr'>θεῖον</span> <span class='ocrx_word' id='word_1_346' title='bbox 858 2936 1016 2988; x_wconf 80' lang='grc' dir='ltr'>ἡγούμην</span> <span class='ocrx_word' id='word_1_347' title='bbox 1027 2940 1102 2978; x_wconf 91' lang='grc' dir='ltr'>κτλ.</span> <span class='ocrx_word' id='word_1_348' title='bbox 1113 2939 1313 2991; x_wconf 87' lang='lat' dir='ltr'>Jejunium</span> <span class='ocrx_word' id='word_1_349' title='bbox 1325 2944 1445 2993; x_wconf 82' lang='lat' dir='ltr'>vulgo</span> 
     </span>
     <span class='ocr_line' id='line_1_50' title="bbox 395 2991 1446 3054; baseline 0.012 -26"><span class='ocrx_word' id='word_1_350' title='bbox 395 2991 433 3029; x_wconf 93' lang='lat' dir='ltr'>in</span> <span class='ocrx_word' id='word_1_351' title='bbox 455 2995 649 3045; x_wconf 83' lang='grc' dir='ltr'>καθαρμοῖς</span> <span class='ocrx_word' id='word_1_352' title='bbox 669 2995 978 3034; x_wconf 87' lang='lat' dir='ltr'>commendatum</span> <span class='ocrx_word' id='word_1_353' title='bbox 1007 3011 1086 3036; x_wconf 91' lang='lat' dir='ltr'>non</span> <span class='ocrx_word' id='word_1_354' title='bbox 1107 2991 1182 3037; x_wconf 83' lang='lat' dir='ltr'>tam</span> <span class='ocrx_word' id='word_1_355' title='bbox 1204 3001 1250 3039; x_wconf 88' lang='lat' dir='ltr'>ad</span> <span class='ocrx_word' id='word_1_356' title='bbox 1268 3003 1446 3054; x_wconf 87' lang='lat' dir='ltr'>corporis</span> 
     </span>
     <span class='ocr_line' id='line_1_51' title="bbox 391 3051 1444 3101; baseline 0.014 -15"><span class='ocrx_word' id='word_1_357' title='bbox 391 3062 508 3100; x_wconf 87' lang='lat' dir='ltr'>quam</span> <span class='ocrx_word' id='word_1_358' title='bbox 538 3051 585 3088; x_wconf 92' lang='lat' dir='ltr'>ad</span> <span class='ocrx_word' id='word_1_359' title='bbox 608 3051 728 3090; x_wconf 85' lang='lat' dir='ltr'>animi</span> <span class='ocrx_word' id='word_1_360' title='bbox 749 3054 962 3093; x_wconf 86' lang='lat' dir='ltr'>castitatem</span> <span class='ocrx_word' id='word_1_361' title='bbox 992 3057 1236 3097; x_wconf 83' lang='lat' dir='ltr'>referendum</span> <span class='ocrx_word' id='word_1_362' title='bbox 1258 3073 1342 3099; x_wconf 91' lang='lat' dir='ltr'>esse</span> <span class='ocrx_word' id='word_1_363' title='bbox 1363 3062 1444 3101; x_wconf 82' lang='lat' dir='ltr'>haec</span> 
     </span>
     <span class='ocr_line' id='line_1_52' title="bbox 394 3107 1444 3173; baseline 0.017 -29"><span class='ocrx_word' id='word_1_364' title='bbox 394 3107 619 3160; x_wconf 89' lang='lat' dir='ltr'>philosophi</span> <span class='ocrx_word' id='word_1_365' title='bbox 650 3113 840 3149; x_wconf 87' lang='lat' dir='ltr'>sententia</span> <span class='ocrx_word' id='word_1_366' title='bbox 871 3113 1054 3156; x_wconf 86' lang='lat' dir='ltr'>declarat.</span> <span class='ocrx_word' id='word_1_367' title='bbox 1086 3116 1276 3157; x_wconf 87' lang='lat' dir='ltr'>Similiter</span> <span class='ocrx_word' id='word_1_368' title='bbox 1308 3120 1444 3173; x_wconf 73' lang='lat' dir='ltr'>Eun-ip.</span> 
     </span>
     <span class='ocr_line' id='line_1_53' title="bbox 396 3166 1418 3228; baseline 0.017 -26"><span class='ocrx_word' id='word_1_369' title='bbox 396 3166 530 3205; x_wconf 83' lang='lat' dir='ltr'>Bacch.</span> <span class='ocrx_word' id='word_1_370' title='bbox 550 3169 596 3216; x_wconf 81' lang='lat'>73</span> <span class='ocrx_word' id='word_1_371' title='bbox 615 3169 763 3208; x_wconf 80' lang='lat' dir='ltr'>felicem</span> <span class='ocrx_word' id='word_1_372' title='bbox 780 3172 966 3223; x_wconf 80' lang='lat' dir='ltr'>praedicat</span> <span class='ocrx_word' id='word_1_373' title='bbox 979 3187 1066 3213; x_wconf 88' lang='lat' dir='ltr'>eum</span> <span class='ocrx_word' id='word_1_374' title='bbox 1085 3177 1154 3228; x_wconf 91' lang='lat' dir='ltr'>qui</span> <span class='ocrx_word' id='word_1_375' title='bbox 1174 3177 1313 3223; x_wconf 81' lang='grc' dir='ltr'>τελετὰς</span> <span class='ocrx_word' id='word_1_376' title='bbox 1332 3183 1418 3219; x_wconf 85' lang='grc' dir='ltr'>θεῶν</span> 
     </span>
    </p>
   </div>
   <div class='ocr_carea' id='block_1_6' title="bbox 502 3283 933 3400">
    <p class='ocr_par' dir='ltr' id='par_1_9' title="bbox 502 3283 933 3400">
     <span class='ocr_line' id='line_1_54' title="bbox 502 3283 933 3338; baseline 0.016 -17"><span class='ocrx_word' id='word_1_377' title='bbox 502 3283 599 3328; x_wconf 79' lang='grc' dir='ltr'>εἰδὼς</span> <span class='ocrx_word' id='word_1_378' title='bbox 620 3285 739 3337; x_wconf 82' lang='grc' dir='ltr'>βιοτὰν</span> <span class='ocrx_word' id='word_1_379' title='bbox 761 3287 933 3338; x_wconf 82' lang='grc' dir='ltr'>ἁγιστεύει</span> 
     </span>
     <span class='ocr_line' id='line_1_55' title="bbox 502 3342 922 3400; baseline 0.017 -21"><span class='ocrx_word' id='word_1_380' title='bbox 502 3342 560 3380; x_wconf 84' lang='grc' dir='ltr'>καὶ</span> <span class='ocrx_word' id='word_1_381' title='bbox 578 3342 776 3383; x_wconf 85' lang='grc' dir='ltr'>θιασεύεται</span> <span class='ocrx_word' id='word_1_382' title='bbox 793 3347 922 3400; x_wconf 76' lang='grc' dir='ltr'>ψυχάν.</span> 
     </span>
    </p>
   </div>
   <div class='ocr_carea' id='block_1_7' title="bbox 447 3461 1444 3529">
    <p class='ocr_par' dir='ltr' id='par_1_10' title="bbox 447 3461 1444 3529">
     <span class='ocr_line' id='line_1_56' title="bbox 447 3461 1444 3529; baseline 0.016 -29"><span class='ocrx_word' id='word_1_383' title='bbox 447 3461 528 3502; x_wconf 89' lang='lat' dir='ltr'>Vss.</span> <span class='ocrx_word' id='word_1_384' title='bbox 584 3465 785 3511; x_wconf 76' lang='grc'><strong>455-456.</strong></span> <span class='ocrx_word' id='word_1_385' title='bbox 842 3469 1204 3529; x_wconf 80' lang='grc' dir='ltr'>τοιγάρτοι-θυμόν]</span> <span class='ocrx_word' id='word_1_386' title='bbox 1266 3477 1444 3517; x_wconf 85' lang='lat' dir='ltr'>Clemens</span> 
     </span>
    </p>
   </div>
   <div class='ocr_carea' id='block_1_8' title="bbox 1503 323 2568 437">
    <p class='ocr_par' dir='ltr' id='par_1_11' title="bbox 1503 323 2568 437">
     <span class='ocr_line' id='line_1_57' title="bbox 1503 323 2568 377; baseline -0.006 -12"><span class='ocrx_word' id='word_1_387' title='bbox 1503 325 1792 366; x_wconf 80' lang='lat' dir='ltr'>Alexandrinus</span> <span class='ocrx_word' id='word_1_388' title='bbox 1815 324 2011 376; x_wconf 88' lang='lat' dir='ltr'>Protrept.</span> <span class='ocrx_word' id='word_1_389' title='bbox 2028 337 2065 375; x_wconf 89' lang='lat' dir='ltr'>p.</span> <span class='ocrx_word' id='word_1_390' title='bbox 2085 337 2128 372; x_wconf 90' lang='lat'>¹7</span> <span class='ocrx_word' id='word_1_391' title='bbox 2150 323 2181 362; x_wconf 77' lang='lat' dir='ltr'><strong>A</strong></span> <span class='ocrx_word' id='word_1_392' title='bbox 2210 323 2264 376; x_wconf 90' lang='lat' dir='ltr'>(p.</span> <span class='ocrx_word' id='word_1_393' title='bbox 2289 323 2370 376; x_wconf 82' lang='lat'>23).</span> <span class='ocrx_word' id='word_1_394' title='bbox 2385 324 2568 377; x_wconf 76' lang='lat' dir='ltr'>Alloqui-</span> 
     </span>
     <span class='ocr_line' id='line_1_58' title="bbox 1505 382 2568 437; baseline -0.001 -14"><span class='ocrx_word' id='word_1_395' title='bbox 1505 395 1568 424; x_wconf 84' lang='lat' dir='ltr'>tur</span> <span class='ocrx_word' id='word_1_396' title='bbox 1597 383 1851 436; x_wconf 84' lang='lat' dir='ltr'>Empedocles</span> <span class='ocrx_word' id='word_1_397' title='bbox 1872 382 2075 435; x_wconf 87' lang='lat' dir='ltr'>improbos</span> <span class='ocrx_word' id='word_1_398' title='bbox 2095 382 2158 422; x_wconf 83' lang='lat' dir='ltr'>vel</span> <span class='ocrx_word' id='word_1_399' title='bbox 2188 382 2368 434; x_wconf 74' lang='grc' dir='ltr'>ἀμυήτους</span> <span class='ocrx_word' id='word_1_400' title='bbox 2387 384 2456 435; x_wconf 90' lang='lat' dir='ltr'>qui</span> <span class='ocrx_word' id='word_1_401' title='bbox 2475 383 2568 437; x_wconf 83' lang='lat' dir='ltr'>jura</span> 
     </span>
    </p>
   </div>
   <div class='ocr_carea' id='block_1_9' title="bbox 1502 441 2612 493">
    <p class='ocr_par' dir='ltr' id='par_1_12' title="bbox 1502 441 2612 493">
     <span class='ocr_line' id='line_1_59' title="bbox 1502 441 2612 493; baseline 0.003 -12"><span class='ocrx_word' id='word_1_402' title='bbox 1502 444 1638 482; x_wconf 87' lang='lat' dir='ltr'>divina</span> <span class='ocrx_word' id='word_1_403' title='bbox 1657 451 1695 481; x_wconf 91' lang='lat' dir='ltr'>et</span> <span class='ocrx_word' id='word_1_404' title='bbox 1712 442 1884 482; x_wconf 88' lang='lat' dir='ltr'>humana</span> <span class='ocrx_word' id='word_1_405' title='bbox 1901 450 2157 482; x_wconf 86' lang='lat' dir='ltr'>contemnunt</span> <span class='ocrx_word' id='word_1_406' title='bbox 2187 441 2250 480; x_wconf 89' lang='lat' dir='ltr'>vel</span> <span class='ocrx_word' id='word_1_407' title='bbox 2271 442 2488 493; x_wconf 83' lang='lat' dir='ltr'>negligunt.</span> <span class='ocrx_word' id='word_1_408' title='bbox 2508 444 2568 483; x_wconf 86' lang='lat' dir='ltr'>Cf.</span> <span class='ocrx_word' id='word_1_409' title='bbox 2608 469 2612 474; x_wconf 94' lang='lat'>·</span> 
     </span>
    </p>
   </div>
   <div class='ocr_carea' id='block_1_10' title="bbox 1502 500 2574 2519">
    <p class='ocr_par' dir='ltr' id='par_1_13' title="bbox 1504 500 2567 614">
     <span class='ocr_line' id='line_1_60' title="bbox 1504 500 2567 555; baseline 0 -13"><span class='ocrx_word' id='word_1_410' title='bbox 1504 504 1633 543; x_wconf 87' lang='lat' dir='ltr'>Carm.</span> <span class='ocrx_word' id='word_1_411' title='bbox 1654 516 1738 541; x_wconf 89' lang='lat' dir='ltr'>aur.</span> <span class='ocrx_word' id='word_1_412' title='bbox 1757 515 1811 541; x_wconf 84' lang='lat' dir='ltr'>vs.</span> <span class='ocrx_word' id='word_1_413' title='bbox 1831 501 1880 548; x_wconf 85' lang='grc'>54</span> <span class='ocrx_word' id='word_1_414' title='bbox 1905 514 2015 554; x_wconf 83' lang='lat' dir='ltr'>seqq.</span> <span class='ocrx_word' id='word_1_415' title='bbox 2032 500 2151 555; x_wconf 82' lang='grc' dir='ltr'>γνώσῃ</span> <span class='ocrx_word' id='word_1_416' title='bbox 2168 501 2197 540; x_wconf 84' lang='grc' dir='ltr'>δ’</span> <span class='ocrx_word' id='word_1_417' title='bbox 2216 500 2422 554; x_wconf 82' lang='grc' dir='ltr'>ἀνθρώπους</span> <span class='ocrx_word' id='word_1_418' title='bbox 2438 501 2567 542; x_wconf 74' lang='grc' dir='ltr'>αὐθαί-</span> 
     </span>
     <span class='ocr_line' id='line_1_61' title="bbox 1507 560 2002 614; baseline -0.002 -14"><span class='ocrx_word' id='word_1_419' title='bbox 1507 577 1588 614; x_wconf 81' lang='grc' dir='ltr'>ρετα</span> <span class='ocrx_word' id='word_1_420' title='bbox 1606 561 1745 612; x_wconf 78' lang='grc' dir='ltr'>πήματ’</span> <span class='ocrx_word' id='word_1_421' title='bbox 1764 560 1908 613; x_wconf 73' lang='grc' dir='ltr'>ἔχοντας</span> <span class='ocrx_word' id='word_1_422' title='bbox 1921 562 2002 602; x_wconf 85' lang='grc' dir='ltr'>κτλ.</span> 
     </span>
    </p>

    <p class='ocr_par' dir='ltr' id='par_1_14' title="bbox 1502 618 2574 1987">
     <span class='ocr_line' id='line_1_62' title="bbox 1557 618 2572 672; baseline 0.005 -15"><span class='ocrx_word' id='word_1_423' title='bbox 1557 620 1641 659; x_wconf 91' lang='lat' dir='ltr'>Vss.</span> <span class='ocrx_word' id='word_1_424' title='bbox 1663 620 1842 668; x_wconf 75' lang='lat' dir='ltr'>457-s.61</span> <span class='ocrx_word' id='word_1_425' title='bbox 1867 618 2070 671; x_wconf 83' lang='lat' dir='ltr'>conjunxi.</span> <span class='ocrx_word' id='word_1_426' title='bbox 2091 618 2175 660; x_wconf 83' lang='lat' dir='ltr'>Vss.</span> <span class='ocrx_word' id='word_1_427' title='bbox 2197 619 2377 672; x_wconf 82' lang='grc'><strong>457-459</strong></span> <span class='ocrx_word' id='word_1_428' title='bbox 2396 622 2572 662; x_wconf 79' lang='lat' dir='ltr'>servavit</span> 
     </span>
     <span class='ocr_line' id='line_1_63' title="bbox 1503 679 2570 735; baseline 0.004 -18"><span class='ocrx_word' id='word_1_429' title='bbox 1503 679 1683 718; x_wconf 88' lang='lat' dir='ltr'>Clemens</span> <span class='ocrx_word' id='word_1_430' title='bbox 1716 679 2004 718; x_wconf 81' lang='lat' dir='ltr'>Alexandrinus</span> <span class='ocrx_word' id='word_1_431' title='bbox 2030 679 2172 717; x_wconf 86' lang='lat' dir='ltr'>Strom.</span> <span class='ocrx_word' id='word_1_432' title='bbox 2198 679 2249 720; x_wconf 87' lang='lat' dir='ltr'>lv</span> <span class='ocrx_word' id='word_1_433' title='bbox 2281 694 2320 734; x_wconf 89' lang='lat' dir='ltr'>p.</span> <span class='ocrx_word' id='word_1_434' title='bbox 2349 681 2426 727; x_wconf 84' lang='grc'>534</span> <span class='ocrx_word' id='word_1_435' title='bbox 2456 680 2487 721; x_wconf 93' lang='lat' dir='ltr'>C</span> <span class='ocrx_word' id='word_1_436' title='bbox 2515 683 2570 735; x_wconf 87' lang='lat' dir='ltr'>(p.</span> 
     </span>
     <span class='ocr_line' id='line_1_64' title="bbox 1505 738 2572 795; baseline 0.004 -19"><span class='ocrx_word' id='word_1_437' title='bbox 1505 739 1596 791; x_wconf 81' lang='lat'>632)</span> <span class='ocrx_word' id='word_1_438' title='bbox 1621 754 1629 777; x_wconf 89' lang='lat'>:</span> <span class='ocrx_word' id='word_1_439' title='bbox 1649 738 1734 792; x_wconf 74' lang='grc' dir='ltr'>φησὶ</span> <span class='ocrx_word' id='word_1_440' title='bbox 1751 738 1788 777; x_wconf 81' lang='grc' dir='ltr'>δὲ</span> <span class='ocrx_word' id='word_1_441' title='bbox 1807 738 1868 778; x_wconf 76' lang='grc' dir='ltr'>καὶ</span> <span class='ocrx_word' id='word_1_442' title='bbox 1888 738 2136 790; x_wconf 68' lang='grc' dir='ltr'>Ἐμπεδοκλῆς</span> <span class='ocrx_word' id='word_1_443' title='bbox 2149 741 2218 778; x_wconf 78' lang='grc' dir='ltr'>τῶν</span> <span class='ocrx_word' id='word_1_444' title='bbox 2234 741 2352 793; x_wconf 68' lang='grc' dir='ltr'>σοφῶν</span> <span class='ocrx_word' id='word_1_445' title='bbox 2370 739 2435 784; x_wconf 82' lang='grc' dir='ltr'>τὰς</span> <span class='ocrx_word' id='word_1_446' title='bbox 2453 741 2572 795; x_wconf 74' lang='grc' dir='ltr'>ψυχὰς</span> 
     </span>
     <span class='ocr_line' id='line_1_65' title="bbox 1504 792 2572 852; baseline 0.002 -14"><span class='ocrx_word' id='word_1_447' title='bbox 1504 799 1599 843; x_wconf 78' lang='grc' dir='ltr'>θεοὺς</span> <span class='ocrx_word' id='word_1_448' title='bbox 1615 799 1789 851; x_wconf 83' lang='grc' dir='ltr'>γίνεσθαι,</span> <span class='ocrx_word' id='word_1_449' title='bbox 1810 792 1879 838; x_wconf 73' lang='grc' dir='ltr'>ὧδέ</span> <span class='ocrx_word' id='word_1_450' title='bbox 1898 815 1973 843; x_wconf 90' lang='grc' dir='ltr'>πως</span> <span class='ocrx_word' id='word_1_451' title='bbox 1993 799 2138 852; x_wconf 81' lang='grc' dir='ltr'>γράφων</span> <span class='ocrx_word' id='word_1_452' title='bbox 2164 801 2246 840; x_wconf 81' lang='grc' dir='ltr'>κτλ.</span> <span class='ocrx_word' id='word_1_453' title='bbox 2267 799 2361 839; x_wconf 87' lang='lat' dir='ltr'>item</span> <span class='ocrx_word' id='word_1_454' title='bbox 2388 799 2423 840; x_wconf 83' lang='grc' dir='ltr'>Τ</span> <span class='ocrx_word' id='word_1_455' title='bbox 2425 800 2572 841; x_wconf 87' lang='lat' dir='ltr'>heodo-</span> 
     </span>
     <span class='ocr_line' id='line_1_66' title="bbox 1506 858 2572 911; baseline 0.004 -14"><span class='ocrx_word' id='word_1_456' title='bbox 1506 868 1612 898; x_wconf 88' lang='lat' dir='ltr'>retus</span> <span class='ocrx_word' id='word_1_457' title='bbox 1632 859 1666 897; x_wconf 89' lang='lat' dir='ltr'>T</span> <span class='ocrx_word' id='word_1_458' title='bbox 1670 859 1869 911; x_wconf 89' lang='lat' dir='ltr'>herapeut.</span> <span class='ocrx_word' id='word_1_459' title='bbox 1891 859 2015 899; x_wconf 89' lang='lat' dir='ltr'>Serm.</span> <span class='ocrx_word' id='word_1_460' title='bbox 2040 858 2131 897; x_wconf 83' lang='lat' dir='ltr'>Vm</span> <span class='ocrx_word' id='word_1_461' title='bbox 2149 872 2187 911; x_wconf 87' lang='lat' dir='ltr'>p.</span> <span class='ocrx_word' id='word_1_462' title='bbox 2212 859 2290 910; x_wconf 85' lang='lat'>599</span> <span class='ocrx_word' id='word_1_463' title='bbox 2315 859 2366 899; x_wconf 89' lang='lat' dir='ltr'>D.</span> <span class='ocrx_word' id='word_1_464' title='bbox 2395 859 2512 900; x_wconf 76' lang='lat' dir='ltr'>Recte</span> <span class='ocrx_word' id='word_1_465' title='bbox 2530 873 2572 901; x_wconf 81' lang='lat' dir='ltr'>se</span> 
     </span>
     <span class='ocr_line' id='line_1_67' title="bbox 1504 917 2573 970; baseline 0.003 -14"><span class='ocrx_word' id='word_1_466' title='bbox 1504 917 1622 957; x_wconf 88' lang='lat' dir='ltr'>habet</span> <span class='ocrx_word' id='word_1_467' title='bbox 1643 917 1925 966; x_wconf 77' lang='grc' dir='ltr'>ἀναὸλαστοῦσι,</span> <span class='ocrx_word' id='word_1_468' title='bbox 1946 919 2059 970; x_wconf 90' lang='lat' dir='ltr'>cujus</span> <span class='ocrx_word' id='word_1_469' title='bbox 2078 918 2166 957; x_wconf 92' lang='lat' dir='ltr'>loco</span> <span class='ocrx_word' id='word_1_470' title='bbox 2187 917 2462 958; x_wconf 73' lang='lat' dir='ltr'>&#39;l‘heodoretus</span> <span class='ocrx_word' id='word_1_471' title='bbox 2484 920 2573 959; x_wconf 70' lang='grc' dir='ltr'>ἀνα·</span> 
     </span>
     <span class='ocr_line' id='line_1_68' title="bbox 1505 976 2573 1031; baseline 0.004 -16"><span class='ocrx_word' id='word_1_472' title='bbox 1505 976 1742 1018; x_wconf 73' lang='grc' dir='ltr'>ὅλαστάνουσι</span> <span class='ocrx_word' id='word_1_473' title='bbox 1756 978 1917 1031; x_wconf 82' lang='lat' dir='ltr'>praebet.</span> <span class='ocrx_word' id='word_1_474' title='bbox 1933 977 2018 1017; x_wconf 85' lang='lat' dir='ltr'>Vss.</span> <span class='ocrx_word' id='word_1_475' title='bbox 2038 978 2217 1024; x_wconf 78' lang='lat'>460-461</span> <span class='ocrx_word' id='word_1_476' title='bbox 2235 976 2573 1022; x_wconf 73' lang='grc' dir='ltr'>ἀθανάτοις-ἀτει-</span> 
     </span>
     <span class='ocr_line' id='line_1_69' title="bbox 1506 1035 2567 1093; baseline 0.002 -18"><span class='ocrx_word' id='word_1_477' title='bbox 1506 1035 1587 1092; x_wconf 86' lang='grc' dir='ltr'>ρεῖς]</span> <span class='ocrx_word' id='word_1_478' title='bbox 1612 1036 1727 1076; x_wconf 87' lang='lat' dir='ltr'>habet</span> <span class='ocrx_word' id='word_1_479' title='bbox 1747 1038 1924 1077; x_wconf 85' lang='lat' dir='ltr'>Clemens</span> <span class='ocrx_word' id='word_1_480' title='bbox 1943 1036 2042 1078; x_wconf 89' lang='lat' dir='ltr'>ibid.</span> <span class='ocrx_word' id='word_1_481' title='bbox 2062 1036 2093 1074; x_wconf 89' lang='lat' dir='ltr'>V</span> <span class='ocrx_word' id='word_1_482' title='bbox 2111 1050 2197 1089; x_wconf 89' lang='lat' dir='ltr'>pag.</span> <span class='ocrx_word' id='word_1_483' title='bbox 2217 1039 2294 1086; x_wconf 92' lang='lat'>607</span> <span class='ocrx_word' id='word_1_484' title='bbox 2313 1037 2344 1076; x_wconf 92' lang='lat' dir='ltr'>B</span> <span class='ocrx_word' id='word_1_485' title='bbox 2363 1037 2415 1090; x_wconf 90' lang='lat' dir='ltr'>(p.</span> <span class='ocrx_word' id='word_1_486' title='bbox 2440 1037 2533 1093; x_wconf 76' lang='lat'><strong>7²2)</strong></span> <span class='ocrx_word' id='word_1_487' title='bbox 2559 1053 2567 1077; x_wconf 92' lang='lat'>:</span> 
     </span>
     <span class='ocr_line' id='line_1_70' title="bbox 1502 1093 2571 1150; baseline 0.001 -15"><span class='ocrx_word' id='word_1_488' title='bbox 1502 1093 1574 1135; x_wconf 82' lang='grc' dir='ltr'>Ἢν</span> <span class='ocrx_word' id='word_1_489' title='bbox 1595 1096 1631 1137; x_wconf 83' lang='grc' dir='ltr'>δὲ</span> <span class='ocrx_word' id='word_1_490' title='bbox 1655 1096 1757 1142; x_wconf 80' lang='grc' dir='ltr'>ὁσίως</span> <span class='ocrx_word' id='word_1_491' title='bbox 1776 1098 1836 1136; x_wconf 88' lang='grc' dir='ltr'>καὶ</span> <span class='ocrx_word' id='word_1_492' title='bbox 1854 1096 1997 1141; x_wconf 83' lang='grc' dir='ltr'>δικαίως</span> <span class='ocrx_word' id='word_1_493' title='bbox 2020 1095 2286 1149; x_wconf 75' lang='grc' dir='ltr'>διαὸιώσωμεν,</span> <span class='ocrx_word' id='word_1_494' title='bbox 2315 1095 2486 1150; x_wconf 83' lang='grc' dir='ltr'>μακάριοι</span> <span class='ocrx_word' id='word_1_495' title='bbox 2506 1096 2571 1149; x_wconf 86' lang='grc' dir='ltr'>μὲν</span> 
     </span>
     <span class='ocr_line' id='line_1_71' title="bbox 1504 1155 2574 1211; baseline 0.003 -17"><span class='ocrx_word' id='word_1_496' title='bbox 1504 1156 1678 1210; x_wconf 80' lang='grc' dir='ltr'>ἐνταῦθα,</span> <span class='ocrx_word' id='word_1_497' title='bbox 1707 1156 1971 1211; x_wconf 84' lang='grc' dir='ltr'>μακαριώτεροι</span> <span class='ocrx_word' id='word_1_498' title='bbox 1990 1157 2027 1196; x_wconf 86' lang='grc' dir='ltr'>δὲ</span> <span class='ocrx_word' id='word_1_499' title='bbox 2058 1155 2150 1208; x_wconf 86' lang='grc' dir='ltr'>μετὰ</span> <span class='ocrx_word' id='word_1_500' title='bbox 2169 1155 2231 1204; x_wconf 75' lang='grc' dir='ltr'>τὴν</span> <span class='ocrx_word' id='word_1_501' title='bbox 2255 1156 2389 1196; x_wconf 80' lang='grc' dir='ltr'>ἐνθένδε</span> <span class='ocrx_word' id='word_1_502' title='bbox 2410 1157 2574 1197; x_wconf 86' lang='grc' dir='ltr'>ἀπαλλα-</span> 
     </span>
     <span class='ocr_line' id='line_1_72' title="bbox 1502 1213 2571 1271; baseline 0.004 -19"><span class='ocrx_word' id='word_1_503' title='bbox 1502 1215 1582 1267; x_wconf 81' lang='grc' dir='ltr'>γήν,</span> <span class='ocrx_word' id='word_1_504' title='bbox 1603 1218 1641 1255; x_wconf 87' lang='grc' dir='ltr'>οὗ</span> <span class='ocrx_word' id='word_1_505' title='bbox 1661 1215 1778 1271; x_wconf 85' lang='grc' dir='ltr'>χρόνῳ</span> <span class='ocrx_word' id='word_1_506' title='bbox 1795 1216 1862 1255; x_wconf 78' lang='grc' dir='ltr'>τινὶ</span> <span class='ocrx_word' id='word_1_507' title='bbox 1888 1215 1953 1263; x_wconf 82' lang='grc' dir='ltr'>τὴν</span> <span class='ocrx_word' id='word_1_508' title='bbox 1981 1213 2210 1267; x_wconf 78' lang='grc' dir='ltr'>εὐδαιμονίαν</span> <span class='ocrx_word' id='word_1_509' title='bbox 2236 1213 2399 1269; x_wconf 75' lang='grc' dir='ltr'>ἔχοντες,</span> <span class='ocrx_word' id='word_1_510' title='bbox 2418 1214 2511 1254; x_wconf 77' lang='grc' dir='ltr'>ἀλλὰ</span> <span class='ocrx_word' id='word_1_511' title='bbox 2536 1217 2571 1256; x_wconf 77' lang='grc' dir='ltr'>ἕν</span> 
     </span>
     <span class='ocr_line' id='line_1_73' title="bbox 1504 1274 2568 1326; baseline 0.002 -13"><span class='ocrx_word' id='word_1_512' title='bbox 1504 1276 1603 1314; x_wconf 81' lang='grc' dir='ltr'>αἰῶνι</span> <span class='ocrx_word' id='word_1_513' title='bbox 1638 1276 1883 1315; x_wconf 78' lang='grc' dir='ltr'>ἀναπαύεσθαι</span> <span class='ocrx_word' id='word_1_514' title='bbox 1923 1274 2109 1326; x_wconf 81' lang='grc' dir='ltr'>δυνάμενοι</span> <span class='ocrx_word' id='word_1_515' title='bbox 2141 1292 2157 1309; x_wconf 74' lang='grc' dir='ltr'>α</span> <span class='ocrx_word' id='word_1_516' title='bbox 2193 1274 2378 1319; x_wconf 76' lang='grc' dir='ltr'>ἀθανάτοις</span> <span class='ocrx_word' id='word_1_517' title='bbox 2411 1274 2568 1315; x_wconf 82' lang='grc' dir='ltr'>ἄλλοισιν</span> 
     </span>
     <span class='ocr_line' id='line_1_74' title="bbox 1503 1334 2567 1389; baseline 0.005 -16"><span class='ocrx_word' id='word_1_518' title='bbox 1503 1335 1583 1375; x_wconf 87' lang='grc' dir='ltr'>κτλ.</span> <span class='ocrx_word' id='word_1_519' title='bbox 1599 1353 1615 1369; x_wconf 87' lang='grc'>»</span> <span class='ocrx_word' id='word_1_520' title='bbox 1630 1337 1653 1383; x_wconf 87' lang='grc' dir='ltr'>ἡ</span> <span class='ocrx_word' id='word_1_521' title='bbox 1671 1335 1857 1389; x_wconf 77' lang='grc' dir='ltr'>φιλόσοφος</span> <span class='ocrx_word' id='word_1_522' title='bbox 1872 1335 2153 1386; x_wconf 79' lang='grc' dir='ltr'>Ἐμπεδοκλέους</span> <span class='ocrx_word' id='word_1_523' title='bbox 2170 1334 2268 1388; x_wconf 87' lang='grc' dir='ltr'>λέγει</span> <span class='ocrx_word' id='word_1_524' title='bbox 2284 1334 2465 1383; x_wconf 77' lang='grc' dir='ltr'>ποιητική.</span> <span class='ocrx_word' id='word_1_525' title='bbox 2489 1337 2567 1377; x_wconf 83' lang='lat' dir='ltr'>Ea·</span> 
     </span>
     <span class='ocr_line' id='line_1_75' title="bbox 1503 1394 2569 1448; baseline 0.006 -16"><span class='ocrx_word' id='word_1_526' title='bbox 1503 1394 1591 1432; x_wconf 91' lang='lat' dir='ltr'>dem</span> <span class='ocrx_word' id='word_1_527' title='bbox 1613 1404 1704 1434; x_wconf 90' lang='lat' dir='ltr'>sunt</span> <span class='ocrx_word' id='word_1_528' title='bbox 1723 1396 1826 1448; x_wconf 89' lang='lat' dir='ltr'>apud</span> <span class='ocrx_word' id='word_1_529' title='bbox 1845 1395 2057 1434; x_wconf 86' lang='lat' dir='ltr'>Eusebium</span> <span class='ocrx_word' id='word_1_530' title='bbox 2075 1395 2201 1448; x_wconf 87' lang='lat' dir='ltr'>Praep.</span> <span class='ocrx_word' id='word_1_531' title='bbox 2216 1408 2354 1447; x_wconf 83' lang='lat' dir='ltr'>evang.</span> <span class='ocrx_word' id='word_1_532' title='bbox 2381 1395 2494 1448; x_wconf 81' lang='lat' dir='ltr'>xm,</span> <span class='ocrx_word' id='word_1_533' title='bbox 2521 1399 2569 1438; x_wconf 82' lang='lat'>13</span> 
     </span>
     <span class='ocr_line' id='line_1_76' title="bbox 1503 1455 2573 1508; baseline 0.006 -16"><span class='ocrx_word' id='word_1_534' title='bbox 1503 1467 1590 1506; x_wconf 87' lang='lat' dir='ltr'>pag.</span> <span class='ocrx_word' id='word_1_535' title='bbox 1617 1456 1693 1500; x_wconf 76' lang='lat'>684</span> <span class='ocrx_word' id='word_1_536' title='bbox 1717 1469 1778 1507; x_wconf 88' lang='lat' dir='ltr'>sq.</span> <span class='ocrx_word' id='word_1_537' title='bbox 1799 1455 1975 1494; x_wconf 84' lang='lat' dir='ltr'>Tandem</span> <span class='ocrx_word' id='word_1_538' title='bbox 1996 1455 2154 1508; x_wconf 81' lang='lat' dir='ltr'>expleto</span> <span class='ocrx_word' id='word_1_539' title='bbox 2181 1456 2443 1495; x_wconf 89' lang='lat' dir='ltr'>mutationum</span> <span class='ocrx_word' id='word_1_540' title='bbox 2475 1457 2573 1498; x_wconf 86' lang='lat' dir='ltr'>orbe</span> 
     </span>
     <span class='ocr_line' id='line_1_77' title="bbox 1504 1515 2572 1568; baseline 0.006 -16"><span class='ocrx_word' id='word_1_541' title='bbox 1504 1515 1544 1552; x_wconf 90' lang='lat' dir='ltr'>in</span> <span class='ocrx_word' id='word_1_542' title='bbox 1577 1515 1869 1567; x_wconf 81' lang='lat' dir='ltr'>praestantiores</span> <span class='ocrx_word' id='word_1_543' title='bbox 1901 1524 2080 1563; x_wconf 89' lang='lat' dir='ltr'>naturas,</span> <span class='ocrx_word' id='word_1_544' title='bbox 2104 1524 2231 1563; x_wconf 86' lang='lat' dir='ltr'>vates,</span> <span class='ocrx_word' id='word_1_545' title='bbox 2252 1524 2412 1568; x_wconf 85' lang='lat' dir='ltr'>poetas,</span> <span class='ocrx_word' id='word_1_546' title='bbox 2448 1518 2572 1557; x_wconf 91' lang='lat' dir='ltr'>medi-</span> 
     </span>
     <span class='ocr_line' id='line_1_78' title="bbox 1503 1574 2572 1625; baseline 0.004 -13"><span class='ocrx_word' id='word_1_547' title='bbox 1503 1587 1587 1622; x_wconf 86' lang='lat' dir='ltr'>cos,</span> <span class='ocrx_word' id='word_1_548' title='bbox 1620 1587 1730 1625; x_wconf 84' lang='lat' dir='ltr'>reges</span> <span class='ocrx_word' id='word_1_549' title='bbox 1768 1583 1995 1623; x_wconf 82' lang='lat' dir='ltr'>transeunt3</span> <span class='ocrx_word' id='word_1_550' title='bbox 2028 1575 2122 1613; x_wconf 93' lang='lat' dir='ltr'>hinc</span> <span class='ocrx_word' id='word_1_551' title='bbox 2160 1574 2210 1614; x_wconf 91' lang='lat' dir='ltr'>ad</span> <span class='ocrx_word' id='word_1_552' title='bbox 2245 1574 2340 1614; x_wconf 91' lang='lat' dir='ltr'>deos</span> <span class='ocrx_word' id='word_1_553' title='bbox 2391 1577 2572 1617; x_wconf 87' lang='lat' dir='ltr'>evehun-</span> 
     </span>
     <span class='ocr_line' id='line_1_79' title="bbox 1504 1633 2572 1687; baseline 0.005 -16"><span class='ocrx_word' id='word_1_554' title='bbox 1504 1642 1579 1673; x_wconf 79' lang='lat' dir='ltr'>tur.</span> <span class='ocrx_word' id='word_1_555' title='bbox 1597 1634 1674 1673; x_wconf 86' lang='lat' dir='ltr'>Pro</span> <span class='ocrx_word' id='word_1_556' title='bbox 1692 1633 1727 1674; x_wconf 83' lang='grc' dir='ltr'>ἔν</span> <span class='ocrx_word' id='word_1_557' title='bbox 1744 1650 1781 1672; x_wconf 90' lang='grc' dir='ltr'>τε</span> <span class='ocrx_word' id='word_1_558' title='bbox 1799 1633 1990 1686; x_wconf 81' lang='grc' dir='ltr'>τραπέζαις</span> <span class='ocrx_word' id='word_1_559' title='bbox 2004 1634 2107 1687; x_wconf 88' lang='lat' dir='ltr'>apud</span> <span class='ocrx_word' id='word_1_560' title='bbox 2125 1633 2336 1674; x_wconf 84' lang='lat' dir='ltr'>Eusebium</span> <span class='ocrx_word' id='word_1_561' title='bbox 2355 1644 2480 1676; x_wconf 80' lang='lat' dir='ltr'>exstat</span> <span class='ocrx_word' id='word_1_562' title='bbox 2499 1638 2572 1676; x_wconf 80' lang='grc' dir='ltr'>αὗ·-</span> 
     </span>
     <span class='ocr_line' id='line_1_80' title="bbox 1504 1693 2571 1748; baseline 0.005 -18"><span class='ocrx_word' id='word_1_563' title='bbox 1504 1693 1727 1747; x_wconf 81' lang='grc' dir='ltr'>τοτράπεζοι.</span> <span class='ocrx_word' id='word_1_564' title='bbox 1743 1693 1915 1732; x_wconf 91' lang='lat' dir='ltr'>Ultimus</span> <span class='ocrx_word' id='word_1_565' title='bbox 1929 1707 2068 1733; x_wconf 89' lang='lat' dir='ltr'>versus</span> <span class='ocrx_word' id='word_1_566' title='bbox 2079 1707 2101 1732; x_wconf 91' lang='lat' dir='ltr'>a</span> <span class='ocrx_word' id='word_1_567' title='bbox 2112 1693 2311 1745; x_wconf 87' lang='lat' dir='ltr'>Scaligero</span> <span class='ocrx_word' id='word_1_568' title='bbox 2321 1694 2371 1733; x_wconf 89' lang='lat' dir='ltr'>ad</span> <span class='ocrx_word' id='word_1_569' title='bbox 2385 1695 2571 1748; x_wconf 83' lang='lat' dir='ltr'>Stephani</span> 
     </span>
     <span class='ocr_line' id='line_1_81' title="bbox 1503 1753 2571 1807; baseline 0.005 -16"><span class='ocrx_word' id='word_1_570' title='bbox 1503 1753 1618 1793; x_wconf 89' lang='lat' dir='ltr'>Poes.</span> <span class='ocrx_word' id='word_1_571' title='bbox 1643 1754 1743 1806; x_wconf 89' lang='lat' dir='ltr'>phil.</span> <span class='ocrx_word' id='word_1_572' title='bbox 1765 1768 1853 1807; x_wconf 86' lang='lat' dir='ltr'>pag.</span> <span class='ocrx_word' id='word_1_573' title='bbox 1880 1756 1955 1794; x_wconf 82' lang='lat'>216</span> <span class='ocrx_word' id='word_1_574' title='bbox 1974 1754 2031 1794; x_wconf 89' lang='lat' dir='ltr'>sic</span> <span class='ocrx_word' id='word_1_575' title='bbox 2045 1755 2273 1793; x_wconf 87' lang='lat' dir='ltr'>emendatus</span> <span class='ocrx_word' id='word_1_576' title='bbox 2289 1763 2348 1793; x_wconf 90' lang='lat' dir='ltr'>est</span> <span class='ocrx_word' id='word_1_577' title='bbox 2362 1763 2405 1793; x_wconf 92' lang='lat' dir='ltr'>ut</span> <span class='ocrx_word' id='word_1_578' title='bbox 2418 1767 2440 1794; x_wconf 90' lang='lat' dir='ltr'>a</span> <span class='ocrx_word' id='word_1_579' title='bbox 2454 1754 2571 1796; x_wconf 88' lang='lat' dir='ltr'>nobis</span> 
     </span>
     <span class='ocr_line' id='line_1_82' title="bbox 1502 1813 2567 1865; baseline 0.002 -14"><span class='ocrx_word' id='word_1_580' title='bbox 1502 1823 1560 1852; x_wconf 83' lang='lat' dir='ltr'>est</span> <span class='ocrx_word' id='word_1_581' title='bbox 1593 1814 1738 1862; x_wconf 85' lang='lat' dir='ltr'>editus,</span> <span class='ocrx_word' id='word_1_582' title='bbox 1772 1828 1894 1865; x_wconf 90' lang='lat' dir='ltr'>quum</span> <span class='ocrx_word' id='word_1_583' title='bbox 1933 1813 2054 1864; x_wconf 87' lang='lat' dir='ltr'>vulgo</span> <span class='ocrx_word' id='word_1_584' title='bbox 2098 1813 2286 1852; x_wconf 88' lang='lat' dir='ltr'>mendose</span> <span class='ocrx_word' id='word_1_585' title='bbox 2328 1813 2524 1865; x_wconf 85' lang='lat' dir='ltr'>legeretur</span> <span class='ocrx_word' id='word_1_586' title='bbox 2557 1830 2567 1853; x_wconf 78' lang='grc' dir='ltr'>ε</span> 
     </span>
     <span class='ocr_line' id='line_1_83' title="bbox 1504 1870 2572 1926; baseline 0.005 -17"><span class='ocrx_word' id='word_1_587' title='bbox 1504 1870 1616 1916; x_wconf 81' lang='grc' dir='ltr'>ἐόντες</span> <span class='ocrx_word' id='word_1_588' title='bbox 1639 1871 1810 1925; x_wconf 79' lang='grc' dir='ltr'>ἀνδρείων</span> <span class='ocrx_word' id='word_1_589' title='bbox 1838 1871 1991 1926; x_wconf 79' lang='grc' dir='ltr'>Ἀχαιῶν</span> <span class='ocrx_word' id='word_1_590' title='bbox 2012 1872 2156 1926; x_wconf 89' lang='lat' dir='ltr'>(Steph.</span> <span class='ocrx_word' id='word_1_591' title='bbox 2177 1872 2295 1926; x_wconf 68' lang='grc' dir='ltr'>ἀχέων</span> <span class='ocrx_word' id='word_1_592' title='bbox 2310 1886 2351 1926; x_wconf 86' lang='lat' dir='ltr'>p.</span> <span class='ocrx_word' id='word_1_593' title='bbox 2382 1873 2452 1926; x_wconf 82' lang='lat'>28)</span> <span class='ocrx_word' id='word_1_594' title='bbox 2479 1873 2572 1914; x_wconf 85' lang='grc' dir='ltr'>ἀπό-</span> 
     </span>
     <span class='ocr_line' id='line_1_84' title="bbox 1503 1932 1810 1987; baseline 0.007 -17"><span class='ocrx_word' id='word_1_595' title='bbox 1503 1933 1629 1984; x_wconf 90' lang='grc' dir='ltr'>κληροι</span> <span class='ocrx_word' id='word_1_596' title='bbox 1647 1932 1810 1987; x_wconf 80' lang='grc' dir='ltr'>ἀπηρεῗς.</span> 
     </span>
    </p>

    <p class='ocr_par' dir='ltr' id='par_1_15' title="bbox 1504 1991 2573 2519">
     <span class='ocr_line' id='line_1_85' title="bbox 1557 1991 2571 2046; baseline 0.003 -16"><span class='ocrx_word' id='word_1_597' title='bbox 1557 1992 1639 2031; x_wconf 87' lang='lat' dir='ltr'>Vss.</span> <span class='ocrx_word' id='word_1_598' title='bbox 1665 1993 1854 2041; x_wconf 78' lang='lat'>462-470.</span> <span class='ocrx_word' id='word_1_599' title='bbox 1873 1991 2247 2046; x_wconf 81' lang='grc' dir='ltr'>φάρμακα-ἀνδρός]</span> <span class='ocrx_word' id='word_1_600' title='bbox 2268 1992 2458 2032; x_wconf 88' lang='lat' dir='ltr'>exhibent</span> <span class='ocrx_word' id='word_1_601' title='bbox 2479 1993 2571 2034; x_wconf 89' lang='lat' dir='ltr'>Dio·</span> 
     </span>
     <span class='ocr_line' id='line_1_86' title="bbox 1505 2050 2569 2105; baseline 0.004 -16"><span class='ocrx_word' id='word_1_602' title='bbox 1505 2064 1620 2100; x_wconf 83' lang='lat' dir='ltr'>genes</span> <span class='ocrx_word' id='word_1_603' title='bbox 1633 2050 1926 2099; x_wconf 83' lang='lat' dir='ltr'>LaertiusVllL</span> <span class='ocrx_word' id='word_1_604' title='bbox 1942 2052 2007 2104; x_wconf 77' lang='lat'>593</span> <span class='ocrx_word' id='word_1_605' title='bbox 2020 2052 2191 2091; x_wconf 82' lang='lat' dir='ltr'>Eudoeia</span> <span class='ocrx_word' id='word_1_606' title='bbox 2207 2067 2244 2105; x_wconf 91' lang='lat' dir='ltr'>p.</span> <span class='ocrx_word' id='word_1_607' title='bbox 2269 2067 2359 2102; x_wconf 81' lang='lat'>1703</span> <span class='ocrx_word' id='word_1_608' title='bbox 2376 2053 2516 2092; x_wconf 85' lang='lat' dir='ltr'>Suidas</span> <span class='ocrx_word' id='word_1_609' title='bbox 2529 2069 2569 2095; x_wconf 89' lang='lat' dir='ltr'>v.</span> 
     </span>
     <span class='ocr_line' id='line_1_87' title="bbox 1505 2108 2570 2163; baseline 0.006 -17"><span class='ocrx_word' id='word_1_610' title='bbox 1505 2108 1652 2157; x_wconf 83' lang='grc' dir='ltr'>ἄπνους;</span> <span class='ocrx_word' id='word_1_611' title='bbox 1676 2111 1835 2149; x_wconf 87' lang='lat' dir='ltr'>Tzetzes</span> <span class='ocrx_word' id='word_1_612' title='bbox 1854 2110 1958 2151; x_wconf 92' lang='lat' dir='ltr'>Chil.</span> <span class='ocrx_word' id='word_1_613' title='bbox 1987 2110 2038 2158; x_wconf 83' lang='lat' dir='ltr'>ll,</span> <span class='ocrx_word' id='word_1_614' title='bbox 2059 2113 2138 2161; x_wconf 89' lang='lat'>906</span> <span class='ocrx_word' id='word_1_615' title='bbox 2159 2124 2244 2163; x_wconf 89' lang='lat' dir='ltr'>sqq.</span> <span class='ocrx_word' id='word_1_616' title='bbox 2265 2111 2350 2152; x_wconf 86' lang='lat' dir='ltr'>Vss.</span> <span class='ocrx_word' id='word_1_617' title='bbox 2379 2113 2570 2158; x_wconf 81' lang='grc'><strong>464-466</strong></span> 
     </span>
     <span class='ocr_line' id='line_1_88' title="bbox 1504 2166 2571 2224; baseline 0.007 -19"><span class='ocrx_word' id='word_1_618' title='bbox 1504 2166 1809 2213; x_wconf 77' lang='grc' dir='ltr'>παύσεις-ἐπάξεις</span> <span class='ocrx_word' id='word_1_619' title='bbox 1830 2169 2011 2207; x_wconf 88' lang='lat' dir='ltr'>Clemens</span> <span class='ocrx_word' id='word_1_620' title='bbox 2033 2171 2146 2210; x_wconf 84' lang='lat' dir='ltr'>Alex.</span> <span class='ocrx_word' id='word_1_621' title='bbox 2178 2173 2319 2210; x_wconf 87' lang='lat' dir='ltr'>Strom.</span> <span class='ocrx_word' id='word_1_622' title='bbox 2343 2170 2396 2210; x_wconf 89' lang='lat' dir='ltr'>vl</span> <span class='ocrx_word' id='word_1_623' title='bbox 2423 2185 2462 2224; x_wconf 91' lang='lat' dir='ltr'>p.</span> <span class='ocrx_word' id='word_1_624' title='bbox 2491 2173 2571 2211; x_wconf 83' lang='lat'>630</span> 
     </span>
     <span class='ocr_line' id='line_1_89' title="bbox 1506 2226 2572 2281; baseline 0.008 -19"><span class='ocrx_word' id='word_1_625' title='bbox 1506 2226 1539 2263; x_wconf 85' lang='grc' dir='ltr'>Ι)</span> <span class='ocrx_word' id='word_1_626' title='bbox 1559 2226 1622 2278; x_wconf 91' lang='lat' dir='ltr'>(p.</span> <span class='ocrx_word' id='word_1_627' title='bbox 1645 2227 1721 2275; x_wconf 77' lang='lat'>754</span> <span class='ocrx_word' id='word_1_628' title='bbox 1750 2227 1810 2266; x_wconf 91' lang='lat' dir='ltr'>ed.</span> <span class='ocrx_word' id='word_1_629' title='bbox 1841 2227 1974 2278; x_wconf 89' lang='lat' dir='ltr'>Pott.).</span> <span class='ocrx_word' id='word_1_630' title='bbox 2009 2227 2150 2267; x_wconf 88' lang='lat' dir='ltr'>Versus</span> <span class='ocrx_word' id='word_1_631' title='bbox 2171 2226 2243 2267; x_wconf 90' lang='lat' dir='ltr'>hos</span> <span class='ocrx_word' id='word_1_632' title='bbox 2264 2242 2365 2281; x_wconf 90' lang='lat' dir='ltr'>quos</span> <span class='ocrx_word' id='word_1_633' title='bbox 2391 2231 2572 2271; x_wconf 82' lang='lat' dir='ltr'>sturzius</span> 
     </span>
     <span class='ocr_line' id='line_1_90' title="bbox 1504 2286 2570 2336; baseline 0.008 -14"><span class='ocrx_word' id='word_1_634' title='bbox 1504 2286 1762 2336; x_wconf 13' lang='lat' dir='ltr'>etRBergkius</span> <span class='ocrx_word' id='word_1_635' title='bbox 1791 2286 1895 2325; x_wconf 87' lang='lat' dir='ltr'>inter</span> <span class='ocrx_word' id='word_1_636' title='bbox 1924 2286 2102 2325; x_wconf 88' lang='lat' dir='ltr'>lustralia</span> <span class='ocrx_word' id='word_1_637' title='bbox 2130 2289 2308 2327; x_wconf 87' lang='lat' dir='ltr'>carmina</span> <span class='ocrx_word' id='word_1_638' title='bbox 2341 2289 2471 2329; x_wconf 92' lang='lat' dir='ltr'>locum</span> <span class='ocrx_word' id='word_1_639' title='bbox 2501 2289 2570 2330; x_wconf 86' lang='lat' dir='ltr'>ha-</span> 
     </span>
     <span class='ocr_line' id='line_1_91' title="bbox 1505 2344 2573 2399; baseline 0.007 -16"><span class='ocrx_word' id='word_1_640' title='bbox 1505 2344 1638 2384; x_wconf 91' lang='lat' dir='ltr'>buisse</span> <span class='ocrx_word' id='word_1_641' title='bbox 1651 2346 1941 2394; x_wconf 86' lang='lat' dir='ltr'>existimarunt,</span> <span class='ocrx_word' id='word_1_642' title='bbox 1953 2347 2085 2399; x_wconf 89' lang='lat' dir='ltr'>potius</span> <span class='ocrx_word' id='word_1_643' title='bbox 2099 2361 2120 2386; x_wconf 92' lang='lat' dir='ltr'>e</span> <span class='ocrx_word' id='word_1_644' title='bbox 2131 2347 2237 2386; x_wconf 85' lang='lat' dir='ltr'>libro</span> <span class='ocrx_word' id='word_1_645' title='bbox 2248 2347 2297 2387; x_wconf 89' lang='lat' dir='ltr'>de</span> <span class='ocrx_word' id='word_1_646' title='bbox 2310 2357 2394 2388; x_wconf 87' lang='lat' dir='ltr'>arte</span> <span class='ocrx_word' id='word_1_647' title='bbox 2408 2350 2573 2391; x_wconf 83' lang='lat' dir='ltr'>salutari</span> 
     </span>
     <span class='ocr_line' id='line_1_92' title="bbox 1505 2405 2567 2458; baseline 0.007 -15"><span class='ocrx_word' id='word_1_648' title='bbox 1505 2405 1726 2458; x_wconf 90' lang='lat' dir='ltr'>composito</span> <span class='ocrx_word' id='word_1_649' title='bbox 1754 2415 1904 2445; x_wconf 90' lang='lat' dir='ltr'>sumtos</span> <span class='ocrx_word' id='word_1_650' title='bbox 1931 2419 2016 2445; x_wconf 88' lang='lat' dir='ltr'>esse</span> <span class='ocrx_word' id='word_1_651' title='bbox 2036 2420 2124 2445; x_wconf 91' lang='lat' dir='ltr'>cum</span> <span class='ocrx_word' id='word_1_652' title='bbox 2151 2406 2361 2446; x_wconf 89' lang='lat' dir='ltr'>Karstenio</span> <span class='ocrx_word' id='word_1_653' title='bbox 2377 2407 2567 2450; x_wconf 84' lang='lat' dir='ltr'>arbitror.</span> 
     </span>
     <span class='ocr_line' id='line_1_93' title="bbox 1505 2465 2404 2519; baseline 0.006 -16"><span class='ocrx_word' id='word_1_654' title='bbox 1505 2465 1602 2504; x_wconf 89' lang='lat' dir='ltr'>Vide</span> <span class='ocrx_word' id='word_1_655' title='bbox 1622 2479 1740 2518; x_wconf 88' lang='lat' dir='ltr'>supra</span> <span class='ocrx_word' id='word_1_656' title='bbox 1754 2465 2061 2518; x_wconf 88' lang='lat' dir='ltr'>disputationem</span> <span class='ocrx_word' id='word_1_657' title='bbox 2083 2466 2131 2505; x_wconf 90' lang='lat' dir='ltr'>de</span> <span class='ocrx_word' id='word_1_658' title='bbox 2150 2466 2404 2519; x_wconf 87' lang='lat' dir='ltr'>Empedocle.</span> 
     </span>
    </p>
   </div>
   <div class='ocr_carea' id='block_1_11' title="bbox 1558 2526 2608 2581">
    <p class='ocr_par' dir='ltr' id='par_1_16' title="bbox 1558 2526 2608 2581">
     <span class='ocr_line' id='line_1_94' title="bbox 1558 2526 2608 2581; baseline 0.008 -18"><span class='ocrx_word' id='word_1_659' title='bbox 1558 2526 1624 2565; x_wconf 90' lang='lat' dir='ltr'>Vs.</span> <span class='ocrx_word' id='word_1_660' title='bbox 1661 2527 1752 2573; x_wconf 73' lang='lat'>462.</span> <span class='ocrx_word' id='word_1_661' title='bbox 1788 2526 1948 2565; x_wconf 87' lang='lat' dir='ltr'>Tzetzes</span> <span class='ocrx_word' id='word_1_662' title='bbox 1975 2526 2008 2565; x_wconf 88' lang='grc' dir='ltr'>δ’</span> <span class='ocrx_word' id='word_1_663' title='bbox 2036 2527 2195 2564; x_wconf 87' lang='lat' dir='ltr'>omittit.</span> <span class='ocrx_word' id='word_1_664' title='bbox 2226 2526 2325 2573; x_wconf 84' lang='lat' dir='ltr'>Quae</span> <span class='ocrx_word' id='word_1_665' title='bbox 2354 2539 2573 2581; x_wconf 84' lang='lat' dir='ltr'>sequuntur</span> <span class='ocrx_word' id='word_1_666' title='bbox 2602 2534 2608 2540; x_wconf 80' lang='lat'>&#39;</span> 
     </span>
    </p>
   </div>
   <div class='ocr_carea' id='block_1_12' title="bbox 1505 2585 2573 2819">
    <p class='ocr_par' dir='ltr' id='par_1_17' title="bbox 1505 2585 2573 2819">
     <span class='ocr_line' id='line_1_95' title="bbox 1506 2585 2569 2638; baseline 0.007 -16"><span class='ocrx_word' id='word_1_667' title='bbox 1506 2585 1711 2635; x_wconf 83' lang='lat' dir='ltr'>magnifica</span> <span class='ocrx_word' id='word_1_668' title='bbox 1730 2586 1925 2638; x_wconf 89' lang='lat' dir='ltr'>promissa</span> <span class='ocrx_word' id='word_1_669' title='bbox 1950 2599 2151 2636; x_wconf 86' lang='lat' dir='ltr'>magorum</span> <span class='ocrx_word' id='word_1_670' title='bbox 2176 2586 2350 2626; x_wconf 88' lang='lat' dir='ltr'>indolem</span> <span class='ocrx_word' id='word_1_671' title='bbox 2377 2588 2569 2631; x_wconf 83' lang='lat' dir='ltr'>referunt.</span> 
     </span>
     <span class='ocr_line' id='line_1_96' title="bbox 1508 2644 2571 2702; baseline 0.007 -20"><span class='ocrx_word' id='word_1_672' title='bbox 1508 2644 1555 2682; x_wconf 86' lang='lat' dir='ltr'>Hi</span> <span class='ocrx_word' id='word_1_673' title='bbox 1572 2645 1676 2683; x_wconf 90' lang='lat' dir='ltr'>enim</span> <span class='ocrx_word' id='word_1_674' title='bbox 1695 2644 2028 2684; x_wconf 89' lang='lat' dir='ltr'>incantationibus</span> <span class='ocrx_word' id='word_1_675' title='bbox 2046 2645 2128 2684; x_wconf 88' lang='lat' dir='ltr'>suis</span> <span class='ocrx_word' id='word_1_676' title='bbox 2146 2645 2246 2685; x_wconf 92' lang='lat' dir='ltr'>nihil</span> <span class='ocrx_word' id='word_1_677' title='bbox 2274 2660 2356 2685; x_wconf 89' lang='lat' dir='ltr'>non</span> <span class='ocrx_word' id='word_1_678' title='bbox 2381 2650 2571 2702; x_wconf 85' lang='lat' dir='ltr'>consequi</span> 
     </span>
     <span class='ocr_line' id='line_1_97' title="bbox 1505 2704 2572 2762; baseline 0.006 -20"><span class='ocrx_word' id='word_1_679' title='bbox 1505 2712 1542 2741; x_wconf 88' lang='lat' dir='ltr'>et</span> <span class='ocrx_word' id='word_1_680' title='bbox 1565 2704 1752 2755; x_wconf 85' lang='lat' dir='ltr'>perficere</span> <span class='ocrx_word' id='word_1_681' title='bbox 1778 2718 1818 2743; x_wconf 90' lang='lat' dir='ltr'>se</span> <span class='ocrx_word' id='word_1_682' title='bbox 1842 2717 1960 2757; x_wconf 91' lang='lat' dir='ltr'>posse</span> <span class='ocrx_word' id='word_1_683' title='bbox 1987 2704 2274 2755; x_wconf 84' lang='lat' dir='ltr'>gloriabantur.</span> <span class='ocrx_word' id='word_1_684' title='bbox 2299 2705 2364 2747; x_wconf 89' lang='lat' dir='ltr'>Vs.</span> <span class='ocrx_word' id='word_1_685' title='bbox 2393 2709 2470 2754; x_wconf 89' lang='grc'>464</span> <span class='ocrx_word' id='word_1_686' title='bbox 2497 2723 2572 2762; x_wconf 90' lang='lat' dir='ltr'>pro</span> 
     </span>
     <span class='ocr_line' id='line_1_98' title="bbox 1506 2764 2573 2819; baseline 0.007 -18"><span class='ocrx_word' id='word_1_687' title='bbox 1506 2765 1645 2815; x_wconf 84' lang='grc' dir='ltr'>ἀνέμων</span> <span class='ocrx_word' id='word_1_688' title='bbox 1666 2764 1770 2814; x_wconf 86' lang='grc' dir='ltr'>μένος</span> <span class='ocrx_word' id='word_1_689' title='bbox 1789 2765 1930 2804; x_wconf 87' lang='lat' dir='ltr'>Suidas</span> <span class='ocrx_word' id='word_1_690' title='bbox 1948 2765 2089 2804; x_wconf 87' lang='lat' dir='ltr'>vitiose</span> <span class='ocrx_word' id='word_1_691' title='bbox 2107 2764 2246 2815; x_wconf 82' lang='grc' dir='ltr'>ἀνέμων</span> <span class='ocrx_word' id='word_1_692' title='bbox 2265 2765 2344 2819; x_wconf 82' lang='grc' dir='ltr'>βίας</span> <span class='ocrx_word' id='word_1_693' title='bbox 2358 2768 2399 2806; x_wconf 90' lang='lat' dir='ltr'>in</span> <span class='ocrx_word' id='word_1_694' title='bbox 2417 2781 2490 2807; x_wconf 90' lang='lat' dir='ltr'>suo</span> <span class='ocrx_word' id='word_1_695' title='bbox 2506 2783 2573 2808; x_wconf 89' lang='lat' dir='ltr'>co-</span> 
     </span>
    </p>
   </div>
   <div class='ocr_carea' id='block_1_13' title="bbox 1506 2824 2583 2877">
    <p class='ocr_par' dir='ltr' id='par_1_18' title="bbox 1506 2824 2583 2877">
     <span class='ocr_line' id='line_1_99' title="bbox 1506 2824 2583 2877; baseline 0.006 -15"><span class='ocrx_word' id='word_1_696' title='bbox 1506 2824 1591 2863; x_wconf 91' lang='lat' dir='ltr'>dice</span> <span class='ocrx_word' id='word_1_697' title='bbox 1606 2824 1715 2875; x_wconf 86' lang='lat' dir='ltr'>legit.</span> <span class='ocrx_word' id='word_1_698' title='bbox 1736 2825 1816 2863; x_wconf 85' lang='lat' dir='ltr'>Pro</span> <span class='ocrx_word' id='word_1_699' title='bbox 1837 2825 1989 2877; x_wconf 86' lang='grc' dir='ltr'>ἄρουραν</span> <span class='ocrx_word' id='word_1_700' title='bbox 2009 2824 2155 2863; x_wconf 85' lang='lat' dir='ltr'>Laertii</span> <span class='ocrx_word' id='word_1_701' title='bbox 2172 2825 2274 2865; x_wconf 88' lang='lat' dir='ltr'>liber</span> <span class='ocrx_word' id='word_1_702' title='bbox 2289 2826 2583 2876; x_wconf 44' lang='lat' dir='ltr'>Vindobonenr</span> 
     </span>
    </p>
   </div>
   <div class='ocr_carea' id='block_1_14' title="bbox 1505 2884 2575 3414">
    <p class='ocr_par' dir='ltr' id='par_1_19' title="bbox 1505 2884 2575 3414">
     <span class='ocr_line' id='line_1_100' title="bbox 1506 2884 2575 2942; baseline 0.006 -20"><span class='ocrx_word' id='word_1_703' title='bbox 1506 2885 1558 2922; x_wconf 87' lang='lat' dir='ltr'>sis</span> <span class='ocrx_word' id='word_1_704' title='bbox 1583 2884 1732 2937; x_wconf 83' lang='grc' dir='ltr'>ἀρούρας</span> <span class='ocrx_word' id='word_1_705' title='bbox 1750 2884 1918 2936; x_wconf 83' lang='lat' dir='ltr'>praebet,</span> <span class='ocrx_word' id='word_1_706' title='bbox 1938 2885 2206 2938; x_wconf 85' lang='lat' dir='ltr'>superscripto</span> <span class='ocrx_word' id='word_1_707' title='bbox 2223 2894 2351 2926; x_wconf 90' lang='lat' dir='ltr'>tamen</span> <span class='ocrx_word' id='word_1_708' title='bbox 2369 2902 2405 2935; x_wconf 94' lang='grc' dir='ltr'>ν,</span> <span class='ocrx_word' id='word_1_709' title='bbox 2424 2897 2468 2928; x_wconf 91' lang='lat' dir='ltr'>ut</span> <span class='ocrx_word' id='word_1_710' title='bbox 2493 2901 2575 2942; x_wconf 80' lang='lat' dir='ltr'>ap-</span> 
     </span>
     <span class='ocr_line' id='line_1_101' title="bbox 1506 2942 2572 2998; baseline 0.008 -18"><span class='ocrx_word' id='word_1_711' title='bbox 1506 2951 1639 2994; x_wconf 87' lang='lat' dir='ltr'>pareat</span> <span class='ocrx_word' id='word_1_712' title='bbox 1667 2942 1875 2981; x_wconf 87' lang='lat' dir='ltr'>librarium</span> <span class='ocrx_word' id='word_1_713' title='bbox 1906 2942 2058 2998; x_wconf 81' lang='grc' dir='ltr'>ἄρουραν</span> <span class='ocrx_word' id='word_1_714' title='bbox 2083 2956 2244 2984; x_wconf 87' lang='lat' dir='ltr'>exarare</span> <span class='ocrx_word' id='word_1_715' title='bbox 2274 2943 2466 2990; x_wconf 84' lang='lat' dir='ltr'>voluiss&#39;e.</span> <span class='ocrx_word' id='word_1_716' title='bbox 2494 2948 2572 2988; x_wconf 88' lang='lat' dir='ltr'>Sed</span> 
     </span>
     <span class='ocr_line' id='line_1_102' title="bbox 1508 2999 2568 3054; baseline 0.008 -15"><span class='ocrx_word' id='word_1_717' title='bbox 1508 2999 1657 3054; x_wconf 77' lang='grc' dir='ltr'>ἀρούρας</span> <span class='ocrx_word' id='word_1_718' title='bbox 1698 3011 1914 3052; x_wconf 80' lang='lat' dir='ltr'>agnoscunt</span> <span class='ocrx_word' id='word_1_719' title='bbox 1959 3004 2077 3042; x_wconf 69' lang='lat' dir='ltr'>etiam</span> <span class='ocrx_word' id='word_1_720' title='bbox 2108 3004 2269 3044; x_wconf 87' lang='lat' dir='ltr'>Tzetzes</span> <span class='ocrx_word' id='word_1_721' title='bbox 2297 3015 2336 3045; x_wconf 91' lang='lat' dir='ltr'>et</span> <span class='ocrx_word' id='word_1_722' title='bbox 2373 3006 2568 3050; x_wconf 85' lang='lat' dir='ltr'>Clemens.</span> 
     </span>
     <span class='ocr_line' id='line_1_103' title="bbox 1507 3060 2572 3112; baseline 0.008 -13"><span class='ocrx_word' id='word_1_723' title='bbox 1507 3060 1726 3112; x_wconf 89' lang='lat' dir='ltr'>Utrumque</span> <span class='ocrx_word' id='word_1_724' title='bbox 1754 3070 1857 3100; x_wconf 89' lang='lat' dir='ltr'>recte</span> <span class='ocrx_word' id='word_1_725' title='bbox 1884 3060 1953 3101; x_wconf 81' lang='lat' dir='ltr'>hic</span> <span class='ocrx_word' id='word_1_726' title='bbox 1982 3063 2141 3105; x_wconf 87' lang='lat' dir='ltr'>dicitur.</span> <span class='ocrx_word' id='word_1_727' title='bbox 2158 3063 2226 3106; x_wconf 87' lang='lat' dir='ltr'>Vs.</span> <span class='ocrx_word' id='word_1_728' title='bbox 2257 3067 2333 3111; x_wconf 87' lang='grc'>466</span> <span class='ocrx_word' id='word_1_729' title='bbox 2366 3066 2492 3107; x_wconf 85' lang='lat' dir='ltr'>verba</span> <span class='ocrx_word' id='word_1_730' title='bbox 2509 3067 2572 3107; x_wconf 79' lang='grc' dir='ltr'>καὶ</span> 
     </span>
     <span class='ocr_line' id='line_1_104' title="bbox 1505 3121 2570 3178; baseline 0.006 -17"><span class='ocrx_word' id='word_1_731' title='bbox 1505 3121 1612 3169; x_wconf 80' lang='grc' dir='ltr'>πάλιν</span> <span class='ocrx_word' id='word_1_732' title='bbox 1640 3134 1663 3160; x_wconf 89' lang='lat' dir='ltr'>a</span> <span class='ocrx_word' id='word_1_733' title='bbox 1695 3135 1833 3161; x_wconf 88' lang='lat' dir='ltr'>versus</span> <span class='ocrx_word' id='word_1_734' title='bbox 1863 3123 2123 3163; x_wconf 84' lang='lat' dir='ltr'>continuitate</span> <span class='ocrx_word' id='word_1_735' title='bbox 2157 3124 2369 3176; x_wconf 84' lang='lat' dir='ltr'>sejungunt</span> <span class='ocrx_word' id='word_1_736' title='bbox 2402 3126 2570 3178; x_wconf 88' lang='lat' dir='ltr'>Suidas,</span> 
     </span>
     <span class='ocr_line' id='line_1_105' title="bbox 1505 3181 2569 3239; baseline 0.005 -18"><span class='ocrx_word' id='word_1_737' title='bbox 1505 3181 1686 3221; x_wconf 88' lang='lat' dir='ltr'>Clemens</span> <span class='ocrx_word' id='word_1_738' title='bbox 1702 3190 1740 3220; x_wconf 91' lang='lat' dir='ltr'>et</span> <span class='ocrx_word' id='word_1_739' title='bbox 1760 3181 1955 3231; x_wconf 85' lang='lat' dir='ltr'>Eudocia,</span> <span class='ocrx_word' id='word_1_740' title='bbox 1975 3197 2062 3222; x_wconf 91' lang='lat' dir='ltr'>cum</span> <span class='ocrx_word' id='word_1_741' title='bbox 2092 3185 2245 3236; x_wconf 90' lang='lat' dir='ltr'>reliqua</span> <span class='ocrx_word' id='word_1_742' title='bbox 2269 3198 2410 3224; x_wconf 87' lang='lat' dir='ltr'>versus</span> <span class='ocrx_word' id='word_1_743' title='bbox 2435 3195 2569 3239; x_wconf 80' lang='lat' dir='ltr'>parte,</span> 
     </span>
     <span class='ocr_line' id='line_1_106' title="bbox 1506 3241 2572 3297; baseline 0.005 -18"><span class='ocrx_word' id='word_1_744' title='bbox 1506 3241 1835 3293; x_wconf 89' lang='lat' dir='ltr'>quemadmodum</span> <span class='ocrx_word' id='word_1_745' title='bbox 1864 3242 1949 3280; x_wconf 88' lang='lat' dir='ltr'>fieri</span> <span class='ocrx_word' id='word_1_746' title='bbox 1978 3251 2152 3295; x_wconf 86' lang='lat' dir='ltr'>oportet,</span> <span class='ocrx_word' id='word_1_747' title='bbox 2179 3243 2353 3295; x_wconf 85' lang='lat' dir='ltr'>jungunt</span> <span class='ocrx_word' id='word_1_748' title='bbox 2379 3245 2572 3297; x_wconf 84' lang='lat' dir='ltr'>Diogenes</span> 
     </span>
     <span class='ocr_line' id='line_1_107' title="bbox 1505 3295 2570 3355; baseline 0.005 -15"><span class='ocrx_word' id='word_1_749' title='bbox 1505 3310 1542 3340; x_wconf 91' lang='lat' dir='ltr'>et</span> <span class='ocrx_word' id='word_1_750' title='bbox 1570 3301 1746 3341; x_wconf 76' lang='lat' dir='ltr'>T-zetzes.</span> <span class='ocrx_word' id='word_1_751' title='bbox 1769 3301 1923 3340; x_wconf 92' lang='lat' dir='ltr'>Deinde</span> <span class='ocrx_word' id='word_1_752' title='bbox 1950 3295 2020 3340; x_wconf 68' lang='grc' dir='ltr'>εὖτ’</span> <span class='ocrx_word' id='word_1_753' title='bbox 2051 3304 2155 3355; x_wconf 92' lang='lat' dir='ltr'>apud</span> <span class='ocrx_word' id='word_1_754' title='bbox 2183 3317 2305 3342; x_wconf 88' lang='lat' dir='ltr'>unum</span> <span class='ocrx_word' id='word_1_755' title='bbox 2332 3304 2570 3345; x_wconf 88' lang='lat' dir='ltr'>Clementem</span> 
     </span>
     <span class='ocr_line' id='line_1_108' title="bbox 1505 3360 2568 3414; baseline 0.006 -16"><span class='ocrx_word' id='word_1_756' title='bbox 1505 3369 1630 3399; x_wconf 79' lang='lat' dir='ltr'>exstat</span> <span class='ocrx_word' id='word_1_757' title='bbox 1645 3360 1752 3413; x_wconf 89' lang='lat' dir='ltr'>quod</span> <span class='ocrx_word' id='word_1_758' title='bbox 1778 3361 1914 3412; x_wconf 89' lang='lat' dir='ltr'>utique</span> <span class='ocrx_word' id='word_1_759' title='bbox 1934 3363 2232 3414; x_wconf 83' lang='lat' dir='ltr'>praeoptandum</span> <span class='ocrx_word' id='word_1_760' title='bbox 2260 3372 2321 3403; x_wconf 89' lang='lat' dir='ltr'>est</span> <span class='ocrx_word' id='word_1_761' title='bbox 2348 3373 2568 3404; x_wconf 84' lang='lat' dir='ltr'>ceterorum</span> 
     </span>
    </p>
   </div>
   <div class='ocr_carea' id='block_1_15' title="bbox 1504 3419 2612 3536">
    <p class='ocr_par' dir='ltr' id='par_1_20' title="bbox 1504 3419 2612 3536">
     <span class='ocr_line' id='line_1_109' title="bbox 1506 3419 2612 3472; baseline 0.005 -14"><span class='ocrx_word' id='word_1_762' title='bbox 1506 3420 1664 3459; x_wconf 80' lang='lat' dir='ltr'>lectioni</span> <span class='ocrx_word' id='word_1_763' title='bbox 1682 3419 1724 3468; x_wconf 86' lang='grc' dir='ltr'>ἤν</span> <span class='ocrx_word' id='word_1_764' title='bbox 1740 3419 1785 3461; x_wconf 85' lang='grc' dir='ltr'>κ’.</span> <span class='ocrx_word' id='word_1_765' title='bbox 1801 3419 2064 3472; x_wconf 77' lang='lat' dir='ltr'>SubJungitur</span> <span class='ocrx_word' id='word_1_766' title='bbox 2083 3422 2272 3462; x_wconf 84' lang='grc' dir='ltr'>παλίντιτα</span> <span class='ocrx_word' id='word_1_767' title='bbox 2291 3424 2334 3462; x_wconf 86' lang='lat' dir='ltr'>in</span> <span class='ocrx_word' id='word_1_768' title='bbox 2360 3423 2506 3463; x_wconf 75' lang='lat' dir='ltr'>Laertii</span> <span class='ocrx_word' id='word_1_769' title='bbox 2532 3433 2572 3464; x_wconf 88' lang='lat' dir='ltr'>et</span> <span class='ocrx_word' id='word_1_770' title='bbox 2610 3455 2612 3457; x_wconf 93' lang='lat'>-</span> 
     </span>
     <span class='ocr_line' id='line_1_110' title="bbox 1504 3479 2612 3536; baseline 0.005 -18"><span class='ocrx_word' id='word_1_771' title='bbox 1504 3479 1655 3518; x_wconf 81' lang='lat' dir='ltr'>Tzetzae</span> <span class='ocrx_word' id='word_1_772' title='bbox 1682 3480 1817 3528; x_wconf 82' lang='lat' dir='ltr'>libris,</span> <span class='ocrx_word' id='word_1_773' title='bbox 1842 3494 2077 3534; x_wconf 89' lang='lat' dir='ltr'>quamquam</span> <span class='ocrx_word' id='word_1_774' title='bbox 2109 3483 2300 3522; x_wconf 89' lang='lat' dir='ltr'>nonnulla</span> <span class='ocrx_word' id='word_1_775' title='bbox 2331 3484 2573 3536; x_wconf 87' lang='lat' dir='ltr'>exemplaria</span> <span class='ocrx_word' id='word_1_776' title='bbox 2604 3516 2612 3531; x_wconf 48' lang='lat'><em>4</em></span> 
     </span>
    </p>
   </div>
  </div>
 </body>
</html>
