2612 3814
284 300 358 335 136

363 380 447 421 Οὐδ’
472 357 688 431 ἆμαμαξύας
707 373 820 436 φέρει.

420 459 561 509 (Etym.
580 457 632 493 M.
650 451 774 505 77,8.)

700 528 930 562 ΔΕΥΤΕΡΟΣ.

370 599 444 638 Τοῦ
460 595 672 637 Ποτειδᾶνος
695 591 732 631 δὲ
746 590 902 644 χρηστὸν
923 588 996 628 υἱὸν
1016 587 1265 638 ἱππόκαμπον.

427 666 652 717 (Herodian.
674 662 754 714 περὶ
773 660 943 713 μονήρους
961 658 1085 704 λέξεως
1111 672 1172 706 10,
1195 671 1260 707 29.
1283 672 1348 695 πο-

375 721 874 772 σειδάνος-ἱππόκαμπτον.)

724 795 933 828 ΔΙΟΝΥΣΟῘ.

376 865 499 918 Χύτρα
522 863 558 902 δὲ
582 862 715 916 φακέας
737 860 862 913 ἥψετο.

430 942 582 993 (Athen.
608 941 674 985 IV,
701 937 775 975 158
796 937 838 983 C,
854 934 1066 974 Herodian.
1086 932 1167 986 περὶ
1186 932 1358 986 μονήρους

373 1000 498 1046 λέξεως
515 996 639 1049 6‚22.)

620 1073 751 1105 ΕΛΠΙΣ
771 1072 801 1104 H
825 1071 1037 1104 ΠΑΟΥΪΟΣ.

299 1158 334 1184 25
389 1141 482 1180 Ἀλλ’
503 1139 608 1182 ἄλλος
622 1137 672 1176 ὅδ’
693 1136 816 1190 ἔσταχ’
837 1131 906 1175 ὧδε
930 1137 1029 1175 τοῦδε
1051 1134 1144 1176 κατὰ
1164 1134 1290 1187 πόδας,

379 1202 438 1239 τὸν
457 1199 584 1254 ῥᾳδίως
598 1199 696 1252 λαψῇ
716 1213 776 1246 τυ,
796 1195 913 1235 καίτοι
936 1199 995 1234 νῦν
1019 1212 1065 1248 γα
1080 1195 1141 1244 Οὴν

382 1260 540 1308 εὕολὸον,
557 1258 722 1297 ἀείσιτον·
742 1258 820 1296 ἀλλ’
842 1255 961 1307 ἔμπας
975 1257 1032 1294 ὅδε

383 1322 535 1373 ἄμυστιν
558 1317 679 1370 ὥσπερ
698 1317 826 1356 κύλικα
845 1314 937 1354 πίνει
957 1315 1015 1354 τὸν
1038 1315 1128 1368 βίον.

439 1398 593 1447 (Athen.
619 1397 683 1441 VI,
717 1386 792 1432 2⁰35
825 1396 869 1434 F.
897 1392 1365 1446 ἕστηχ’-ῥαδινῶς-εὔω.

384 1472 440 1495 νον
463 1456 570 1506 quod
586 1457 626 1491 in
643 1452 786 1493 εύολὸον
807 1455 989 1504 mutavi.)

387 1530 609 1573 Συνδειπνέω
629 1533 680 1583 τῷ
702 1531 822 1579 λῶντι,
838 1529 991 1570 καλέσαι
1011 1531 1061 1568 δεῖ
1084 1529 1201 1580 μόνον,

308 1608 344 1635 3ο
398 1592 460 1632 καὶ
476 1594 526 1644 τῷ
539 1605 585 1641 γα
604 1589 693 1641 μηδὲ
715 1592 840 1641 λῶντι,
856 1590 887 1628 κ’
901 1590 999 1629 οὐδὲν
1022 1591 1076 1628 δεῖ
1094 1590 1230 1628 καλεῖν.

390 1651 486 1700 τηνεὶ
508 1650 543 1688 δὲ
563 1649 701 1702 χαρίεις
719 1651 751 1688 τ’
766 1650 840 1701 εἰμὶ
860 1649 920 1688 καὶ
937 1649 1046 1688 ποιέω
1059 1649 1169 1689 πολὺν

391 1714 530 1765 γέλωτα
550 1709 611 1748 καὶ
629 1710 688 1748 τὸν
705 1712 858 1750 ἱστιῶντ’
878 1709 1045 1750 ἐπαινέω.

391 1771 501 1811 καῖκα
517 1785 568 1814 τις
585 1769 702 1808 ἀντίον
722 1785 756 1808 τι
780 1771 826 1823 λῇ
846 1770 993 1823 μεγάλῳ
1007 1769 1102 1822 λέγει

392 1831 493 1884 αἴνῳ,
510 1828 709 1880 κυδαζόμαι
727 1846 766 1868 τε
785 1829 1097 1880 κήπιπλησσόμαι.

311 1906 346 1932 35
391 1891 545 1939 κῆπειτα
561 1887 677 1928 πολλὰ
693 1888 927 1942 καταφαγών,
946 1889 1048 1942 πόλλ’
1069 1888 1205 1942 ἐμπιὼν

394 1952 464 1989 ἄπε
484 1965 538 2001 μι.
566 1949 695 2001 λύχνον
717 1947 746 1987 δ’
765 1949 832 2002 οὐχ
851 1952 969 1993 ὀπαῖς
991 1965 1051 1999 μοι
1072 1950 1262 2004 συμφέρει·

395 2010 494 2063 ἕρπω
518 2012 547 2049 δ’
569 2009 787 2061 ὀλισθράζων
807 2023 846 2046 τε
863 2008 925 2047 καὶ
945 2008 1039 2047 κατὰ
1060 2008 1183 2054 σκότος

396 2072 538 2122 ἐρῆμος.
571 2067 667 2108 Αἴκα
688 2067 719 2106 δ’
747 2066 884 2120 ἐντύχω
899 2068 970 2111 τοῖς
989 2068 1191 2120 περιπόλοις
1204 2098 1215 2116 ,

395 2129 530 2173 τούτοις
544 2128 675 2181 ἀγαθὸν
694 2126 847 2179 ἐπιλέγω
873 2133 944 2171 τοῖς
958 2134 1102 2172 σκοποῖς
1123 2128 1240 2178 λόγον.

343 2205 379 2230 40
400 2190 438 2227 οὗ
458 2190 564 2228 λῶντι
584 2187 716 2236 παίειν,
744 2186 835 2226 ἀλλὰ
853 2187 1073 2239 μαστιγῶντί
1090 2204 1148 2240 με.

398 2248 475 2288 ἐπεὶ
495 2247 532 2286 δέ
550 2248 586 2300 χ’
603 2246 686 2286 εἵκω
711 2246 843 2291 οἴκαδις
862 2247 1110 2300 καταφθαρείς,
1154 2286 1158 2291 ,

319 2380 367 2412 Ne
381 2380 464 2411 vites
484 2377 616 2418 quidem
631 2377 816 2409 arbustivas
835 2377 909 2410 sert.

738 2452 974 2494 SECUNDUS}
998 2504 1001 2508 r

322 2532 461 2574 Neptuni
477 2540 555 2565 vero
571 2532 696 2564 bonum
712 2531 814 2564 filium
835 2532 1100 2574 hippocampum.

773 2616 940 2649 ssAccffl.

328 2669 403 2719 olla
425 2685 526 2717 lentes
543 2683 716 2725 coquebat.

641 2763 738 2794 SPES
761 2763 857 2796 SIVE
881 2765 1072 2797 DlVlTlAE.

330 2832 392 2865 Sed
407 2832 487 2865 alter
497 2832 559 2865 iste
573 2831 650 2864 huic
666 2832 719 2864 liic
733 2832 881 2873 proxime
894 2834 970 2873 stat,
1030 2844 1032 2846 ’

331 2901 428 2932 quem
446 2892 539 2925 facile
556 2892 676 2933 capies,
695 2892 845 2933 quamvis
868 2902 957 2925 nunc
972 2902 1047 2927 sane

332 2954 473 2992 felicem,
493 2951 683 2994 quotidiano
699 2946 785 2984 victu
802 2951 963 2986 fruentem
983 2965 991 2985 :
1011 2962 1126 2986 verum
1142 2954 1274 2987 omuino
1287 2956 1350 2989 iste

333 3011 571 3044 incontinenter
583 3011 738 3051 tanquam
757 3011 910 3052 poculum
928 3011 1036 3044 haurit
1055 3013 1166 3046 vitam.
1192 3032 1232 3040 —

334 3071 436 3104 Coeno
451 3079 527 3103 cum
538 3070 682 3110 volente,
700 3079 784 3112 opus
799 3071 850 3103 est
865 3071 996 3104 tantum
1017 3072 1227 3114 invitatione;
1287 3094 1289 3096 -

335 3138 428 3162 coeno
437 3130 535 3162 etiam
547 3138 622 3162 cum
630 3129 772 3171 nolente,
785 3130 842 3171 qui
851 3139 909 3170 ,me
920 3130 1055 3164 invitare
1064 3140 1194 3165 necesse
1205 3141 1268 3166 non
1286 3133 1395 3167 habet.

335 3188 384 3221 lbi
403 3188 539 3222 festivus
554 3198 627 3221 sum
644 3188 852 3229 multumque
869 3189 968 3221 risum

338 3255 453 3280 moveo
468 3250 500 3280 et
519 3249 763 3280 convivatorem
778 3248 888 3281 laudo.

338 3310 386 3339 Ae
398 3307 425 3339 sl
443 3307 515 3348 quis
530 3307 611 3340 forte
624 3307 844 3340 contradicere
853 3306 980 3348 magnis
997 3306 1076 3339 velit
1113 3296 1116 3300 ¹

339 3367 499 3408 laudibus,
525 3368 679 3400 conviciis
696 3368 841 3401 incessor
861 3369 897 3401 et
911 3368 1074 3409 obiurgor.

340 3427 462 3459 Deinde
483 3426 567 3460 bene
583 3429 728 3460 coenatus
743 3429 775 3460 et
788 3428 869 3460 bene
880 3430 976 3469 potus

340 3483 480 3517 discedo.
494 3486 608 3526 Neque
623 3494 700 3518 vero
710 3486 875 3518 incernam
893 3486 972 3519 milii
988 3486 1120 3528 praefert
1129 3495 1210 3529 puer
1227 3489 1399 3530 comitans,

341 3540 398 3572 sed
414 3550 490 3584 repo
507 3542 617 3576 labens
632 3551 688 3584 per
702 3544 849 3578 tenebras

1227 273 1517 318 EPICHARMI

1489 365 1670 417 ἄστρωτος
1685 361 1794 411 εὕδω,
1813 361 1876 401 καὶ
1893 360 1940 400 τὰ
1951 359 2015 412 μὲν
2039 360 2150 414 πρῶτ’
2172 358 2212 398 οὗ
2233 360 2319 410 κοῶ,

1466 462 1469 465 ι
1489 419 1530 469 ἇς
1553 423 1598 462 κοί
1615 425 1652 475 μ’
1671 422 1823 476 ἄκρατος
1839 414 1930 465 οἶνος
1946 420 2094 474 ἀμφέπη
2112 418 2252 473 φρένας.

1547 500 1701 549 (Athen.
1729 499 1757 537 l.
1785 511 1820 536 e.
1844 499 1924 535 Vss.
1965 496 2090 540 33-34
2121 495 2166 548 λῇ
2187 492 2334 547 μεγάλῳ
2354 493 2469 545 λέγειν

1484 558 1590 612 αἴνῳ,
1613 555 1810 607 κυδαζόμαι
1842 571 1881 594 τε
1912 553 2212 606 κήπιπλησσόμαι
2240 554 2376 604 scripsi
2403 565 2476 604 pro

1496 620 1675 655 codicum
1697 617 1864 654 lectione
1883 616 1928 668 λῇ
1949 614 2045 666 τήνῳ
2071 612 2199 665 λέγειν,
2216 612 2311 666 τήνῳ
2326 612 2479 657 κυδάζο-

1498 677 1564 726 μαί
1589 693 1628 715 τε
1653 673 1958 726 κάπωνηχθόμαν.
1985 676 2066 713 Vss.
2097 674 2221 723 39-40
2242 670 2395 723 ἐπιλέγω
2410 671 2482 714 τοῖς

1500 737 1644 780 σκοποῖς
1665 734 1780 788 λόγον.
1810 735 1866 773 Οὔ
1885 734 1992 772 λῶντι
2010 731 2129 771 παίειν
2149 734 2275 783 posui,
2295 743 2428 781 quum·
2441 731 2483 767 in

1500 797 1735 834 membranis
1759 796 1807 831 sit
1835 791 1988 843 ἐπιλέγω
2020 796 2091 835 τοῖς
2110 795 2211 839 θεοῖς,
2229 790 2283 830 ὅτι
2303 791 2342 830 οὗ
2371 790 2480 828 λῶντι

1500 858 1628 895 παίων.
1648 856 1859 893 Parasitum
1871 854 1935 890 hic
1951 854 2175 903 loquentem
2194 853 2285 889 facit
2300 851 2486 901 Epichar-

1501 917 1613 967 mus.)

1495 992 1678 1031 ’Ἒκάλεσε
1695 989 1762 1044 γὰρ
1776 987 1817 1027 τύ
1836 1004 1889 1032 τις
1904 988 1959 1028 ἐπ’
1979 987 2099 1027 ἄῖκλον
2123 985 2221 1047 [οὐχ]
2247 984 2352 1035 ἑκών,

1450 1066 1485 1093 45
1508 1051 1548 1090 τὺ
1570 1052 1599 1090 δ’
1619 1045 1663 1089 αῧ
1687 1049 1776 1088 ἑκὼν
1795 1048 1890 1102 ᾤχεο
1904 1047 2063 1102 τράχων.

1562 1133 1716 1187 (Athen.
1753 1135 1821 1180 IV,
1863 1131 1937 1182 139
1968 1132 2009 1168 B.
2041 1129 2110 1182 γάρ
2140 1127 2317 1180 τοι-οιῖρχ
2338 1127 2490 1166 addidit

1509 1195 1718 1233 Ahrensius
1738 1194 1806 1243 qui
1826 1193 1941 1230 etiam
1958 1185 2003 1229 αὖ
2019 1190 2207 1242 inseruit.)

1499 1269 1557 1309 τὸν
1574 1272 1634 1308 τοῧ
1648 1268 1803 1320 γείτονος
1822 1265 1960 1307 καλιόν.

1564 1347 1672 1400 (Poll.
1692 1347 1742 1394 X,
1764 1344 1870 1396 151.)

1512 1426 1599 1467 Οὕτ’
1622 1419 1669 1465 ῶν
1686 1426 1868 1479 Πάλαιρος
1887 1424 1966 1463 οὔτε
1984 1425 2149 1463 Βοιωτῶν
2168 1422 2286 1474 νομοί.

1569 1504 1825 1558 (Herodianus
1841 1502 1922 1555 περὶ
1937 1500 2110 1554 μονήρους
2124 1499 2251 1545 λέξεως
2266 1514 2326 1546 21,
2354 1499 2416 1538 13.
2433 1497 2494 1538 οὔ-

1513 1565 1819 1615 τουν-βοιαυτοῧ
1841 1575 1926 1612 quae
1947 1562 2112 1608 correxi,
2131 1561 2284 1610 adjecto
2305 1561 2419 1598 simul
2438 1572 2498 1598 νο-

1517 1624 1608 1675 μοί.)

1827 1699 1938 1730 tnm:
1959 1697 2112 1730 ΓΔΜΟΣ.
2159 1710 2163 1713 -
2215 1683 2223 1714 .·

1906 1768 2005 1822 Ἀγει
2025 1768 2061 1808 δὲ
2079 1767 2293 1808 παντοδαπὰ
2310 1767 2502 1821 κογχύλια,

1517 1832 1675 1876 λεπάδας
1690 1829 1878 1882 ἀσπέτους,
1900 1828 2113 1883 κραὸύζους,
2134 1827 2363 1879 κηκιὸοίλους,
2375 1828 2504 1876 τήθυα,

1465 1908 1500 1933 50
1520 1892 1657 1944 κτένια,
1671 1890 1856 1945 βαλάνους,
1866 1888 2063 1943 πορφύρας,
2080 1889 2224 1944 ὄστρεια
2233 1887 2506 1941 συμμεμυκότα,

1511 1953 1556 1992 τὰ
1569 1953 1693 1991 διελεῖν
1710 1950 1774 2003 μέν
1789 1949 2032 2003 ἐστιχαλεπά,
2052 1955 2273 2003 καταφαγεῖν
2291 1949 2321 1988 δ’
2333 1946 2506 2001 ἐῦμαρέα,

1526 2013 1630 2064 μύας,
1645 2010 1815 2064 ἀναρίτας
1833 2025 1886 2058 τε,
1905 2009 2062 2063 καρύκας
2081 2024 2120 2048 τε
2137 2009 2199 2048 καὶ
2224 2007 2431 2064 σκιφύδρια,

1521 2072 1567 2110 τὰ
1581 2069 1714 2123 γλυκέα
1729 2069 1793 2122 μὲν
1810 2070 1878 2109 ἔντ’
1903 2069 2077 2118 ἐπέσθειν,
2097 2071 2312 2122 ἐμπαγῆμεν
2333 2070 2363 2108 δ’
2377 2067 2471 2115 ὀξέα,

1523 2133 1602 2176 τούς
1615 2126 1662 2170 τε
1676 2129 1985 2185 μακρογογγύλους
2005 2129 2182 2176 σωλήνας·
2207 2131 2231 2169 ἁ
2248 2127 2399 2180 μέλαινά
2418 2143 2456 2167 τε

1469 2206 1504 2230 55
1527 2190 1678 2243 κόγχος,
1701 2190 1792 2242 ἅπερ
1817 2188 2054 2242 κογχοθήραις
2067 2189 2176 2227 πᾶσίν
2198 2190 2292 2229 ἐστιν
2313 2188 2402 2228 ὠνία
2457 2200 2461 2206 “

1525 2250 1670 2303 θατέραι
1686 2249 1723 2288 δὲ
1737 2248 1837 2301 γαΐαι
1855 2249 1981 2301 κόγχοι
2001 2263 2039 2286 τε
2052 2247 2285 2299 κάμαθίτιδες

1446 2381 1545 2414 solus.
1566 2379 1692 2419 Quodsi
1710 2379 1793 2412 sorte
1812 2370 1919 2411 incido
1941 2378 1974 2410 in
1991 2377 2212 2432 excubitores,

1446 2440 1500 2473 his
1515 2439 1774 2481 speculatoribus
1788 2438 1906 2470 bonam
1928 2437 2004 2471 sacti
2018 2438 2178 2471 rationem
2197 2438 2311 2471 affero.

1402 2504 1405 2507 “
1448 2500 1570 2533 Nolunt
1586 2508 1640 2531 me
1661 2498 1846 2538 verberare,
1858 2498 1915 2530 sed
1933 2497 2108 2539 flagellant.

1450 2560 1626 2600 Postquam
1641 2566 1719 2590 vero
1741 2557 1876 2589 domum
1890 2557 1963 2590 veni
1974 2559 2130 2598 vexatus,

1450 2618 1519 2650 sine
1538 2617 1692 2658 stragulis
1709 2616 1848 2657 dormio,
1865 2625 1904 2648 ac
1925 2616 2068 2658 primum
2079 2614 2212 2657 quidem
2225 2614 2259 2647 id
2278 2623 2344 2648 non
2357 2614 2475 2656 sentio,

1454 2676 1612 2717 quamdiu
1629 2685 1755 2709 merum
1777 2676 1896 2708 mentis
1907 2675 1976 2708 vim
1991 2683 2180 2718 oppressam
2194 2675 2293 2707 tenet.
2310 2695 2348 2702 —

1453 2738 1593 2770 vocavit
1609 2738 1697 2770 enim
1714 2740 1746 2771 te
1759 2737 1875 2778 aliquis
1889 2736 1930 2768 ad
1952 2744 2079 2769 coenam
2095 2735 2229 2777 invitus,

1456 2800 1491 2828 tu
1514 2806 1591 2829 vero
1607 2797 1717 2829 volens
1737 2796 1917 2829 accurristi.
1935 2813 1977 2819 —-

1457 2856 1563 2888 Vicini
1584 2855 1831 2888 domunculam.

1457 2916 1559 2956 Igitur
1571 2924 1676 2956 neque
1695 2916 1837 2948 Palaerus
1854 2923 1961 2956 neque
1980 2914 2168 2948 Boeotorum
2181 2912 2286 2946 sedes.

1751 2991 2014 3025 JUVENTUTlS
2036 2991 2219 3023 NUPTIAE.

1751 3071 1853 3104 Aisert
1868 3072 1977 3103 autem
1992 3070 2083 3103 varia
2101 3070 2287 3111 conchylia,

1460 3131 1589 3173 lepades
1602 3131 1757 3172 ingentes,
1766 3121 1941 3172 *crabyzoffi
1956 3130 2124 3171 cecibalos,
2149 3131 2286 3168 ostreas,

1461 3191 1683 3234 pectunculos,
1702 3191 1846 3231 balanos,
1865 3199 2037 3233 purpuras,
2051 3190 2191 3224 conchas
2207 3190 2350 3231 clausas,

1461 3261 1543 3293 quas
1562 3251 1705 3284 dividere
1720 3251 1851 3284 difficile
1870 3253 1933 3291 est,
1953 3250 2047 3284 facile
2062 3251 2245 3291 comedere,

1462 3311 1606 3353 mytilus,
1623 3310 1784 3352 cochleas,
1806 3308 2006 3352 buccinaque
2024 3312 2057 3344 et
2072 3310 2269 3352 sciphydria,

1462 3379 1536 3411 quae
1556 3370 1666 3403 dulcia
1677 3371 1767 3410 sunt,
1788 3369 1817 3403 si
1843 3371 1915 3412 post.
1939 3370 2002 3403 alia
2026 3371 2248 3411 comedantur,
2265 3369 2371 3406 bieme
2390 3377 2469 3415 vero
2481 3368 2522 3402 nd

1463 3439 1502 3462 ac
1516 3431 1633 3463 teretes
1645 3439 1790 3472 ungues;
1806 3433 1838 3462 et
1856 3429 1947 3471 nigra
2041 3428 2344 3472 [congelascendum
2356 3431 2520 3472 prompta,
2554 3474 2557 3476 Ι

1462 3489 1597 3531 concha,
1613 3498 1686 3532 quae
1702 3489 1860 3524 concliitis
1872 3489 2026 3522 omnibus
2043 3489 2194 3531 parabilis
2209 3490 2276 3530 est,
2445 3497 2448 3500 ·

1463 3548 1602 3590 aliaeque
1615 3550 1783 3582 terrestres
1795 3548 1929 3581 conchae
1953 3549 1986 3581 ct
2002 3548 2113 3582 litorea
2129 3557 2225 3582 arena
2244 3547 2438 3589 gaudentes,
