2612 3814
665 261 720 299 ΙΝ
753 260 1086 301 EMPEDOCLIS
1118 260 1413 301 CARMINUM
1445 262 1749 311 RELIQUlAS.
2257 274 2306 308 63

125 351 256 392 Reisk.
283 365 292 390 :
320 350 382 390 καὶ
409 349 468 389 τὸν
500 348 575 388 θεὸν
593 351 675 402 ὁρᾷς
694 351 732 388 οὗ
755 352 942 402 πανταχοῦ
961 348 1002 389 τὸ
1024 352 1094 403 πῦρ
1115 349 1188 389 ἄνω

124 411 299 451 τάττοντα
320 409 381 449 καὶ
400 407 499 448 κάτω
516 407 580 456 τὴν
597 411 680 462 γῆν,
700 408 781 448 ἀλλ’
798 411 845 454 ὡς
866 409 908 448 ἂν
927 411 963 448 αἱ
983 415 1102 462 χρεῖαι
1117 412 1186 448 τῶν

125 470 302 522 σωμάτων
333 471 526 509 ἀπαιτῶσι.
555 471 659 507 τοῦτο
680 467 744 521 μὲν
763 469 797 507 ἐν
824 467 990 522 κόγχαισι
1010 470 1187 508 θαλασσο-

124 530 242 583 νόμοις
272 528 506 584 βαρυνώτοις,
526 527 585 566 ναὶ
607 527 679 580 μὴν
712 527 877 580 κηρύκων
909 545 947 567 τε
982 528 1184 584 λιθορρίνων

121 589 259 643 χελύων
276 605 314 628 τε
328 619 338 638 ,
362 587 466 642 φησὶν
487 590 506 627 ὁ
524 587 772 639 Ἐμπεδοκλῆς
786 618 796 636 ,
821 587 890 628 ἔνθ’
910 588 988 642 ὄψει
1008 590 1103 636 κτλ.,
1120 590 1187 641 οὐχ

122 650 166 698 ἣν
185 651 207 697 ἡ
228 647 329 703 φύσις
359 648 479 686 δίδωσι
508 647 645 702 χώραν,
679 649 758 686 ἀλλ’
778 647 822 696 ἣν
842 651 864 696 ἡ
882 648 969 702 πρὸς
998 647 1038 687 τὸ
1069 648 1187 688 καινὸν

124 709 223 763 ἔργον
259 711 358 758 ποθεῖ
389 708 567 758 σύνταξις,
607 708 741 757 ταύτην
779 709 945 762 ἔχουσαν.
974 710 1084 748 Duos
1115 723 1187 761 po-

124 771 311 810 steriores
332 770 425 808 citat
441 769 546 808 idem
566 769 615 808 de
634 769 721 810 Fac.
747 769 835 808 orb.
855 769 957 809 Lun.
979 783 1070 822 pag.
1093 783 1186 821 927,

121 830 204 868 vol.
218 828 272 868 lx
290 843 331 882 p.
353 831 429 878 667
447 829 509 869 ed.
528 829 657 868 Reisk.
676 844 684 867 :
705 827 854 868 οὐδὲτοῦ
866 828 972 882 πυρὸς
987 828 1027 868 τὸ
1037 829 1101 879 μὲν
1115 828 1189 866 ἄνω

122 888 205 942 περὶ
222 888 268 927 τὰ
288 888 433 939 ὄμματα
453 888 667 928 ἀποστίλὸον
684 889 777 928 κατὰ
799 889 901 941 φύσιν
932 888 1008 927 ἐστί
1018 918 1029 937 ,
1048 888 1088 927 τὸ
1106 888 1135 926 δ’
1153 889 1188 926 ἐν

122 947 240 1001 κοιλίᾳ
260 947 321 987 καὶ
342 948 471 1002 καρδίᾳ
490 947 590 1002 παρὰ
617 947 735 999 φύσιν,
753 947 846 987 ἀλλὰ
876 946 1023 987 ἕκαστον
1053 947 1189 992 οἰκείως

122 1007 183 1046 καὶ
196 1007 382 1061 χρησίμως
391 1007 569 1047 τέτακται·
584 1007 642 1046 ναὶ
658 1006 728 1058 μὴν
749 1007 912 1060 κηρύκων
929 1023 966 1046 τε
982 1006 1186 1061 λιθορῥίνων

123 1068 260 1120 χελύων
282 1083 320 1106 τε
340 1068 400 1107 καὶ
416 1067 547 1112 παντὸς
563 1066 707 1120 ὀστρέου
724 1067 840 1121 φύσιν,
861 1067 907 1111 ὥς
926 1083 1032 1119 φησιν
1049 1067 1188 1117 Ἐμπε-

123 1127 251 1174 δοκλῆς
277 1126 576 1177 καταμανθάνων,
607 1125 675 1165 ἔνθ’
703 1126 781 1180 ὄψει
807 1127 886 1166 κτλ.
910 1128 971 1166 Ex
992 1126 1056 1166 his
1090 1126 1187 1166 Plu-

124 1188 250 1226 tarchi
275 1186 412 1225 verbis
446 1186 624 1237 sequitur
653 1187 844 1225 elementa
871 1187 914 1225 in
951 1186 1188 1239 corporibus

123 1260 205 1286 non
235 1259 390 1298 semper
420 1259 533 1284 suum
555 1246 855 1298 propriumque,
875 1246 1004 1284 locum
1031 1255 1186 1298 tenere,

122 1307 235 1345 velut
253 1306 385 1356 ignem
413 1306 640 1357 superiores
669 1314 821 1358 partes,
852 1314 995 1344 terram
1024 1306 1187 1345 inferio-

121 1379 206 1414 res,
227 1365 295 1404 sed
315 1365 370 1403 ita
387 1378 472 1404 esse
489 1365 681 1417 disposita
712 1366 770 1404 uti
792 1364 985 1418 cujusque
1009 1366 1187 1418 corporis

120 1438 216 1465 usus
235 1425 420 1478 postulet.
451 1425 553 1464 Huic
586 1435 785 1478 praecepto
815 1426 1067 1464 consentanei
1097 1435 1188 1465 sunt

123 1493 202 1525 tres
237 1484 383 1537 quibus
417 1485 542 1524 utitur
572 1485 821 1538 Empedoclis
847 1485 1050 1525 versiculi.
1085 1485 1187 1524 Ante

121 1543 247 1583 verba
274 1543 343 1584 ἔνθ’
375 1544 454 1597 ὄψει
488 1545 567 1584 κτλ.
602 1545 736 1584 nescio
772 1545 869 1597 quid
907 1545 1102 1584 excidisse
1133 1546 1187 1584 ait

122 1602 304 1654 Reiskius
325 1604 367 1642 in
387 1603 593 1642 Plutarchi
612 1606 748 1657 Symp.
771 1605 797 1643 l.
820 1619 852 1643 c.
879 1604 995 1651 Quod
1028 1604 1187 1644 Karste-

122 1655 217 1702 nius'
231 1664 328 1702 dicit
346 1663 600 1702 Plutarchum
619 1664 743 1703 altero
763 1666 850 1703 loco
867 1663 1047 1704 lacunam
1073 1664 1186 1716 quasi

121 1722 279 1773 explere
312 1721 447 1761 verbis
467 1722 528 1761 καὶ
549 1723 679 1767 παντὸς
701 1723 846 1776 ὀστρέου
873 1722 975 1776 φύσιν
995 1739 1187 1774 καταμαν-

121 1780 252 1832 θάνων,
269 1780 311 1818 id
332 1781 430 1819 mihi
449 1795 528 1820 non
546 1782 754 1834 persuasit.
774 1783 840 1821 Est
866 1783 971 1821 enim
993 1782 1069 1821 ista
1087 1783 1187 1822 Plu-

121 1840 249 1878 tarchi
263 1869 274 1888 ,
288 1854 369 1879 non
387 1841 637 1893 Empedoclis
655 1843 798 1882 oratio.
817 1842 912 1880 Mihi
929 1843 1061 1880 nullus
1083 1842 1186 1882 desi-

121 1899 253 1939 derari
287 1914 427 1939 versus
466 1901 641 1949 videtur,
679 1914 918 1952 quamquam
937 1915 939 1917 ¹
955 1909 1032 1939 tres
1065 1899 1106 1939 hi
1138 1901 1188 1940 de

59 1963 83 1990 »¹
121 1959 268 2011 quibus
289 1961 420 2011 agitur
444 1961 720 1999 emendatione
740 1970 867 2011 egent.
891 1961 1085 2010 Quocirca
1107 1975 1186 2000 non

121 2020 382 2070 astipulamur
400 2021 551 2059 Steinio
568 2021 685 2059 etiam
702 2030 791 2072 post
812 2020 1026 2074 βαρυνώτοις
1052 2020 1187 2060 deesse

121 2078 272 2130 aliquid
294 2081 546 2118 contendenti
563 2079 833 2132 scribentique
855 2082 990 2131 μαινῶν
1021 2079 1185 2133 κηρύκων

120 2153 159 2176 τε
176 2139 254 2179 κτλ.
276 2139 348 2178 ubi
366 2139 567 2191 Xylander
590 2139 878 2191 conjectaverat
898 2138 959 2178 καὶ
979 2138 1049 2190 μὴν
1079 2139 1186 2192 κηρύ-

121 2212 207 2238 κων.
231 2198 460 2249 Requiritur
477 2200 582 2238 enim
601 2198 708 2250 quod
727 2199 834 2238 edidi
851 2198 913 2239 καὶ
933 2199 989 2239 ἐπὶ
1006 2198 1185 2251 κηρύκων.

121 2256 187 2295 Sic
202 2257 260 2297 ἐπὶ
275 2258 644 2309 genitivojunctum
656 2271 925 2311 saepenumero
938 2259 1041 2298 idem
1055 2261 1188 2299 valere

113 2316 227 2367 ‘quod
243 2317 276 2355 ἐν
294 2326 386 2355 nota
403 2330 464 2355 res
482 2325 552 2355 est.
566 2316 784 2369 Utramque
798 2318 979 2356 voculam
995 2319 1037 2357 in
1052 2319 1185 2358 eadem

121 2376 314 2415 sententia
328 2378 487 2428 copulat
499 2376 782 2416 Demosthenes
794 2377 951 2428 Olynth.
968 2377 986 2416 1
1001 2378 1087 2417 init.
1101 2393 1109 2417 :
1128 2378 1185 2418 ἐπὶ

121 2436 263 2474 πολλῶν
279 2435 342 2487 μὲν
363 2436 403 2475 ἄν
428 2452 479 2480 τις
497 2437 596 2484 ἰδεῖν,
615 2429 644 2475 ὦ
660 2436 782 2490 ἄνδρες
802 2436 990 2486 Ἀθηναῖοι,
1012 2438 1107 2477 δοκεῖ
1127 2454 1187 2488 μοι

121 2493 185 2541 τὴν
217 2494 315 2549 παρὰ
341 2498 412 2535 τῶν
442 2498 527 2535 θεῶν
559 2495 696 2534 εὔνοιαν
732 2495 885 2551 φανερὰν
917 2497 1107 2550 γενομένην
1142 2501 1186 2551 τῇ

122 2554 246 2603 πόλει,
264 2557 330 2609 οὐχ
343 2554 474 2603 ἥκιστα
490 2554 525 2594 δὲ
542 2557 576 2594 ἐν
588 2558 660 2600 τοῖς
670 2560 822 2608 παροῦσι
834 2556 1036 2609 πράγμασι.
1053 2557 1188 2609 Neque

121 2623 246 2666 poetae
261 2614 367 2653 hunc
386 2629 500 2653 usum
527 2625 775 2667 spreverunt.
798 2615 937 2668 Eurip.
967 2616 1185 2669 Melanipp-

123 2673 264 2724 fragm.
279 2673 389 2712 XXII
409 2689 448 2726 p.
472 2675 547 2724 743
569 2674 783 2726 ed.Wagn.
802 2689 811 2714 :
831 2673 953 2720 οἵτινες
971 2674 1034 2726 μὲν
1056 2675 1113 2714 ἐπὶ
1128 2692 1186 2715 σο-

123 2735 195 2786 φῶν
214 2734 355 2787 ἀχάλιν’
371 2733 492 2787 ἔχουσι
509 2734 691 2785 στόματα,
706 2735 735 2773 i.
753 2748 787 2773 e.
802 2735 870 2786 qui
885 2736 927 2773 in
943 2735 1187 2787 sapientibus

122 2792 223 2832 viris
258 2794 625 2844 (commemorandis
649 2803 686 2832 et
706 2794 1033 2847 perstringendis)
1056 2795 1187 2847 impu-

123 2851 230 2891 denti
251 2867 321 2892 ore
339 2863 516 2892 utuntur.
541 2854 588 2892 In
618 2854 697 2893 fine
717 2868 856 2894 versus
890 2856 1091 2907 exemplar
1118 2857 1185 2895 Al-

123 2909 260 2950 dinum
281 2914 452 2964 itemque
475 2908 696 2953 BasileenSe
710 2913 758 2953 de
773 2914 862 2954 Fac.
879 2913 979 2955 Lun.
997 2914 1187 2955 exhibent

122 2971 286 3024 χελωνῶν
308 2988 358 3021 τε,
381 2972 494 3024 cujus
515 2974 602 3012 loco
619 2975 828 3014 Karstenio
846 2985 1047 3027 praeeunte
1071 2991 1110 3015 τε
1125 2991 1186 3028 χε-

123 3031 243 3070 λωνῶν
252 3033 427 3083 vulgavi.
439 3032 535 3072 Cum
549 3033 811 3086 Empedocleo
823 3035 929 3076 dicto
941 3037 1186 3088 comparavit

124 3088 326 3142 Xylander
350 3093 450 3131 illud
476 3095 582 3144 quod
603 3103 708 3132 extat
727 3095 831 3146 apud
860 3096 1050 3136 Herodot.
1077 3096 1108 3142 1,
1135 3102 1183 3146 [07

124 3151 362 3204 κραταιρίνοιο
378 3151 549 3204 χελώνης,
563 3153 753 3193 Similiter
768 3155 816 3193 de
829 3155 891 3194 his
907 3156 1025 3195 rebus
1035 3155 1186 3206 judicat

125 3211 351 3253 Aristoteles
371 3213 420 3251 de
437 3212 537 3253 Gen.
553 3214 684 3252 Anim.
702 3214 776 3262 lll,
805 3230 819 3252 1
832 3230 847 3254 1
867 3228 876 3255 :
893 3219 916 3264 ἡ
931 3217 1000 3253 τῶν
1015 3216 1184 3267 ὀστρακο-

125 3267 262 3321 δέρμων
281 3269 414 3323 γίνεται
434 3270 558 3325 φύσις,
575 3271 696 3327 κύκλῳ
718 3272 781 3324 μὲν
808 3278 869 3313 τοῦ
897 3274 1050 3326 γεώδους
1075 3275 1184 3323 σκλη-

125 3327 312 3381 ρυνομένου
328 3330 389 3368 καὶ
409 3330 635 3383 πηγνυμένου
652 3332 716 3380 τὴν
735 3332 844 3381 αὐτὴν
862 3332 965 3381 π’ἧξιν
982 3335 1052 3377 τοῖς
1072 3335 1184 3379 ὀστοῖς

124 3386 185 3425 καὶ
199 3388 269 3432 τοῖς
285 3388 427 3442 κέρασιν
458 3418 632 3432 .....
664 3392 758 3437 ἐντὸς
773 3391 808 3431 δὲ
832 3391 1184 3446 περιλαμὸανομένου

123 3449 183 3484 τοῦ
197 3446 260 3494 τὴν
281 3448 374 3495 ζωὴν
395 3447 536 3502 ἔχοντος
552 3450 726 3503 σώματος.
746 3452 802 3492 Cf,
820 3452 921 3491 idem
940 3452 987 3490 de
1001 3451 1184 3490 Partibus

123 3504 257 3545 Anim.
276 3506 342 3559 IV,
365 3523 400 3557 7.

1305 350 1371 389 Vs.
1393 351 1592 397 303-304.
1616 350 1730 404 αὐτὰρ
1749 350 1878 406 ἐχίνοις
1900 352 1996 408 κτλ.]
2017 354 2250 396 Plutarchus
2266 357 2315 396 de

1252 409 1424 448 Fortuna
1454 423 1494 461 p.
1519 411 1587 461 98,
1607 410 1685 448 vol.
1706 410 1758 450 VI
1785 425 1826 463 p.
1852 413 1925 460 371
1954 413 2029 452 zv&
2051 412 2114 464 μὲν
2133 414 2202 469 γὰρ
2233 415 2315 470 (τῶν

1253 468 1404 522 ἀλόγων)
1430 468 1610 507 ὥπλισται
1629 468 1755 523 κέρασι
1773 470 1833 509 καὶ
1856 471 1974 509 ὀδοῦσι
1990 471 2052 510 καὶ
2069 472 2239 527 κέντροις·
2256 476 2318 513 αὖ·

1251 527 1318 581 τὰρ
1339 528 1470 581 ἐχῖνος,
1486 527 1593 582 φησὶν
1613 527 1863 580 Ἐμπεδοκλῆς
1875 560 1884 578 ,
1901 529 2069 578 ὀξυὸελὴς
2087 532 2124 570 δέ
2139 548 2178 571 τε
2197 533 2318 579 νώτοις

1252 586 1516 641 ἐπιπεφρίκασι.
1541 587 1670 626 Verba
1685 588 1794 627 edidi
1814 598 1857 628 ut
1876 590 2062 639 leguntur
2078 591 2120 629 in
2136 591 2317 633 Vulcanii

1252 647 1387 686 codice
1401 647 1561 700 scripta,
1575 661 1691 699 quern
1707 649 1824 687 etiam
1839 649 2018 688 Sturzius
2032 659 2068 688 et
2085 651 2317 692 Karstenius

1252 708 1375 746 secuti
1390 716 1494 748 sunt.
1510 707 1587 747 Sed
1603 709 1644 747 in
1659 722 1705 747 eo
1719 718 1908 761 praeterea
1920 708 1966 748 τὰ
1981 708 2017 748 δὲ
2032 710 2152 755 νώτοις
2166 721 2318 752 exstare

1253 767 1416 808 dicitur.
1438 767 1639 820 Xylander
1651 768 1693 807 in
1710 782 1781 807 suo
1797 769 1912 807 aliam
1931 770 2138 809 lectionem
2154 771 2197 808 in
2214 785 2316 810 mar-

1253 828 1343 878 gine
1378 836 1573 866 exaratam
1613 828 1787 879 invenit,
1822 828 1935 881 cujus
1969 829 2070 868 nihil
2113 840 2318 883 supererat

1253 896 1394 938 praeter
1414 896 1588 926 extrema
1604 887 1729 927 verba
1749 889 1898 928 ἄκανθαι
1917 887 2195 943 ἐπιπεφρίκασι,
2217 903 2317 941 prae-

1252 947 1333 985 cisa
1349 957 1392 986 ut
1412 948 1455 985 fit
1470 961 1492 986 a
1509 948 1746 998 glutinatore
1766 948 1901 1001 priore
1918 962 2056 987 versus
2070 957 2195 1001 parte.
2218 949 2319 988 Hinc

1252 1005 1339 1057 ipse
1359 1007 1518 1058 quidem
1541 1007 1707 1060 conjicit
1736 1024 1745 1048 z
1768 1009 1883 1062 ἐχῖνος
1914 1008 2100 1057 ὂξυέελής,
2125 1008 2268 1048 νώτοισι
2286 1009 2316 1049 δ’

1253 1064 1377 1104 ἄκανθ’
1398 1066 1675 1120 ἐπιπεφρίκασι,
1693 1076 1736 1106 ut
1756 1067 1922 1116 ὃξυὸελὴς
1942 1069 1990 1107 ad
2010 1068 2193 1107 echinum
2214 1069 2317 1108 refe-

1253 1133 1361 1163 ratur
1382 1134 1449 1163 aut
1468 1124 1644 1171 ὀξυὸελεῖς
1664 1127 1712 1165 ad
1734 1126 1897 1167 ἄκανθαι.
1919 1129 1969 1166 At
1988 1128 2088 1166 nihil
2116 1128 2252 1167 verius
2272 1142 2318 1167 ea

1252 1184 1447 1236 scriptura
1464 1199 1580 1237 quam
1598 1185 1817 1237 Stephanus
1837 1188 1879 1226 in
1900 1187 2014 1227 Poes.
2036 1188 2136 1240 phil.
2156 1201 2246 1240 pag.
2268 1189 2318 1227 30

1252 1243 1412 1282 exhibet
1429 1258 1626 1296 quamque
1647 1245 1828 1285 Reiskius
1848 1247 1891 1285 in
1917 1246 2097 1285 Vulcanii
2123 1246 2319 1285 membra-

1252 1305 1315 1342 nis
1334 1313 1471 1356 postea
1492 1305 1683 1357 repperit.
1715 1305 1887 1345 Eandem
1917 1307 2096 1357 agnoscit
2127 1306 2316 1358 Scaliger,

1250 1362 1325 1401 hoc
1345 1372 1509 1416 excepto
1527 1363 1631 1414 quod
1650 1379 1722 1416 pro
1743 1365 1869 1419 ἐχίνοις
1885 1366 2004 1405 habet
2024 1366 2143 1420 ἐχίνῳ.

1304 1423 1371 1464 Vs.
1400 1424 1491 1464 305.
1527 1425 1707 1477 Κύπριδος
1736 1427 1832 1478 κτλ.]
1866 1426 1998 1465 laudat
2018 1426 2249 1479 Simplicius
2270 1427 2319 1466 de

1250 1483 1361 1522 Coelo
1380 1484 1508 1523 editus
1530 1497 1553 1522 a
1570 1485 1756 1536 Peyrono
1774 1487 1799 1525 l.
1819 1486 1846 1524 l.
1869 1500 1909 1538 p.
1933 1488 1999 1535 283
2026 1496 2237 1539 corruptus
2257 1488 2318 1526 le-

1251 1543 1357 1593 gitur
1375 1557 1513 1583 versus
1533 1545 1575 1582 in
1592 1545 1654 1582 ed.
1677 1544 1768 1585 Ald.
1790 1546 1815 1585 f.
1843 1547 1916 1584 128
1934 1545 1975 1585 b.
1996 1546 2174 1585 Eundem
2195 1548 2319 1587 versi-

1251 1602 1381 1640 culum
1409 1612 1599 1642 memorat
1620 1604 1848 1656 Simplicius
1880 1605 2002 1656 Phys.
2038 1604 2075 1642 11
2089 1634 2099 1653 ‚
2134 1605 2162 1646 f.
2202 1611 2249 1654 74
2275 1605 2316 1647 b.

1250 1662 1360 1700 Adde
1380 1661 1510 1703 Schol.
1532 1663 1653 1702 Arist.
1682 1678 1723 1717 p.
1754 1663 1846 1713 507.
1868 1678 1901 1703 a.
1922 1664 1982 1704 ed.
2005 1664 2188 1703 Brandis.
2212 1665 2319 1704 Sim-

1251 1721 1396 1772 plicius
1416 1722 1625 1760 ostendens
1642 1722 1684 1760 in
1710 1723 1848 1761 mundi
1868 1722 1987 1762 rebus
2007 1737 2088 1762 non
2106 1724 2228 1762 solam
2241 1752 2253 1772 ,
2275 1734 2319 1763 ut

1251 1780 1497 1830 quorundam
1516 1779 1664 1819 ferebat
1678 1781 1833 1834 opinio,
1846 1781 2085 1821 discordiam
2100 1782 2316 1832 dominari,

1250 1838 1318 1874 sed
1341 1838 1556 1878 amicitiam
1575 1853 1735 1892 quoque
1751 1840 1837 1879 sive
1855 1840 2065 1890 Venerem,
2082 1841 2196 1893 cujus
2215 1856 2320 1894 prae-

1251 1895 1377 1946 cipuae
1397 1896 1438 1934 in
1456 1897 1671 1936 formandis
1683 1897 1803 1937 rebus
1815 1899 2062 1939 naturalibus
2076 1909 2207 1952 partes
2222 1901 2317 1949 sint,

1251 1968 1339 1992 cum
1369 1956 1478 2005 aliis,
1508 1965 1588 1995 tum
1623 1957 1699 1996 hoc
1739 1960 1866 1997 utitur
1895 1960 2076 2011 exemplo
2091 1989 2101 2007 ,
2132 1960 2239 2011 quod
2269 1961 2318 2000 ad

1250 2015 1456 2054 oculorum
1491 2017 1765 2057 formationem
1798 2019 1981 2058 refertur.
2011 2019 2139 2058 Verba
2158 2018 2216 2059 ὅτε
2248 2019 2317 2072 ξὺμ

1249 2074 1360 2126 πρῶτ’
1378 2075 1522 2130 ἐφύοντο
1542 2090 1612 2129 per
1631 2078 1772 2122 tmesin
1793 2079 1897 2117 dicta
1914 2088 2005 2118 sunt
2021 2094 2094 2132 pro
2113 2079 2173 2120 ὅτε
2191 2082 2318 2134 πρῶτα

1251 2132 1480 2189 ξυνεφύοντο,
1519 2152 1631 2187 quum
1646 2143 1814 2188 primum
1852 2142 2085 2180 coaluerunt.
2110 2140 2318 2193 Peyronus

1251 2196 1384 2246 posuit
1406 2194 1463 2241 ξὺν
1484 2198 1610 2250 πρῶτ’,
1636 2197 1888 2237 Gaissordius
1908 2208 1946 2238 et
1967 2199 2200 2239 Brandisius
2230 2199 2316 2252 ξύμ-

1251 2255 1363 2306 πρωτ’
1383 2268 1404 2293 e
1423 2255 1510 2294 cod.
1531 2256 1580 2296 Α.
1603 2257 1812 2307 vulgarunt
1831 2266 1964 2310 spreta
1984 2258 2133 2297 codicis
2150 2259 2194 2297 Β.
2220 2260 2318 2298 scri-

1250 2323 1367 2365 ptura
1386 2313 1612 2368 ξυμπρώταις
1631 2325 1669 2354 et
1687 2316 1948 2356 Taurinensis
1969 2316 2006 2363 ξὺ
2034 2319 2163 2370 πρῶτ’.
2195 2319 2317 2358 Caete-

1250 2387 1336 2412 rum
1371 2387 1421 2413 ex
1454 2375 1506 2414 iis
1537 2388 1625 2427 quae
1663 2376 1768 2428 apud
1798 2376 2048 2428 Simplicium
2087 2379 2314 2430 praecedunt

1250 2432 1384 2472 verbis
1404 2433 1465 2472 καὶ
1487 2433 1551 2482 τὴν
1574 2434 1689 2474 αἰτίαν
1707 2436 1821 2487 λέγων
1843 2439 1905 2475 τοῦ
1925 2435 2004 2481 τοὺς
2035 2435 2101 2489 μὲν
2118 2439 2155 2476 ἐν
2174 2439 2314 2492 ἡμέρᾳ,

1250 2494 1327 2539 τοὺς
1349 2494 1384 2534 δὲ
1403 2498 1437 2536 ἐν
1460 2496 1561 2535 νυκτὶ
1586 2497 1728 2537 κάλλιον
1751 2501 1847 2553 ὁρᾶν,
1873 2499 2071 2551 Κύπριδος,
2100 2500 2208 2554 φησὶ,
2236 2502 2316 2543 κτλ.

1250 2567 1329 2592 non
1351 2555 1517 2594 multum
1538 2555 1638 2595 lucis
1655 2557 1749 2596 huic
1766 2558 1899 2596 versui
1920 2558 2096 2609 affulget.

1304 2613 1368 2653 Vs.
1396 2615 1490 2653 306.
1509 2615 1710 2657 Plutarch.
1729 2618 1911 2669 Sympos.
1933 2631 1973 2669 p.
1994 2619 2070 2657 683
2090 2633 2099 2657 ε
2117 2623 2177 2658 τοῦ
2193 2618 2316 2673 ἀνδρὸς

1251 2672 1437 2727 (Ἔμπεδ.)
1453 2675 1492 2712 οὔ
1510 2675 1768 2730 καλλιγραφίας
1784 2675 1885 2715 ἕνεκα
1899 2677 1970 2722 τοῖς
1990 2678 2318 2732 εὐπροσωποτάτοις

1249 2736 1317 2772 τῶν
1339 2733 1505 2773 ἐπιθέτων
1532 2732 1654 2789 ὥσπερ
1675 2736 1836 2789 ἀνθηροῖς
1855 2735 2028 2790 χρώμασι
2054 2737 2098 2777 τὰ
2118 2739 2316 2791 πράγματα

1249 2796 1377 2844 γανοῦν
1389 2793 1567 2842 εἰωθότος,
1583 2796 1662 2834 ἀλλ’
1681 2793 1829 2834 ἕκαστον
1847 2796 1968 2840 οὐσίας
1987 2796 2077 2841 τινὸς
2093 2795 2115 2844 ἢ
2134 2797 2316 2849 δυνάμεως

1251 2854 1403 2905 δήλωμα
1423 2858 1622 2900 ποιοῦντος·
1645 2849 1729 2906 οἷον,
1757 2855 1904 2910 ἅμφιὸ
1917 2856 2056 2910 ρότην
2083 2857 2223 2910 χθόνα
2237 2887 2250 2906 ,
2274 2858 2315 2898 τὸ

1248 2914 1312 2961 τὴν
1329 2913 1447 2968 ψυχὴν
1468 2914 1710 2968 περικείμενον
1733 2919 1856 2968 σῶμα·
1874 2917 1933 2955 καὶ
1951 2933 1985 2956 νε
1997 2933 2019 2971 φ
2032 2918 2110 2965 ελη
2123 2933 2144 2967 γ
2156 2932 2171 2955 ε
2184 2933 2201 2970 ρ
2212 2916 2312 2966 έτην

1249 2974 1307 3012 τὸν
1326 2973 1434 3026 ἀέρα,
1457 2974 1518 3014 καὶ
1538 2975 1853 3027 πολυαίματον
1873 2976 1914 3015 τὸ
1929 2970 2040 3028 ἧπαρ.

1302 3033 1387 3073 Vss.
1401 3035 1518 3083 307-3
1529 3050 1542 3073 ι
1551 3049 1573 3073 2
1594 3029 1757 3084 ἧπολλαὶ
1767 3033 2028 3088 -ἐξεγένοντο]
2039 3048 2060 3074 e
2071 3035 2311 3074 Taurinensi

1249 3093 1446 3146 Simplicii
1459 3094 1594 3133 codice
1604 3095 1767 3147 protulit
1778 3094 1983 3146 Peyronus
1995 3109 2035 3146 p.
2054 3095 2118 3142 463
2133 3095 2313 3146 corrupti

1249 3152 1443 3192 habentur
1459 3155 1501 3193 in
1519 3155 1578 3195 ed.
1599 3155 1686 3195 Ald.
1701 3156 1725 3194 f.
1748 3160 1820 3201 144
1842 3155 1878 3194 b.
1894 3155 2056 3193 Exstant
2073 3156 2188 3193 etiam
2207 3156 2312 3207 apud

1250 3211 1522 3252 Gaissordium
1545 3227 1584 3265 p.
1609 3213 1729 3251 XLIV
1745 3222 1784 3252 et
1806 3213 1848 3252 in
1862 3214 2009 3252 Scholl.
2035 3214 2151 3253 Arist.
2174 3228 2213 3266 p.
2233 3215 2309 3252 512

1248 3285 1284 3312 a.
1307 3273 1366 3311 ed.
1384 3273 1564 3312 Brandis.
1579 3273 1757 3311 Primum
1779 3273 1919 3312 horum
1937 3286 2122 3312 versuum
2141 3267 2164 3325 ᾗ
2180 3272 2310 3311 πολλαὶ

1247 3333 1324 3371 κτλ.
1345 3333 1484 3383 allegat
1503 3333 1732 3371 Aristoteles
1754 3333 1801 3371 de
1822 3333 1930 3371 Coelo
1959 3332 2035 3382 Ill,
2066 3347 2087 3369 2
2109 3345 2199 3383 pag.
2233 3332 2309 3369 300

1247 3390 1289 3431 b.
1316 3392 1375 3431 ed.
1399 3393 1566 3440 Bekker3
1589 3392 1692 3430 idem
1720 3392 1768 3430 de
1794 3392 1937 3429 Anima
1957 3391 2030 3439 Ill,
2055 3391 2077 3428 6
2108 3404 2148 3442 p.
2174 3391 2250 3434 430
2271 3402 2308 3431 a.

1247 3451 1308 3490 his
1328 3451 1549 3503 subiunctis
1566 3449 1692 3490 ἔπειτα
1710 3453 1929 3490 συντίθεσθαι
1944 3453 1986 3502 τῇ
2002 3449 2121 3501 φιλίᾳ;
2140 3449 2241 3487 idem
2259 3447 2307 3485 de

1248 3512 1390 3550 Gener.
1419 3512 1549 3549 Anim.
1584 3512 1619 3559 I,
1659 3512 1704 3548 18
1737 3524 1825 3563 pag.
1865 3525 1939 3558 722
1973 3509 2014 3549 b.
2051 3509 2111 3547 ed.
2144 3509 2305 3546 Bekker.
