2612 3814
727 274 779 314 lN
810 273 1136 312 EMI‘EDOCLIS
1163 272 1452 312 CARMINUM
1485 274 1782 322 RELIQUIAS.
2287 286 2337 319 59

157 377 218 401 κεν
238 362 274 400 ἐν
301 364 371 405 τοῖς
395 358 581 412 Περσικοῖς
603 358 702 409 (leg.
738 357 930 405 Φυσικοῖς)
956 355 1062 395 εἰπών
1077 371 1084 381 ²
1116 375 1131 390 «
1150 355 1212 395 ἄλ-

156 436 254 475 φιτον
276 419 376 460 ὕδατι
390 417 588 466 κολλήσας,
602 436 618 451 »
639 417 708 455 ubi
725 425 924 467 postrema
941 416 975 454 Τ
979 416 1090 455 heod.
1108 415 1214 454 Gaza

153 489 220 519 aut
240 479 406 518 liberius
426 477 571 524 vertit,
596 477 731 515 dicens
762 490 771 514 ε
799 493 816 510 «
839 489 982 514 munus
1010 475 1081 514 ubi
1106 475 1213 526 larga

153 538 309 577 Cereris
329 536 580 588 conjunxerit
600 535 705 574 unda
721 565 731 583 ,
757 553 773 570 ³>
793 544 859 574 aut
880 549 1004 586 graece
1023 535 1211 586 scriptum

154 597 331 648 repperit
352 609 361 633 τ
380 595 524 650 ἄλφιτον
547 594 650 633 ὕδατι
666 593 844 642 κολλήσας
861 594 1068 647 Δημήτερος
1089 594 1212 641 ἀκτήν.

153 655 263 694 Adde
309 654 531 693 Aristotelis
575 655 809 706 interpretes
845 654 1122 707 Olympiodor.
1171 654 1211 692 in

155 714 309 752 Meteor.
336 714 361 751 f.
382 714 431 751 66
446 713 494 762 b;
516 714 702 753 Alexand.
724 714 901 767 Aphrod.
924 715 966 753 in
982 714 1100 753 eund.
1119 714 1210 754 libr.

152 773 178 814 f.
205 774 273 811 131
294 772 321 811 b
338 787 348 821 ;
371 781 408 812 et
427 786 515 824 quae
529 773 569 811 in
586 772 723 814 Probl.
740 774 768 814 l.
786 788 817 813 c.
843 782 1026 812 annotata
1040 781 1144 822 sunt,
1163 787 1212 812 ex

143 832 296 884 quibus
317 832 399 872 haec
416 834 532 872 nobis
561 833 792 886 depromere
814 834 941 872 visum
957 842 1038 871 est:
1061 832 1120 871 καὶ
1142 832 1210 886 γὰρ

151 891 277 936 ἐκεῖνος
295 890 460 939 κολλήσει
478 890 597 931 εἴκασε
616 891 681 939 τὴν
712 895 771 931 τοῦ
790 895 896 946 ὑγροῦ
915 895 966 946 τῷ
983 891 1077 945 ξηρῷ
1098 891 1208 943 μῖξιν,

149 949 211 989 καὶ
227 950 283 989 διὰ
303 954 406 990 τοῦτο
427 953 590 997 συνεστός
609 967 646 990 τε
667 951 727 991 καὶ
743 951 939 1004 ὡρισμένον
960 953 1066 1002 σῶμα
1084 956 1154 990 πᾶν
1177 951 1210 997 ἐξ

151 1011 282 1064 ἀμφοῖν
303 1027 408 1065 φησιν
424 1006 532 1060 εἶναι,
549 1014 656 1064 ὑγροῦ
673 1027 710 1050 τε
725 1011 784 1051 καὶ
802 1011 905 1064 ξηροῦ
917 1042 927 1061 ,
944 1012 990 1055 ὡς
1005 1009 1162 1058 ἐκείνων,
1179 1013 1208 1049 εἰ

151 1069 289 1124 ἄκρατα
320 1074 364 1111 λα
372 1071 541 1123 μὸάνοιτο
555 1102 566 1120 ,
597 1070 768 1125 ἀορίστων
787 1070 911 1111 ὄντων.
930 1071 1104 1123 Apparet
1121 1071 1209 1110 Em·

149 1132 352 1182 pedoclem
367 1140 517 1170 naturae
532 1131 747 1170 sollertiam
765 1145 852 1170 curn
870 1131 1033 1183 pistoris
1047 1131 1210 1183 opificio

149 1203 411 1241 comparasse.
430 1190 607 1241 Namque
621 1197 664 1228 ut
678 1190 806 1241 pistor
823 1189 987 1228 farinam
1006 1203 1108 1241 aqua
1122 1205 1211 1229 con-

149 1250 376 1300 glutinatam
398 1248 600 1301 (κολλήσας)
620 1249 704 1299 igni
725 1250 859 1300 coquit
882 1264 891 1287 :
911 1250 969 1288 sic
987 1263 1117 1287 rerum
1139 1264 1208 1301 pa-

150 1320 240 1346 rens
265 1308 431 1346 humida
456 1316 493 1346 et
514 1307 624 1346 arida
641 1309 879 1347 commiscet.
908 1308 1017 1347 Idem
1044 1309 1147 1348 cadit
1167 1311 1209 1348 in

147 1365 348 1406 Venerem.
370 1367 456 1405 Vid.
473 1380 531 1405 vs.
555 1367 631 1405 282
654 1380 764 1418 seqq.

201 1425 262 1465 Vs.
286 1428 362 1475 276
393 1428 479 1464 erui
499 1439 520 1464 e
538 1426 738 1466 Plutarch.
765 1426 813 1466 de
837 1441 899 1479 pr.
922 1427 1009 1478 frig.
1032 1441 1071 1479 p.
1097 1429 1173 1480 952
1196 1443 1205 1466 :

146 1484 206 1524 καὶ
220 1485 309 1531 ὅλως
323 1485 362 1524 τὸ
386 1485 447 1538 μὲν
463 1489 535 1538 πῦρ
559 1485 784 1525 διαστατικόν
802 1488 877 1525 ἐστι
896 1487 957 1527 καὶ
974 1489 1181 1542 διαιρετικόν
1195 1519 1205 1540 ,

146 1542 184 1581 τὸ
202 1544 238 1582 δὲ
257 1543 350 1597 ὕδωρ
370 1544 577 1592 κολλητικὸν
594 1545 654 1583 καὶ
669 1544 832 1597 σχετικόν
845 1576 854 1594 ,
878 1549 922 1601 τῆ
943 1548 1109 1600 ὑγρότητι
1126 1564 1205 1587 συν-

145 1600 227 1655 έχον
247 1602 308 1641 καὶ
329 1606 478 1650 πῆττον·
499 1598 523 1656 ᾗ
548 1603 610 1642 καὶ
635 1602 816 1657 παρέσχεν
847 1604 1097 1656 Ἐμπεδοκλῆς
1120 1607 1205 1646 ὑπό-

145 1677 241 1700 νοιαν
253 1692 264 1711 ,
284 1665 330 1708 ὡς
351 1662 390 1701 τὸ
413 1662 475 1714 μὲν
493 1658 569 1716 ’πῦρ
599 1669 712 1708 νεῖκος
733 1664 943 1717 οὐλόμενον,
971 1665 1144 1719 σχεδύνην
1170 1667 1207 1708 δὲ

146 1721 319 1774 φιλότητα
342 1722 381 1761 τὸ
398 1724 500 1777 ὑγρὸν
523 1722 690 1763 ἑκάστοτε
710 1725 999 1780 προσαγορεύων.
1032 1727 1206 1767 Nimium

146 1786 287 1825 tribuit
316 1787 410 1833 huic
436 1789 660 1828 testimonio
680 1790 910 1830 Brandisius
930 1792 1032 1832 Hist.
1058 1792 1155 1844 phil.
1189 1794 1206 1832 Ι

145 1859 185 1896 p.
207 1852 282 1892 204
299 1877 310 1897 ,
328 1848 589 1900 reprehensus
609 1849 762 1889 idcirco
786 1864 808 1889 a
828 1851 1036 1890 Karstenio
1054 1866 1093 1904 p.
1117 1854 1206 1906 349.

142 1904 258 1950 Quod
278 1906 320 1944 in
341 1907 454 1947 codd.
477 1918 535 1947 est
553 1907 723 1960 σχεδύνην
748 1919 956 1949 servarunt
980 1910 1206 1952 Karstenius

146 1964 170 2005 l.
192 1980 225 2005 c.
256 1975 293 2004 et
314 1966 506 2014 Steinius,
545 1969 617 2007 etsi
648 1970 741 2008 ferri
764 1972 924 2022 nequit;
947 1972 1205 2012 Buttmannus

144 2024 336 2076 σχεσύνην,
359 2025 579 2066 Lobeckius
595 2028 746 2067 Pathol.
765 2043 802 2081 p.
823 2030 896 2067 128
918 2028 1062 2082 σχεδίην
1083 2031 1204 2071 scribi

142 2084 282 2124 voluit.
303 2085 490 2124 Omnium
512 2084 661 2139 optime
681 2087 885 2138 Xylander
911 2089 1110 2127 Homerici
1132 2104 1203 2128 vo-

141 2141 273 2181 cabuli
297 2144 468 2196 σφεδανός
493 2160 644 2185 memor
665 2146 841 2200 σφεδανήν
866 2148 1072 2198 legendum
1095 2149 1202 2188 arbi-

141 2208 264 2241 tratus
284 2212 356 2242 est.
380 2204 471 2243 Haec
489 2214 616 2243 autem
630 2219 711 2244 vox
731 2219 752 2244 a
769 2205 1087 2246 membranarum
1106 2211 1202 2246 scri-

141 2269 257 2312 ptura
290 2276 372 2301 non
415 2265 581 2303 multum
614 2265 811 2317 discrepat
842 2275 879 2305 et
917 2280 1074 2306 sensum
1109 2270 1202 2308 satis

140 2323 389 2363 commodum
410 2324 547 2375 habet,
567 2339 687 2377 quum
712 2326 908 2365 Eustathio
925 2336 1019 2366 teste
1039 2328 1090 2366 sit
1103 2329 1201 2380 παρὰ

140 2380 178 2419 τὸ
193 2382 330 2422 σπεύδω
348 2392 386 2422 et
399 2383 439 2422 τὸ
452 2385 597 2437 σφοδρὸν
613 2385 821 2435 significet.
832 2385 966 2437 Neque
981 2389 1201 2438 spernenda

139 2439 328 2482 Nicandri
368 2443 401 2481 Τ
406 2443 651 2483 heriacorum
691 2447 931 2484 enarratoris
987 2447 1199 2498 explicatio

139 2500 209 2549 qui
230 2501 278 2538 ad
315 2514 371 2541 vs.
393 2503 470 2546 642
503 2501 673 2555 σφεδανὸν
705 2517 790 2543 esse
817 2505 904 2542 vult
932 2505 972 2544 τὸ
991 2505 1104 2558 τραχὺ
1137 2506 1198 2545 καὶ

139 2557 290 2611 σκληρὸν
306 2559 367 2598 καὶ
384 2561 570 2614 σφιγκτόν.
586 2561 661 2600 Sed
680 2563 728 2600 ad
748 2563 992 2602 Eustathium
1015 2573 1197 2616 tanquam

141 2617 348 2656 meliorem
365 2620 598 2669 magistrum
616 2634 655 2659 se
670 2622 862 2673 applicuit
874 2621 1084 2673 Xylander,
1111 2624 1200 2663 Plu-

138 2676 263 2714 tarchi
280 2677 402 2716 verba
421 2679 479 2717 sic
503 2679 782 2731 interpretatus
802 2695 810 2719 :
835 2699 850 2715 «ι
876 2681 982 2732 quod
1001 2682 1116 2720 etiam
1133 2683 1198 2721 in-

138 2748 264 2774 nuens
281 2736 448 2776 subinde
464 2739 594 2788 ignem
613 2739 736 2778 Litem
758 2740 1038 2792 perniciosam,
1057 2754 1195 2792 aquam

137 2794 361 2833 Amicitiam
382 2797 649 2836 vehementem
672 2799 897 2851 appellavit.
927 2817 943 2835 u
973 2800 1043 2838 Hic
1070 2801 1197 2840 obiter

137 2862 292 2905 tangam
312 2855 509 2896 Karstenii
524 2870 699 2897 errorem
717 2872 738 2897 e
755 2859 985 2898 Plutarchea
998 2860 1197 2901 locutione

136 2913 315 2966 παρέσχεν
345 2914 511 2955 ὑπόνοιαν
533 2930 648 2968 quam
681 2919 802 2957 vertit
830 2924 1074 2970 suspicionem
1088 2921 1199 2969 facit

101 2995 104 2998 ι
135 2972 380 3023 colligentis,
410 2975 528 3015 fuisse
559 2976 717 3027 quidem
749 2979 997 3029 quorundam
1031 2980 1195 3032 opinio-

136 3044 246 3080 nem,
272 3033 544 3086 Empedoclem
570 3037 796 3076 Amicitiam
821 3038 920 3077 nihil
943 3039 1051 3078 aliud
1072 3041 1190 3079 intel-

136 3090 277 3132 lexisse
298 3108 413 3146 quam
430 3095 650 3144 humorem,
674 3097 919 3137 Discordiam
937 3099 1078 3149 ignem,
1100 3101 1194 3152 quia

74 3159 76 3162 ’
136 3151 258 3192 altera
289 3167 423 3195 earum
455 3156 691 3206 colligandi,
715 3158 836 3197 altera
867 3159 1086 3211 dissipandi
1112 3161 1192 3200 vim

135 3209 296 3261 habeat,
320 3215 386 3252 sed
418 3215 548 3267 ipsum
574 3216 852 3270 philosophum
884 3233 1084 3271 nunquam
1118 3222 1193 3261 tale

135 3268 231 3319 quid
247 3273 479 3324 praecepisse
494 3287 621 3326 neque
635 3274 697 3315 his
714 3277 943 3316 nominibus
957 3291 1043 3317 esse
1059 3292 1187 3320 usum.

136 3326 229 3367 Nam
248 3331 395 3371 ὑπόνοια
415 3333 490 3371 hoc
509 3334 595 3372 loco
613 3343 670 3373 est
687 3349 815 3374 sensus
828 3340 1040 3375 reconditus
1056 3338 1097 3376 in
1112 3353 1190 3390 quo

132 3397 192 3427 est
210 3391 408 3442 allegoria.
426 3393 491 3431 Sic
505 3394 549 3432 δι’
568 3394 730 3439 ὑπονοίας
745 3395 907 3448 λέγεσθαι
924 3397 1070 3435 dicitur
1084 3398 1190 3448 quod

135 3449 285 3500 tropice
314 3459 353 3489 et
378 3451 541 3502 figurate
561 3453 710 3494 dicunt.
743 3455 841 3494 Vide
861 3456 1048 3508 Stephani
1068 3456 1187 3496 Thes.

132 3505 228 3558 ling.
250 3522 307 3559 gr.
335 3510 423 3557 Quo
446 3512 510 3560 fit,
535 3521 577 3551 ut
597 3514 701 3565 apud
724 3514 974 3554 Plutarchum
1010 3515 1188 3570 παρέσχεν

1277 355 1528 405 Ἐμπεδοκλῆς
1546 355 1711 396 ὑπόνοιαν
1726 358 1775 396 sit
1787 361 2020 397 reconditum
2034 374 2182 400 sensum
2204 365 2338 415 Empe-

1276 417 1399 453 docles
1413 416 1603 466 proebuie,
1625 417 1651 455 i.
1673 430 1708 456 e.
1720 416 1899 467 figurate
1913 420 2053 456 locutus·
2074 430 2142 458 est.

1327 474 1394 514 Vs.
1425 477 1614 524 277-280.
1637 477 1667 514 εἰ
1699 475 1731 514 δ’
1751 474 2072 530 ἔτι-Ἀφροδίτῃ]
2107 479 2336 533 Simplicius

1275 533 1323 572 de
1344 534 1455 573 Coelo
1485 535 1589 586 apud
1614 535 1836 586 Peyronum
1860 535 1886 574 l.
1920 536 1944 573 l.
1974 550 2013 587 p.
2038 538 2102 575 28.
2134 539 2241 580 Poet.
2267 542 2335 582 Gr.

1276 594 1372 634 min.
1395 603 1487 632 tom.
1508 594 1544 632 II
1564 609 1604 646 p.
1626 594 1755 632 XLIII
1776 594 1836 632 ed.
1853 594 2069 644 Gaisford.;
2089 596 2219 637 Schol.
2242 601 2337 640 Ari-

1275 662 1365 694 stot.
1397 667 1485 706 pag.
1521 655 1613 704 507.
1647 668 1682 694 a.
1711 654 1774 693 ed.
1799 655 1940 694 Brand.
1973 654 2025 694 δ’τι
2046 655 2083 694 δὲ
2103 657 2183 709 περὶ
2206 661 2337 699 τούτων

1274 712 1368 764 λέγει
1385 715 1455 751 τῶν
1474 714 1508 752 ἐν
1524 713 1639 768 τούτῳ
1653 716 1703 767 τῷ
1718 711 1862 766 κόσμῳ,
1883 713 1988 752 ἄκουε
2000 714 2133 754 τούτων
2145 720 2215 756 τῶν
2231 719 2337 758 ἐπῶν·

1275 771 1303 808 εἰ
1320 770 1357 809 δέ
1372 771 1407 810 τί
1428 787 1482 811 σοι
1499 775 1576 813 κτλ.

1328 830 1392 871 Vs,
1417 846 1507 881 277.
1530 834 1559 871 εἷ
1587 832 1617 870 δ’
1638 830 1688 871 ἔτι
1714 848 1770 872 σοι
1796 833 1903 872 edidi
1931 847 2017 872 cum
2046 835 2274 875 Gaisfordio
2301 849 2340 878 et

1275 890 1483 931 Karstenio
1503 905 1525 931 e
1541 892 1637 931 Cod.
1670 892 1743 932 Ox.
1767 892 1819 941 A;
1841 893 1971 933 Oxon.
1989 894 2031 933 B.
2055 894 2214 934 exhibet
2232 897 2338 947 quod

1273 949 1446 990 Steinius
1481 952 1629 1004 recepit
1647 981 1657 1000 ,
1684 954 1713 991 εἷ
1734 951 1771 990 δέ
1794 951 1828 990 τί
1853 966 1928 1002 σοις
1957 952 2216 993 Taurinensis
2237 956 2337 994 male

1273 1012 1302 1049 εἷ
1324 1011 1361 1048 δέ
1375 1028 1484 1052 τισιν.
1499 1011 1694 1057 Λιπόξυλος
1712 1013 1776 1052 hic
1793 1026 1952 1064 quoque
1966 1014 2110 1064 legitur
2126 1023 2170 1053 ut
2182 1028 2242 1055 vs.
2263 1030 2333 1054 121

1274 1071 1344 1109 ubi
1374 1074 1546 1125 ineptam
1578 1072 1744 1111 Prelleri
1766 1072 2029 1124 conjecturam
2052 1074 2223 1119 ὑπόξυλος
2257 1090 2336 1115 me-

1273 1133 1441 1171 moravi.
1463 1132 1617 1184 Injuria
1642 1132 1842 1171 Prellerus
1866 1141 2078 1185 utrumque
2099 1134 2230 1173 locum
2259 1149 2335 1188 pro

1275 1206 1355 1230 uno
1376 1193 1594 1244 eodemque
1621 1193 1837 1243 fragmento
1854 1192 1983 1232 habet.

1325 1251 1388 1291 Vs.
1408 1266 1501 1303 279.
1523 1251 1765 1303 Vulgabatur
1783 1251 2005 1304 κιρναμένων
2025 1252 2098 1300 εἴδη
2122 1270 2160 1292 τε
2177 1255 2336 1306 γενοίατο

1270 1312 1376 1364 χροιά
1397 1328 1436 1351 τε
1456 1315 1590 1360 θνητῶν
1603 1342 1613 1360 ,
1630 1312 1736 1363 quod
1758 1312 1988 1352 Karstenius
2006 1315 2176 1353 mutavit
2197 1315 2239 1353 in
2256 1331 2337 1368 κιρ-

1270 1372 1430 1422 ναμένων
1457 1372 1532 1420 εἴδη
1554 1387 1592 1410 τε
1610 1371 1717 1425 χρόαι
1736 1387 1774 1410 τε
1795 1371 1955 1423 γενοίατο
1979 1375 2113 1420 θνητῶν
2128 1404 2137 1422 ,
2156 1375 2334 1414 Panzer—

1271 1430 1444 1471 bieterus
1462 1432 1503 1470 in
1518 1430 1739 1484 κιρναμένων
1757 1430 1832 1479 εἴδη
1851 1447 1888 1470 τε
1906 1432 2065 1483 γενοίατο
2079 1434 2182 1487 χρεῖοί
2196 1451 2234 1473 τε
2252 1438 2333 1484 θνη-

1271 1495 1354 1543 τῶν,
1373 1492 1607 1531 Ritschelius
1618 1492 1720 1543 apud
1730 1491 1923 1530 Steinium
1938 1493 2110 1532 restituit
2123 1495 2335 1534 scribendo

1271 1550 1495 1603 κιρναμένων
1526 1551 1648 1605 χροιαί
1675 1550 1705 1589 τ’
1738 1550 1812 1598 εἴδη
1843 1567 1880 1589 τε
1912 1550 2073 1603 γενοίατο
2099 1556 2246 1602 θνητῶν.
2273 1556 2332 1595 Cf.

1269 1616 1513 1663 Anaxagorae
1546 1611 1706 1650 effatum
1736 1610 1842 1663 apud
1870 1610 2011 1664 Simpl.
2043 1612 2162 1665 Phys.
2202 1614 2225 1651 f.
2256 1615 2279 1652 8
2311 1629 2335 1654 a

1272 1672 1438 1723 (fragm.
1463 1672 1510 1723 3)
1535 1685 1544 1709 :
1565 1670 1755 1724 σπέρματα
1778 1670 1922 1709 πάντων
1944 1670 2143 1724 χρημάτων
2158 1672 2219 1711 καὶ
2239 1673 2333 1719 ἰδέας

1268 1731 1436 1774 παντοίας
1454 1729 1582 1783 ἔχοντα
1598 1730 1659 1769 καὶ
1673 1729 1800 1783 χροιὰς
1820 1728 1882 1768 καὶ
1908 1729 2048 1777 ἡδονάς.

1322 1789 1387 1829 Vs.
1413 1792 1504 1830 280.
1526 1789 1624 1830 τόσσ’
1651 1788 1717 1828 ὅσα
1737 1798 1938 1841 praeeunte
1955 1789 2164 1830 Karstenio
2187 1794 2330 1846 scripsi

1268 1864 1340 1902 pro
1362 1850 1474 1888 codd.
1495 1850 1663 1889 lectione
1676 1848 1742 1889 τοῖ’
1755 1849 1838 1890 ὅσα.

1320 1909 1387 1948 Vs.
1414 1910 1503 1947 281.
1523 1911 1598 1953 πῶς
1618 1909 1679 1947 καὶ
1694 1907 1838 1962 δένδρεα
1853 1909 1932 1949 κτλ.
1947 1909 1961 1962 ]
1978 1909 2188 1950 Athenaeus
2208 1912 2328 1965 Dipn.

1268 1968 1338 2008 lib.
1353 1969 1447 2009 VIII
1461 1983 1500 2021 p.
1524 1970 1598 2013 334
1623 1969 1652 2006 B
1669 1983 1678 2007 ε
1699 1970 1737 2007 οὗ
1747 1968 1912 2007 λανθάνει
1932 1968 1971 2008 δέ
1988 1985 2031 2020 με
2047 1969 2106 2008 καὶ
2129 1970 2182 2009 ὅτι
2202 1974 2327 2017 κοινῶς

1267 2028 1396 2073 πάντες
1410 2031 1442 2069 οἱ
1457 2026 1572 2082 ἰχθύες
1583 2030 1790 2078 καμασῆνες
1805 2028 1873 2068 ὑπὸ
1886 2027 2172 2080 Ἐμπεδοκλέους
2187 2031 2332 2085 ἐλέχθη-

1268 2103 1333 2125 σαν
1353 2091 1414 2126 τοῦ
1435 2089 1583 2140 φυσικοῦ
1610 2086 1720 2131 οὕτως
1734 2102 1743 2112 ·
1772 2089 1847 2131 πῶς
1867 2088 1930 2126 καὶ
1955 2088 2100 2141 δένδρεα
2120 2092 2242 2144 μακρὰ
2268 2092 2329 2131 καὶ

1270 2145 1415 2185 εἰνάλιοι
1435 2149 1653 2197 καμασῆνες.
1671 2145 1849 2185 Fortasse
1862 2146 1928 2185 hic
1948 2160 2087 2186 versus
2107 2151 2329 2200 praeceden-

1266 2204 1372 2243 tibus
1405 2213 1589 2256 quattuor
1626 2204 1676 2243 ab
1713 2205 1950 2257 Empedocle
1995 2206 2324 2259 subjungebatur.

1266 2263 1410 2302 Statuit
1439 2273 1566 2303 autem
1596 2264 1860 2317 philosophus
1889 2274 1977 2304 ante
2008 2265 2188 2306 homines
2214 2278 2325 2309 natos

1265 2322 1425 2362 arbores
1447 2333 1484 2362 et
1507 2324 1660 2376 plantas
1680 2337 1765 2362 esse
1781 2333 2018 2376 procreatas.
2041 2325 2097 2364 Cf.
2122 2326 2323 2370 Plutarch.

1265 2382 1369 2421 Plac.
1394 2383 1492 2434 phil.
1523 2383 1570 2432 V,
1594 2385 1661 2431 26;
1682 2383 1819 2422 Galen.
1854 2384 1952 2423 Hist.
1980 2384 2078 2436 phil.
2098 2385 2322 2436 XXXVIII3

1265 2443 1460 2494 Porphyr.
1481 2442 1529 2480 de
1550 2442 1704 2482 Abstin.
1725 2442 1778 2490 II,
1803 2442 1852 2491 5;
1883 2442 2039 2482 Lucret.
2061 2444 2107 2492 V,
2131 2447 2322 2498 781-789.

1264 2504 1454 2542 Caeterum
1480 2503 1641 2541 arbores
1667 2511 1705 2541 et
1729 2503 1858 2555 pisces
1876 2503 1918 2543 h.
1954 2503 1982 2543 l.
2015 2515 2315 2556 componuntur,

1263 2563 1367 2601 inter
1396 2576 1483 2614 quae
1512 2575 1558 2600 ea
1577 2562 1785 2600 intercedit
1814 2562 2035 2602 similitudo
2050 2594 2059 2611 ,
2080 2566 2186 2615 quod
2207 2566 2323 2605 ambo

1264 2636 1343 2660 non
1363 2622 1480 2660 vivos
1498 2621 1659 2673 pariunt
1676 2622 1773 2660 fetus
1786 2651 1796 2670 ,
1817 2622 1889 2661 sed
1909 2636 1984 2661 ova
2004 2624 2067 2662 vel
2087 2638 2219 2663 semen
2241 2626 2324 2664 fun-

1262 2686 1375 2725 dunt.
1401 2684 1461 2725 Cf.
1486 2697 1590 2725 νει-5.
1626 2686 1719 2725 286.
1741 2685 1820 2724 Pro
1845 2684 1967 2738 μακρὰ
1986 2686 2163 2737 Scaliger
2191 2688 2321 2739 legen-

1261 2745 1352 2783 dum
1369 2746 1588 2797 suspicatus
1603 2754 1662 2783 est
1679 2744 1772 2783 καλὰ
1787 2759 1865 2797 qua
1885 2747 2100 2785 mutatione
2117 2747 2227 2786 locus
2241 2762 2320 2786 non

1261 2813 1357 2855 eget.
1385 2804 1443 2842 Ita
1474 2813 1513 2842 et
1541 2805 1660 2857 paulo
1688 2805 1853 2844 inferius
1877 2805 2137 2858 Empedocles
2161 2820 2219 2847 vs.
2244 2809 2320 2846 286

1261 2864 1452 2915 multique
1471 2864 1540 2903 alii
1556 2874 1681 2917 poetae
1695 2894 1706 2912 ‚
1726 2867 1835 2904 velut
1849 2866 2005 2906 Homer.
2023 2866 2137 2906 Iliad.
2154 2866 2228 2907 lib.
2249 2868 2318 2916 xl,

1261 2924 1333 2971 883
1349 2924 1490 2976 OdySS.
1506 2924 1579 2965 lib.
1595 2924 1642 2973 V,
1661 2926 1753 2965 238.
1768 2925 1836 2964 Est
1851 2939 1948 2964 vero
1962 2929 2167 2977 καμασῆνες
2183 2940 2315 2965 rarum

1258 2983 1418 3034 quidem
1436 2983 1675 3023 vocabulum
1689 3014 1699 3032 ,
1717 2985 1784 3023 sed
1803 2993 1929 3023 tamen
1944 2986 2033 3024 aliis
2052 2999 2209 3038 quoque
2226 3000 2321 3038 poe-

1259 3043 1308 3081 tis
1324 3052 1567 3096 usurpatum.
1584 3044 1664 3083 Hos
1680 3045 1912 3096 perstringit
1932 3045 2138 3096 Antipater
2154 3045 2326 3084 Thessa-

1259 3101 1471 3141 lonicensis
1490 3103 1533 3141 in
1554 3103 1742 3141 Brunckii
1762 3103 1875 3142 Anal.
1899 3112 1991 3143 tom.
2011 3103 2047 3141 11
2065 3117 2105 3156 p.
2131 3117 2203 3142 120
2224 3118 2233 3143 :

1310 3189 1459 3242 Φεύγεθ’
1474 3189 1549 3231 ὅσοι
1567 3190 1698 3236 λόκκας
1714 3190 1736 3239 ἢ
1756 3190 1920 3245 λοφνίδας
1938 3189 1960 3238 ἢ
1981 3195 2194 3243 καμασῆνας

1365 3249 1465 3304 ᾄδετε
1477 3280 1487 3299 ,
1501 3253 1656 3299 ποιητῶν
1677 3253 1784 3305 φῦλον
1806 3250 2068 3304 ἀκανθολόγων.

1256 3338 1440 3378 Athenaeo
1448 3339 1671 3391 jungendus
1685 3340 1911 3380 Eustathius
1929 3342 1977 3379 ad
1988 3341 2130 3393 Odyss.
2152 3340 2221 3380 lib.
2240 3340 2312 3378 XII

1257 3413 1298 3451 p.
1325 3414 1441 3449 1720,
1466 3407 1530 3447 44.
1555 3402 1670 3454 Apud
1689 3402 1928 3454 Hesychium
1947 3409 2148 3440 exaratum
2170 3408 2227 3437 est
2248 3414 2314 3437 κα-

1256 3461 1421 3509 μασῖνες,
1459 3459 1588 3514 ἰχθύες.
1623 3460 1699 3500 Sed
1731 3461 1862 3500 Suidae
1895 3460 2018 3500 verba
2055 3458 2312 3509 Καμασσηνός,

1253 3519 1385 3559 ἐθνικόν
1407 3520 1484 3559 huc
1498 3534 1576 3559 non
1599 3522 1812 3571 pertinent.
1834 3519 2096 3568 Quamobrem
2117 3531 2236 3570 supra
2251 3531 2312 3557 vs.
