2612 3814
255 309 331 342 502

391 390 599 442 (Justinus
615 389 765 440 Martyr
780 388 943 428 Exhort.
961 388 1008 426 ad
1023 396 1155 438 gentes
1172 401 1211 438 p.
1228 387 1307 434 2ο.)

251 465 296 491 36.
326 452 390 491 Δεῖ
410 453 711 489 τεκνοποιεῖσθαι·
733 450 784 487 δεῖ
818 448 886 501 γὰρ
920 447 1207 486 ἀντικαταλιπεῖν
1234 445 1310 487 τοὺς

333 510 587 565 θεραπεύοντας
604 509 661 548 τὸν
684 508 771 547 θεόν.

388 568 659 623 (Jamblichus
678 568 750 606 vit.
774 567 889 618 Pyth.
909 580 999 618 cap.
1027 566 1088 604 18.
1106 566 1119 616 )

254 644 304 671 37.
338 629 400 677 Μὴ
422 630 570 680 ὀμνύναι
587 628 704 675 θεούς,
727 628 846 665 ἀσκεῖν
867 624 934 678 γὰρ
954 623 1058 663 αὑτὸν
1084 624 1155 663 δεῖν
1178 622 1312 668 ἀξιόπι-

333 704 414 728 στον
431 689 615 742 παρέχειν.

389 748 611 799 (Diogenes
631 746 809 784 Laertius
831 743 902 783 lib.
923 743 1033 791 vili,
1054 743 1149 792 22.)

251 822 297 849 38.
325 807 420 852 Τοὺς
451 805 710 859 πρεσὸυτέρους
730 811 838 854 τιμᾶν
870 804 959 851 δεῖν,
979 803 1018 841 τὸ
1046 801 1311 856 προηγούμενον

333 871 383 922 τῷ
407 866 524 920 χρόνῳ
545 865 755 918 τιμιώτερον
776 863 1006 914 ἡγουμένους.

390 929 400 976 (
418 928 609 976 Diogenes
626 924 806 963 Laertius
822 924 892 962 lib.
911 922 1019 971 VIII,
1044 935 1107 961 22.
1125 922 1135 975 )

260 1000 299 1032 γ).
331 986 514 1033 Ἀλλήλοις
534 985 671 1035 ὁμιλεῖν
684 1013 695 1035 ,
709 985 756 1027 ὡς
772 982 851 1027 τοὺς
873 982 935 1033 μὲν
958 982 1078 1031 φίλους
1099 980 1243 1035 ἐχθροὺς
1264 979 1314 1032 μὴ

334 1047 480 1091 ποιῆσαι
495 1073 505 1091 ,
529 1042 608 1088 τοὺς
628 1042 656 1082 δ’
674 1040 818 1095 ἐχθροὺς
834 1041 953 1095 φίλους
971 1041 1204 1094 ἐργάσασθαι.

393 1104 402 1156 (
420 1104 614 1154 Diogenes
634 1102 813 1141 Laertius
836 1101 910 1141 lib.
931 1101 1038 1150 VIII,
1059 1103 1151 1152 23.)

256 1180 303 1206 40.
334 1162 442 1204 Ἴδιον
466 1163 575 1215 μηδὲν
592 1163 771 1214 ἡγεῖσθαι.

391 1224 610 1275 (Diogenes
634 1222 812 1262 Laertius
833 1221 901 1261 lib.
922 1220 1031 1269 vni,
1058 1221 1123 1261 23.
1141 1221 1151 1268 )

253 1298 301 1324 41.
336 1283 449 1336 Νόμῳ
473 1285 612 1336 βοηθεῖν
627 1314 638 1333 ,
656 1281 786 1335 ἀνομίᾳ
803 1282 988 1332 πολεμεῖν.

393 1343 612 1394 (Diogenes
638 1341 817 1380 Laertius
842 1340 914 1379 lib.
936 1340 1050 1388 VIII,
1068 1341 1157 1391 23.)

254 1417 303 1443 42.
337 1403 526 1446 Αἷδῶ,καὶ
556 1401 745 1440 εὐλάὸειαν
777 1403 917 1440 ἀσκεῖν·
942 1400 1031 1451 μήτε
1054 1401 1182 1453 γέλωτι
1214 1400 1319 1439 κατέ-

334 1465 479 1515 χεσθαι,
502 1462 592 1512 μήτε
613 1462 893 1513 σκυθρωπάζειν.

393 1522 612 1571 (Diogenes
633 1521 811 1560 Laertius
828 1520 900 1560 lib.
921 1520 1028 1567 vlu,
1052 1519 1138 1571 23.)

254 1594 302 1621 43.
334 1581 487 1631 Φεύγειν
504 1583 643 1634 σαρκῶν
659 1579 898 1631 πλεονασμόν.

394 1640 403 1693 [
421 1641 613 1690 Diogenes
633 1639 811 1679 Laertius
834 1640 905 1679 lib.
925 1639 1040 1687 vlll,
1063 1638 1157 1690 23.)

256 1713 304 1739 44.
334 1699 395 1737 Ἔν
417 1701 503 1750 ὀργῇ
521 1699 612 1749 μήτε
627 1715 661 1738 τι
679 1699 793 1751 λέγειν
815 1698 905 1750 μήτε
919 1699 1102 1751 πράσσειν.

391 1759 533 1811 (Diog.
555 1759 682 1799 Laert.
705 1759 775 1798 lib.
796 1759 907 1806 VIII,
929 1760 1010 1811 23.)

254 1832 304 1858 45.
334 1817 490 1868 Μνήμην
504 1821 639 1858 ἀσκεῖν.

393 1877 536 1930 (Diog.
558 1877 684 1918 Laert.
703 1877 777 1919 lib.
793 1877 899 1928 VIII,
925 1879 989 1917 23.
1009 1875 1020 1930 )

255 1952 304 1978 46.
337 1937 551 1991 Πυθαγόρας
570 1938 757 1991 ἐρωτηθεὶς
787 1937 857 1976 ὑπό
886 1953 978 1981 τινος
1003 1935 1224 1989 οἰνόφλυγος,
1246 1938 1321 1979 πῶς

338 1997 378 2036 ἂν
397 2001 458 2036 τοῦ
481 1996 619 2047 μεθύειν
637 1996 831 2048 παύσοιτο,
854 1995 920 2051 ἔφη
934 2013 942 2022 ·
961 1998 1007 2036 Εἰ
1028 1997 1181 2049 συνεχῶς
1197 1999 1320 2048 θεωρεῖ

340 2055 384 2094 τὰ
405 2058 465 2094 ὑπ’
487 2057 592 2095 αὐτοῦ
613 2055 857 2110 πρασσόμενα.

397 2116 564 2170 (Anton.
586 2125 624 2155 et
643 2116 839 2155 Maximus
859 2129 976 2155 serm.
999 2114 1079 2167 περὶ
1094 2113 1237 2165 μέθης.)

260 2189 310 2216 47.
344 2174 452 2228 Ἀρχὴ
474 2174 512 2213 δέ
532 2190 586 2214 τοι
608 2174 721 2226 ἥμισυ
739 2174 890 2225 παντός,
913 2173 1190 2228 ἀπόφθεγμά
1222 2174 1319 2211 ἐστι

338 2234 606 2289 Πυθαγόρου
628 2235 776 2274 αὐτοῦ.

302 2488 355 2520 36.
381 2487 487 2521 Liberi
507 2481 944 2529 suscipiendi'tibi30portet
957 2486 1044 2519 enim
1063 2484 1202 2518 vicissim
1226 2483 1322 2516 relin—

260 2555 360 2588 quere
376 2546 522 2580 numinis
536 2546 691 2580 cultores.

304 2608 356 2638 37.
372 2606 383 2646 (
398 2606 598 2647 Pythagoras
611 2606 677 2638 suis
692 2605 931 2647 interdicebat)
947 2614 987 2638 ne
1001 2614 1058 2647 per
1071 2604 1149 2637 deos
1160 2604 1325 2644 jurarent:

263 2663 380 2697 debere
408 2665 494 2697 enim
524 2674 797 2707 unumquemque
833 2675 966 2708 operam
999 2666 1099 2707 dare,
1130 2667 1168 2697 ut
1198 2673 1233 2696 se
1265 2663 1328 2696 tide

272 2723 397 2765 iignum
415 2723 597 2757 exhiberet.

308 2785 362 2815 38.
388 2782 537 2816 seniores
571 2784 667 2817 nobis
700 2785 909 2818 honorandos
941 2794 1032 2826 esse,
1065 2784 1154 2826 quod
1182 2785 1330 2825 tempore

287 2842 438 2884 raecedit,
462 2843 585 2884 majore
602 2843 725 2877 honore
742 2844 962 2877 decorandum
990 2844 1265 2877 existimantibus.

309 2906 368 2937 39.
398 2904 488 2937 Alter
512 2905 616 2938 altero
634 2905 680 2937 ita
710 2905 916 2939 familiariter
944 2906 991 2939 uti
1012 2906 1187 2946 debemus,
1212 2910 1330 2938 utnon

267 2972 306 2996 ex
325 2964 439 2997 amicis
453 2963 620 3006 inimicos,
642 2964 698 2997 sed
716 2973 756 2998 ex
779 2965 917 2998 inimicis
932 2966 1055 2998 amicos
1075 2965 1244 2999 faciamus.

311 3025 370 3056 40.
401 3023 575 3065 Proprium
590 3023 671 3056 nihil
690 3023 888 3058 ducendum.

310 3087 364 3117 41.
391 3085 531 3127 Legibus
546 3094 641 3127 opem
665 3085 830 3118 ferendam
852 3086 1079 3128 :iniquitatem
1093 3087 1331 3121 debellandam.

315 3146 369 3177 42.
392 3144 631 3178 Verecundiam
660 3146 693 3177 et
727 3145 883 3187 pietatem
913 3155 986 3180 esse
1014 3147 1216 3180 colendam:
1254 3148 1334 3181 risui

272 3214 367 3247 aeque
382 3213 422 3237 ac
440 3204 584 3237 tristitiae
597 3214 662 3237 non
680 3204 928 3247 indulgendum.

314 3267 368 3298 43.
392 3263 556 3305 Fugienda
575 3265 682 3297 earnis
696 3264 909 3311 abundantia.

314 3327 367 3358 44.
392 3324 466 3358 Noli
486 3323 667 3366 quidquam
683 3323 786 3357 iratus
805 3325 862 3357 aut
879 3324 987 3358 dicere
1003 3327 1060 3358 aut
1087 3326 1204 3360 facere.

316 3389 370 3420 45.
395 3387 519 3418 Exerce
538 3385 742 3419 memoriam.

316 3447 370 3478 46.
393 3445 592 3486 Pythagoras
605 3453 624 3476 a
645 3445 759 3478 vinoso
775 3444 916 3487 quodam
942 3445 1076 3479 homine·
1094 3446 1330 3488 interrogatus,

275 3503 442 3546 quomodo
462 3503 651 3537 ebrietatem
670 3491 885 3545 relinqueret.
905 3504 990 3537 dixit
1013 3517 1020 3537 :
1038 3505 1065 3538 si
1087 3514 1175 3546 saepe
1190 3506 1337 3540 conside-

279 3566 381 3605 raret,
401 3573 474 3605 qum
491 3572 547 3604 per
563 3564 784 3597 temulentiam
799 3564 937 3598 fecisset.
978 3593 981 3596 ⁴

916 295 1397 339 PYTHAGOREORUM
1428 295 1493 334 ET
1523 292 1767 333 ALIORUM

1507 383 1518 432 (
1535 380 1782 420 Jamblichus
1822 379 1871 419 de
1915 380 1999 418 vita
2040 379 2208 432 Pythag.
2247 392 2335 431 cap.
2377 392 2430 431 29

1451 457 1491 495 p.
1517 443 1592 486 342
1607 441 1704 481 edit.
1727 439 1970 493 Kiessling.)

1372 516 1421 543 48.
1455 500 1668 553 Πυθαγόρας
1687 499 1874 552 ἐρωτηθεὶς
1893 501 1928 538 τί
1954 503 2112 539 ποιοῦσιν
2134 497 2315 552 ἅνθρωποι
2343 501 2433 543 θεοῖς

1454 561 1575 612 ὅμοιον
1594 559 1661 615 ἔφη
1678 578 1695 596 α
1715 559 1775 598 ἐὰν
1791 559 2023 608 ἀληθεύωσιν.
2049 577 2063 594 ιι
2085 560 2135 598 Οἱ
2155 558 2190 598 δὲ
2213 558 2321 610 μα’γοι
2341 559 2432 598 ἀπο·

1454 621 1637 675 φαίνονται
1657 622 1715 659 τοῦ
1734 618 1902 670 μεγίστου
1922 620 1991 657 τῶν
2011 620 2098 657 θεῶν
2112 647 2122 666 ,
2144 616 2181 656 ὃν
2201 616 2436 670 Ὠρομάγδην

1453 680 1642 726 καλοῦσιν,
1674 677 1823 717 ἐοικέναι
1842 676 1883 717 τὸ
1907 676 1971 728 μὲν
1989 679 2096 729 σῶμα
2116 676 2206 731 φωτὶ
2230 676 2294 724 τὴν
2313 674 2349 715 δὲ
2369 676 2436 729 ψυὸ

1454 739 1522 793 χὴν
1546 739 1709 792 ἀληθείᾳ.

1510 797 1712 849 (Stobaeus
1733 797 1836 838 Flor.
1855 797 1923 836 XI.
1947 797 1996 836 25
2014 795 2263 850 Πυθαγόρου.)

1375 871 1421 897 49.
1454 858 1666 911 Πυθαγόρας
1698 851 1817 903 εἶπεν,
1836 855 1983 895 εἰσιέναι
2008 857 2057 900 εἰς
2076 856 2138 899 τὰς
2165 854 2284 901 πόλεις
2297 856 2453 909 πρῶτον’

1457 916 1589 970 τρυφήν
1606 948 1616 968 ,
1633 916 1754 956 ἔπειτα
1772 916 1896 970 κόρον,
1918 909 1996 955 εἶτα
2014 914 2138 969 ὕὸριν,
2161 913 2252 966 μετὰ
2271 913 2308 953 δὲ
2321 916 2438 954 ταῦτα

1461 976 1618 1029 ὄλεθρον.
2389 1010 2392 1011 ⁷

1512 1036 1707 1090 (Stobaeus
1727 1037 1832 1076 Flor.
1850 1035 1991 1084 XLIII,
2007 1050 2057 1088 79
2074 1034 2300 1088 Πυθαγόρου.
2317 1032 2328 1086 )

1377 1111 1428 1138 50.
1459 1096 1574 1136 Οὐδὲν
1592 1097 1643 1134 δεῖ
1664 1098 1734 1136 τῶν
1757 1095 1984 1149 ἀνθρωπίνων
2002 1094 2280 1146 συμπτωμάτων
2295 1094 2438 1146 ἀπροσ-

1460 1156 1606 1205 δόκητον
1648 1149 1737 1195 εἶναι
1774 1155 1872 1209 παρὰ
1921 1160 1993 1200 τοῖς
2026 1158 2107 1195 νοῦν
2149 1156 2310 1209 ἔχουσιν,
2349 1151 2443 1192 ἀλλὰ

1461 1215 1577 1255 πάντα
1598 1217 1798 1269 προσδοκᾶν
1813 1247 1824 1268 ,
1845 1209 1895 1256 ὧν
1925 1215 1976 1268 μὴ
2004 1214 2238 1268 τυγχάνουσιν
2257 1213 2357 1254 αὐτοὶ
2377 1212 2444 1253 xii--

1465 1292 1531 1330 ριοι
1550 1276 1663 1320 ὄντες.
2202 1314 2208 1320 ,

1522 1336 1798 1388 (Jamblichus
1824 1336 1872 1375 de
1888 1336 1958 1376 vit.
1991 1336 2159 1388 Pythag.
2187 1349 2272 1388 cap.
2296 1332 2440 1379 XXXII

1461 1409 1549 1448 pag.
1575 1401 1650 1441 444
1674 1396 1841 1446 Kiessl.)

1381 1469 1431 1494 51.
1463 1455 1727 1506 Συμὸουλεύειν
1754 1454 1864 1506 μηδὲν
1881 1456 1981 1509 παρὰ
2009 1455 2049 1495 τὸ
2073 1456 2254 1508 βέλτιστον
2277 1457 2328 1508 τῷ
2346 1468 2442 1505 συμ-

1464 1514 1726 1567 6ουλευομένῳ·
1747 1514 1839 1568 ἱερὸν
1855 1515 1923 1569 γὰρ
1945 1515 2144 1566 συμὸουλή.

1519 1574 1794 1625 (Jamblichus
1813 1576 1862 1614 de
1894 1575 1967 1615 vit.
2002 1575 2168 1627 Pythag.
2192 1588 2279 1626 cap.
2311 1571 2442 1614 XVIII

1464 1648 1503 1685 p.
1533 1635 1605 1672 183
1624 1634 1683 1672 ed.
1702 1634 1874 1685 Kiessl.)

1382 1707 1431 1732 52.
1467 1693 1611 1744 Ἀγαθὸν
1639 1695 1670 1732 οἱ
1692 1694 1812 1733 πόνοι·
1835 1696 1870 1733 αἱ
1890 1693 1926 1733 δὲ
1947 1694 2071 1741 ἡδοναὶ
2103 1695 2143 1733 ἐκ
2159 1694 2290 1739 παντὸς
2309 1693 2446 1747 τρόπου

1465 1770 1591 1794 κακον.

1523 1814 1796 1866 (Jamblichus
1822 1814 1870 1852 de
1905 1815 1976 1854 vit.
1998 1815 2162 1866 Pythag.
2189 1827 2275 1866 cap.
2311 1813 2446 1854 XVIII

1466 1888 1507 1926 p.
1537 1875 1610 1912 183
1638 1874 1701 1912 ed.
1726 1873 1900 1926 Kiessl.)

1384 1947 1434 1975 53.
1469 1934 1501 1973 ’A
1511 1933 1579 1987 ρχή
1596 1936 1690 1974 ἐστιν
1708 1936 1730 1981 ἡ
1749 1933 1829 1987 περὶ
1856 1934 1915 1973 τὸν
1937 1927 2031 1973 οἶκον
2054 1932 2173 1972 δικαία
2197 1933 2348 1975 διάθεσις
2378 1937 2444 1982 τῆς

1464 1994 1548 2040 ὅλης
1567 1995 1602 2032 ἐν
1616 1998 1693 2037 ταῖς
1710 1993 1854 2032 πόλεσιν
1869 1992 2030 2039 εὐταξίας
2041 2009 2049 2018 ·
2072 1992 2144 2032 ἀπὸ
2163 1992 2233 2047 γὰρ
2253 1995 2323 2031 τῶν
2338 1991 2446 2032 οἴκων

1468 2055 1504 2092 αἱ
1521 2053 1640 2098 πόλεις
1659 2054 1902 2095 συνίστανται.

1525 2113 1796 2165 (Jamblichus
1828 2114 1877 2152 de
1904 2114 1978 2154 vit.
2011 2113 2178 2166 Pythag.
2216 2126 2302 2164 cap.
2339 2111 2445 2151 XXX

1466 2187 1504 2224 pv
1522 2173 1599 2224 359
1620 2174 1682 2212 ed.
1704 2172 1875 2227 Kiessl.)

1387 2245 1435 2271 ⁶4.
1472 2234 1641 2286 Προνοεῖν
1675 2234 1726 2272 δεῖ
1760 2234 1895 2271 μᾶλλον
1928 2232 2132 2286 φιλοσοφίας
2164 2232 2186 2280 ἢ
2225 2230 2355 2283 γονέων
2390 2232 2478 2275 καὶ.

1428 2486 1482 2516 47.
1508 2484 1706 2526 Principium
1734 2493 1810 2517 vero
1829 2483 2001 2517 dimidium
2032 2483 2150 2524 totius,
2169 2484 2280 2524 ipsius
2307 2481 2450 2523 Pytha-

1387 2554 1480 2586 9or·ae
1499 2544 1652 2581 effatum
1671 2547 1735 2577 esc.

1430 2607 1484 2637 48.
1509 2603 1709 2646 Pythagoras
1732 2604 1964 2645 interrogatus,
1985 2602 2064 2645 quid
2084 2602 2146 2636 deo
2174 2601 2282 2635 simile
2308 2602 2452 2635 facerent

1391 2665 1560 2708 homines,
1585 2666 1670 2698 Cum
1697 2673 1775 2698 vera
1794 2664 1961 2704 dicerent,
1980 2663 2160 2705 respondit.
2178 2657 2344 2697 caeterum
2370 2661 2455 2702 magi

1390 2726 1571 2759 maximum
1588 2725 1726 2759 deorum
1738 2750 1746 2765 ,
1762 2734 1861 2767 quem
1879 2723 2084 2765 Oromagden
2095 2723 2156 2765 ipsi
2171 2723 2303 2764 vocant,
2318 2729 2455 2763 corpote

1391 2787 1524 2828 quidem
1538 2786 1699 2819 affirmant
1711 2795 1782 2818 esse
1795 2786 1858 2818 luci
1873 2785 2010 2817 similem
2020 2807 2030 2825 ,
2044 2784 2152 2817 animo
2166 2785 2278 2816 autem
2295 2780 2437 2815 veritali.

1436 2851 1489 2882 49.
1516 2847 1717 2889 Pythagoras
1748 2845 1832 2878 dixit
1862 2845 2047 2887 immigrare
2076 2844 2110 2876 in
2130 2843 2280 2877 civitates
2310 2841 2454 2884 primum

1392 2909 1580 2950 luxuriam,
1604 2906 1721 2941 deinde
1756 2906 1958 2946 satietatem,
1986 2906 2058 2938 tum
2088 2902 2312 2943 insolentiam,
2346 2901 2455 2943 postea

1392 2968 1544 3003 exitium.

1437 3033 1490 3063 50.
1513 3028 1601 3063 Nihil
1628 3036 1741 3062 eorum
1761 3034 1838 3068 quae
1853 3024 1980 3058 homini
1999 3023 2185 3064 contingere
2207 3022 2344 3064 possunt
2364 3021 2449 3054 inex·

1395 3088 1579 3130 spectatum
1601 3084 1801 3128 sapientibus
1819 3082 1964 3115 accidere
1977 3082 2124 3123 oportet,
2146 3080 2204 3113 sed
2225 3089 2300 3122 quae
2318 3079 2351 3112 in
2372 3078 2458 3121 ipso-

1396 3156 1470 3180 rum
1489 3146 1648 3188 potestate
1663 3154 1729 3178 non
1754 3146 1849 3184 sunt,
1865 3142 1975 3175 omnia
1988 3142 2177 3183 exspectare
2197 3140 2329 3173 debent.

1440 3211 1491 3240 51.
1515 3205 1705 3239 consulenti
1729 3213 1788 3236 nos
1813 3203 1892 3235 nihil
1915 3201 2002 3234 aliud
2041 3209 2141 3242 quam
2171 3200 2295 3242 optima
2317 3200 2459 3243 qumque

1396 3266 1534 3300 suadere
1550 3265 1708 3299 debemus
1731 3276 1740 3296 ι
1758 3272 1847 3296 saera
1863 3262 1948 3295 enim
1970 3270 2020 3294 res
2036 3263 2085 3294 est
2106 3261 2288 3294 consilium.
2370 3263 2374 3266 ’

1442 3331 1494 3360 52.
1517 3326 1623 3360 Utiles
1640 3327 1717 3358 sunt
1730 3322 1860 3356 labores
1875 3332 1883 3354 :
1903 3321 2012 3354 noxiae
2026 3321 2162 3353 omnino
2178 3320 2374 3360 voluptates.

1441 3389 1494 3421 53.
1519 3384 1719 3427 Principium
1739 3384 1787 3417 est
1807 3382 1914 3415 omnis
1933 3381 2009 3414 boni
2039 3381 2160 3413 ordinis
2180 3380 2211 3412 in
2229 3379 2360 3412 civitate
2371 3378 2460 3419 iusta

1399 3447 1446 3480 rei
1477 3446 1663 3478 domesticae
1688 3442 1855 3485 dispositio
1889 3451 1898 3473 :
1919 3450 1993 3474 nam
2013 3450 2031 3474 e
2044 3440 2196 3473 domibus
2212 3439 2363 3472 civitates
2379 3446 2460 3470 oon·

1400 3508 1498 3540 stant.

1445 3569 1495 3599 54.
1521 3565 1658 3607 Oportet
1675 3572 1734 3596 nos
1753 3562 1865 3604 majori
1885 3561 1995 3595 studio
2019 3559 2255 3602 philosophiam
2275 3565 2374 3599 qnam
2402 3563 2459 3597 pa·

2571 3381 2590 3632 istm=.Q<.-:;n
2579 3242 2591 3369 sua-<Qui-
2573 3187 2590 3234 μ».--
2581 3141 2590 3180 „w
2582 3123 2584 3128 ἡ
2584 3103 2589 3113 ,Α
2579 3082 2589 3092 22
2580 3033 2591 3075 w*
