2612 3814
139 3156 201 3196 ιν.

1012 262 1081 302 ΒΕ
1109 258 1431 301 DEMOCRITO.

123 350 210 403 πρὸς
229 349 288 389 τὸν
314 350 536 403 Δημόκριτον
563 348 744 402 ἐξηγήσεις
768 350 815 390 α’.
836 353 1025 389 Praeterea
1052 349 1180 388 Theo·

124 410 325 462 phrastum
364 405 744 459 testatur-'Diogenes
785 409 855 448 lib.
890 409 935 457 V,
970 410 1018 454 43
1057 417 1095 448 et
1130 415 1181 459 49

123 469 220 507 duas
251 468 300 508 de
330 468 556 507 Democrito
586 469 934 508 commentationes
974 469 1179 520 vulgasse,

123 541 289 579 quarum
310 541 389 567 una
407 528 563 566 titulum
587 526 668 581 περὶ
687 530 749 576 τῆς
769 527 995 581 Δημοκρίτου
1014 530 1182 582 ἀστρολο-

36 587 40 595 “
123 586 204 636 γίας
222 584 277 634 α’,
305 587 426 625 altera
446 586 526 638 περὶ
546 586 773 640 Δημοκρίτου
805 587 1103 639 inscriptionem
1140 588 1181 626 in

128 645 255 684 fronte
287 645 460 697 gerebat.
483 645 662 684 Fortasse
681 646 797 685 etiam
828 647 870 685 in
892 647 1182 685 commentariis
1210 632 1214 696 Ι

125 703 207 757 περὶ
226 707 287 743 τοῦ
311 704 506 755 διακόσμου
529 705 665 755 (Diog.
687 705 715 746 l.
745 706 772 745 l.
790 706 800 756 )
821 714 857 744 et
875 705 954 759 περὶ
983 707 1052 744 τῶν
1074 704 1183 744 εἰδώ-

52 811 56 818 .
124 764 194 802 λων
215 763 264 802 de
285 764 512 803 Democrito
530 765 624 814 egit.
652 764 828 804 Eundem
849 766 890 804 in
911 765 1184 805 voluminibus
1244 766 1286 805 C.

37 842 58 868 χ
124 836 212 874 quae
232 823 281 862 de
299 836 430 862 rerum
452 833 590 862 natura
609 824 778 863 confecit
797 825 1015 864 Democriti
1041 825 1185 864 doctri-

125 895 214 920 nam
236 882 461 935 frequenter
481 883 702 935 respexisse
719 897 807 922 cum
828 897 876 922 ex
896 884 947 923 iis
981 884 1181 932 videmus,

125 954 212 992 quae
236 941 286 980 ad
313 951 488 980 nostram
509 943 739 981 memoriam
759 951 1011 991 manserunt,
1034 951 1115 982 tum
1136 956 1185 982 ex

123 1000 319 1053 Simplicii
337 1015 479 1042 comm.
502 1001 551 1040 ad
573 1002 733 1043 Aristot.
751 1002 799 1041 de
815 1002 926 1041 Coelo
945 1001 1015 1040 lib.
1038 1002 1096 1040 ΙΙΙ
1114 1003 1181 1054 fol.

129 1061 204 1112 139
220 1060 247 1099 b
268 1075 277 1099 τ
300 1060 522 1114 Δημόκριτος
541 1060 600 1113 δέ,
615 1063 662 1106 ὡς
675 1060 903 1114 Θεόφραστος
921 1061 957 1100 ἐν
977 1062 1050 1106 τοῖς
1066 1063 1185 1102 Φυσι-

125 1119 198 1163 κοῖς
217 1120 371 1174 ἱστορεῖ,
401 1122 448 1164 ὡς
479 1122 663 1164 ἷδιωτικῶς
685 1119 920 1159 ἀποδιδόντων
941 1122 1011 1159 τῶν
1033 1120 1127 1160 κατὰ
1145 1121 1187 1160 τὸ

125 1178 253 1230 θερμὸν
275 1179 337 1219 καὶ
357 1178 397 1218 τὸ
413 1178 547 1232 ψυχρὸν
563 1179 624 1219 καὶ
645 1179 690 1218 τὰ
705 1182 852 1219 τοιαῦτα
874 1179 1182 1232 αἶτιολογούντων,

126 1237 187 1276 ἐπὶ
201 1236 263 1282 τὰς
274 1237 425 1289 ἀτόμους
440 1237 562 1286 ἀνέὸη.
577 1238 683 1277 Idem
703 1238 751 1277 de
765 1238 935 1277 Eudemo
953 1239 1186 1279 Aristoteleo

127 1297 379 1337 censendum.
398 1297 457 1335 Cf.
477 1297 658 1350 Simplic.
689 1298 738 1336 ad
765 1298 929 1338 Aristot.
963 1298 1083 1351 Phys.
1105 1300 1180 1341 lib.

128 1355 200 1404 111,
235 1356 304 1396 fol.
330 1357 403 1394 106
433 1365 471 1395 et
501 1356 573 1396 lib.
597 1356 664 1409 lv,
694 1357 763 1398 fol.
791 1363 880 1403 124.
910 1357 969 1397 Ex
989 1359 1186 1399 citerioris

125 1415 248 1454 aetatis
285 1415 549 1468 scriptoribus
590 1416 639 1456 de
676 1416 752 1456 hoc
794 1426 942 1456 naturae
973 1417 1187 1471 interprete

125 1475 311 1527 praeclare
329 1476 473 1514 meruit
493 1475 748 1528 Thrasyllus,
776 1477 1038 1531 philosophus
1053 1487 1093 1517 et
1106 1492 1186 1517 ma-

127 1533 357 1573 thematicus
371 1535 440 1587 qui
456 1534 530 1574 sub
548 1535 714 1574 Tiberio
736 1537 976 1588 imperatore
996 1537 1113 1578 vixit.
1141 1538 1185 1576 ln

126 1606 174 1632 eo
203 1593 307 1632 enim
341 1606 462 1644 opere
486 1595 550 1633 cui
584 1594 754 1634 indicem
785 1596 928 1634 fecerat
955 1594 1000 1634 τὰ
1027 1596 1096 1650 πρὸ
1125 1600 1186 1645 τῆς

126 1651 357 1703 ἀναγνώσεως
378 1656 448 1692 τῶν
476 1653 703 1707 Δημοκρίτου
726 1654 873 1708 βιὸλίων
888 1686 899 1707 ,
921 1664 966 1695 ut
992 1656 1188 1707 Diogenes

127 1711 308 1750 Laertius
334 1711 406 1750 lib.
431 1712 499 1761 IX,
533 1718 578 1758 4ι
607 1723 645 1753 et
672 1715 722 1761 45
750 1715 884 1764 docet,
901 1715 950 1755 de
971 1717 1186 1756 Democriti

127 1772 212 1810 vita
230 1779 268 1810 et
287 1771 437 1822 ingenii
455 1774 720 1813 monumentis
742 1774 1026 1827 disputaverat.
1048 1776 1187 1825 Diges-

130 1830 181 1868 sit
201 1838 329 1869 autem
350 1830 585 1883 Thrasyllus
613 1832 789 1871 Platonis
808 1834 957 1884 pariter
980 1847 1026 1872 ac
1044 1835 1188 1874 Demo-

8 1935 10 1937 ,
35 1911 51 1939 ³22
128 1889 218 1928 criti
237 1889 382 1942 scripta
399 1903 470 1942 per
489 1891 727 1942 tetralogias.
744 1892 858 1939 Quod
873 1893 1002 1945 ipsum
1027 1902 1189 1934 testatur

8 1970 9 1979 ι
67 1959 71 1963 ’
128 1948 323 1999 Diogenes
339 1949 518 1989 Laertius
538 1951 609 1989 lib.
627 1951 695 2002 IX,
718 1952 766 1998 45
792 1952 855 1991 his
875 1952 1010 1992 verbis
1039 1967 1048 1992 :
1075 1953 1133 1994 Τὰ
1151 1954 1187 1994 δὲ

38 2029 43 2036 =
130 2007 251 2061 βιὸλία
274 2010 379 2048 αὐτοῦ
403 2009 464 2048 καὶ
493 2011 701 2065 Θράσυλλος
721 2011 944 2067 ἀναγέγραφε
969 2012 1061 2053 κατὰ
1089 2013 1187 2060 τάξιν

128 2067 256 2115 οὕτως,
275 2069 428 2121 ὡσπερεὶ
445 2069 506 2108 καὶ
529 2070 574 2108 τὰ
597 2070 809 2119 Πλάτωνος,
827 2072 921 2111 κατὰ
936 2073 1184 2125 τετραλογίαν.

129 2127 317 2167 Caeterum
341 2129 538 2179 Diogenes
549 2130 727 2170 Laertius
740 2131 814 2171 lib.
827 2131 898 2180 IX,
918 2133 1039 2184 46-49
1059 2133 1191 2172 libro-

130 2202 216 2227 rum
251 2189 588 2228 Democriteorum
619 2190 823 2229 elenchum
851 2191 1011 2230 exhibet
1033 2194 1189 2233 omissis

131 2247 347 2298 tetralogiis
372 2248 527 2300 quasin
554 2249 661 2288 hunc
684 2249 843 2288 modum
865 2251 1019 2290 restitui
1042 2265 1051 2288 z

130 2326 178 2363 Α.
264 2324 419 2378 Scripta
439 2326 617 2366 moralia.

131 2384 148 2423 Ῑ
252 2397 282 2424 1.
315 2385 528 2438 Πυθαγόρης

256 2457 287 2483 2.
320 2444 411 2497 Περὶ
431 2447 494 2491 τῆς
513 2450 574 2485 τοῦ
595 2449 702 2500 σοφοῦ
721 2445 892 2491 διαθέσιος

255 2516 286 2544 3.
319 2504 410 2556 Περὶ
428 2506 495 2542 τῶν
521 2505 555 2543 ἐν
577 2505 660 2559 ᾅδου

257 2575 287 2602 4.
318 2563 560 2615 Τριτογένεια.

133 2625 184 2664 ΙΙ.
257 2636 288 2662 5.
322 2621 413 2676 Περὶ
434 2623 707 2676 ἀνδραγαθίηςῆ
728 2624 809 2678 περὶ
825 2626 949 2678 ἄρετ’ἧς

254 2695 284 2722 6.
315 2681 525 2732 Ἀμαλθείης
545 2682 650 2737 κέρας

256 2753 286 2780 7.
323 2739 413 2793 Περὶ
429 2741 595 2792 εὐθυμίης

258 2813 289 2840 8.
321 2798 612 2852 εΥπομνημοίτων
627 2803 758 2850 ἠθικῶν
787 2801 834 2851 η’.

134 2862 176 2900 Β.
210 2890 213 2893 -
260 2857 415 2911 Scripta
433 2859 606 2912 physica.

135 2919 199 2958 Ill.
255 2931 284 2957 9.
314 2918 438 2969 Μέγας
458 2920 647 2972 διάκοσμος

244 2991 288 3017 10.
318 2978 454 3031 Μικρὸς
475 2979 668 3033 διάκοσμος

246 3051 291 3079 11.
323 3040 584 3093 Κοσμογραφίη

245 3110 292 3138 12.
323 3097 415 3152 Περὶ
435 3102 503 3138 τῶν
521 3099 724 3149 πλανήτων.

245 3170 293 3197 1³.
322 3157 414 3212 Περὶ
429 3158 549 3212 φύσιος
564 3162 704 3213 πρῶτον

250 3230 294 3257 ι4.
325 3217 415 3270 Περὶ
430 3218 613 3271 ἀνθρώπου
633 3219 755 3274 φύσιος
775 3218 892 3273 ἢπερὶ
906 3219 1033 3272 σαρκός
1056 3220 1087 3272 β

249 3291 297 3317 15.
330 3277 421 3330 Περὶ
439 3276 517 3317 νόου

248 3350 295 3376 16.
328 3335 421 3389 Περὶ
440 3336 644 3386 αἰσθησίων.

141 3395 184 3433 V.
258 3409 302 3436 17.
335 3394 427 3448 Περὶ
447 3399 573 3449 χυμῶν

154 3477 176 3484 ,-

184 3506 248 3548 (53⁸
267 3509 358 3542 Libro
372 3511 448 3551 Περὶ
458 3510 593 3543 ἐἰδώλου
606 3511 626 3550 ἢ
640 3511 708 3553 περὶ
726 3511 889 3553 προνοίης.

252 3573 374 3598 rumos-
394 3574 491 3598 suffic.

2224 269 2298 304 33⁷

1352 363 1397 388 18.
1432 349 1521 401 Περὶ
1541 348 1690 402 χροιέων

1350 421 1396 449 1⁹.
1429 407 1519 461 Περὶ
1533 411 1602 447 τῶν
1623 409 1856 463 διαφερόντων
1873 413 2019 465 ῥυσμῶν

1291 505 1294 509 .
1348 481 1399 510 2ο.
1431 467 1521 522 Περὶ
1536 468 1874 524 ἅμειψιῤῥυσμιέων.

1242 527 1304 568 VI.
1349 540 1397 567 21.
1425 527 1678 580 Κρατυντήρια

1351 601 1400 628 22.
1430 586 1520 640 Περὶ
1537 586 1682 626 εἰδώλου
1702 587 1725 635 ἢ
1746 586 1827 640 περὶ
1851 589 2017 641 προνοίης

1349 660 1399 685 2³.
1432 646 1521 699 Περὶ
1537 648 1670 699 λοιμῶν
1691 646 1714 694 ἢ
1734 649 1904 699 λοιμικῶν
1919 651 2038 688 κακῶν
2061 650 2093 687 α’
2115 649 2146 703 β’
2165 649 2198 701 γ’

1353 719 1402 745 24.
1435 705 1710 759 Ἀπορημάτων.

1355 766 1510 818 Scripta
1525 765 1739 805 ἀσύντακτα.

1351 837 1399 863 25.
1429 825 1551 864 Αἰτίαι
1567 824 1729 878 οὐράνιαι

1352 897 1402 924 26.
1434 884 1558 924 Αἰτίαι
1577 885 1688 937 ἠέριοι

1352 957 1402 983 27.
1433 943 1555 983 Αἷτίαι
1572 944 1731 983 ἐπίπεδοι

1354 1017 1403 1043 28.
1435 1003 1558 1043 Αἰτίαι
1579 1002 1661 1055 περὶ
1680 1003 1787 1057 πυρὸς
1806 1003 1867 1042 καὶ
1885 1005 1956 1043 τῶν
1974 1006 2009 1043 ἐν
2029 1003 2127 1057 πυρί.

1245 1062 1406 1104 VIII-29.
1437 1063 1561 1103 Αἰτίαι
1580 1063 1661 1116 περὶ
1682 1062 1824 1117 φωνέων

1356 1137 1404 1163 30.
1435 1123 1556 1163 Αἷτίαι
1570 1123 1652 1176 περὶ
1661 1123 1874 1175 anapaesto-w
1884 1123 1944 1162 καὶ
1957 1125 2073 1177 φυτῶν
2085 1124 2145 1163 καὶ
2157 1128 2307 1175 καρπῶν

1354 1196 1403 1222 31.
1434 1181 1557 1221 Αἰτίαι
1578 1182 1658 1234 περὶ
1680 1181 1777 1228 ζώων
1791 1182 1824 1234 γ’

1356 1254 1405 1280 32.
1435 1240 1557 1280 Αἰτίαι
1581 1239 1771 1292 ξύμμικτοι
1792 1240 1950 1294 περὶτῆς
1969 1241 2079 1280 λίθου.

1246 1301 1295 1339 D.
1355 1300 1511 1352 Scripta
1536 1300 1821 1340 mathematica.

1247 1362 1318 1402 lx.
1349 1374 1399 1401 33.
1432 1360 1523 1414 Περὶ
1546 1361 1713 1413 διαφορῆς
1732 1359 1877 1411 γνώμης

1354 1433 1403 1461 34.
1435 1419 1528 1473 Περὶ
1541 1418 1688 1474 ψαύσιος
1710 1420 1841 1459 κύκλου
1866 1418 1927 1459 καὶ
1944 1419 2095 1473 σφαίρας

1354 1493 1405 1520 35.
1440 1478 1529 1532 Περὶ
1551 1478 1770 1532 γεωμετρίης
1789 1477 1812 1526 ἢ
1832 1478 2072 1532 γεωμετρικόν

1358 1552 1407 1580 36.
1439 1538 1609 1592 Ἀριθμοί.
1907 1548 1909 1551 “
1977 1590 1979 1592 ¹

1357 1612 1404 1638 37.
1434 1597 1524 1650 Περὶ
1542 1596 1679 1651 ἀλόγων
1699 1595 1894 1651 γραμμέων
1911 1595 1972 1634 καὶ
1994 1597 2131 1635 ναστῶν
2151 1594 2183 1649 β’

1354 1670 1403 1696 38.
1436 1655 1720 1707 Ἐκπετάσματα

1355 1729 1402 1755 39.
1432 1715 1554 1767 Μέγας
1575 1715 1733 1760 ἐνιαυτὸς
1754 1713 1777 1762 ἢ
1798 1714 2032 1767 ἀστρονομίης
2052 1715 2281 1768 παράπηγμα

1355 1788 1406 1813 4ο.
1436 1772 1596 1825 Ἅμιλλα
1617 1773 1827 1828 κλεψύδρας.

1355 1847 1403 1873 41.
1432 1833 1709 1887 Οὐρανογραφίη

1355 1906 1406 1932 42.
1437 1892 1650 1947 Γεωγραφίη

1355 1966 1406 1993 43.
1439 1952 1669 2006 Πολογραφίη

1355 2026 1403 2052 44.
1432 2012 1718 2065 Ἀκτινογραφίη.

1360 2073 1514 2123 Scripta
1533 2072 1694 2111 musica.

1361 2145 1410 2173 45.
1439 2132 1529 2184 Περὶ
1548 2133 1687 2187 ῥυθμῶν
1703 2130 1763 2170 καὶ
1778 2128 1947 2183 ἁρμονίης

1357 2205 1407 2231 46.
1438 2191 1530 2244 Περὶ
1550 2190 1711 2239 ποιήσιος

1358 2264 1407 2291 47.
1440 2250 1531 2304 Περὶ
1551 2249 1769 2298 καλλοσύνης
1785 2248 1896 2288 ἐπέων

1358 2324 1408 2351 48.
1440 2310 1530 2364 Περὶ
1548 2309 1710 2363 εὐφώνων
1729 2309 1791 2348 καὶ
1805 2307 1995 2362 δυσφώνων
2015 2309 2251 2362 γραμμάτων.

1254 2371 1360 2412 Xlll.
1373 2384 1421 2410 49.
1451 2369 1543 2423 Περὶ
1560 2368 1726 2423 Ὁμήρου
1746 2367 1770 2416 ἢ
1796 2367 1999 2422 ὀρθοεπείης
2022 2369 2083 2407 καὶ
2102 2367 2293 2419 γλωσσέων

1359 2445 1410 2470 5ο.
1444 2429 1533 2482 Περὶ
1551 2430 1670 2477 ἀοιδῆς

1360 2502 1409 2529 51.
1443 2488 1533 2541 Περὶ
1557 2487 1727 2541 ῥημάτων

1244 825 1327 866 Vll.

1249 1835 1315 1875 ΧΙ.

1249 2073 1293 2114 Ε.

1250 2134 1332 2173 Xll.

1361 2562 1411 2587 52.
1443 2546 1721 2599 Ὀνομαστικόν.

1255 2608 1293 2647 F.
1364 2607 1521 2659 Scripta
1541 2606 1730 2645 technica.

1253 2667 1416 2708 XIV-5³.
1452 2666 1660 2719 Πρόγνωσις

1360 2740 1410 2766 54.
1441 2725 1531 2779 Περὶ
1551 2724 1687 2770 διαίτης
1705 2723 1727 2772 ἢ
1752 2722 1969 2772 διαιτητικόν

1362 2800 1411 2826 55.
1438 2784 1599 2837 Ἰητρικὴ
1620 2784 1746 2837 γνώμη

1362 2857 1411 2883 56.
1447 2842 1567 2882 Αἰτίαι
1586 2842 1667 2896 περὶ
1688 2840 1876 2896 ἂκαιριέων
1897 2841 1957 2881 καὶ
1972 2841 2206 2896 ἐπικαιριέων.

1365 2916 1412 2942 57.
1442 2903 1535 2956 Περὶ
1550 2901 1724 2957 γεωργίης
1738 2899 1762 2949 ἢ
1776 2901 1968 2957 γεωργικόν

1362 2977 1409 3002 58.
1443 2962 1530 3015 Περὶ
1551 2960 1751 3015 ζωγραφίης

1363 3037 1411 3063 59.
1442 3021 1619 3062 Τακτικόν

1364 3095 1413 3122 σο.
1444 3079 1731 3134 Ὁπλομαχικόν.

1256 2904 1335 2945 XV.

1258 3159 1360 3209 Ergo
1373 3159 1592 3198 litterarum
1607 3156 1871 3196 monumentis
1882 3156 2128 3195 Democritus
2144 3155 2313 3194 illustra-

1257 3218 1337 3268 vit,
1358 3227 1402 3257 ut
1427 3231 1477 3257 ex
1510 3217 1586 3257 hoc
1617 3217 1854 3269 scriptorum
1886 3216 2048 3255 elencho
2077 3225 2202 3269 patet,
2236 3228 2315 3254 non

1258 3278 1386 3317 solum
1434 3277 1623 3316 moralem
1670 3275 1985 3329 philosophiam,
2019 3287 2156 3313 verum
2199 3274 2314 3312 etiam

1259 3336 1495 3387 theologiam
1527 3337 1631 3387 (53),
1652 3335 1882 3381 historiam,
1915 3335 2117 3386 physicam
2136 3332 2315 3383 discipli-

1261 3409 1348 3434 nam
1378 3404 1416 3434 et
1436 3395 1748 3448 physiologiam,
1774 3394 2085 3446 hydroscopicen
2103 3421 2113 3440 ,
2140 3401 2317 3430 astrono-

2164 3564 2199 3591 22
