2612 3814
327 252 376 286 60
1212 233 1584 276 COMMENTARH
1601 231 1627 271 S

327 333 419 377 256,
438 339 567 382 spreta
587 328 900 367 membranarum
922 326 1116 378 scriptura
1136 324 1353 375 καμασηνῶν
1366 351 1376 370 ,

326 391 540 442 genitivum
559 389 661 440 plur.
683 386 902 440 καμασήνων
927 385 1082 436 scripsi.

378 450 461 489 VSS.
485 449 674 487 282-283.
691 446 738 492 ὣς
757 446 828 485 τότ’
843 442 1201 496 ἔπειτ’-κρατῦναι]
1220 440 1380 492 Simpli-

328 511 412 549 cius
444 510 492 548 de
515 508 626 547 Coelo
656 507 758 560 apud
788 507 1010 557 Peyronum
1046 505 1068 541 l.
1101 503 1124 541 l.
1153 517 1190 555 p.
1221 502 1270 539 28
1294 500 1370 553 (Cf

329 570 461 608 Schol.
485 569 606 608 Arist.
627 582 666 620 p.
688 569 779 615 507.
799 580 829 605 a.
856 566 919 604 ed.
943 562 1142 614 Brandis.)
1164 559 1381 599 versushos

327 629 413 667 sinc
428 629 508 667 ulla
522 627 783 679 explicatione
801 626 905 663 citat.
926 623 1054 669 Quum
1071 630 1199 660 autem
1217 619 1267 657 iis
1283 631 1381 669 quos

330 688 446 726 modo
458 687 629 739 explicui
646 686 736 735 (vss.
757 683 967 732 277-280
985 682 1014 719 εἷ
1025 680 1053 719 δ’
1064 676 1379 730 ἔτι-Ἀφροδίτῃ)

330 746 444 785 hosce
465 745 696 796 subjunctos
715 744 834 782 fuisse
853 742 1046 791 significet
1066 739 1201 777 verbis
1222 737 1279 776 ml
1304 737 1381 786 μετ’

329 804 430 858 ὀλίγα
445 833 455 853 ,
472 805 676 854 utriusque
692 801 895 852 fragmenti
911 811 1118 838 commune
1133 798 1252 836 fuisse
1266 810 1381 846 argu-

330 873 500 902 mentum
522 862 729 915 probabile
748 870 816 900 est.
834 860 877 898 ln
899 859 1014 898 codd.
1037 858 1148 910 prior
1167 869 1306 895 versus
1326 855 1383 894 sic

330 923 519 962 scribitur
541 937 549 960 :
576 924 622 966 ὡς
642 920 678 959 δὲ
697 921 775 959 τότε
804 918 915 972 χθόνα
946 918 1105 970 Κύπρις,
1121 915 1232 954 ἔπειτ’
1250 914 1381 962 ἐδίηνεν

329 984 364 1020 ἐν
385 980 520 1034 ὄμὸρῳ.
546 980 603 1018 Ita
620 988 722 1018 certe
752 977 1002 1016 Gaisfordius
1024 985 1061 1015 et
1083 975 1314 1014 Brandisius
1334 987 1382 1012 ex

329 1040 543 1079 Oxoniensi
576 1040 620 1077 Α.
644 1038 876 1088 ediderunt,
908 1036 1052 1088 rejecta
1072 1034 1309 1074 Oxoniensis
1338 1034 1381 1074 B.

331 1101 496 1138 lectione
515 1098 682 1137 ἐδείκνεεν
701 1113 735 1135 εν
752 1106 790 1135 et
805 1096 839 1134 Τ
842 1095 1065 1134 aurinensis
1082 1095 1278 1146 scriptura
1295 1093 1382 1131 ἐδεί-

332 1174 433 1198 κνυεν
446 1157 583 1211 ὄμὸρῳ.
608 1158 682 1197 Sed
704 1156 902 1207 flagitante
924 1155 1115 1194 sententia
1144 1167 1222 1205 qua
1241 1153 1382 1192 simili-

331 1219 423 1258 tudo
441 1218 616 1269 quaedam
637 1216 873 1269 exprimitur
892 1215 981 1254 dedi
1001 1213 1047 1258 ὣς
1068 1227 1140 1266 pro
1161 1216 1228 1259 ὡς,
1248 1225 1381 1264 quem-

329 1277 537 1316 admodum
564 1275 790 1314 Karstenius
820 1273 940 1312 scribi
966 1272 1155 1311 voluerat.
1177 1271 1284 1310 Idem
1321 1271 1383 1309 vir

329 1337 466 1375 doctus
483 1335 559 1374 ἐπεί
573 1336 602 1373 τ’
622 1334 842 1373 Herodoteo
862 1346 971 1371 more
994 1332 1006 1384 (
1023 1331 1069 1370 cf.
1089 1331 1161 1370 lib.
1183 1330 1256 1376 ΙΙΙ,
1280 1345 1294 1368 1
1308 1345 1351 1378 17
1369 1345 1379 1378 ;

329 1396 411 1440 Vll,
439 1397 478 1443 8,
506 1410 538 1444 1,
559 1395 629 1433 ubi
657 1394 756 1432 nihil
783 1392 889 1431 aliud
920 1405 1036 1444 quam
1056 1389 1132 1429 ἐπεὶ
1159 1390 1381 1441 significat)

329 1454 523 1501 exaravit,
544 1452 650 1490 ἔπειτ’
665 1453 694 1491 i.
712 1465 746 1490 e.
761 1450 881 1491 ἔπειτα
895 1451 1070 1489 hocloco
1083 1449 1252 1499 intelligi
1270 1461 1384 1500 posse

329 1526 485 1563 negans.
516 1512 704 1559 Quamvis
735 1520 861 1550 autem
883 1510 1055 1549 Steinius
1082 1509 1118 1548 ei
1147 1509 1382 1561 astipulatus

330 1572 403 1619 sit,
430 1579 558 1610 tamen
590 1571 686 1609 mihi
717 1571 758 1609 id
790 1584 869 1609 non
892 1570 1101 1622 persuasit.
1132 1568 1234 1607 Illud
1257 1567 1333 1607 ἐπεί
1353 1567 1383 1606 τ’

328 1643 425 1668 vero
441 1629 510 1668 vix
528 1629 830 1681 Empedocleum
845 1642 929 1668 esse
948 1628 1271 1667 Panzerbieterus
1291 1642 1386 1680 quo-

330 1701 406 1739 que
429 1687 643 1726 arbitratus
672 1697 825 1739 poetam
848 1689 891 1727 in
910 1687 1015 1726 hunc
1036 1688 1193 1726 modum
1224 1689 1386 1740 loquen-

329 1755 403 1785 tem
424 1747 514 1785 facit
536 1761 544 1784 z
565 1745 612 1791 ὣς
630 1746 665 1785 δὲ
690 1745 770 1785 τότε
786 1746 895 1800 χθόνα
919 1746 1053 1800 Κύπρις
1080 1746 1187 1792 ἔπειξ’
1206 1746 1321 1795 ἔδίηνέ
1352 1749 1383 1786 τ’

328 1807 362 1844 ἐν
397 1804 521 1860 ὄμὸρῳ
540 1836 551 1857 ,
583 1820 719 1858 parum
747 1816 862 1845 recte.
894 1806 989 1845 Nam
1027 1806 1138 1852 ἔπειξε
1172 1821 1247 1859 pro
1277 1807 1383 1859 ἔμαξε

317 1865 498 1913 farinam
513 1866 895 1918 subegitaccipiendo
911 1867 952 1904 in
969 1867 1135 1905 alienam
1152 1868 1382 1906 sententiam

329 1923 503 1962 detorsit.
537 1923 618 1973 Ego
643 1936 799 1963 versum
827 1937 849 1962 a
881 1924 1057 1964 librariis
1079 1925 1179 1963 male
1204 1925 1382 1964 habitum

329 1982 541 2021 verborum
574 1983 882 2035 transpositione
909 1998 1066 2036 unaque
1084 1997 1179 2022 voce
1205 1984 1376 2036 abjecta,

330 2055 407 2080 una
426 2042 518 2081 item
541 2042 672 2080 addita
699 2055 839 2081 sanare
866 2056 982 2095 posse
1011 2043 1109 2082 mihi
1135 2045 1246 2082 visus
1278 2059 1380 2084 sum.

329 2099 465 2152 ltaque
485 2101 679 2151 vulgatam
701 2101 937 2152 scripturam
955 2102 1012 2140 sic
1038 2102 1181 2141 refinxi
1204 2116 1213 2140 t
1236 2101 1283 2146 ὣς
1311 2103 1383 2142 τότ’

330 2158 439 2197 ἔπειτ’
465 2159 578 2208 ἐδίηνε
597 2159 735 2213 Κύπρις
749 2160 859 2213 χθόνα
880 2159 984 2213 δηρὸν
1007 2163 1042 2199 ἓν
1060 2160 1200 2215 ὄμὸρῳ.
1221 2162 1385 2201 Caetero-

330 2218 399 2269 qui
420 2219 528 2257 nulla
549 2219 759 2258 difficultas
772 2220 814 2258 in
830 2222 991 2259 nomine
1013 2219 1150 2274 Κύπρις
1172 2230 1253 2269 est,
1273 2222 1385 2273 cujus

328 2278 582 2328 penultimam
615 2278 868 2331 Empedocles
906 2281 1024 2319 modo
1056 2281 1224 2332 corripit
1267 2282 1384 2321 modo

330 2336 521 2388 producit.
540 2338 600 2376 Cf.
635 2352 695 2379 vs.
737 2339 812 2377 305
835 2348 872 2377 et
894 2345 986 2390 419.
1015 2340 1218 2379 Posterior
1247 2355 1385 2381 versus

330 2395 572 2434 multimodis
590 2395 821 2448 depravatus
835 2406 905 2438 est.
923 2398 1046 2438 Codd.
1065 2398 1186 2438 Taur.
1206 2402 1228 2447 ἡ
1245 2398 1281 2438 δὲ
1295 2402 1386 2439 ἀπο-

333 2453 518 2502 πνείουσα,
541 2456 667 2495 Oxon.
694 2459 740 2497 Α.
761 2457 836 2504 ἡδέ’
859 2458 1102 2507 ἀποπνέουσα,
1124 2461 1253 2499 Oxou.
1287 2461 1331 2500 B.
1354 2463 1385 2499 εἷ

334 2510 369 2550 δὲ
390 2512 629 2551 ἀποπνοίουσα
643 2544 653 2563 ,
674 2515 786 2566 cujus
805 2517 892 2555 loco
915 2518 1146 2558 Brandisius
1167 2519 1291 2558 edidit
1310 2523 1332 2568 ἡ
1353 2520 1384 2558 δ’

336 2571 641 2612 ἀποποιπνύουσα.
678 2574 859 2614 Extrema
890 2577 931 2615 in
959 2577 1055 2617 Cod.
1079 2582 1126 2617 A.
1156 2577 1386 2618 scribuntur

334 2632 405 2669 θωο
423 2630 508 2683 πυρὶ
519 2631 668 2681 δέδωκε,
687 2634 729 2673 in
746 2636 894 2675 caeteris
908 2639 1101 2689 reperitur
1116 2641 1183 2692 θοῷ
1197 2640 1279 2693 πυρὶ
1295 2640 1385 2678 δῶκε

337 2692 520 2741 κρατῦναι.
548 2691 691 2731 Versus
710 2694 863 2733 initium
884 2695 958 2734 hoc
983 2711 1066 2736 esse
1091 2699 1268 2737 voluerat
1288 2699 1385 2737 Kar·

335 2748 480 2787 stenius
501 2762 510 2788 :
529 2749 606 2797 ἡδέ’
632 2752 869 2802 ἐπιπνείουσα,
894 2758 1047 2805 placide
1074 2757 1232 2806 afflans,
1258 2772 1280 2797 a
1308 2773 1386 2810 quo

337 2819 416 2844 non
448 2807 612 2846 multum
642 2809 837 2863 discrepat
866 2812 1155 2853 Panzerbieteri
1183 2816 1384 2856 inventum

336 2866 402 2913 ἡδὺ
419 2866 448 2905 δ’
466 2867 707 2908 ἐπιπνείουσα.
727 2870 863 2910 Postea
882 2872 1069 2923 inspectis
1090 2875 1250 2914 scholiis
1265 2877 1388 2915 inter-

336 2936 490 2978 pretum
521 2928 843 2968 Aristoteleorum
877 2944 899 2970 a
918 2932 1124 2972 Brandisio
1144 2935 1259 2974 editis
1280 2936 1389 2976 Kar-

340 2985 489 3024 stenius
509 2985 679 3038 conjecit
698 2987 791 3027 εἴδεα
811 2989 1050 3043 ποιπνύουσα,
1073 2993 1178 3044 quod
1196 2994 1388 3047 interpre-

338 3052 441 3082 tatur
470 3048 685 3084 mortalium
706 3050 861 3097 figuras
887 3052 1017 3087 sedulo
1044 3051 1238 3102 formans,
1273 3067 1387 3094 sensu

337 3101 466 3151 bono,
489 3104 606 3143 modo
624 3106 805 3145 ποιπνύειν
831 3108 886 3146 ita
905 3122 927 3147 a
946 3109 1094 3149 Graecis
1114 3123 1383 3165 usurparetur.

338 3161 434 3200 Nam
454 3162 689 3203 Pindaricus
709 3178 823 3217 quem
850 3167 964 3206 affert
986 3168 1096 3208 locus
1122 3170 1237 3222 Pyth.
1267 3172 1316 3220 X,
1338 3175 1387 3220 64

340 3220 429 3273 ἐμὰν
447 3222 625 3262 ποιπνύων
644 3223 765 3277 χάριν,
788 3239 911 3263 meam
929 3231 1098 3276 gratiam
1113 3243 1286 3278 quoerens
1299 3259 1309 3277 ,
1327 3231 1389 3277 τὴν

340 3280 376 3327 ἐξ
396 3283 480 3330 ἐμοῦ
489 3281 595 3335 χάριν
621 3284 798 3334 ἐπιθυμῶν
814 3315 825 3336 ,
842 3294 886 3324 ut
903 3287 1066 3338 exponit
1081 3287 1306 3328 scholiastes
1320 3319 1331 3339 ,
1349 3291 1389 3328 id

341 3353 421 3379 non
439 3341 593 3392 probat.
613 3342 784 3382 Steinius
808 3353 988 3395 quartum
1009 3355 1197 3397 praeterea
1221 3348 1387 3387 elemen-

343 3406 425 3437 tum
444 3398 669 3439 desiderans
689 3402 802 3441 talem
824 3405 1045 3455 composuit
1061 3418 1217 3445 versum
1250 3421 1260 3445 ι
1281 3407 1390 3461 αἰθέρ’

346 3457 573 3499 ἐπιπνείουσα
604 3461 673 3513 θοῷ
703 3461 788 3513 πυρὶ
817 3462 907 3501 δῶκε
940 3466 1125 3516 κρατῦναι.
1160 3466 1279 3518 Atqui
1310 3481 1388 3506 non

1439 329 1515 358 tam
1540 326 1670 370 quarti
1693 318 1875 355 e.ementi
1897 315 2219 354 commemoratio
2238 314 2285 353 ad
2304 311 2508 353 sententiae

1441 378 1702 429 integritatem
1720 378 1827 416 deest
1843 407 1852 424 ,
1871 390 1987 429 quam
2009 389 2146 415 eorum
2168 375 2402 427 descriptio,
2420 388 2509 428 quae

1442 447 1555 491 poeta
1567 436 1708 475 Veneri
1726 436 1900 475 facienda
1914 436 2136 475 committit.
2152 436 2259 474 {lanc
2273 434 2380 473 enim
2395 433 2506 474 deam

1443 511 1521 536 non
1544 497 1661 535 modo
1680 497 1846 545 miscere
1871 497 2064 535 elementa
2078 525 2088 545 ,
2107 495 2174 535 sed
2195 496 2369 534 mixtura
2387 495 2504 534 etiam

1442 557 1598 596 efficere
1632 556 1784 608 aliquid
1815 568 1972 595 necesse
1997 564 2079 604 est,
2109 555 2223 608 cujus
2243 557 2303 594 rei
2333 556 2376 594 in
2407 554 2510 595 stei-

1443 617 1563 655 niano
1582 629 1699 655 versu
1719 628 1789 654 nec
1807 615 1900 654 vola
1922 628 1994 654 nec
2014 616 2227 666 vestigium
2245 623 2383 654 exstat.
2399 613 2508 661 Quo-

1444 676 1548 714 circa
1564 675 1703 714 iisdem
1732 674 1880 726 quibus
1911 674 2140 714 Karstenius
2167 674 2215 713 ad
2235 687 2374 714 verum
2396 687 2508 727 repe-

1444 735 1623 775 riendum
1653 734 1833 785 vestigiis
1866 734 2068 785 ingressus
2098 733 2361 786 Empedoclea
2390 733 2511 773 fuisse

1443 796 1564 835 verba
1587 796 1769 848 suspicor
1793 809 1801 832 :
1833 793 1927 834 εἴδεα
1949 794 2010 833 καὶ
2037 798 2189 833 ποιοῦσα
2211 796 2288 848 θοῷ.
2307 794 2395 846 πυρὶ
2418 795 2511 835 δῶκε

1443 860 1628 907 κρατῦναι.
1652 855 1848 894 Nimirum
1880 857 1993 894 ποιεῖν
2011 854 2164 907 accipio
2181 863 2225 893 ut
2249 853 2354 907 apud
2380 853 2512 894 Xeno·

1444 915 1610 968 phanem
1643 915 1778 965 fragm.
1807 915 1830 953 6
1852 928 1861 953 t
1881 914 1943 953 καί
1972 930 2012 953 κε
2039 916 2126 953 θεῶν
2158 912 2253 958 ἰδέας
2278 912 2432 967 ἔγραφον
2451 913 2512 952 καὶ

1445 974 1585 1027 σώματ’
1605 974 1759 1013 ἐποίουν.

1497 1032 1581 1071 Vss.
1596 1033 1790 1077 284-285.
1808 1033 1876 1072 τῶν
1891 1031 1922 1071 δ’
1933 1030 1986 1071 ὅσ’
2000 1030 2072 1070 ἔσω
2088 1030 2151 1082 μὲν
2167 1029 2263 1085 κτλ.]
2279 1030 2514 1083 Simplicius

1445 1093 1493 1131 de
1508 1093 1618 1133 Coelo
1632 1092 1735 1144 apud
1753 1092 1979 1144 Peyronum
1996 1092 2024 1130 l.
2042 1092 2068 1130 l.
2083 1106 2125 1144 p.
2144 1092 2219 1141 283
2238 1091 2360 1130 iidem
2371 1088 2514 1130 'versus

1444 1153 1623 1205 corrupti
1646 1153 1830 1203 leguntur
1851 1152 1893 1190 in
1913 1151 1975 1190 ed.
1999 1151 2090 1191 Ald.
2114 1151 2141 1190 f.
2172 1151 2246 1189 128
2272 1149 2315 1190 b.
2338 1149 2404 1190 Vs.
2434 1151 2513 1189 285

1448 1211 1627 1266 Κύπριδος
1653 1214 1735 1251 κτλ.
1758 1211 1873 1250 affert
1899 1211 2016 1250 etiam
2049 1211 2282 1263 Simplicius
2309 1209 2430 1262 Phys.
2454 1209 2512 1259 ΙΙ,

1446 1272 1472 1311 f.
1492 1278 1538 1320 74
1555 1272 1596 1312 b.
1615 1275 1707 1311 Haec
1723 1271 1772 1310 de
1787 1272 1914 1310 oculis
1929 1271 2032 1309 dixit
2043 1270 2302 1323 Empedocles
2312 1269 2515 1322 explicans

1445 1331 1645 1382 quomodo
1667 1331 1754 1380 fiat,
1773 1339 1815 1369 ut
1835 1331 1903 1369 alii
1921 1339 2059 1378 noctu,
2078 1330 2145 1368 alii
2167 1329 2343 1368 interdiu
2360 1329 2515 1369 acutius

1445 1399 1618 1430 cernant.
1653 1390 1784 1428 Testis
1814 1389 2046 1442 Simplicius
2079 1388 2195 1441 cujus
2220 1388 2344 1428 verba
2373 1399 2466 1429 sunt
2501 1405 2511 1429 ε

1445 1449 1538 1489 ἀλλὰ
1559 1449 1621 1488 καὶ
1640 1448 1722 1500 περὶ
1740 1447 1913 1502 γενέσεως
1933 1451 2003 1488 τῶν
2025 1451 2219 1503 ὀφθαλμῶν
2239 1451 2310 1488 τῶν
2342 1465 2514 1501 σωματι-

1446 1512 1519 1548 κῶν
1539 1508 1674 1548 τούτων
1691 1509 1805 1561 λέγων
1829 1508 2008 1562 ἐπήγαγεν
2022 1524 2031 1533 ·
2050 1509 2086 1554 ἐξ
2108 1502 2160 1547 ὧν
2190 1508 2326 1561 ὄμματ’
2347 1510 2426 1549 κτλ.
2452 1510 2514 1549 καὶ

1444 1568 1509 1615 τὴν
1525 1568 1642 1607 αἰτίαν
1659 1567 1773 1621 λέγων
1788 1572 1849 1607 τοῦ
1865 1566 1942 1612 τοὺς
1964 1567 2028 1619 μὲν
2050 1569 2085 1606 ἐν
2104 1567 2225 1622 ἡμέρᾳ
2241 1566 2323 1613 τοὺς
2337 1566 2374 1607 δὲ
2389 1569 2424 1606 ἐν
2449 1584 2515 1608 νυ·-

1447 1628 1503 1667 κτὶ
1520 1628 1665 1667 κάλλιον
1684 1629 1769 1681 ὁρᾶν
1787 1629 1868 1667 κτλ.
1892 1627 2093 1667 Sententia
2121 1636 2256 1680 aperte
2274 1627 2443 1680 abrupta
2457 1637 2515 1668 est

1446 1701 1573 1739 neque
1603 1688 1651 1726 de
1669 1687 1894 1740 posteriore
1924 1687 2012 1739 ejus
2029 1696 2140 1740 parte
2160 1701 2247 1740 quae
2268 1687 2516 1728 desideratur

1445 1748 1662 1799 quidquam
1686 1746 1905 1799 conjectari
1925 1747 2031 1786 licet.
2052 1746 2219 1786 Codices
2238 1747 2396 1786 variant
2421 1760 2512 1801 par-

1446 1808 1514 1846 tim
1532 1807 1647 1846 ἔκτοθι
1661 1806 1911 1854 exhibentes,
1926 1807 2070 1859 partim
2090 1804 2230 1854 ἔκτοθε,
2247 1807 2391 1859 partim
2412 1803 2524 1847 ἔκτο·’

1446 1870 1517 1908 θεν.
1539 1867 1724 1906 Extrema
1741 1867 1783 1905 in
1797 1866 2036 1905 Taurinensi
2055 1875 2093 1904 et
2109 1865 2407 1906 Oxoniensibus
2421 1867 2517 1907 scri·

1446 1926 1597 1965 buntur
1622 1940 1631 1965 t
1655 1925 1836 1979 Κύπριδος
1851 1928 1886 1966 ἐν
1904 1924 2097 1978 παλάμῃσι
2117 1925 2258 1973 πλάδης
2283 1926 2425 1973 τοιῆσδε
2445 1941 2512 1966 τυ-

1446 1985 1579 2038 χόντα,
1609 1985 1714 2038 apud
1748 1985 2001 2037 Simplicium
2033 1985 2075 2022 in
2110 1984 2232 2036 Phys.
2269 1983 2449 2038 Κύπριδος
2477 1987 2514 2025 ἐν

1446 2045 1618 2096 παλάμῃς
1634 2044 1785 2090 πλάσιος
1803 2044 1901 2093 τοίης
1915 2060 1953 2084 τε
1966 2044 2134 2098 τυχόντα.
2154 2044 2329 2094 Scaliger
2344 2043 2515 2096 conjecit

1449 2104 1628 2157 Κύπριδος
1660 2103 1872 2155 εὖπαλάμης
1902 2103 2011 2155 quod
2037 2103 2357 2156 reprobandum,
2389 2118 2511 2157 quum

1447 2167 1481 2203 ἐν
1501 2164 1674 2216 παλάμῃς
1695 2164 1788 2202 satis
1802 2172 1935 2216 aptum
1955 2164 2021 2202 sit.
2041 2164 2234 2202 Caeterum
2252 2163 2391 2212 πλάδης
2405 2166 2514 2217 quod

1447 2224 1679 2276 interpretes
1699 2236 1835 2261 omnes
1861 2236 1949 2261 cum
1986 2222 2120 2267 πλάδος
2149 2223 2435 2263 confundentes
2462 2224 2515 2264 de

1446 2285 1601 2321 humore
1622 2283 1819 2334 accipiunt
1838 2283 2044 2334 scripturae
2063 2282 2248 2321 mendum
2274 2295 2359 2322 esse
2380 2292 2512 2336 patet3

1448 2342 1729 2381 restituendum
1757 2340 1907 2385 πλάσιος
1939 2354 1987 2379 ex
2019 2341 2143 2380 altero
2177 2341 2373 2393 Simplicii
2408 2343 2510 2386 loco.

1449 2405 1630 2453 Figuram
1650 2401 1754 2440 enim
1770 2429 1781 2448 ,
1804 2414 1886 2439 non
1907 2402 2101 2438 humorem
2122 2399 2187 2438 hic
2207 2399 2286 2438 dici
2309 2401 2511 2440 convenit.

1448 2462 1628 2512 Denique
1649 2459 1743 2508 τοίης
1757 2475 1795 2498 τε
1815 2459 2105 2512 repudiandum
2122 2467 2239 2511 atque
2259 2458 2422 2499 alterius
2435 2459 2515 2499 loci

1448 2521 1684 2572 scripturam
1703 2520 1846 2567 τοιῆσδε
1867 2519 2107 2572 sequendam
2131 2532 2217 2558 esse
2242 2519 2314 2558 vix
2331 2527 2391 2558 est
2407 2520 2514 2572 quod

1448 2594 1641 2619 moneam.

1500 2640 1566 2679 Vs.
1600 2640 1693 2679 286.
1716 2638 1808 2678 οὕτω
1838 2640 1867 2678 δ’
1900 2639 2049 2694 ᾠοτοκεῖ
2075 2638 2185 2691 κτλ.]
2209 2637 2441 2678 Aristoteles
2465 2639 2516 2678 de

1447 2699 1545 2738 Gen.
1574 2699 1705 2738 Anim.
1729 2699 1762 2748 1,
1787 2699 1835 2736 23
1867 2712 1959 2751 pag.
1992 2699 2064 2748 731
2088 2712 2123 2737 a.
2145 2698 2206 2737 ed.
2230 2698 2400 2737 Bekker.
2421 2712 2430 2735 :
2452 2698 2513 2737 καὶ

1448 2763 1552 2798 τοῦτο
1572 2760 1690 2803 καλῶς
1704 2758 1798 2812 λέγει
1821 2758 2075 2809 Ἐμπεδοκλῆς
2091 2757 2264 2806 ποιήσας,
2281 2756 2373 2796 οὕτω
2396 2757 2425 2796 δ’
2444 2757 2512 2796 ὤο-

1448 2819 1545 2857 τοκεῖ
1563 2819 1641 2857 κτλ.
1658 2818 1698 2857 τό
1718 2834 1755 2857 τε
1781 2817 1849 2871 γὰρ
1880 2817 1948 2857 ὠὸν
1974 2817 2099 2870 κύημα
2124 2819 2220 2856 ἔστιν
2235 2846 2246 2865 ,
2275 2815 2337 2855 καὶ
2362 2815 2401 2855 ἔκ
2422 2831 2516 2861 τινος

1450 2880 1555 2916 αὐτοῦ
1576 2876 1735 2930 γίγνεται
1763 2878 1803 2916 τὸ
1824 2879 1935 2927 ζῶον,
1955 2877 1996 2917 τὸ
2013 2876 2049 2917 δὲ
2070 2876 2193 2916 λοιπὸν
2223 2874 2359 2930 τροφή,
2379 2875 2439 2915 καὶ
2473 2879 2513 2916 ἐκ

1449 2941 1510 2976 τοῦ
1537 2936 1740 2990 σπέρματος
1765 2937 1825 2976 καὶ
1852 2939 1890 2975 ἐκ
1920 2937 2047 2991 μέρους
2065 2936 2225 2989 γίγνεται
2245 2934 2284 2974 τὸ
2317 2935 2511 2988 φυόμενον,

1450 2996 1488 3035 τὸ
1505 2995 1541 3035 δὲ
1562 2997 1685 3036 λοιπὸν
1701 2997 1811 3051 τροφὴ
1827 2995 1984 3049 γίγνεται
1999 3000 2049 3050 τῷ
2071 2999 2215 3051 βλαστῷ
2231 2995 2293 3036 καὶ
2306 2999 2350 3050 τῇ
2369 2995 2446 3051 ῥίζῃ
2465 2998 2512 3049 τῇ

1449 3054 1588 3108 πρώτῃ.
1609 3056 1656 3094 In
1669 3069 1791 3095 versu
1807 3056 2068 3108 Empedocleo
2088 3069 2180 3108 pars
2194 3056 2369 3108 quaedam
2391 3054 2512 3094 libro-

1450 3130 1535 3155 rum
1564 3117 1790 3155 Aristotelis
1825 3130 1897 3169 pro
1933 3116 2056 3170 μακρὰ
2083 3116 2202 3155 habet
2234 3114 2375 3168 μικρά,
2405 3115 2514 3168 quod

1450 3177 1565 3214 etiam
1592 3176 1841 3229 Philoponus
1876 3177 2065 3227 agnoscit.
2093 3176 2168 3215 Sed
2192 3173 2315 3229 μακρὰ
2337 3183 2443 3214 recte
2470 3175 2514 3214 in

1451 3235 1680 3274 Aristotelis
1698 3244 1884 3274 contextu
1897 3235 2005 3274 dedit
2019 3236 2219 3274 Bekkerus
2230 3265 2241 3286 ,
2259 3233 2517 3287 quemadmo-

1451 3293 1544 3332 dum
1565 3294 1771 3343 Sturzius‚
1803 3295 2035 3333 Karstenius
2062 3295 2212 3346 aliique
2237 3293 2510 3346 Empedoclem

1451 3354 1659 3404 scripsisse
1677 3363 1910 3393 statuerunt.
1933 3353 2104 3392 Eandem
2125 3354 2339 3393 lectionem
2353 3351 2513 3391 exhibet

1450 3411 1746 3465 Theophrastus
1768 3413 1817 3451 de
1831 3413 1947 3453 Caus.
1970 3414 2095 3465 plant.
2119 3413 2148 3460 1,
2175 3427 2213 3462 7,
2230 3413 2302 3453 ubi
2326 3413 2410 3451 haec
2423 3411 2479 3451 ait
2499 3425 2512 3448 t

1450 3472 1488 3508 οὐ
1506 3471 1880 3523 κακῶςἘμπεδοκλῆς
1896 3471 2032 3526 εἴρηκε,
2043 3472 2188 3526 φάσκων
2204 3473 2370 3512 ὠοτοκεῗν
2387 3468 2511 3524 μακρὰ
