2612 3814
719 288 771 327 ΙΝ
805 287 1138 328 EMPEDOCLlS
1168 287 1455 329 CARMINUM
1485 289 1782 337 RELIQUIAS.
2294 301 2344 333 ⁴9

161 372 242 424 μετ’
263 371 399 424 ὀλίγον·
412 369 563 423 γόμφοις
593 368 784 416 ἀσκήσασα
805 371 886 410 κτλ.
905 371 1050 410 Oculos
1078 370 1220 423 Empe-

161 433 294 472 docles
313 430 551 484 compositos
571 442 656 468 esse
682 429 817 468 docuit
837 430 1027 469 interiore
1042 438 1153 482 parte
1172 443 1222 469 ex

159 492 268 543 igni,
285 491 482 531 exteriore
498 501 547 527 ex
571 501 673 541 aqua
699 498 737 528 et
763 498 880 529 terra.
914 489 1106 528 Caeterum
1126 491 1216 528 ἀτει-

163 549 226 603 ρέα
242 550 428 590 dicuntur
440 547 492 587 ob
503 547 627 586 aciem
644 557 784 587 cuncta
798 557 1067 600 penetrantem
1084 558 1123 588 et
1137 550 1219 588 vim

161 609 411 655 indefessam,
434 606 634 658 quomodo
654 607 702 645 de
725 607 811 646 luce
831 617 948 659 poeta
975 609 1030 647 ait
1058 622 1119 648 vs.
1143 609 1219 647 225

159 667 365 719 λάμπεσκεν
384 665 556 719 ἀτειρέσιν
577 665 789 705 ἀκτίνεσσιν.
813 667 937 706 Iidem
958 667 1090 720 γόμφοι
1114 667 1221 706 κατά-

157 741 315 779 στοργοι,
343 726 369 765 i.
401 739 435 765 e.
466 728 612 764 cuneoli
632 726 820 766 amabiles
846 728 1107 780 appellantur,
1128 728 1223 779 quia

160 786 266 825 oculi
298 794 390 825 sunt
421 786 566 824 amoris
602 786 714 825 sedes
750 788 938 839 omnique
966 788 1009 826 in
1034 801 1078 826 re
1103 797 1222 840 prout

161 844 324 884 libuerit
344 847 572 894 defiguntur.

215 903 298 944 Vss.
326 918 514 956 2²⁰·229·
542 906 587 948 ὡς
623 905 653 942 δ’
685 902 742 943 ὅτε
777 904 1102 957 τις-ταναώτερον
1131 899 1221 957 ἦεν]

160 972 315 1003 exstant
333 963 439 1015 apud
454 964 706 1004 Aristotelem
725 964 773 1003 de
795 964 920 1003 Sensu
939 977 1027 1016 cap.
1050 965 1127 1016 2'p.
1144 966 1217 1013 437

160 1021 200 1062 b.
216 1023 279 1062 ed.
296 1023 457 1061 Bekker.
476 1030 515 1061 et
528 1023 632 1074 apud
655 1023 922 1062 Alexandrum
939 1022 1223 1074 Aphrodisien-

157 1095 242 1121 sem
276 1082 492 1120 Comment.
520 1081 562 1119 in
587 1081 627 1122 h.
649 1083 677 1122 l.
698 1083 723 1121 f.
756 1084 807 1132 96
831 1081 871 1122 b.
902 1081 1135 1120 Continetur
1159 1082 1221 1120 his

161 1140 343 1180 versibus
366 1140 615 1193 Empedoclis
636 1141 684 1180 de
703 1141 790 1180 visu
811 1142 1019 1181 sententia.
1048 1141 1095 1180 ln
1116 1143 1221 1180 oculi

159 1200 314 1253 pupilla
341 1200 472 1250 ignem
494 1200 614 1238 latere
634 1200 719 1238 vult
754 1209 869 1251 poeta
899 1199 1060 1239 laternae
1097 1200 1221 1239 instar

161 1258 401 1298 membranis
420 1258 483 1297 vel
505 1258 650 1297 tunicis
670 1267 831 1307 tectum,
848 1272 935 1310 quae
947 1258 1222 1298 circumfluen-

163 1326 237 1356 tem
257 1317 462 1356 humorem
473 1317 522 1356 ab
539 1330 586 1356 eo
601 1326 771 1366 arceant,
793 1317 989 1356 flammam
1010 1326 1138 1356 autem
1161 1318 1220 1357 fo-

151 1393 225 1423 ras
262 1381 493 1419 emicantem
532 1393 595 1419 res
622 1380 728 1419 visui
754 1379 928 1431 objectas
971 1380 1219 1421 collustrare.

160 1438 266 1478 Idem
279 1439 394 1478 etiam
408 1440 543 1478 statuit
564 1439 727 1478 effluvia
750 1439 821 1490 (cf.
845 1439 1056 1478 Democrit.
1076 1439 1217 1491 fragm.

160 1512 247 1550 pag.
277 1504 346 1543 401
364 1499 400 1550 ),
430 1499 472 1537 id
496 1507 554 1537 est
574 1499 767 1549 imagines
795 1512 817 1537 e
836 1499 934 1538 visis
956 1499 1159 1538 effluentes
1178 1500 1219 1538 in

159 1558 297 1597 oculos
329 1558 533 1597 incurrere
564 1571 690 1610 eoque
716 1559 802 1597 fieri
822 1567 867 1597 ut
897 1571 960 1597 res
993 1568 1216 1600 cernantur.

160 1617 289 1656 Testis
300 1617 528 1657 Aristoteles
541 1617 567 1656 l.
587 1632 620 1656 c.
639 1617 794 1657 dicens:
811 1617 1062 1667 Ἐμπεδοκλῆς
1081 1617 1114 1656 δ’
1130 1617 1220 1658 ἔοικε

158 1676 335 1728 νομίζοντι
350 1676 407 1716 ὁτὲ
433 1677 497 1727 μὲν
529 1676 675 1722 ἐξιόντος
704 1680 765 1716 τοῦ
786 1675 917 1730 φωτός,
943 1675 1064 1730 ὥσπερ
1083 1676 1221 1731 εἴρηται

161 1735 330 1790 πρότερον
345 1767 356 1789 ,
395 1735 561 1790 βλέπειν·
586 1735 682 1788 λέγει
710 1739 792 1788 γοῦν
828 1735 958 1781 οὕτως·
978 1738 1025 1780 ὡς
1046 1736 1074 1774 δ’
1090 1735 1148 1776 ὅτε
1170 1753 1221 1781 τις

159 1795 307 1847 πρόοδον
336 1794 441 1835 νοέων
462 1799 545 1834 κτλ.
574 1793 631 1834 ὁτὲ
651 1794 688 1834 δὲ
716 1796 792 1841 ταῖς
813 1794 1018 1850 ἀπορῤοίαις
1041 1802 1118 1841 ταῖς
1152 1797 1222 1835 ἀπὸ

158 1857 229 1894 τῶν
243 1852 444 1906 ὁρωμένων.
461 1855 646 1893 Omnium
663 1855 811 1906 optime
827 1855 1076 1906 Empedoclis
1090 1855 1220 1895 locum

161 1913 385 1952 Alexander
405 1913 731 1965 Aphrodisiensis
744 1915 929 1965 exposuit
943 1914 986 1952 in
1001 1914 1218 1956 Comment.

156 1972 209 2011 ad
228 1972 390 2012 Aristot.
414 1973 462 2011 de
479 1975 602 2012 Sensu
624 1987 662 2025 p.
691 1987 739 2023 97
773 1986 795 2011 a
825 1973 912 2025 (ed.
935 1987 1023 2012 cum
1042 1974 1218 2027 Simplic.

157 2030 208 2068 de
225 2031 354 2069 Anim.
373 2030 530 2083 Venet.)
552 2031 667 2083 cujus
687 2030 811 2070 verba
825 2031 890 2070 hic
916 2046 1061 2084 ponam
1084 2047 1093 2072 ε
1118 2034 1218 2072 ἀπει-

158 2088 259 2134 κάζει
288 2088 356 2142 γὰρ
377 2088 435 2128 διὰ
457 2093 526 2129 τῶν
561 2091 655 2129 ἐπῶν
687 2089 727 2128 τὸ
759 2090 1025 2142 ἐκπεμπόμενον
1056 2091 1129 2131 ἀπὸ
1162 2096 1221 2140 τῆς

154 2147 267 2201 ὄψεως
283 2151 355 2202 φῶς
367 2151 418 2202 τῷ
437 2149 494 2188 διὰ
518 2151 587 2187 τῶν
613 2148 785 2202 λυχνείων
805 2149 929 2203 φώτων
941 2166 949 2174 ·
967 2154 1015 2196 ὡς
1029 2151 1100 2204 γὰρ
1123 2153 1219 2190 ὁδοι-

156 2214 278 2261 πορεῖν
297 2210 359 2255 τῆς
381 2208 506 2253 νυκτὸς
538 2209 679 2260 μέλλων
706 2208 835 2263 λύχνον
855 2211 1219 2263 παρασκευασάμενος

158 2266 314 2316 ἐντίθησι
332 2267 538 2320 λαμπτῆρι·
567 2269 604 2321 (ὁ
622 2267 691 2322 γὰρ
716 2269 889 2323 λαμπτὴρ
923 2269 970 2309 τὰ
1004 2269 1070 2321 μὲν
1096 2270 1219 2316 ἔξωθεν

149 2325 343 2377 πνεύματα
359 2326 520 2379 ἀπείργει
535 2343 573 2366 τε
593 2327 654 2367 καὶ
669 2328 796 2368 κωλύει
813 2359 823 2380 ,
839 2332 901 2368 τοῦ
919 2328 955 2368 δὲ
976 2329 1085 2382 πυρὸς
1102 2330 1143 2369 τὸ
1159 2332 1218 2370 λε-

158 2385 332 2429 πτότατον
355 2387 402 2430 ὡς
425 2387 464 2425 τὸ
494 2386 561 2432 ἔξω
582 2387 722 2438 δίεισιν,
744 2387 832 2441 ὅπερ
866 2387 940 2427 ἐστὶ
964 2391 1036 2442 φῶς
1051 2388 1073 2436 ·)
1105 2388 1217 2439 οὕτω,

157 2444 284 2498 φησίν,
307 2446 342 2483 ἐν
356 2450 440 2490 ταῖς
454 2445 595 2497 μήνιγξι
609 2446 879 2500 καθειργόμενον
901 2446 941 2486 τὸ
970 2451 1041 2500 πῧρ
1067 2447 1135 2486 ὑπὸ
1155 2451 1217 2487 λε-

157 2507 254 2544 πτῶν
275 2503 413 2556 ὖμένων
443 2505 669 2558 περιέχεται,
689 2505 722 2545 οἳ
752 2507 796 2545 τὰ
826 2506 889 2558 μὲν
912 2506 1036 2552 ἔξωθεν
1061 2507 1217 2561 προσπί-

157 2580 290 2604 πτοντα
304 2564 507 2612 λυμαντικὰ
527 2569 588 2604 τοῦ
607 2564 715 2617 πυρὸς
736 2566 942 2619 ἀπείργουσι
957 2566 1018 2605 καὶ
1034 2569 1098 2606 οὐκ
1115 2569 1216 2607 ἐῶσιν

157 2624 311 2677 ἐνοχλεῖν
335 2626 380 2677 τῇ
408 2623 519 2677 κόρῃ,
543 2623 582 2663 τὸ
604 2625 639 2662 δὲ
659 2625 876 2665 λεπτότατον
897 2630 958 2665 τοῦ
978 2625 1086 2678 πυρὸς
1114 2629 1160 2670 ὡς
1179 2627 1218 2665 τὸ

156 2680 222 2726 ἔξω
242 2683 378 2721 δίεισιν.
407 2682 658 2736 ἀμουργοὺς
677 2682 714 2722 δὲ
734 2683 829 2734 λέγοι
844 2683 885 2723 ἂν
906 2683 985 2729 τοὺς
1004 2686 1218 2738 λαμπτῆρας

155 2739 235 2785 τοὺς
257 2741 493 2795 ἀπερκτικοὺς
523 2747 652 2792 (corr.
690 2743 820 2783 Karst.
856 2757 931 2796 pro
960 2744 1214 2797 παρεκτικοὺς)

157 2800 227 2840 ἀπὸ
246 2804 305 2840 τοῦ
326 2801 514 2854 ἀπερύκειν
535 2802 581 2841 τὰ
597 2801 783 2853 πνεύματα
804 2802 865 2841 καὶ
882 2801 1024 2843 σκέπειν
1041 2803 1081 2843 τὸ
1101 2820 1215 2857 περιε-

156 2859 309 2911 χόμενον
332 2860 391 2900 ὑπ’
405 2862 520 2899 αὐτῶν
538 2865 608 2915 π’ῦρ
619 2860 667 2909 ’ἢ
691 2863 711 2900 ἀ
722 2877 749 2913 μ
760 2878 804 2901 ου
817 2878 834 2914 ρ
846 2863 940 2914 γεῖς
957 2862 1036 2908 τοὺς
1050 2865 1216 2911 πυκνούς,

155 2917 214 2956 διὰ
234 2919 440 2968 πυκνότητα
462 2920 704 2973 ἀπερύκοντας
717 2920 762 2958 τὰ
785 2919 987 2972 πνεύματα.
1007 2922 1167 2961 ταναὸν
1182 2922 1217 2962 δὲ

156 2982 226 3032 πῦρ
240 2979 279 3017 τὸ
308 2978 366 3018 διὰ
393 2979 595 3029 λεπτότητα
615 2979 814 3031 τεινόμενόν
849 2996 887 3019 τε
908 2981 970 3020 καὶ
997 2981 1217 3022 διεκπίπτειν

157 3036 214 3075 διὰ
235 3039 303 3076 τῶν
327 3041 470 3077 πυκνῶν
493 3039 701 3089 δυνάμενον.
721 3040 815 3078 κατὰ
840 3040 981 3093 βηλὸν
1009 3040 1044 3080 δὲ
1074 3041 1132 3081 τὸν
1154 3042 1218 3080 οὐ·

155 3094 272 3147 ρανόν.
290 3093 459 3149 Ὄμηρος
478 3097 546 3147 (11.
563 3099 607 3146 O,
626 3099 675 3136 23
690 3097 701 3151 )
718 3111 727 3121 ·

176 3197 178 3199 ’
211 3198 396 3252 ῥίπτεσκον
412 3201 568 3252 τεταγὼν
586 3201 655 3241 ἀπὸ
676 3204 804 3256 βηλοῦ,
819 3202 900 3257 ὄφρ’
917 3202 956 3242 ἂν
980 3202 1102 3252 ἵκηται

206 3262 274 3312 γῆν
291 3260 545 3312 ὀλιγηπελέων.

153 3357 326 3408 λεπτῇσιν
344 3357 380 3397 δὲ
405 3358 565 3412 ὀθόνῃσιν
586 3358 734 3413 ἐχεύατο
757 3359 919 3400 κύκλοπα
948 3357 1101 3413 κούρην,
1130 3364 1216 3414 πρὸς

155 3416 196 3456 τὸ
210 3415 321 3466 ὄνομα
342 3421 404 3465 τῆς
423 3417 529 3471 κόρης
544 3420 768 3473 χρησάμενος
782 3423 975 3468 ποιητικῶς
987 3425 1064 3463 ταῖς
1079 3419 1215 3465 ὀθόναις

155 3475 233 3513 ἀντὶ
247 3478 316 3514 τῶν
336 3476 486 3528 ὑμένων,

1286 372 1378 410 ricae
1399 371 1632 410 imitationis
1661 372 1828 420 vestigia
1857 373 2123 423 reperiuntur.
2142 374 2202 414 Cf.
2232 375 2345 416 Iliad.

1283 430 1357 469 lib.
1374 430 1483 479 Vlll,
1503 431 1604 479 5633
1627 431 1699 469 lib.
1721 430 1827 479 XIX,
1852 432 1943 471 366.
1966 432 2242 474 Distinctionis
2261 437 2347 475 vir-

1283 491 1394 540 gulas
1427 490 1543 543 posui
1571 499 1661 542 post
1683 489 1810 542 λύχνον
1843 499 1881 528 et
1915 499 2004 542 post
2035 493 2230 542 αἰθομένοιο
2258 509 2347 534 cum

1283 551 1476 601 Bekke1·o,
1499 550 1730 601 Karstenio‚
1745 549 2069 597 Panzerbietero,
2091 566 2207 602 quam
2229 555 2348 593 ratio-

1284 625 1372 649 nem
1405 611 1537 649 minus
1561 619 1667 649 recte
1687 611 1746 649 sic
1771 609 1938 648 mutavit
1959 610 2147 660 Bergkius
2181 612 2223 649 in
2254 614 2344 654 Ind,

1285 672 1373 711 lect.
1400 670 1525 711 Marb.
1553 669 1759 717 1844-45,
1790 678 1833 708 ut
1852 668 2007 708 sublato
2036 678 2207 722 utroque
2233 686 2345 711 eom-

1286 739 1386 768 mate
1406 738 1495 782 post
1514 727 1572 768 διὰ
1588 727 1698 767 νύκτα
1719 728 1990 778 distingueret.

1336 788 1402 828 Vs.
1440 803 1533 830 222.
1570 788 1601 826 E
1629 787 1835 827 codicibus
1875 787 2120 826 Aristoteleis
2160 788 2344 841 plerique

1285 848 1460 902 ἇμοργούς
1479 847 1681 900 praebent,
1706 847 1889 886 nonnulli
1909 845 2107 899 ἀμουργούς
2128 848 2236 898 quod
2257 851 2347 888 vul-

1283 917 1425 959 garunt
1436 909 1632 948 Bekkerus
1643 916 1681 946 et
1698 907 1890 945 Sturzius.
1906 906 2129 944 Alexander
2148 907 2346 959 ἀμουργούς

1283 977 1321 1007 et
1341 970 1528 1020 ἀμουργεῖς
1542 966 1716 1006 exhibet.
1738 966 1839 1004 Hinc
1855 965 1997 1004 Suidas
2018 979 2176 1017 quoque
2192 975 2230 1005 et
2249 967 2348 1006 Pha·

1282 1027 1448 1066 vorinus
1462 1026 1714 1078 Empedoclei
1726 1026 1803 1064 loci
1819 1037 2008 1062 memores
2020 1023 2167 1063 habent
2186 1039 2194 1063 :
2213 1028 2348 1079 ἀμουρ-

1282 1085 1353 1136 γοί,
1371 1087 1596 1138 λαμπτῆρες.
1627 1085 1731 1124 Satis
1762 1086 1909 1136 inepte.
1935 1084 2102 1122 Differat
2122 1085 2224 1123 enim
2261 1087 2348 1138 epi-

1284 1145 1420 1183 theton
1453 1159 1475 1184 a
1503 1145 1664 1185 nomine
1693 1145 1758 1183 cui
1779 1143 1966 1195 adjicitur
1986 1157 2143 1182 necesse
2176 1153 2246 1185 est.
2269 1145 2346 1184 Sed

1283 1219 1404 1256 quum
1426 1203 1598 1258 ἀμουργοί
1613 1204 1805 1256 explicari
1832 1212 2021 1254 nequeat,
2048 1205 2211 1255 quidam
2243 1205 2344 1245 illud

1285 1273 1516 1317 corruptum
1543 1277 1627 1303 esse
1646 1264 1721 1303 rati
1743 1262 1894 1316 ἀμοργοί
1913 1263 2041 1301 solum
2074 1263 2123 1301 ab
2150 1263 2344 1316 Empedo-

1285 1325 1343 1363 cle
1362 1324 1583 1376 profectum
1605 1323 1871 1362 crediderunt.
1896 1323 1952 1360 Ac
1971 1322 2233 1363 Schneiderus
2254 1326 2346 1376 qui-

1285 1384 1373 1423 dem
1395 1385 1437 1423 in
1458 1383 1541 1423 Ecl.
1562 1383 1681 1435 Phys.
1697 1397 1736 1435 p.
1764 1382 1836 1422 185
1859 1395 1919 1433 sq'.
1938 1381 2174 1421 vocabulum
2192 1385 2348 1437 ἀμοργός

1285 1444 1438 1482 confert
1453 1457 1542 1482 cum
1565 1442 1694 1495 μολγός
1707 1473 1717 1491 ,
1748 1442 1877 1495 μοργός
1897 1450 1935 1480 et
1954 1442 2079 1480 latino
2100 1445 2227 1493 balga,
2253 1445 2346 1496 λαμ-

1283 1505 1420 1556 πτῆρας
1451 1501 1627 1554 ἀμοργούς
1660 1501 1890 1541 existimans
1935 1501 2039 1539 idem
2071 1504 2201 1542 valere
2240 1505 2346 1555 quod

1284 1562 1488 1614 μολγινούς,
1515 1562 1710 1610 solllculis
1730 1563 1930 1602 obvolutos.
1968 1561 2088 1612 Atqui
2122 1561 2198 1601 hoc
2230 1576 2347 1603 sensu

1283 1621 1455 1661 abundat
1468 1622 1665 1672 genitivus
1680 1620 1855 1660 παντοίων
1868 1620 2023 1671 ἀνέμων,
2039 1634 2154 1672 quem
2170 1623 2239 1673 qui
2255 1637 2343 1662 cum

1283 1682 1451 1732 Bergkio
1472 1682 1498 1720 l.
1520 1696 1555 1721 c.
1577 1680 1803 1720 absolutum
1824 1694 1909 1720 esse
1929 1688 2119 1732 putarunt
2144 1691 2233 1733 post
2253 1682 2346 1735 ἅψας

1282 1749 1321 1779 et
1340 1749 1431 1793 post
1445 1739 1585 1791 ἀνέμων
1596 1740 1813 1779 incidentes
1830 1740 2136 1778 constructionis
2153 1742 2346 1792 simplici-

1286 1809 1402 1839 tatem
1423 1800 1594 1839 turbant.
1613 1800 1791 1852 Namque
1810 1799 2025 1839 verborum
2041 1799 2221 1838 ordinem
2239 1801 2345 1840 hunc

1282 1874 1365 1900 esse
1387 1861 1575 1912 Bergkius
1602 1869 1731 1899 censet
1750 1875 1759 1898 :
1781 1861 1828 1904 ὡς
1849 1859 1878 1898 δ’
1898 1858 1955 1897 ὅτε
1974 1875 2026 1904 τις
2067 1859 2216 1913 πρόοδον
2233 1860 2342 1901 νοέων

1282 1920 1466 1974 χειμερίην
1483 1919 1541 1959 διὰ
1561 1919 1672 1959 νύκτα
1689 1919 1864 1960 παντοίων
1880 1919 2019 1970 ἀνέμων
2031 1949 2040 1967 ,
2058 1918 2150 1972 ἅψας
2163 1919 2271 1974 πυρὸς
2285 1921 2344 1960 σέ·

1282 1983 1347 2024 λας
1361 1980 1559 2032 αἰθομένοιο
1588 1979 1795 2020 ὡπλίσσατο
1820 1978 1949 2032 λύχνον
1965 2007 1977 2027 ,
1993 1980 2209 2032 λαμπτῆρας
2231 1982 2346 2036 ἀμορ-

1282 2039 1378 2091 γούς.
1396 2040 1484 2087 Qua
1505 2040 1766 2092 perversitate
1790 2039 1962 2078 admissa
1981 2039 2166 2079 tollamus
2190 2052 2347 2093 oportet

1283 2099 1400 2137 etiam
1422 2100 1636 2151 λαμπτῆρας
1656 2097 1845 2150 ἀμοργούς,
1872 2111 1960 2150 quae
1974 2097 2096 2136 verba
2115 2100 2344 2151 explicatio-

1282 2159 1344 2197 nis
1364 2159 1491 2208 gratia
1510 2158 1751 2210 praecedenti
1767 2157 1896 2210 λύχνον
1923 2157 2061 2195 doctus
2081 2158 2149 2196 ille
2169 2160 2233 2197 vir
2254 2160 2346 2198 sub-

1283 2219 1417 2257 nectit.
1436 2218 1571 2268 Neque
1588 2231 1683 2256 vero
1709 2218 1942 2255 Homericus
1963 2231 2079 2268 quem
2101 2218 2215 2257 affert
2235 2220 2346 2259 locus

1282 2290 1331 2316 ex
1354 2277 1467 2316 Iliad.
1490 2276 1560 2315 lib.
1590 2276 1641 2324 ll,
1666 2277 1742 2328 394
1765 2276 1981 2327 quidquam
2004 2275 2147 2327 probat
2170 2291 2179 2314 z

1333 2364 1401 2409 Ὣς
1420 2364 1536 2418 ἔφατ’·
1559 2363 1707 2417 Ἀργεῖοι
1727 2363 1764 2402 δὲ
1786 2362 1866 2416 μέγ’
1888 2363 2010 2416 ἴαχον,
2036 2366 2083 2408 ὡς
2109 2365 2167 2405 ὅτε
2186 2370 2283 2419 κῦμα

1335 2426 1426 2476 ἀκτῇ
1447 2424 1499 2476 ἐφ’
1520 2425 1658 2478 ὑψηλῇ,
1676 2423 1735 2463 ὅτε
1751 2422 1879 2475 κινήσῃ
1899 2424 2011 2468 Νότος
2026 2424 2133 2463 ἐλθών
2146 2456 2156 2475 ,

1333 2485 1508 2537 προὸλῆτι
1530 2484 1694 2538 σκοπέλῳ
1706 2499 1715 2508 ·
1736 2483 1794 2523 τὸν
1810 2484 1839 2522 δ’
1852 2481 1980 2523 οὔποτε
1997 2483 2143 2534 κύματα
2157 2484 2286 2534 λείπει,

1334 2543 1508 2583 παντοίων
1527 2542 1665 2582 ἀνέμων
1681 2573 1691 2594 ,
1709 2541 1759 2581 ὅτ’
1776 2542 1816 2581 ἂν
1838 2542 1944 2591 ἔνθ’ἣ
1966 2542 2047 2582 ἔνθα
2067 2543 2261 2596 γένωνται,

1286 2647 1355 2686 ubi
1384 2656 1533 2686 tantum
1561 2646 1694 2693 abest,
1721 2655 1765 2685 ut
1781 2646 1903 2685 verba
1922 2646 2098 2685 παντοίων
2130 2646 2269 2697 ἀνέμων
2300 2661 2346 2686 eo

1281 2707 1398 2745 modo
1416 2721 1495 2758 quo
1523 2707 1608 2758 ipse
1628 2707 1732 2758 apud
1755 2706 2033 2758 Empedoclem
2054 2707 2197 2758 accipit
2217 2707 2346 2745 dican-

1281 2775 1359 2814 tur,
1382 2775 1425 2804 ut
1453 2766 1590 2818 dispar
1620 2767 1830 2818 utriusque
1863 2767 1940 2804 loci
1977 2769 2076 2805 ratio
2105 2767 2168 2805 sit.
2191 2766 2343 2805 Etenim

1280 2840 1399 2877 quum
1425 2834 1542 2878 poeta
1560 2839 1641 2864 non
1665 2826 1770 2865 nude
1785 2826 1889 2864 dicat
1906 2826 2081 2864 παντοίων
2099 2827 2238 2876 ἀνέμων
2250 2857 2260 2875 ,
2277 2828 2343 2865 sed

1281 2884 1469 2936 adjungat
1498 2884 1549 2923 ὅτ’
1578 2884 1620 2923 ἂν
1642 2884 1711 2924 ἔνθ’
1736 2885 1759 2933 ἢ
1793 2886 1875 2925 ἔνθα
1904 2886 2093 2936 γένωνται,
2125 2886 2232 2936 quod
2263 2901 2345 2926 non

1282 2946 1447 2983 multum
1463 2944 1583 2984 distat
1603 2957 1625 2982 a
1651 2943 1830 2984 παντοίων
1849 2945 1988 2996 ἀνέμων
2006 2944 2076 2984 ἔνθ’
2099 2943 2122 2992 ἢ
2145 2943 2225 2983 ἔνθα
2246 2961 2345 2997 γενο-

1281 3003 1416 3055 μένων,
1432 3004 1612 3043 omittere
1632 3013 1788 3056 poterat
1807 3004 1937 3044 ἀέντων
1958 3013 2044 3056 post
2066 3003 2219 3055 ἀνέμων.
2233 3005 2343 3043 Adde

1281 3063 1388 3114 quod
1419 3064 1608 3114 Bergkius
1631 3062 1724 3117 ἅψας
1750 3078 1837 3103 cum
1865 3063 1973 3116 πυρὸς
2002 3063 2106 3108 σέλας
2144 3062 2343 3114 αἰθομένοιο

1279 3122 1520 3174 jungendum
1553 3135 1637 3161 esse
1665 3122 1887 3170 contendit,
1911 3123 1960 3160 ad
1988 3123 2202 3174 λαμπτῆρας
2228 3124 2345 3173 perti-

1281 3195 1375 3220 nere
1392 3191 1524 3233 negat,
1543 3185 1636 3233 quia
1652 3194 1855 3221 accensam
1876 3195 1960 3220 esse
1978 3183 2178 3220 lucernam
2200 3181 2344 3220 diserte

1280 3235 1489 3281 dicendum
1510 3241 1650 3290 fuerit3
1681 3255 1760 3293 quo
1780 3241 1881 3280 nihil
1903 3255 2075 3292 unquam
2101 3241 2231 3279 minus
2250 3253 2344 3278 vere

1282 3300 1330 3339 de
1348 3300 1412 3339 his
1430 3299 1617 3339 versibus
1634 3301 1824 3352 scriptum
1841 3310 1912 3339 est.
1929 3299 2038 3338 Licet
2055 3300 2158 3338 enim
2181 3300 2344 3350 proprie

1281 3374 1361 3398 non
1376 3360 1526 3398 laterna
1543 3360 1553 3413 (
1567 3361 1584 3397 ὃ
1602 3358 1774 3411 λαμπτήρ
1786 3360 1796 3412 )
1808 3391 1817 3408 ,
1835 3359 1903 3399 sed
1919 3360 2077 3398 lucerna
2097 3360 2256 3396 laternae
2270 3359 2343 3395 im-

1283 3420 1402 3458 missa
1420 3421 1451 3473 (ὁ
1465 3419 1592 3473 λύχνος
1612 3422 1630 3458 ὃ
1646 3421 1697 3472 τῷ
1718 3420 1904 3470 λαμπτῆρι
1919 3417 2162 3469 ἐντεθειμένος)
2182 3417 2342 3455 accendi

1282 3479 1538 3531 perhibeatur
1561 3493 1570 3517 ι
1596 3487 1726 3517 tamen
1750 3479 1946 3532 interdum
1965 3478 2049 3516 istae
2065 3489 2181 3515 voces
2195 3489 2218 3514 a
2237 3475 2343 3513 Grae-

209 3534 272 3574 Vs.
287 3537 436 3575 221.1n
453 3537 587 3578 verbis
605 3538 713 3592 πυρὸς
729 3538 836 3583 σέλας
858 3538 1053 3590 αἰθομένοιο
1070 3539 1210 3578 Home·
1248 3547 1252 3563 ¹
1281 3541 1336 3578 cis
1356 3539 1664 3579 confunduntur.
1681 3539 1745 3577 Sic
1764 3538 1985 3590 Xenophon
2003 3537 2170 3575 Conviv.
2191 3548 2276 3587 cap.
2294 3534 2339 3581 V,

269 3610 392 3636 PHILOS·
412 3612 510 3636 GuAEc.
534 3613 542 3632 Ι

2203 3607 2220 3633 Α
