2612 3814
1008 242 1503 308 APOPHTHEGMATA.
2255 278 2322 312 εει

171 374 202 402 2.
224 358 318 405 Τοὺς
340 358 530 411 μέλλοντας
563 357 731 411 ἀσφαλῶς
761 355 988 410 τυραννήσειν
1018 360 1062 410 τῇ
1090 355 1206 408 εὐνοία
1269 369 1315 395 11.
1348 355 1561 408 Ἐρωτηθείς
1576 387 1585 403 ,
1607 357 1640 394 τί
1662 357 1804 395 πάντων
1827 357 1953 409 αἴτιον,
1974 357 2065 412 ἔφη,
2088 359 2237 412 Χρόνος.

225 420 487 473 δορυφορεῖσθαι
507 418 579 466 δεῖ,
597 416 658 456 καὶ
676 415 726 468 μὴ
742 418 814 461 τοῖς
831 414 964 462 ὅπλοις.

280 496 487 548 (Diogenes
502 494 683 533 Laertius
702 494 773 534 lib.
791 492 825 541 Ι,
844 494 927 544 97.)

170 586 202 612 ³.
226 571 368 619 Μηδενὶ
391 570 523 624 φθόνει.

279 646 469 700 (stobaeus
489 631 596 686 Flor'.
616 644 815 684 xxxvm
828 675 841 697 ,
858 644 939 697 51.)

170 737 201 764 4.
225 721 368 776 Ὥσπερ
388 724 411 770 ἡ
433 721 579 775 ἐρυσίὸη
606 719 696 761 ἴδιόν
717 722 792 760 ἐστι
823 725 884 760 τοῦ
917 719 1016 759 σίτου
1046 718 1210 771 νόσημα,

223 781 315 823 οὕτω
336 782 457 835 φθόνος
474 781 590 835 φιλίας
611 781 705 821 ἐστὶν
727 780 965 836 ἀρρώστημα.

279 859 467 911 (Stobaeus
488 859 592 898 Flor.
606 857 831 908 XXXVIII,
852 858 930 908 52.)

170 947 201 973 5.
224 929 372 985 εὨσπερ
393 934 411 971 6
431 931 480 976 ἰὸς
499 931 658 984 σίδηρον,
676 930 785 975 οὕτως
799 931 817 968 ὁ
833 928 954 985 φθόνος
972 926 1035 975 τὴν
1057 927 1210 980 ἔχουσαν

226 1004 329 1044 αὐτὸν
347 1002 466 1058 ψυχὴν
487 1002 718 1056 ἐξαναψήχει.

283 1073 474 1126 (Stobaeus
494 1073 596 1111 Flor.
615 1070 835 1119 XXXVIII,
856 1068 939 1122 53.)

171 1162 201 1188 ο.
223 1147 327 1201 Ὅσῳ
350 1147 419 1202 γὰρ
438 1146 481 1186 ἂν
498 1149 624 1202 φθονῇς
637 1177 648 1197 ,
670 1144 829 1200 τοσούτῳ
845 1143 1012 1196 μειζόνων
1029 1143 1110 1198 γίνῃ
1130 1143 1213 1198 πρό-

227 1207 319 1253 ξενος
333 1209 474 1259 ἀγαθῶν
491 1209 541 1261 τῷ
559 1206 796 1261 φθονουμένῳ.
857 1227 861 1235 ·

276 1284 473 1335 (Stobaeus
490 1284 596 1324 Flor.
616 1282 840 1332 XXXVIII,
866 1282 948 1333 54.)

171 1369 202 1396 7.
228 1353 460 1408 Ἐρωτηθείς,
481 1353 540 1394 διὰ
568 1353 603 1392 τί
637 1359 821 1406 τυραννεῖ,
851 1351 946 1407 ἔφη,
971 1351 1059 1392 ’Ότι
1083 1352 1145 1391 καὶ
1173 1351 1213 1391 τὸ

227 1414 394 1460 ἑκουσίως
420 1416 619 1461 ἀποστῆναι
644 1413 705 1453 καὶ
737 1413 777 1453 τὸ
798 1415 1032 1468 ἀφαιρεθῆναι
1057 1411 1213 1451 κίνδυνον

254 1474 270 1514 ε’
294 1490 338 1514 ει.

226 1490 250 1529 φ
273 1490 1211 1598 p(Di0genesLae1t1ushbI,97;cf.St0b.F101·.

334 1605 482 1655 XLIII,
504 1606 588 1655 78.)

173 1691 204 1718 8.
228 1676 461 1731 Ἐρωτηθείς,
475 1675 508 1716 τί
521 1676 685 1730 μέγιστον
703 1677 737 1715 ἐν
753 1675 944 1731 ἐλαχίστῳ,
961 1679 1060 1729 εἰπε,
1077 1674 1212 1729 Φρένες

230 1735 362 1790 ἀγαθαὶ
379 1738 414 1780 ἐν
435 1735 575 1788 σώματι
597 1737 794 1789 ἀνθρώπου.

284 1813 474 1865 (Stobaeus
489 1812 595 1851 Flor.
616 1812 693 1860 III,
715 1810 794 1864 56.)

175 1903 206 1930 ⁹.
232 1887 367 1942 Κέρδος
388 1887 534 1940 αἰσχρὸν
550 1886 640 1941 βαρὺ
657 1887 856 1938 κειμήλιον.

286 1959 477 2014 (Stobaeus
498 1960 602 2000 Flor.
622 1959 672 2008 X,
695 1958 778 2011 49.)

151 2046 199 2072 ιο.
230 2031 356 2085 Λόγων
379 2030 592 2086 ἀποῤῥήτων
613 2031 763 2085 ἐκφορὰς
781 2029 830 2082 μὴ
848 2034 963 2070 ποιοῦ.

287 2107 479 2160 (Stobaeus
496 2107 601 2148 Flor.
624 2107 754 2155 XLII,
774 2108 825 2159 7.)

194 2313 224 2342 2.
250 2308 315 2347 Qui
337 2311 409 2341 tuto
427 2316 561 2349 regnare
578 2307 693 2341 volunt
714 2308 942 2341 benevolentia
960 2307 1071 2350 stipari
1085 2308 1218 2349 debent,

150 2377 215 2401 non
236 2368 345 2400 armis.

193 2430 225 2461 3.
250 2427 377 2460 Nemini
398 2426 552 2459 invideto.

194 2489 226 2519 4.
251 2486 534 2525 Quemadmodum
547 2486 660 2527 rubigo
675 2485 823 2528 proprius
836 2490 884 2518 est
895 2457 1047 2518 frumenti
1061 2485 1218 2517 morbus:

152 2546 198 2579 sic
210 2545 333 2578 invidia
349 2545 500 2578 amicitiae
519 2546 570 2578 est
583 2545 751 2587 aegritudo.

196 2610 226 2638 5.
252 2606 297 2638 Ut
326 2604 440 2646 rubigo
465 2605 607 2646 serrum,
628 2605 674 2637 ita
699 2604 821 2637 invidia
845 2605 990 2637 animum
1005 2628 1014 2645 ,
1036 2604 1089 2636 cui
1117 2604 1217 2644 inest,

153 2665 345 2707 corrumpit.

196 2727 228 2755 6.
250 2723 323 2760 Quo
341 2721 443 2763 magis
460 2720 604 2761 invides,
619 2729 658 2754 eo
678 2721 839 2761 majorum
854 2720 1014 2753 bonorum
1032 2720 1222 2753 conciliator

153 2790 187 2814 es
202 2781 232 2814 ei
248 2782 301 2814 cui
318 2781 495 2814 invidetur.

197 2844 228 2874 7.
254 2841 478 2881 Interrogatus
492 2848 550 2872 cur
569 2839 600 2872 in
619 2839 790 2881 tyrannide
813 2842 1014 2881 permaneret
1034 2852 1041 2872 :
1059 2839 1161 2877 Quia,
1176 2839 1223 2871 in-

154 2901 243 2943 quit,
264 2903 296 2933 et
314 2901 429 2942 sponte
447 2900 602 2934 decedere
625 2901 657 2933 et
677 2900 707 2932 vi
726 2899 893 2932 demoveri
922 2900 1141 2941 periculosum
1159 2900 1217 2932 est.

197 2965 227 2994 8.
252 2961 495 3001 Interrogatus,
510 2959 589 3002 quid
610 2960 793 2992 maximum
810 2960 843 2992 in
858 2960 992 2992 minimo
1009 2962 1093 2993 esset
1109 2969 1117 2991 :
1133 2961 1221 2992 Bona

154 3028 260 3061 mens,
280 3020 385 3061 inquit
397 3044 407 3060 ,
421 3024 452 3052 tn
471 3028 604 3062 corpore
618 3020 772 3052 humano.

198 3084 229 3113 9.
254 3081 363 3121 Turpe
382 3078 513 3112 lucrum
530 3079 636 3121 gravis
657 3080 706 3112 est
722 3079 903 3112 thesaurus.

202 3141 249 3172 10.
276 3139 408 3172 Secreta
425 3139 491 3171 noli
505 3139 685 3172 enuntiare.

203 3202 255 3231 ¹1.
276 3199 519 3239 Interrogatus,
546 3208 619 3240 quae
638 3201 722 3232 esset
739 3199 887 3232 omnium
911 3208 1007 3231 causa
1031 3209 1040 3231 ι
1058 3200 1218 3240 Tempus,

157 3258 273 3299 inquit.

208 3359 438 3392 EORUNDEM
453 3359 513 3392 VlI
536 3361 775 3394 SAPIENTUM
798 3363 853 3394 DE
872 3362 928 3393 RE
951 3361 1167 3394 FAMILIARI

600 3420 772 3454 EFFATA.

1404 432 1594 483 <Stobaeus
1612 433 1745 484 Eclog.
1768 434 1889 486 Phys.
1911 434 1984 476 lib.
2010 435 2027 473 1
2053 449 2138 488 cap.
2158 437 2198 484 8,
2221 444 2269 483 4ο
2293 451 2333 490 p.

1460 506 1511 543 90
1528 492 1590 532 ed.
1611 493 1751 546 Gaisf.)

1295 603 1399 643 ΤΩΝ
1430 603 1602 643 ΑΥἸῺΝ
1634 605 1773 642 ΕΠΤΑ
1807 604 1983 643 ΣΟΦΩΝ
2014 605 2136 643 ΠΕΡΙ
2167 607 2316 646 OlKo-

1481 664 1686 702 IN'OMIAE
1716 664 2133 703 ΑΠΟΦΘΕΓΜΑΤΑ.

1330 779 1468 817 Τοῦτον
1501 776 1643 830 ἄριστον
1664 778 1682 815 6
1703 774 1826 815 Σόλων
1857 768 1954 815 εἶπεν
1975 776 2071 828 αὐτῷ
2093 776 2204 814 δοκεῖν
2227 770 2335 823 οἶκον,

1273 837 1361 877 ὅπου
1383 835 1429 876 τὰ
1442 836 1614 891 χρήματα
1634 835 1724 887 μήτε
1742 851 1933 887 κτωμενοις
1948 836 2081 882 ἀδικία,
2100 835 2191 887 μήτε
2206 838 2266 890 φυ)
2265 853 2317 877 α

1275 913 1392 936 τουσιν
1413 896 1580 945 ἀπιστία,
1609 895 1700 948 μήτε
1730 896 1913 934 δαπανῶσι
1935 895 2102 946 μετάνοια
2135 896 2301 948 πρόσεστι
2293 912 2336 936 ν.

1273 956 1319 997 Ὁ
1338 957 1374 996 δὲ
1397 956 1506 1001 Βίας·
1526 958 1561 995 ἐν
1581 959 1610 1010 ῳ
1635 955 1790 1000 τοιοῦτός
1811 957 1905 994 ἐστιν
1926 958 1943 994 6
1962 955 2134 1003 δεσπότης
2154 957 2197 994 δι’
2221 956 2338 1004 αυτόν,

1272 1020 1341 1061 οῑος
1370 1015 1435 1063 ἔξω
1454 1016 1511 1055 διὰ
1539 1015 1598 1055 τὸν
1619 1015 1736 1067 νόμον.
1768 1014 1814 1055 Ὁ
1835 1014 1871 1053 δὲ
1880 1016 2037 1062 Θαλης·
2059 1017 2093 1054 ἐν
2118 1018 2146 1068 ῳ
2168 1014 2250 1054 πλε
2220 1031 2338 1062 ε-ιςτην

1273 1077 1368 1128 ἄγειν
1393 1078 1444 1114 τῶ
1471 1075 1623 1129 δεσπότῃ
1647 1074 1778 1128 σχολὴν
1803 1074 1947 1120 ἔξεστιν.
1968 1073 2014 1114 Ὅ
2033 1073 2069 1113 δὲ
2098 1074 2340 1118 Κλεόὸουλος·

1273 1138 1302 1175 SI
1322 1134 1520 1179 πλείοναςν
1500 1150 1575 1188 ἔχει
1593 1151 1661 1172 τῦὶν
1684 1133 1911 1196 spoeougssevow
1933 1133 2037 1173 αὐτον
2059 1151 2137 1179 τους
2155 1136 2214 1180 φιλ
2218 1150 2342 1179 Ουνῗας

1272 1198 1291 1235 6
1320 1194 1507 1241 δεσπότης.
1531 1194 1578 1234 ‘O
1600 1193 1635 1234 δὲ
1666 1193 1848 1238 Πιττακὸς
1872 1187 1985 1244 εἶπεν,
2015 1195 2062 1238 ὡς
2082 1193 2222 1267 ἄριστος
2250 1187 2343 1239 οἶκός

1273 1256 1366 1295 ἐστιν
1398 1256 1415 1292 6
1444 1257 1514 1294 τῶν
1548 1256 1726 1305 περισσῶν
1760 1269 1820 1291 και
1854 1269 1923 1292 των
1957 1253 2162 1304 ἀναγκαίων
2194 1253 2344 1304 μηδενὸς

1273 1314 1484 1365 ἐνδεόμενος.
1508 1313 1553 1353 Ὁ
1576 1312 1613 1352 δὲ
1635 1312 1788 1352 Χίλων’
1770 1328 1837 1366 εφη
1852 1343 1862 1360 ,
1883 1313 1952 1351 δεῖν
1974 1313 2129 1363 μάλιστα
2153 1314 2342 1365 βασιλευο-

1275 1374 1362 1427 μένῃ
1380 1371 1741 1425 πόλειπροσεοικέναι
1762 1372 1819 1411 τὸν
1841 1365 1956 1411 οἶκον·
1977 1376 2053 1410 εἶτα
2072 1378 2274 1425 προσεῖπεν,
2280 1371 2343 1411 ὅτι

1273 1437 1474 1486 Λυκοῦργος
1492 1432 1578 1485 πρὸς
1597 1433 1656 1472 τὸν
1678 1431 1867 1471 κελευοντα
1898 1431 2178 1485 δημοκρατίαν’
2163 1447 2198 1469 εν
2215 1448 2259 1483 τῃ
2279 1431 2344 1470 πό·

1274 1496 1328 1534 λει
1347 1508 1585 1541 καταστησαι,
1599 1495 1753 1546 πρῶτον,
1774 1491 1857 1545 ἔφη,
1881 1491 2028 1540 ποίησον
2050 1494 2084 1531 ἐν
2102 1496 2146 1547 τῇ
2167 1493 2260 1548 οἰκία
2282 1509 2343 1533 σου

1275 1551 1534 1606 δημοκρατίαν.

1413 1666 1660 1720 (Plutarchus
1687 1665 1757 1706 VII
1785 1666 1959 1719 Sapient.
1982 1665 2153 1704 Conviv.
2178 1678 2264 1716 cap.
2298 1679 2342 1704 12

1465 1740 1556 1779 pag.
1581 1728 1630 1765 26
1663 1740 1767 1778 seqn
1758 1755 1769 1774 ‚
1801 1726 1850 1766 cf.
1882 1725 1992 1764 Stob.
2028 1726 2131 1767 Flor.
2159 1724 2342 1774 LXXXV,

1471 1791 1548 1841 ιι..)

1348 1887 1448 1927 ΤΩΝ
1479 1886 1653 1925 ΑΥΤΩΝ
1686 1885 1803 1924 ΠΕΡΙ
1836 1885 2120 1925 ΠΟΛΙΤΕΙΑΣ
2150 1885 2279 1924 ΑΠΟ-

1657 1946 1963 1985 ΦΘΕΓΜΑΤΑ.

1333 2046 1406 2086 Καὶ
1431 2049 1569 2099 πρῶτος
1593 2048 1611 2084 ὁ
1639 2045 1781 2085 Σόλων·
1810 2045 1903 2084 Ἀλλ’
1931 2043 2086 2091 ἀκήκοας
2113 2042 2175 2095 μὲν
2197 2043 2241 2091 ἣν
2272 2043 2344 2096 ἔχω

1276 2105 1420 2159 γνώμην
1442 2105 1522 2159 περὶ
1550 2105 1750 2155 πολιτείας,
1775 2106 1804 2143 εἷ
1824 2104 1860 2143 δὲ
1887 2104 2004 2156 βούλει
2023 2103 2083 2141 καὶ
2106 2106 2163 2141 νῦν
2186 2102 2342 2151 ἀκούειν,

1282 2308 1367 2341 es'set-
1398 2316 1504 2349 neque
1527 2307 1646 2348 injuste
1667 2308 1778 2349 parta,
1799 2315 1904 2347 neque
1926 2306 1958 2338 in
1981 2314 2019 2339 ea
2039 2306 2090 2338 vel
2116 2305 2341 2338 conservanda

1281 2385 1473 2418 diffidentiae
1493 2385 1542 2417 vel
1559 2384 1778 2417 consumenda
1797 2383 1997 2425 poenitentiae
2020 2384 2110 2416 locus
2131 2386 2224 2417 esset.
2243 2384 2315 2416 Bias
2335 2394 2343 2415 ε

1280 2464 1311 2496 in
1333 2474 1395 2505 qua
1412 2464 1564 2496 dominus
1578 2472 1638 2496 sua
1650 2466 1765 2504 sponte
1775 2462 1848 2495 talis
1862 2465 1964 2502 esset,
1983 2463 2112 2504 qualem
2127 2462 2200 2494 soris
2213 2463 2346 2503 propter

1280 2542 1367 2583 leges
1389 2549 1424 2573 se
1451 2542 1588 2582 gereret.
1610 2540 1726 2573 Thales
1747 2549 1843 2581 vero,
1868 2540 1900 2572 in
1923 2549 1987 2581 qua
2014 2539 2146 2572 domino
2169 2541 2345 2582 plurimum

1281 2619 1338 2651 otii
1360 2618 1480 2651 habere
1502 2618 1624 2651 liceret.
1648 2617 1823 2651 Cleobulus
1843 2618 1951 2650 autem
1980 2630 1988 2650 z
2015 2618 2041 2650 si
2058 2607 2222 2651 dominus⁴
2238 2619 2346 2660 piures

1282 2697 1414 2729 haberet
1434 2697 1484 2728 sui
1501 2697 1667 2737 amantes,
1688 2705 1786 2738 quam
1804 2697 1997 2728 metuentes.
2021 2695 2167 2728 Pittacus
2188 2696 2344 2738 optimam

1281 2782 1349 2806 esse
1367 2773 1502 2805 domum
1519 2772 1618 2814 dixit,
1634 2773 1689 2806 ubi
1703 2782 1809 2815 neque
1823 2782 2101 2815 supervacaneum
2118 2782 2221 2815 neque
2236 2782 2346 2806 neces-

1282 2852 1403 2883 sarium
1430 2851 1610 2893 quidquam
1633 2851 1885 2884 desideraretur.
1907 2851 2025 2884 Chilon
2056 2850 2183 2884 censuit
2210 2851 2344 2882 domum

1282 2928 1403 2961 civitati
1423 2928 1550 2970 regibus
1569 2928 1720 2961 obnoxiae
1740 2929 1937 2961 simillimam
1957 2938 2027 2961 esse
2049 2928 2184 2968 debere,
2207 2927 2340 2968 adjecit-

1281 3014 1345 3046 que
1379 3006 1561 3046 Lycurgum
1589 3005 1719 3038 cuidam
1748 3004 1803 3046 qui
1830 3004 1984 3046 populare
2011 3004 2185 3046 imperium
2221 3006 2344 3045 Spartae

1282 3083 1448 3116 instituere
1467 3084 1576 3125 ipsum
1593 3083 1741 3124 juberet,
1761 3082 1964 3123 respondisse
1981 3091 1989 3114 ι
2007 3083 2097 3114 Prius
2115 3084 2149 3114 tu
2171 3082 2234 3114 hoc
2256 3081 2343 3114 domi

1283 3164 1347 3193 tuae
1363 3160 1469 3194 facito.

1439 3268 1675 3299 EORUNDEM
1698 3268 1829 3299 DICTA
1854 3267 1910 3298 DE
1930 3266 2180 3298 REPUBLICA.

1324 3359 1519 3400 Primusque
1536 3359 1633 3392 Solon
1651 3371 1660 3391 ι
1677 3358 1836 3391 Audivisti
1855 3358 1985 3399 quidem
2000 3366 2075 3399 quae
2095 3357 2135 3388 sit
2149 3364 2221 3388 mea
2236 3354 2276 3387 de
2292 3363 2342 3387 re·

1282 3436 1410 3477 publica
1424 3437 1580 3470 sententia
1592 3461 1601 3476 ,
1616 3437 1670 3469 sed
1685 3436 1711 3469 si
1730 3445 1814 3468 nunc
1832 3415 1961 3476 quoque
1974 3435 2050 3466 libet
2068 3433 2199 3474 audire,
2213 3431 2342 3464 videtur

199 3510 298 3545 Solon
326 3519 397 3544 eam
417 3511 478 3545 sibi
498 3512 632 3546 domurn
657 3514 815 3555 optimam
839 3513 941 3548 videri
969 3514 1070 3555 dixit,
1090 3513 1144 3546 ubi
1170 3522 1220 3547 res
1284 3514 1362 3546 mihi
1379 3514 1492 3547 civitas
1517 3513 1670 3553 perbeata
1691 3522 1762 3546 esse
1779 3514 1812 3545 et
1837 3511 2022 3554 popularem
2043 3510 2198 3543 rationem
2215 3508 2342 3551 optime
