2612 3814
310 265 384 298 44⁴

308 349 368 388 καὶ
406 348 556 401 αἰσχύνη
596 348 859 403 ἀποτρέπουσαι
894 352 962 389 τῶν
996 355 1129 399 κακῶν,
1158 350 1359 403 ἀνθρώπους

309 407 432 458 μόνους
457 408 725 462 ἐπιστρέφεσθαι
744 409 903 461 λέγονται
922 410 1041 461 ὀρθῶς.
1099 411 1151 450 Τὸ
1170 409 1237 462 γὰρ
1257 411 1361 459 λογι-

309 466 367 505 κὸν
389 469 474 520 ζῷον
489 468 592 518 μόνον
606 469 894 507 συναισθάνεσθαι
910 471 972 516 τῆς
990 469 1087 517 δίκης
1107 470 1254 522 πέφυκε.
1276 470 1359 511 Τοῖς

310 526 486 578 μεγίστοις
505 520 563 567 οὖν
588 528 679 579 ὅροις
709 529 898 571 διεστῶτας
923 532 1020 578 ἡμᾶς
1044 531 1115 569 ἀπὸ
1133 532 1202 568 τῶν
1223 528 1358 580 ἀλόγων

309 585 479 638 διεστώσῃ
499 586 668 635 πάμπολυ
699 587 758 625 καὶ
778 589 821 638 τῇ
853 586 1021 633 διοικήσει
1049 591 1203 640 χρῆσθαι
1224 587 1359 639 προσή-

308 660 375 685 κει.
449 644 656 698 Σύμμετρος
677 646 744 700 γὰρ
762 648 838 688 ταῖς
868 645 998 690 οὐσίαις
1017 648 1086 684 τῶν
1118 646 1227 685 ὄντων
1259 646 1320 683 καὶ
1341 648 1360 683 ὁ

308 705 369 749 τῆς
386 702 550 755 προνοίας
569 705 705 753 θεσμός·
722 704 781 743 καὶ
798 706 844 748 ὡς
863 703 996 742 ἕκαστα
1016 704 1151 751 ὑπέστη
1184 704 1280 756 παρὰ
1301 707 1359 742 τοῦ

309 763 521 815 δημιουργοῦ
543 764 641 809 θεοῦ,
660 761 749 801 οὕτω
775 763 834 801 καὶ
858 761 1021 815 προνοίας
1041 762 1210 807 ἀξιοῦται.
1265 760 1358 801 Φαί-

307 834 405 857 νεται
424 820 482 868 δέ,
504 820 561 859 ἐπὶ
588 820 651 870 μὲν
678 822 746 858 τῶν
779 818 1007 873 ἀνθρωπίνων
1040 823 1186 874 ψυχῶν,
1207 819 1358 867 ἑκάστην

309 878 409 921 αὐτὸς
431 878 644 925 ὑποστήσας·
665 878 722 918 ἐπὶ
737 879 773 917 δὲ
791 881 859 916 τῶν
881 877 1017 928 ἀλόγων
1038 879 1128 930 μόνα
1147 879 1244 930 γένη,
1268 894 1356 931 προ-

307 935 428 975 τείνων
458 940 501 989 τῇ
538 937 798 988 διαπλαττοόση
828 937 918 976 αὐτὰ
955 938 1082 990 φύσει,
1117 941 1162 981 ὡς
1187 938 1357 978 Πλάτωνι

308 995 422 1045 δοκεῖ,
441 999 499 1033 καὶ
527 996 669 1048 Τιμαίῳ
690 998 739 1049 τῷ
759 998 1008 1050 Πυθαγορείῳ,
1037 996 1134 1035 οὐδὲν
1157 998 1219 1047 μὲν
1235 1012 1359 1050 προσε-

307 1054 366 1106 χὲς
386 1058 453 1093 τῶν
465 1058 596 1103 θνητῶν
613 1055 861 1109 δημιούργημα
879 1051 967 1096 εἶναι
985 1060 1046 1095 τοῦ
1063 1060 1140 1095 θεοῦ
1157 1058 1359 1107 τιθεμένοις,

306 1113 368 1157 τὰς
389 1114 424 1152 δὲ
445 1113 661 1166 ἀνθρωπίνας
675 1114 792 1167 ψυχὰς
809 1114 965 1165 γίνεσθαι
981 1117 1020 1154 ἐκ
1035 1120 1094 1154 τοῦ
1109 1116 1213 1155 αὐτοῦ
1227 1118 1359 1167 κρατῆ·

307 1187 363 1223 ρος
381 1172 453 1216 τοῖς
469 1188 505 1211 τε
523 1174 722 1225 ἐγκοσμίοις
747 1175 857 1224 θεοῖς,
875 1174 935 1213 καὶ
955 1180 1026 1218 τοῖς
1043 1174 1204 1226 δαίμοσιν
1216 1205 1227 1225 ,
1246 1173 1269 1222 ἢ
1289 1180 1361 1219 τοῖς

307 1231 447 1282 ἀγαυοῖς
477 1231 605 1285 ἥρωσι·
632 1233 684 1272 διὸ
703 1232 849 1286 πρόνοια
880 1234 936 1273 ἐπ’
960 1233 1154 1286 ἀνθρώπων
1185 1233 1259 1271 ἐστὶ
1280 1232 1358 1271 καθ’

305 1288 366 1327 ἕνα
378 1288 538 1337 ἕκαστον,
549 1292 622 1334 πῶς
639 1290 828 1343 ἀφίσταται
842 1294 911 1329 τῶν
927 1292 1010 1330 ἐκεῖ·
1028 1294 1103 1336 πῶς
1119 1292 1205 1345 πρὸς
1216 1292 1261 1330 τὰ
1277 1293 1358 1345 τῇδε

303 1345 406 1386 νεύει·
426 1350 500 1392 πῶς
518 1349 666 1388 ἐνταῦθα
689 1349 919 1389 πολιτεύεται·
934 1353 1008 1395 πῶς
1033 1351 1252 1390 ἂνιέντεῧθεν
1275 1352 1360 1389 ἀνα·

303 1408 485 1457 κομισθείη
507 1410 630 1447 ἐκεῖσε·
651 1402 698 1447 ὧν
726 1409 822 1448 οὐδὲν
845 1410 897 1448 δεῖ
928 1409 1008 1461 περὶ
1029 1412 1092 1456 τῆς
1119 1409 1247 1460 ἀλόγου
1267 1412 1358 1457 ζωῆς

303 1466 634 1519 πραγματεύεσθαι.
731 1469 825 1507 Οὔτε
857 1467 925 1521 γὰρ
959 1463 1062 1516 ἦλθεν
1101 1469 1357 1516 ἀδυνατήσασα

304 1526 513 1565 ἐπισπέσθαι
532 1528 610 1579 θεῷ·
633 1526 711 1565 οὔτε
723 1527 781 1565 ἐπὶ
797 1529 861 1579 γῆς
872 1527 1016 1566 δύναται
1032 1528 1290 1576 πολιτεύεσθαι,
1309 1531 1355 1572 ὡς

303 1584 408 1637 φυτὸν
434 1578 521 1623 οῧσα
547 1586 716 1638 οὐράνιον·
745 1585 824 1624 οὗτε
855 1585 941 1638 πρός
967 1603 999 1625 τι
1029 1586 1192 1637 ξύννομον
1225 1587 1353 1640 ἄστρον

303 1642 494 1693 ἀνάγεσθαι
526 1643 669 1697 πέφυκε.
694 1656 697 1660 ’
728 1644 801 1683 Καὶ
821 1648 932 1683 ταῦτα
959 1645 1020 1697 μὲν
1050 1645 1135 1698 πρὸς
1164 1645 1205 1684 τὸ
1238 1647 1353 1699 παρὸν

1039 260 1314 299 fflERocLls
1342 258 1757 300 COMMENTARIUS

1422 349 1694 402 ἀπολελογήσθω
1727 353 1812 401 ἡμῖν
1845 350 1929 403 πρὸς
1955 351 2031 395 τοὺς
2060 353 2371 405 δυσχεραντικούς,
2407 355 2469 396 καὶ

1422 409 1643 463 πανταχόθεν
1664 410 1705 448 τὸ
1723 410 1938 463 ἀπρονόητον
1951 414 2287 459 κατασκευάζοντας·
2304 413 2390 466 πρὸς
2411 414 2470 460 οὓς

1420 469 1479 507 καὶ
1499 472 1611 507 ταῦτα
1631 471 1740 507 εἰπεῖν
1773 469 1926 522 δίκαιον,
1956 470 2009 509 ὅτι
2031 471 2069 509 ἐκ
2106 469 2168 520 μὲν
2198 475 2258 509 τοῦ
2278 472 2401 523 πράως
2418 473 2466 512 τὰ

1421 529 1573 580 δυσχερῆ
1593 527 1708 581 φέρειν
1730 529 1749 566 ὁ
1766 527 1980 580 ἀνθρώπινος
2007 528 2135 580 τρόπος
2161 529 2359 583 εὐλόγιστος
2378 533 2468 571 ἀνα-

1420 586 1601 639 φαίνεται,
1618 586 1679 624 καὶ
1700 587 1783 640 πρὸς
1797 586 1837 626 τὸ
1847 587 1958 639 παρὸν
1974 589 2218 641 ἐπελαφρύνων
2236 589 2279 628 τὰ
2300 590 2469 645 δυσχερῆ,

1420 646 1480 684 καὶ
1499 644 1583 698 πρὸς
1604 644 1643 684 τὸ
1663 644 1791 695 μέλλον
1807 644 1967 695 ἰώμενος.
1990 646 2112 696 Ὑμεῖς
2132 647 2167 686 δὲ
2187 650 2466 700 ἀγανακτοῦντες

1419 704 1455 743 τί
1473 705 1532 743 καὶ
1549 703 1690 751 ὀνήσετε
1697 733 1709 751 ,
1734 705 1764 743 εἰ
1785 703 1833 754 μὴ
1854 704 1956 755 μόνον
1977 706 2184 759 προσθείητε
2210 714 2278 751 τοῖς
2297 707 2471 754 πόνοιςτὸ

1423 763 1588 815 μέγιστον
1602 765 1672 802 τῶν
1692 765 1811 802 κακῶν
1833 762 2011 812 ἀσέὅειαν,
2025 764 2086 803 καὶ
2100 764 2188 803 αὐτὰ
2208 765 2244 804 δὲ
2261 766 2305 804 τὰ
2322 767 2470 820 χαλεπὰ

1421 821 1618 876 τραχύτερα
1650 825 1784 867 ἑαυτοῖς
1811 822 2041 875 ἐξεργάσησθε
2074 827 2123 876 τῷ
2152 824 2251 877 παρὰ
2279 826 2344 874 τὴν
2365 826 2467 871 ἀξίαν

1421 881 1571 935 πάσχειν
1594 882 1681 921 αὐτὰ
1701 882 1833 930 δοκεῖν;
1853 882 1899 922 Ὁ
1919 882 1987 934 γὰρ
2002 885 2112 921 νοσῶν
2133 882 2192 921 ἐὰν
2214 886 2395 939 ἀγανακτῇ
2416 884 2470 924 ὅτι

1420 943 1531 988 νοσεῖ,
1550 942 1594 979 δι’
1613 940 1697 980 αὐτὸ
1714 945 1816 980 τοῦτο
1837 942 1970 991 μᾶλλον
1989 940 2143 987 νοσήσει.
2216 941 2280 981 Διὸ
2298 943 2377 982 οὐδὲ
2395 960 2469 998 χα-

1419 1000 1597 1038 λεπαίνειν
1621 1000 1673 1038 δεῖ
1701 1000 1787 1051 πρὸς
1807 999 1870 1048 τὴν
1892 999 1991 1045 ἀξίαν
2011 1003 2073 1047 τῆς
2100 1000 2301 1046 ἀποδόσεως
2319 1003 2471 1055 γινομέ-

1420 1074 1501 1106 νης,
1524 1057 1582 1096 ἵνα
1604 1058 1653 1108 μὴ
1675 1059 1734 1097 καὶ
1764 1061 1931 1111 χειρόνων
1953 1060 1987 1097 ἐν
2009 1058 2076 1103 ἔξει
2105 1058 2308 1110 γενώμεθα,
2329 1062 2386 1101 διὰ
2406 1061 2472 1110 τὴν

1420 1116 1477 1154 ἐπὶ
1496 1122 1567 1160 τοῖς
1584 1120 1733 1168 παροῦσι
1750 1117 1958 1169 βλάσφημον
1974 1116 2176 1170 δυσφορίαν.
2250 1117 2473 1172 Σκεψώμεθα

1421 1175 1456 1214 δὲ
1492 1175 1576 1215 αὐτὸ
1599 1177 1661 1215 καὶ
1681 1177 1775 1229 τῇδε·
1796 1175 1828 1215 εἴ
1844 1191 1897 1220 τις
1925 1175 2048 1215 πενίαν
2066 1175 2187 1215 λαὸὼν
2208 1177 2330 1230 πράως
2359 1178 2471 1231 φέρει,

1419 1234 1506 1288 πρὸς
1540 1239 1584 1288 τῇ
1606 1235 1676 1274 ἀπὸ
1705 1239 1767 1283 τ’ἧς
1797 1234 1992 1287 πραότητος
2027 1236 2179 1288 ἀλυπίᾳ,
2199 1237 2260 1275 καὶ
2295 1236 2472 1290 ἐξευρήσει

1419 1294 1496 1332 τινὰ
1529 1298 1590 1332 τοῦ
1618 1294 1694 1346 βίου
1715 1294 1954 1347 παραμυθίαν·
1985 1297 2087 1333 τοῦτο
2115 1295 2193 1345 μέν,
2213 1298 2273 1334 τοῦ
2299 1295 2471 1348 λογισμοῦ

1419 1352 1524 1404 πόρον
1544 1352 1796 1406 ἐξευρίσκοντος
1815 1354 1957 1405 εὐλόγου
1977 1355 2186 1408 διατροφῆς,
2205 1356 2255 1407 τῷ
2271 1355 2322 1406 μὴ
2341 1369 2475 1408 συγκε·

1418 1411 1548 1464 χύσθαι
1565 1416 1608 1466 τῇ
1628 1413 1737 1466 λύπῃ·
1755 1418 1854 1452 τοῦτο
1874 1413 1934 1461 δέ,
1957 1414 2143 1465 ἀγαμένων
2163 1413 2266 1453 «brev
2284 1416 2355 1455 τῶν
2373 1416 2472 1464 πλη-

1421 1471 1495 1511 σίον
1514 1474 1576 1518 τῆς
1606 1470 1776 1525 ἔμφρονος
1808 1472 1993 1526 καρτερίας
2008 1503 2017 1518 ,
2039 1473 2100 1511 καὶ
2130 1472 2472 1525 συνεκποριζόντων,

1421 1528 1484 1578 ὅση
1500 1530 1658 1583 δύναμις,
1677 1532 1721 1570 τὰ
1737 1533 1912 1582 ἀναγκαῖα
1931 1532 2015 1585 πρὸς
2034 1531 2092 1571 τὸν
2114 1531 2202 1585 βίον.
2259 1531 2303 1573 Ὁ
2324 1533 2361 1572 δὲ
2381 1535 2470 1586 ἀγα·

1419 1592 1576 1637 νακτῶν,
1597 1589 1658 1628 καὶ
1685 1590 1889 1641 γυναικείως
1919 1589 2211 1643 πικραινόμενος,
2238 1592 2379 1643 πρῶτον
2404 1591 2470 1642 μὲν

1417 1647 1577 1692 ἑκουσίας
1595 1647 1709 1692 λύπας
1727 1654 1963 1701 προσκτᾶται·
1981 1648 2103 1687 ἔπειτα
2125 1647 2399 1702 προσδεδεμένος
2418 1651 2470 1702 τῷ

300 1796 410 1820 usum
437 1791 635 1821 consumta
658 1784 794 1820 videri.
820 1785 966 1833 Quodsi
991 1785 1085 1821 nihil
1113 1799 1247 1822 eorum
1273 1800 1356 1836 quae

300 1841 456 1879 homine
477 1843 675 1892 superiora
695 1850 781 1880 sunt
793 1845 910 1880 morti
929 1844 1141 1881 obnoxium
1158 1847 1205 1882 sit
1222 1844 1235 1895 (
1251 1859 1357 1894 quo-

301 1903 405 1938 niam
430 1903 509 1950 ipse
530 1901 571 1938 in
590 1902 880 1952 intelligentium
898 1911 1122 1940 naturarum
1141 1917 1277 1954 genere
1296 1906 1355 1941 ul·

301 1962 436 1997 timum
453 1962 582 1997 locum
602 1968 730 1998 tenens
751 1970 865 2012 atque
885 1962 1035 2000 idcirco
1067 1965 1292 2001 immortalis
1316 1965 1355 2000 in

300 2020 460 2056 mortale
496 2032 636 2068 corpus
677 2032 766 2057 casu
803 2021 962 2058 adverso
994 2035 1194 2072 oppressus
1230 2024 1352 2072 venit,

299 2086 541 2127 assumtoque
570 2090 715 2129 organo
754 2081 924 2129 quodam
958 2081 1088 2118 bestiis
1119 2090 1284 2132 cognato
1314 2083 1355 2118 in

299 2145 400 2175 terra
429 2135 646 2189 versatur),
677 2139 774 2175 nihil
797 2152 874 2176 esse
907 2148 1043 2191 queat,
1066 2141 1174 2190 quod
1198 2143 1356 2179 miseriis

298 2197 435 2234 nostris
445 2197 494 2234 ad
506 2209 591 2234 suas
604 2198 733 2247 epulas
744 2199 939 2246 abutatur,
955 2200 1121 2250 ideoque
1132 2202 1227 2237 nihil
1242 2203 1354 2238 etiam

300 2256 404 2305 quod
423 2256 537 2293 nobis
557 2257 809 2295 immoderate
826 2258 876 2295 ad
896 2259 1142 2308 cupiditatem
1166 2273 1269 2298 suam
1284 2274 1354 2298 ex-

297 2316 477 2364 plendam
495 2323 639 2355 utatur.
659 2318 809 2354 Justitia
831 2318 950 2366 igitur
975 2325 1012 2355 et
1032 2320 1131 2356 ordo
1152 2321 1353 2368 immorta-

299 2375 398 2411 libus
423 2375 517 2422 illis,
537 2377 602 2424 qui
622 2376 734 2412 nobis
752 2378 971 2426 superiores
999 2386 1106 2428 sunt,
1131 2392 1206 2415 suae
1225 2392 1353 2416 rerum

297 2441 512 2471 nostrarum
532 2435 869 2473 administrationis
888 2438 988 2487 leges
1013 2440 1290 2488 praescribunt,
1310 2448 1354 2477 nt

299 2505 342 2530 ea
361 2495 461 2531 circa
477 2507 548 2531 nos
563 2496 785 2542 moliantur,
802 2509 886 2545 quae
901 2505 939 2534 et
959 2506 1129 2535 nostram
1145 2500 1208 2535 hic
1224 2501 1353 2549 pravi·

299 2559 412 2589 tatem
432 2555 605 2591 minuant
624 2563 661 2592 et
680 2568 727 2592 eo
751 2557 926 2602 valeant,
944 2565 989 2594 ut
1001 2557 1050 2594 ad
1070 2559 1171 2607 ipsos
1186 2558 1352 2594 reduca-

297 2623 396 2648 mur.
419 2614 475 2649 De
487 2614 598 2649 nobis
612 2616 711 2650 enim
724 2643 733 2661 ,
757 2622 942 2664 tanquam
961 2617 1010 2653 de
1030 2618 1200 2667 cognatis
1216 2618 1354 2653 exsuli-

297 2668 369 2706 bus
385 2699 395 2718 ,
429 2672 580 2708 solliciti
611 2680 709 2711 sunt.
751 2675 992 2724 Quapropter
1029 2675 1159 2725 pudor
1192 2683 1230 2712 et
1255 2677 1351 2712 ultio

298 2728 428 2765 divina
442 2737 479 2766 et
491 2730 656 2768 dedecus
667 2761 677 2780 ,
694 2745 859 2780 quorum
877 2746 952 2784 ope
969 2745 991 2770 a
1005 2735 1112 2771 malis
1128 2735 1349 2781 avertimur,

296 2787 471 2826 homines
489 2790 589 2826 solos
614 2791 663 2827 ad
689 2793 868 2829 virtutem
887 2806 1069 2831 revocare
1092 2800 1196 2831 recte
1216 2794 1350 2831 dicun-

298 2854 373 2886 tur.
397 2846 530 2884 Solum
555 2850 655 2885 enim
687 2852 876 2889 rationale
904 2853 1043 2890 animal
1068 2853 1222 2901 justitiae
1241 2866 1350 2891 sensu

297 2905 476 2943 aflicitur.
494 2909 573 2944 Nos
588 2908 705 2957 igitur
725 2910 792 2957 qui
810 2911 1032 2961 longissimo
1049 2924 1070 2949 a
1090 2912 1218 2949 bestiis
1231 2913 1350 2950 inter-

296 2967 398 3003 vallo
421 2966 618 3013 distamus,
640 2968 928 3017 gubernationis
955 2972 1067 3008 etiam
1087 2972 1205 3009 modo
1238 2973 1351 3022 longe

298 3025 448 3062 diverso
468 3028 625 3063 tractari
656 3035 825 3076 oportet.
847 3030 911 3066 Est
929 3031 1029 3066 enim
1051 3043 1179 3068 rerum
1205 3034 1351 3070 naturis

297 3096 511 3134 congruens
537 3086 650 3122 etiam
666 3086 918 3134 providentiae
934 3088 1016 3135 lex,
1043 3097 1080 3125 et
1097 3091 1350 3138 quemadmo-

297 3144 389 3181 dum
411 3145 558 3194 singula
574 3157 597 3181 a
615 3145 752 3181 mundi
772 3145 911 3200 opifice
931 3148 1012 3184 Deo
1031 3156 1157 3186 creata
1176 3159 1282 3196 sunt,
1298 3152 1351 3188 sic

297 3210 335 3240 et
352 3204 599 3252 providentia
620 3203 699 3252 ejus
724 3203 913 3243 fruuntur.
937 3206 1096 3243 Videtur
1110 3215 1234 3245 autem
1250 3211 1351 3246 Deus

297 3262 336 3298 in
353 3261 572 3299 hominibus
585 3263 750 3313 singulas
766 3264 846 3313 ipse
864 3265 1006 3301 animas
1019 3277 1183 3313 creasse,
1197 3268 1236 3302 in
1255 3267 1349 3304 bru-

296 3321 343 3357 tis
368 3333 466 3357 ³vero
497 3322 725 3358 animalibus
750 3323 828 3358 sola
861 3335 999 3373 genera
1030 3332 1176 3362 naturae
1217 3338 1349 3363 eorum

295 3379 431 3417 fictrici
448 3382 695 3430 proposuisse
708 3409 718 3427 ,
737 3382 792 3418 uti
812 3380 965 3419 Platoni
984 3389 1022 3419 et
1043 3385 1184 3420 Timaeo
1205 3385 1349 3432 Pytha-

295 3440 430 3488 gorico
457 3440 602 3489 placet,
635 3441 703 3489 qui
735 3441 832 3477 nihil
862 3442 1045 3491 dignitate
1070 3445 1290 3492 proximum
1327 3458 1348 3482 e

297 3498 513 3535 mortalium
535 3511 674 3550 genere
692 3512 714 3536 a
740 3501 822 3537 Deo
842 3508 1015 3538 creatum
1054 3514 1131 3539 esse
1157 3510 1343 3552 statuunt,

1419 1787 1560 1823 animas
1579 1795 1704 1823 autem
1726 1787 1909 1824 humanas
1928 1799 1973 1824 ex
1995 1787 2130 1824 eodem
2152 1794 2322 1836 cratere,
2346 1799 2367 1824 e
2393 1799 2472 1838 quo

1417 1846 1599 1882 mundani
1625 1847 1678 1883 dii
1698 1854 1734 1883 et
1761 1847 1949 1883 daemones
1967 1847 2045 1883 sive
2069 1846 2231 1884 illustrcs
2253 1847 2389 1884 heroes
2406 1859 2473 1884 ex-

1414 1907 1609 1951 stiterunt,
1646 1918 1722 1942 esse
1758 1906 1894 1953 factas;
1925 1906 2176 1954 quamobrem
2207 1907 2307 1943 circa
2340 1919 2475 1944 unum·

1418 1976 1610 2012 quemque
1641 1963 1837 2000 hominem
1873 1963 2122 2012 providentiae
2153 1964 2367 2002 observatio
2388 1977 2472 2002 ver·

1415 2030 1531 2068 satur,
1551 2021 1750 2071 quomodo
1781 2034 1802 2058 a
1821 2022 1968 2071 superis
1986 2022 2175 2068 discedat,
2198 2023 2397 2071 quomodo
2430 2025 2470 2061 in

1415 2082 1494 2118 haec
1515 2082 1705 2118 terrestria
1724 2082 1902 2130 inclinet,
1921 2081 2120 2130 quomodo
2143 2082 2205 2119 hic
2225 2082 2360 2132 degat,
2375 2095 2470 2132 quo·

1415 2140 1535 2177 modo
1573 2140 1664 2176 hinc
1695 2140 1848 2176 demum
1878 2141 1969 2177 illuc
2009 2148 2222 2177 revertatur
2258 2153 2268 2177 :
2305 2153 2471 2190 quorum

1416 2200 1512 2236 nihil
1543 2199 1592 2236 de
1625 2200 1752 2236 anima
1784 2201 1942 2236 rationis
1977 2207 2134 2248 experte
2166 2200 2241 2236 dici
2275 2202 2468 2240 convenit.

1414 2261 1547 2310 Neque
1564 2260 1664 2295 enim
1683 2260 1747 2296 illa
1762 2260 1837 2296 huc
1853 2261 1978 2306 venit,
2000 2259 2156 2308 quando
2171 2261 2293 2296 Deum
2309 2261 2473 2310 amplius

1413 2320 1520 2368 sequi
1537 2331 1615 2357 non
1630 2320 1780 2369 potuit,
1800 2332 1871 2356 nec
1900 2326 2027 2368 potest
2047 2320 2087 2355 in
2107 2326 2207 2356 terra
2229 2320 2394 2365 versari,
2427 2327 2469 2356 ut

1415 2391 1498 2426 quae
1520 2379 1651 2427 planta
1671 2379 1834 2415 coelestis
1852 2379 1917 2423 sit,
1938 2390 2062 2426 neque
2080 2385 2218 2414 natura
2242 2378 2327 2414 talis
2340 2385 2409 2424 est,
2427 2386 2471 2415 ut

1414 2437 1463 2474 ad
1481 2445 1622 2474 astrum
1639 2437 1799 2486 aliquod
1820 2438 1891 2486 ipsi
1916 2449 2130 2486 congruens
2146 2437 2368 2476 reducatur.
2396 2437 2465 2475 At.

1414 2509 1488 2545 que
1507 2497 1587 2534 haec
1607 2497 1764 2546 quidem
1783 2510 1804 2534 a
1823 2497 1936 2534 nobis
1949 2497 2128 2532 adversus
2144 2495 2466 2545 indignabundoe,

1413 2557 1479 2604 qui
1499 2558 1635 2605 quovis
1645 2557 1765 2594 modo
1780 2556 2063 2606 providentiam
2083 2556 2241 2603 tollunt,
2259 2556 2296 2591 in
2306 2567 2471 2604 praesens

1414 2615 1516 2653 dicta
1544 2617 1639 2664 sint,
1662 2616 1840 2653 adversus
1871 2627 1967 2665 quos
1997 2621 2035 2651 et
2061 2615 2143 2650 haec
2158 2614 2248 2662 jure
2274 2614 2465 2661 dicantur,

1412 2675 1611 2712 hominum
1627 2689 1753 2714 mores
1770 2689 1817 2713 ex
1831 2689 1878 2713 eo
1902 2687 2086 2725 apparere
2101 2675 2242 2711 rationi
2260 2682 2468 2712 consenta-

1411 2747 1526 2781 neos,
1547 2735 1654 2784 quod
1678 2748 1740 2772 res
1777 2735 1954 2772 adversas
1970 2734 2105 2770 leniter
2129 2733 2288 2770 ferendo
2307 2733 2348 2769 in
2366 2745 2465 2783 prae-

1411 2807 1494 2831 sens
1522 2796 1685 2831 allevent
1714 2801 1752 2831 et
1786 2794 1999 2831 remedium
2035 2805 2166 2829 earum
2200 2794 2240 2828 in
2271 2799 2465 2841 posterum

1410 2861 1562 2902 parent.
1583 2852 1658 2890 Vos
1677 2861 1802 2890 autem
1822 2853 1887 2902 qui
1904 2852 2179 2902 indignamini,
2197 2851 2291 2900 quid
2311 2850 2463 2888 tandem

1410 2912 1638 2962 proficietis,
1667 2913 1739 2948 nisi
1771 2912 1878 2960 quod
1911 2913 2170 2960 impietatem,
2196 2910 2383 2946 malorum
2419 2921 2463 2947 ο·
2523 2930 2532 2936 ·

1410 2972 1557 3008 mnium
1585 2972 1814 3016 maximum,
1837 2970 2111 3007 calamitatibus
2138 2970 2271 3005 vestris
2303 2968 2462 3016 additis,

1411 3038 1526 3080 atque
1555 3030 1655 3081 ipsas
1676 3031 1791 3067 etiam
1824 3041 2007 3066 aerumnas
2034 3028 2146 3064 vobis
2181 3040 2226 3064 eo
2255 3028 2466 3077 asperiores

1410 3090 1552 3136 facitis,
1573 3089 1680 3139 quod
1698 3090 1743 3126 iis
1759 3096 1897 3138 praeter
1915 3088 2049 3124 merita
2067 3099 2136 3123 vos
2150 3085 2251 3123 affici
2273 3087 2463 3124 existima·

1412 3147 1478 3187 tis?
1499 3151 1535 3186 Is
1548 3150 1647 3186 enim
1664 3176 1675 3195 ,
1695 3149 1761 3197 qui
1777 3148 1914 3184 morbo
1928 3147 2078 3183 laborat
2090 3177 2098 3193 ‚
2119 3147 2149 3183 si
2168 3146 2346 3182 morbum
2362 3145 2462 3182 indi·

1410 3216 1562 3258 gnetur,
1584 3221 1631 3245 eo
1647 3209 1731 3258 ipso
1756 3207 1909 3257 gravius
1937 3206 2141 3242 laborabit.
2162 3206 2286 3253 Quare
2303 3217 2383 3241 non
2407 3211 2463 3241 est

1410 3268 1517 3316 quod
1549 3279 1856 3311 succenseamuS,
1898 3266 1927 3302 si
1965 3265 2060 3313 quid
2083 3278 2155 3314 pro
2184 3264 2327 3301 meritis
2350 3262 2462 3300 nobis

1409 3327 1648 3374 retribuitur,
1681 3339 1730 3363 ne
1763 3332 1924 3375 propter
1954 3325 2179 3360 maledicam
2218 3322 2459 3373 praesentium

1409 3386 1598 3423 malorum
1615 3385 1890 3434 impatientiam
1912 3384 1951 3419 in
1972 3383 2200 3419 deteriorem
2218 3383 2329 3419 etiam
2349 3380 2463 3417 habi-

1410 3452 1488 3482 tum
1522 3445 1786 3494 prolabamur.
1809 3441 2096 3480 Consideremus
2120 3454 2213 3478 vero
2241 3453 2323 3477 rem
2350 3441 2458 3477 istam

1407 3505 1482 3541 hoc
1502 3517 1658 3554 quoque
1670 3502 1791 3540 modo
1811 3515 1819 3539 z
1843 3503 1873 3538 si
1894 3502 1981 3551 quis
1999 3502 2048 3538 ad
2066 3508 2265 3552 egestatem
2282 3499 2461 3536 redactus
