2612 3814
305 266 384 306 268

302 358 421 404 ἡμισει
442 368 504 403 μεν
524 353 639 407 χρόνῳ
654 352 693 391 τὸ
712 350 845 403 ἥμισυ,
862 357 896 390 ἐν
919 349 1093 403 διπλασίῳ
1113 348 1149 388 δὲ
1165 349 1204 388 τὸ
1220 349 1347 388 διπλά-

302 428 374 451 σιον
394 405 482 450 εἶναι
501 410 740 461 κεκινημένον.
798 409 942 450 Τούτων
969 408 1237 462 προληφθέντων
1256 408 1346 446 στά-

302 472 371 510 διον
398 469 617 518 ὓποτίθεται,
639 469 692 523 ἐφ’
720 463 759 508 οὗ
793 469 832 508 τὸ
867 467 916 518 δ’,
941 469 1002 507 καὶ
1033 467 1188 520 τέσσαρα
1217 466 1346 519 μεγέθη

301 532 427 569 δσαοῧν
439 560 451 579 ,
473 529 576 582 ἄρτια
598 528 722 580 μόνον,
740 526 831 567 ὥστε
846 527 938 581 ἔχειν
961 526 1073 578 ἡμίση
1086 558 1095 574 ,
1119 526 1261 577 ἷσόογκα
1274 556 1284 575 ,
1303 527 1348 568 ὡς

303 589 336 628 δὲ
355 591 372 628 ὁ
395 588 558 640 Εὕδημός
577 604 680 642 φησι,
698 587 842 635 κύὸους,
866 587 918 639 ἐφ’
937 581 984 625 ὧν
1004 585 1047 624 τὰ
1065 584 1201 625 αἀἀά’
1215 615 1224 632 ,
1245 587 1290 630 ὡς
1309 583 1349 622 τὸ

304 646 408 696 μέσον
438 649 619 699 διάστημα
650 648 788 700 ἐπέχειν
808 650 868 686 τοῦ
893 646 1034 684 σταδίου
1065 647 1198 684 ἑστῶτα
1219 646 1344 684 ταῦτα.

302 701 374 747 ᾳὩν
394 707 556 747 ἑστώτων
577 708 713 760 πρῶτον
737 705 841 759 ὁρίζει
859 704 900 743 τὸ
917 703 1002 756 πρὸς
1017 707 1061 757 τῇ
1080 706 1173 756 ἀρχῇ
1189 706 1249 741 τοῦ
1269 718 1349 741 στα-

304 766 377 806 δίου
392 769 435 819 τῇ
455 766 547 806 κατὰ
566 765 605 803 τὸ
623 766 664 814 δ’,
677 764 825 816 ἔσχατον
840 763 876 801 δὲ
892 762 932 801 τὸ
949 762 1035 814 πρὸς
1054 763 1103 814 τῷ
1123 761 1164 809 ε’,
1182 761 1241 799 καὶ
1256 762 1348 812 λαμ-

303 823 400 864 edm
430 824 554 868 ἄλλους
577 823 748 874 τέσφιρας
778 821 900 872 ὄγκους
935 820 958 867 ἢ
985 819 1130 871 κύὸους,
1160 819 1254 864 ἴσους
1280 824 1349 862 τοῖς

301 885 426 923 ἑστῶσι
448 883 509 923 καὶ
529 882 567 922 τὸ
586 882 728 933 μέγεθος
758 881 817 919 καὶ
850 880 908 920 τὸν
929 878 1073 932 ἀριθμόν
1087 909 1096 927 ,
1119 880 1171 932 ἐφ’
1189 873 1236 917 ὧν
1253 877 1295 917 τὰ
1316 879 1348 931 β’

304 941 433 995 β’β’β’,
466 941 678 995 ἀρχομένους
709 941 772 991 μὲν
793 939 862 979 ἀπὸ
887 941 949 985 τῆς
969 939 1081 991 ἀρχῆς
1104 941 1164 978 τοῦ
1185 937 1346 986 σταδίου,

302 1003 531 1044 τελευτῶντας
553 1001 588 1039 δὲ
603 999 696 1039 κατὰ
712 998 750 1037 τὸ
772 998 878 1048 μέσον
898 1000 965 1036 τῶν
981 997 1160 1050 τεσσάρων
1181 996 1323 1035 αἀἀά’
1335 1027 1346 1047 ‚

301 1059 520 1110 κινουμένους
541 1057 576 1096 δὲ
594 1057 735 1101 τούτους
751 1060 799 1102 ὡς
821 1056 879 1096 ἐπὶ
899 1056 937 1095 τὸ
957 1055 1105 1108 ἔσχατον
1124 1058 1184 1094 τοῦ
1207 1054 1348 1095 σταδίου

301 1118 341 1157 τὸ
360 1117 399 1158 ε’.
455 1116 518 1156 Διὸ
538 1116 598 1156 καὶ
618 1118 754 1169 πρῶτον
779 1115 873 1168 λέγει
895 1114 954 1154 τὸν
976 1113 1068 1153 κατὰ
1086 1115 1128 1154 τὸ
1148 1114 1253 1166 μέσον
1280 1116 1349 1153 τῶν

302 1174 443 1215 αἀἀά’
460 1177 507 1220 ὡς
523 1174 718 1229 ἔμπροσθεν
735 1174 820 1214 ὄντα
839 1175 908 1213 τῶν
927 1175 1057 1213 λοιπῶν
1077 1175 1112 1212 ἐν
1132 1177 1174 1224 τῇ
1197 1173 1254 1213 ἐπὶ
1267 1173 1306 1212 τὸ
1323 1173 1349 1212 ε’

300 1234 448 1283 κινήσει.
507 1233 576 1273 Διὰ
603 1238 702 1274 τοῦτο
722 1234 758 1272 δὲ
780 1233 914 1278 ἀοτίους
937 1233 1031 1287 (leg.
1065 1233 1218 1285 ἀρτίους)
1244 1233 1350 1273 ἔλαὸε

299 1294 377 1338 τοὺς
401 1293 544 1345 ὄγκους,
579 1290 637 1331 ἵνα
659 1291 787 1344 ἔχωσιν
807 1293 940 1342 ἡμίση·
963 1292 1072 1330 δεῖται
1094 1291 1161 1344 γὰρ
1193 1291 1347 1339 τούτων,

298 1356 342 1398 ὡς
360 1351 605 1404 μαθησόμεθα.
662 1350 726 1390 Διὸ
743 1350 803 1390 καὶ
825 1350 864 1390 τὸ
884 1353 1021 1404 πρῶτον
1045 1350 1075 1401 β’
1095 1349 1186 1389 κατὰ
1205 1354 1266 1389 τοῦ
1286 1349 1349 1400 με’-

300 1428 360 1452 σου
396 1411 512 1459 τίθησι
540 1413 608 1451 τῶν
635 1409 796 1450 ἑστώτων
833 1409 988 1448 αἀἀά’·
1024 1402 1100 1448 εἶτα
1131 1408 1191 1448 καὶ
1226 1408 1350 1453 ἄλλους

297 1471 391 1516 ἴσους
411 1472 461 1524 τῷ
478 1469 614 1522 μεγέθει
634 1469 760 1522 καὶτῷ
793 1470 931 1522 ἀριθμῷ
944 1499 954 1519 ,
974 1470 1046 1512 τοῖς
1081 1466 1226 1520 β’β’β’β’
1245 1469 1350 1516 δηλο-

297 1529 370 1570 νότι
388 1529 449 1574 καὶ
468 1531 538 1574 τοῖς
566 1527 731 1575 αἀἀά’,
758 1527 954 1577 λαμὸάνει,
983 1529 1038 1580 ἐφ’
1061 1521 1108 1566 ὧν
1128 1527 1172 1566 τὰ
1190 1527 1348 1581 γ’γ’γ’γ’,

297 1587 653 1641 ἀντικειμένουςιτοῖς
682 1585 841 1640 β’β’β’β’.
900 1588 981 1626 Τῶν
1009 1585 1076 1640 γὰρ
1105 1586 1247 1640 β’β’β’β’
1281 1588 1351 1627 ἀπὸ

296 1650 357 1686 τοῦ
378 1647 485 1697 μέσου
509 1649 569 1685 τοῦ
593 1646 759 1696 σταδίου,
787 1647 822 1684 ἐν
846 1638 875 1699 ᾧ
895 1646 956 1685 καὶ
976 1648 1045 1685 τῶν
1066 1645 1209 1684 αἀἀά’
1226 1646 1265 1685 τὸ
1286 1646 1349 1697 με’-

297 1722 355 1745 σον
370 1700 434 1754 ἦν,
460 1704 517 1744 ἐπὶ
535 1704 576 1744 τὸ
594 1703 744 1758 ἔσχατον
763 1708 826 1744 τοῦ
840 1704 983 1744 σταδίου
1011 1705 1052 1745 τὸ
1071 1705 1098 1743 ε’
1120 1704 1348 1756 κινουμένων,

296 1765 327 1802 οἵ
346 1763 480 1816 γ’γ’γ’γ’
499 1763 568 1803 ἀπὸ
584 1767 645 1803 τοῦ
665 1764 818 1817 ἐσχάτου
837 1764 960 1818 μέρους
973 1794 983 1813 ,
1006 1766 1040 1804 ἐν
1060 1759 1088 1817 ᾧ
1105 1764 1144 1803 τὸ
1167 1765 1193 1803 ε’
1208 1795 1217 1813 ,
1235 1765 1294 1804 ἐπὶ
1312 1765 1352 1804 τὸ

298 1822 328 1862 δ’
348 1826 526 1862 κινοῦνται
548 1823 590 1863 τὸ
621 1824 657 1861 ἐν
677 1826 721 1876 τῇ
741 1825 836 1877 ἀρχῇ
867 1827 927 1863 τοῦ
949 1823 1104 1862 σταδίου.
1167 1823 1237 1863 Καὶ
1256 1827 1351 1877 πρῶ-

298 1898 355 1923 τον
374 1884 533 1931 δηλονότι
552 1885 621 1922 τῶν
636 1883 817 1936 τεσσάρων
831 1882 968 1936 γ’γ’γ’γ’
985 1883 1024 1922 τὸ
1039 1883 1123 1936 πρὸς
1139 1883 1179 1922 τὸ
1197 1883 1224 1922 δ’
1243 1900 1352 1923 νενευ-

298 1943 379 1991 κός,
398 1943 450 1997 ἐφ’
471 1941 489 1982 ὃ
507 1945 530 1990 ἡ
545 1941 679 1991 κίνησις
697 1945 768 1987 τοῖς
786 1942 937 1995 γ’γ’γ’γ’.
993 1944 1026 1982 Τ
1029 1942 1120 1990 ίθησι
1141 1942 1177 1981 δὲ
1196 1942 1236 1981 τὸ
1254 1946 1351 1996 πρῶ-

301 2017 358 2041 τον
386 2001 417 2055 γ’
446 2000 540 2041 κατὰ
566 2005 625 2041 τοῦ
648 2001 789 2055 πρώτου
820 2000 867 2055 β’.
923 2002 1100 2049 Τοιαύτης
1141 1996 1198 2040 οὖν
1228 2005 1290 2048 τῆς
1318 2002 1352 2048 ἐξ

303 2062 419 2114 ἀρχῆς
442 2061 568 2106 θέσεως
584 2064 828 2113 ὕποτεθείσης,
851 2060 910 2101 ἐὰν
933 2064 1002 2100 τῶν
1024 2061 1169 2100 αἀἀά’
1191 2062 1350 2100 ἑστώτων

303 2119 347 2158 τὰ
372 2118 434 2171 μὲν
469 2118 612 2173 β’β’β’β’
644 2125 791 2159 κινεῖται
825 2122 872 2165 ὡς
906 2119 977 2159 ἀπὸ
998 2124 1059 2159 τοῦ
1081 2120 1188 2171 μέσου
1215 2122 1283 2159 τῶν
1315 2136 1352 2159 τε

300 2177 438 2217 αἀἀά’
454 2178 514 2219 καὶ
532 2182 594 2219 τοῦ
610 2179 751 2218 σταδίου
768 2179 825 2218 ἐπὶ
845 2180 885 2219 τὸ
903 2180 999 2224 τέλος
1022 2182 1084 2219 τοῦ
1101 2179 1242 2219 σταδίου
1258 2179 1296 2218 τὸ
1313 2180 1351 2229 ε’,

298 2236 342 2276 τὰ
358 2236 393 2276 δὲ
409 2235 544 2290 γ’γ’γ’γ’
563 2239 610 2284 ὣς
628 2237 698 2277 ἀπὸ
717 2238 869 2291 ἐσχάτου
883 2241 944 2278 τοῦ
963 2238 1105 2277 σταδίου
1126 2238 1183 2278 ἐπὶ
1200 2237 1263 2285 τὴν
1291 2240 1352 2292 ἀρ-

298 2295 366 2349 χὴν
381 2295 538 2344 δηλονότι
567 2298 578 2349 (
595 2298 632 2336 οὗ
648 2296 716 2350 γὰρ
735 2297 777 2346 δὴ
795 2299 841 2344 ὥς
862 2298 931 2337 ἀπὸ
947 2302 1006 2337 τοῦ
1026 2298 1174 2351 ἐσχάτου
1193 2298 1238 2352 β’,
1253 2297 1351 2353 ὅπερ,

303 2358 348 2400 ὡς
370 2355 479 2395 ἔοικεν
493 2385 503 2404 ,
525 2354 560 2395 ἔν
588 2372 676 2395 τισιν
706 2357 932 2412 ἀντιγράφοις
953 2356 1069 2419 εὑρὼν
1089 2362 1107 2398 ὃ
1130 2358 1352 2411 Ἀλέξανδρος

300 2414 504 2466 ἠναγκάσθη
518 2414 630 2466 λέγειν
647 2414 699 2454 ὅτι
722 2414 741 2455 ὃ
755 2419 920 2469 πρότερον
940 2420 1017 2455 εἷπε
1033 2420 1171 2470 πρῶτον
1189 2418 1234 2471 β’,
1251 2421 1353 2456 τοῦτο
1374 2437 1380 2446 ·

302 2476 360 2511 νῦν
382 2471 530 2526 ἔσχατον
555 2473 748 2526 ἐκάλεσε),
772 2475 960 2527 συμῧαίνει
989 2475 1027 2514 τὸ
1053 2479 1192 2527 πρῶτον
1216 2476 1249 2529 β’
1276 2476 1351 2528 ἅμα

303 2531 362 2571 ἐπὶ
381 2534 431 2584 τῷ
452 2531 592 2585 ἐσχάτῳ
613 2527 702 2572 εἶναι
722 2536 784 2582 τῆς
802 2536 909 2573 αὑτοῦ
929 2535 1097 2582 κινήσεως
1117 2534 1177 2574 καὶ
1195 2534 1234 2574 τὸ
1254 2537 1351 2588 πρῶ-

302 2604 360 2628 τον
381 2588 426 2642 γ’,
441 2591 523 2643 παρ’
548 2590 685 2639 ἄλληλα
719 2592 932 2644 κινουμένων
953 2593 1068 2630 αὐτῶν
1095 2592 1156 2631 καὶ
1179 2595 1353 2645 ἰσοταχῶς

304 2647 362 2687 ἐπὶ
377 2650 427 2701 τῷ
453 2648 595 2701 ἐσχάτῳ
620 2650 796 2697 ἀλλήλων.
853 2653 887 2691 Τ
889 2655 927 2704 οῦ
958 2650 1025 2704 γὰρ
1045 2651 1186 2704 πρώτου
1204 2650 1239 2703 γ’
1260 2651 1352 2691 κατὰ

304 2711 364 2746 τοῦ
384 2706 524 2760 πρώτου
553 2706 584 2760 β’
608 2708 704 2754 ὄντος
730 2710 765 2754 ἐξ
785 2711 914 2763 ἀρχῆς,
931 2710 992 2750 καὶ
1019 2712 1267 2760 ἀντικειμένων
1289 2712 1352 2750 αὖ-

304 2768 373 2805 τῶν
393 2767 586 2819 ἰσοταχῶς,
604 2767 664 2806 καὶ
682 2767 918 2812 διεξελθόντων
937 2770 1076 2818 ἄλληλα
1088 2800 1098 2819 ,
1112 2771 1151 2810 τὸ
1169 2770 1230 2822 μὲν
1249 2772 1352 2820 πρῶ-

304 2840 362 2863 τον
385 2823 415 2877 β’
437 2824 494 2863 ἐπὶ
514 2827 564 2878 τῷ
585 2825 723 2879 ἐσχάτῳ
742 2825 842 2866 ἔσται
855 2828 901 2879 γ’,
916 2828 955 2867 τὸ
975 2828 1011 2867 δὲ
1027 2832 1162 2882 πρῶτον
1178 2827 1210 2882 γ’
1226 2829 1284 2869 ἐπὶ
1301 2832 1352 2882 τῷ

306 2883 449 2936 ἐσχάτῳ
469 2883 517 2936 β’.
576 2883 650 2923 Καὶ
677 2886 769 2923 τοῦτ’
791 2885 831 2923 ἂν
864 2886 917 2934 εἴη
949 2886 989 2926 τὸ
1008 2887 1083 2938 ἅμα
1101 2888 1142 2928 ‘tf-0
1160 2891 1297 2942 πρῶτον
1321 2890 1353 2942 β’

306 2940 364 2981 ἐπὶ
383 2944 433 2995 τῷ
467 2940 608 2995 ἐσχάτῳ
626 2934 715 2981 εἶναι
747 2942 951 2994 συμὸαίνειν
985 2947 1044 2984 καὶ
1070 2945 1109 2984 τὸ
1137 2950 1272 3000 πρῶτον
1302 2948 1350 3000 γ’,

306 3002 390 3053 παρ’
413 2999 550 3049 ἄλληλα
570 2999 782 3051 κινουμένων
796 3016 805 3025 ·
827 3004 849 3048 ἡ
876 3002 944 3055 γὰρ
968 3003 1050 3056 παρ’
1066 3005 1202 3054 ἄλληλα
1221 3006 1354 3054 κίνησις

306 3061 400 3098 ποιεῖ
416 3058 455 3097 τὸ
475 3061 508 3098 ἐν
528 3064 598 3105 τοῖς
612 3058 774 3112 ἐσχάτοις
789 3061 951 3109 ἀλλήλων
967 3061 1135 3112 γίνεσθαι.
1194 3065 1353 3116 Συμὸαί-

307 3133 356 3156 νει
394 3117 451 3166 δέ,
482 3117 586 3170 φησί,
607 3118 666 3156 καὶ
700 3117 740 3158 τὸ
769 3118 802 3169 γ’
824 3118 863 3158 τὸ
891 3122 1028 3173 πρῶτον
1069 3122 1227 3168 δηλονότι
1252 3124 1348 3177 παρὰ

307 3175 424 3214 πάντα
450 3175 494 3214 τὰ
511 3174 543 3213 α’
561 3177 817 3228 διεληλυθέναι,
833 3178 872 3217 τὸ
895 3178 930 3217 δὲ
952 3180 983 3231 β’
995 3180 1092 3232 παρὰ
1111 3181 1154 3220 τὰ
1168 3181 1279 3232 ἡμίση
1297 3185 1347 3224 α’.

1214 262 1281 301 DE
1304 261 1520 301 ZENONE.

1413 350 1484 388 Καὶ
1501 350 1554 388 ὅτι
1573 350 1638 399 μὲν
1655 354 1695 386 το
1717 347 1747 400 β’
1767 353 1807 387 τὸ
1824 351 1895 388 ἀπὸ
1913 351 1976 387 τοῦ
1996 350 2104 398 μέσου
2122 354 2191 387 τών
2212 352 2244 386 α’
2269 348 2466 400 ἀρχόμενον

1413 409 1468 446 διὰ
1487 409 1555 446 τῶν
1575 406 1634 446 δύο
1657 404 1726 445 αἀ’
1747 405 1909 454 ἐκινήθη,
1926 405 1949 454 ἢ
1977 406 2035 446 διὰ
2056 408 2125 445 τῶν
2150 405 2331 456 ἡμίσεων,
2353 405 2466 445 ὁπόσα

1412 466 1454 504 ἂν
1472 459 1495 519 ᾖ
1513 465 1616 518 ἄρτια
1628 493 1639 512 ,
1658 464 1693 503 ἐν
1710 464 1783 518 ὅσῳ
1798 464 1839 504 τὸ
1854 464 1886 517 γ’
1909 464 1967 503 διὰ
1988 467 2057 504 τῶν
2078 464 2272 504 διπλασίων
2294 463 2326 516 β’
2346 463 2468 514 δίεισι,

1412 525 1536 572 δ’ἧλον·
1552 523 1592 563 τὸ
1611 523 1680 577 γὰρ
1705 526 1846 577 πρῶτον
1868 522 1903 576 β’
1925 522 1996 563 ἀπὸ
2015 527 2090 563 -τοῦ
2113 525 2221 574 μέσου
2247 525 2316 563 τῶν
2339 523 2372 563 α’
2401 521 2467 570 τὴν

1413 583 1524 636 ἀρχὴν
1548 582 1751 631 ἐποιήσατο.
1811 583 1885 623 Καὶ
1905 584 1940 621 ἐν
1962 581 2034 637 ὅσῳ
2048 582 2088 622 τὸ
2107 582 2138 636 β’
2155 582 2251 636 παρὰ
2268 582 2312 621 τὰ
2326 581 2386 622 δύο
2399 582 2470 622 αἀ’

1411 642 1456 682 τὰ
1479 643 1614 696 ἔσχατα
1629 640 1675 681 τὰ
1694 643 1830 682 ἑστῶτα
1851 643 2022 691 κινεῖται,
2038 642 2078 682 τὸ
2097 641 2132 695 γ’
2147 642 2188 680 τὸ
2215 644 2354 694 πρῶτον
2375 636 2472 680 ἀντι-

1412 702 1614 753 κινούμενον
1640 706 1712 745 τοῖς
1737 702 1766 753 β’
1796 701 1854 740 διὰ
1874 703 1943 740 τῶν
1974 701 2156 754 τεσσάρων
2180 699 2321 755 β’β’β’β’
2345 700 2468 740 δίεισι·

1413 764 1449 800 αἱ
1480 761 1548 814 γὰρ
1577 759 1638 801 δύο
1674 758 1829 807 κινήσεις
1858 761 1927 798 τῶν
1962 759 2255 811 ἀντικινουμένων
2286 758 2470 800 διπλάσιον

1413 819 1557 860 ἀνύουσι
1577 821 1758 871 διάστημα
1776 822 1838 868 τῆς
1854 825 1958 871 μιᾶς,
1975 818 2019 867 ἣν
2033 824 2181 859 κινεῖται
2202 819 2242 859 τὸ
2260 820 2292 873 β’
2306 818 2406 872 παρὰ
2426 817 2471 858 τὰ

1411 880 1587 932 ἱστάμενα
1619 880 1667 920 α’.
1727 878 1800 918 Καὶ
1820 882 1922 917 τοῦτο
1954 878 2017 930 μὲν
2053 879 2178 925 δῆλον·
2203 879 2278 922 πῶς
2312 877 2350 917 δὲ
2372 876 2472 932 παρὰ

1412 939 1530 979 πάντα
1547 940 1591 978 τὰ
1609 940 1642 978 α’
1663 938 1703 978 τὸ
1733 937 1766 990 γ’
1788 937 2009 988 διελήλυθεν;
2031 935 2111 976 οὕτε
2140 937 2209 990 γὰρ
2233 935 2334 991 παρὰ
2358 939 2473 976 ταῦτα

1413 999 1580 1047 ἐκινεῖτο,
1599 997 1688 1038 ἀλλὰ
1710 996 1808 1050 παρὰ
1829 999 1874 1035 τὰ
1890 997 1935 1049 β’,
1954 994 2033 1036 οὔτε
2054 995 2115 1034 ἀπ’
2132 998 2244 1050 ἀρχῆς
2259 996 2328 1035 τῶν
2349 993 2383 1035 α’
2398 995 2473 1035 ἐκι-

1415 1064 1506 1097 νεῖτο
1520 1088 1530 1106 ,
1553 1058 1631 1097 ἀλλ’
1649 1058 1711 1096 ἀπ’
1732 1058 1845 1110 ἀρχῆς
1867 1058 1936 1096 τῶν
1962 1054 2007 1108 β’,
2025 1054 2103 1103 ἥτις
2122 1049 2165 1103 ἦν
2194 1053 2290 1095 κατὰ
2307 1054 2349 1095 τὸ
2365 1053 2472 1107 μέσον

1413 1118 1482 1155 τῶν
1502 1116 1551 1157 α’.
1609 1118 1694 1161 Πῶς
1709 1109 1769 1155 οὖν
1789 1115 1829 1154 τὸ
1848 1114 1880 1166 γ’
1901 1114 1999 1168 παρὰ
2018 1114 2134 1154 πάντα
2150 1114 2196 1153 τὰ
2220 1113 2255 1153 α’
2268 1113 2452 1163 κεκίνηται
2459 1130 2480 1172 ;⁸

1414 1175 1510 1223 ἢὸτι
1529 1174 1590 1214 καὶ
1621 1175 1667 1215 τὰ
1690 1174 1722 1229 β’
1750 1175 1811 1214 ἴσα
1841 1169 1884 1222 ἦν
1901 1180 1973 1219 τοῖς
1999 1173 2049 1214 α’.
2107 1173 2160 1214 Τὸ
2189 1167 2247 1214 οὗν
2276 1173 2308 1226 γ’
2338 1175 2374 1213 ἐν
2401 1173 2474 1227 ὅσῳ

1413 1235 1531 1289 χρόνῳ
1554 1234 1655 1287 παρὰ
1682 1234 1726 1273 τὰ
1748 1233 1780 1287 β’
1801 1235 2006 1284 κεκίνηται,
2029 1233 2082 1282 εἴη
2101 1233 2143 1272 ἂν
2163 1233 2225 1273 καὶ
2249 1232 2348 1287 παρὰ
2367 1233 2412 1272 τὰ
2439 1232 2473 1274 α’

1414 1293 1458 1332 τὰ
1474 1293 1536 1333 ἴσα
1559 1298 1630 1338 τοῖς
1648 1293 1681 1346 β’
1696 1293 1937 1342 κεκινημένον.
1998 1293 2071 1333 Καὶ
2089 1295 2108 1332 ὁ
2134 1291 2403 1346 παραλογισμὸς
2420 1293 2475 1332 ἔν-

1413 1352 1524 1391 ταῧθά
1539 1354 1648 1400 ἐστιν,
1667 1350 1720 1391 δτι
1740 1350 1866 1397 ἔλαὸεν
1885 1352 2005 1396 ἁπλῶς
2022 1353 2056 1390 ἐν
2077 1351 2144 1406 ἴσῳ
2158 1349 2276 1406 χρόνῳ
2299 1351 2475 1404 κινούμε-

1414 1427 1470 1450 νον
1492 1411 1533 1450 τὸ
1545 1411 1645 1465 παρὰ
1665 1411 1726 1451 ἴσα
1746 1411 1971 1463 κινούμενον,
2004 1412 2054 1462 μὴ
2082 1410 2394 1465 προσλογιζόμενος
2421 1412 2476 1451 ὅτι

1413 1472 1483 1509 τῶν
1511 1469 1597 1510 ἴσων
1619 1469 1664 1509 τὰ
1694 1470 1758 1522 μὲν
1785 1470 2053 1522 ἀντικινοόμενα
2082 1464 2125 1520 ἦν
2157 1470 2203 1510 τὰ
2225 1469 2263 1510 δὲ
2288 1471 2473 1512 ἑστῶτα...

1415 1528 1562 1568 δύναται
1581 1528 1644 1580 δέ,
1666 1530 1771 1583 φησὶν
1805 1533 1824 1570 ὁ
1848 1530 2091 1584 Ἀλέξανδρος,
2113 1532 2164 1584 τῷ
2185 1548 2202 1566 α
2229 1529 2418 1582 συμὸαίνει
2438 1529 2474 1569 δὲ

1413 1588 1453 1629 τὸ
1477 1587 1509 1641 γ’
1537 1589 1636 1643 παρὰ
1654 1589 1772 1629 πάντα
1791 1591 1837 1630 τὰ
1866 1590 1897 1629 α’
1914 1590 2154 1640 διεληλυθέναι
2190 1608 2204 1625 ¹·
2238 1589 2307 1644 (p.
2329 1595 2410 1635 240
2438 1603 2474 1640 a,

1419 1661 1466 1685 10
1483 1648 1499 1699 )
1519 1647 1598 1696 ἑξῆς
1618 1641 1707 1687 εἶναι
1724 1648 1764 1688 τὸ
1785 1669 1799 1684 ι
1817 1648 1892 1688 ἴσον
1909 1649 2033 1702 χρόνον
2054 1651 2138 1702 παρ’
2157 1647 2307 1688 ἕκαστον
2324 1647 2475 1700 γινόμε-

1414 1721 1471 1745 νον
1489 1709 1558 1747 τῶν
1580 1706 1613 1760 β’
1631 1708 1711 1747 ὅσον
1728 1723 1796 1761 περ
1816 1710 1886 1747 τῶν
1917 1709 1971 1756 α’,
1995 1726 2011 1744 υ
2033 1702 2108 1747 εἶτα
2139 1707 2264 1761 ἐφεξῆς
2277 1725 2295 1743 ι
2311 1706 2352 1746 τὸ
2373 1707 2408 1747 δὲ
2443 1707 2476 1761 β’

1413 1765 1511 1818 παρὰ
1527 1766 1571 1804 τὰ
1591 1765 1705 1818 ἡμίση
1734 1785 1750 1802 n
1772 1767 1838 1812 ἕως
1859 1770 1921 1807 τοῦ
1939 1787 1954 1803 α
1973 1768 2049 1819 ἅμα
2067 1767 2135 1822 γὰρ
2152 1767 2252 1806 ἔσται
2274 1765 2317 1806 τὸ
2335 1768 2475 1820 πρῶτον

1414 1825 1447 1875 γ’
1473 1825 1532 1863 καὶ
1549 1824 1589 1863 τὸ
1606 1828 1745 1878 πρῶτον
1765 1826 1798 1878 β’
1814 1825 1872 1866 ἐπὶ
1891 1829 1963 1871 τοῖς
1990 1826 2155 1870 ἐναντίοις
2172 1824 2348 1878 ἐσχάτοις,
2366 1843 2382 1861 υ
2395 1827 2475 1880 ἐφε-

1417 1882 1475 1929 ξῆς
1493 1884 1527 1922 δὲ
1547 1884 1680 1929 τούτοις
1693 1884 1732 1924 τὸ
1754 1903 1770 1920 α
1792 1885 1851 1924 διὰ
1871 1886 1912 1925 τὸ
1931 1885 2116 1939 ἀμφότερα
2136 1884 2211 1924 ἴσον
2229 1883 2355 1938 χρόνον
2377 1885 2472 1925 κατὰ

1413 1943 1457 1981 τὸ
1479 1942 1513 1982 α’
1538 1944 1710 1996 γίνεσθαι.
1730 1963 1745 1979 ι
1804 1944 1850 1985 Ὁ
1874 1944 1938 1996 μὲν
1966 1939 2026 1984 οῧν
2055 1944 2157 1996 λόγος
2179 1946 2336 1989 τοιοῦτός
2354 1945 2474 1996 ἐστιν,

1416 2002 1645 2050 εὐηθέστατος
1665 2003 1713 2042 ὤν
1728 2035 1739 2056 ,
1755 2002 1802 2051 ὥς
1821 2020 1926 2057 φησιν
1948 2006 1966 2043 ὁ
1987 2003 2164 2055 Εὔδημος,
2188 2003 2246 2043 διὰ
2259 2004 2300 2043 τὸ
2311 1999 2474 2058 προφανῆ

1416 2063 1474 2102 τὸν
1498 2065 1766 2115 παραλογισμὸν
1788 2064 1901 2117 ἔχειν,
1930 2064 2028 2116 εἴπερ
2047 2062 2136 2109 ἀξιοῖ
2158 2063 2205 2102 τὰ
2230 2062 2292 2103 ἴσα
2310 2063 2372 2103 καὶ
2399 2063 2475 2102 ἶσο·

1415 2125 1510 2175 ταχῆ
1522 2153 1533 2172 ,
1556 2123 1616 2163 ἐὰν
1633 2123 1673 2163 τὸ
1690 2123 1754 2174 μὲν
1775 2123 1875 2176 παρὰ
1893 2123 2096 2174 κινούμενον
2114 2125 2255 2171 κινῆται
2269 2122 2309 2162 τὸ
2323 2122 2362 2162 δὲ
2376 2122 2474 2176 παρὰ

1416 2181 1456 2220 τὸ
1475 2184 1648 2235 ἠρεμοῦν,
1672 2182 1712 2222 τὸ
1725 2182 1801 2222 ἴσον
1822 2183 2004 2234 διάστημα
2018 2184 2052 2222 ἐν
2072 2184 2124 2235 τῷ
2141 2180 2209 2236 ἴσῳ
2225 2180 2347 2235 χρόνῳ
2366 2186 2473 2221 κινεῖ·

1419 2245 1514 2281 σθαι.
1573 2239 1692 2296 ’Όπερ
1711 2241 1805 2281 ἐστὶν
1826 2243 1980 2295 ἐναργῶς
2009 2241 2163 2280 ἄτοπον·
2178 2238 2224 2280 τὰ
2242 2239 2313 2294 γὰρ
2335 2243 2472 2280 ἀντικι-

1416 2301 1568 2353 νούμενα
1590 2302 1756 2350 ἀλλήλοις
1791 2303 1940 2354 ἷσοταχῆ
1968 2300 2156 2340 διπλασίαν
2178 2299 2372 2355 ἀφίσταται
2398 2300 2476 2339 διά·

1416 2375 1538 2399 στασιν
1561 2362 1596 2399 ἐν
1612 2363 1662 2414 τῷ
1681 2364 1778 2414 αὐτῷ
1797 2361 1914 2415 χρόνῳ
1933 2362 1968 2400 ἐν
1985 2354 2015 2414 ᾧ
2029 2360 2068 2400 τὸ
2084 2359 2169 2413 παρ’
2187 2358 2476 2413 ἠρεμοῦνκινού·

1417 2435 1518 2472 μενον
1539 2421 1578 2459 τὸ
1601 2420 1712 2472 ἥμισυ
1736 2420 1935 2472 διίσταται,
1954 2419 2020 2458 κᾶν
2035 2419 2199 2471 ἷσοταχὲς
2223 2417 2368 2463 ἐκείνοις
2383 2412 2421 2470 ἧ.

1471 2479 1637 2519 Fallitur
1647 2481 1841 2531 Diogenes
1854 2481 1864 2534 (
1874 2495 1887 2518 1
1896 2481 1946 2532 2),
1957 2480 2091 2531 plures
2100 2479 2295 2518 Zenonem
2306 2478 2475 2517 mundos

1418 2539 1598 2578 statuisse
1618 2540 1901 2592 physicamque
1927 2552 2014 2590 quae
2039 2538 2088 2577 ab
2120 2537 2206 2590 ejus
2225 2537 2382 2590 placitis
2401 2535 2476 2576 ab—

1416 2598 1548 2637 horret
1561 2600 1734 2650 attigisse
1745 2599 1934 2639 scribens.
1947 2598 2101 2648 Ingenii
2114 2597 2474 2636 monumentazeno

1415 2659 1614 2710 sapientiae
1628 2659 1854 2711 plenissima
1867 2659 2030 2710 reiiquit
2049 2658 2184 2708 (Diog.
2204 2657 2248 2697 L.
2266 2655 2332 2705 lx,
2353 2654 2476 2708 26),e

1415 2717 1560 2768 quibus
1589 2728 1778 2757 memorat
1796 2717 1936 2758 Suidas
1957 2732 1965 2755 z
1987 2714 2155 2771 Ἔριδας,
2183 2715 2376 2767 Ἐξήγησιν
2403 2715 2474 2754 τῶν

1417 2774 1696 2826 Ἐμπεδοκλέους
1710 2807 1719 2825 ,
1743 2776 1840 2829 Πρὸς
1856 2776 1935 2821 τοὺς
1954 2776 2180 2829 φιλοσόφους,
2210 2773 2300 2826 Περὶ
2320 2772 2471 2827 φύσεως.

1415 2834 1582 2887 Scripsit
1597 2837 1711 2874 etiam
1725 2836 1902 2886 dialogos
1915 2845 2009 2874 teste
2024 2835 2200 2885 Diogene
2220 2833 2296 2882 ΙΙΙ,
2313 2838 2378 2880 47.
2396 2831 2473 2872 Sed

1415 2894 1518 2933 inter
1535 2894 1661 2934 libros
1678 2894 1764 2947 ejus
1782 2896 2011 2934 notissimus
2026 2894 2099 2933 fuit
2117 2894 2149 2932 is
2168 2906 2247 2944 quo
2263 2890 2473 2930 parmeni·
2529 2893 2532 2897 ’

1416 2953 1477 2992 dis
1491 2955 1540 2992 de
1553 2953 1641 2992 Uno
1652 2954 1807 2993 decreta
1822 2954 2018 3001 tuebatur,
2031 2962 2074 2992 ut
2087 2965 2207 3004 supra
2221 2959 2302 2992 not.
2319 2964 2344 3001 9
2355 2949 2475 2988 adno-

1416 3007 1596 3046 tavimus.
1611 3008 1721 3046 Alios
1748 3016 1890 3059 praeter
1905 3007 2009 3045 hunc
2029 3014 2141 3045 vetus
2171 3013 2261 3044 aetas
2276 3004 2378 3043 vidit
2396 3001 2473 3042 Ze-

1416 3079 1538 3106 nones
1555 3066 1603 3106 de
1620 3066 1765 3118 quibus
1797 3067 1970 3118 disputat
1997 3065 2200 3104 Fabricius
2220 3063 2322 3103 Bibl.
2342 3062 2469 3102 Graec.

1415 3126 1496 3166 vol.
1524 3126 1560 3164 11
1580 3140 1620 3178 p.
1637 3128 1713 3175 672
1728 3125 1789 3165 ed.
1806 3126 1912 3165 Han-1.
1930 3125 2075 3163 Eorum
2090 3123 2380 3162 illustrissimus
2399 3120 2473 3160 suit

1416 3185 1588 3234 Stoicus,
1607 3185 1656 3224 de
1677 3199 1755 3237 quo
1771 3185 1867 3224 alibi
1888 3186 1963 3243 eifit
1980 3183 2137 3223 dicendi
2158 3183 2279 3222 locus.

308 3326 342 3358 et
361 3332 436 3366 quae
453 3324 600 3358 disseruit
617 3325 658 3358 de
682 3327 809 3360 zenone
834 3328 945 3361 Victor
967 3330 1086 3362 cousin
1110 3330 1142 3363 in
1164 3333 1355 3367 Nouveaux

302 3371 501 3413 sraqments
516 3371 809 3415 philosophique&

353 3419 418 3461 (12)
435 3420 591 3461 Diogenes
604 3421 751 3454 Laertius
767 3423 825 3462 lx,
848 3425 887 3454 29
909 3431 918 3454 ε
937 3424 1072 3465 Ἀρέσκει
1093 3425 1121 3457 δ’
1145 3425 1231 3468 αὐτῷ
1258 3426 1331 3460 τάδε
1343 3437 1351 3447 ·

312 3466 447 3506 κόσμους
463 3467 540 3499 εἶναι
556 3468 566 3506 (
585 3468 724 3509 Hesych.
741 3469 844 3501 Miles.
858 3479 888 3509 p.
905 3473 944 3502 26
962 3470 1012 3502 ed.
1029 3473 1085 3503 Or.
1101 3471 1222 3514 κόσμον
1243 3473 1319 3505 εἶναι
1335 3475 1346 3514 )

312 3513 400 3545 κενόν
412 3525 445 3546 τε
464 3515 506 3555 μή
531 3514 607 3547 εἶναι
620 3539 630 3556 ,
646 3517 830 3557 γεγενῆσθαι
854 3517 887 3549 δὲ
909 3518 964 3555 τὴν
988 3520 1051 3551 τῶν
1065 3518 1190 3551 πάντων
1209 3520 1298 3561 φύσιν
1315 3522 1351 3553 ἐκ

1417 3337 1529 3377 θερμοῦ
1542 3336 1595 3368 καὶ
1608 3337 1730 3378 ψυχροῦ
1743 3335 1797 3367 καὶ
1811 3335 1902 3376 ξηροῦ
1914 3335 1968 3366 καὶ
1985 3335 2082 3374 ὑγροῦ
2105 3332 2326 3374 λαμὸανὸντων
2341 3329 2470 3373 [αὐτῶν]

1414 3383 1455 3421 εὶς
1470 3384 1588 3422 ἄλληλα
1603 3384 1659 3422 τὴν
1672 3382 1857 3423 μεταὸολήν.
1879 3381 1999 3422 γένεσίν
2016 3382 2044 3413 τ’
2061 3380 2232 3423 ἀνθρώπων
2249 3380 2285 3412 ἐκ
2313 3382 2370 3420 γῆς
2390 3377 2469 3410 εἶναι

1413 3431 1465 3462 καὶ
1487 3431 1591 3472 ψυχὴν
1606 3433 1713 3474 κρᾶμα
1726 3429 1879 3471 ὑπάρχειν
1898 3428 1934 3461 ἐκ
1949 3430 2012 3460 τῶν
2027 3427 2258 3470 προειρημένων
2270 3427 2352 3459 κατὰ
2373 3425 2471 3468 μηδε-

1411 3478 1461 3516 νὸς
1473 3477 1592 3510 τούτων
1605 3477 1814 3520 ἐπικράτησιν.
