2612 3814
32 384 64 421 r

32 438 33 441 ,
39 421 58 439 N

31 441 62 481 ‘e

30 508 50 539 ἕ

844 248 1123 291 HERACLITI
1149 243 1475 290 FRAGMENTA
1484 277 1494 288 .

185 344 339 381 Monac.
362 338 480 391 (Stob.
493 337 595 378 Flor.
612 335 661 376 T.
674 336 775 389 le.
795 338 869 375 283
887 337 949 376 ed.
968 337 1155 390 Meinek.)

189 401 226 440 ei
238 399 486 439 tribuuntur:
505 395 734 447 Ἡράκλειτος
749 393 833 448 ἔφη,
850 395 960 443 οἴησις
977 399 1158 449 προκοπῆς

190 458 325 510 ἐγκοπὴ
357 457 552 510 προκοπῆς.
574 453 617 494 Ὁ
640 454 742 497 αὐτὸς
763 453 828 500 τὴν
853 454 1015 494 παιδείαν
1039 455 1157 509 ἕτερον

188 518 287 564 ἥλιον
307 508 395 555 εἶναι
413 517 481 559 τοῖς
498 511 787 564 πεπαιδευμένοις
802 512 930 567 ἔλεγε.)

28 562 58 576 ⁸
114 591 160 617 ie.
184 578 254 616 Καὶ
270 577 288 614 ὁ
307 575 517 627 δυσάρεστος
532 571 762 624 Ἡράκλειτος
782 571 938 622 μάλιστα
953 571 1055 613 αὐτὸν
1072 573 1158 626 ἐπῄ-

187 636 266 674 ’νεσε
278 633 432 688 γράψας·
442 651 458 666 οι
466 633 530 671 Ἐν
541 630 678 684 Πριήνῃ
687 630 820 682 ἐγένετο
832 631 942 676 Βίαςὸ
952 633 1160 683 Τευτάμεω,

192 689 232 733 οὗ
249 692 378 732 πλείων
393 691 495 744 λόγος
511 691 533 738 ἢ
554 693 622 729 τῶν
640 691 769 730 ἄλλων.
786 708 802 724 υ

248 752 455 805 (Diogenes
471 749 649 788 Laertius
664 748 733 787 lib.
752 748 786 797 1,
812 749 893 800 88.)

114 825 162 853 17,
182 809 313 863 ''I'Gpw
332 809 403 863 χρὴ
423 807 598 847 σὸεννύειν
617 808 751 858 μᾶλλον
771 807 794 854 ἢ
811 807 1002 861 πυρκαϊήν.

248 869 457 920 (Diogenes
467 867 643 905 Laertius
659 866 730 907 lib.
753 866 821 918 lx,
843 868 898 918 2.)

38 915 67 975 ¹¹⁴3
114 942 162 970 18.
183 926 343 967 Ὁκόσων
384 926 506 978 λόγους
551 925 707 973 ἤκουσα,
738 926 849 970 οὐδεὶς
894 924 1093 979 ἆφικνέεται
1131 926 1165 968 ἐς

194 990 315 1038 τοῦτο,
335 982 426 1024 ὥστε
446 984 641 1038 γινώσκειν,
659 983 713 1023 ὅτι
732 983 836 1038 σοφόν
858 985 933 1023 ἐστι
950 983 1090 1022 πάντων
1107 998 1164 1025 κε,-

193 1043 426 1098 χωρισμένον.

250 1102 440 1157 (stobaeus
459 1102 563 1142 Flor.
586 1102 654 1149 111,
682 1101 763 1155 81.)
816 1080 831 1092 ‘

38 1174 68 1221 '4
116 1178 163 1204 19.
186 1162 259 1202 Ξὺν
272 1161 341 1215 νόῳ
359 1161 526 1214 λέγοντας
545 1161 783 1214 ἰσχυρίζεσθαι
802 1160 872 1214 χρὴ
892 1162 944 1213 τῷ
968 1159 1055 1214 ξυνῷ
1078 1160 1168 1199 πάν-

197 1237 283 1269 των,
304 1220 467 1273 ὅκωσπερ
495 1220 592 1274 νόμῳ
620 1220 721 1265 πόλις
740 1220 800 1258 καὶ
815 1218 904 1259 πολὺ
925 1218 1167 1272 ἰσχυροτέρως.

197 1281 396 1335 Τρέφονται
409 1280 476 1332 γὰρ
490 1279 617 1323 πάντες
633 1281 664 1318 οἱ
679 1279 887 1332 ἀνθρώπινοι
897 1278 999 1330 νόμοι
1014 1277 1081 1316 ὑπὸ
1097 1277 1169 1321 ἑνὸς

197 1342 256 1378 τοῦ
275 1338 378 1377 θείου·
396 1336 536 1390 κρατέει
560 1337 628 1392 γὰρ
652 1342 813 1378 τοσοῦτον
831 1337 952 1378 ὁκόσον
968 1336 1096 1386 ἐθέλει,
1109 1336 1169 1375 καὶ

200 1397 354 1451 ἐξαρκέει
368 1404 455 1447 πᾶσι
475 1397 536 1436 καὶ
554 1397 783 1449 περιγίνεται.

254 1455 441 1508 (Stobaeus
463 1455 569 1495 flor.
586 1455 662 1506 Ill,
680 1457 743 1501 84.
761 1456 902 1507 Recepi
918 1455 1172 1494 Schleierma-

199 1515 304 1554 cheri
326 1514 636 1553 emendationem
659 1514 757 1558 πόλις
781 1513 841 1553 καὶ
860 1514 948 1552 πολὺ
973 1527 1045 1566 pro
1064 1513 1172 1552 codi-

199 1588 287 1613 cum
302 1573 469 1613 lectione
487 1573 587 1617 πόλις
605 1573 666 1612 καὶ
683 1573 815 1622 πόλις.)

120 1648 170 1674 20.
195 1633 382 1685 Μάχεσθαι
409 1633 480 1685 χρὴ
506 1631 566 1671 τὸν
595 1632 704 1684 δῆμον
728 1632 818 1686 ὑπὲρ
845 1631 953 1683 νόμου
981 1631 1070 1677 ὅκως
1088 1631 1174 1685 ὑπὲρ

202 1690 348 1743 τείχεος.

260 1750 468 1801 (Diogenes
487 1750 665 1789 Laertius
683 1750 756 1790 lib.
776 1749 844 1798 lx,
863 1749 920 1801 2.)
1175 1767 1195 1780 κ

123 1824 175 1849 2ι.
203 1810 359 1861 ΙΙοταμῷ
388 1808 455 1862 γὰρ
482 1810 545 1848 οὐκ
575 1809 649 1848 ἔστι
678 1809 727 1853 δὶς
744 1809 960 1861 ἐμὸἧναιτῷ
979 1808 1072 1861 αὐτῷ
1099 1809 1176 1846 καθ’

196 1866 442 1920 Ἡράκλειτον,
461 1868 538 1907 οῦδὲ
555 1871 680 1916 θνητῆς
696 1869 814 1912 οὐσίας
831 1867 880 1912 δὶς
907 1866 1065 1918 ἅψασθαι
1086 1864 1178 1904 κατὰ

206 1925 287 1972 ἕξιν·
312 1926 402 1964 ἀλλὰ
428 1925 550 1974 ὀξύτης
575 1926 635 1965 καὶ
655 1926 762 1980 τάχος
787 1928 850 1973 τῆς
874 1924 1071 1976 μεταὸολῆς
1098 1923 1179 1963 σκί-

2193 255 2268 289 317

1296 350 1417 388 quum
1437 336 1596 386 vulgata
1615 337 1811 388 scriptura
1826 338 1916 375 ἀλλὰ
1936 336 2075 386 ὀξύτητι
2095 338 2156 387 καὶ
2171 338 2260 390 τάχε

1302 396 1396 434 ferri
1416 404 1595 446 nequeat.
1617 394 1723 433 Idem
1744 395 1792 433 de
1816 407 1902 433 sera
1920 409 2028 434 num.
2050 398 2161 438 vind.
2186 411 2273 448 cap.

1307 454 1367 501 15,
1387 454 1468 492 vol.
1487 453 1520 491 X
1539 467 1577 505 p.
1599 454 1674 491 252
1699 468 1708 491 τ
1730 452 1752 500 ἢ
1771 453 1926 503 λήσομεν
1947 456 1993 498 εἰς
2012 455 2070 493 τὸν
2092 455 2278 509 Ἡρακλεί-

1303 528 1394 551 τειον
1419 512 1559 550 ἅπαντα
1579 511 1775 563 πράγματα
1790 511 1951 562 ποταμὸν
1973 512 2185 563 ἐμὸαλόντες
2199 543 2209 562 ,
2231 515 2279 557 εἷς

1303 572 1342 611 ὃν
1358 571 1396 610 οὔ
1415 586 1500 624 φησι
1519 572 1570 615 δὶς
1590 570 1766 622 ἐμὸἧναι,
1784 572 1834 623 τῷ
1854 571 1974 609 πάντα
1993 577 2099 610 κινεῖν
2117 572 2176 610 καὶ
2202 574 2281 610 ἑτε-

1307 634 1416 684 ροιοῦν
1437 631 1500 676 τὴν
1521 630 1622 682 φύσιν
1644 629 1965 681 μεταὸάλλουσαν.)

1224 704 1273 729 22.
1307 692 1510 740 Ποταμοῖσι
1523 689 1612 727 τοῖσι
1622 690 1756 727 αὐτοῖσι
1770 688 1977 739 ἐμὸαίνουσι
1988 687 2090 741 ἕτερα
2104 689 2164 727 καὶ
2178 689 2280 741 ἕτερα

1304 748 1417 787 ὕδατα
1435 747 1601 801 ἑπιῤῥέει.

1358 807 1578 858 (Cleanthes
1605 806 1758 845 Stoicus
1781 807 1885 858 apud
1911 807 2123 846 Eusebium
2156 808 2281 859 Praep.

1306 865 1454 916 Evang.
1471 865 1549 913 XV,
1569 879 1619 903 20
1637 864 1885 917 εἬράκλειτος
1900 865 2010 917 λέγων
2025 864 2146 909 οὕτως·
2164 867 2285 904 Ποτα-

1308 929 1403 963 ιιοῖσι
1415 925 1493 962 κτλ.
1510 923 1700 962 Similiter
1713 923 1943 962 Plutarchus
1959 923 2102 969 Quaest.
2122 923 2206 961 Nat.
2229 937 2251 961 α
2272 937 2281 960 z

1309 985 1480 1033 ποταμοῖς
1507 982 1575 1035 γὰρ
1604 982 1654 1026 δὶς
1674 987 1744 1026 τοῖς
1763 983 1877 1026 αὐτοῖς
1896 983 1959 1021 οὔκ
1978 981 2020 1021 ἂν
2050 982 2221 1033 ἐμὸαίης,
2240 981 2286 1026 ὥς

1310 1057 1413 1094 φησιν
1429 1040 1674 1093 Ἡράκλειτος·
1685 1040 1787 1093 ἕτερα
1797 1040 1864 1093 γὰρ
1877 1042 2010 1094 ἐπιῤῥεῖ
2026 1039 2152 1081 ὕδατα.
2170 1039 2283 1080 Conf.

1308 1100 1447 1138 Sextus
1462 1100 1682 1151 Empiricus
1696 1099 1838 1151 Pyrrh.
1857 1100 1960 1151 Hyp.
1978 1099 2046 1144 Ill,
2073 1113 2087 1136 1
2099 1099 2160 1139 15.
2179 1099 2287 1137 Adde

1309 1157 1508 1198 Plutarch.
1530 1157 1578 1195 de
1598 1158 1703 1197 Plac.
1735 1158 1832 1209 phil.
1863 1157 1896 1205 1,
1925 1158 1973 1195 23
2003 1166 2041 1196 et
2068 1157 2178 1196 Stob.
2204 1158 2284 1196 Ecl.

1309 1216 1430 1268 Phys.
1450 1217 1534 1269 l.p.
1557 1217 1648 1267 396,
1670 1216 1795 1256 tom.1
1815 1230 1853 1268 p.
1878 1217 1950 1255 153
1971 1216 2031 1254 ed.
2046 1216 2170 1255 Gaisf.
2191 1231 2198 1253 ε
2220 1215 2288 1255 ‘H-

1315 1275 1494 1328 ράκλειτος
1526 1275 1676 1328 ἠρεμίαν
1709 1274 1772 1325 μὲν
1804 1274 1865 1314 καὶ
1894 1276 2016 1314 στάσιν
2044 1276 2083 1313 ἐκ
2103 1278 2171 1314 τῶν
2201 1275 2290 1313 ὅλων

1312 1334 1461 1388 ἀνῄρει.)

1231 1408 1281 1434 23.
1307 1393 1414 1434 Ἀλλὰ
1433 1393 1496 1442 τὴν
1519 1393 1582 1446 μὲν
1604 1392 1765 1441 αἴσθησιν
1783 1394 1920 1446 ἐλέγχει
1938 1393 2050 1444 λέγων
2071 1392 2164 1432 κατὰ
2185 1391 2288 1453 λέξιν·

1315 1472 1331 1488 «
1352 1453 1454 1492 κακοὶ
1475 1454 1649 1506 μάρτυρες
1677 1453 1891 1507 ἀνθρώποισι
1924 1452 2098 1506 ὀφθαλμοὶ
2127 1452 2188 1491 καὶ
2216 1454 2292 1490 ὠτα

1315 1513 1513 1565 βαρὸάρους
1543 1511 1658 1565 ψυχὰς
1694 1512 1857 1564 ἐχόντων.
1887 1531 1903 1546 n
1929 1512 2016 1564 ὅπερ
2041 1510 2116 1551 ἴσον
2139 1506 2196 1560 ἦν,
2223 1514 2292 1550 τῶν

1316 1571 1503 1624 βαρὸάρων
1539 1571 1614 1610 ἐστὶ
1658 1573 1781 1624 ψυχῶν
1823 1571 1898 1616 ταῖς
1931 1570 2068 1623 ἀλόγοις
2111 1570 2294 1617 αἰσθήσεσι

1316 1646 1507 1669 πιστευειν.

1375 1690 1527 1739 (Sextus
1560 1689 1779 1740 Empiricus
1813 1689 1900 1727 adv.
1929 1689 2047 1728 Math.
2073 1688 2162 1736 VII,
2203 1689 2294 1728 126.

1317 1748 1461 1787 Iisdem
1491 1760 1616 1799 prope
1644 1748 1778 1786 verbis
1807 1747 1982 1786 Stobaeus
1997 1748 2104 1786 Flor.
2123 1746 2186 1793 IV,
2209 1747 2258 1784 56
2282 1761 2291 1784 :

1317 1806 1421 1845 κακοὶ
1438 1805 1591 1858 γίνονται
1607 1804 1781 1857 ὀφθαλμοὶ
1797 1805 1858 1844 καὶ
1877 1798 1952 1845 ὦτα
1973 1806 2130 1859 ἀφρόνων
2155 1804 2297 1857 ἀνθρώ-

1316 1881 1393 1904 πων
1410 1864 1524 1917 ψυχὰς
1538 1863 1735 1917 βαρὸάρους
1751 1864 1915 1917 ἐχόντων.
1931 1866 2123 1915 Diogenes
2139 1863 2209 1904 lib.
2228 1863 2298 1913 IX,

1321 1940 1340 1972 7
1363 1925 1411 1963 de
1431 1924 1626 1963 Heraclito
1648 1938 1656 1961 ε
1681 1924 1742 1963 καὶ
1762 1923 1826 1970 τὴν
1848 1923 1970 1978 ὅρασιν
1986 1922 2201 1977 ψεύδεσθαι.)

207 1986 309 2032 δνησι
323 1984 384 2023 καὶ
394 1985 500 2023 πάλιν
510 1985 664 2036 συνάγει,
682 1986 816 2036 μᾶλλον
831 1984 866 2024 δὲ
883 1983 962 2023 οὐδὲ
976 1984 1083 2023 πάλιν
1101 1982 1178 2022 οὐδὲ
1238 1997 1285 2023 24.
1314 1987 1418 2022 Δυοῖν
1437 1982 1506 2042 [lup
1522 1982 1632 2022 ὄντων
1649 1982 1740 2022 κατὰ
1757 1981 1858 2035 φύσιν
1877 1983 2008 2022 ὡσανεί
2023 1998 2126 2021 τινων
2140 1982 2295 2034 ὀργάνων

205 2043 346 2096 ὕστερον
378 2044 454 2083 ἀλλ’
487 2044 563 2096 ἅμα
597 2044 803 2083 συνίσταται
828 2043 888 2082 καὶ
910 2042 1093 2082 ἀπολείπει
1118 2043 1180 2082 καὶ

207 2100 367 2156 πρόσεισι
383 2102 442 2141 καὶ
456 2101 598 2141 ἄπεισι·
621 2102 697 2142 ὅθεν
718 2102 786 2141 οὐδ’
802 2104 850 2146 εἷς
863 2101 902 2140 τὺ
923 2094 1011 2140 εἶναι
1025 2101 1181 2154 περαίνει

205 2160 246 2200 τὸ
261 2161 462 2213 γιγνόμενον
477 2162 585 2210 αὐτῆς
601 2163 648 2215 τῷ
667 2161 841 2213 μηδέποτε
855 2160 974 2213 λήγειν
989 2162 1072 2211 μηδ’
1086 2160 1180 2199 ἵστα-

211 2222 291 2258 σθαι
308 2218 368 2266 τὴν
385 2220 535 2271 γένεσιν.

268 2277 513 2328 (Plutarchus
533 2279 581 2316 de
609 2280 656 2318 Ει
680 2279 783 2330 apud
805 2278 975 2330 Delphos
1001 2291 1088 2330 cap.
1115 2279 1177 2326 18,

210 2336 290 2376 vol.
313 2337 371 2374 IX
387 2351 427 2389 p.
447 2339 540 2387 239.
558 2337 677 2375 Posui
696 2337 787 2376 ἀλλὰ
806 2336 928 2384 ὀξύτης
955 2337 1015 2375 καὶ
1045 2338 1150 2389 τάχος
1166 2366 1177 2387 ,

177 2489 226 2518 16.
251 2487 297 2518 Ac
313 2485 452 2517 difficilis
468 2485 521 2518 ille
535 2485 715 2518 Heraclitus
737 2485 880 2518 maxime
895 2494 968 2517 eum
991 2485 1186 2517 collaudavit

134 2545 183 2577 his
202 2543 334 2576 verbis:
353 2557 369 2572 «ι
382 2544 476 2585 Apud
499 2544 690 2577 Prienenses
721 2547 818 2576 natus
846 2548 895 2577 est
924 2544 1019 2584 Bias,
1040 2544 1186 2576 Teutami

134 2603 238 2642 filius,
255 2602 349 2643 cujus
366 2602 520 2635 illustrior
535 2602 620 2634 fama
635 2604 685 2635 est
700 2611 797 2644 qnam
810 2604 1010 2635 caeterorum.
1026 2615 1042 2630 n

180 2665 230 2695 17.
253 2661 490 2695 Contumeliam
523 2661 618 2694 citius
657 2670 756 2703 quam
802 2661 988 2695 incendium
1031 2660 1188 2701 exstingui

135 2724 273 2764 oportet.

181 2784 230 2814 18.
256 2781 533 2821 Quorumcunque
548 2788 712 2812 sermones
728 2779 854 2820 audivi,
869 2788 964 2812 nemo
979 2779 1105 2812 tantum
1120 2787 1190 2819 pro-

49 2829 50 2832 “
66 2848 72 2852 ·
137 2839 211 2873 tecit
223 2863 232 2878 ‚
250 2843 287 2872 ut
306 2839 517 2882 intelligeret,
531 2838 717 2881 sapientiam
734 2847 805 2872 esse
822 2847 840 2871 a
858 2838 953 2872 rebus
974 2837 1125 2871 omnibus
1138 2845 1190 2870 se·
1205 2848 1208 2851 *

138 2903 293 2942 paratam.

183 2961 234 2992 19.
259 2958 438 2992 Prudenter
453 2959 623 3001 loquentes
650 2969 685 2993 re
710 2959 850 3000 quadam
881 2960 1004 2991 cunctis
1028 2958 1190 2990 communi

139 3015 198 3048 niti
218 3018 363 3058 oportet,
384 3019 423 3050 ut
444 3016 512 3057 lege
531 3017 678 3050 civitates
694 3020 727 3050 et
750 3017 855 3050 multo
873 3017 985 3058 magis.
1008 3018 1089 3049 Nam
1109 3016 1193 3056 leges

140 3073 291 3108 humanae
318 3084 431 3108 omnes
455 3084 521 3108 una
547 3076 616 3118 lege
644 3076 754 3109 divina
782 3077 946 3118 foventur,
963 3085 1035 3117 quae
1061 3074 1192 3116 quidem

16 3127 23 3142 Ῠ

140 3133 268 3165 tantum
287 3137 410 3175 potest,
426 3137 582 3175 quantum
603 3135 680 3168 libet
695 3136 792 3176 atque
807 3134 965 3168 universis
979 3136 1012 3167 et
1028 3133 1146 3166 suflicit
1162 3137 1193 3166 et

142 3190 286 3231 superior
304 3194 364 3225 est.

179 3253 236 3292 20.
260 3250 422 3292 Populum
443 3252 585 3293 prolege
607 3261 670 3286 non
685 3261 778 3286 secus
802 3261 840 3286 ac
855 3261 914 3293 pro
938 3260 1031 3284 muro
1053 3258 1194 3293 pugnare

141 3312 280 3349 oportet.

187 3371 238 3400 21.
261 3367 388 3400 Etenim
407 3368 439 3400 in
455 3370 592 3403 eundem
613 3371 748 3405 fluvium
765 3371 814 3404 bis
831 3370 1025 3405 descendere
1042 3369 1194 3402 nonlicet

143 3425 320 3459 secundum
334 3427 539 3468 Heraclitum,
554 3439 659 3472 neque
672 3430 840 3464 mortalem
857 3434 1006 3463 naturam
1019 3429 1069 3462 bis
1082 3428 1193 3466 eodem

145 3484 242 3517 modo
269 3485 416 3519 affectam
448 3488 602 3529 attingere
643 3489 698 3522 sed
739 3490 951 3522 mutationum
986 3490 1130 3522 celeritas
1158 3496 1195 3519 ac

1320 2044 1419 2092 ἡμῖν,
1446 2043 1496 2086 οῖς
1522 2041 1640 2080 πάντα
1671 2042 1916 2092 πυνθανόμεθα
1947 2041 2008 2080 καὶ
2040 2043 2299 2092 πολυπραγμο-

1319 2105 1457 2152 νοῦμεν,
1476 2102 1584 2148 ἀκοῆς
1606 2100 1665 2139 καὶ
1681 2099 1834 2152 ὁράσεως
1846 2130 1857 2149 ,
1876 2099 2134 2153 ἀληθινωτέρας
2149 2099 2177 2138 δ’
2193 2098 2299 2144 οὔσης

1322 2161 1360 2198 οὗ
1393 2161 1510 2212 μικρῷ
1545 2162 1607 2206 τῆς
1641 2159 1795 2211 ὁράσεως
1828 2159 1920 2198 κατὰ
1963 2158 2021 2196 τὸν
2057 2157 2298 2210 Ἡράκλειτον·

1322 2237 1338 2252 ‘1
1352 2217 1551 2271 Ὀφθαλμοὶ
1573 2217 1641 2271 γὰρ
1660 2221 1728 2256 τῶν
1746 2217 1845 2257 ὤτων
1866 2218 2108 2271 ἀκριὸέστεροι
2123 2217 2299 2270 μάρτυρες

1321 2279 1400 2316 κτλ.
1425 2295 1440 2311 ›-

1377 2336 1580 2388 (Polybius
1602 2335 1690 2382 XII,
1711 2338 1788 2385 27.)

1247 2487 1397 2519 velocitas
1409 2495 1479 2518 eam
1494 2485 1628 2526 dissipat
1643 2493 1718 2516 mox
1736 2483 1911 2525 statimque
1927 2483 2047 2524 colligit
2062 2491 2189 2522 rursus,
2203 2483 2304 2515 immo

1247 2555 1351 2587 neque
1367 2545 1484 2577 iterum
1511 2552 1616 2585 neque
1636 2543 1807 2585 postmodo
1832 2542 1970 2582 colligit,
1987 2551 2101 2574 verum
2124 2542 2179 2574 illa
2204 2541 2302 2573 simul

1247 2608 1280 2637 et
1298 2604 1425 2637 exsistit
1448 2605 1481 2636 et
1508 2602 1634 2642 interit,
1650 2602 1745 2634 simul
1770 2601 1896 2634 accedit
1924 2602 2020 2641 atque
2039 2600 2170 2634 recedit.
2196 2603 2305 2638 Quare

1249 2663 1281 2695 id
1311 2662 1400 2704 quod
1421 2662 1497 2695 inde
1519 2661 1556 2694 fit
1583 2670 1624 2693 ne
1645 2661 1690 2693 ita
1715 2660 1845 2701 quidem
1871 2660 2045 2701 perficitur,
2074 2663 2111 2692 ut
2142 2668 2219 2692 vere
2241 2658 2306 2692 dici

1249 2722 1350 2763 possit
1367 2730 1457 2761 esse,
1478 2708 1558 2762 quia'
1571 2724 1664 2753 ortus
1690 2727 1855 2761 nunquam
1874 2727 1979 2760 neque
1994 2719 2111 2752 desinit
2129 2727 2233 2759 neque
2253 2718 2304 2750 in-

1248 2779 1344 2812 sistit.

1293 2842 1344 2870 22.
1370 2839 1405 2870 In
1421 2836 1551 2870 eosdem
1564 2835 1678 2869 fluvios
1691 2835 1957 2870 descendentibus
1974 2836 2035 2869 alia
2050 2838 2148 2878 atque
2171 2837 2233 2869 alia
2255 2836 2302 2868 as-

1251 2899 1320 2931 nuit
1333 2907 1430 2939 aqua.

1293 2959 1345 2990 23.
1370 2957 1432 2990 Sed
1464 2965 1597 2989 sensum
1629 2955 1760 2997 quidem
1790 2957 1906 2990 refellit
1936 2957 2045 2990 dicens
2070 2957 2111 2989 ad
2140 2956 2302 2989 verbum:

1253 3028 1269 3044 a
1292 3016 1368 3048 Mali
1383 3017 1459 3049 sunt
1477 3017 1575 3052 testes
1592 3015 1779 3047 hominibus
1796 3016 1881 3048 oculi
1897 3019 1929 3049 et
1957 3024 2050 3048 aures
2071 3015 2226 3048 barbaras
2246 3015 2303 3046 ha-

1253 3074 1397 3107 bentium
1427 3075 1561 3109 animas.
1585 3088 1603 3106 υ
1625 3075 1720 3114 Quod
1746 3075 1878 3116 perinde
1907 3078 1959 3109 est
1988 3085 2027 3108 ac
2053 3075 2080 3108 si
2105 3074 2194 3108 dieas
2223 3085 2232 3107 ι
2258 3076 2307 3107 est

1253 3133 1461 3167 barbararum
1474 3135 1654 3167 animarum
1675 3135 1806 3169 credere
1826 3135 1975 3168 sensibus
1991 3135 2048 3176 qui
2066 3136 2142 3168 sunt
2170 3133 2305 3166 rationis

1252 3195 1411 3234 expertes.
1700 3182 1710 3194 ⁰
1830 3201 1835 3205 ·

1297 3252 1348 3284 24.
1372 3252 1482 3289 Quum
1514 3251 1601 3284 euim
1627 3251 1692 3285 duo
1721 3252 1814 3285 nobis
1842 3251 2018 3284 secundum
2043 3253 2190 3284 naturam
2217 3251 2306 3292 quasi

1253 3311 1464 3345 instrumenta
1493 3312 1643 3354 quaedam
1673 3313 1756 3354 sint,
1785 3312 1902 3354 quibus
1925 3313 2034 3345 omnia
2060 3312 2252 3354 percipimus
2275 3312 2306 3343 et

1254 3371 1448 3411 scrutamur,
1463 3370 1593 3404 auditus
1611 3372 1644 3404 et
1671 3371 1775 3411 visus,
1802 3371 1905 3403 multo
1933 3372 2042 3403 autem
2071 3373 2187 3402 certior
2220 3369 2306 3399 visus

1254 3427 1296 3460 sit
1317 3428 1425 3468 judice
1443 3428 1606 3462 Heraclito
1625 3441 1632 3462 :
1656 3442 1672 3458 α
1689 3429 1782 3462 Oculi
1802 3429 1888 3461 enim
1907 3429 2040 3461 auribus
2060 3428 2208 3461 certiores
2231 3429 2306 3459 sunt

1256 3489 1354 3520 testes
1375 3501 1390 3516 ²»
1409 3491 1470 3521 etc.
