2612 3814
296 255 368 288 120

316 351 350 375 55
369 342 489 390 νωμᾷν
507 335 661 376 ἄσκοπον
680 336 779 388 ὄμμα
796 336 856 375 καὶ
876 336 1060 390 ἠχήεσσαν
1081 336 1209 383 ἀκουὴν

369 396 429 435 καὶ
445 397 622 446 γλῶσσαν·
640 398 754 449 κρῖναι
772 396 807 436 δὲ
827 395 920 449 λόγῳ
937 395 1129 451 πολύδηριν
1150 395 1294 448 ἔλεγχον

369 452 402 498 ἐξ
424 454 542 505 ἐμέθεν
564 454 726 508 ῥηθέντα.
751 454 866 500 Μόνος
881 454 910 494 δ’
929 454 980 494 ἔτι
1002 458 1108 506 μῦθος
1129 455 1220 494 ὁδοῖο

369 512 544 561 λείπεται,
564 515 611 558 ὥς
631 513 736 553 ἔστιν·
756 514 869 568 ταύτῃ
887 515 916 553 δ’
937 514 995 554 ἐπὶ
1011 512 1144 565 σήματ’
1165 512 1245 551 ἔασι

367 572 481 612 πολλὰ
501 573 585 624 μάλ’
605 575 651 619 ὡς
668 574 835 625 ἀγένητον
856 573 910 613 ἐὸν
927 572 988 612 καὶ
1009 571 1202 625 ἀνώλεθρόν
1228 574 1338 620 ἐστιν,

310 645 344 670 so
367 625 482 680 οὖλον,
503 632 705 683 μουνογενές
724 649 760 672 τε
781 633 840 672 καὶ
863 632 1010 686 ἀτρεμὲς
1026 631 1082 679 ἠδ’
1103 630 1300 669 ἀτέλεστον·

367 691 407 732 οὔ
427 693 504 732 ποτ’
525 693 583 740 ἔην
599 694 672 733 οὐδ’
689 694 809 743 ἔσται,
832 693 906 732 ἐπεὶ
929 696 989 730 νῦν
1012 692 1104 731 ἔστιν
1125 693 1212 741 ὁμοῦ
1233 697 1318 740 πᾶν,

367 750 403 790 ἓν
424 751 575 805 ξυνεχές.
596 753 686 793 Τίνα
706 753 773 806 γὰρ
791 752 913 805 γέννην
931 750 1087 798 διζήσεαι
1107 750 1237 800 αὐτοῦς

364 815 415 860 πῆ
436 813 539 851 πόθεν
560 812 719 861 αὐξηθέν;
741 810 816 851 οὔτ’
834 813 873 850 ἐκ
894 809 944 862 μὴ
964 810 1061 853 ὄντος
1077 808 1172 848 ἐάσω

364 872 494 925 φάσθαι
513 874 545 910 σ’
566 871 642 911 οὐδὲ
661 877 761 909 νοεῖν·
779 872 816 909 οὗ
840 869 908 922 γὰρ
928 868 1035 923 φατὸν
1055 868 1134 908 οὐδὲ
1151 868 1289 915 νοητόν,

309 946 343 970 05
364 931 456 969 ἔστιν
476 930 568 976 ὅπως
582 932 643 969 οὐκ
658 931 748 968 ἔστι*
767 930 801 968 τί
818 930 846 968 δ’
863 930 904 968 ἄν
921 945 981 980 μιν
999 927 1061 968 καὶ
1078 927 1180 981 χρέος
1197 921 1308 981 ὦρσεν

336 1154 382 1190 V.
415 1151 476 1190 55.
511 1150 674 1195 ἄσκοπος,
695 1153 853 1200 proprie
879 1152 1194 1199 inconsideratus,
1217 1158 1337 1188 teme·

284 1213 416 1260 rarius,
427 1219 540 1260 atque
554 1212 750 1261 Eustathio
765 1212 971 1261 interprete
986 1211 1035 1248 ad
1049 1212 1091 1248 Il.
1106 1212 1250 1258 XXIV,
1265 1224 1278 1247 1
1289 1211 1335 1258 57

283 1273 300 1308 ὁ
316 1269 364 1319 μὴ
382 1273 441 1309 τοῦ
471 1268 705 1323 συμφέροντος
726 1270 992 1323 προνοούμενος.
1008 1273 1134 1319 Quum
1152 1278 1279 1307 autem
1298 1272 1337 1307 in

282 1332 395 1368 rebus
415 1343 507 1380 quas
525 1332 606 1367 sola
620 1332 758 1368 mentis
771 1332 850 1368 acie
861 1332 1111 1380 perspicimus
1125 1343 1206 1366 non
1225 1330 1340 1367 liceat

283 1392 456 1441 corporis
477 1391 534 1426 uti
560 1391 700 1436 oculis,
723 1391 789 1439 qui
809 1398 890 1427 tum
908 1391 1004 1427 nihil
1022 1390 1169 1435 vident,
1193 1403 1335 1438 quum-

283 1462 359 1498 que
393 1450 579 1486 temerarii
608 1450 773 1485 hominis
796 1450 844 1485 sit
871 1462 911 1486 ea
945 1457 1124 1499 appetere
1159 1462 1242 1497 quae
1270 1450 1340 1485 scit

283 1509 463 1557 consequi
489 1521 528 1544 se
547 1521 625 1544 non
653 1521 762 1557 posse
790 1519 799 1546 ε
830 1509 1035 1545 commoda
1056 1509 1299 1545 translatione
1319 1522 1338 1545 a

281 1575 394 1616 poeta
422 1568 493 1617 ipsi
522 1568 624 1604 oculi
645 1568 887 1617 appellantur
904 1568 1095 1604 temerarii
1115 1574 1153 1603 et
1172 1568 1336 1604 inconsi-

281 1627 420 1673 derati,
441 1627 469 1662 si
492 1639 538 1663 eo
553 1634 845 1672 convertuntur,
873 1626 942 1662 ubi
968 1627 1184 1665 caecutiunt.
1204 1629 1338 1675 Itaque

281 1685 435 1724 ἄσκοπον
449 1683 550 1735 ὄμμα
571 1687 839 1735 interpretatus
859 1698 941 1722 sum
958 1699 1078 1722 caecos
1093 1687 1240 1725 oculos.

334 1748 376 1784 V.
398 1745 463 1782 56.
486 1744 678 1797 πολύδηριν
714 1745 920 1793 edidimus,
944 1745 1050 1794 quod
1078 1746 1217 1795 legitur
1237 1746 1340 1795 apud

280 1805 512 1855 Diogenem,
541 1805 734 1855 probante
759 1806 910 1854 Menag.
928 1804 1087 1843 Observ.
1109 1818 1149 1854 p.
1179 1808 1251 1848 401
1276 1804 1338 1842 ed.

281 1864 461 1900 Meibom.
470 1865 546 1901 Alii
563 1863 677 1901 codd.
692 1863 794 1912 apud
805 1863 981 1900 eumdem
994 1865 1221 1914 scriptorem
1233 1864 1340 1900 exhi-

281 1923 372 1960 bent
389 1920 594 1970 πολύδηνιν.
629 1924 676 1959 In
694 1923 795 1960 Sexti
816 1924 1001 1972 Empirici
1020 1923 1128 1960 libris
1149 1924 1342 1972 reperitur

281 1979 507 2034 πολύπειρον,
530 1982 638 2032 quod
655 1995 780 2032 nuper
795 1983 985 2020 Bekkerus
999 1990 1104 2020 recte
1120 1983 1341 2032 repudiavit

281 2048 395 2090 atque
414 2042 453 2078 in
473 2041 552 2090 ejus
565 2043 693 2079 locum
704 2041 896 2093 πολύδηριν
913 2042 1123 2079 substituit.
1144 2040 1189 2079 In
1203 2043 1341 2080 eodem

282 2114 391 2139 versu
422 2101 526 2151 apud
557 2103 714 2139 Sextum
745 2103 941 2139 nonnullae
971 2102 1203 2139 membranae
1233 2104 1341 2155 κρῖνε,

282 2162 366 2198 aliae
377 2160 492 2212 κρῖνον
508 2161 667 2199 habent.

334 2223 378 2259 V.
403 2220 464 2268 57.
491 2218 594 2270 μόνος
623 2220 654 2258 δ’
673 2218 726 2259 ἔτι
752 2222 858 2271 μῦθος
874 2220 968 2258 ὁδοῖο
996 2219 1170 2260 λείπεται.
1193 2222 1340 2258 Ultima

283 2287 369 2317 sunt
386 2280 467 2317 haec
489 2281 593 2330 apud
618 2279 796 2328 Sextum3
819 2294 903 2330 quae
929 2281 1110 2331 deinceps
1129 2289 1342 2330 sequuntur

285 2353 303 2376 a
336 2338 534 2389 Simplicio
566 2348 713 2378 servata
750 2348 850 2378 sunt.
880 2341 1016 2389 Neque
1041 2352 1134 2377 vero
1167 2341 1343 2387 dubium,

285 2401 378 2449 quin
394 2401 462 2437 ista
479 2413 564 2437 cum
579 2402 840 2451 superioribus
852 2408 955 2438 arcte
973 2401 1236 2439 connectenda
1252 2402 1341 2449 sint,

286 2461 467 2508 quoniam
487 2473 508 2498 a
527 2459 725 2511 Simplicio
746 2474 824 2498 uno
849 2468 984 2498 tenore
1002 2468 1216 2512 ponuntur.
1238 2459 1343 2498 Sexti

287 2519 400 2556 codd.
422 2521 556 2557 vitiose
577 2518 678 2570 μόνος
691 2520 728 2558 δέ
741 2535 775 2558 τι
802 2533 808 2564 4,
818 2522 868 2558 al.
899 2519 935 2557 δέ
955 2535 1020 2568 τοι,
1039 2520 1145 2569 cujus
1163 2521 1253 2557 loeo
1268 2522 1344 2558 Fa-

286 2580 432 2616 bricius
445 2579 552 2616 dedit
570 2579 607 2617 δέ
619 2580 674 2631 γε)
698 2579 806 2630 θυμὸς
827 2580 929 2618 ὁδοῖο.

341 2639 388 2677 V.
413 2637 478 2687 59.
500 2639 611 2676 Hunc
642 2652 793 2678 versum
823 2638 978 2676 exhibet
1003 2640 1232 2677 Plutarchus
1252 2640 1340 2680 adv.

290 2697 414 2735 Colot.
435 2709 477 2746 p.
511 2702 627 2743 1114,
645 2699 680 2734 D
711 2697 804 2748 (vol.
831 2698 926 2747 Xp.
962 2697 1037 2742 584
1063 2697 1230 2748 Reisk.)‚
1254 2699 1345 2735 item

291 2755 472 2794 Eusebius
510 2757 631 2805 Praep.
668 2757 736 2794 Ev.
773 2755 790 2794 l
827 2769 868 2806 p.
902 2756 968 2804 23,
996 2757 1044 2803 C;
1083 2757 1347 2795 Theodoretus

291 2816 456 2864 Therap.
491 2813 613 2853 Serm.
651 2817 701 2853 IV
719 2829 761 2865 p.
797 2815 844 2863 57
879 2815 1004 2865 Sylb.;
1038 2817 1274 2867 Philoponus
1299 2818 1348 2855 ad

292 2874 453 2911 Aristot.
473 2874 585 2922 Phys.
604 2875 645 2912 B.
667 2886 757 2924 pag.
780 2887 824 2924 93
846 2873 1064 2925 Simplicius
1095 2876 1142 2913 de
1159 2877 1250 2916 Coel.
1272 2878 1345 2915 111.

293 2933 322 2972 f.
352 2932 441 2978 138,
463 2944 506 2983 a;
531 2933 641 2982 Phys.
659 2933 687 2970 f.
710 2933 778 2983 26,
805 2946 842 2980 a,
871 2942 907 2971 et
935 2934 1083 2971 initium
1101 2948 1230 2972 versus
1250 2936 1347 2975 ibid.

294 2992 322 3030 f.
347 3005 409 3042 19,
431 3004 468 3030 a.

347 3053 393 3089 V.
415 3050 476 3088 60.
495 3051 698 3101 Attingunt
710 3052 813 3089 hunc
822 3064 973 3089 versum
986 3052 1207 3092 Ammonius
1214 3056 1346 3095 Herm.

297 3105 388 3159 Περὶ
419 3106 605 3157 ἑρμηνείας
626 3111 674 3148 D.
690 3109 719 3149 f.
743 3123 763 3157 7
795 3110 857 3150 ed.
877 3111 981 3157 Ald.;
1001 3112 1236 3161 Philoponus
1254 3114 1277 3150 l.
1295 3127 1348 3160 c.;

299 3167 458 3204 Procius
484 3168 525 3203 in
551 3168 719 3205 Platonis
737 3169 999 3207 Parmenidem
1026 3171 1070 3209 T.
1092 3171 1144 3208 lv
1158 3183 1199 3220 p.
1223 3177 1272 3210 62
1290 3173 1350 3211 ed.

300 3226 454 3264 Cousin.
484 3226 556 3262 Pro
577 3218 677 3263 οὖλον
708 3228 886 3264 nonnulli
912 3229 1044 3279 legunt
1074 3230 1212 3278 μοῦνον,
1232 3241 1352 3279 porro

300 3286 450 3323 variant
463 3283 553 3322 libri
566 3286 605 3321 in
621 3298 717 3323 voce
734 3284 931 3334 ἀτέλεστον,
950 3300 1024 3337 pro
1038 3300 1114 3337 qua
1135 3289 1198 3325 alii
1210 3289 1355 3327 habent

303 3342 501 3394 ἀτέλευτον,
522 3344 586 3380 alii
615 3342 795 3395 ἀγένητον.
810 3346 1000 3384 Prellerns
1025 3348 1065 3383 in
1094 3348 1238 3386 Histor.
1256 3349 1352 3397 phil.

303 3403 540 3449 Graecorum,
558 3416 601 3454 p.
621 3417 672 3453 92
700 3404 864 3453 conjecit
879 3404 1074 3443 ἀτάλαντον
1087 3406 1250 3443 laudatis
1267 3420 1356 3444 ver-

1209 247 1527 288 PARMENlDlS

1403 338 1438 369 ut
1458 343 1590 368 moveas
1609 343 1714 367 coecos
1728 334 1838 368 oculos
1854 336 1886 368 et
1902 335 2036 369 obtusas
2054 344 2150 368 aures

1400 396 1434 428 et
1451 395 1611 436 linguam
1627 393 1682 427 sed
1697 395 1820 428 ratione
1832 394 1940 436 iudica
1961 395 2133 436 litigiosam
2148 396 2461 437 argumentationem

1401 465 1418 488 a
1436 464 1488 489 me
1504 454 1712 498 propositam.
1733 457 1804 489 Una
1820 457 1931 489 autem
1946 457 2234 498 argumentationis
2255 458 2307 491 via

1403 515 1610 556 relinquitur,
1629 517 1665 548 ut
1685 515 1729 548 sit
1746 524 1823 556 ens;
1842 515 1873 548 in
1891 524 1956 557 qua
1968 515 2087 549 indicis
2100 518 2178 550 sunt

1402 574 1521 616 multa,
1539 574 1716 615 ingenitum
1734 574 1814 607 illud
1830 583 1897 608 esse
1914 575 1948 608 et
1966 575 2167 617 immortale,

1401 636 1526 675 totum,
1546 634 1787 677 unigenumque
1803 636 1836 669 et
1854 635 2020 669 immobile
2035 638 2068 669 et
2084 645 2244 679 perenne;

1402 703 1465 727 non
1484 694 1545 727 fuit
1570 694 1648 727 olim
1665 703 1771 736 neque
1795 694 1874 736 erit,
1890 695 2044 737 quoniam
2061 705 2150 729 nunc
2164 699 2216 729 est
2231 697 2328 731 simul
2343 705 2463 739 omne,

1402 747 1504 787 111111111
1522 754 1724 787 continuum.
1741 756 1846 793 Quem
1859 749 1950 787 enim
1966 756 2076 788 ortum
2091 754 2163 797 ejus
2178 758 2330 798 quoeres?

1401 813 1486 846 unde
1499 814 1608 855 etqua
1622 813 1743 847 ratione
1755 814 1911 847 anctum?
1926 822 1967 847 ex
1981 823 2045 847 non
2061 815 2136 848 ente
2150 823 2212 848 nec
2223 814 2331 849 dicere

1400 875 1433 908 te
1448 875 1553 908 sinam
1564 899 1574 916 ‚
1587 883 1646 908 nec
1660 875 1799 916 cogitare
1818 884 1916 909 :nam
1933 884 1995 909 nec
2010 875 2073 909 dici
2096 884 2156 909 nee
2177 877 2311 918 cogitari
2336 877 2464 920 potest,

1400 945 1463 968 11011
1479 945 1550 969 esse
1565 945 1633 969 ens.
1653 938 1735 976 Quae
1752 938 1861 970 autem
1878 936 2055 970 necessitas
2071 936 2150 970 illud
2167 939 2342 972 excitasset

1402 1151 1470 1188 sed
1494 1152 1564 1189 hae
1588 1151 1807 1200 conjectura
1841 1165 1921 1188 non
1960 1160 2016 1189 est
2048 1165 2159 1202 opuS.
2180 1154 2306 1190 Docet
2336 1159 2466 1190 autem

1403 1219 1582 1248 accurata
1609 1211 1722 1260 hujus
1760 1213 1940 1249 carminis
1974 1213 2243 1262 pervestigatio
2275 1211 2464 1252 ἀτέλεστον

1403 1271 1618 1308 Parmenidi
1645 1283 1724 1309 esse
1748 1284 1916 1322 perenne
1946 1272 2007 1309 vel
2038 1280 2082 1309 ut
2107 1273 2308 1310 Bessarion
2326 1274 2464 1319 vertit,

1401 1333 1484 1366 sine
1492 1331 1573 1377 fine
1586 1343 1765 1380 perenne.
1783 1333 1919 1381 Neque
1937 1333 2038 1368 enim
2055 1344 2121 1368 ens
2134 1332 2224 1369 licet
2235 1332 2462 1382 ingenitum,

1402 1390 1633 1437 immortale,
1656 1398 1779 1428 totum
1808 1399 1924 1440 atque
1946 1391 2143 1428 immobile
2171 1392 2232 1438 sit,
2263 1393 2467 1429 tamenin·

1401 1447 1551 1486 finitum
1569 1458 1643 1495 est,
1665 1451 1854 1500 siquidem
1879 1451 2112 1488 necessitatis
2134 1449 2276 1488 finibus
2302 1451 2466 1488 circum-

1401 1509 1585 1559 scriptum
1627 1509 1784 1559 ejusque
1820 1511 1983 1547 vinculis
2014 1510 2264 1547 constrictum
2295 1517 2464 1550 tenetur.

1402 1568 1498 1605 Vide
1514 1581 1598 1617 quae
1613 1568 1779 1606 diximus
1792 1569 1840 1605 ad
1855 1581 2007 1606 versum
2027 1568 2093 1606 88.
2396 1577 2401 1581 ”

1457 1629 1501 1665 V.
1530 1627 1596 1667 61.
1632 1626 1671 1665 οὔ
1696 1626 1777 1666 ποτ’
1799 1626 1975 1673 ἔην-νῧν
2005 1627 2092 1678 ἔστι)
2115 1625 2235 1666 οὔποτ’
2266 1627 2328 1675 ἔην
2362 1636 2469 1666 recte

1403 1686 1526 1724 edidit
1552 1688 1776 1726 Karstenius
1799 1701 1871 1737 pro
1891 1689 2047 1738 vulgato
2068 1685 2148 1725 οὐδέ
2181 1685 2259 1725 ποτ’
2278 1681 2336 1735 ἦν,
2357 1688 2466 1738 quod

1402 1745 1542 1795 legitur
1560 1746 1664 1796 apud
1681 1745 1937 1796 Simplicium.
1960 1747 2155 1783 Memoriae
2174 1747 2284 1797 lapsu
2298 1749 2466 1785 Ammo-

1402 1807 1488 1842 nius
1503 1806 1633 1846 Herm.
1647 1804 1735 1858 Περὶ
1753 1807 1940 1858 ἑρμηνείας
1953 1808 2001 1843 D.
2016 1806 2044 1845 f.
2061 1819 2080 1854 7
2095 1819 2241 1844 versum
2256 1808 2310 1845 sic
2323 1808 2444 1844 immu
2457 1829 2467 1836 ·

1405 1868 1521 1905 tavit:

1403 1948 1442 1986 οὗ
1457 1946 1524 2001 γὰρ
1544 1946 1605 1995 ἔην
1625 1946 1697 1986 οὐδ’
1715 1945 1815 1986 ἔσται
1833 1945 1945 2000 (φησὶ)
1959 1947 2047 1998 ὁμοῦ
2061 1952 2147 1994 πᾶν,
2163 1945 2241 1987 ἔστι
2261 1947 2297 1986 δὲ
2318 1951 2465 1999 μοῦνον.

1403 2035 1651 2072 Ammonium
1676 2033 1850 2082 sequitur
1883 2024 2122 2081 Pliiloponus
2138 2032 2186 2069 ad
2206 2033 2324 2072 Arist.
2347 2033 2461 2083 Phys.
2484 2073 2493 2085 N

1404 2096 1447 2134 B.
1478 2108 1521 2144 p.
1545 2106 1586 2142 9.
1620 2094 1758 2142 Tangit
1782 2098 1968 2141 praeterea
1994 2092 2075 2128 haec
2095 2092 2213 2128 verba
2238 2093 2396 2130 Proclus
2426 2093 2468 2129 in

1406 2153 1530 2192 Parm.
1546 2155 1657 2190 Tom.
1675 2154 1724 2189 IV
1737 2165 1780 2202 p.
1797 2152 1847 2189 62
1862 2153 1973 2190 Cous.
1990 2152 2034 2187 In
2052 2151 2225 2188 eamdem
2241 2153 2467 2189 sententiam

1405 2214 1514 2250 Plato
1531 2214 1631 2251 Tim.
1665 2222 1704 2262 p.
1733 2213 1796 2260 37,
1813 2213 1844 2248 E
1871 2224 1880 2248 z
1899 2209 1953 2249 Τό
1971 2225 2007 2247 τε
2028 2204 2070 2257 ἦν
2091 2209 2130 2248 τό
2148 2211 2181 2247 τ’
2202 2209 2319 2256 ἔσται,
2339 2209 2471 2263 χρόνου

1404 2272 1573 2324 γεγονότα
1588 2271 1679 2318 εἴδη,
1694 2269 1717 2308 ἃ
1733 2269 1775 2317 δὴ
1795 2270 1955 2324 φέροντες
1970 2267 2189 2320 λανθάνομεν
2210 2268 2268 2307 ἐπὶ
2280 2268 2345 2316 τὴν
2356 2265 2470 2308 ἀΐδιον

1405 2330 1527 2370 οὐσίαν
1543 2331 1607 2369 οὐκ
1627 2331 1747 2384 ὀρθῶς.
1769 2331 1931 2381 Λέγομεν
1951 2327 2020 2380 γὰρ
2047 2327 2090 2375 δὴ
2116 2331 2163 2373 ὡς
2185 2322 2228 2375 ἦν
2245 2326 2321 2368 ἔστι
2349 2342 2388 2366 τε
2406 2326 2469 2367 καὶ

1406 2388 1521 2442 ἔσται,
1534 2393 1577 2444 τῇ
1596 2390 1631 2428 δὲ
1652 2389 1691 2428 τὸ
1709 2389 1782 2428 ἔστι
1798 2389 1902 2439 μόνον
1923 2387 2015 2427 κατὰ
2028 2386 2088 2427 τὸν
2107 2388 2222 2435 ἀληθῆ
2241 2386 2344 2440 λόγον
2363 2401 2471 2441 προσ·

1406 2449 1498 2498 ἥκει,
1517 2449 1558 2488 τὸ
1581 2449 1617 2488 δὲ
1640 2443 1684 2497 ἧν
1704 2449 1744 2488 τό
1767 2448 1801 2488 τ’
1821 2448 1919 2487 ἔσται
1937 2447 2018 2500 περὶ
2043 2446 2108 2494 τὴν
2135 2448 2170 2485 ἐν
2199 2446 2318 2501 χρόνῳ
2334 2445 2471 2497 γένεσιν

1407 2511 1527 2548 ἰοῦσαν
1543 2508 1669 2561 πρέπει
1685 2508 1862 2561 λέγεσθαι.
1881 2509 1938 2548 Cf.
1955 2507 2126 2557 Simplic.
2148 2507 2199 2544 ad
2212 2508 2327 2546 Arist.
2345 2507 2462 2556 Phys.

1407 2571 1434 2607 f.
1463 2584 1477 2607 1
1489 2585 1524 2618 7,
1541 2583 1577 2616 a,
1598 2570 1834 2607 Parmenidis
1852 2569 1971 2606 verba
1997 2568 2156 2618 respicit
2173 2567 2347 2604 Plotinus
2367 2566 2466 2608 Eun,

1408 2631 1472 2679 Vl,
1490 2635 1528 2677 4,
1553 2638 1573 2674 4
1594 2643 1634 2680 p.
1658 2629 1750 2676 648,
1773 2632 1820 2668 Α.

1461 2692 1507 2728 V.
1530 2689 1596 2726 62.
1622 2690 1759 2726 Versus
1782 2688 1900 2726 62-66
1923 2685 1998 2724 τίνα
2015 2685 2083 2739 γὰρ
2103 2684 2392 2740 γέννην-φῗῖναι
2412 2696 2472 2720 re-

1408 2749 1506 2797 petit
1531 2746 1749 2798 Simplicius
1765 2747 1816 2784 ad
1840 2748 1952 2797 Phys.
1985 2747 2013 2785 f.
2034 2746 2098 2796 34,
2116 2746 2158 2784 b.
2186 2745 2311 2784 lidem
2340 2755 2472 2780 versus

1409 2821 1529 2858 usque
1544 2808 1593 2844 ad
1610 2807 1660 2844 65
1690 2809 1840 2850 initium
1860 2805 1953 2845 ἔστιν
1971 2804 2066 2849 ὅπως
2085 2807 2150 2843 οὐκ
2171 2803 2245 2842 ἔστι
2262 2804 2310 2841 ab
2336 2815 2383 2840 eo
2399 2814 2475 2852 po·

1410 2876 1554 2906 nuntur
1567 2869 1716 2907 Corum.
1730 2868 1779 2904 ad
1794 2868 1908 2906 Arist.
1922 2867 2017 2904 libb.
2036 2865 2084 2902 de
2101 2865 2195 2904 Coel.
2218 2876 2281 2913 ap.
2304 2863 2470 2911 Peyron.

1410 2942 1452 2978 p.
1478 2927 1528 2965 56
1549 2940 1650 2977 seq„
1679 2928 1770 2974 ubi,
1793 2925 2121 2976 quemadmodum
2148 2931 2186 2962 et
2209 2923 2318 2972 alibi,
2344 2919 2473 2972 γένναν

1410 2989 1591 3027 scribitur
1609 3000 1683 3037 pro
1699 2984 1823 3038 γέννην
1844 2994 1883 3023 et
1904 2998 2035 3023 versus
2051 2984 2100 3029 64
2125 2985 2165 3020 in
2187 2984 2289 3019 hunc
2310 2980 2474 3019 modum

1414 3048 1677 3097 corrumpitur
1695 3060 1704 3084 2
1723 3044 1856 3100 φάσθαι
1872 3043 1895 3083 ἃ
1915 3044 2012 3083 οὐδὲν
2028 3050 2133 3091 νοεῖν,
2158 3040 2256 3080 οὐδὲν
2272 3038 2340 3094 γὰρ
2363 3038 2479 3094 φατὸν

1412 3107 1491 3146 οὐδὲ
1511 3104 1648 3153 νοητόν.

1467 3171 1514 3208 V.
1534 3167 1600 3206 65.
1628 3165 1677 3206 Τί
1697 3164 1726 3204 δ’
1747 3163 1788 3204 ἄν
1820 3180 1878 3217 μιν
1903 3163 1964 3202 καὶ
1986 3161 2101 3216 χρέος)
2122 3165 2243 3201 Recte
2258 3160 2480 3210 Simplicius

1416 3229 1443 3269 f.
1460 3229 1526 3275 34,
1545 3229 1588 3278 b,
1605 3228 1745 3264 horum
1764 3234 1802 3263 et
1831 3227 2070 3274 sequentium
2094 3223 2306 3261 verborum
2324 3232 2475 3258 sensum

1414 3290 1466 3327 sic
1483 3289 1653 3326 declarat
1675 3301 1685 3325 :
1709 3285 1772 3333 τὴν
1789 3286 1820 3324 δ’
1845 3284 1962 3324 αἰτίαν
1982 3287 2042 3322 τοῦ
2063 3284 2132 3322 δεῖν
2162 3282 2303 3325 πάντως
2324 3279 2360 3324 ἐξ
2380 3277 2478 3320 ὄντος

1416 3346 1598 3400 γίγνεσθαι
1637 3344 1678 3385 τὸ
1711 3343 1915 3398 γιγνόμενον
1945 3345 2158 3392 θαυμαστῶς
2196 3343 2215 3380 ὁ
2248 3336 2480 3392 Παρμενίδης

1417 3407 1652 3460 προσέθηκεν·
1669 3403 1759 3449 ὅλως
1774 3403 1843 3457 γάρ
1860 3418 1983 3458 φησιν·
2004 3403 2033 3441 εἷ
2049 3404 2089 3441 ἐκ
2101 3404 2164 3440 τοῦ
2185 3399 2234 3451 μὴ
2246 3399 2359 3445 ὄντος,
2375 3396 2428 3441 τίς
2446 3399 2472 3443 ἡ

304 3462 405 3499 sibus
430 3463 691 3512 Empedocleis
713 3463 763 3500 30
785 3470 822 3501 et
844 3464 890 3501 51
914 3464 978 3503 ed.
1002 3463 1130 3502 Sturz.
1155 3460 1219 3517 [cf.
1242 3467 1354 3515 Emp.
1419 3465 1668 3520 ἀποκλήρωσις
1687 3467 1747 3504 τοῦ
1771 3462 1849 3503 τότε
1870 3462 2032 3515 γενέσθαι
2059 3461 2116 3501 ὅτε
2142 3458 2295 3514 ἐγένετο,
2316 3455 2408 3496 ἀλλὰ
2425 3455 2477 3506 μὴ

305 3535 342 3559 v.
369 3521 418 3559 80
445 3521 508 3560 ed.
522 3521 665 3573 nostr.]
683 3530 721 3560 et
739 3524 838 3561 iuter
854 3524 1121 3561 Parmenideos
1136 3524 1188 3573 93
1206 3532 1243 3562 et
1267 3526 1355 3572 105,
1419 3524 1587 3578 πρότερον
1608 3523 1812 3578 ἢῧστερον;
