2612 3814
349 375 471 427 (Stob.
494 374 596 413 Flor.
619 373 683 422 lV,
707 373 771 412 53.
803 372 885 413 Ecl.
906 372 984 412 eth.
1003 371 1057 420 ll,
1076 385 1101 422 9
1119 384 1161 423 p.
1194 370 1268 415 406

299 435 429 484 Beer.)

300 492 377 532 Ἀπ’
394 486 441 531 ὧν
474 496 543 542 ,μῖν
557 490 693 542 τάγαθὰ
708 489 841 542 γίνεται
855 518 865 538 ,
887 488 956 528 ἀπὸ
975 490 1043 527 τῶν
1061 487 1192 528 αὗτέων
1209 488 1269 525 καὶ

297 552 340 592 τὰ
357 550 450 590 κακὰ
471 549 784 602 ἐπαυρισκοίμεθα·
801 551 871 588 τῶν
893 547 930 587 δὲ
946 550 1064 588 κακῶν
1086 547 1180 590 ἐκτὸς
1198 545 1271 590 εἴη·

299 626 376 661 μεν.
400 608 536 648 Αὐτίκα
549 607 642 661 ὕδωρ
662 606 750 661 βαθὺ
772 609 819 652 εἷς
834 607 948 647 πολλὰ
966 607 1142 660 χρήσιμον
1163 606 1224 644 καὶ
1241 605 1271 643 δ’

299 662 382 708 αῧτε
406 666 527 706 κακόν·
555 667 711 711 κίνδυνος
741 665 809 719 γὰρ
830 668 1079 718 ἀποπνιγῆναι,
1111 663 1270 717 Μηχανὴ

296 720 343 766 ὦν
361 726 481 778 εὑρέθη
498 725 666 778 νήχεσθαι
686 725 876 765 διδάσκειν.

353 785 474 836 (Stob.
497 785 577 825 Ecl.
596 785 676 825 eth.
694 784 747 833 11,
770 798 794 835 9
811 799 850 836 p.
871 785 946 830 406
966 783 1090 833 Heer.)

298 846 344 886 Οἱ
367 844 436 884 θεοὶ
463 849 552 884 τοῖσι
588 843 799 897 ἀνθρώποισι
826 844 958 881 διδοῦσι
986 841 1124 893 τάγαθὰ
1154 840 1271 879 πάντα

299 903 359 943 καὶ
378 903 490 942 πάλαι
510 903 570 943 καὶ
588 906 661 951 νῦν,
675 902 766 950 πλὴν
786 901 898 941 ὁπόσα
919 900 1012 940 κακὰ
1034 901 1094 940 καὶ
1114 898 1271 952 βλαὸερὰ

299 963 358 1017 καὶ
376 962 569 1017 ἀνωφελέα.
591 962 687 1002 Τάδε
707 962 737 1000 δ’
754 961 792 1000 οὗ
806 960 935 1008 πάλαι,
950 959 1028 998 οὔτε
1047 963 1106 998 νῦν
1124 958 1194 997 θεοὶ
1215 959 1270 996 ἀν-

299 1021 467 1074 θρώποισι
487 1020 674 1075 δωρέονται
688 1051 698 1071 ,
721 1021 799 1059 ἀλλ’
826 1019 923 1058 αὐτοὶ
943 1019 1094 1057 τοῖσδεσι
1117 1017 1272 1068 ἐμπελά-

299 1083 394 1126 ζουσι
413 1079 471 1120 διὰ
489 1080 567 1119 νόου
586 1079 786 1133 τυφλότητα
802 1078 863 1117 καὶ
883 1076 1149 1130 ἀγνωμοσύνην.

340 1136 467 1188 (Stob.
485 1138 563 1178 Ecl.
581 1139 658 1179 eth.
677 1139 723 1184 II,
749 1152 790 1188 9.
807 1152 845 1189 p.
862 1138 965 1188 408.)

236 507 282 534 1².

221 858 267 885 1³.

689 1243 699 1258 x
769 1245 780 1259 Ι
864 1236 869 1243 .

609 1254 703 1306 Περι
734 1261 874 1303 τυχής.

225 1367 270 1393 11.

304 1412 487 1460 ἀδουλίης·
511 1412 594 1466 βαιὰ
614 1412 680 1465 γὰρ
700 1411 847 1465 φρονήσι
865 1408 955 1463 τύχη
981 1409 1162 1462 μάχεται,
1177 1408 1221 1446 τὰ
1239 1407 1275 1446 δὲ

301 1474 450 1512 πλεῖστα
472 1475 506 1512 ἐν
533 1473 599 1527 βίῳ
627 1472 724 1526 ψυχὴ
747 1470 920 1516 εὖξύνετος
948 1469 1157 1523 ὀξυδερκέειν
1178 1484 1276 1507 κατι·

302 1533 409 1571 θύνει.

359 1590 480 1643 (Stob.
501 1590 583 1629 Ecl.
605 1589 758 1640 eth.11‚
782 1591 804 1628 8
824 1603 864 1640 p.
886 1588 992 1640 344.)

304 1649 405 1703 Τύχη
427 1650 691 1702 μεγαλόδωρος,
710 1650 790 1688 ἀλλ’
807 1647 990 1696 ἀὸέὸαιος,
1022 1647 1120 1700 φύσις
1147 1646 1183 1685 δὲ
1211 1645 1278 1685 αὗ-

303 1708 447 1763 τάρκης·
461 1708 581 1762 διόπερ
594 1714 674 1762 νικᾷ
687 1710 738 1762 τῷ
754 1706 877 1756 ἥσσονι
892 1707 952 1746 καὶ
971 1706 1104 1760 βεὸαίῳ
1117 1705 1156 1744 τὸ
1174 1704 1277 1758 μέζον

305 1770 367 1815 τῆς
386 1768 535 1811 ἐλπίδος.

357 1826 478 1881 (Stoh.
499 1826 580 1866 Ecl.
599 1826 676 1866 eth.
697 1825 747 1872 11,
777 1839 801 1876 9
823 1839 859 1877 p.
880 1825 984 1875 410.)

305 1884 509 1936 Ἀνοήμονες
550 1887 762 1939 ρυσμοῦνται
794 1889 884 1923 τοῖσι
930 1885 990 1930 τῆς
1030 1885 1146 1936 ψυχῆς
1196 1881 1279 1934 κέρ-

307 1946 403 1984 δεσι·
431 1945 463 1983 οἱ
491 1943 526 1983 δὲ
555 1947 623 1982 τῶν
655 1944 796 1983 τοιῶνδε
825 1942 997 1993 δαήμονες
1021 1943 1111 1981 τοῖσι
1133 1944 1194 1989 τῆς
1222 1956 1280 1979 σο-

305 2003 399 2058 φίης.

363 2063 485 2116 (Stob.
505 2063 611 2103 Flor.
634 2062 700 2109 IV,
725 2062 804 2114 73.)

227 1665 274 1691 15.

269 2285 319 2315 12.
342 2284 369 2315 A
392 2281 510 2323 quibus
533 2280 619 2313 bona
637 2279 730 2313 nobis
758 2279 968 2321 proveniunt,
986 2278 1027 2311 ab
1051 2278 1166 2311 iisdem
1196 2279 1280 2311 mala

225 2348 354 2382 quoque
369 2339 596 2372 nanciscimur.
614 2340 641 2371 Α
656 2337 747 2371 malis
766 2338 876 2370 autem
891 2337 983 2369 liberi
1006 2345 1077 2369 esse
1097 2345 1278 2377 possumus.

225 2399 278 2432 Sic
294 2406 378 2440 aqua
406 2396 563 2439 profunda
582 2397 720 2429 multum
737 2395 867 2437 quidem
886 2394 1032 2436 prodest,
1048 2403 1161 2427 verum
1188 2396 1281 2426 nocet

225 2458 324 2490 etiam
337 2481 347 2497 ,
360 2456 491 2498 quando
505 2455 684 2497 periculum
699 2455 764 2494 est,
781 2463 821 2487 ne
836 2453 870 2486 in
887 2453 981 2486 undis
1001 2461 1181 2495 pereamus.
1197 2454 1282 2491 Qua-

228 2517 357 2556 propter
373 2514 504 2546 natandi
522 2513 688 2554 disciplina
705 2512 883 2546 remedium
903 2513 952 2545 est
969 2512 1151 2545 inventum.

271 2578 320 2606 13.
344 2573 395 2605 Dii
410 2572 595 2605 homini-bus
612 2571 696 2604 bona
713 2571 820 2604 omnia
837 2571 870 2603 et
884 2570 960 2603 olim
974 2572 1007 2603 et
1023 2579 1108 2602 nunc
1126 2569 1282 2611 praebent,

228 2640 294 2664 non
318 2633 426 2664 tamen
453 2640 491 2663 ea
510 2639 584 2672 quae
604 2631 689 2662 mala
719 2631 752 2663 et
777 2629 874 2662 noxia
893 2632 926 2662 et
945 2628 1071 2661 inutilia
1098 2630 1185 2660 sunt.
1203 2630 1283 2660 Haec

226 2691 337 2723 autem
363 2689 408 2722 dii
429 2697 534 2730 neque
552 2689 628 2721 olim
653 2696 757 2729 neque
780 2696 866 2719 nunc
887 2686 1073 2719 hominibus
1093 2687 1282 2727 largiuntur,

226 2748 282 2782 sed
299 2748 359 2790 ipsi
382 2747 415 2781 in
431 2757 469 2782 ea
489 2747 531 2781 ob
553 2748 670 2781 mentis
691 2748 867 2780 caecitatem
891 2751 923 2779 et
941 2746 1152 2788 ignorantiam
1175 2745 1282 2778 incur·

228 2808 317 2841 runt.

613 2886 672 2927 De
704 2883 902 2927 fortuna.

272 2981 321 3012 14.
344 2979 495 3012 Fortunae
517 2978 724 3011 simulacrum
754 2979 899 3011 homines
935 2979 1128 3019 praetextum
1161 2978 1283 3016 impru-

226 3037 345 3072 dentioe
363 3046 432 3071 suae
451 3038 634 3079 tinxerunt3
654 3047 728 3071 nam
754 3047 866 3078 parum
884 3037 1000 3070 resistit
1023 3036 1200 3078 prudentiae
1218 3035 1282 3067 sor·

229 3100 306 3130 tuna
322 3105 359 3130 ac
376 3098 526 3139 pleraque
546 3106 638 3131 mens
658 3097 825 3139 perspicax
843 3098 874 3129 in
895 3096 962 3129 vita
979 3095 1179 3128 moderatur.

275 3151 322 3189 15.
346 3157 462 3197 Magna
481 3156 609 3198 quidem
625 3157 757 3197 largitur
773 3156 919 3196 roi-tuna,
936 3155 993 3188 sed
1012 3154 1195 3187 inconstans
1214 3154 1284 3192 esu

228 3217 265 3247 at
305 3213 467 3256 ingenium
504 3215 572 3248 suis
604 3215 724 3248 vii-ibus
757 3215 874 3256 pollet,
900 3214 1037 3255 ideoque
1067 3213 1120 3247 ubi
1163 3213 1285 3244 minora

229 3272 374 3314 quidem,
390 3273 446 3306 sed
463 3275 551 3306 certa
566 3274 626 3306 sibi
647 3275 794 3315 paravit,
810 3274 932 3315 majora
948 3281 1073 3315 sperare
1090 3271 1221 3303 omittit.

275 3333 324 3362 16.
349 3329 445 3362 Stulti
469 3330 659 3364 erudiuntur
681 3330 826 3371 astutiis,
853 3330 967 3362 harum
990 3330 1097 3361 autem
1120 3328 1208 3368 gnari
1234 3336 1285 3359 sa-

232 3387 361 3429 pientiae
381 3387 482 3420 bonis.

279 3449 327 3480 17.
350 3448 475 3488 Magnae
499 3448 683 3490 voluptates
710 3457 729 3482 e
757 3447 982 3491 praeclarorum
1005 3446 1183 3479 facinorum
1209 3453 1288 3477 con-

233 3506 439 3548 templatione
456 3507 616 3539 oriuntur.

1128 279 1466 322 FRAGMENTA.

300 1351 494 1406 Ἄνθρωποι
506 1352 614 1406 τύχης
624 1352 765 1391 εἴδωλον
784 1350 983 1390 ἔπλάσαντο
997 1348 1171 1402 πρόφασιν
1188 1347 1276 1396 ἰδίης
1328 1382 1330 1384 .

234 2184 1334 2204 ffl—

2312 278 2380 316 341

1334 381 1379 408 17.
1413 367 1458 406 Αἵ
1480 364 1632 419 μεγάλαι
1651 363 1788 418 τέρψιες
1808 362 1876 402 ἀπὸ
1896 366 1956 402 τοῦ
1982 365 2124 401 θεᾶσθαι
2141 362 2184 402 τὰ
2207 361 2298 399 καλὰ
2319 361 2387 397 τῶν

1413 425 1523 479 ἔργων
1543 425 1712 474 γίνονται.

1467 484 1595 536 (Stob.
1617 484 1722 523 Flor.
1745 482 1819 531 111,
1840 483 1920 534 57.)

1335 560 1381 587 18.
1412 543 1556 584 Εἴδωλα
1591 541 1779 591 αἷσθητικὰ
1810 541 1871 580 καὶ
1905 541 2029 591 κόσμῳ
2071 539 2266 592 διαπρεπέα
2305 539 2390 592 πρὸς

1411 602 1574 654 θεωρίην,
1597 601 1688 641 ἀλλὰ
1705 601 1851 652 καρδίης
1870 600 1986 640 κενεά.

1468 661 1588 713 (Stob.
1612 661 1717 702 Flor.
1740 660 1803 709 lV,
1827 661 1904 712 71.)

1397 767 1500 830 Περὶ
1523 766 1684 830 μετρίης
1703 765 1865 828 τέρψιος
1883 766 1955 810 καὶ
1975 765 2062 822 βίου
2085 765 2325 827 ξυμμέτρου.

1371 912 1381 924 .
1412 882 1562 922 Ἤδοναὶ
1583 881 1720 933 ἄκαιροι
1737 881 1893 919 τίκτουσι
1913 879 2051 927 ἀηδίας.

1469 942 1662 991 (Democr.
1681 941 1801 979 Orell.
1822 953 1884 978 nr.
1906 939 1984 990 36.)

1372 1030 1382 1040 .
1411 999 1641 1053 Ἀνθρώποισι
1662 999 1730 1051 γὰρ
1759 998 1904 1048 εὐθυμίη
1924 997 2057 1050 γίνεται
2087 995 2286 1049 μετριότητι
2311 996 2395 1047 τέρ-

1413 1061 1491 1112 ψιος
1529 1058 1589 1098 καὶ
1627 1059 1703 1112 βίου
1739 1056 1956 1110 ξυμμετρίῃ,
1990 1058 2033 1095 τὰ
2067 1055 2103 1094 δὲ
2136 1056 2302 1094 λείποντα
2335 1056 2396 1093 καὶ

1414 1117 1682 1170 ὖπερὸάλλοντοι
1708 1116 1940 1167 μεταπίπτειν
1961 1132 1998 1154 τε
2025 1115 2135 1167 φιλέει
2155 1114 2215 1154 καὶ
2241 1115 2397 1166 μεγάλας

1416 1177 1576 1224 κινήσιας
1609 1176 1784 1227 ἐμποιέειν
1816 1179 1859 1227 τῇ
1889 1178 1998 1229 ψυχῇ.
2028 1177 2074 1215 Αἱ
2106 1175 2198 1214 δ’ἐκ
2234 1174 2397 1224 μεγάλων

1416 1235 1668 1285 διαστημάτων
1688 1233 1887 1284 κινεόμεναι
1907 1237 1974 1272 τῶν
2003 1233 2144 1287 ψυχέων
2165 1232 2245 1272 οὔτε
2271 1234 2396 1271 513⁶-oe-

1418 1293 1492 1338 θέες
1516 1293 1607 1342 εἶσί,
1630 1293 1709 1333 οὔτε
1736 1293 1891 1345 εὔθυμοι.
1917 1293 2003 1333 Ἐπὶ
2028 1296 2119 1332 τοῖσι
2143 1295 2320 1331 δυνατοῖσι
2348 1284 2397 1329 ὧν

1418 1351 1487 1391 δέει
1507 1352 1599 1405 ἔχειν
1624 1351 1686 1400 τὴν
1712 1351 1871 1404 γνώμην,
1895 1352 1956 1391 καὶ
1981 1358 2073 1391 τοῖσι
2093 1354 2262 1404 παρεοῦσι
2280 1351 2399 1403 ἀρκέε-

1420 1415 1522 1460 σθαι,
1563 1415 1632 1451 τῶν
1666 1411 1728 1463 μὲν
1766 1411 1988 1464 ζηλουμένων
2025 1411 2085 1449 καὶ
2115 1410 2397 1461 θωυμαζομένων

1419 1470 1540 1522 ὀλίγην
1566 1471 1709 1522 μνήμην
1734 1471 1880 1524 ἔχοντα,
1898 1472 1958 1509 καὶ
1978 1474 2020 1522 τῇ
2050 1471 2182 1524 διανοίῃ
2202 1469 2252 1520 μὴ
2272 1484 2399 1522 προσε-

1419 1529 1584 1583 δρεύοντα
1596 1561 1607 1582 ,
1623 1533 1691 1568 τῶν
1714 1529 1750 1569 δὲ
1766 1530 2082 1584 ταλαιπωρεόντων
2100 1528 2178 1573 τοὺς
2200 1527 2293 1581 βίους
2313 1530 2399 1566 θεω-

1421 1591 1525 1644 ρέειν,
1544 1590 1760 1642 ἐννοεύμενον
1781 1589 1826 1628 τὰ
1846 1589 2023 1643 πάσχουσι
2039 1590 2170 1642 κάρτα,
2189 1587 2278 1632 ὅκως
2293 1587 2334 1626 ἂν
2355 1585 2400 1624 τὰ

1420 1649 1596 1702 παρεόντα
1617 1666 1672 1689 σοι
1702 1649 1762 1689 καὶ
1790 1650 1995 1704 ὑπάρχοντα
2017 1650 2154 1702 μεγάλα
2175 1648 2236 1688 καὶ
2256 1646 2399 1695 ζηλωτὰ

1423 1708 1590 1761 φαίνηται
1617 1709 1677 1747 καὶ
1704 1707 1834 1759 μηκέτι
1865 1707 2033 1747 πλειόνων
2063 1707 2287 1759 ἐπιθυμέοντι
2307 1706 2398 1758 ξυμ-

1423 1766 1528 1819 ὅαίνῃ
1561 1767 1794 1806 κακοπαθέειν
1825 1770 1866 1819 τῇ
1895 1768 2007 1821 ψυχῇ.
2034 1766 2080 1806 ‘O
2114 1765 2182 1819 γὰρ
2210 1765 2398 1816 θαυμάζων

1423 1823 1501 1869 τοὺς
1521 1825 1666 1878 ἔχοντας
1694 1825 1755 1864 καὶ
1787 1824 2087 1879 μακαριζομένους
2108 1824 2176 1864 ὑπὸ
2195 1826 2264 1863 τῶν
2283 1824 2399 1863 ἄλλων

1424 1885 1632 1937 ἀνθρώπων,
1647 1888 1706 1923 καὶ
1719 1887 1763 1937 τῇ
1775 1884 1897 1936 μνήμῃ
1911 1890 2029 1922 πᾶσαν
2040 1884 2132 1936 ὥρην
2145 1883 2398 1936 προσεδρεύων,

1425 1942 1493 1981 αἰεὶ
1508 1943 1799 1997 ἕπικαινουργέειν
1812 1943 2045 1994 ἀναγκάζεται
2059 1943 2118 1980 καὶ
2133 1941 2399 1989 ἕπιὸάλλεσθαι,

1425 2003 1467 2040 δι’
1493 2002 1678 2054 ἐπιθυμίην
1711 2005 1772 2041 τοῦ
1797 2018 1831 2041 τι
1859 2001 2028 2054 πρήσσειν
2052 2001 2240 2050 ἀνήκεστον
2262 2000 2280 2040 ὃ
2299 2000 2400 2051 νόμοι

1424 2062 1611 2101 κωλύουσι.
1634 2061 1765 2115 Διόπερ
1782 2061 1827 2101 τὰ
1849 2061 1912 2113 μὲν
1933 2061 1983 2113 μὴ
2011 2062 2169 2108 δίζησθαι
2192 2059 2322 2114 χρεών,
2343 2059 2399 2099 ἐπὶ

1387 2284 1435 2313 18.
1458 2280 1636 2313 Simulacra
1660 2289 1734 2322 quae
1750 2280 1852 2313 oculis
1869 2280 2046 2319 cet-nimus,
2064 2279 2145 2312 belle
2163 2281 2274 2311 ornata
2292 2278 2331 2311 ad
2351 2278 2401 2311 sui

1341 2339 1470 2380 quidem
1486 2339 1704 2381 spectaculum
1723 2339 1889 2380 alliciunt,
1906 2338 1967 2374 sed
1981 2339 2077 2376 corde
2090 2342 2211 2371 carent.

1400 2441 1460 2482 De
1484 2437 1663 2482 modica
1686 2438 1915 2497 voluptate
1938 2441 1982 2482 et
2009 2438 2098 2480 vita
2120 2436 2348 2493 aequabili.

1389 2560 1436 2590 19.
1456 2557 1695 2602 intempestivae
1713 2556 1896 2597 voluptates
1917 2555 2085 2588 molestias
2109 2555 2250 2596 pariunt.

1385 2621 1437 2648 20.
1463 2616 1659 2648 Hominibus
1678 2616 1764 2649 enim
1780 2615 1879 2648 animi
1899 2615 2111 2656 tranquillitas
2127 2615 2228 2647 oritur
2243 2622 2261 2646 e
2278 2613 2403 2647 modica

1343 2675 1508 2716 voluptate
1527 2677 1624 2715 atque
1641 2684 1659 2707 e
1677 2675 1743 2707 vita
1758 2674 1927 2716 aequabili;
1946 2674 2052 2707 omnis
2069 2675 2180 2706 autem
2204 2675 2271 2706 tam
2297 2674 2403 2714 inopia

1343 2743 1441 2776 quam
1460 2734 1655 2766 abnndantia
1678 2735 1710 2767 in
1732 2733 1872 2766 deterius
1891 2733 2007 2766 mutari
2024 2741 2226 2774 magnosque
2242 2732 2275 2765 in
2292 2733 2400 2765 animo

1344 2792 1450 2822 motus
1468 2791 1629 2823 concitare
1644 2789 1736 2822 solet.
1755 2793 1795 2823 At
1812 2789 1910 2822 animi
1926 2789 1981 2830 qui
1996 2790 2088 2831 quasi
2108 2789 2182 2821 sede
2204 2797 2262 2821 sua
2279 2787 2405 2829 expulsi

1345 2848 1467 2890 maguis
1481 2848 1656 2881 intervallis
1670 2849 1754 2881 ultro
1768 2848 1914 2890 citroque
1931 2851 2116 2888 moventur,
2137 2857 2197 2880 nec
2223 2848 2405 2880 constantes

1344 2911 1438 2951 sunt,
1460 2919 1565 2951 neque
1585 2910 1761 2952 tranquilli.
1780 2911 1889 2949 Quare
1908 2909 1949 2942 ad
1968 2918 2006 2942 ea
2022 2918 2095 2951 quae
2113 2909 2178 2941 ficri
2202 2909 2336 2950 possunt
2354 2908 2403 2939 in-

1345 2971 1431 3004 tendi
1448 2972 1592 3004 animum
1604 2980 1641 3004 ac
1657 2971 1868 3014 praesentibus
1881 2971 2069 3004 contentum
2092 2979 2160 3003 esse
2175 2970 2279 3010 decet,
2291 2977 2405 3001 eorum

1344 3034 1400 3076 qui
1421 3034 1528 3067 felices
1548 3033 1736 3075 judicantur
1763 3037 1796 3067 et
1813 3034 1846 3066 in
1865 3033 2077 3066 admiratione
2097 3033 2191 3072 sunt,
2221 3040 2287 3064 non
2312 3031 2407 3063 valde

1346 3102 1522 3126 memorem
1542 3102 1647 3147 neque
1662 3102 1716 3126 eos
1732 3097 1900 3126 curantem
1913 3117 1922 3133 ‚
1936 3093 1993 3126 sed
2010 3092 2178 3125 hominum
2201 3099 2405 3124 aerumnoso-

1347 3164 1418 3187 rum
1439 3155 1519 3188 vitas
1546 3155 1665 3188 intueri
1693 3155 1867 3195 convenit,
1897 3157 2098 3196 reputantem
2117 3152 2245 3194 quantis
2273 3151 2407 3184 miseriis

1347 3213 1583 3254 conflictentur,
1595 3216 1632 3247 ut
1644 3216 1700 3248 tua
1715 3224 1764 3247 res
1779 3217 1898 3256 tuaque
1914 3213 2043 3246 fortuna
2061 3221 2176 3254 magna
2193 3213 2251 3245 tibi
2267 3213 2300 3245 et
2315 3212 2406 3244 lauta

1347 3272 1505 3313 videatur,
1529 3281 1610 3306 neve
1638 3273 1772 3314 posthac
1802 3272 1895 3315 plura
1920 3273 2062 3314 cupienti
2090 3271 2214 3304 accidat
2237 3273 2272 3302 ut
2299 3270 2407 3301 animo

1347 3331 1551 3364 excrucieris.
1583 3333 1663 3364 Nam
1681 3331 1737 3373 qui
1756 3331 1892 3373 suspicit
1908 3340 1965 3364 eos
1986 3331 2043 3372 qui
2062 3339 2140 3371 opes
2163 3329 2280 3361 liabent
2298 3329 2329 3360 et
2349 3327 2404 3367 qui

1349 3389 1434 3422 beati
1449 3389 1676 3423 existimantur
1696 3390 1738 3422 ab
1759 3389 1831 3423 aliis
1857 3389 2053 3429 hominibus,
2071 3389 2164 3429 eique
2189 3385 2403 3420 recordationi

1348 3447 1479 3489 singulis
1510 3448 1597 3481 horis
1622 3449 1825 3490 immoratur,
1856 3457 1983 3489 semper
2009 3447 2082 3480 novi
2103 3445 2222 3486 aliquid
2252 3443 2355 3476 moliri
2374 3445 2408 3475 et

1349 3506 1476 3546 aggredi
1504 3507 1629 3545 cogitur
1661 3507 1791 3538 creater
1810 3506 2017 3547 cupiditatem
2048 3502 2193 3545 patrandi
2211 3501 2329 3543 aliquid
2348 3510 2406 3533 ne-
