2612 3814
1088 263 1154 302 DE
1182 261 1503 302 EMPEDOCLE.
2324 281 2377 307 xv

211 356 402 395 unitatem
419 358 457 394 et
470 353 782 404 multitudinem,
799 354 971 404 quietem
989 358 1028 393 et
1047 357 1198 392 motum
1213 352 1264 393 ad

210 421 386 460 diversos
408 424 629 471 temporum
644 419 816 458 ambitus
833 430 1055 470 revocasse,
1075 419 1263 469 quoniam

210 486 253 524 in
284 484 434 535 sphaera
465 483 626 534 quidem
657 494 794 522 eorum
821 494 908 533 quae
937 487 1032 522 sunt
1064 484 1195 522 unitas
1225 485 1264 520 et

209 551 322 601 quies
336 579 346 597 ‚
367 551 410 588 in
430 560 501 588 suo
522 554 654 588 autem
676 551 868 599 cujusque
894 550 1019 588 aetatis
1042 559 1172 588 rerum
1190 559 1263 587 na-

209 618 307 653 turae
321 624 484 664 corpore
505 610 677 667 (κόσμῳ)
699 614 983 653 elementorum
1003 614 1203 653 distractio
1225 616 1264 651 et

207 680 467 729 sempiternus
501 681 747 734 nascentium
769 691 815 719 ac
848 682 1098 730 pereuntium
1132 683 1263 717 motus

207 744 365 783 inesset.
399 742 501 783 Hinc
532 748 643 794 patet
659 774 670 794 ,
691 745 917 795 Empedocli
939 747 972 784 sl
994 748 1173 784 constare
1191 743 1262 782 sibi

206 808 328 847 vellet
345 808 440 847 nihil
460 811 634 859 potuisse
649 820 738 849 cum
758 810 1100 860 Pythagoreorum
1115 808 1262 848 familia

205 884 288 913 esse
304 884 526 913 commune.
542 875 596 914 At
610 875 675 914 ille
689 877 859 926 pristinae
875 875 1092 925 disciplinae
1107 885 1256 913 memor

204 949 294 989 quae
321 939 557 992 Pythagorei
584 941 634 980 de
652 941 784 980 divina
803 946 943 980 natura
963 952 1009 980 ac
1038 940 1088 980 de
1107 941 1260 979 animo-

206 1015 293 1044 rum
307 1007 539 1056 migratione
553 1011 813 1057 praeceperant
830 1017 923 1045 vera
935 1017 1017 1045 esse
1030 1005 1259 1052 arbitratus,

205 1069 542 1118 quemadmodum
559 1069 654 1109 olim
667 1070 718 1109 ab
739 1070 800 1110 his
815 1071 856 1109 in
876 1082 969 1109 vero
989 1069 1262 1120 investigando

206 1132 258 1171 ad
288 1132 364 1172 alia
384 1144 508 1184 eaque
536 1135 702 1173 certiora
721 1134 988 1186 profluxerat,
1024 1135 1079 1173 sic
1101 1133 1260 1173 decreta

205 1196 286 1236 haec
298 1201 488 1248 tanquam
508 1199 749 1238 extrinsecus
762 1200 884 1249 petita
895 1209 1024 1249 neque
1040 1199 1080 1237 in
1093 1198 1261 1237 eundem

204 1271 293 1299 cum
321 1260 481 1311 reliquis
503 1263 831 1313 praeceptionibus
850 1262 955 1302 velut
979 1273 1122 1314 gyrum
1151 1273 1261 1301 com-

203 1324 386 1374 pellenda
417 1327 460 1364 in
489 1328 677 1376 prooemio
701 1328 886 1366 carminis
906 1327 1015 1377 quod
1046 1326 1097 1365 de
1127 1338 1258 1365 rerum

203 1392 346 1428 natura
362 1391 646 1440 conscripserat
662 1391 886 1442 explicavit.
905 1392 1052 1430 Praeter
1065 1390 1149 1430 haec
1163 1390 1259 1429 nihil

203 1454 371 1503 reperias
386 1454 492 1504 quod
509 1454 764 1505 Empedocles
777 1455 1035 1506 Pythagoreis
1054 1460 1260 1506 acceptum

203 1516 382 1556 retulisse
408 1518 600 1558 videatur.
619 1519 775 1559 Etenim
798 1531 1054 1559 numerorum
1072 1520 1260 1559 doctrina:

202 1580 355 1622 nullum
387 1584 426 1622 iu
461 1586 546 1634 ejus
575 1584 806 1636 fragmentis
834 1587 1044 1637 vestigium
1079 1586 1258 1625 relictum

202 1650 285 1699 est,
305 1650 379 1687 nisi
399 1649 502 1688 forte
521 1651 560 1688 in
583 1651 714 1690 verbis
753 1649 959 1704 τρισμυρίας
984 1648 1078 1704 ὥρας
1098 1652 1146 1691 de
1172 1654 1260 1703 qui-

203 1712 276 1752 bus
309 1713 411 1753 infra
442 1726 620 1766 agemus.
653 1716 700 1755 In
728 1717 774 1755 iis
800 1727 892 1756 vero
921 1717 971 1756 de
998 1715 1142 1768 quibus
1164 1718 1261 1769 quid

201 1780 400 1818 censuerit
443 1779 724 1831 Agrigentinus
758 1785 869 1821 vates
903 1793 1044 1832 parum
1083 1786 1257 1829 constat,

201 1845 545 1884 commemoranda
564 1850 622 1885 est
642 1847 865 1886 necessitas.
889 1847 1010 1898 Apud
1030 1846 1256 1887 Ciceronem

201 1909 364 1959 quidem
399 1910 448 1950 de
468 1911 567 1950 Fato
596 1923 682 1962 cap.
718 1918 765 1952 17
797 1912 962 1963 legimus
981 1912 1256 1964 Empedoclem

200 1975 386 2013 statuisse
419 1977 552 2014 omnia
580 1977 634 2014 ita
661 1976 744 2016 fato
769 1976 876 2024 fieri,
897 1981 942 2017 ut
971 1977 1012 2016 id
1031 1977 1158 2016 fatum
1181 1979 1258 2016 vim

201 2040 441 2080 necessitatis
459 2040 636 2087 afferren
653 2041 721 2080 sed
741 2043 809 2081 vix
829 2044 1050 2093 putaverim
1066 2042 1145 2082 tale
1164 2044 1258 2093 quid

202 2114 370 2154 usquam
385 2116 409 2144 a
427 2110 541 2156 poeta
556 2107 697 2146 diserte
713 2107 862 2147 dictum
882 2118 978 2147 esse.
1003 2107 1180 2147 Stobaeus
1200 2106 1253 2160 (ι)

201 2167 345 2218 aliique
367 2174 544 2209 veterum
566 2169 631 2217 τὴν
653 2169 775 2209 οὐσίαν
801 2173 864 2218 τῆς
883 2170 1039 2223 ἀνάγκης
1059 2174 1100 2211 in
1119 2172 1259 2223 Empe-

199 2233 336 2273 doclea
349 2235 592 2286 philosophia
608 2247 690 2275 esse
705 2236 911 2286 perhibent
926 2235 1042 2275 αἰτίαν
1058 2236 1258 2290 χρηστικὴν

201 2298 270 2335 τῶν
285 2297 404 2350 ἀρχῶν
418 2298 478 2336 καὶ
493 2301 562 2337 τῶν
580 2298 778 2352 στοιχείων,
795 2302 819 2339 i.
840 2312 874 2340 e.
895 2313 1052 2340 causam
1076 2314 1165 2352 quae
1185 2305 1259 2353 pri·

200 2364 276 2402 mis
307 2368 461 2403 naturae
487 2364 635 2403 viribus
655 2369 694 2404 et
725 2365 926 2404 elementis
946 2371 1081 2405 utatur
1108 2369 1191 2406 sive
1213 2379 1257 2406 ea

206 2427 410 2476 gubernet.
442 2428 518 2467 Sed
544 2429 647 2468 hanc
666 2429 933 2469 definitionem
953 2442 1072 2481 quam
1093 2443 1114 2470 e
1131 2432 1258 2471 verbis

206 2492 299 2528 ἐστιν
332 2491 490 2543 ἀνάγκης
518 2495 641 2545 χρῆμα
672 2494 777 2544 apud
809 2493 1009 2533 Plutarch.
1040 2495 1090 2535 de
1131 2496 1255 2536 Exsil.

199 2568 238 2607 p.
277 2563 352 2596 607
384 2558 608 2597 conclusam
643 2570 727 2598 esse
762 2560 961 2599 contendit
984 2561 1254 2601 Panzerbiete-

200 2634 266 2662 rus
291 2622 344 2676 (2)
367 2626 495 2674 potius
524 2636 546 2663 e
571 2626 750 2665 versibus
770 2626 820 2666 ab
839 2626 1051 2667 Aristotele
1077 2629 1252 2679 Metaph.

198 2689 252 2736 II,
276 2694 298 2729 4
317 2688 399 2727 ἀλλ’
409 2688 465 2728 ὅτε
482 2688 525 2736 δὴ
546 2689 638 2741 μέγα
648 2695 768 2735 -νεῑκος
782 2706 818 2729 κ.
840 2707 873 2731 τ.
892 2693 927 2730 λ.
946 2696 1110 2732 servatis
1130 2699 1256 2734 ortam

197 2766 283 2795 esse
298 2767 396 2795 reor.
416 2756 652 2795 Plutarchus
669 2754 721 2810 (3)
741 2758 1010 2797 necessitatem
1024 2788 1035 2806 ,
1054 2770 1174 2809 quam
1192 2760 1257 2800 alii

198 2819 273 2859 sati
300 2823 459 2860 nomine
478 2821 684 2869 afficiunt,
712 2822 940 2872 Empedocli
963 2824 1018 2862 ait
1044 2825 1255 2864 amicitiam

198 2886 315 2925 simul
329 2891 368 2925 et
384 2886 592 2926 dissidium
601 2898 698 2926 esse.
715 2887 818 2938 Ergo
835 2888 1096 2938 inconjuncta
1113 2890 1257 2928 utrius-

197 2961 275 3001 que
308 2953 461 2991 actione
498 2954 770 2992 necessitatem
815 2954 942 2992 inesse
970 2954 1070 2993 vult.
1103 2954 1259 3005 Simpli-

197 3018 281 3056 cius
303 3018 344 3056 in
364 3018 487 3069 Phys.
512 3018 587 3066 ΙΙΙ,
625 3017 656 3058 f.
683 3024 756 3058 107
789 3018 822 3057 Α
859 3023 963 3058 extr.
986 3021 1257 3060 necessitatem

197 3092 276 3120 una
295 3093 383 3120 cum
414 3084 587 3122 amicitia
611 3087 651 3122 et
669 3083 865 3122 discordia
887 3095 1023 3123 causas
1043 3084 1255 3124 efficientes

243 3197 272 3239 l)
295 3197 385 3231 stob.
409 3198 478 3231 Ecl.
500 3201 526 3239 1,
545 3204 562 3232 5
577 3209 608 3242 p.
639 3203 697 3232 160
716 3200 766 3234 ed.
789 3202 884 3234 Heer.
910 3201 1074 3234 Plutarch.
1102 3201 1142 3233 ‹le
1165 3201 1250 3234 l‘lac.

198 3245 275 3287 phil.
298 3248 323 3285 l,
341 3250 393 3279 26.
412 3247 524 3280 Galen.
543 3248 628 3280 nist.
647 3248 725 3290 plnil.
745 3258 774 3281 c.
798 3250 840 3282 X.
863 3249 954 3282 Alter
971 3249 1092 3283 Stobaei
1116 3250 1206 3281 locus
1225 3251 1253 3289 1,

197 3295 216 3326 3
236 3302 268 3335 p.
292 3297 332 3326 60
351 3293 546 3335 depravatus
563 3295 625 3328 est.

242 3341 272 3381 2)
295 3341 518 3376 Panzerbieter
534 3342 565 3374 in
590 3343 784 3384 Beier-moen
810 3353 876 3378 zur
892 3344 1013 3378 Kritzlc
1026 3338 1102 3378 z'md
1119 3342 1254 3377 Erkloe·

188 3385 290 3429 ’ωηο
305 3387 364 3421 des
381 3390 602 3430 Empedocles
619 3391 805 3433 (Meiningae
827 3394 903 3424 1844
915 3392 938 3432 ).

240 3435 272 3476 3)
298 3436 489 3470 Plutarchus
510 3438 550 3470 de
567 3439 674 3472 Anim.
694 3442 851 3480 procreat.
879 3450 910 3481 p.
930 3444 1008 3472 1026
1035 3440 1057 3471 B
1076 3448 1083 3467 =
1101 3438 1253 3480 ἀνάγκην,

197 3483 236 3521 ἢν
257 3485 446 3527 εἱμαρμένην
472 3487 503 3519 οῖ
522 3487 631 3520 πολλοὶ
658 3487 824 3527 καλοῦσιν,
854 3487 1069 3528 Ἐμπεδοκλῆς
1093 3488 1125 3519 δὲ
1149 3487 1254 3528 φιλίαν

196 3533 278 3574 ὁμοῦ
298 3532 352 3564 καὶ
365 3535 478 3571 νεῖκος.
509 3535 706 3577 Pliiloponus
724 3535 755 3568 in
781 3535 916 3569 Aristot.
940 3536 1034 3576 Phys.
1059 3538 1099 3576 ll,
1124 3540 1142 3567 6
1162 3544 1192 3576 p.
1216 3539 1252 3566 10

1324 354 1524 399 nominat;
1543 352 1648 392 idem
1667 357 1802 392 tamen
1821 355 1862 392 in
1879 354 2002 405 Phys.
2024 355 2044 393 Ι
2066 355 2096 394 f.
2117 363 2166 395 43
2186 356 2221 395 Α
2239 357 2373 409 Empe·

1324 417 1475 456 doclem
1494 421 1662 457 testatur
1683 420 1865 458 amicitiae
1887 424 1926 458 et
1942 419 2147 460 discordiae
2166 424 2268 461 vires
2285 434 2381 462 con·

1324 483 1467 521 trarias
1489 484 1661 533 coegisse
1694 483 1741 526 εἷς
1767 480 1905 532 μονάδα
1927 481 1991 530 τὴν
2023 485 2086 530 τ’ἧς
2114 484 2289 535 ἀνάγκης·
2319 486 2381 525 καὶ

1325 544 1414 594 αὕτη
1434 545 1519 596 μὲν,
1541 547 1673 597 addit,
1690 547 1738 590 ὡς
1760 545 1818 594 ἕν,
1835 545 1875 585 τὸ
1895 545 1930 586 δὲ
1952 549 2064 591 νεῖκος
2090 547 2151 586 καὶ
2171 551 2193 595 ἡ
2215 549 2314 601 φιλία
2333 553 2382 595 ὥς

1328 609 1404 651 δύο.
1436 611 1585 651 Verum
1614 623 1751 651 omnes
1770 612 1842 651 has
1862 612 2061 652 finitiones
2081 613 2132 652 ab
2152 615 2382 665 interpreti-

1326 676 1399 715 bus
1415 705 1425 723 ‚
1446 687 1532 729 non,
1543 677 1593 716 ab
1614 679 1699 727 ipso
1715 678 1952 729 Empedocle
1971 678 2167 729 profectas
2186 690 2271 718 esse
2292 682 2382 730 Jure

1325 741 1498 781 affirmat
1524 743 1757 783 Karstenius
1776 755 1816 794 p.
1849 749 1946 795 362,
1965 755 2083 794 quem
2102 746 2233 783 tamen
2264 747 2381 784 mira-

1324 819 1414 846 mur
1433 819 1522 858 quae
1539 810 1735 848 nescimus
1751 820 1824 849 sno
1844 810 1971 849 Marte
1991 809 2190 849 addidisse
2210 814 2249 848 et
2266 822 2381 850 exor-

1322 884 1447 913 nasse.
1467 874 1567 913 Nam
1582 886 1623 925 p.
1644 881 1712 914 361
1731 887 1742 914 2
1763 888 1783 912 a
1796 876 1869 915 Illa
1885 873 2124 927 (necessitas)
2141 880 2215 923 est,
2234 877 2380 927 inquit,

1323 948 1411 987 quae
1425 939 1607 978 amicitiae
1621 943 1660 978 et
1669 939 1871 978 discordiae
1885 940 1991 978 vices
2003 941 2123 990 regit,
2140 951 2228 989 quae
2243 940 2381 979 mundi

1323 1003 1500 1042 ordinem
1519 1007 1558 1043 et
1586 1005 1845 1043 mutationem
1859 1032 1871 1052 ,
1892 1015 1980 1054 quae
2003 1014 2133 1043 rerum
2154 1004 2381 1044 mortalium

1322 1067 1607 1109 vicissitudines
1625 1074 1732 1109 certa
1748 1069 1834 1120 lege
1847 1069 2096 1117 moderatur3
2114 1082 2134 1106 n
2157 1073 2196 1108 et
2215 1080 2255 1119 p.
2275 1075 2349 1108 362
2369 1081 2379 1107 z

1325 1146 1345 1169 (ι
1365 1133 1636 1184 Empedocles,
1659 1135 1802 1183 inquit,
1821 1133 1943 1172 satum
1966 1132 2082 1183 quale
2098 1133 2165 1182 sit,
2186 1143 2264 1171 non
2283 1132 2378 1171 deti-

1323 1199 1468 1237 nivisse
1498 1199 1672 1246 videtur;
1709 1197 1903 1237 intellexit
1928 1208 2023 1236 vero
2046 1197 2144 1236 nihil
2172 1198 2280 1237 aliud
2305 1199 2381 1238 nisi

1323 1272 1519 1315 naturam,
1541 1265 1660 1320 φύσιν,
1683 1271 1728 1306 ut
1740 1266 1853 1306 Plato
1873 1265 2059 1316 appellat,
2083 1267 2110 1305 i.
2131 1277 2166 1305 e.
2189 1270 2270 1305 tam
2290 1277 2381 1317 pro-

1322 1334 1447 1382 priam
1481 1334 1673 1383 cujusque
1704 1331 1994 1371 elementorum
2025 1334 2211 1369 naturam
2261 1342 2381 1381 quam

1321 1400 1504 1436 mutuam
1531 1398 1636 1436 inter
1667 1397 1753 1446 ipsa
1779 1395 2113 1435 necessitudinem
2129 1425 2140 1447 ,
2167 1395 2311 1445 quibus
2342 1401 2382 1435 et

1321 1462 1566 1512 singulorum
1595 1464 1765 1511 potestas
1794 1464 1833 1500 et
1869 1461 2050 1499 omnium
2084 1461 2188 1499 inter
2219 1460 2381 1502 seordo

1320 1528 1520 1576 totiusque
1542 1525 1685 1565 mundi
1708 1524 1917 1564 harmonia
1941 1528 2134 1563 servetur.
2167 1523 2283 1563 Hanc
2309 1534 2381 1575 ap-

1320 1591 1480 1642 pellavit
1513 1592 1786 1630 necessitatem
1820 1588 1890 1643 (4),
1917 1594 2073 1629 secutus
2102 1593 2309 1640 poetarum
2342 1595 2382 1629 et

1320 1655 1641 1706 philosophorum
1661 1666 1812 1694 morem
1827 1684 1838 1706 ,
1853 1655 1922 1705 qui
1938 1655 2046 1693 illam
2066 1654 2270 1693 dominam
2288 1655 2378 1693 uni-

1321 1722 1426 1760 versi
1458 1719 1725 1771 praedicabant
1754 1730 1920 1770 eamque
1962 1720 2112 1769 poetice
2146 1718 2382 1758 informavit

1319 1788 1432 1837 quasi
1452 1786 1650 1826 vindicem
1667 1785 1824 1825 foederis
1845 1788 1985 1824 mutuo
2004 1785 2169 1823 deorum
2187 1783 2199 1834 (
2215 1785 2240 1824 i.
2257 1795 2292 1823 e.
2313 1795 2382 1823 na-

1319 1857 1418 1892 turae
1440 1853 1583 1889 virium
1600 1847 1611 1902 )
1643 1861 1836 1889 consensu
1866 1850 2090 1899 constituti,
2128 1859 2208 1898 quo
2240 1849 2379 1888 mundi

1322 1919 1425 1957 vices
1448 1926 1660 1966 rerumque
1681 1918 1765 1954 tam
1787 1915 2012 1954 divinarum
2041 1924 2163 1964 quam
2184 1913 2380 1953 humana·

1321 1995 1407 2023 rum
1424 1983 1518 2022 ordo
1537 1986 1728 2021 servetur.
1753 1993 1773 2018 »
1800 1980 1912 2019 Talia
1928 1980 2112 2019 facillime
2133 1991 2183 2018 ex
2211 1979 2380 2020 aliorum

1320 2053 1359 2087 et
1377 2052 1581 2098 poetarum
1595 2049 1635 2085 et
1652 2046 1903 2097 physicorum
1920 2045 2214 2095 comparatione
2229 2044 2379 2083 confin-

1321 2117 1481 2164 guntur.
1508 2113 1559 2151 At
1578 2116 1756 2150 nostrum
1776 2115 1833 2150 est
1851 2110 1983 2150 videre
2006 2110 2100 2160 quid
2120 2111 2288 2160 quisque
2309 2109 2379 2149 do·

1320 2180 1463 2225 cuerit,
1495 2189 1574 2217 non
1594 2189 1640 2216 ea
1675 2178 1941 2227 comminisci,
1973 2187 2062 2226 quae
2087 2176 2214 2214 aliena
2247 2176 2380 2225 potius

1320 2255 1437 2295 quam
1464 2242 1723 2293 Empedoclea
1743 2243 1969 2288 videantur,
1999 2241 2147 2280 nedum
2177 2240 2277 2279 falsa
2307 2251 2379 2290 pro

1319 2311 1422 2349 veris
1438 2309 1658 2349 venditare.
1681 2307 1727 2346 Id
1746 2311 1879 2346 autem
1896 2306 2038 2345 accidit
2057 2305 2264 2344 Karstenio
2281 2304 2375 2344 deos

1319 2387 1389 2426 pro
1405 2379 1557 2414 naturae
1570 2373 1718 2412 viribus
1734 2373 1941 2422 accipienti
1957 2382 2002 2410 ac
2018 2371 2222 2422 physicam
2239 2370 2379 2420 Empe·
2401 2361 2403 2363 ¹

1320 2440 1441 2479 doclis
1461 2441 1650 2479 rationem
1665 2449 1751 2477 cum
1772 2439 1820 2476 iis
1837 2449 1924 2487 quae
1940 2437 1988 2475 de
2005 2436 2121 2475 rebus
2141 2436 2284 2474 divinis
2299 2439 2378 2474 tra-

1319 2505 1438 2553 didit,
1461 2504 1733 2544 confundenti.
1754 2503 1859 2542 ldem
1877 2507 1960 2554 est,
1981 2514 2032 2541 ne
2052 2502 2101 2540 de
2118 2501 2203 2540 aliis
2222 2501 2376 2551 loquar,

1322 2570 1606 2609 Panzerbieteri
1637 2566 1696 2620 (5)
1739 2579 1860 2617 error,
1889 2569 1956 2617 qui
1988 2568 2152 2616 triginta
2185 2568 2377 2605 annorum

1321 2633 1444 2673 millia
1463 2632 1513 2671 ab
1533 2631 1771 2682 Empedocle
1797 2632 2006 2682 geniorum
2027 2630 2164 2668 exsilio
2182 2630 2377 2678 variisque

1318 2697 1546 2737 mortalium
1561 2725 1572 2744 ‚
1591 2706 1679 2746 quae
1697 2696 1867 2735 subeunt
1880 2725 1891 2743 ‚
1918 2705 2123 2745 corporum
2145 2694 2377 2732 mutationi-

1318 2764 1391 2802 bus
1405 2764 1620 2801 constituta
1638 2762 1689 2801 ad
1708 2761 1848 2801 mundi
1875 2760 2067 2800 fabricam
2088 2758 2290 2798 transtulit
2310 2759 2376 2797 iis·

1318 2839 1395 2878 que
1416 2839 1546 2867 rerum
1569 2828 1837 2867 universitatis
1858 2828 1963 2866 vices
1982 2837 2003 2865 e
2023 2826 2137 2864 certis
2156 2829 2377 2875 temporum

1317 2890 1533 2932 intervallis
1546 2903 1754 2943 suspensas
1776 2892 1971 2942 designari
1987 2890 2204 2930 contendit.
2227 2889 2376 2930 Verum

1318 2955 1417 2993 nihil
1438 2954 1666 3006 huJusmodi
1688 2955 1793 3006 apud
1817 2954 2095 3005 Empedoclem
2124 2954 2166 2991 in
2189 2953 2378 3002 prooemio

1318 3021 1518 3072 invenias,
1549 3021 1658 3072 quod
1680 3021 1823 3059 idcirco
1844 3020 1958 3059 nobis
1985 3019 2049 3058 hic
2080 3029 2262 3058 enarrare
2280 3030 2377 3069 pro-

1319 3086 1490 3134 positum
1505 3089 1578 3126 est.
1611 3085 1731 3136 Origo
1749 3086 1890 3124 erroris
1907 3095 1974 3135 per
1991 3083 2208 3122 multorum
2229 3084 2373 3134 scripta

1314 3201 1400 3234 idem
1423 3202 1501 3235 dicit
1518 3203 1574 3242 τήν
1592 3203 1691 3244 τύχην
1711 3203 1743 3234 et
1770 3202 1806 3234 τὸ
1835 3201 2025 3242 αὐτόματον.
2050 3201 2113 3234 'silv
2136 3200 2195 3242 γὰρ
2224 3199 2327 3241 φιλίαν
2354 3200 2371 3231 ὁ

1315 3248 1531 3291 Ἐμπεδοκλῆς
1551 3251 1604 3283 καὶ
1618 3251 1655 3283 τὸ
1669 3253 1769 3287 νεῖκος
1786 3252 1888 3281 ταῦτα
1907 3249 1987 3281 εἶναι
2005 3247 2098 3290 ᾤετο.

1357 3298 1390 3339 4)
1414 3298 1571 3331 Tlnemist.
1587 3298 1683 3339 Phys.
1698 3306 1786 3330 ausc.
1804 3299 1848 3337 11,
1862 3298 1882 3329 s.
1899 3300 1936 3330 27
1954 3297 1979 3328 B
1993 3308 1999 3327 z
2013 3295 2124 3332 πάντες
2137 3296 2250 3338 σχεδὸν
2265 3297 2293 3327 οἷ
2307 3297 2373 3337 περὶ

1315 3345 1435 3386 φύσεως
1458 3347 1667 3387 διαλεχθέντες
1692 3347 1736 3383 εἰς
1758 3346 1814 3384 ιτὴν
1843 3343 1980 3385 ἀνάγκην
2000 3343 2154 3383 ἀνάγουσι
2173 3342 2228 3378 τὰς
2255 3341 2369 3378 αἰτίας,

1314 3394 1402 3426 οὐδὲν
1431 3395 1505 3427 ἄλλο
1522 3396 1577 3433 τὴν
1604 3393 1744 3432 ἀνάγκην
1767 3395 1786 3433 ἢ
1815 3394 1872 3432 τήν
1891 3393 1968 3431 ὕλην
1992 3392 2069 3424 εἶναι
2092 3389 2284 3430 νομίζοντες.
2316 3389 2366 3422 Cf.

1317 3441 1487 3482 Philopon.
1507 3442 1605 3481 Phys.
1629 3444 1688 3483 ΙΙΙ,
1705 3442 1727 3474 i.
1743 3445 1761 3474 2
1781 3450 1849 3482 seq.

1358 3490 1389 3530 5)
1415 3488 1646 3521 Panzerbieter.
1663 3489 1683 3522 l.
1705 3497 1734 3521 c.
1755 3496 1826 3530 pag.
1851 3490 1864 3520 1
1891 3491 1923 3520 el
1940 3492 1991 3520 25.
