2612 3814
1086 314 1498 356 SIMILITUDINES.

331 401 342 452 (
356 400 533 439 Stobaeus
553 399 735 450 Florileg.
759 401 889 449 XVII,
926 416 972 439 12
997 401 1244 456 Πυθαγόρου.)

194 474 245 500 ⁶20.
277 459 416 512 Σαρκὸς
435 459 533 513 φωνὴ
555 458 604 510 μὴ
622 463 766 506 πεινῆν,
786 460 835 510 μὴ
855 461 977 514 διψῆν,
991 461 1041 511 μὴ
1063 465 1191 515 ῥιγοῦν.

331 519 536 569 (Stobaeus
566 518 702 558 Floril.
734 519 800 567 CI,
850 522 894 557 13
929 521 1160 573 Πυθαγόρου;
1195 522 1244 560 cs.

217 616 219 618 .
272 577 468 629 Porphyr.
488 576 613 629 Epist.
636 578 684 616 ad
704 578 879 619 Marcell.
902 593 988 632 cap.
1012 581 1106 631 30.)

190 649 239 676 2¹.
269 634 326 676 Τὰ
353 635 597 688 ἁμαρτήματά
621 653 683 676 σου
714 640 825 691 πειρῶ
856 637 905 690 μὴ
939 638 1054 689 λόγοις
1076 640 1246 679 ἐπικαλύ-

269 710 368 734 πτειν
382 725 392 743 ,
413 694 505 734 ἀλλὰ
522 696 725 747 θεραπεύειν
746 697 918 750 ἐλέγχοις.

327 755 500 807 (Anton.
522 755 670 796 Meliss.
687 770 770 808 cap.
792 758 883 809 16.)

2280 328 2351 362 501

1312 417 1362 442 28.
1394 403 1560 443 Χαλεπὸν
1582 401 1715 446 πολλὰς
1740 402 1836 446 ὁδοὺς
1857 403 1931 454 ἅμα
1952 408 2011 443 τοῦ
2038 405 2114 457 βίου
2135 408 2305 459 βαδίζειν.

1448 461 1647 512 (Stobaeus
1662 461 1765 499 Flor.
1781 461 1814 509 1,
1831 475 1877 510 ¹27
1900 464 2143 517 Πυθαγόρου.)

1310 535 1361 561 29.
1393 520 1542 570 Ἔλεγεν
1563 523 1581 559 ὁ
1605 520 1832 573 Πυθαγόρας·
1851 521 1921 573 χρὴ
1939 523 2074 575 σιγᾶν-ἢ
2103 526 2286 579 κρείσσονα
2307 544 2360 568 σι.

1388 584 1452 633 γῆς
1467 580 1592 631 λέγειν.

1445 640 1648 691 (Stobaeus
1670 640 1770 679 Flor.
1792 640 1962 690 XXXIV,
1988 644 2049 690 7.)

1308 713 1357 739 31»,
1368 701 1503 751 11⁹1)ch
1521 705 1589 736 πᾶν
1599 699 1707 741 πάθος
1721 700 1767 743 εἷς
1779 700 1956 752 σωτηρίαν
1968 704 2074 749 αὐτῆς
2081 705 2358 754 πολεμιώτατον.

1443 758 1647 809 (Stobaeus
1669 758 1772 796 Flor.
1793 758 1826 806 l,
1851 761 1900 797 28
1929 761 2172 814 Πυθαγόρου.)

192 826 238 852 22.
273 811 329 852 Τὰ
351 813 500 852 ἐπίπονα
521 817 589 853 τῶν
606 814 718 862 ἡδέων
737 816 871 867 μᾶλλον
898 819 985 867 ἡγοῦ
1003 817 1177 855 συντελεῖν
1195 818 1243 861 εἷς
1307 831 1354 856 31.
1387 810 1453 856 ’Ὧν
1475 820 1497 864 ἡ
1517 816 1608 869 τύχη
1628 816 1732 870 κυρία
1751 819 1870 857 δοῦναι
1885 819 1945 857 καὶ
1963 821 2167 870 ἀφελέσθαι,
2191 824 2229 861 οὔ
2251 824 2357 877 δεήσῃ

271 871 408 924 ἀρετήν.

325 932 525 983 (Stobacus
538 932 643 973 Flor.
662 933 701 980 l,
719 935 781 972 26.
798 932 809 986 )

186 1002 241 1029 23..
267 989 326 1029 Τὰ
348 989 410 1039 μὲν
427 990 552 1043 δριμέα
573 990 634 1030 καὶ
657 992 767 1045 πικρὰ
787 990 950 1045 ὠφέλιμα
965 1008 973 1018 ·
993 993 1037 1031 τὰ
1055 992 1090 1032 δὲ
1108 993 1240 1046 γλυκέα

266 1048 436 1101 βλαὸεροί.

322 1108 547 1161 (Antonius
568 1109 724 1150 Melissa
744 1123 830 1162 cap.
855 1111 942 1160 78.)

182 1178 231 1205 21.
265 1166 323 1206 Τὰ
343 1169 413 1205 τῶν
435 1167 544 1220 φίλων
565 1167 664 1207 κοινὰ
683 1170 743 1207 καὶ
763 1168 880 1218 φιλίαν
900 1169 1060 1218 ἰσότητα.

321 1226 485 1277 (Cicero
504 1227 552 1266 de
568 1227 666 1277 legg.
685 1227 786 1266 lib.1
806 1241 891 1279 cap.
918 1243 985 1276 123
1002 1230 1051 1267 cs.
1069 1229 1234 1269 Jambli-

263 1284 359 1324 chus
393 1286 441 1324 de
476 1287 557 1325 vita
590 1286 757 1337 Pythag.
797 1300 882 1339 cap.
917 1302 966 1338 29
1002 1303 1041 1340 p.
1074 1290 1149 1333 342
1173 1291 1235 1329 ed.

261 1343 498 1396 Kiessling.)

260 1400 535 1454 Ὑπομίμνησκε
558 1402 728 1452 σεαυτόν,
747 1402 800 1442 ὅτι
827 1403 954 1448 πάντες
975 1404 1151 1458 ἄνθρωποι
1172 1407 1234 1457 με’-

261 1477 381 1512 γιστον
402 1462 533 1514 ἀγαθὸν
555 1462 617 1510 τὴν
635 1462 802 1516 φρόνησιν
825 1456 912 1501 εἶναι
929 1462 1088 1514 λέγουσιν
1102 1480 1112 1490 ·
1126 1466 1236 1518 ὀλίγοι

261 1521 299 1558 δέ
318 1522 406 1559 εἰσιν
435 1520 467 1559 οἱ
491 1521 531 1560 τὸ
562 1521 725 1574 μέγιστον
756 1521 885 1573 ἀγαθὸν
906 1525 1007 1560 τοῦτο
1034 1523 1234 1571 κτήσασθαι

262 1579 520 1626 εὐτονήσαντες.

317 1638 515 1692 (Stobaeus
536 1639 641 1680 Flor.
661 1639 743 1691 111,
768 1641 818 1677 60
840 1640 1066 1693 Πυθαγόρου.
1085 1642 1098 1694 )

180 1710 227 1738 26.
261 1697 441 1738 Φευκτέον
461 1698 673 1745 παντάπασι,
687 1698 748 1738 καὶ
765 1698 953 1738 ἐκκοπτέον
973 1700 1152 1739 ἀσθένειαν
1171 1701 1234 1752 μὲν

260 1761 322 1796 τοῦ
341 1757 526 1810 σώματος,
547 1758 779 1798 ἀπαιδευσίαν
797 1758 833 1797 δὲ
853 1761 915 1806 τῆς
938 1761 1078 1812 ψυχῆς,
1101 1761 1232 1799 ἀκολα-

262 1817 341 1854 σίαν
359 1810 399 1855 δὲ
416 1820 476 1864 τ’ἥς
495 1817 665 1870 γαστρός,
686 1817 808 1856 στάσιν
832 1817 868 1857 δὲ
896 1820 958 1865 τῆς
989 1818 1147 1868 πόλεως,
1169 1819 1232 1867 τὴν

262 1875 297 1912 δὲ
314 1876 504 1928 διαφωνίαν
526 1876 596 1916 ἀπὸ
612 1879 675 1924 τῆς
696 1876 829 1925 οἰκίας,
851 1878 911 1916 καὶ
933 1881 1031 1931 κοινῇ
1050 1880 1120 1917 ἀπὸ
1137 1879 1228 1918 ποίν-

259 1949 328 1972 των
345 1933 385 1972 τὸ
399 1934 560 1986 ἀκρατές.

318 1994 390 2044 (D.
422 1994 685 2046 Hieronymus
705 1995 870 2047 Apolog.
901 1997 922 2034 3
945 1996 1032 2034 adv.
1065 1997 1196 2036 Rufin.
1218 1999 1229 2050 )

179 2065 226 2092 27.
260 2053 374 2106 Χαῖρε
406 2055 478 2096 τοῖς
510 2053 694 2105 ἐλέγχουσί
721 2069 760 2092 σε
795 2053 999 2104 μᾶλλον,ἢ
1028 2058 1100 2101 τοῖς
1121 2058 1230 2095 κολα-

261 2110 437 2151 κεύουσιν·
455 2115 500 2156 ὡς
518 2112 553 2151 δὲ
573 2113 706 2165 ἐχθρῶν
722 2112 880 2166 χείρονας
899 2114 1069 2168 ἐκτρέπου
1081 2115 1160 2159 τοὺς
1174 2132 1232 2155 κο-

259 2170 485 2215 λακεύοντας.

318 2231 331 2281 (
349 2231 492 2270 Anton.
514 2230 658 2268 Meliss.
677 2244 762 2282 cap.
788 2231 852 2269 52.
870 2233 883 2282 )

1387 876 1535 919 οὐδενός.

1443 935 1642 985 (Stobaeus
1657 936 1761 976 Flor.
1777 936 1822 983 V,
1842 951 1892 988 29
1913 937 2123 991 Πυθαγόρου
2138 940 2179 978 in
2197 942 2358 992 quibus-

1383 993 1473 1052 §am
1496 995 1698 1033 codicibus
1717 1005 1752 1034 et
1773 996 1875 1047 apud
1896 996 2111 1036 Gesner-um
2135 1012 2174 1050 p.
2192 1001 2275 1053 65.)

1305 1065 1352 1090 32.
1388 1053 1452 1091 Ὡν
1481 1056 1540 1091 τοῦ
1562 1053 1725 1104 σώματος
1746 1055 1961 1104 ἀπαλλαγεὶς
1982 1057 2020 1094 οὐ
2052 1057 2182 1108 δεήσῃ,
2215 1060 2355 1098 ἐκείνων

1386 1114 1599 1165 καταφρόνει
1619 1113 1779 1150 πάντων·
1808 1113 1868 1151 καὶ
1895 1108 1944 1152 ὧν
1981 1116 2197 1168 ἀπαλλαγεὶς
2220 1118 2328 1170 δεήσῃ
2344 1149 2353 1164 ,

1384 1171 1472 1221 πρὸς
1504 1171 1616 1209 ταῦτά
1639 1187 1692 1210 σοι
1714 1172 1921 1226 ἀσκουμένῳ
1943 1174 2018 1212 θεὸν
2039 1177 2240 1228 παρακάλει
2259 1178 2355 1229 γίνε-

1385 1233 1465 1268 σθαι
1486 1230 1729 1282 συλλήπτορα.

1436 1289 1648 1341 (Maximus
1665 1304 1749 1342 cap.
1781 1291 1843 1341 ι.)

1301 1359 1350 1385 33.
1384 1349 1431 1385 Αἱ
1452 1347 1586 1394 ἡλικίαι
1618 1349 1703 1401 πρὸς
1723 1349 1785 1393 τὰς
1814 1349 1907 1400 ὥρας
1939 1344 2007 1389 ὧδε
2026 1351 2240 1406 σύμμετροι·
2270 1360 2353 1400 παῖς

1382 1405 1464 1457 ἔαρ·
1484 1406 1662 1454 νεηνίσκος
1683 1408 1796 1460 θέρος·
1816 1408 1954 1457 νεηνίης
1973 1411 2210 1464 φθινόπωρον·
2241 1414 2352 1467 γέρων

1380 1465 1530 1517 χειμών.
1549 1465 1657 1505 Ἔστι
1679 1466 1714 1505 δὲ
1729 1469 1823 1520 αὐτῷ
1843 1469 1860 1506 ὁ
1875 1466 1938 1519 μὲν
1952 1469 2128 1517 νεηνίσκος
2146 1473 2325 1525 μειράκιον
2338 1504 2348 1522 ,

1380 1527 1397 1561 ὃ
1427 1523 1462 1562 δὲ
1483 1525 1619 1573 νεηνίης
1634 1525 1738 1578 ἀνήρ.

1436 1585 1653 1635 (Diogenes
1675 1586 1852 1624 Laertius
1872 1586 1943 1626 lib.
1963 1587 2070 1636 VIII,
2098 1603 2159 1629 10.
2179 1590 2189 1640 )

1300 1655 1349 1681 34.
1385 1645 1581 1695 Διαιρεῖται
1599 1644 1612 1696 <
1629 1648 1647 1683 ὁ
1667 1643 1897 1697 Πυθαγόρας)
1915 1645 1973 1684 τὸν
1989 1650 2050 1684 τοῦ
2071 1647 2254 1699 ἀνθρώπου
2276 1647 2349 1700 βίον

1377 1702 1502 1747 οὕτως·
1519 1706 1602 1748 παῖς
1623 1703 1732 1743 εἴκοσι
1749 1703 1827 1742 ἔτεα
1839 1734 1848 1752 ,
1865 1705 2045 1753 νεηνίσκος
2062 1705 2170 1745 εἴκοσι
2186 1737 2197 1758 ,
2213 1708 2351 1756 νεηνίης

1378 1761 1503 1809 εἴκοσι,
1525 1762 1636 1815 γέρων
1657 1762 1780 1804 εἴκοσι.

1431 1822 1441 1873 (
1461 1822 1654 1872 Diogenes
1671 1822 1848 1862 Laertius
1874 1823 1945 1861 lib.
1969 1824 2075 1872 VIII,
2105 1826 2187 1876 10.)

1296 1893 1347 1920 35.
1379 1879 1423 1920 ‘O
1451 1881 1514 1932 μὲν
1540 1881 1613 1926 θεὸς
1634 1876 1699 1930 εἷς,
1720 1882 1823 1927 αὐτὸς
1840 1883 1876 1922 δὲ
1897 1884 1986 1935 οὐχ,
2008 1882 2054 1928 ὥς
2076 1901 2165 1929 τινες
2181 1887 2348 1923 ὑπονοοῦ-

1377 1955 1451 1990 σιν,
1473 1940 1570 1985 ἐκτὸς
1589 1947 1651 1984 τᾶς
1674 1941 1951 1991 διακοσμήσιος,
1975 1943 2053 1982 ἀλλ’
2071 1945 2106 1981 ἐν
2135 1946 2249 1998 ἑαυτῷ
2272 1944 2349 1988 ὅλος

1376 2001 1410 2037 ἐν
1438 1997 1509 2052 ὅλῳ
1530 2003 1579 2052 τῷ
1599 1999 1717 2053 κύκλῳ
1747 2002 1950 2039 ἐπισκοπῶν
1969 2001 2088 2046 πάσας
2104 2002 2165 2046 τὰς
2186 2002 2347 2054 γενέσιοίς

1379 2059 1476 2107 ἐστι,
1507 2066 1631 2110 κρᾶσις
1652 2058 1716 2097 ἐὼν
1743 2062 1812 2098 τῶν
1843 2059 1933 2098 ὅλων
1951 2060 2087 2099 αἰώνων
2118 2060 2178 2099 καὶ
2198 2062 2347 2115 ἐργάτας

1377 2119 1447 2155 τῶν
1470 2119 1574 2156 αὐτοῦ
1601 2119 1779 2170 δυναμίων
1801 2119 1862 2158 καὶ
1884 2119 1993 2172 ἔργων
2007 2151 2018 2170 ,
2040 2120 2134 2173 ἀρχὴ
2157 2121 2322 2160 ἁπάντων
2336 2151 2346 2169 ,

1382 2175 1439 2227 ἕν,
1455 2176 1490 2214 ἓν
1521 2178 1656 2230 οὐρανῷ
1682 2177 1841 2231 φωστήρ,
1869 2178 1929 2217 καὶ
1950 2178 2090 2217 πάντων
2110 2179 2242 2233 πατήρ,
2271 2185 2347 2225 νοῧς

1381 2236 1441 2274 καὶ
1457 2235 1613 2288 ψύχωσις
1637 2238 1706 2274 τῶν
1726 2235 1835 2285 ὅλων,
1852 2237 1990 2276 κύκλων
2008 2237 2170 2276 ἁπάντων
2192 2238 2341 2282 κίνασις.

179 2320 2342 2340 —————-————-———————-——-—-——-——-—

220 2362 271 2390 20.
296 2360 423 2400 Corpus
437 2367 497 2391 nec
520 2359 637 2391 samem
650 2383 659 2399 ,
678 2368 738 2391 nec
755 2359 841 2392 sitim
852 2385 860 2400 ,
876 2369 935 2393 nec
949 2361 1048 2402 frigus
1061 2361 1229 2395 desiderat.

218 2420 267 2449 21.
295 2418 430 2450 Peccata
441 2419 498 2451 tua
514 2427 578 2450 non
594 2417 704 2451 verbis
717 2419 825 2459 tegere
835 2443 843 2459 ,
858 2419 914 2452 sed
929 2420 1230 2461 reprehensionibus

174 2485 288 2509 curare
301 2477 441 2510 coneris.

217 2540 269 2569 22.
293 2536 466 2570 Existimes
490 2545 551 2578 ea,
585 2546 661 2579 quae
690 2546 764 2570 cum
786 2537 896 2571 labore
927 2539 1099 2580 conjuncta
1133 2541 1227 2580 sunt,

175 2593 248 2634 plus
268 2594 308 2626 ad
324 2594 478 2627 virtutem
495 2595 661 2635 conferre,
683 2604 781 2636 quam
797 2595 851 2628 illa
873 2605 948 2637 quae
967 2597 1078 2629 suavia
1096 2599 1186 2630 sunt.

216 2656 268 2686 23.
296 2653 391 2686 Acria
406 2655 438 2686 et
453 2662 560 2685 amara
582 2656 741 2695 prosunt=
761 2654 868 2687 dulcia
889 2657 1020 2688 nocent.

220 2716 270 2747 24.
298 2714 487 2747 Amicorum
510 2714 618 2747 omnia
646 2715 832 2748 communia
852 2717 885 2748 et
900 2716 1076 2749 amicitiam
1101 2714 1230 2759 aequali-

174 2773 277 2806 tatem
297 2774 307 2813 (
325 2773 408 2806 dixit
433 2774 664 2816 Pythagoras).

217 2836 268 2864 25.
291 2833 496 2874 Memineris,
513 2842 626 2865 omnes
655 2833 786 2875 quidem
806 2833 952 2867 homines
969 2834 1123 2867 virtutem
1140 2844 1230 2868 sum-

174 2899 264 2923 mum
285 2890 405 2923 bonum
422 2892 554 2933 putare,
572 2892 628 2924 sed
642 2893 750 2924 tamen
769 2901 889 2934 paucos
904 2893 1058 2935 reperiri,
1071 2893 1126 2935 qui
1140 2903 1228 2926 sum-

176 2957 267 2981 mum
288 2950 366 2982 illud
392 2950 514 2983 bonum
540 2951 694 2992 consequi
714 2952 892 2993 potuerint.

216 3013 268 3042 26.
289 3009 454 3051 Fugienda
470 3011 545 3043 sunt
559 3011 712 3043 omnibus
725 3012 829 3044 modis
851 3013 884 3045 et
900 3012 1039 3045 tollenda
1061 3021 1079 3045 e
1096 3021 1230 3055 corpore

177 3067 323 3109 languor,
343 3068 506 3110 imperitia
532 3078 572 3102 ex
596 3070 723 3110 animo,
744 3070 990 3113 intemperantia
1007 3081 1024 3104 e
1045 3073 1181 3114 ventre,
1212 3082 1230 3106 e

173 3126 305 3160 civitate
321 3126 482 3168 seditio,e
501 3129 599 3161 domo
619 3129 794 3169 discordia,
815 3132 847 3163 et
868 3130 900 3163 in
919 3139 1092 3164 commune
1108 3140 1126 3165 e
1147 3141 1229 3165 cun-

178 3185 239 3218 ctis
261 3186 357 3219 rebus
379 3186 623 3222 incontinentia.

218 3247 270 3278 27.
292 3244 404 3278 Gaude
421 3246 526 3287 potius
551 3246 593 3280 iis
618 3247 674 3289 qui
696 3249 727 3281 le
748 3249 948 3291 corripiunt,
967 3243 1066 3291 quam
1090 3250 1145 3292 qui
1170 3250 1228 3283 tibi

176 3305 400 3346 assentantur;
417 3309 630 3339 assentatores
649 3315 744 3349 vero,
759 3310 870 3350 utpote
886 3309 1024 3341 inimicis
1040 3309 1228 3351 deteriores,

173 3371 334 3396 aversare.

223 3426 276 3454 28.
302 3421 439 3456 Difficile
457 3426 505 3456 est
523 3423 645 3457 multas
661 3425 758 3458 simul
778 3426 907 3459 vivendi
924 3427 990 3459 vias
1011 3427 1143 3469 ingredi.

218 3484 270 3514 29.
295 3481 497 3523 Pythagoras
512 3483 640 3516 dicebat
659 3497 667 3517 ε
687 3488 743 3518 aut
763 3488 890 3527 oportet
903 3486 1013 3527 silere,
1031 3489 1086 3519 aut
1103 3487 1229 3520 silentio

175 3541 306 3573 meliora
325 3541 480 3582 proferre.

1335 2367 1387 2396 30.
1414 2364 1556 2401 Quilibet
1590 2365 1688 2397 animi
1712 2366 1847 2399 affectus
1872 2366 1966 2399 saluti
1996 2367 2095 2408 ipsius
2117 2367 2342 2400 infestissimus

1290 2422 1350 2453 est.

1333 2484 1385 2513 31.
1411 2481 1504 2514 Nulla
1531 2490 1565 2514 re
1585 2481 1740 2523 indigebis
1766 2491 1863 2524 quam
1889 2482 1967 2516 dure
1991 2483 2042 2516 vel
2063 2484 2189 2516 auferre
2215 2484 2342 2516 fortuna

1292 2541 1407 2580 potest.

1332 2601 1383 2631 32.
1409 2597 1535 2636 Quibus
1561 2607 1694 2639 corpore
1715 2599 1840 2632 solutus
1856 2608 1919 2631 non
1938 2599 2117 2641 indigebis,
2149 2600 2204 2632 illa
2232 2601 2343 2633 omnia

1291 2659 1462 2689 contemne
1483 2667 1491 2689 :
1509 2657 1627 2698 quibus
1644 2667 1719 2690 vero
1737 2667 1869 2699 corpore
1889 2659 2016 2691 solutus
2032 2659 2206 2700 indigebis,
2224 2660 2264 2692 iis
2282 2660 2341 2693 tibi

1290 2716 1413 2748 vacanti
1433 2715 1531 2748 deum
1550 2716 1732 2756 adjutorem
1746 2716 1882 2749 advoca.

1332 2777 1382 2807 33.
1406 2776 1529 2807 AEtales
1542 2774 1612 2807 istac
1627 2775 1702 2808 anni
1719 2776 1918 2817 temporibus
1932 2777 2127 2818 respondent
2146 2786 2153 2806 :
2171 2777 2237 2810 veri
2251 2787 2342 2820 puer,

1290 2833 1393 2865 aestati
1429 2833 1636 2875 adolescens,
1667 2835 1844 2868 auctumno
1869 2835 1997 2876 juvenis
2031 2838 2064 2869 et
2097 2836 2195 2868 hiemi
2230 2846 2340 2870 senex.

1290 2891 1532 2926 Adolescentem
1548 2901 1626 2926 vero
1646 2892 1792 2935 intelligit
1807 2894 1977 2935 puberem,
1989 2895 2142 2935 juvenem
2158 2896 2277 2929 virum.

1335 2954 1386 2984 34.
1412 2953 1595 2984 Humanam
1625 2953 1754 2999 aetatem
1781 2954 1826 2986 ita
1859 2953 2027 2996 distinguit
2053 2955 2298 2996 (Pythagoras)
2327 2963 2339 2983 ε

1291 3021 1368 3052 puer
1399 3012 1513 3053 viginti
1539 3021 1642 3046 annos
1667 3013 1801 3055 implet,
1830 3013 2017 3046 adolescens
2039 3013 2171 3054 viginti,
2216 3014 2341 3055 juvenis

1291 3071 1421 3112 viginti,
1441 3080 1539 3105 senex
1565 3072 1692 3113 viginti.

1330 3132 1382 3163 35.
1406 3131 1496 3163 Deus
1513 3131 1645 3173 quidem
1663 3140 1746 3165 unus
1763 3133 1812 3165 est
1835 3146 1842 3165 ε
1865 3141 1929 3165 non
1945 3132 1999 3165 ille
2015 3133 2142 3173 autem,
2156 3133 2193 3165 ut
2208 3131 2340 3174 quidam

1290 3189 1507 3230 suspicantur,
1537 3193 1627 3222 extra
1651 3190 1740 3223 hunc
1767 3191 1881 3224 mundi
1910 3191 2080 3232 ornatum,
2099 3190 2154 3224 sed
2177 3191 2247 3232 ipse
2270 3199 2340 3223 suae

1294 3251 1418 3280 naturae
1446 3248 1607 3282 inhaerens
1635 3251 1724 3282 lotus
1743 3250 1775 3282 in
1804 3250 1875 3282 toto
1891 3249 2010 3282 circulo
2026 3249 2134 3282 omnia
2162 3258 2236 3291 quae
2265 3252 2336 3281 orta

1287 3308 1365 3339 sunt
1384 3308 1532 3349 inspicit,
1548 3309 1742 3341 saeculorum
1757 3309 1903 3341 omnium
1922 3308 2122 3350 temperatio,
2136 3311 2168 3340 et
2183 3308 2339 3340 virtutum

1290 3375 1492 3409 operumque
1510 3368 1580 3408 ejus
1598 3368 1702 3410 opifex
1714 3392 1724 3408 ,
1741 3368 1931 3410 principium
1957 3369 2101 3400 omnium
2113 3392 2122 3407 ,
2139 3368 2269 3399 unicum
2282 3390 2292 3407 ‚
2306 3367 2338 3398 in

1288 3427 1370 3459 coelo
1387 3427 1512 3469 lumen,
1528 3431 1561 3461 et
1571 3431 1660 3470 pater
1675 3429 1819 3461 omninm
1833 3452 1842 3469 ,
1857 3437 1948 3461 mens
1961 3430 1993 3461 et
2010 3428 2163 3460 animatio
2176 3427 2334 3461 omnium.

1287 3486 1481 3519 circulorum
1505 3487 1652 3520 omnium
1670 3489 1778 3520 motus
1797 3487 1865 3520 sive
1885 3489 2003 3520 motor.
