2612 3814
1089 254 1368 303 RELIQUIAE.

140 341 392 393 δοκιμάζεται,
415 341 462 384 ὥς
480 338 521 378 τὸ
548 337 736 391 κράτιστον
766 337 801 375 ἐν
821 342 964 381 πτανοῖς
985 338 1074 389 ζῷον
1101 337 1201 380 ἀετὸς

142 400 302 440 ἀντωπὸν
320 398 410 439 ἁλίω
428 398 627 451 γενόμενον·
647 396 744 449 χὼπὶ
765 402 828 440 τδίς
847 397 1020 449 βασιλῇας
1047 397 1083 436 δὲ
1099 398 1201 449 λόγος

139 459 250 504 ὼυτός
262 490 271 508 ,
293 458 387 504 θείας
402 474 441 497 τε
461 456 568 500 ἐάσας
584 455 645 495 καὶ
666 457 711 494 δι’
727 455 924 509 ὖπερὸολὰν
953 456 1203 510 λαμπρότατος

140 519 340 572 δυσοράτω,
361 518 397 556 αἷ
430 516 480 569 μὴ
513 522 584 560 τοῖς
616 514 792 566 γνασίοις·
813 516 1049 570 μαρμαρυγαί
1067 531 1105 554 τε
1133 516 1202 570 γὰρ

139 578 269 618 πολλαὶ
295 577 357 616 καὶ
379 574 651 619 σκοτοδινιάσιες
670 577 717 619 ὡς
737 574 788 629 ἐφ’
809 574 893 629 ὕψος
913 577 1034 629 ὅθνῇον
1055 575 1202 614 ἐπιὸάν-

138 653 203 682 τας
226 636 294 681 τὼς
312 635 420 680 νόθως
440 633 658 687 ἀπήλεγξαν·
679 640 750 679 τοῖς
778 635 814 674 δὲ
843 634 1091 687 προσηκόντως
1113 634 1198 682 ,κατ’

140 697 330 751 οἷκῃότατα
352 696 440 748 πρὸς
460 695 568 734 αὐτὰν
591 694 648 734 ἐπὶ
677 698 780 734 τοῦτο
794 694 812 718 ¹¹
833 696 1038 757 ἀφιγμένοις
1065 695 1202 742 οἰκήσι-

140 772 225 808 μος,
247 757 445 809 κεχρησθαι
466 754 667 806 δυναμένοις
687 756 790 794 αὖτᾶ.
808 754 841 794 ‘A
865 754 928 805 μὲν
945 758 994 794 ὠν
1016 754 1198 807 βασιλῄοιΙ

139 829 264 869 χρημα
281 812 464 866 εἰλικρινές
484 829 521 852 τε
541 813 602 852 καὶ
620 814 863 867 ἀδιάφθορόν
848 830 920 853 εντι
940 813 1001 853 καὶ
1022 815 1066 852 δι’
1087 816 1203 867 ὓπερ-

141 871 250 912 &exam
271 871 446 912 θειότατον
468 871 672 926 δυσέφικτον
691 871 878 926 ἀνθρώπῳ.
914 874 1000 934 Δεῖ
1017 871 1054 912 δὲ
1069 872 1130 911 καὶ
1145 873 1203 911 τὸν

141 933 175 976 ἐς
192 931 300 971 αὐτὰν
320 931 549 971 καταστάντα
581 930 833 982 καθαρώτατόν
855 947 892 970 τε
912 935 1003 982 ἠμεν
1023 931 1084 971 και
1103 932 1203 970 διαυ-

141 991 310 1042 γέστατον
342 991 407 1030 τὰν
437 989 554 1044 φύσιν,
583 992 630 1035 ὡς
651 989 701 1041 μὴ
721 989 760 1030 τὸ
779 989 1031 1044 λαμπρότατον
1054 989 1203 1042 ἀφανίζῃ

142 1051 178 1088 ἐν
209 1050 345 1094 σπίλοις
383 1055 455 1094 τοῖς
484 1048 646 1088 ἑαυτωκ·
677 1049 764 1090 καθὸ
805 1050 865 1089 καὶ
902 1049 971 1094 τὼς
999 1050 1205 1101 ἇγιωτάτως

142 1108 257 1154 τόπως
286 1108 508 1148 ἐκαλίδωσάν
538 1125 608 1148 τινε
613 1126 628 1153 ς
657 1110 717 1148 καὶ
746 1111 816 1148 τῶν
846 1110 1088 1149 ἀντιασᾶντων
1121 1108 1221 1153 ἔνιοιΥ

143 1168 264 1220 μιαροὶ
306 1167 373 1212 τὼς
412 1167 644 1213 ἀντιᾶξαντας
680 1169 822 1214 αὐτοῖς.,
879 1168 1045 1222 Βασιλῄᾳ
1076 1167 1113 1207 δὲ
1145 1168 1204 1206 τὸν

141 1227 357 1280 ὁμιλησοντα
375 1226 495 1282 φύσιός
510 1242 548 1265 τε
562 1244 583 1265 α
585 1242 728 1281 χοαντω
743 1228 796 1266 δεῖ
809 1227 957 1303 μετέχεν
970 1226 1203 1267 ἐπίστασθαί1

141 1304 182 1327 τε
199 1288 303 1327 αὑτὸν
318 1288 390 1340 δ’σῳ
403 1290 472 1326 τῶν
494 1286 643 1325 ἅλλων’
628 1303 702 1325 εντι
718 1286 918 1340 θειότερος
905 1286 977 1341 όσῳ
990 1303 1029 1326 τε
1045 1286 1204 1340 ἅτεροιΠΙ

143 1346 260 1394 αὐτῶ,
281 1350 330 1391 οἷς
354 1328 394 1393 δΙὴ
416 1345 509 1384 κατὰ
528 1344 630 1398 λόγον
659 1346 859 1391 ἀπεικάζων
880 1347 1001 1385 ἑαυτὸν
1027 1346 1142 1400 ἄριστ’
1160 1346 1202 1385 ἂν

142 1376 260 1458 ἑαυτῷ
277 1421 316 1444 τε
345 1407 464 1458 χρῶτο
490 1403 551 1443 καὶ
573 1411 644 1447 τοῖς
664 1405 972 1456 υποτεταγμένοις.
1033 1405 1107 1445 Καὶ
1137 1406 1208 1450 τοῖς

143 1463 207 1516 μὲν
238 1464 356 1508 ἄλλοις
379 1462 575 1516 ἀνθρώποις
589 1494 599 1512 ,
621 1463 705 1502 αἴκα
738 1464 1011 1517 ἇμαρτάνωντι,
1030 1465 1206 1504 ὁσιωτάτα

142 1522 312 1578 κάθαρσις
346 1523 605 1575 ἐξομοιωθῆμεν
634 1525 706 1568 τοῖς
737 1523 980 1577 ἀρχόντεσσιν,
1007 1525 1082 1563 αἵτε
1104 1524 1208 1575 νόμος

144 1581 221 1621 αἵτε
256 1581 420 1635 βασιλεὺς
447 1581 560 1620 διέποι
590 1581 634 1620 τὰ
656 1582 734 1621 κατ’
757 1581 887 1627 αὐτ-ὠς·
910 1585 941 1621 οἱ
962 1583 990 1621 δ’
1012 1582 1097 1622 αἴκα
1116 1587 1135 1605 ¹¹
1156 1584 1207 1620 τῶ

143 1634 328 1689 κρέσσονας
359 1634 493 1679 δέοντες
512 1642 527 1657 ⁰
550 1634 606 1673 διὰ
633 1634 699 1674 τὰν
728 1635 830 1689 φύσιν
859 1636 1094 1687 ἀμπλάκωντι
1113 1639 1145 1684 P,
1168 1636 1206 1674 οὐ

147 1691 288 1747 μακρὰν
320 1694 391 1733 οὐδ’
420 1693 675 1747 ἀπῳκισμένως
697 1694 820 1739 αὖτοὺς
839 1699 857 1723 ‘¹
875 1693 946 1748 χρὴ
975 1693 1074 1747 παρὰ
1104 1697 1171 1733 θεῶ
1192 1699 1207 1717 Γ

146 1751 209 1803 μὲν
229 1756 276 1797 ὡς
296 1752 376 1792 εὐθὺ
406 1759 469 1798 τᾶς
489 1752 661 1807 ὠφελείας
690 1753 877 1806 τυγχάνεν.
937 1753 1030 1794 Οὔτε
1060 1753 1129 1806 γὰρ
1149 1754 1206 1793 τὸν

144 1812 276 1864 κόσμον
300 1813 425 1858 δίζοιτο
447 1812 487 1851 ἄν
507 1829 558 1857 τις
579 1814 613 1851 ἐν
634 1813 731 1866 αὐτῷ
747 1829 786 1852 τε
806 1813 853 1852 ὢν
875 1813 937 1852 καὶ
954 1813 1057 1866 μέρος
1072 1813 1204 1861 ἐκείνω,

144 1871 218 1910 οὔτ’
240 1871 282 1911 ἂν
319 1872 465 1921 ἀνόητος
496 1872 551 1920 εἴη
582 1875 633 1911 τῶ
662 1873 838 1917 διέποντος
868 1873 972 1911 αὐτὸν
1005 1876 1023 1911 ὁ
1046 1873 1208 1926 ἁτέριι)ν’5

146 1933 249 1977 αὐτὸς
269 1932 403 1987 ἄρχων.
463 1932 499 1972 Ἃ
533 1935 563 1972 δ’
597 1932 770 1983 εὐκοσμία
800 1933 916 1972 πολλὰ
947 1933 1008 1972 καὶ
1032 1934 1071 1973 τὸ
1098 1933 1206 1984 μηδὲν

147 1994 302 2047 ἄναρχον
318 1991 415 2047 εῧρὲν
437 1991 604 2033 δύνασθαι
620 1992 681 2031 καὶ
701 1994 751 2046 τῷ
774 1992 893 2046 τρόπῳ
922 1999 986 2038 τᾶς
1012 1997 1125 2046 ἀρχᾶς
1155 1994 1206 2031 δι-

147 2054 338 2093 δάσκαλον.
397 2052 601 2105 Ἐκλᾶμπει
628 2053 694 2106 γὰρ
724 2053 832 2096 αὐτᾶς
854 2051 932 2091 εὐθὺ
961 2052 1001 2091 τὸ
1023 2052 1144 2101 καλόν,
1166 2051 1206 2091 ἂν

148 2189 296 2230 princeps
318 2188 426 2229 aquila
446 2187 590 2220 obversis
613 2188 672 2220 soli
705 2188 808 2220 oculis
828 2199 837 2220 ε
860 2187 1037 2228 eademque
1054 2189 1102 2221 est
1121 2188 1211 2229 regni
1331 2189 1338 2196 ⁸
1837 2188 1845 2195 '
2015 2188 2022 2195 ’

149 2248 248 2288 ratio,
267 2249 304 2280 ut
322 2247 411 2289 quod
431 2247 578 2280 divinum
605 2247 647 2280 sit
669 2248 702 2280 et
726 2249 858 2289 propter
874 2246 1008 2279 nimiam
1031 2247 1209 2280 claritatem

148 2307 260 2340 ocutos
276 2307 480 2353 praestringat
493 2306 647 2339 omnibus
664 2308 881 2348 praeterquam
896 2306 1046 2347 legitimis
1064 2317 1072 2338 :
1090 2307 1210 2339 etenim

149 2367 244 2399 multi
272 2352 461 2408 splendores
485 2366 587 2399 oculis
605 2366 818 2399 obversantes
839 2367 937 2407 atque
963 2365 1134 2406 vertigines
1159 2375 1210 2398 ar-

148 2427 251 2467 guunt
267 2425 560 2467 spuriostanquam
574 2425 607 2457 in
623 2425 786 2458 insolitam
803 2424 1007 2457 altitudinem
1021 2425 1110 2457 nisos
1130 2438 1137 2456 :
1157 2425 1210 2466 qui

149 2494 247 2526 vero,
265 2487 302 2516 ut
323 2493 380 2525 par
397 2486 466 2524 est,
486 2485 614 2525 propter
630 2487 755 2517 naturae
766 2493 840 2516 cum
857 2493 955 2525 regno
969 2483 1210 2516 similitudinem

149 2556 189 2580 eo
212 2547 449 2588 pervenerunt,
460 2545 607 2578 babitare
621 2545 699 2578 illud
717 2546 750 2578 et
762 2545 933 2578 commode
948 2553 986 2577 eo
999 2544 1049 2577 uti
1065 2545 1209 2585 possunt.

150 2606 210 2639 Est
225 2605 323 2647 igitur
340 2613 475 2645 regnum
494 2613 546 2637 res
566 2604 690 2637 sincera
702 2607 734 2636 et
751 2604 938 2645 incorrupta
957 2606 989 2635 et
1004 2602 1046 2635 ob
1066 2602 1213 2635 divinita-

151 2664 195 2698 tis
216 2664 439 2697 excellentiam
466 2663 588 2698 homini
613 2663 668 2695 vix
693 2662 905 2704 assequenda.
950 2663 1085 2704 Oportet
1103 2663 1212 2694 autem

155 2723 319 2756 hominem
338 2723 371 2755 in
395 2731 433 2754 eo
455 2722 578 2763 fastigio
602 2723 746 2755 locatum
771 2723 888 2754 natura
914 2721 1122 2763 purissimum
1145 2729 1213 2753 esse

153 2786 185 2816 et
197 2781 491 2824 splendidissimum
504 2805 513 2820 ‚
531 2789 572 2814 ne
591 2789 658 2814 rem
679 2780 891 2813 clarissimam
910 2779 977 2812 suis
993 2779 1128 2811 maculis
1152 2778 1211 2811 ob·

153 2843 261 2875 scuret
282 2851 290 2872 :
314 2840 592 2883 quemadmodum
613 2839 760 2873 nonnulli
786 2839 987 2872 sanctissima
1014 2839 1081 2870 loca
1107 2838 1212 2879 inqui-

151 2903 312 2936 naverunt
329 2903 361 2935 et
378 2902 484 2943 spurci
503 2901 634 2942 quidam
661 2910 715 2933 eos
733 2900 852 2942 quibus
880 2899 1011 2933 obviam
1031 2899 1106 2932 sacti
1125 2900 1210 2931 sunt.

153 2962 218 2996 Sed
234 2963 357 2995 civitati
377 2962 593 3003 praefuturum
612 2960 872 2994 incontaminatae
888 2961 1014 2992 naturae
1024 2958 1213 3000 participem

103 3026 105 3029 ·
153 3028 223 3053 esse
238 3021 391 3053 convenit
407 3024 506 3061 atque
523 3020 699 3060 intelligere
719 3020 842 3060 quanto
869 3018 1000 3059 reliquis
1019 3018 1156 3050 divinior
1172 3017 1214 3050 sit

153 3082 341 3121 quantoque
354 3080 405 3112 alii
420 3080 490 3121 ipso
503 3080 568 3112 sint
581 3079 840 3118 excellentiores,
853 3078 971 3120 quibus
984 3078 1021 3110 ut
1038 3077 1130 3109 decet
1144 3085 1214 3109 sese

155 3143 347 3181 comparans
359 3139 481 3181 optime
498 3148 533 3173 se
550 3138 621 3180 ipso
639 3141 672 3172 et
685 3138 810 3171 civibus
824 3138 869 3170 uti
884 3137 1012 3179 poterit,
1030 3139 1076 3169 Ac
1091 3135 1215 3169 caeteris

154 3198 286 3240 quidem
309 3199 513 3240 hominibus,
531 3198 556 3231 si
572 3198 654 3231 torte
679 3198 890 3239 delinquant,
911 3192 1110 3228 sanctissima
1137 3204 1213 3236 pur-

153 3257 239 3298 gatio
262 3258 311 3290 est
327 3260 454 3298 arrepta
473 3257 654 3299 principum
679 3257 876 3297 similitudo,
892 3256 962 3288 sive
987 3255 1041 3287 lex
1065 3255 1133 3287 sive
1159 3263 1211 3286 rex

154 3315 326 3357 imperium
355 3316 441 3356 apud
472 3317 558 3357 ipsos
594 3319 699 3349 teneat
727 3329 736 3349 ι
768 3317 801 3348 at
826 3314 986 3357 principes
1015 3313 1040 3345 si
1075 3313 1216 3345 melioris

155 3374 295 3415 exempli
312 3374 490 3415 indigentes
506 3376 631 3408 naturae
648 3375 741 3416 culpa
757 3377 789 3406 in
807 3373 923 3406 vitium
941 3371 1131 3411 inciderint,
1150 3379 1214 3403 non

156 3433 266 3474 procul
289 3442 393 3475 neque
413 3433 506 3474 longe
529 3435 671 3467 remotos
688 3442 743 3466 eos
761 3433 852 3465 decet
868 3431 918 3464 dei
936 3430 1090 3463 beneficio
1106 3430 1214 3462 statim

155 3500 250 3533 opem
271 3493 437 3534 consequi.
483 3495 595 3535 Neque
618 3493 704 3526 enim
728 3491 887 3524 mundum
904 3491 1073 3532 quisquam
1094 3489 1214 3531 quaesi-

2245 266 2319 301 537

1260 339 1279 376 ὁ
1296 337 1539 388 μιμασόμενος
1562 339 1606 376 δι’
1627 336 1754 390 ἀρετὰν
1776 338 1872 376 αὐτῶ
1898 354 1936 377 τε
1956 338 2075 392 φίλος,
2105 342 2141 381 ὃν
2163 345 2322 396 μεμίμα.

1261 411 1339 445 ται,
1360 397 1421 435 καὶ
1440 395 1531 435 πολὺ
1548 395 1657 435 πλέον
1675 402 1744 440 τοῖς
1764 398 1823 435 ὑπ’
1848 397 1952 436 αὐτὸν
1969 401 2320 452 τεταγμένοις.οὐ

1261 454 1330 508 γὰρ
1353 454 1394 493 ἄν
1418 471 1469 499 τις
1490 455 1650 509 θεοφιλὴς
1676 454 1724 494 ὢν
1751 454 1907 505 μισέοιτο
1935 458 1996 495 ὑπ’
2016 460 2261 514 ἀνθρώπων,’
2246 464 2322 503 επεὶ

1262 514 1340 554 οὐδὲ
1372 513 1417 553 τὰ
1446 515 1560 568 ἄστρα
1593 516 1666 553 οὐδ’
1702 518 1721 554 ὁ
1754 514 1898 566 σύμπας
1923 515 2054 568 κόσμος
2082 521 2235 574 ἐχθαίρει
2265 522 2323 561 τὸν

1263 574 1351 614 θεόν·
1373 576 1411 613 αἷ
1431 572 1470 612 δέ
1488 589 1534 613 κα
1563 574 1678 626 εμίσει
1697 574 1756 614 τὸν
1777 574 2056 627 ἁγεμονεύοντα,
2079 578 2117 617 οὔ
2138 596 2183 618 κα
2203 581 2323 620 εἵπετο

1262 634 1466 685 πειθόμενος
1487 635 1601 687 αὐτῶ·
1617 634 1657 672 τὸ
1676 635 1706 672 δ’
1709 636 1853 673 εκεῖνον
1875 634 1982 687 ἄρχεν
2000 640 2036 674 εὐ
2056 637 2166 677 αἴτιον
2193 643 2243 678 τῶ
2262 656 2324 679 και

1262 694 1376 733 τώσδε
1397 693 1570 747 ἄρχεσθαι
1591 695 1723 738 καλῶς.
1783 692 1882 745 Ἐγὼ
1915 694 1978 745 μὲν
2010 688 2058 734 ὧν
2082 699 2325 749 ὃπολαμὸάνω

1263 752 1402 793 καὶτὸν
1429 753 1487 792 ἐπὶ
1511 759 1574 798 τᾶς
1593 760 1658 804 γᾶς
1681 752 1831 806 βασιλέα
1865 752 2033 793 δύνασθαι
2072 758 2231 811 μηδεμιᾷ
2259 765 2323 797 τ’ᾶν

1265 815 1392 865 ἀρετᾶν
1412 813 1644 851 ἐλαττοῦσθαι
1676 813 1729 850 τῶ
1762 812 1841 851 κατ’
1863 813 1999 865 ὠρανὸν
2031 815 2225 867 βασιλέως·
2247 818 2325 856 ἀλλ’

1264 869 1384 924 ὥσπερ
1405 871 1508 916 αὐτος
1525 869 1708 922 ἂπόδαμόν
1729 870 1763 909 τί
1783 872 1854 909 ἐντι
1869 885 1994 924 χρημα
2010 873 2070 911 καὶ
2084 872 2179 918 ξένον
2196 875 2325 914 ἐκεῖθεν

1265 928 1456 983 ἀφιγμένον
1474 927 1561 982 πρὸς
1581 928 1791 982 ἀνθρώπως,
1807 928 1868 968 καὶ
1884 928 1946 973 τὰς
1966 930 2092 982 ἀρετὰς
2110 931 2152 970 ἄν
2165 948 2216 978 τις
2231 934 2326 987 αὐτῷ

1264 987 1350 1041 ἔργα
1370 988 1544 1027 υπολάὸοι
1574 990 1624 1026 τῶ
1656 989 1723 1026 θεῶ
1753 986 1814 1026 καὶ
1838 989 1882 1026 δι’
1904 990 2034 1028 ἐκεῖνον
2065 992 2174 1032 αὐτῶ.
2232 994 2327 1032 Σκο-

1264 1047 1384 1086 πέοντι
1419 1047 1448 1086 δ’
1483 1048 1635 1100 ἀρχᾶθεν
1668 1046 1808 1099 ἀλάθῃα
1839 1046 1959 1099 λόγος·
1989 1049 2155 1089 κοινωνία
2190 1066 2228 1089 τε
2259 1050 2327 1102 γαρ

1265 1108 1383 1178 πράτα
1404 1122 1441 1145 τε
1461 1107 1603 1144 πάντων
1624 1106 1720 1145 καὶ
1702 1106 1967 1158 αναγκαιοτάτα
1981 1123 2031 1160 τῳ
2045 1110 2115 1147 τῶν
2132 1108 2325 1162 ἀνθρώπων

1264 1165 1380 1218 γένει,
1403 1169 1443 1209 ἃς
1463 1165 1606 1217 μετέχει
1631 1164 1694 1216 μὲν
1718 1167 1736 1203 ὁ
1755 1165 1840 1216 παρ’
1858 1165 1944 1216 ἅμῒν
1970 1166 2153 1218 βασιλεύς,
2186 1169 2327 1221 μετέχει

1266 1225 1302 1262 δὲ
1333 1224 1394 1262 καὶ
1414 1227 1432 1263 ὁ
1454 1226 1489 1263 ἐν
1508 1227 1559 1277 τῷ
1582 1240 1692 1262 παντι
1713 1224 1830 1263 πάντα
1850 1224 1993 1264 διέπων·
2023 1226 2233 1266 συνεστάναι
2259 1227 2327 1280 γὰρ

1265 1283 1374 1337 χωρὶς
1395 1283 1512 1338 φιλίας
1540 1284 1601 1322 καὶ
1632 1284 1812 1328 κοινωνίας
1842 1284 2040 1337 ἀμάχανον·
2063 1287 2212 1334 σκοποίη
2235 1287 2264 1326 δ’
2286 1287 2327 1326 ἄν

1267 1359 1318 1387 τις
1339 1347 1451 1382 ταῦτα
1471 1343 1531 1383 καὶ
1553 1343 1611 1382 ἐπὶ
1637 1345 1706 1381 τῶν
1738 1344 2107 1394 συμπολιτευομένων,
2130 1344 2256 1390 ἐξελὼν
2277 1349 2328 1398 τῷ

1267 1401 1360 1455 λόγῳ
1375 1401 1439 1440 τὰν
1454 1401 1548 1441 κατὰ
1566 1401 1742 1453 συνάθῃαν
1762 1402 1958 1441 κοινωνίαν·
1978 1403 2133 1442 ἐλάττων
2151 1404 2217 1457 γὰρ
2238 1404 2329 1443 αὕτα

1267 1466 1330 1504 τᾶς
1347 1476 1384 1498 τε
1408 1459 1502 1504 θείας
1523 1459 1644 1513 φύσιος
1659 1460 1721 1499 καὶ
1740 1466 1802 1504 τᾶς
1822 1462 2025 1512 βασιλικᾶς·
2043 1464 2081 1500 οὐ
2102 1462 2170 1515 γὰρ
2194 1463 2329 1502 δέονται

1267 1520 1329 1559 τὰν
1349 1519 1515 1559 τοιαύταν
1546 1519 1663 1567 δέησιν
1686 1519 1762 1558 ἀλλ’
1779 1520 1899 1564 ἄλλοις
1919 1520 2060 1560 ἅπαντα
2087 1526 2328 1572 συμπονοῧσαι

1267 1582 1318 1634 τῷ
1338 1581 1452 1619 αὑτῶν
1472 1581 1673 1631 ὑστεροῦντι
1690 1583 1872 1617 ποιοῦνται
1893 1579 2012 1618 κοινὰν
2041 1580 2105 1620 τὰν
2130 1581 2286 1634 βοήθῃαν
2305 1595 2328 1618 ι·

1266 1639 1393 1678 τέλειοι
1412 1637 1480 1691 γὰρ
1499 1637 1576 1677 κατ’
1594 1637 1734 1690 ἀρετάν·
1757 1638 1780 1676 ἆ
1800 1639 1830 1676 δ’
1851 1639 1885 1676 ἐν
1905 1643 1952 1691 τᾷ
1975 1639 2075 1678 πόλει
2097 1640 2195 1694 φιλία
2222 1643 2329 1679 κοινῶ

1267 1713 1357 1741 τινος
1377 1696 1491 1741 τέλεος
1510 1695 1663 1749 ε’χομένα
1683 1695 1746 1735 τὰν
1773 1699 1823 1734 τῶ
1843 1697 1972 1741 παντὸς
1988 1698 2152 1748 ὁμόνοιαν
2171 1698 2330 1750 μεμίμα-

1266 1772 1345 1795 ται·
1367 1755 1448 1795 ἄνευ
1470 1755 1505 1794 δὲ
1523 1760 1586 1799 τᾶς
1606 1755 1689 1809 περὶ
1710 1754 1774 1799 τὰς
1795 1754 1907 1807 ἀρχὰς
1927 1756 2101 1800 διατάξιος
2122 1756 2268 1808 οὐδεμία
2286 1756 2329 1795 ἂν

1269 1815 1368 1859 πόλις
1384 1816 1531 1854 οἰκοῖτο·
1549 1817 1582 1859 ἐς
1598 1814 1634 1853 δὲ
1653 1814 1785 1854 ταύταν
1806 1814 1923 1865 νόμων
1948 1831 1984 1853 τε
2010 1816 2122 1855 δεῖται
2147 1816 2208 1855 καί
2238 1832 2329 1860 τινος

1269 1873 1486 1927 προστασίας
1510 1875 1693 1917 πολιτικᾶς
1717 1873 1758 1912 τό
1777 1889 1816 1912 τε
1836 1872 1944 1927 ἄρχον
1965 1873 2027 1912 καὶ
2053 1874 2092 1913 τὸ
2116 1875 2328 1927 ἀρχόμενον,

1268 1934 1366 1987 εἴπερ
1388 1933 1533 1979 σώζοιτο
1553 1935 1598 1973 δι’
1620 1933 1703 1972 αὑτό
1718 1938 1752 1973 “.
1810 1933 1878 1973 Ἐκ
1904 1933 2036 1973 τούτων
2056 1935 2169 1974 κοινὸν
2201 1935 2328 1987 ἀγαθὸν
2376 1964 2382 1971 ,

1270 1994 1486 2047 εὐαρμοστία
1501 2010 1553 2039 τις
1569 1993 1629 2032 καὶ
1642 1996 1713 2032 τῶν
1728 1994 1868 2032 πολλῶν
1886 1993 2068 2047 ὁμοφωνία
2087 1994 2177 2045 μετὰ
2191 1998 2331 2038 πειθοῦς

1269 2053 1490 2106 συνᾳδοίσας.
1547 2052 1592 2093 Ὁ
1625 2051 1705 2091 κατ’
1738 2052 1866 2106 ἀρετὰν
1902 2052 2061 2106 ἐξάρχων
2094 2053 2261 2093 καλέεταί
2292 2070 2330 2092 τε

1270 2191 1367 2229 verit,
1379 2198 1479 2229 quum
1499 2189 1531 2220 in
1548 2197 1587 2220 eo
1604 2189 1748 2220 versetur
1764 2189 1797 2220 et
1817 2196 1886 2228 ejus
1906 2197 1978 2229 pars
1997 2189 2058 2228 sit,
2071 2197 2176 2230 neque
2190 2189 2327 2222 aliorum

1272 2249 1376 2281 rector
1395 2257 1469 2280 eum
1495 2256 1514 2279 a
1543 2255 1608 2288 quo
1630 2247 1695 2287 ipse
1712 2246 1833 2287 regitur
1850 2246 2058 2287 ignoraverit.
2104 2249 2160 2279 Est
2181 2256 2258 2280 vero
2280 2248 2330 2280 hic

1271 2309 1403 2339 ornatus
1421 2306 1586 2339 maximus
1604 2305 1733 2346 quando
1748 2305 1827 2337 nihil
1845 2305 2061 2338 moderatoris
2077 2315 2190 2347 expers
2208 2307 2328 2348 reperi·

1272 2367 1325 2399 tur
1342 2368 1374 2398 et
1390 2365 1519 2407 quando
1545 2364 1691 2396 moribus
1715 2364 1892 2405 principem
1916 2364 2040 2405 imperii
2058 2364 2245 2405 magistrum
2262 2373 2329 2397 esse

1273 2425 1431 2457 videmus.
1477 2423 1531 2457 Sic
1546 2423 1632 2456 enim
1649 2422 1759 2455 statim
1776 2422 1902 2464 imperii
1927 2422 2134 2463 pulchritudo
2156 2423 2278 2464 elucet,
2303 2425 2329 2456 si

1272 2483 1322 2516 dei
1340 2483 1481 2515 imitator
1497 2482 1626 2513 virtutis
1639 2489 1735 2513 causa
1749 2481 1778 2513 ei
1798 2490 1896 2522 quem
1910 2481 2053 2514 imitatus
2071 2482 2119 2514 est
2133 2489 2227 2514 carus
2245 2481 2286 2514 sit
2298 2484 2331 2514 et

1274 2541 1374 2581 magis
1401 2540 1498 2573 etiam
1525 2540 1649 2572 civibus
1674 2539 1752 2572 suis.
1812 2541 1925 2580 Neque
1950 2539 2035 2572 enim
2066 2540 2239 2581 quisquam
2269 2540 2330 2573 deo

1265 2599 1383 2640 'gratus
1403 2598 1589 2631 hominibus
1612 2597 1686 2630 odio
1713 2598 1772 2639 sit,
1791 2597 1950 2640 siquidem
1968 2606 2029 2631 nec
2056 2598 2198 2631 siderum
2226 2600 2331 2632 coetus

1273 2670 1331 2694 nee
1347 2660 1488 2693 mundus
1505 2659 1672 2692 universus
1686 2659 1783 2692 deum
1801 2659 1869 2691 odit
1891 2672 1898 2691 :
1918 2658 2036 2701 quippe
2058 2659 2084 2691 si
2100 2660 2217 2693 ducem
2234 2651 2328 2692 suuni

1273 2721 1414 2761 odisset,
1432 2720 1621 2760 neutiquam
1637 2719 1666 2751 ei
1680 2718 1824 2753 obediret
1839 2727 1847 2750 :
1863 2717 1951 2759 quod
1967 2719 2076 2751 autem
2096 2718 2150 2751 ille
2165 2718 2248 2751 bene
2268 2719 2329 2751 im-

1273 2779 1381 2819 perat,
1397 2786 1434 2810 ea
1454 2785 1551 2809 causa
1573 2778 1622 2809 est
1639 2785 1696 2808 cur
1715 2776 1850 2816 subjecti
1869 2775 1950 2809 bene
1971 2777 2123 2816 regantur
2138 2777 2170 2809 et
2188 2781 2327 2817 pareant.

1275 2840 1340 2877 Ego
1359 2837 1453 2877 igitur
1467 2835 1617 2869 existimo
1634 2835 1685 2867 vel
1703 2834 1791 2867 hunc
1806 2836 1990 2867 terrestrem
2010 2844 2116 2876 regem
2140 2844 2232 2876 posse
2243 2836 2329 2868 nulla

1273 2897 1393 2930 virtute
1405 2895 1589 2928 interiorem
1606 2903 1674 2927 esse
1690 2902 1789 2935 quam
1802 2895 1967 2927 coelestem
1984 2907 1992 2927 :
2009 2895 2064 2927 sed
2081 2896 2117 2927 ut
2134 2895 2202 2935 ipse
2218 2903 2267 2927 res
2281 2899 2329 2927 est

1273 2955 1423 2998 quaedam
1438 2954 1602 2996 peregrina
1618 2954 1650 2986 et
1667 2955 1820 2992 externa,
1838 2953 1949 2994 utpote
1968 2951 2097 2985 coelitus
2118 2951 2158 2984 ad
2182 2951 2328 2984 homines

1275 3015 1434 3057 profecta,
1452 3015 1496 3046 ita
1514 3014 1610 3046 etiam
1629 3013 1698 3054 ejus
1719 3013 1857 3045 virtutes
1883 3012 2043 3053 quispiam
2061 3010 2111 3043 dei
2139 3005 2235 3051 opera
2260 3018 2331 3043 esse

1275 3075 1366 3116 putet
1383 3075 1415 3106 et
1431 3073 1590 3114 perillum
1612 3072 1671 3114 ipsi
1689 3072 1806 3105 inesse.
1848 3073 1954 3112 Atque
1975 3079 1994 3103 a
2011 3069 2167 3112 principio
2194 3068 2324 3111 quidem

1275 3143 1343 3167 rem
1365 3124 1583 3165 consideranti
1602 3131 1758 3164 orationis
1783 3139 1864 3163 meae
1891 3129 2010 3162 veritas
2030 3128 2198 3169 apparebit
2219 3141 2227 3160 :
2250 3137 2325 3160 nam

1274 3191 1459 3225 communio
1479 3200 1587 3224 rerum
1604 3191 1750 3223 omnium
1770 3191 1802 3223 et
1817 3190 1918 3231 prima
1931 3192 1979 3221 est
1992 3189 2023 3220 et
2040 3187 2207 3219 hominum
2222 3187 2330 3227 generi

1279 3252 1421 3284 maxime
1438 3251 1628 3291 necessaria,
1642 3250 1733 3290 cujus
1750 3249 1909 3291 particeps
1923 3247 2054 3288 quidem
2071 3247 2180 3279 noster
2197 3254 2252 3278 rex
2266 3247 2328 3285 est,

1276 3311 1432 3353 particeps
1445 3318 1524 3343 vero
1539 3310 1637 3342 etiam
1654 3309 1707 3342 ilie
1722 3308 1777 3350 qui
1797 3308 1829 3340 in
1850 3306 1999 3339 universo
2014 3306 2128 3338 cuncta
2145 3304 2302 3345 gubernat
2318 3315 2327 3336 ε

1275 3370 1354 3402 nihil
1375 3369 1461 3403 enim
1481 3370 1549 3402 sine
1569 3368 1710 3400 amicitia
1726 3370 1758 3400 et
1772 3365 1998 3399 communione
2015 3363 2193 3396 consistere
2210 3362 2326 3403 potest,

1275 3429 1362 3470 quod
1384 3428 1490 3470 ipsum
1515 3428 1599 3460 inter
1614 3427 1701 3459 cives
1720 3425 1877 3467 quispiam
1897 3423 1988 3456 facile
2006 3421 2287 3459 animadverterit,
2302 3420 2327 3452 si

1277 3487 1468 3528 cogitatione
1490 3486 1751 3519 communionem
1777 3491 1851 3525 quae
1877 3491 1917 3515 ex
1945 3479 2176 3514 consuetudine
2202 3481 2331 3511 constat
