2612 3814
338 223 414 256 ⁴³22

340 317 382 347 ss.
416 302 524 356 Παρὰ
546 302 653 343 πότον
681 306 743 343 τοῦ
761 304 950 358 ἀδελφιδοῦ
977 305 1083 344 αὖτοῧ
1101 303 1208 356 μέλος
1226 321 1261 343 τι
1291 307 1398 345 Σαπ-

416 368 497 418 φοῦς
531 362 681 418 ᾅσαντος
695 394 706 415 ,
727 362 818 412 ἥσθη
844 364 896 417 τῷ
929 363 1027 416 μέλει
1048 363 1109 403 καὶ
1129 363 1321 418 προσέταξε
1351 367 1400 416 τῷ

416 423 593 478 μειρακίῳ
613 422 748 468 διδάξαι
766 421 890 462 αὐτόν·
905 422 1148 477 ἐρωτήσαντος
1165 423 1204 463 δέ
1219 439 1328 472 τινος,
1343 423 1400 462 διὰ

415 482 520 523 ποίαν
542 481 658 522 αἰτίαν
679 485 782 521 τοῦτο
799 481 1014 522 ἐσπούδακεν
1030 514 1041 532 ,
1058 484 1076 522 ὁ
1097 481 1133 522 δὲ
1150 482 1215 537 ἔφη
1229 499 1237 507 ·
1254 482 1311 522 ἵνα
1329 499 1400 534 μα-

415 541 482 583 θὼν
505 541 588 582 αὐτὸ
607 542 788 584 ἀποθάνω.

472 613 674 666 (Stobaeus
691 612 795 654 Flor.
816 610 952 659 XXIX,
982 612 1071 665 58.)

335 699 384 726 37.
419 683 658 738 Ἐρωτηθείς,
693 684 723 722 εἷ
744 681 823 728 τοὺς
852 682 1014 736 ἀρίστους
1049 682 1244 731 Ἀθηναίοις
1274 682 1401 732 νόμους

414 744 578 798 ἔγραψεν,
597 737 646 782 ὧν
664 742 721 792 ἄν,
742 742 807 796 ἔφη
819 772 829 791 ,
851 741 1108 796 προσεδέξαντο
1127 742 1206 787 τοὺς
1221 742 1398 796 ἀρίστους.

471 818 730 869 (Plutarchus
750 818 828 857 vit.
854 820 985 858 Solon.
1004 832 1043 871 p.
1067 819 1131 858 86.
1153 818 1164 872 )

333 903 384 930 38.
414 891 490 937 Τῆς
512 888 771 942 Πεισιστράτου
793 889 1048 942 δημαγωγίας,
1071 889 1124 928 ὅτι
1138 888 1341 943 τυραννίδος
1357 884 1399 937 ἦν

416 948 615 1002 μηχάνημα
627 979 638 1000 ,
657 954 808 1002 φανερᾶς
824 949 1028 1001 γενομένης,
1045 949 1193 1001 μηδενὸς
1207 948 1400 1000 ἀμύνεσθαι

417 1008 507 1059 μηδὲ
531 1008 680 1047 κωλύειν
699 1010 901 1060 τολμῶντος
915 1040 924 1057 ,
947 1011 965 1048 ὁ
986 1009 1109 1049 Σόλων
1132 1008 1401 1060 ἐξενεγκάμενος

415 1067 461 1107 τὰ
482 1066 575 1107 δ’πλα
602 1068 663 1108 καὶ
692 1068 761 1123 πρὸ
780 1071 844 1117 τ’ἧς
864 1069 977 1114 οἰκίας
1004 1069 1168 1122 θέμενος,
1189 1068 1287 1117 ἠξίου
1316 1073 1402 1123 βοη-

414 1129 482 1168 θεῖν
515 1128 595 1174 τοὺς
627 1129 793 1175 πολίτας·
828 1129 1034 1184 πέμψαντος
1064 1130 1100 1170 δὲ
1140 1130 1400 1184 Πεισιστράτου

415 1188 501 1243 πρὸς
515 1188 619 1228 αὐτὸν
638 1188 699 1228 καὶ
714 1190 997 1242 πυνθανομένου,
1013 1190 1081 1230 τίνι
1098 1190 1277 1235 πεποιθὼς
1287 1194 1399 1230 ταῦτα

415 1249 580 1303 πράττει·
602 1251 652 1304 τῷ
669 1249 782 1304 γήρᾳ,
803 1244 911 1290 εἶπεν.

469 1321 724 1374 (Plutarchus
744 1321 816 1361 lib.
831 1323 894 1362 An
907 1326 991 1364 seni
1005 1324 1176 1375 gerenda
1198 1325 1249 1364 sit
1264 1337 1398 1377 respu-

522 1380 628 1420 blica
653 1395 738 1435 cap.
763 1383 853 1434 21.)

331 1465 383 1492 39.
415 1452 716 1504 Προσπτύσαντος
740 1454 836 1507 αὐτῷ
855 1469 966 1503 τινος,
986 1453 1178 1507 ἠνέσχετο,
1200 1454 1399 1508 μεμψαμέ-

414 1527 472 1550 νου
499 1511 534 1550 δὲ
560 1513 654 1566 αὐτῷ
671 1512 790 1566 ἑτέρου
810 1513 868 1552 ἐπὶ
888 1513 1001 1567 τούτῳ
1015 1543 1026 1563 ,
1046 1507 1121 1552 εἶτα
1138 1515 1170 1552 οἱ
1190 1513 1253 1565 μὲν
1276 1514 1398 1562 ἁλιεῖς,

413 1564 533 1621 εἶπεν,
557 1571 771 1623 ὑπομένουσι
793 1572 973 1627 ῥαίνεσθαι
992 1575 1036 1623 τῇ
1059 1573 1221 1625 θαλάσσῃ
1234 1603 1244 1622 ,
1258 1571 1316 1612 ἰ’να
1331 1590 1399 1612 κω-

412 1631 487 1670 ὅιὸν
517 1632 738 1687 θηράσωσιν·
762 1631 831 1684 ἐγὼ
860 1634 891 1672 δ’
918 1634 981 1672 οὐκ
1010 1633 1224 1688 ἀνάσχωμαι
1250 1633 1290 1673 τὸ
1313 1634 1397 1673 αὐτὸ

411 1693 558 1741 παθεῖν,
584 1690 641 1732 ἵνα
664 1693 849 1747 ἄνθρωπον
872 1693 1044 1743 ἁλιεύσω,

466 1761 622 1816 (Anton.
640 1762 787 1802 Meliss.
804 1762 929 1803 Serm.
947 1765 1028 1817 περὶ
1042 1763 1152 1818 φίλων
1167 1763 1229 1803 καὶ
1245 1762 1394 1819 φιλίας.)

709 1866 849 1898 NOMOI
879 1866 1015 1898 ΤΙΝΕΣ.

329 1965 378 1993 Δο.
411 1950 499 1992 Ἐάν
515 1967 568 1997 τις
586 1951 636 2004 μὴ
653 1951 763 2007 τρέφῃ
785 1952 863 1999 τοὺς
877 1953 1017 2006 γονέας,
1036 1954 1159 2006 ἄτιμος
1176 1953 1268 1994 ἔστω
1280 1969 1289 1979 ·
1304 1953 1396 1994 ἀλλὰ

410 2011 504 2051 καὶὸ
522 2011 566 2051 τὰ
587 2013 736 2066 πατρῷα
756 2012 1005 2062 κατεδηδοκὼς
1024 2014 1164 2066 ὁμοίως.

469 2084 687 2136 (Diogenes
708 2084 888 2126 Laertius
911 2086 982 2127 lib.
1004 2086 1039 2137 1,
1061 2085 1151 2139 55.)

329 2157 378 2183 41.
412 2143 490 2197 Υἱῷ
510 2143 647 2198 τρέφειν
676 2144 736 2183 τὸν
763 2144 902 2199 πατέρα
927 2145 976 2197 μὴ
1011 2144 1241 2197 διδαξάμενον
1266 2144 1393 2198 τέχνην

411 2203 609 2256 ἐπάναγκες
629 2203 679 2254 μὴ
701 2197 804 2245 εἶναι.

372 2340 425 2371 36.
449 2339 560 2376 Quum
593 2337 762 2370 cecinisset
790 2338 874 2370 inter
893 2338 1069 2371 bibendum
1089 2339 1197 2372 fratris
1214 2339 1298 2373 tilius
1319 2347 1392 2371 car-

330 2405 405 2429 men
423 2396 622 2438 sapphicum
634 2419 643 2436 ,
667 2395 761 2429 valde
777 2405 815 2428 eo
830 2396 1009 2430 delectatus
1029 2397 1205 2439 postulavit
1222 2398 1264 2430 ab
1284 2397 1393 2431 adole-

327 2458 437 2490 scente
450 2479 459 2496 ,
478 2457 516 2489 ut
532 2455 612 2489 illud
629 2464 664 2489 se
681 2455 823 2489 doceret.
845 2458 955 2495 Quum
972 2458 1081 2490 autem
1096 2457 1230 2500 quidam
1253 2457 1394 2491 interro-

330 2518 443 2558 garet,
462 2525 565 2558 quam
593 2515 636 2549 ob
657 2525 789 2550 causam
806 2517 838 2550 id
864 2517 1083 2559 desideraret,
1107 2520 1143 2552 ut
1163 2518 1271 2560 prius,
1289 2519 1395 2561 inquit

268 2576 273 2584 “
329 2576 384 2608 ille
396 2600 406 2617 ,
429 2576 592 2618 ediscam,
611 2576 728 2610 deinde
745 2577 877 2610 moriar.

371 2638 425 2669 37.
449 2636 687 2678 interrogatus,
706 2646 785 2669 num
799 2637 940 2679 optimas
951 2637 1204 2672 Atheniensibus
1220 2639 1306 2681 leges
1321 2639 1395 2672 scri-

330 2694 461 2737 psisset,
480 2694 648 2737 optimas,
665 2694 772 2738 inquit
783 2721 792 2737 ,
811 2706 891 2738 quas
908 2698 1052 2740 accipere
1066 2699 1225 2740 poterant.

371 2756 424 2787 38.
447 2755 558 2793 Quum
578 2755 749 2796 appareret
772 2755 927 2789 Pisistrati
948 2757 1197 2798 popularitatem
1214 2757 1394 2800 tyrannidis

328 2822 398 2846 esse
414 2812 675 2855 affectationem,
695 2813 825 2847 nemine
842 2823 901 2847 nec
923 2816 1068 2849 resistere
1084 2825 1143 2850 nec
1161 2816 1319 2859 impedire
1334 2826 1393 2850 au·

328 2871 444 2914 dente,
464 2872 563 2906 Solon
583 2873 683 2906 armis
713 2873 782 2906 suis
802 2874 895 2907 elatis
915 2876 947 2907 et
974 2878 1049 2908 ante
1071 2875 1207 2909 domum
1229 2876 1394 2916 collocatis

333 2930 485 2965 auxilium
519 2939 538 2964 a
568 2931 697 2964 civibus
726 2932 830 2973 petiit.
872 2935 1052 2975 Quumque
1079 2935 1266 2968 Pisistratus
1291 2934 1393 2968 misso

327 2990 443 3024 nuntio
459 2990 499 3024 ab
516 2999 555 3024 eo
586 2992 764 3033 quaereret,
782 3001 848 3033 qua
871 3001 907 3041 re·
931 2993 1034 3026 fretus
1060 2993 1119 3027 ista
1140 2993 1259 3028 faceret
1287 3004 1296 3027 ε
1316 2994 1391 3036 ille,

329 3053 517 3093 Senectute,
534 3051 652 3094 inquit.

370 3114 422 3145 39.
443 3113 553 3150 Quum
583 3112 796 3154 consputatus
816 3121 834 3145 a
866 3112 1007 3155 quodam
1035 3121 1130 3156 aequo
1158 3116 1267 3147 animo
1296 3115 1392 3148 terret

330 3171 580 3212 contumeliam,
598 3174 696 3214 atque
713 3181 752 3205 eo
775 3172 907 3206 nomine
924 3172 966 3205 ab
985 3172 1049 3206 alio
1064 3173 1205 3215 quodam
1219 3175 1391 3216 reprehen-

329 3231 471 3273 deretur,
500 3230 700 3273 Piscatores,
728 3231 853 3274 inquit,
876 3232 1044 3273 patiuntur
1061 3242 1096 3267 se
1122 3235 1288 3276 conspergi
1308 3244 1392 3277 aqua

328 3291 471 3332 marina,
492 3291 529 3325 ut
547 3290 680 3334 gobium
699 3291 848 3334 capiant,
866 3301 925 3325 cur
942 3293 1002 3326 hoc
1015 3293 1100 3326 idem
1118 3302 1177 3336 ego
1190 3303 1256 3327 non
1276 3294 1390 3336 feram,

329 3353 366 3384 ut
386 3351 552 3385 hominem
573 3351 653 3384 milti
673 3351 865 3385 conciliem?

680 3442 815 3494 LEGVES
838 3443 1040 3481 QUAEDAM.

370 3531 423 3564 40.
443 3530 507 3570 Qui
525 3532 676 3574 parentes
691 3540 756 3565 non
770 3531 843 3573 alit,
865 3531 991 3564 infamis
1006 3533 1091 3575 esto,
1106 3532 1256 3567 similiter
1277 3535 1309 3567 et
1326 3534 1385 3576 qui

1162 217 1371 256 SEPTEM
1402 216 1711 258 SAPIENTUM

1602 307 1861 359 (Plutarchus
1891 309 1969 349 Vit.
1993 309 2130 350 Solon.
2151 324 2238 365 cap.
2262 326 2310 352 αα
2332 327 2373 367 p.
2404 294 2551 368 226.)

1462 378 1513 406 42.
1545 364 1592 406 ‘O
1609 366 1715 464 οἷργὸς
1730 367 1919 414 ὑπεύθυνος
1935 368 2026 409 ἔστω
2043 370 2149 409 παντὶ
2165 373 2215 425 τῷ
2231 373 2435 429 βουλομένῳ
2444 373 2538 429 γρά-

1545 441 1611 478 <pec
1636 441 1686 467 αι.

1602 497 1613 550 (
1635 497 1831 548 Diogenes
1847 498 2026 540 Laertius
2044 500 2119 541 lib.
2143 500 2177 551 1,
2200 501 2264 541 55.
2284 503 2295 555 )

1463 581 1512 607 43.
1546 566 1592 607 ‘0
1613 568 1819 622 ἠταιρηκὼς
1834 573 1896 624 τοῦ
1917 570 2080 623 βήματος
2097 571 2284 627 εἰργέσθω.

1602 637 1826 690 (Diogenes
1841 639 2022 682 Laertius
2040 641 2114 682 lib.
2137 643 2168 692 1,
2190 643 2255 683 55.
2273 642 2284 697 )

1463 723 1495 749 44
1504 741 1512 750 .
1545 708 1591 751 ‘O
1604 709 1793 764 ἐπίτροπος
1807 713 1852 766 τῇ
1866 714 1934 751 τῶν
1946 712 2106 766 ὀρφανῶν
2119 713 2230 768 μητρὶ
2242 713 2293 767 μὴ
2308 715 2528 758 συνοικείτω.

1603 788 1817 839 (Diogenes
1835 787 2013 828 Laertius
2026 788 2098 828 lib.
2115 789 2148 838 l,
2167 789 2230 831 56.
2248 789 2259 843 )

1463 871 1513 899 45.
1548 859 1609 902 Εἷς
1625 857 1662 897 ὃν
1684 861 1706 907 ἡ
1727 857 1829 897 οὐσία
1851 857 1994 912 ἔρχεται
2011 861 2081 898 τῶν
2103 860 2266 914 ὀρφανῶν
2292 860 2530 911 τελευτησάν-

1544 934 1614 956 των
1630 947 1641 966 ,
1665 916 1715 969 μὴ
1735 917 2011 972 ἐπιτροπευέτω.

1601 988 1822 1039 (Diogenes
1845 989 2025 1030 Laertius
2045 988 2118 1030 lib.
2141 989 2175 1038 1,
2194 989 2282 1044 56.)

1463 1075 1512 1101 46.
1545 1059 1847 1116 Δακτυλιογλύφῳ
1861 1060 1910 1113 μὴ
1927 1060 2055 1107 ἐξέστω
2071 1063 2248 1116 σφραγῖδα
2260 1062 2448 1118 φυλάττειν
2463 1061 2530 1114 τὴν
2569 1094 2572 1099 ,

1543 1124 1606 1160 τοῦ
1622 1119 1815 1174 πραθέντος
1836 1121 2039 1162 δακτυλίου.
2571 1131 2573 1134 “

1600 1193 1819 1245 (Diogenes
1840 1193 2020 1232 Laertius
2039 1193 2166 1243 lib.'I‚
2187 1195 2281 1248 57.)

1462 1278 1511 1305 47.
1544 1263 1633 1304 Ἐὰν
1654 1263 1714 1304 ἕνα
1743 1264 1924 1318 ὀφθαλμὸν
1945 1263 2086 1319 ἔχοντος
2106 1266 2240 1320 ἐκκόψῃ
2266 1282 2339 1318 τις,
2357 1267 2529 1308 ἅντεκκό·
2574 1285 2576 1288 ’

1544 1341 1645 1365 πτειν
1664 1325 1741 1370 τοὺς
1763 1325 1838 1367 δύο.

1599 1399 1817 1453 (Diogenes
1837 1397 2016 1437 Laertius
2033 1397 2104 1439 lib.
2126 1398 2162 1447 1,
2186 1396 2282 1452 57.)

1460 1483 1509 1509 48.
1543 1467 1584 1508 Ἃ
1607 1468 1658 1520 μὴ
1676 1467 1774 1516 ἔθου,
1793 1467 1843 1519 μὴ
1862 1467 1989 1520 ἀνέλῃ·
2011 1469 2041 1507 εἷ
2055 1467 2090 1507 δὲ
2106 1467 2183 1520 μή,
2202 1470 2348 1514 θάνατος
2363 1471 2387 1518 ἡ
2401 1467 2525 1522 ζημία.

1597 1538 1820 1591 (Diogenes
1841 1538 2019 1578 Laertius
2038 1539 2110 1580 lib.
2133 1539 2167 1588 1,
2191 1539 2285 1592 57.)

1460 1625 1506 1652 49.
1537 1613 1602 1665 Τῷ
1633 1611 1791 1665 ἄρχοντι,
1813 1609 1855 1650 ἂν
1886 1609 2023 1662 μεθύων
2042 1613 2182 1666 ληφθῇ,
2204 1611 2353 1657 θάνατος
2371 1613 2395 1660 ἡ
2415 1611 2526 1664 ζημία

1542 1671 1649 1712 ἔστω.

1599 1745 1609 1796 (
1628 1743 1825 1794 Diogenes
1846 1743 2028 1783 Laertius
2049 1743 2122 1782 lib.
2143 1743 2178 1793 Ι,
2199 1742 2298 1796 57.)

1459 1832 1507 1857 50.
1539 1815 1586 1856 ‘O
1604 1818 1638 1855 ἐν
1665 1814 1790 1854 στάσει
1811 1814 2007 1868 μηδετέρας
2034 1814 2175 1869 μερίδος
2193 1814 2378 1869 γενόμενος
2401 1812 2526 1866 ἄτιμος

1541 1877 1648 1916 ἔστω.

1600 1948 1852 2001 (Plutarchus
1872 1948 1952 1989 vit.
1977 1948 2113 1988 Solon.
2141 1961 2227 2000 cap.
2251 1960 2301 1986 20
2330 1960 2372 1999 p.
2398 1947 2522 1997 223.)

1457 2039 1508 2066 51.
1540 2024 1679 2078 Μοιχὸν
1701 2024 1834 2064 ἀνελεῖν
1848 2025 1899 2078 τῷ
1914 2023 2062 2065 λαὸόντι
2079 2022 2176 2075 θέμις
2195 2023 2287 2063 ἔστω
2299 2035 2310 2046 ·
2327 2021 2388 2062 ἐὰν
2402 2023 2433 2062 δ’
2453 2022 2524 2076 ἆρ-
2576 2076 2577 2080 ¹

1540 2085 1640 2138 πάσῃ
1661 2101 1715 2130 τις
1741 2083 1925 2137 ἐλευθέραν
1946 2089 2095 2137 γυναῖκα
2113 2083 2174 2123 καὶ
2198 2082 2392 2137 βιάσηται,
2409 2081 2522 2135 ζημία
2576 2118 2579 2123 .

1538 2145 1631 2184 ἔστω
1652 2144 1775 2185 ἑκατὸν
1795 2145 1978 2197 δραχμαί·
1996 2143 2064 2184 κᾶν
2080 2143 2314 2198 προαγωγεύῃ
2331 2174 2341 2193 ,
2357 2143 2524 2198 δραχμαὶ
2576 2166 2579 2167 ⁷

1538 2221 1661 2246 εικοσι.

1457 2339 1690 2380 patrimonium
1705 2337 1862 2371 conviviis
1880 2337 2094 2379 dissipaverit.

1500 2401 1552 2431 41.
1574 2397 1695 2431 Filium
1710 2397 1749 2430 ad
1768 2398 1893 2439 patrem
1913 2395 2064 2429 alendum
2080 2396 2137 2439 qui
2151 2395 2275 2429 nullam
2293 2396 2400 2438 ipsum
2417 2397 2520 2428 artem

1455 2458 1624 2499 docuerit,
1639 2458 1728 2491 nulla
1745 2457 1934 2491 necessitate
1950 2456 2033 2498 cogi.

1498 2522 1549 2552 42.
1570 2519 1672 2552 Deses
1683 2517 1832 2551 omnibus
1848 2525 2001 2550 accusare
2019 2515 2203 2550 volentibus
2219 2515 2335 2549 rationi
2348 2514 2521 2549 reddendae

1455 2579 1617 2612 obnoxius
1639 2582 1719 2612 esto.
2339 2578 2342 2581 “

1499 2641 1552 2671 43.
1574 2637 1744 2671 Muliebria
1767 2646 1880 2680 passus
1900 2645 1920 2670 a
1937 2637 2089 2679 suggestu
2107 2636 2243 2669 arcetor.

1498 2700 1550 2730 44.
1571 2698 1675 2731 Tutor
1693 2706 1767 2730 cum
1790 2697 1989 2740 pupillorum
2010 2698 2114 2729 matre
2133 2705 2174 2730 ne
2192 2694 2348 2730 habitato.

1498 2762 1551 2793 45.
1576 2759 1625 2792 Ad
1645 2767 1741 2800 quem
1760 2758 1932 2792 facultates
1949 2757 2148 2800 pupillorum
2172 2759 2279 2790 morte
2302 2754 2519 2799 perveniunt,
2582 2759 2584 2762 ’

1454 2819 1481 2852 is
1502 2820 1593 2853 tutor
1612 2828 1653 2852 ne
1678 2821 1759 2852 esto.

1495 2880 1547 2910 46.
1571 2877 1746 2910 Annulario
1781 2886 1822 2911 ne
1858 2877 1951 2910 liceat
1989 2875 2110 2910 venditi
2141 2873 2251 2908 annuli
2287 2873 2417 2916 signum
2449 2882 2518 2907 ser·
2582 2890 2583 2894 =

1457 2946 1545 2970 vare.

1495 2998 1546 3029 47.
1569 2995 1631 3035 Qui
1650 2995 1730 3029 lusci
1747 3004 1846 3027 unum
1864 2995 1993 3028 oculum
2008 2993 2173 3034 effoderit,
2193 2993 2222 3026 ei
2239 2994 2394 3026 eruantur
2409 2991 2508 3026 ambo

1494 3058 1548 3091 48.
1572 3057 1652 3094 Quae
1680 3064 1744 3087 non
1774 3054 1925 3095 posuisti,
1950 3063 1992 3086 ne
2010 3053 2128 3095 tollas;
2155 3053 2180 3086 si
2205 3053 2279 3095 quis
2303 3060 2396 3086 secus
2413 3051 2517 3092 faxit,

1452 3115 1581 3158 capitali
1603 3123 1697 3158 poena
1715 3109 1863 3147 afficitor.

1496 3177 1554 3209 49.
1576 3174 1732 3216 Princeps
1753 3173 1780 3206 si
1797 3173 1909 3220 ebrius
1935 3172 2031 3206 suerit
2051 3172 2290 3215 deprehensus,
2307 3171 2413 3205 morte
2429 3171 2516 3204 mul—

1451 3236 1548 3268 tator.

1496 3298 1548 3328 50.
1567 3294 1631 3334 Qui
1651 3294 1683 3327 iu
1696 3293 1853 3327 seditione
1866 3293 1974 3327 neutri
1988 3293 2071 3336 parti
2093 3302 2127 3326 se
2150 3291 2360 3335 adiunxerit,
2376 3290 2514 3333 ignomi-

1454 3354 1507 3387 nia
1524 3355 1666 3388 notator.
2200 3354 2202 3356 ’

1496 3417 1550 3448 51.
1578 3413 1741 3448 Moechum
1769 3411 2227 3455 interliceredeprehendenti
2255 3412 2366 3453 liceat;
2399 3407 2515 3452 quodsi

1454 3475 1527 3517 quis
1545 3474 1680 3508 liberam
1697 3474 1867 3508 mulierem
1887 3474 2029 3516 rapuerit
2046 3474 2079 3507 et
2097 3473 2287 3514 violaverit,
2305 3472 2437 3505 centum
2454 3470 2514 3504 de·

1459 3534 1624 3568 uariorum
1647 3533 1752 3568 multa
1769 3536 1860 3575 esto;
1880 3533 1928 3567 sin
1950 3532 2171 3575 prostituerit,
2197 3532 2322 3574 viginti.
