2612 3814
310 240 384 273 288
1119 223 1450 265 ARlSTOTELIS
1478 222 1632 262 LtssER

298 337 371 378 ρον·
387 321 428 361 τὸ
445 319 482 361 δὶ
495 318 612 371 ὅμοιον
624 317 732 372 ἑτέρῳ
750 314 883 368 ὅμοιον,
898 314 990 354 ὥστε
1009 312 1070 353 δύο
1083 311 1105 361 ἢ
1123 312 1235 353 πλείω
1249 311 1345 359 ὄντα,

296 384 358 422 οὔκ
380 380 422 421 ἃν
458 379 492 419 ἓν
510 380 582 419 οὐδ’
604 377 747 430 ἄπειρον
776 370 880 417 εἶναι.
938 374 1029 415 Ἀλλ’
1049 373 1133 418 ἴσως
1154 373 1196 411 τὸ
1231 372 1349 423 ὅμοιον

299 442 383 495 Ι’πρὸς
403 440 443 481 τὸ
463 439 548 479 αὐτὸ
572 437 671 490 λέγει
690 436 750 477 καί
768 451 873 490 φησιν
904 435 988 475 αὐτὸ
1014 433 1133 485 ὅμοιον
1162 426 1250 471 εἶναι
1266 437 1350 479 πᾶν,

295 502 347 542 ὅτι
365 499 571 553 ὁμοιομερές
584 527 595 548 ,
611 497 704 551 ὕδωρ
723 496 761 537 ὃν
778 495 872 535 ἅπαν
894 496 917 542 ἢ
948 497 1012 548 γῆν
1032 493 1055 541 ἢ
1076 493 1108 532 εἴ
1131 508 1166 532 τι
1193 494 1349 532 τοιοῦτον

297 561 394 600 ἄλλο.
451 560 564 606 Δῆλος
582 558 651 611 γὰρ
670 555 778 601 οὕτως
798 555 903 601 ἀξιῶν
919 549 1007 593 εἶναι
1024 553 1059 592 ἓν
1080 555 1150 591 τῶν
1174 550 1216 599 δὴ
1236 551 1350 602 μερῶν

261 636 266 651 ·
299 620 445 660 ἕκαστον
466 620 569 670 σῶμα
589 617 642 666 ὄν,
664 616 683 656 ὃ
703 618 766 655 οὐκ
785 614 926 668 ἄπειρόν
960 615 1049 653 ἐστι.
1107 611 1161 651 Τὸ
1179 610 1248 664 γὰρ
1271 610 1351 648 ὅλον

298 680 460 734 ἄπειρον·
483 677 574 717 ὥστε
597 681 709 716 ταῦτα
733 674 891 727 περαίνει
925 673 1011 726 πρὸς
1035 671 1176 719 ἄλληλα
1197 668 1350 721 ἀγένητα

1411 312 1506 350 ὄντα,
1562 307 1649 349 Ἔτι
1665 309 1695 348 εἰ
1716 307 1826 347 ἀΐδιόν
1847 323 1884 347 τε
1906 308 1967 346 καὶ
1987 306 2130 360 ἄπειρόν
2157 307 2248 356 ἐστι,
2271 308 2346 352 πῶς
2365 305 2406 346 ἂν
2423 306 2482 356 εἴη

1413 367 1448 407 ἓν
1469 370 1575 419 σῶμα
1591 367 1652 416 ὅν;
1678 368 1709 406 εἷ
1729 366 1793 419 μὲν
1827 366 1898 421 γὰρ
1918 365 2093 419 ἀνομοίων
2113 368 2230 419 μερῶν
2259 364 2335 415 εἴτι,
2361 366 2481 406 πολλὰ

1412 428 1473 466 καὶ
1508 427 1610 471 αὐτὸς
1642 426 1684 465 ἂν
1720 426 1903 479 γίγνεσθαι
1925 426 2030 472 ἀξιοῖ.
2089 426 2121 465 εἷ
2147 425 2184 466 δὲ
2209 424 2306 464 ἅπαν
2326 425 2437 481 ὕδωρ,
2455 425 2480 474 ἢ

1414 487 1508 526 ἅπαν
1535 489 1595 539 γῆ,
1611 485 1635 534 ἢ
1656 485 1691 536 ὅ,
1720 502 1755 525 τι
1781 485 1825 534 δὴ
1853 485 1895 525 τὸ
1911 483 1949 525 ὂν
1966 486 2060 525 τοῦτ’
2081 486 2169 534 ἔστι,
2194 485 2311 525 πολλὰ
2330 484 2374 525 ἂν
2401 484 2479 540 ἔχοι
2564 527 2567 529 ,

1414 546 1522 599 μέρη,
1545 548 1592 589 ὡς
1611 544 1672 585 καὶ
1692 544 1816 592 Ζήνων
1846 546 2018 598 ἐπιχειρεῖ
2049 544 2087 584 ὂν
2104 543 2283 584 δεικνύναι
2306 545 2347 585 τὸ
2366 543 2477 591 οὕτως
2496 553 2533 581 x

1414 606 1451 645 ὂν
1468 605 1519 646 ἕν.
1541 603 1609 652 Eis-11
1630 598 1690 644 οἶν
1710 604 1752 643 ἂν
1769 604 1830 643 καὶ
1846 605 1991 644 πλείονα
2011 604 2056 644 τὰ
2083 606 2190 644 αὐτοῦ
2213 603 2303 658 μέρη
2315 633 2325 653 ,
2351 602 2400 644 τὰ
2417 602 2482 656 μὶν
2562 608 2564 610 ’

1415 665 1586 704 ἐλάττονα
1605 663 1651 703 τὰ
1670 663 1707 703 δὲ
1728 663 1898 716 μείζονα,
1933 663 2059 704 ἀλλοῖά
2085 680 2124 704 τε
2149 665 2290 718 πάντῃ,
2312 665 2343 703 εἰ
2367 664 2481 718 ταύτῃ

299 760 2476 784 W

296 827 463 868 propterea
490 823 662 856 notabilem
688 823 815 859 censet,
845 819 998 860 quoniam
1020 817 1093 850 inde
1117 822 1349 855 cognoscamus

295 876 518 913 Anaxagoram
535 871 647 902 contra
660 867 823 902 Melissum
842 865 1033 906 disputasse.
1059 865 1140 902 Quae
1158 862 1183 895 si
1201 862 1245 893 ita
1263 862 1352 893 certa

295 923 414 959 essent,
431 920 466 951 ut
482 919 557 950 sunt
579 919 673 949 acute
688 915 721 948 et
742 914 904 955 ingeniose
927 911 1121 953 excogitata,
1140 909 1220 942 niliil
1238 908 1353 941 meiius

298 967 358 999 liae
375 965 498 1006 Bergkii
511 963 670 997 sententia
687 962 779 995 soret.
824 964 870 994 Ac
883 960 1023 1002 primum
1040 958 1169 1000 quidem
1180 957 1215 989 τὸ
1226 957 1353 999 ἄπειρον

296 1023 337 1047 ex
356 1017 552 1052 Anaxagorae
572 1010 696 1052 placitis
724 1009 872 1050 ἀνόμοιον
895 1016 964 1041 esso
984 1007 1066 1039 vult.
1111 1008 1149 1039 In
1167 1014 1233 1047 quo
1251 1013 1352 1037 unum

296 1060 440 1093 desidero
459 1058 546 1100 quod
559 1056 783 1100 gravissimum
794 1064 864 1089 esse
876 1063 991 1087 omnes
1008 1054 1196 1094 largientur.
1243 1053 1352 1090 Quum

295 1108 381 1140 enim
399 1106 478 1138 ‘duo
499 1105 613 1146 ἄπειρα
640 1106 846 1143 Anaxagoras
875 1102 1048 1140 statueret,
1068 1100 1207 1133 alterum
1230 1100 1352 1141 ὅμοιον,

294 1154 441 1196 ἀνόμοιον
455 1152 605 1192 alterum,
633 1150 846 1193 quaerendum
864 1152 951 1187 erat,
973 1150 1082 1181 utrum
1108 1147 1148 1180 iis
1170 1147 1212 1180 de
1236 1146 1355 1188 quibus

295 1202 347 1234 liic
363 1201 468 1242 agitur
487 1198 686 1239 conveniret,
701 1197 787 1240 quod
802 1206 821 1230 a
838 1196 971 1238 Bergkio
985 1205 1049 1228 non
1065 1204 1138 1228 esse
1153 1195 1275 1228 factum
1293 1193 1353 1227 do-

293 1250 407 1282 lemus.
452 1248 512 1281 Est
527 1255 602 1279 vero
613 1245 760 1286 ἀνόμοιον
778 1243 856 1277 illud
872 1244 998 1285 ἄπειρον
1006 1246 1206 1283 Anaxagorae
1218 1242 1354 1275 minima

294 1296 438 1329 materiae
461 1302 546 1337 para,
571 1295 608 1326 ut
624 1302 665 1326 ex
684 1293 723 1326 iis
743 1301 818 1334 quac
840 1300 938 1332 supra
960 1289 1090 1323 laudata
1107 1291 1183 1323 sunt
1202 1293 1300 1331 atque
1313 1299 1354 1322 ex

293 1343 365 1377 aliis
381 1341 565 1383 fragmentis
579 1340 729 1380 efficitur,
742 1340 858 1372 velute
877 1338 981 1380 primo
998 1346 1069 1379 pag.
1082 1341 1124 1371 ⁶5
1139 1337 1192 1370 ed.
1212 1336 1352 1370 Schaub.

295 1390 380 1432 (pag.
411 1391 447 1423 14
467 1388 519 1422 ed.
545 1389 695 1429 Scliorn.)
716 1389 796 1430 ὁμοῦ
817 1386 919 1420 πάντα
940 1387 1087 1429 χρήματα
1100 1386 1153 1427 ἢν,
1171 1386 1285 1428 ἄπειρα
1300 1387 1354 1418 καὶ

293 1439 410 1477 πλῆθος
425 1438 480 1470 καὶ
490 1436 702 1478 σμικρότητα·
717 1437 771 1468 καὶ
787 1435 847 1478 γὰρ
867 1435 904 1468 τὸ
918 1435 1049 1477 σμικρὸν
1064 1434 1192 1475 ἄπειρον
1204 1433 1253 1475 ἦν.
1308 1435 1355 1467 De

295 1484 557 1519 dissimilitudine
570 1487 625 1516 τοῦ
641 1486 775 1526 σμικροῦ
788 1484 841 1515 καὶ
859 1482 988 1524 ἀπείρου
1005 1481 1084 1514 nihii
1101 1481 1234 1523 adjicio,
1251 1490 1353 1523 quum

295 1543 314 1566 e
335 1532 555 1575 superioribus
573 1531 651 1564 satis
671 1532 788 1572 pateat.
833 1530 978 1562 Alterum
995 1529 1135 1571 ἄπειρον,
1147 1528 1234 1570 quod
1246 1528 1355 1570 ὅμοιον

295 1589 364 1614 esse
380 1579 608 1620 arbitrabatur,
628 1579 694 1620 ipsa
708 1587 798 1611 mens
809 1577 904 1619 (νόος)
918 1581 977 1610 est.
1022 1579 1170 1617 Namque
1185 1577 1299 1617 fragm.
1310 1578 1354 1609 vt

296 1629 369 1660 init.
386 1637 419 1668 p.
438 1631 494 1660 too
507 1626 558 1659 ed.
574 1626 713 1659 Schaub.
735 1624 780 1666 (p.
796 1627 835 1657 24
853 1624 903 1658 ed.
923 1624 1072 1663 Scliorn.)
1090 1624 1160 1656 haec
1180 1624 1330 1665 leguntur
1345 1633 1353 1656 :

293 1676 332 1708 τὰ
346 1675 401 1717 μὲν
416 1675 496 1708 ἄλλα
509 1675 624 1711 παντὸς
638 1678 747 1715 μοῖραν
766 1673 901 1714 μετέχει,
919 1673 988 1709 νόος
1002 1673 1036 1704 δέ
1061 1672 1128 1704 ἐστι
1161 1672 1288 1715 ἄπειρον
1301 1673 1355 1704 καὶ

294 1722 478 1765 αὐτοκρατὲς
491 1723 544 1754 καὶ
559 1722 705 1764 μέμικται
719 1721 819 1753 οὐδενὶ
831 1720 979 1761 χρήματι,
993 1719 1071 1752 ἀλλὰ
1082 1722 1196 1761 μοῦνον
1212 1720 1290 1752 αὐτὸ
1305 1720 1355 1753 ἐπ’

294 1770 412 1802 ἑωυτοῦ
425 1768 504 1810 ἐστι,
521 1773 553 1801 et
566 1768 628 1800 sub
645 1767 740 1800 finem
751 1767 895 1808 ejusdem
911 1767 1093 1810 fragmenti,
1113 1768 1149 1799 ut
1161 1766 1260 1800 modo
1274 1766 1356 1800 vidi-

295 1825 380 1858 mus,
394 1815 464 1853 νόος
478 1816 512 1848 δὲ
525 1818 585 1853 πᾶς
596 1814 703 1856 ὅμοιός
717 1815 782 1847 ἐστι
797 1816 850 1847 καὶ
866 1815 884 1848 ό
898 1817 997 1856 μέζων
1007 1816 1061 1847 καὶ
1078 1815 1096 1847 ὁ
1108 1814 1262 1848 ἐλάσσων.
1280 1817 1355 1848 Jam

296 1872 376 1896 vero
401 1863 589 1906 Aristoteles
612 1862 732 1896 Melissi
755 1862 941 1904 opinionem
969 1864 1229 1903 impugnaturus,
1247 1862 1305 1903 qui
1323 1862 1356 1895 id

294 1911 383 1952 quod
401 1910 444 1943 sit
459 1910 621 1943 infinitum
641 1918 711 1943 esse
735 1909 863 1943 dixerat
888 1909 1005 1951 partim
1022 1909 1238 1942 Parmenideis
1255 1909 1357 1942 utitur

295 1958 384 1991 scitis
407 1958 522 1999 partim
538 1962 736 1999 Anaxagorae
753 1957 932 1990 doctrinam
955 1958 1199 1990 commemorat.
1245 1959 1357 1996 Quum

296 2007 405 2039 autem
424 2005 628 2039 Parmenides
644 2005 694 2038 sui
709 2005 815 2038 simile
831 2005 941 2037 dicens
955 2004 1143 2038 uuiversum
1164 2013 1203 2037 eo
1220 2005 1290 2046 ipso
1306 2005 1356 2037 in-

295 2052 394 2093 dicet,
407 2052 496 2085 illam
518 2052 761 2086 universitatem
780 2051 925 2092 partibus
944 2053 1091 2084 constare
1103 2075 1113 2090 ,
1136 2052 1293 2093 quoniam
1311 2052 1358 2084 si-

298 2099 447 2132 militudo
477 2099 548 2132 sine
575 2099 616 2132 iis
641 2108 717 2140 quae
744 2099 827 2131 inter
854 2107 889 2131 se
917 2101 1148 2140 comparantur
1168 2108 1208 2132 ne
1224 2099 1357 2140 cogitari

297 2141 437 2188 quidem'
463 2149 580 2188 potest,
605 2148 696 2179 extra
715 2146 901 2179 universum
923 2148 1033 2179 autem
1058 2147 1138 2179 nibil
1163 2148 1210 2180 est
1233 2159 1242 2179 ε
1270 2147 1358 2188 quod

299 2199 405 2236 partes
417 2194 546 2234 babeat,
566 2193 597 2227 id
609 2203 680 2227 esse
695 2193 823 2226 linitum
838 2193 1030 2227 Aristoteles
1044 2195 1176 2236 colligit.
1222 2198 1265 2228 At
1277 2195 1357 2228 illud

298 2245 497 2284 Anaxagora».
513 2242 640 2285 ἄπειρον
657 2241 746 2283 quod
768 2241 801 2274 in
828 2241 970 2274 minimis
988 2251 1099 2274 rerum
1123 2242 1271 2283 partibus
1291 2251 1359 2276 cer-

299 2289 387 2322 nitur
407 2298 483 2322 cum
501 2289 652 2322 Melisseo
674 2288 807 2331 ἀπείρῳ,
821 2287 908 2330 quod
925 2290 973 2322 est
985 2289 1184 2331 universum,
1198 2299 1263 2322 non
1274 2293 1360 2323 recte

300 2336 463 2375 contendi,
483 2336 605 2370 nemini
619 2336 757 2369 dubium
776 2339 832 2369 aut
856 2336 1035 2370 obscurum
1056 2337 1228 2371 videbitur.
1272 2341 1357 2378 Quo-

299 2384 385 2417 circa
401 2385 650 2426 confugiendum
675 2385 738 2418 erit
765 2385 807 2417 ad
833 2385 971 2418 alterum
994 2385 1133 2429 ἄπειρον,
1163 2386 1246 2419 illud
1268 2388 1357 2420 αὐτο-

299 2431 407 2474 κρατὲς
415 2431 502 2472 quod
511 2432 633 2465 semina
644 2440 751 2464 rerum
766 2431 898 2472 digessit
910 2431 966 2473 (cr.
976 2431 1090 2474 fragm.
1106 2435 1199 2466 xvil
1211 2436 1360 2467 etxvlll

302 2488 334 2520 p.
354 2481 413 2511 128
429 2482 462 2511 et
481 2483 538 2512 129
556 2478 607 2512 ed.
623 2478 779 2520 Scliaub.)
796 2488 835 2511 ac
859 2480 965 2512 totum
985 2480 1036 2513 sui
1049 2480 1154 2513 simile
1173 2482 1233 2514 est.
1280 2482 1361 2515 Inde

301 2527 520 2568 consequitur,
542 2530 578 2559 ut
603 2526 726 2559 infinita
746 2536 851 2568 mens,
877 2537 977 2569 quam
1003 2532 1208 2570 Anaxagoras
1236 2531 1361 2571 primus

303 2573 410 2606 animo
427 2574 671 2616 comprehendit
683 2574 725 2607 ad
743 2575 975 2608 confutandum
987 2584 1045 2609 ens
1054 2576 1253 2618 Merisseum,
1272 2578 1359 2619 quod

303 2620 462 2654 inlinitum
473 2623 506 2654 et
515 2622 702 2655 universum
718 2625 780 2663 est,
793 2623 881 2655 nullo
899 2623 996 2656 modo
1009 2625 1269 2666 accommodata,
1283 2635 1359 2659 cuni

306 2667 429 2708 placitis
445 2668 563 2701 Melissi
581 2668 621 2701 ab
645 2669 816 2702 Aristotele
837 2671 967 2703 tantum
986 2674 1211 2712 componatur.
1255 2673 1360 2706 Nimi-

307 2723 378 2747 rum
393 2715 411 2747 ὁ
433 2715 633 2757 Ἀναξαγόρας
654 2716 772 2759 ἐλέγχει
790 2717 842 2750 hic
862 2726 928 2750 non
948 2718 1140 2751 vertendum
1163 2719 1359 2761 redomuit,

307 2762 456 2803 refellit,
476 2764 511 2795 ut
526 2771 611 2804 saepe
621 2764 713 2803 alias,
730 2764 787 2797 sed
808 2764 1035 2806 demonstrat,
1052 2766 1216 2807 ostendit,
1231 2769 1267 2798 ut
1275 2767 1362 2809 apud

306 2810 474 2843 Platonem
495 2813 622 2852 Protag.
642 2815 715 2852 331,
733 2815 758 2845 Ε
779 2827 787 2846 :
806 2814 891 2847 ὥστε
917 2814 1016 2856 τούτῳ
1043 2825 1081 2856 γε
1101 2817 1148 2856 τῷ
1173 2814 1283 2857 τρόπῳ
1302 2815 1362 2846 κᾶν

306 2859 404 2889 ταῦτα
419 2857 570 2898 ἐλέγχοις,
590 2858 616 2890 εἰ
630 2858 766 2899 βούλοιο,
788 2861 830 2898 ὡς
845 2859 967 2893 ἅπαντά
988 2862 1072 2894 ἐστιν
1092 2861 1187 2904 ὅμοια
1199 2861 1353 2900 ἀλλήλοις.

308 2904 422 2945 Itaque
438 2905 536 2937 verba
565 2914 668 2945 graeca
695 2906 741 2939 sic
761 2908 896 2940 emendo
914 2910 947 2941 et
966 2908 1183 2949 interpretor:
1207 2910 1307 2952 Ἐχον
1330 2910 1363 2942 δὲ

309 2950 405 2992 μέσον
419 2951 473 2984 καὶ
487 2952 621 2994 ἔσχατα,
637 2953 732 2994 πέρας
745 2954 808 2996 ἔχει
825 2954 1027 2997 ἀγένητονόν,
1044 2957 1112 2989 ἐπεὶ
1128 2957 1155 2990 εἰ
1170 2957 1237 2999 καί,
1253 2960 1296 2994 ὡς
1312 2958 1364 2990 αὐ·

307 2997 360 3035 τὸς
374 2998 469 3039 λέγει,
489 2998 520 3030 ἐν
538 2998 618 3040 ἔστι,
635 3000 791 3033 καὶτοῦτο
803 3005 909 3044 σῶμα,
923 3003 987 3045 ἔχει
1001 3005 1078 3036 ἄλλα
1093 3005 1204 3037 ἑαυτοῦ
1222 3005 1298 3048 μέρη
1311 3008 1363 3037 καὶ

304 3049 405 3078 ταῦτα
421 3046 518 3088 ὅμοια
532 3046 646 3078 πάντα.
690 3047 751 3079 Καὶ
760 3048 819 3090 γὰρ
832 3049 938 3090 ὅμοιον
952 3051 1034 3082 οὕτω
1051 3051 1132 3091 λέγει
1144 3051 1179 3083 τὸ
1195 3054 1257 3084 πᾶν
1271 3053 1362 3092 εἶναι,

304 3091 376 3134 οὐχὶ
401 3094 443 3129 ὡς
465 3093 551 3125 ἄλλοι
571 3093 666 3135 ἑτέρῳ
685 3094 755 3135 τινί,
773 3095 848 3137 ὅπερ
861 3097 915 3129 καὶ
938 3097 1141 3142 Ἀναξαγόρας
1158 3099 1289 3141 ἐλέγχει,
1315 3100 1362 3132 ὅτι

303 3138 410 3180 ὅμοιον
418 3140 455 3172 τὸ
468 3140 606 3182 ἄπειρον·
617 3141 652 3173 τὸ
663 3141 696 3174 δὲ
709 3141 815 3183 ὅμοιον
827 3145 920 3187 ἑτέρῳ
933 3144 1051 3186 ὅμοιον,
1061 3147 1146 3179 ὥστε
1161 3147 1216 3180 δύο
1231 3149 1252 3187 ἢ
1265 3149 1364 3181 πλείω

309 3186 398 3228 ὄντα,
414 3187 471 3219 οὐκ
481 3188 519 3219 ἂν
532 3187 563 3219 ἓν
575 3187 640 3220 οὐδ’
653 3188 777 3231 ἄπειρον
792 3191 881 3224 εἶναι.
928 3193 1003 3225 Ἀλλ’
1015 3193 1093 3231 ἴσως
1106 3195 1141 3227 τὸ
1158 3194 1266 3236 ὅμοιον
1287 3197 1363 3239 πρὸς

310 3235 346 3267 τὸ
361 3234 437 3266 αὐτὸ
447 3234 528 3274 λέγει
543 3235 596 3267 καί
607 3247 699 3277 φησιν
715 3237 790 3270 αὐτὸ
800 3238 907 3278 ὅμοιον
924 3241 1000 3273 εἶναι
1012 3245 1084 3283 πᾶν,
1099 3242 1147 3275 ὅτι
1167 3245 1362 3287 ὁμοιομερές,

309 3283 393 3323 ὕδωρ
406 3282 440 3314 ὃν
453 3282 562 3321 ἅπανῆ
575 3286 632 3323 γῆν
646 3284 735 3322 ἢεῑτι
744 3289 883 3318 τοιοῦτον
897 3287 982 3328 ἄλλο,
997 3289 1018 3322 i.
1030 3298 1078 3321 e.:
1096 3303 1111 3318 ιι
1120 3290 1175 3323 sed
1189 3301 1289 3333 quum
1303 3301 1366 3325 me-

311 3328 401 3361 dium
424 3329 542 3362 habeat
561 3332 593 3362 et
611 3332 767 3372 extrema,
794 3333 889 3366 tinem
912 3335 1020 3377 habet,
1039 3339 1190 3378 quamvis
1205 3341 1364 3373 aeternum

311 3374 365 3415 sit,
379 3375 545 3417 quoniam,
562 3376 700 3418 etiamsi,
715 3380 752 3411 ut
768 3379 833 3420 ipse
842 3381 930 3422 dicit,
942 3391 1042 3416 unum
1052 3386 1101 3418 est
1118 3385 1216 3426 idque
1233 3395 1363 3429 corpus,

312 3422 392 3455 alias
405 3424 455 3459 sui
471 3426 577 3464 partes
605 3433 723 3466 easque
754 3427 874 3460 similes
888 3438 999 3463 omnes
1018 3430 1127 3465 habet.
1171 3433 1299 3466 Etenim
1326 3444 1365 3466 eo

314 3469 410 3503 modo
437 3470 542 3504 simile
572 3472 756 3506 universum
775 3473 854 3508 dicit
885 3484 964 3517 esse,
987 3477 1063 3519 (non
1089 3480 1365 3520 quemadmodum

1417 813 1488 845 aliis
1514 812 1630 854 placet,
1651 811 1743 845 alteri
1759 810 1905 852 cuidam)
1922 810 2010 853 quod
2033 811 2131 844 etiam
2151 814 2357 853 Anaxagoras
2369 812 2482 845 osten·

1416 860 1475 902 dit,
1495 860 1659 893 infinitum
1671 859 1721 892 sui
1732 858 1838 892 simile
1851 867 1922 892 esse
1935 858 2047 900 :atqui
2062 857 2182 900 siquid
2195 858 2301 892 simile
2315 860 2377 899 est,
2388 858 2482 892 alteri

1416 910 1467 941 est
1483 907 1601 948 simile,
1622 907 1666 939 ita
1680 907 1715 939 ut
1735 905 1801 939 duo
1819 906 1872 939 vel
1893 905 1986 947 plura
2006 904 2074 938 sint
2092 905 2191 946 entia,
2213 914 2278 939 non
2299 915 2403 939 unum
2420 914 2480 940 ne-

1415 963 1480 997 que
1500 954 1674 988 inlinitum.
1719 952 1783 987 Sed
1819 952 1957 986 fortasse
1983 951 2089 986 simile
2109 951 2188 986 dicit
2211 952 2358 994 ejusdem
2387 953 2484 996 (sem-

1418 1002 1486 1045 per)
1507 1002 1616 1035 habita
1630 1002 1755 1035 ratione
1771 999 2019 1042 contenditque,
2034 1000 2144 1042 ipsum
2157 1000 2263 1034 simile
2277 1009 2351 1034 esse
2361 1001 2481 1043 totum,

1418 1052 1529 1093 utpote
1553 1049 1734 1092 aequalibus
1761 1049 1915 1081 constans
1935 1046 2099 1089 partibus,
2125 1047 2204 1089 quia
2229 1047 2418 1082 universum
2441 1048 2484 1082 sit

1417 1107 1500 1140 aqua
1515 1098 1565 1131 vel
1576 1100 1662 1132 terra
1678 1098 1730 1131 vel
1746 1096 1964 1138 quodcunque
1977 1095 2066 1129 aliud
2089 1095 2186 1136 liujus
2202 1095 2337 1137 generis.
2357 1109 2374 1125 .-

1463 1148 1512 1179 18.
1540 1147 1640 1185 Δῆλος
1658 1146 1719 1188 γὰρ
1741 1144 1831 1183 οὗτος
1854 1144 1949 1182 ἀξιῶν
1965 1143 2044 1177 εἶναι
2061 1143 2094 1176 ἓν
2111 1146 2174 1175 τῶν
2199 1143 2334 1186 διμιρῶν
2350 1143 2485 1178 ἕκαστον

1418 1197 1514 1236 σῶμα
1526 1194 1575 1236 ὄν,
1591 1194 1650 1227 οὐκ
1663 1192 1790 1236 ἀπειρόν
1805 1193 1904 1225 ἐστιν.
1950 1193 1997 1225 ua
2017 1192 2114 1232 vulgo
2124 1191 2195 1224 haec
2212 1191 2311 1225 verba
2329 1191 2486 1226 exhfflen·

1417 1244 1483 1282 tur,
1504 1242 1545 1276 de
1566 1250 1708 1283 quorum
1732 1240 1933 1274 obscuritate
1948 1239 2023 1281 jure
2046 1242 2245 1280 conquestus
2266 1241 2316 1273 est
2337 1239 2485 1282 Spaldin-

1418 1289 1504 1330 gius.
1545 1291 1586 1322 At
1605 1289 1638 1321 in
1656 1288 1729 1321 cod.
1752 1287 1840 1329 Lips.
1860 1288 1910 1320 est
1935 1287 2036 1324 οὕτως
2059 1287 2155 1323 ἀξιῶν
2173 1288 2208 1320 et
2225 1288 2291 1319 τῶν
2312 1287 2352 1330 δ,ἠ
2368 1288 2484 1332 μερῶν,

1418 1335 1506 1377 quod
1525 1335 1636 1368 omisit
1653 1334 1812 1368 otcarius.
1857 1335 2019 1374 Quocirca
2036 1334 2174 1368 Beckius
2185 1335 2294 1367 locum
2312 1335 2357 1368 ita
2374 1334 2487 1369 distin·

1417 1383 1471 1423 gui
1492 1383 1620 1416 volebat
1638 1397 1647 1416 ι
1668 1385 1769 1423 Δῆλος
1781 1384 1841 1426 γὰρ
1853 1384 1954 1420 οὕτως
1969 1383 2064 1420 ἀξιῶν
2081 1383 2160 1416 εἶναι
2181 1378 2226 1419 lv}
2243 1385 2306 1416 τῶν
2325 1384 2363 1423 δὴ
2383 1386 2486 1427 μερῶν

1418 1432 1564 1472 ἕκαστον,
1583 1436 1679 1473 σῶμα
1691 1432 1740 1472 ὄν,
1753 1433 1811 1464 οὐκ
1826 1432 1953 1475 ἄπειρόν
1970 1433 2050 1465 ἐστι.
2074 1431 2139 1465 Sed
2153 1431 2274 1465 rectius
2287 1431 2402 1470 addito
2413 1441 2487 1474 pro·

1418 1480 1548 1513 nomine
1562 1479 1697 1513 relativo
1714 1480 1759 1512 ita
1773 1480 1880 1513 scribo
1898 1489 1907 1512 z
1929 1481 2029 1519 Δῆλος
2050 1480 2110 1522 γὰρ
2124 1480 2224 1517 οὕτως
2238 1479 2332 1518 ἀξιῶν
2351 1479 2431 1514 εἶναι
2453 1481 2487 1514 ἓν

1419 1529 1483 1558 τῶν
1496 1527 1534 1564 δὴ
1552 1529 1654 1568 μερῶν
1685 1527 1819 1560 ἕκαστον
1835 1530 1931 1568 σῶμα
1946 1527 1995 1566 ὄν,
2021 1526 2040 1560 ὃ
2064 1523 2125 1560 ὀὐκ
2137 1526 2266 1570 ἄπειρόν
2283 1526 2361 1560 ἔστι.
2386 1527 2487 1561 Simi-

1418 1573 1492 1606 liter
1503 1573 1570 1614 Jam
1587 1573 1793 1615 Spaldiugius
1809 1574 1864 1616 ὅγε
1884 1574 2056 1616 legendum
2074 1574 2271 1616 conjecerat.
2316 1577 2484 1609 caeterum

1418 1620 1598 1654 Aristotelis
1630 1621 1798 1654 conclusio
1828 1622 2037 1655 vehementer
2066 1623 2223 1663 repugnat
2242 1621 2344 1664 ipsius
2366 1622 2487 1657 Melissi

1419 1670 1569 1710 decretis,
1587 1670 1644 1712 qui
1668 1670 1724 1712 (ct‘.
1743 1670 1856 1710 fragm.
1879 1671 1928 1711 16)
1948 1670 2102 1704 dixerat:
2120 1671 2160 1703 Et
2183 1670 2239 1714 μὲν
2255 1670 2307 1704 ἐὸν
2335 1671 2416 1714 ἔστι,
2439 1672 2489 1706 δεῖ

1419 1718 1494 1751 αὐτὸ
1511 1718 1543 1750 ἓν
1559 1718 1657 1750 εἶναι·
1681 1719 1713 1751 ἓν
1729 1719 1762 1751 δὲ
1781 1720 1834 1752 ἑὸν
1856 1719 1903 1751 δεῖ
1928 1719 2006 1751 αὐτὸ
2029 1722 2125 1760 σῶμα
2150 1720 2194 1761 μὴ
2214 1719 2297 1761 ἔχειν
2308 1727 2316 1736 ·
2330 1720 2358 1753 εἰ
2370 1720 2405 1754 δὲ
2419 1720 2488 1763 ἦχοι

1418 1766 1534 1808 πάχος,
1554 1766 1622 1808 ἔχοι
1635 1767 1674 1799 ἂν
1698 1766 1793 1809 μόρια
1807 1767 1861 1799 καὶ
1876 1766 1980 1799 οὐκέτι
1991 1766 2030 1799 ἂν
2046 1765 2095 1806 εἴη
2107 1766 2153 1801 ἔν.
2197 1767 2238 1800 In
2248 1775 2288 1800 eo
2304 1770 2415 1801 autem
2435 1777 2487 1802 re·

1420 1814 1559 1846 fellendo
1574 1813 1606 1846 id
1626 1813 1831 1855 potissimum
1847 1815 1972 1855 spectat
1987 1813 2190 1855 Aristoteles,
2208 1815 2246 1848 ut
2265 1815 2420 1857 quoniam
2433 1815 2489 1850 ille

1421 1861 1606 1894 universum
1621 1870 1691 1895 esse
1709 1862 1872 1895 infinitum
1884 1861 2118 1902 affirmaverat,
2138 1863 2244 1903 partes
2261 1871 2333 1896 esse
2347 1863 2488 1897 universi

1419 1909 1590 1950 significet,
1607 1918 1684 1951 quae
1699 1909 1762 1942 etsi
1779 1918 1845 1942 non
1858 1909 1953 1949 ortae,
1971 1909 2051 1942 lines
2069 1913 2178 1942 tamen
2196 1908 2282 1943 inter
2300 1919 2336 1943 se
2348 1909 2424 1944 sint.

1463 1963 1515 1992 22.
1532 1960 1571 1991 Εἰ
1585 1959 1640 2000 μὲν
1654 1959 1714 2002 γὰρ
1727 1957 1884 1998 ἀνομοίων
1905 1957 2030 1999 ἀμερῶν
2047 1956 2109 2004 εἴη,
2123 1958 2236 1998 πολλά,
2251 1959 2307 1991 καὶ
2323 1958 2417 1996 αὐτὸς
2433 1959 2489 1993 οὗ·

1419 2019 1466 2040 τω
1480 2007 1510 2046 γ’
1524 2007 1603 2040 εἶναι
1626 2007 1721 2045 ἀξιοῖ.
1765 2008 1844 2039 Haec
1867 2005 2059 2047 neutiquam
2078 2014 2156 2038 cum
2179 2006 2219 2039 iis
2238 2005 2279 2040 do
2297 2007 2420 2048 quibus
2436 2008 2491 2042 hic

1421 2055 1603 2096 disputatur
1633 2053 1801 2087 conciliari
1833 2054 1980 2095 possunt.
2031 2053 2212 2087 Felicianus
2238 2054 2337 2088 vertit
2362 2065 2375 2087 ·.
2395 2067 2413 2084 ιι
2439 2056 2488 2089 Ad

1422 2102 1492 2134 baec
1513 2102 1540 2134 si
1571 2103 1732 2134 aeternum
1761 2102 1794 2134 et
1818 2100 1982 2133 infinitum
2002 2100 2058 2141 sit,
2080 2110 2148 2141 quo
2176 2104 2269 2142 pacto
2297 2110 2368 2136 esse
2390 2111 2495 2136 unum

1421 2158 1540 2190 corpus
1570 2151 1700 2191 potest?
1730 2158 1804 2182 nam
1828 2150 1854 2180 si
1887 2149 1930 2181 sit
1960 2148 2168 2182 dissimilium
2205 2148 2364 2191 partium,
2397 2152 2496 2184 erunt

1422 2197 1538 2238 multa,
1549 2200 1582 2229 et
1601 2198 1668 2238 ipse
1688 2205 1819 2238 quoque
1835 2195 1880 2228 ita
1898 2195 2077 2229 existimat.
2095 2209 2112 2225 ι»
2130 2197 2163 2229 Is
2178 2195 2276 2237 igitur
2300 2197 2377 2239 legit
2395 2199 2424 2232 ei.
2438 2198 2495 2239 μὲν

1421 2245 1480 2287 γὰρ
1505 2244 1663 2286 ἀνομοίων
1683 2247 1786 2287 μερῶν
1813 2244 1873 2282 ε’ίη.
1919 2245 1956 2276 ln
1979 2243 2136 2285 Lipsiensi
2166 2244 2249 2277 libro
2273 2246 2352 2279 est:
2383 2247 2412 2279 ei
2435 2247 2491 2288 μὲν

1422 2293 1656 2336 ἀνομοιομερῶν
1674 2292 1739 2333 (vel
1763 2291 2005 2334 ἁνομοιομερές,
2030 2300 2106 2324 nam
2119 2292 2350 2334 compendium
2373 2294 2406 2327 in
2427 2294 2492 2329 fine

1422 2339 1657 2372 dubitationem
1672 2340 1760 2380 facit)
1778 2339 1840 2379 εἴη,
1855 2339 1957 2372 πολλὰ
1967 2340 2021 2371 καὶ
2034 2339 2131 2377 αὐτὸς
2143 2339 2284 2381 γίνεσθαι
2295 2340 2387 2379 ἀξιοῖ.
2408 2343 2491 2376 Cor·

1423 2387 1488 2429 rige
1509 2400 1518 2420 ε
1542 2389 1579 2420 Εἰ
1594 2387 1649 2428 μὲν
1663 2387 1725 2429 γὰρ
1743 2386 1900 2428 ἀνομοίων
1924 2390 2027 2428 μερῶν
2052 2386 2112 2428 εἴη,
2139 2387 2240 2420 πολλὰ
2261 2388 2315 2420 καὶ
2335 2388 2429 2427 αὐτὸς
2452 2390 2492 2423 ἂν

1422 2435 1582 2475 γίγνεσθαι
1598 2435 1688 2471 ἀξιοῖ.
1732 2435 1835 2476 Negat
1850 2434 2041 2468 Aristoteles
2050 2434 2142 2476 quod
2155 2435 2318 2469 aeternum
2333 2439 2366 2470 et
2382 2435 2488 2470 infini-

1423 2483 1494 2514 tum
1510 2482 1565 2523 sit,
1599 2481 1631 2513 id
1662 2490 1765 2513 unum
1794 2489 1865 2515 esse
1893 2490 1987 2523 posse
2006 2482 2152 2524 corporis
2177 2484 2329 2516 naturam
2354 2483 2491 2518 habens.

1424 2531 1506 2567 Quoe
1522 2537 1626 2571 quum
1642 2528 1689 2561 ita
1707 2528 1784 2569 sint,
1803 2530 1931 2570 quaerat
1946 2529 2078 2572 aliquis,
2101 2530 2183 2571 quid
2200 2530 2309 2564 obstet
2327 2531 2493 2566 aeternitas

1424 2576 1562 2609 unitati?
1588 2577 1687 2609 Recto
1712 2585 1789 2609 vero
1811 2575 2017 2618 Spaldingius
2040 2577 2085 2609 ait
2105 2577 2158 2610 hic
2186 2586 2254 2610 non
2279 2585 2350 2611 esse
2371 2586 2492 2620 exspe-

1424 2623 1560 2657 ctandos
1578 2623 1650 2657 illos
1668 2624 1803 2666 laqueos
1821 2623 1940 2664 quibus
1958 2623 2051 2657 Plato
2072 2623 2317 2658 Parmenideam
2333 2625 2492 2659 unitatem

1425 2671 1458 2703 in
1474 2672 1624 2713 sophista
1641 2673 1673 2705 et
1689 2671 1884 2704 Parmenide
1902 2671 2060 2713 adoritur,
2081 2671 2136 2704 ubi
2152 2680 2216 2705 non
2235 2672 2375 2714 amplius
2396 2681 2493 2715 agno-

1425 2720 1486 2752 scit
1509 2729 1608 2752 unum
1630 2721 1800 2762 propterea
1819 2719 1906 2761 quod
1930 2719 2057 2752 dicatur
2076 2728 2151 2753 esse
2179 2719 2258 2753 illud
2279 2721 2337 2762 (ὡς
2363 2720 2439 2753 ἄλλο
2461 2732 2492 2753 τι

1425 2770 1578 2808 σημαῖνον
1593 2768 1629 2800 τὸ
1659 2768 1727 2800 ἐστι
1746 2770 1802 2800 τοῦ
1823 2767 1882 2808 ἓν).
1911 2767 2001 2800 Licet
2027 2767 2114 2800 enim
2137 2767 2250 2800 eadem
2279 2767 2404 2800 rationo
2430 2767 2493 2800 boc

1427 2814 1497 2847 loco
1518 2816 1619 2856 possit
1635 2815 1743 2855 negari
1762 2824 1864 2847 unum
1885 2823 1957 2848 esse
1973 2814 2006 2847 id
2018 2815 2071 2847 cui
2087 2815 2154 2848 duo
2170 2814 2384 2854 ascribantur,
2401 2818 2494 2848 aster-

1426 2862 1510 2895 nitas
1529 2863 1562 2895 et
1581 2862 1733 2901 infinitio,
1754 2870 1793 2894 eo
1810 2863 1920 2895 tamen
1943 2862 2074 2895 inclinat
2087 2862 2228 2903 animus,
2250 2863 2288 2894 nt
2304 2869 2382 2894 cum
2402 2862 2493 2904 Spal-

1426 2909 1535 2951 dingio
1554 2910 1696 2946 credam,
1723 2909 1828 2942 obiter
1856 2911 1962 2943 solum
1982 2910 2154 2943 memorari
2172 2910 2208 2943 τὸ
2238 2908 2353 2949 ἀΐδιον,
2378 2909 2493 2951 respici

1426 2959 1535 2991 autem
1554 2958 1588 2990 in
1612 2957 1894 2998 argumentatione
1913 2958 2007 2990 unice
2031 2958 2066 2990 τὸ
2089 2957 2228 2999 ἄπειρον,
2249 2956 2336 2999 quod
2363 2956 2494 2990 officere

1428 3007 1545 3040 unitati
1568 3006 1729 3048 stagiritae
1761 3014 1951 3048 persuasum
1982 3007 2063 3039 erat.
2108 3004 2194 3037 Illud
2225 3012 2304 3037 vero
2334 3004 2495 3046 imprimis

1428 3055 1635 3088 manifestum
1648 3057 1710 3095 est,
1731 3062 1863 3086 omnem
1883 3053 2025 3095 lapidem
2055 3061 2187 3085 movere
2214 3051 2435 3093 Aristotelem,
2458 3054 2495 3085 ut

1429 3103 1548 3136 salsum
1567 3111 1638 3136 esse
1658 3102 1858 3136 demonstret
1877 3101 1910 3133 id
1926 3101 2012 3143 quod
2031 3100 2180 3134 Melissus
2199 3100 2420 3133 contendebat
2434 3109 2494 3133 ens

1427 3159 1534 3192 neque
1549 3159 1666 3193 corpus
1682 3149 1802 3184 habere
1823 3157 1930 3191 neque
1956 3151 2063 3192 partes
2081 3148 2270 3192 (ἀδιαίρετον
2295 3149 2375 3182 εἶναι
2397 3151 2494 3189 σῶμα

1428 3198 1486 3230 οὐκ
1505 3198 1603 3241 ἔχον).

1471 3210 1540 3292 2(ξῖ
1553 3247 1611 3284 Εἰη
1626 3244 1727 3278 οὖνᾶν
1747 3245 1802 3277 καὶ
1821 3244 1950 3277 πλείονα
1976 3244 2072 3276 αὑτοῦ
2093 3244 2170 3287 μέρη
2196 3243 2369 3276 ἐλαττόνων
2385 3255 2420 3276 τε
2438 3244 2492 3275 καὶ

1429 3294 1630 3337 μικροτέρων,
1646 3293 1766 3326 ἀλλὰτε
1778 3293 1880 3335 πάντῃ
1895 3293 1933 3325 ἂν
1943 3293 2041 3334 ταύτῃ
2055 3293 2179 3325 ἀλλοῖον
2198 3292 2246 3331 εἴη
2259 3292 2384 3330 οὐδενὸς
2397 3303 2493 3335 προσ*

1428 3341 1611 3382 γιγνομένου
1626 3341 1773 3382 σώματος
1792 3340 1856 3372 οὐδ’
1878 3339 2139 3382 ἀπογιγνομένου,
2184 3342 2222 3373 In
2244 3340 2307 3380 his,
2331 3347 2408 3381 quae
2426 3347 2491 3371 ma·

1430 3397 1525 3429 gnam
1540 3390 1665 3430 partem
1676 3388 1784 3429 inepta
1795 3389 1882 3429 sunt,
1896 3396 1998 3430 pauca
2015 3388 2118 3421 variat
2130 3388 2299 3429 exemplar
2313 3386 2489 3429 Lipsiense,

1429 3436 1601 3469 articulum
1621 3436 1661 3468 τὰ
1691 3437 1774 3469 inter
1790 3436 1920 3468 πλείονα
1939 3438 1971 3469 et
1991 3436 2087 3468 αὐτοῦ
2107 3437 2252 3469 inserens
2267 3438 2300 3468 et
2315 3436 2427 3469 relic-ta
2444 3433 2491 3466 in·

1431 3485 1477 3516 ter
1494 3485 1562 3516 ἀλλ’
1574 3485 1607 3517 et
1622 3495 1656 3517 τε
1673 3484 1786 3517 lacuna
1802 3485 1969 3526 sequentia
1991 3487 2107 3525 practer
2125 3485 2213 3517 οὐδὲν
2233 3492 2292 3526 pro
2308 3482 2430 3520 οὐδενὸς
2446 3482 2493 3515 ita
