2612 3814
259 275 310 308 26

1137 251 1557 296 COMMENTARIUS

262 361 429 409 ligentia.
454 372 470 389 ι»
493 354 541 391 At
559 353 668 406 ὄρωρε
702 364 782 389 non
812 350 978 389 activam
993 378 1002 396 ,
1036 347 1103 386 sed
1132 355 1309 385 neutram
1378 342 1620 383 Schneidew.
1645 341 1797 395 ἅρμασιν
1811 341 1847 380 ἐν
1861 337 2029 393 Χαρίτων
2051 337 2226 393 φορηθείς.
2247 338 2442 391 Empedo-

264 418 377 456 babet
408 421 651 468 potestatem.
683 412 874 450 Praeterea
907 409 1099 448 sententia
1129 420 1208 445 non
1235 415 1310 444 tam

263 476 476 529 perfectum
494 471 603 526 ὄρωρε
618 501 628 519 ,
651 484 765 523 quam
788 478 854 508 aut
883 469 956 507 hoc
976 468 1104 519 ipsum
1125 475 1190 504 aut
1210 465 1316 504 aliud

262 534 427 574 verbum
446 532 625 585 praesenti
650 540 824 582 tempore
842 528 1085 567 enuntiatum
1105 525 1313 564 desiderat.

264 594 361 634 Mihi
391 593 496 631 Sexti
529 590 830 643 explicationem
867 587 1055 639 spectanti
1091 584 1316 636 ponendum

263 653 418 692 videtur
447 650 594 690 πεύσεαι
614 650 652 688 οὗ
686 648 790 686 πλέον
820 645 860 694 ἠὲ
890 645 1029 699 βροτείη
1060 647 1164 696 μῆτις
1189 646 1314 696 &parm

264 727 339 751 non
351 715 439 763 plus
454 722 651 760 cognosces
662 739 670 754 ,
697 721 808 758 quam
829 714 1008 756 quantum
1023 706 1193 741 humana
1209 705 1318 740 intel-

268 775 421 823 ligentia
455 772 560 808 videt.
592 767 635 806 ld
656 768 759 806 enim
791 779 869 804 non
904 773 1053 803 tantum
1084 762 1218 802 verbis
1239 761 1317 799 ἀλλ’

267 830 412 883 ἐρ’ὅσον
426 831 495 868 inv
505 844 520 867 ε
530 834 598 867 ῖτα
611 829 649 866 ιδ
663 825 874 878 ἀνθρώπινος
885 823 985 876 λόγος
993 821 1133 872 ληΎῐΊΓῆν
1148 821 1318 875 ὑπάρχειν

267 897 567 927 consentaneum
595 894 674 933 est,
703 884 770 923 sed
801 884 914 922 etiam
949 882 1202 934 sequentibus
1225 895 1233 919 :
1261 880 1320 919 καὶ

271 948 326 987 διὰ
347 950 414 986 τῶν
447 946 522 993 ἑξῆς
552 943 745 990 ἐπιπλήξας
776 946 847 987 τοῖς
879 942 984 982 πλέον
1007 940 1321 996 ἐπαγγελλομένοις

267 1005 449 1058 γινώσκειν
471 1004 683 1057 παρίστησιν
700 1001 751 1040 ὅτι
773 1017 806 1041 κ.
828 1018 862 1042 τ.
884 1003 919 1042 λ.

321 1064 402 1103 Vss.
427 1064 570 1111 45-57.
591 1062 730 1101 Sextus
759 1062 786 1099 l.
821 1075 854 1100 c.
878 1059 938 1098 καὶ
959 1058 1015 1098 διὰ
1048 1061 1117 1097 τῶν
1140 1058 1216 1106 ἑξῆς
1245 1059 1323 1097 ἐπι-

270 1122 402 1169 πλήξας
421 1127 492 1166 τοῖς
510 1120 614 1159 πλέον
645 1118 963 1172 ἐπαγγελλομένοις
982 1116 1180 1170 γινώσκειν,
1214 1117 1322 1170 παρί-

270 1197 390 1228 στησιν
420 1180 473 1219 ὅτι
504 1180 544 1218 τὸ
576 1180 619 1218 δι’
650 1179 799 1227 ἑκάστης
825 1177 1019 1225 αἰσθήσεως
1052 1176 1319 1227 λαμὸανόμενον

270 1239 391 1278 πιστόν
412 1241 506 1288 ἐστι,
525 1242 585 1278 τοῦ
601 1237 705 1290 λόγου
729 1238 860 1276 τούτων
881 1238 1146 1280 ἐπιστατοῦντος
1161 1267 1170 1283 ,
1193 1235 1321 1288 καίπερ

271 1300 435 1351 πρότερον
468 1297 705 1350 καταδραμὼν
735 1299 798 1343 τ’ἦς
828 1297 889 1335 ἀπ’
919 1297 1032 1334 αὐτῶν
1054 1295 1214 1339 πίστεως.
1236 1295 1322 1349 φησὶ

270 1357 363 1410 γάρ·
384 1356 474 1396 ἀλλὰ
491 1357 574 1408 θεοὶ,
598 1358 674 1395 κτλ.
691 1355 755 1394 Vs.
774 1357 826 1393 50
856 1356 941 1393 sine
972 1356 1143 1393 auctoris
1163 1356 1324 1393 nomine

272 1419 364 1455 citat
391 1417 568 1455 Clemens
601 1416 709 1454 Alex.
742 1415 885 1452 Strom.
910 1414 953 1453 V.
977 1428 1016 1466 p.
1041 1415 1118 1452 628
1137 1414 1196 1453 ed.
1218 1414 1322 1454 Pott.

268 1476 335 1514 Vs.
360 1476 409 1514 52
437 1475 599 1514 Procius
622 1475 663 1512 in
696 1474 872 1512 Platonis
905 1473 1096 1511 Timaeum
1127 1486 1214 1525 pag.
1250 1474 1322 1511 106

274 1538 326 1587 (p.
351 1535 427 1573 252
449 1535 509 1572 ed⁴
535 1533 737 1582 Schneid.)
756 1533 818 1571 his
838 1533 969 1571 verbis
995 1547 1004 1571 ε
1026 1532 1269 1584 Ἐμπεδοκλῆς
1288 1533 1324 1571 δὲ

274 1594 382 1642 αὐτὴν
415 1592 669 1646 ἐπαγγέλλεται
699 1590 825 1630 δώσειν
846 1593 909 1638 τὴν
943 1591 1121 1639 ἀλήθειαν·
1151 1591 1211 1630 καὶ
1241 1592 1324 1630 τάδε

270 1656 332 1699 τῆς
362 1651 483 1705 σοφίης
514 1653 569 1691 ἐπ’
602 1651 739 1703 ἄκροισι
763 1650 888 1696 θοάζει.
923 1652 1032 1689 Adde
1054 1652 1254 1691 Plutarch.
1278 1653 1325 1691 de

274 1711 443 1749 Amicor.
468 1710 575 1749 mult.
598 1723 685 1762 pag.
710 1711 759 1760 93
787 1710 888 1762 (Vol.
914 1711 962 1748 Vl
992 1725 1031 1763 p.
1066 1712 1142 1756 346
1165 1712 1223 1750 ed.
1251 1710 1324 1764 R).

270 1769 333 1808 Vs.
355 1770 418 1816 [05.
435 1769 651 1822 ἐπετρέψατε
672 1770 805 1817 codd.;
830 1769 1050 1822 ἀποτρέψατε
1071 1771 1242 1809 correxit
1257 1771 1325 1809 Fa-

274 1829 431 1867 bricius.
449 1828 514 1868 Vs.
534 1830 597 1874 46.
626 1828 798 1881 ὀχεύσατε
834 1830 920 1868 cod.
943 1830 1149 1878 nonnulli3
1180 1829 1320 1882 ὀχετεύ·

271 1903 358 1927 -σιτε
377 1888 596 1926 emendavit
615 1888 847 1939 Stephanus.
865 1889 931 1928 Vs.
953 1890 1016 1932 48.
1037 1889 1117 1927 Pro
1141 1889 1328 1928 membra-

275 1959 411 1984 narum
433 1946 541 1984 vitiis
564 1947 616 1998 ἐφ’
637 1947 848 1998 ἡμείροισιν,
871 1947 1092 1999 ἐφημέροισιν
1111 1948 1172 1986 vel
1195 1948 1325 2002 ἐφημέ-

276 2018 375 2054 ρϊ,σιν
391 2004 563 2055 reposuit
576 2004 793 2055 Stephanus
810 2005 1064 2059 ἐφημερίοισιν.
1081 2007 1175 2045 Post
1188 2007 1326 2045 ἀκούειν

275 2076 353 2101 non
373 2064 487 2115 plene
508 2063 758 2103 distinximus
780 2079 865 2104 cum
889 2066 1095 2104 Kal-stenio
1112 2076 1149 2105 et
1162 2068 1327 2118 Bergkio

274 2136 416 2163 comm.
446 2123 494 2162 de
524 2123 685 2175 Emped.
716 2138 884 2176 prooem.
906 2140 945 2178 p.
986 2141 1047 2177 ¹9,
1081 2127 1146 2165 sed
1173 2127 1329 2177 virgula

277 2182 402 2233 posita
419 2182 597 2221 ultimum
615 2196 772 2222 versum
786 2183 905 2236 πέμπε
920 2185 1173 2238 παρέὗσεὸίης
1189 2187 1326 2225 ἐλάουσ’

277 2240 408 2288 εὐήνιον
437 2240 532 2294 ἅρμα
564 2254 610 2279 ex
643 2242 794 2293 ἄντομαι
826 2251 959 2295 aptum
992 2256 1074 2281 esse
1108 2244 1324 2283 voluimus.

278 2299 459 2339 Precatur
474 2301 578 2338 enim
598 2300 744 2339 Musam
764 2315 851 2353 quae
873 2316 1032 2340 currum
1051 2303 1164 2352 regit,
1185 2312 1227 2341 ut
1248 2304 1325 2343 sibi

276 2358 431 2396 dicturo
445 2367 630 2409 quantum
646 2360 876 2399 mortalibus
891 2361 1027 2399 audire
1042 2361 1097 2401 sas
1111 2372 1168 2400 est
1185 2364 1325 2413 agilem

279 2417 389 2454 illum
407 2431 561 2455 currum
581 2431 602 2455 a
616 2419 759 2468 pietate
775 2420 950 2471 profecta
971 2421 1109 2459 mittat.
1131 2422 1288 2475 Quippe
1308 2437 1329 2461 a

282 2476 422 2525 pietate
450 2476 644 2527 proficisci
675 2479 780 2526 vult,
803 2488 846 2516 ut
874 2479 915 2517 in
944 2480 1086 2518 itinere
1112 2482 1247 2520 oculos
1281 2482 1329 2521 ab

279 2535 387 2573 omni
404 2536 659 2587 turpitudine,
672 2537 872 2585 dedecore,
891 2539 1039 2589 flagitio
1058 2550 1220 2581 avertat.
1245 2541 1332 2580 Cae-

283 2602 406 2631 terum
434 2593 587 2643 Bergkii
619 2595 842 2647 conjectura
869 2597 988 2648 πέμπε
1021 2598 1058 2637 δέ
1091 2602 1129 2651 μ’
1156 2600 1330 2649 Εὐσεὸίης

283 2651 443 2690 minime
465 2654 684 2692 necessaria
708 2663 778 2695 est.
800 2655 913 2701 Quod
944 2666 1070 2696 autem
1100 2659 1331 2699 Karstenius

284 2710 357 2756 ait,
379 2721 463 2748 esse
489 2709 736 2761 ambiguum,
771 2713 854 2765 παρ’
873 2723 1002 2754 utrum
1030 2716 1146 2768 jungi
1175 2728 1332 2770 praestet

282 2781 368 2805 cum
390 2769 599 2820 participio
618 2769 767 2809 ἐλάουσα
788 2785 836 2810 an
853 2787 938 2812 cum
955 2775 1134 2824 εὗσεὸίης,
1152 2787 1330 2817 neutrum

284 2839 378 2864 vero
396 2836 631 2879 praepostere
663 2830 747 2868 fieri
781 2845 901 2882 quum
933 2834 1065 2873 eadem
1098 2836 1332 2887 ambiguitas

283 2885 502 2936 reperiatur
521 2899 578 2925 vs.
597 2889 646 2926 85
672 2902 680 2926 :
700 2891 746 2932 ὡς
770 2888 806 2928 δὲ
824 2893 907 2943 παρ’
925 2893 1099 2946 ἡμετέρης
1118 2895 1259 2934 κέλεται
1275 2913 1334 2935 πι-

286 2943 455 2995 στώματα
478 2945 623 2993 Μούσης
636 2976 646 2995 ,
664 2947 734 2987 ubi
753 2949 851 3002 παρὰ
870 2952 931 2990 vel
955 2967 1042 2991 cum
1069 2954 1208 2994 κέλεται
1241 2971 1333 2996 con-

281 3003 397 3054 jungi
415 3003 532 3043 liceat
559 3006 623 3044 vel
647 3020 735 3044 cum
756 3008 901 3057 Μούσης
924 3025 933 3048 :
955 3011 998 3049 in
1026 3025 1071 3051 eo
1100 3014 1163 3052 vir
1197 3016 1334 3056 doctus

291 3062 452 3102 fallitur.
475 3063 627 3102 Etenim
656 3065 755 3117 παρὰ
775 3067 840 3106 hic
863 3071 1027 3109 eundem
1056 3071 1172 3112 habet
1201 3087 1334 3124 usum,

286 3129 328 3159 ut
347 3121 388 3158 in
409 3121 548 3173 Odyss.
569 3124 639 3164 lib.
658 3125 747 3173 xit,
771 3139 820 3174 70
843 3130 926 3182 παρ’
945 3129 1082 3178 Αἰήταο
1100 3131 1257 3173 πλέουσα
1273 3137 1335 3174 vel

288 3179 403 3217 Iliad.
426 3180 492 3228 Vl,
520 3195 590 3230 177
621 3185 719 3234 σ’ἠμα
749 3184 914 3238 φέρεσθαι
948 3189 1047 3243 παρά
1066 3205 1168 3235 τινος.
1202 3191 1337 3245 Itaque

288 3237 541 3289 Empedocles
574 3253 818 3293 nequaquam
845 3251 1004 3296 pietatis
1042 3263 1188 3288 currum
1224 3251 1338 3292 finxit

287 3307 327 3336 ut
347 3298 574 3339 Karstenius
592 3302 700 3350 vult,
723 3303 789 3341 sed
810 3307 1030 3356 superiores
1051 3318 1184 3360 poetas
1205 3310 1334 3350 imita-

288 3365 349 3395 tus
365 3365 422 3396 est
441 3358 511 3409 qui
531 3358 727 3399 Musarum
748 3371 786 3400 et
805 3362 1030 3404 Gratiarum
1061 3381 1202 3407 currus
1219 3383 1334 3409 exco-

286 3415 515 3464 gitaverant.
534 3418 727 3459 Pindarus
742 3421 856 3472 Pyth.
873 3423 921 3469 X,
939 3425 988 3463 65
1003 3426 1073 3464 τόδ’
1089 3426 1221 3472 ἔζευξεν
1239 3427 1336 3481 ἅρμα

292 3474 462 3526 Πιερίδων
481 3478 682 3531 τετράορον.
702 3479 891 3522 Simonid.
911 3483 1061 3535 Fragm.
1081 3485 1190 3535 CCV,
1213 3501 1258 3526 10
1273 3490 1333 3530 ed.

1356 1368 1376 3535 -————-—-——-———————⁸———'—-————-——-—

1379 404 1452 442 elis
1474 402 1605 440 locum
1628 399 1767 453 procul
1789 398 1911 438 dubie
1932 397 2121 451 spectavit
2139 397 2252 436 Plato
2272 397 2314 436 in
2334 396 2445 437 Phae-

1378 463 1450 501 dro
1470 476 1511 514 p.
1529 466 1604 509 274
1625 462 1670 498 Α.
1688 458 1733 498 τὰ
1748 458 1812 509 μὲν
1828 460 1914 498 θεῶν
1928 457 2098 512 ὀχήματα
2115 457 2311 512 ἰσορρόπως
2324 457 2445 507 εὖήνια

1377 520 1460 560 ὄντα
1483 519 1609 574 ῥᾳδίως
1629 518 1837 571 πορεύεται,
1852 516 1898 556 τὰ
1918 517 1954 557 δὲ
1977 516 2070 557 ἄλλα
2091 515 2302 576 πορεύονται
2326 515 2439 570 μόγις·

1381 578 1491 632 βρίθει
1511 577 1578 631 γὰρ
1595 579 1613 616 ὁ
1629 579 1692 624 τῆς
1712 575 1827 625 κάκης
1839 575 1949 622 ἵππος
1969 575 2131 630 μετέχων
2152 575 2211 616 ἐπὶ
2230 579 2296 629 γῆν
2324 574 2440 629 ῥέπων

1381 654 1417 677 τε
1439 637 1499 677 καὶ
1520 635 1694 690 βαρύνων,
1711 634 1754 684 ἢν
1773 635 1824 688 μὴ
1845 637 1961 681 καλῶς
1984 630 2008 690 ᾗ
2027 635 2266 689 τεθραμμένος
2286 636 2356 677 ὑπὸ
2375 638 2445 676 τῶν

1381 697 1545 752 ἡνιόχων.
1563 697 1737 736 Omnino
1766 697 1814 736 ad
1841 697 2140 750 exprimendam
2162 696 2444 737 sublimitatem

1381 760 1490 798 nulla
1507 757 1709 798 veteribus
1730 758 2064 796 accommodatior
2087 756 2298 796 videbatur
2315 758 2446 809 imago

1382 832 1498 870 quam
1543 831 1696 857 currus.
1733 817 1792 857 Cf.
1826 816 2165 857 Hemsterhusium
2200 816 2248 855 ad
2279 816 2443 856 Lucian.

1380 879 1514 918 Somn.
1533 892 1566 918 c.
1590 877 1636 916 15
1653 891 1741 930 pag.
1767 878 1842 928 198
1859 877 1920 917 ed.
1944 876 2033 929 Bip.
2053 885 2092 915 et
2106 877 2189 914 Ast.
2209 875 2258 914 ad
2290 875 2444 916 Platon.

1381 938 1409 977 l.
1429 952 1461 978 c.
1484 951 1524 990 p.
1546 951 1623 988 ²90
1643 950 1726 989 seq.
1753 937 1853 976 Hinc
1875 936 1991 975 etiam
2012 934 2122 974 aurei
2142 935 2332 974 carminis
2353 941 2446 974 con·-

1382 997 1486 1035 ditor
1512 1009 1573 1037 vs.
1597 997 1647 1046 69
1666 995 1808 1047 ἡνιόχον
1841 993 1987 1047 γνώμην
2021 1002 2267 1033 commentus
2298 1001 2377 1042 est,
2398 994 2448 1034 de

1383 1069 1460 1106 qua
1481 1055 1573 1094 vide
1592 1055 1818 1093 Hieroclem
1848 1067 1936 1106 pag.
1974 1053 2046 1092 165
2075 1066 2157 1105 seq.
2177 1053 2240 1092 ed.
2261 1061 2385 1094 nostr.
2410 1063 2449 1094 et

1384 1128 1470 1166 quae
1486 1114 1544 1153 ibi
1565 1115 1790 1153 notavimus
1810 1128 1852 1166 p.
1880 1120 1971 1162 174.

1436 1173 1502 1214 Vs.
1521 1174 1583 1213 50.
1594 1173 1634 1212 σέ
1648 1175 1679 1225 γ’
1690 1173 1832 1221 Codd.,
1850 1173 1956 1224 quod
1972 1171 2203 1212 Karstenius
2218 1171 2451 1212 demandata

1384 1231 1515 1271 subito
1547 1232 1668 1271 Musae
1698 1232 1887 1283 loquendi
1926 1232 2014 1271 vice
2045 1231 2267 1284 positisque
2298 1231 2450 1272 lacunae

1383 1292 1505 1342 signis
1536 1292 1724 1331 defendit.
1762 1291 1804 1330 σύ
1837 1293 1870 1344 γ’
1890 1292 2081 1342 Bergkius
2113 1290 2303 1339 tentavit;
2341 1289 2379 1331 τί
2412 1293 2450 1343 μ’

1384 1351 1725 1392 Panzerbieterus.
1749 1351 1879 1390 Porro
1899 1351 2040 1404 βιήσεαι
2059 1350 2251 1400 Bergkius
2267 1350 2447 1403 scripsit.

1383 1433 1438 1440 —-
1456 1410 1521 1451 Vs.
1555 1411 1700 1451 51-52.
1723 1413 1858 1450 θνατῶν
1888 1411 1997 1449 Sexti
2025 1409 2286 1461 membranae,
2314 1412 2450 1458 θνητῶν

1386 1471 1576 1521 Bergkius
1586 1480 1623 1509 et
1638 1471 1880 1511 Karstenius.
1899 1469 2447 1518 ἀνελέσθαιίῖοάἀ.,ἀναδεῖσθαι

1387 1531 1589 1581 Bergkius.
1612 1530 1800 1585 ἐφωθοείης
1828 1531 1891 1569 vel
1921 1529 1975 1583 ἐφ’
1998 1523 2028 1583 ᾧ
2049 1530 2163 1578 θοείης
2186 1529 2308 1584 (θώῃς)
2339 1531 2452 1570 Sexti

1386 1592 1498 1632 codd.
1522 1600 1638 1643 atque
1658 1591 1781 1630 editio
1797 1590 2063 1639 Genevensis3
2088 1592 2143 1644 ἐφ’
2161 1585 2223 1645 {20’
2240 1591 2338 1640 ὁσίης
2365 1592 2451 1632 Cle-

1389 1652 1529 1689 mentis
1549 1650 1644 1690 libri
1668 1660 1706 1689 et
1725 1650 1958 1701 Stephanus.
1992 1650 2114 1689 Plene
2132 1661 2223 1703 post
2250 1653 2361 1691 εἰπεῖν
2392 1651 2452 1690 di-

1387 1710 1610 1749 stinxerunt
1652 1710 1883 1748 Karstenius
1915 1718 1953 1747 et
1986 1710 2195 1760 Bergkius,
2232 1711 2453 1750 versiculos

1388 1769 1540 1819 aliquot
1559 1769 1662 1807 inter
1681 1768 1786 1806 hunc
1815 1776 1854 1806 et
1881 1769 2107 1820 proximum
2143 1770 2338 1810 excidisse
2366 1770 2455 1823 opi-

1388 1829 1479 1866 nati.
1501 1828 1577 1866 Sed
1595 1827 1697 1866 nihil
1719 1828 1853 1867 deesse
1872 1829 2094 1880 suspicatus
2117 1838 2175 1868 est
2205 1833 2454 1870 Hermannus

1388 1901 1502 1939 quem
1518 1888 1716 1927 sseklzerus
1728 1888 1782 1925 ait
1799 1887 1952 1926 sublata
1967 1895 2056 1938 post
2070 1888 2180 1925 εἰπεῖν
2195 1887 2452 1927 distinctione

1387 1961 1445 1986 vs.
1468 1948 1516 1986 52
1532 1962 1605 1999 pro
1621 1947 1780 1998 vulgato
1795 1946 1916 2001 θάρσει
1931 1947 2038 1998 quod
2053 1948 2289 2000 interpretes
2306 1961 2329 1986 a
2342 1947 2453 1987 Musa

1391 2006 1450 2043 vel
1472 2015 1587 2058 poeta
1607 2006 1795 2045 mortales
1823 2005 2004 2044 hortante
2025 2006 2173 2045 dictum
2202 2007 2451 2046 existimave-

1389 2074 1475 2103 rant
1494 2065 1618 2118 θάρσεϊ
1639 2078 1834 2105 exarasse.
1867 2065 1928 2104 καὶ
1949 2065 2028 2104 τότε
2047 2065 2089 2113 δὴ
2107 2066 2271 2116 Sextus,
2290 2067 2349 2105 καὶ
2369 2067 2453 2106 τάδε

1389 2124 1573 2172 Proclus,
1592 2125 1654 2164 καὶ
1678 2125 1761 2176 σύγε
1784 2124 1826 2172 δὴ
1847 2125 2192 2167 Panzerbieterus.
2212 2127 2328 2172 θοάζει
2346 2127 2451 2167 Sexti

1390 2185 1503 2224 codd.
1552 2185 1862 2236 Regimontanus
1907 2195 1945 2224 et
1986 2186 2016 2223 V
2020 2187 2325 2235 ratislaviensis,
2359 2188 2452 2226 item

1389 2245 1553 2284 Procius
1570 2254 1607 2283 et
1623 2246 1868 2297 Stephanus;
1889 2245 1995 2299 θοάζῃ
2017 2246 2114 2286 Cod.
2136 2247 2313 2287 Cizeuzis
2337 2257 2453 2300 atque

1389 2304 1509 2343 editio
1540 2305 1804 2353 Genevensis,
1839 2307 1998 2356 θαμίζειν
2026 2307 2285 2358 Plutarchus,
2317 2309 2455 2354 θοάσεις

1389 2364 1569 2404 Sturzius
1601 2375 1755 2404 secutus
1787 2366 2027 2416 Scaligerum
2057 2368 2098 2405 in
2119 2367 2306 2420 Stephani
2338 2369 2454 2408 Poesi

1390 2424 1488 2475 phil.
1509 2438 1550 2476 p.
1574 2426 1651 2463 216
1669 2426 1738 2477 qui
1765 2434 1893 2464 tamen
1914 2427 1956 2464 in
1978 2426 2083 2465 libro
2113 2427 2455 2478 Lugdunobatavo

1394 2483 1598 2523 Karstenio
1628 2494 1724 2524 teste
1755 2485 1856 2531 θόαζε
1890 2486 1966 2536 legi
1996 2486 2154 2525 volebat
2187 2487 2294 2539 quod
2328 2501 2456 2541 nuper

1394 2543 1692 2583 Panzerbietero
1712 2546 1754 2583 in
1776 2554 1942 2583 mentem
1962 2547 2085 2584 venit.
2106 2547 2217 2585 Adde
2232 2547 2337 2599 quod
2355 2547 2456 2588 θοάσ-

1392 2618 1462 2646 σεις
1481 2603 1709 2643 Karstenius
1721 2605 1905 2656 conjecit,
1925 2604 2057 2650 θοάξεις
2074 2606 2304 2654 Meinekius,
2322 2607 2456 2653 θοάζεις

1393 2662 1602 2714 Bergkius‚
1626 2663 1761 2710 θοάζειν
1785 2665 2033 2704 Hermannus
2050 2666 2114 2704 cui
2138 2667 2339 2719 astipulati
2365 2675 2457 2706 sunt

1394 2722 1588 2762 Bekkerus
1605 2732 1642 2762 et
1667 2724 1856 2764 Steinius.
1880 2725 1963 2764 Etsi
1992 2725 2098 2764 enim
2119 2739 2198 2764 non
2221 2726 2457 2779 displicebat

1393 2782 1461 2819 illa
1494 2796 1611 2834 quam
1641 2784 1710 2822 alii
1739 2784 1979 2837 philosopho
2011 2784 2232 2824 tribuerant
2262 2786 2454 2825 sententia

1393 2841 1515 2894 θάρσει
1538 2843 1616 2882 κτλ.
1640 2845 1740 2880 aude
1758 2854 1797 2881 et
1812 2849 1865 2881 sic
1883 2849 2140 2896 insapientiae
2160 2845 2367 2894 fastigium
2389 2849 2449 2882 in-

1394 2905 1533 2948 voluto,
1559 2911 1687 2941 tamen
1713 2903 1894 2942 hocloco
1915 2904 2171 2957 Empedocles
2201 2918 2246 2943 ea
2271 2905 2456 2956 praefatus

1395 2975 1481 3012 quae
1508 2961 1555 3000 ad
1576 2963 1924 3002 commendandam
1946 2963 2180 3003 mortalibus
2206 2966 2389 3016 pietatem
2419 2974 2457 3004 et

1395 3020 1623 3059 modestiam
1645 3021 1778 3060 valent
1803 3035 1882 3060 non
1905 3022 2116 3061 videbatur
2143 3036 2260 3075 posse
2280 3023 2458 3063 homines

1396 3088 1461 3117 aut
1486 3080 1571 3132 ipse
1593 3081 1648 3118 ita
1675 3080 1789 3119 affari
1812 3090 1879 3120 aut
1909 3081 2062 3120 Musam
2097 3082 2364 3133 alloquentem
2394 3083 2456 3120 in·

1396 3138 1558 3187 ducere,
1576 3148 1619 3178 ut
1639 3139 1803 3179 audacia
1821 3154 1906 3179 esse
1925 3155 2025 3193 opus
2045 3155 2126 3193 prae
2145 3154 2186 3180 se
2208 3141 2326 3180 ferret
2345 3141 2394 3180 ad
2415 3141 2456 3180 id

1397 3198 1502 3249 quod
1519 3213 1711 3238 summum
1731 3199 1771 3237 in
1789 3213 1919 3238 rerum
1934 3201 2265 3253 contemplatione
2285 3209 2344 3240 est
2362 3214 2464 3240 con«

1397 3259 1649 3309 sequendum.
1665 3259 1914 3311 Quapropter
1927 3260 2108 3299 versibus
2120 3261 2188 3309 ita,
2199 3261 2257 3300 uti
2269 3261 2455 3310 diximus,

1397 3318 1608 3356 emendatis
1640 3327 1755 3370 negat
1794 3319 2046 3371 Empedocles
2074 3321 2288 3372 cupiditate
2327 3326 2460 3359 exitnii

1387 3377 1505 3423 flores
1524 3378 1676 3416 honoris
1701 3393 1728 3416 a
1759 3378 1981 3416 mortalibus
2012 3383 2234 3430 reportandi
2268 3393 2353 3419 sese
2383 3382 2457 3419 im-

1398 3435 1554 3485 pulsum
1569 3436 1641 3485 iri,
1663 3446 1707 3476 ut
1727 3438 1839 3490 plura
1857 3451 1973 3489 quam
1994 3439 2047 3477 fas
2070 3439 2120 3476 sit
2137 3439 2320 3477 audacter
2336 3452 2458 3478 enun-

1400 3492 1467 3531 tiet
1480 3507 1601 3545 eaque
1614 3496 1775 3535 audacia
1790 3497 1829 3535 in
1845 3497 2046 3549 sapientiae
2059 3497 2253 3548 fastigium
2270 3497 2453 3538 enitatur.
