2612 3814
366 260 414 293 52
1238 243 1654 284 COMMENTARIUS

364 339 522 379 κύκλοπα
542 337 667 388 κούρην
687 336 730 389 (i.
751 349 786 375 e.
808 333 1032 387 κυκλοειδῆ),
1051 336 1269 372 circularem
1291 336 1419 384 papt‘l-
1441 352 1447 387 1
1483 332 1593 370 1111110
1608 345 1727 382 quum
1748 330 1842 382 quid
1860 330 2113 382 Empedocles
2130 331 2332 382 scripserit
2346 330 2539 371 incertum
2601 350 2604 355 ’

366 406 442 439 lam
463 403 605 451 implet.
622 398 836 450 Hesychius
852 397 1010 449 quidem
1029 411 1037 435 :
1054 396 1210 448 λοχάζει,
1229 395 1415 448 ἐνεδρεύει;
1443 392 1447 452 l
1477 391 1528 429 sit
1548 390 1784 429 servandum
1814 402 1899 428 esse
1917 389 2033 438 duxi,
2055 390 2130 428 hoc
2146 398 2310 442 excepto
2335 389 2442 442 quod
2463 404 2540 442 pro

366 461 432 500 sed
453 460 517 499 hic
538 460 621 498 sola
651 457 869 510 occupandi
898 465 935 495 et
967 456 1155 508 implendi
1178 456 1286 493 notio
1315 455 1417 492 valet

366 519 475 558 nullo
491 518 720 557 insidiarum
739 516 905 566 vestigio
919 515 1070 554 relicto.
1089 514 1418 566 01101151λοχάζετο

366 579 536 631 pertinet
560 578 606 616 ad
626 577 721 615 illud
745 585 894 626 tempus
914 588 992 626 quo
1009 575 1111 613 oculi
1134 572 1416 619 formabantur,

367 638 472 690 quod
493 651 514 675 e
536 636 667 675 verbis
688 634 928 673 Aristoteleis
949 647 1026 671 non
1047 642 1168 685 patet,
1187 632 1415 671 vertendum

367 699 550 748 Implebat
582 695 642 733 vel
676 695 895 743 occupabat.
927 692 1005 730 Pro
1037 693 1206 745 λεπτῇσιν
1240 690 1415 745 ὀθόνῃσιν,

366 756 472 808 quod
495 755 665 793 Bekkero
691 761 728 791 et
755 751 959 790 Karstenio
991 751 1139 798 arrisit,
1167 752 1347 790 Osannus
1377 751 1416 789 in

368 814 608 854 Philemonis
639 812 850 850 Grannnat.
878 824 916 862 p.
956 810 1027 847 113
1049 809 1172 848 scribi
1196 810 1324 849 voluit
1358 812 1416 849 λε-

366 872 567 915 πτοσύναις.
602 871 734 921 Neque
754 882 847 907 vero
886 877 1050 907 metrum
1082 868 1153 908 hac
1174 869 1418 907 correctione

366 941 468 983 eget,
482 944 600 982 quum
616 930 751 968 ultima
769 929 809 966 in
827 929 994 980 λεπτῇσιν
1013 928 1090 966 arsi
1106 929 1273 980 produci
1286 937 1414 979 queat.

367 992 462 1031 Vide
482 990 571 1030 adn.
589 989 636 1027 ad
653 1002 708 1027 vs.
731 988 817 1025 103.
836 987 919 1026 Huc
939 988 1087 1026 accedit
1103 988 1207 1039 quod
1223 988 1418 1026 Bekkerus

367 1051 406 1089 in
428 1064 506 1089 uno
525 1049 658 1088 codice
675 1047 919 1086 emendatum
938 1047 1088 1085 invenit
1105 1047 1274 1099 λεπτῇσίν
1295 1048 1327 1098 γ’
1345 1048 1418 1086 ὀθό-

368 1123 483 1160 νῃσιν,
502 1109 534 1146 si
552 1121 596 1146 ea
615 1116 672 1145 est
694 1106 912 1145 emendatio
935 1107 1123 1148 vocanda.
1143 1107 1287 1147 Sensus
1312 1109 1415 1147 enim

369 1168 535 1218 requirit
564 1167 668 1218 quod
695 1166 922 1205 Karstenius
939 1174 976 1205 01
995 1166 1317 1206 Panzerbieterus
1345 1182 1419 1207 su-

368 1227 506 1279 spicati
535 1235 647 1273 sunt,
670 1225 841 1264 Steinius
869 1224 1071 1277 probavit,
1097 1226 1228 1280 λεπτῇς
1260 1228 1309 1265 εἰν
1342 1225 1419 1265 ὀθό-

365 1301 457 1339 νῃσῑ.

420 1345 482 1384 Vs.
518 1346 594 1383 228
627 1343 858 1396 ἀμφινᾶοντος
887 1352 990 1382 recte
1018 1344 1239 1384 Aristotelis
1268 1354 1306 1384 et
1329 1346 1416 1384 Em·

368 1403 540 1456 pedoclis
555 1403 746 1450 editores;
771 1402 1000 1454 ἀμφινάεντος
1018 1404 1079 1442 vel
1104 1404 1337 1457 ἀμφινοιέντος
1356 1405 1415 1442 vi-

368 1463 465 1501 tiose
495 1462 673 1513 plerique
706 1461 880 1513 codices,
913 1475 998 1513 quae
1034 1464 1229 1515 scriptura
1260 1464 1302 1502 in
1340 1478 1419 1502 uno

372 1520 476 1559 libro
498 1520 552 1558 ita
568 1519 777 1570 depravata
802 1527 878 1566 est,
900 1528 943 1557 ut
963 1520 1004 1558 in
1026 1521 1116 1574 ἀμφὶ
1133 1521 1275 1565 καέντος
1293 1530 1419 1560 trans-

368 1579 471 1618 ierit.

419 1637 485 1678 Vs.
507 1638 652 1676 230-23
663 1651 676 1674 1
687 1667 696 1677 .
711 1635 864 1689 κορυφὰς
879 1638 977 1690 κτλ.]
994 1638 1226 1679 Plutarchus
1242 1640 1290 1678 de
1307 1642 1418 1680 Orac.

367 1697 443 1738 def.
460 1710 501 1749 p.
522 1697 613 1743 418,
637 1696 716 1736 vol.
734 1695 803 1734 Vll
823 1709 862 1748 p.
890 1697 967 1745 647
989 1697 1051 1737 ed.
1076 1698 1204 1738 Reisk.
1226 1713 1235 1737 :
1259 1700 1340 1737 ἀλλ’
1359 1699 1418 1738 ἵνα

367 1757 415 1807 μὴ
435 1754 550 1810 (κατὰ)
570 1754 610 1793 τὸ
625 1754 896 1806 Ἐμπεδόκλειον
911 1756 1019 1794 εἰπεῖν
1031 1756 1119 1803 δόξω
1139 1775 1155 1792 α
1178 1758 1332 1812 κορυφὰς
1349 1760 1419 1798 ἑτέ-

368 1831 428 1867 ρας
462 1814 595 1867 ἑτέραις
617 1813 833 1867 προσάπτων
863 1813 982 1865 μύθων
1005 1815 1096 1865 μήτε
1126 1816 1240 1868 λέγειν
1262 1818 1419 1869 ἀτραπὸν

368 1875 465 1925 μίαν,
492 1892 508 1909 n
529 1874 656 1913 ἐάσατέ
692 1889 736 1924 με
767 1875 839 1917 τοῖς
871 1872 1023 1925 πρώτοις
1049 1878 1227 1929 προσῆκον
1251 1879 1420 1917 ἐπιθεῖναι

368 1934 477 1978 τέλος.
504 1932 645 1971 Versus
661 1933 863 1971 constituit
888 1932 1099 1984 Xylander,
1118 1943 1264 1974 mutato
1288 1937 1422 1989 ἑτέραις

369 1994 409 2032 111
438 1992 602 2047 ἑτέραισι.
641 1992 747 2030 Idem
784 2006 858 2044 pro
890 1993 1106 2044 προσάπτων
1141 1994 1260 2034 scribi
1297 1998 1423 2036 voluit

367 2051 595 2105 προσάπτειν.
612 2050 842 2090 Karstenius
855 2051 1054 2102 Scaligero
1075 2061 1234 2093 auctore
1253 2069 1326 2106 pro
1349 2056 1423 2095 ἑτέ-

356 2123 442 2163 ραις
461 2111 633 2161 vulgavit
652 2110 792 2162 ἑτέρῃσι
805 2119 843 2149 01
859 2111 907 2150 de
923 2111 1212 2163 Wyttenbachii
1232 2117 1423 2155 sententia

367 2171 479 2221 λόγων
492 2184 566 2222 pro
584 2170 710 2223 λέγειν.
728 2169 946 2222 Utrumque
959 2185 1046 2210 cum
1065 2172 1218 2212 Steinio
1238 2174 1420 2226 probavi.

370 2230 425 2268 De
454 2229 664 2268 verborum
696 2229 1047 2282 Empedoclem-um
1080 2236 1271 2273 sententia
1300 2237 1422 2276 nolim

368 2289 482 2340 plura
495 2289 624 2328 dicere
640 2303 755 2341 quam
774 2303 862 2341 quae
877 2303 898 2330 e
912 2291 1114 2331 Plutarchi
1134 2293 1222 2333 1000
1240 2296 1422 2335 concludi

369 2357 547 2399 possunt.
575 2347 738 2387 Videtur
763 2349 863 2388 illud
883 2349 1031 2389 dictum
1053 2352 1095 2390 in
1118 2366 1185 2392 eos
1212 2356 1424 2394 convenire

371 2408 440 2457 qui
454 2436 465 2454 ‚
486 2420 605 2458 quum
627 2407 704 2446 sibi
737 2422 816 2447 non
835 2418 1034 2458 constent,
1058 2412 1326 2452 diversissima
1346 2415 1423 2453 mi-

371 2474 534 2514 scentes,
551 2466 687 2504 relicta
700 2467 747 2505 de
756 2481 833 2518 qua
844 2468 974 2508 dicere
991 2469 1245 2510 instituerunt
1262 2473 1420 2513 dicendi

373 2524 546 2573 materia,
563 2524 611 2563 ad
631 2525 737 2563 aliud
754 2535 869 2578 atque
886 2528 993 2567 aliud
1004 2540 1276 2581 argumentum
1294 2541 1424 2572 trans-

372 2590 479 2622 eunt.

426 2640 493 2681 Vs.
514 2641 603 2680 232.
625 2641 858 2683 Plutarchus
883 2646 971 2685 Non
998 2661 1110 2699 posse
1139 2651 1313 2690 suaviter
1341 2653 1425 2692 vivi

373 2712 452 2739 500.
471 2699 636 2752 Epic.p.
658 2704 772 2754 1103,
788 2704 872 2743 vol.
893 2705 961 2754 lx,
978 2720 1066 2758 pag.
1087 2709 1160 2754 541
1185 2710 1246 2750 ed.
1267 2711 1422 2753 Reisk.:

374 2758 434 2796 καὶ
455 2759 506 2797 δεῖ
529 2759 612 2812 παρ’
631 2759 649 2797 ὃ
671 2760 757 2811 (leg.
783 2762 844 2801 καὶ
874 2764 924 2808 δὶς
954 2765 1022 2818 γὰρ
1051 2766 1083 2819 ὃ)
1115 2767 1155 2815 δὴ
1187 2769 1294 2808 καλόν
1333 2773 1426 2812 ἐστιν

376 2819 541 2866 ἀκοῦσαι,
557 2818 650 2858 κατὰ
669 2819 727 2858 τὸν
745 2820 1010 2874 Ἐμπεδοκλέα.
1032 2826 1267 2869 Scholiastes
1296 2831 1426 2871 Plato-

373 2875 437 2914 nis
455 2876 498 2914 in
517 2876 702 2927 Gorgiam
719 2892 808 2930 pag.
836 2888 907 2928 124
928 2883 990 2922 ed.
1020 2884 1174 2926 Ruhnk.
1205 2890 1255 2934 δὶς
1275 2890 1335 2929 καὶ
1355 2891 1428 2945 τρὶς

376 2935 415 2973 τὸ
435 2934 559 2986 καλόν,
591 2935 644 2974 ὅτι
662 2936 732 2990 χρὴ
753 2937 833 2992 περὶ
859 2944 928 2979 τῶν
959 2943 1077 2982 καλῶν
1096 2947 1264 2994 πολλάκις
1298 2949 1425 3003 λέγειν.

377 2993 659 3066 Ἐμπεδοκλέους
679 2995 717 3035 τὸ
738 2996 838 3047 ἔπος,
860 3001 917 3053 ἀφ’
938 2995 976 3039 οῧ
998 3002 1059 3041 καὶ
1078 3006 1100 3052 ἡ
1131 3008 1323 3060 παροιμία·
1341 3012 1426 3064 φησὶ

376 3067 444 3106 γαρ

485 3135 545 3174 καὶ
566 3137 616 3181 δὶς
631 3137 715 3190 γάρ,
736 3138 754 3178 ὃ
771 3141 839 3190 δεῖ,
857 3142 963 3182 καλόν
982 3146 1074 3185 ἐστιν
1092 3148 1264 3191 ἐνισπεῖν.

380 3222 424 3260 111
447 3223 712 3265 Siebenkeesii
731 3227 877 3270 Anecd.
896 3232 965 3272 Gr.
985 3247 1025 3285 p.
1053 3235 1100 3274 33
1119 3247 1318 3278 exaratum
1336 3251 1393 3281 est
1411 3244 1430 3282 ὃ

381 3281 416 3319 δὲ
457 3283 578 3322 καλόν.
615 3286 645 3324 Ε
678 3286 888 3328 Plutarcho
924 3291 1153 3334 Karstenius
1188 3306 1226 3336 et
1258 3299 1430 3342 Steinius

383 3340 634 3380 scribendum
662 3353 847 3395 putarunt
871 3349 931 3388 καὶ
952 3350 1000 3395 δὶς
1018 3352 1085 3405 γὰρ
1105 3352 1124 3392 ὃ
1144 3354 1185 3403 δὴ
1203 3357 1308 3396 καλόν
1339 3361 1430 3400 ἐστιν

381 3397 530 3437 ἐνίσπειν
552 3399 650 3455 (510).
669 3402 846 3446 Sturzius
867 3409 980 3448 talem
998 3415 1217 3464 composuit
1236 3430 1392 3456 versum
1420 3434 1427 3457 :

434 3484 484 3530 δὶς
496 3485 564 3541 γὰρ
579 3481 641 3529 καὶ
656 3490 730 3544 τρὶς
745 3493 796 3534 δεῖ
814 3494 854 3544 δ’,
873 3512 907 3535 τι
924 3496 966 3545 δὴ
981 3499 1088 3539 καλόν
1103 3503 1196 3541 ἐστιν
1211 3503 1376 3549 ε’νίσπειν.

1478 450 1630 489 ἐνίσπειν
1650 451 1765 503 posui
1782 450 1951 489 ἐνισπεῖν.
1967 450 2022 488 De
2040 450 2127 501 ipso
2142 449 2359 502 proverbio
2378 449 2541 490 consule

1477 510 1622 550 Zenob.
1648 525 1735 558 111,
1764 511 1839 558 33;
1862 509 2014 549 Erasmi
2043 509 2168 560 Adag.
2189 509 2292 548 Chil.
2325 524 2340 548 1
2364 517 2464 550 cent.
2490 523 2534 550 11

1478 589 1517 626 p.
1530 577 1596 623 683
1610 575 1736 613 Sturz.
1752 577 1792 613 111
1801 575 2018 614 Comment.
2031 574 2118 614 Soc.
2131 574 2236 614 Phil.
2250 575 2358 627 Lips.
2372 574 2489 615 Tom.
2502 574 2538 628 l,
2603 560 2612 592 Ἰ

1478 648 1517 685 p.
1537 648 1613 682 ²72
1638 643 1675 672 et
1694 633 1927 673 Stallbaum.
1947 634 1996 672 ad
2015 634 2193 682 Platonis
2213 635 2425 675 Philebum
2445 648 2538 688 pag.

1485 693 1558 743 198
1579 691 1679 746 (pag.
1698 694 1747 743 59
1765 692 1827 732 ed.
1849 692 2010 747 Steph.).

1533 752 1599 792 Vs.
1618 754 1820 791 233-236.
1841 753 1886 792 El
1905 752 1934 791 δ’
1948 752 2227 806 ἄγε-ἅπαντα]
2247 753 2428 793 Clemens
2449 751 2542 793 Ale·
2608 776 2612 807 j

1477 812 1696 851 xandrinus
1715 814 1860 851 Strom.
1880 811 1911 849 V
1925 826 1963 864 p.
1977 814 2053 860 674
2074 811 2175 851 Pott.
2193 827 2203 851 ε
2218 811 2359 863 ἄμεινον
2377 811 2415 852 δὲ
2436 811 2541 852 ἔκδέ-
2588 864 2592 866 .

1477 874 1605 925 χεσθαι
1636 870 1695 910 τὸν
1726 871 1847 922 αἰθέρα
1860 900 1871 919 ,
1897 870 2016 910 πάντα
2034 871 2227 924 συνέχοντα
2247 871 2307 911 καὶ
2328 870 2541 925 σφίγγοντα,

1477 931 1570 970 καθὰ
1589 931 1649 970 καὶ
1665 934 1683 971 δ
1701 931 1948 982 Ἐμπεδοκλῆς
1968 946 2086 986 φησιν·
2099 932 2130 970 εἷ
2144 932 2175 969 δ’
2191 930 2256 983 ἄγε
2272 932 2352 971 κτλ.
2372 931 2541 972 Planum

1478 1000 1535 1030 est
1547 991 1607 1030 1115
1615 991 1797 1030 versibus
1810 991 2082 1043 Empedoclen]
2096 990 2334 1042 singularem
2343 991 2540 1043 quandam

1479 1051 1527 1089 de
1546 1064 1676 1090 rerum
1698 1051 1909 1103 principiis
1928 1063 2144 1102 eorumque
2163 1051 2341 1090 omniurn
2359 1063 2451 1102 quae
2466 1049 2542 1090 sub

1479 1112 1614 1150 oculos
1643 1111 1787 1150 cadunt
1825 1110 1981 1161 origine
2014 1110 2323 1162 disputationem
2355 1122 2540 1150 exorsum

1478 1182 1576 1209 esse.

1533 1227 1598 1268 Vs.
1624 1230 1717 1267 233.
1745 1229 1774 1267 εἷ
1793 1229 1824 1267 δ’
1843 1227 1906 1280 ἄγε
1924 1231 2042 1267 τοινῧν
2062 1227 2132 1280 ἐγὼ
2149 1227 2293 1277 Clem.;
2317 1227 2392 1267 εἶδ’
2409 1227 2471 1280 ἄγε
2485 1242 2543 1266 τοι

1479 1287 1567 1332 λέξω
1598 1288 1837 1340 Sylburgius
1873 1302 1960 1326 cum
1991 1288 2189 1340 Stephano
2221 1288 2264 1327 in
2293 1288 2408 1327 Poesi
2439 1286 2541 1340 phil.

1479 1361 1519 1398 p.
1544 1350 1614 1394 283
1634 1350 1664 1386 εἰ
1682 1348 1711 1386 δ’
1729 1348 1793 1399 ἄγε
1812 1362 1865 1386 τοι
1882 1348 1945 1398 μὲν
1963 1345 2032 1399 ἐγὼ
2049 1347 2213 1394 Potter.;
2230 1348 2261 1385 εἷ
2279 1347 2309 1386 δ’
2330 1345 2388 1398 ἄγ’
2404 1345 2475 1399 ἐγὼ
2491 1361 2544 1385 τοι

1478 1410 1538 1445 νῦν
1554 1407 1753 1454 Stu1·zius;
1773 1408 1802 1446 εἰ
1820 1406 1850 1445 δ’
1866 1406 1947 1460 ἄγε,
1967 1409 2027 1444 νῦν
2044 1421 2099 1445 τοι
2117 1405 2187 1458 ἐγὼ
2202 1406 2292 1452 λέξω
2311 1406 2543 1446 Karstenius

1480 1479 1596 1517 quem
1617 1480 1704 1505 cum
1726 1466 1878 1504 Steinio
1908 1475 2064 1505 secutus
2090 1480 2190 1506 sum.
2216 1466 2412 1504 Praeterea
2442 1465 2542 1513 ἥλιον

1483 1525 1596 1578 ἀρχήν
1610 1526 1766 1565 00111005
1782 1526 1960 1578 praebent
1973 1540 1984 1578 3
1997 1526 2104 1577 quod
2118 1539 2240 1578 quum
2262 1525 2357 1565 ferri
2377 1534 2546 1578 nequeat
2610 1551 2612 1553 -

1483 1597 1571 1624 cum
1587 1585 1847 1632 810101οἡλίου
1859 1586 1973 1638 ἀρχήν
1990 1586 2147 1638 scripsi.
2161 1586 2256 1624 Post
2270 1585 2375 1625 hunc
2386 1598 2544 1625 versum

1481 1644 1660 1684 Sturzius
1679 1654 1718 1684 et
1737 1645 1969 1684 Karstenius
1997 1645 2148 1683 lacunae
2167 1645 2281 1695 signa
2299 1653 2520 1697 posuerunt
2532 1675 2543 1694 ,

1483 1704 1805 1743 Panzerbieterus
1819 1718 1942 1743 unum
1958 1704 2094 1744 deesse
2114 1705 2355 1744 versiculum
2369 1713 2476 1744 ratus
2491 1705 2547 1744 lo·

1484 1777 1571 1802 cum
1589 1764 1646 1802 sic
1663 1764 1829 1815 corrigit
1847 1778 1855 1802 ε

1536 1863 1566 1901 εἷ
1588 1862 1616 1900 δ’
1639 1861 1718 1914 ἄγε,
1735 1865 1795 1900 νῦν
1814 1877 1868 1901 τοι
1886 1861 1955 1913 ἐγὼ
1970 1860 2062 1907 λέξω
2079 1860 2188 1914 πρῶτ’
2205 1861 2338 1909 ἠελίοιο

1539 1921 1686 1975 (ὄμὸρου
1701 1937 1738 1960 τε
1753 1921 1894 1975 χθονίης
1909 1937 1948 1961 τε
1970 1920 2031 1960 καὶ
2053 1919 2206 1960 ἀπλέτου
2225 1919 2374 1974 αἰθέρος)
2392 1919 2522 1974 ἀρχήν.

1483 2022 1558 2060 Sed
1590 2022 1732 2061 horum
1764 2035 1880 2060 nemo
1906 2021 2113 2074 scriptoris
2146 2029 2314 2060 mentem
2347 2031 2548 2062 assecutus
2607 2053 2612 2060 ..

1484 2082 1722 2186 ‘'kasiz-34.
1745 2141 1791 2180 In
1814 2140 2018 2180 codicibus
2038 2149 2095 2179 est
2115 2155 2123 2178 :
2144 2139 2178 2185 ἐξ
2195 2133 2243 2179 ὧν
2265 2139 2307 2188 δὴ
2327 2139 2486 2192 ἐγένοντο
2501 2139 2548 2180 τὰ

1483 2206 1544 2240 νῦν
1577 2200 1782 2254 ἐσορώμενοι
1813 2201 1952 2250 πάντα,
1973 2201 2079 2252 quod
2108 2201 2284 2252 Scaliger
2318 2202 2482 2241 mutavit
2503 2202 2548 2241 in
2606 2211 2612 2245 j

1486 2261 1519 2307 ἐξ
1542 2256 1590 2300 ὧν
1615 2260 1821 2313 ἐξεγένοντο,
1850 2260 2085 2300 Karstenius
2115 2261 2158 2299 in
2181 2261 2216 2307 ἐξ
2233 2254 2282 2299 ὧν
2301 2261 2379 2312 (vel
2403 2263 2443 2300 ἐκ
2461 2261 2546 2312 τῶν)
2605 2255 2612 2298 ξ

1486 2321 1528 2368 δὴ
1565 2321 1727 2373 γεγάασι.
1762 2321 1907 2360 Neutra
1943 2322 2166 2360 emendatio
2204 2321 2406 2360 satisfacit.
2449 2319 2547 2359 Nam
2602 2323 2612 2373 *i

1485 2380 1585 2419 illud
1610 2379 1644 2425 ἐξ
1672 2374 1720 2419 ὧν
1742 2394 1822 2418 11οη
1843 2380 1959 2419 habet
1985 2394 2064 2432 quo
2096 2381 2304 2419 referatur.
2327 2379 2465 2432 Itaque
2498 2391 2550 2418 ne

1487 2440 1629 2479 Steinii
1658 2440 1819 2492 quidem
1853 2440 2156 2492 explicationem
2185 2440 2402 2493 probamus
2424 2453 2550 2479 mem·
2603 2453 2612 2468 ι

1486 2499 1697 2539 branarum
1715 2501 1949 2552 scripturam
1964 2501 2006 2539 in
2023 2500 2129 2540 hunc
2148 2500 2309 2540 modum
2329 2501 2518 2540 vertentis
2535 2514 2544 2538 :
2606 2499 2612 2536 ἰ

1491 2579 1507 2596 a
1529 2564 1655 2600 die-am
1673 2564 1744 2600 tibi
1760 2565 1951 2612 principia
1979 2570 2091 2612 atque
2110 2565 2298 2610 originem
2315 2563 2422 2606 solis,
2449 2561 2549 2598 unde

1485 2635 1620 2672 nempe
1645 2630 1729 2660 orta
1756 2625 1835 2658 sint
1862 2635 1949 2671 quoe
1977 2635 2076 2659 nunc
2103 2625 2389 2672 conspiciuntur,
2424 2629 2547 2669 terra,
2604 2615 2612 2679 Ξ

1487 2696 1630 2720 mare»
1666 2690 1740 2721 etc.
1772 2680 1929 2733 Quippe
1959 2680 2208 2720 desideratur
2242 2679 2437 2732 particula
2470 2692 2550 2731 qua
2603 2679 2612 2724 ’,Ῑ

1487 2741 1680 2780 orationis
1716 2740 1891 2779 membra
1916 2740 2168 2791 colligantur.
2197 2738 2464 2786 Quamobrem
2485 2751 2551 2778 su·
2602 2739 2606 2757 ²

1488 2801 1620 2852 spicor
1636 2800 1912 2853 Empedoclem
1934 2802 2113 2853 posuisse
2132 2814 2142 2840 :
2164 2799 2226 2840 καὶ
2245 2799 2336 2844 τίνος
2355 2798 2550 2852 ἐξεγένοντο
2602 2821 2605 2827 ·

1489 2861 1569 2899 κτλ.
1586 2860 1628 2898 111
1645 2860 1746 2898 hanc
1758 2861 1990 2899 sententiam
2007 2875 2015 2898 :
2032 2863 2158 2898 dz'cam
2174 2862 2244 2898 tibi
2258 2862 2348 2898 solis
2364 2863 2548 2910 origittem

1488 2928 1600 2969 atque
1615 2921 1714 2957 unde
1729 2929 1813 2957 orta
1830 2924 1907 2958 sint
1922 2928 1996 2959 etc.
2513 2934 2517 2937 '

1541 2977 1626 3018 Vss.
1638 2978 1755 3016 235-2
1762 2979 1824 3019 36.
1840 2978 1885 3022 ἀὴ
1893 2978 2299 3034 ρ-ἠδάἷθὴρσφίγγων
2311 2977 2391 3031 περὶ
2403 2976 2529 3017 κύκλον

1489 3040 1567 3076 Aer
1583 3037 1632 3076 ab
1665 3037 1898 3090 Empedocle
1927 3039 2014 3078 aliis
2042 3040 2139 3078 locis
2158 3047 2323 3078 vocatur
2352 3036 2470 3092 αἰθήρ.
2495 3036 2547 3076 cf.

1488 3110 1545 3136 vs.
1567 3098 1618 3135 60
1636 3105 1674 3136 et
1696 3111 1760 3147 79.
1790 3098 1861 3136 Hic
1882 3111 1948 3136 aer
1968 3097 2016 3136 ab
2040 3098 2182 3138 aethere
2206 3099 2264 3138 sic
2292 3096 2546 3146 discernitur,

1489 3165 1533 3196 ut
1567 3170 1646 3195 non
1681 3165 1756 3195 tam
1790 3157 1948 3196 diversa
1981 3158 2192 3206 elementa,
2225 3171 2343 3210 quam
2377 3157 2548 3196 diversae
2600 3180 2602 3182 -

1490 3216 1581 3255 coeli
1611 3224 1742 3268 partes
1771 3215 1832 3254 his
1863 3217 2092 3257 nominibus
2128 3218 2396 3268 designentur.
2432 3215 2549 3268 Apud
2598 3215 2600 3218 ’

1489 3275 1764 3327 Empedoclem
1786 3274 1868 3328 περὶ
1887 3274 2014 3316 κύκλον
2041 3277 2146 3315 1110111
2174 3278 2277 3316 valet
2299 3275 2406 3328 quod
2428 3275 2549 3325 vulgo

1489 3334 1571 3387 περὶ
1599 3334 1718 3388 κύκλῳ
1738 3335 1822 3373 51νο
1839 3336 2052 3388 περικύκλῳ.
2086 3337 2146 3375 Cf.
2182 3337 2401 3376 Bernhardi
2433 3335 2546 3391 Synt.
2591 3340 2601 3370 .’

1491 3393 1588 3443 ling.
1609 3393 1682 3433 Gr.
1702 3407 1788 3445 pag.
1805 3395 1895 3432 260.
1914 3394 1983 3445 qui
2001 3409 2088 3433 cum
2111 3396 2184 3434 1100
2212 3395 2363 3433 confert
2389 3394 2546 3432 Platon.

1492 3452 1616 3490 Critia
1633 3465 1671 3504 p.
1697 3467 1710 3490 1
1724 3467 1766 3500 17
1787 3452 1831 3492 C.
1850 3453 1965 3499 Quod
1985 3455 2166 3505 quamvis
2187 3455 2350 3493 minime
2377 3453 2544 3492 dubium
2597 3448 2601 3496 ζ

1493 3511 1566 3560 511,
1584 3520 1712 3550 tamen
1731 3512 1958 3551 Karstenius
1973 3514 2050 3565 legi
2067 3515 2153 3553 vult
2167 3514 2324 3568 σφίγγων
2346 3514 2551 3565 περίκυκλος
