2612 3814
1051 269 1119 309 DE
1147 268 1451 308 HERACLITO.

165 363 235 402 illa
251 374 402 400 sursum
419 360 565 398 ducens
584 358 649 396 via
677 357 796 395 fuisse
814 357 1033 395 traduntur.
1057 356 1102 394 Et
1121 369 1217 407 qua-

169 431 280 460 tenus
315 418 539 470 evaporatio
571 429 674 454 nunc
701 415 852 466 liquida
880 429 983 453 nunc
1014 415 1218 453 tenebrosa

169 489 250 527 est,
268 480 342 517 ista
360 477 565 515 diversitas
584 488 630 512 eo
657 475 783 521 valet,
805 483 847 512 ut
869 487 917 512 ex
938 475 1006 512 illa
1027 474 1151 523 ignis,
1172 486 1220 511 ex

169 540 241 578 hac
271 549 381 588 aquae
410 536 646 573 incrementa
667 533 823 584 capiant
844 534 941 583 (31).
971 533 1076 578 Quin
1103 532 1218 569 etiam

170 596 272 634 diem
294 608 338 632 ac
355 601 505 631 noctem
527 599 564 629 et
579 603 730 629 menses
746 599 783 628 et
801 604 923 629 annos
948 590 1217 628 commutatio-

170 666 313 704 nesque
339 660 555 703 temporum
585 649 888 701 quadripartitas
927 648 1152 699 imbresque
1182 657 1220 686 et

168 721 305 752 ventos
333 719 447 762 atque
476 710 538 748 his
571 709 717 747 similia
748 723 821 760 pro
858 708 1050 746 anhelitus
1083 708 1218 746 varie-

169 780 244 811 tate
273 771 358 809 fieri
385 770 470 808 vult
499 768 758 821 philosophus
782 767 878 819 (32).
907 767 1000 804 Nam
1029 766 1218 817 liquidam

169 829 484 881 evaporationem
504 828 579 878 (33)
601 828 642 865 in
662 827 756 865 solis
775 826 922 864 circulo
942 825 1218 863 inflammatam

169 889 271 928 diem
292 887 446 926 efficere
473 887 546 934 ait3
564 885 634 924 ubi
653 898 748 923 vero
773 884 967 922 contraria
985 883 1054 921 illa
1072 896 1220 934 praeva-

167 948 284 986 luerit
296 976 306 995 ‚
327 946 385 985 ibi
408 954 558 983 noctem
575 944 743 983 oboriri.
766 943 957 981 Praeterea
975 942 1141 980 calorem
1160 942 1220 980 lu-

132 998 137 1002 *
171 1007 286 1046 minis
316 1007 358 1045 vi
396 1015 548 1044 auctum
584 1012 750 1042 aestatem
798 1005 977 1052 gignere,
1016 1001 1220 1039 humorem

167 1074 329 1118 propter
341 1064 519 1103 tenebras
534 1062 791 1101 abundantem
804 1061 943 1099 hiemis
956 1073 1039 1098 esse
1050 1073 1219 1098 causam.

170 1128 305 1164 Aerem
327 1124 546 1174 coelumque
564 1122 642 1172 (34)
657 1120 760 1172 quod
776 1128 917 1158 terram
931 1118 1052 1157 ambit
1064 1119 1220 1169 igneum

170 1197 253 1223 esse
276 1196 431 1221 necesse
449 1191 518 1221 est.
546 1181 593 1218 In
615 1193 661 1218 eo
693 1179 844 1231 scaphae
874 1179 1123 1230 reperiuntur
1145 1179 1222 1232 (35)

168 1256 240 1295 per
256 1255 467 1281 concavum
485 1240 532 1278 ad
549 1252 622 1278 nos
640 1251 834 1277 conversae
856 1239 904 1276 in
929 1236 1071 1289 quibus
1090 1238 1222 1289 splen-

169 1301 253 1340 didi
275 1300 468 1338 anhelitus
506 1297 727 1349 conglobati
761 1297 935 1335 flammas
972 1297 1219 1348 producunt,

170 1372 257 1411 quae
276 1358 449 1397 coelestia
466 1357 595 1398 sidera
619 1365 719 1395 sunt.
741 1355 953 1395 Enimvero
982 1355 1224 1394 lucidissima

170 1417 485 1466 calidissimaque
514 1416 608 1453 solis
637 1414 792 1453 flamma
814 1423 893 1463 est,
911 1413 1066 1463 quando
1088 1422 1224 1452 caetera

169 1486 273 1516 astra
304 1477 460 1527 longius
481 1489 503 1513 a
522 1475 637 1513 terris
657 1475 802 1513 distant
832 1474 999 1524 ideoque
1020 1474 1149 1512 minus
1166 1474 1225 1512 lu-

169 1545 254 1575 cent
274 1537 481 1586 minusque
496 1535 636 1572 caloris
652 1534 846 1573 emittunt.
864 1533 948 1571 Jam
965 1533 1096 1570 lunam
1118 1533 1223 1584 quod

169 1596 334 1648 propius
366 1588 504 1633 absita
521 1603 621 1632 terra
642 1606 712 1645 per
730 1593 859 1631 locum
893 1592 1052 1630 minime
1081 1605 1222 1643 purum

168 1657 264 1695 ferri
287 1663 458 1706 apparet.
478 1653 605 1692 Solem
636 1661 762 1691 autem
792 1653 899 1704 quod
917 1652 959 1690 in
981 1651 1126 1690 illustri
1147 1665 1222 1702 pu-

169 1727 288 1765 raque
307 1714 397 1752 sede
411 1713 620 1751 collocatus
636 1711 819 1763 quodque
835 1711 1046 1750 intervallo
1068 1724 1089 1749 a
1106 1710 1222 1750 nobis

168 1780 256 1823 apte
295 1771 513 1823 disjunctus
555 1772 626 1817 sit,
665 1770 813 1808 idcirco
859 1769 983 1819 magis
1018 1769 1225 1808 calefacere

168 1830 412 1882 subjacentes
439 1831 616 1880 regiones
636 1830 838 1880 magisque
858 1829 1050 1867 collucere
1066 1829 1222 1881 perspi-

169 1903 282 1929 cuum
303 1898 374 1928 est.
400 1889 524 1927 Porro
554 1889 770 1926 Heraclitus
790 1887 1017 1935 arbitratur,
1037 1887 1157 1925 solem
1179 1901 1222 1925 ac

212 2002 278 2040 (31)
301 2000 521 2042 Πυκνούμενον
537 2000 595 2041 γὰρ
610 2000 646 2031 τὸ
662 2002 723 2041 πῦρ
739 1999 983 2039 ἐξυγραίνεσθαι,
999 1997 1223 2038 συνιστάμενόν

167 2058 202 2080 τε
216 2048 353 2087 γίνεσθαι
372 2047 472 2088 ὕδωρ·
492 2047 685 2087 πηγνύμενον
704 2047 737 2078 δὲ
749 2047 784 2078 τὸ
799 2046 882 2087 ὕδωρ
905 2046 947 2082 εἷς
965 2049 1023 2085 γῆν
1037 2046 1222 2087 τρέπεσθαι·

168 2096 221 2126 καὶ
239 2094 352 2132 ταύτην
366 2094 438 2126 ὁδὸν
455 2094 505 2126 ἐπὶ
524 2094 559 2126 τὸ
576 2094 664 2126 κάτω
686 2093 775 2126 εἶναι.
794 2093 895 2125 Πάλιν
917 2104 950 2124 τε
973 2093 1069 2131 αὐτὴν
1094 2093 1149 2131 τὴν
1168 2095 1225 2131 γῆν

168 2142 291 2183 χεῖσθαι
304 2166 313 2181 ,
330 2142 360 2179 ἐξ
371 2141 407 2180 ἧς
422 2142 458 2173 τὸ
475 2142 556 2184 ὕδωρ
569 2141 707 2182 γίνεσθαι
716 2149 724 2158 ·
739 2142 774 2172 ἐκ
791 2141 824 2173 δὲ
839 2141 950 2172 τούτου
960 2142 998 2172 τὰ
1010 2139 1105 2172 λοιπὰ
1115 2141 1226 2180 σχεδὸν

168 2189 290 2228 πάντα,
305 2189 356 2220 ἐπὶ
372 2188 427 2227 τὴν
450 2188 656 2229 ἀναθυμίασιν
677 2188 801 2227 ἀνάγων
826 2187 881 2226 τὴν
898 2186 961 2219 ἀπὸ
979 2190 1033 2225 τῆς
1056 2186 1225 2225 θαλάσσης.

168 2235 247 2273 αὕτη
264 2235 298 2266 δέ
314 2235 397 2267 ἐστιν
413 2237 432 2272 ἡ
448 2235 498 2267 ἐπὶ
509 2235 545 2266 τὸ
560 2231 627 2267 ἄνω
639 2234 720 2270 ὁδός.
736 2234 876 2266 Γίνεσθαι
890 2234 922 2266 δὲ
934 2234 1152 2275 ἀναθυμιάσεις
1165 2234 1227 2266 ἀπό

168 2292 202 2314 τε
226 2285 282 2323 γῆς
301 2281 355 2313 καὶ
381 2281 550 2321 θαλάττης,
570 2281 606 2318 ἃς
636 2282 693 2324 μὲν
717 2281 860 2323 λαμπρὰς
887 2282 942 2314 καὶ
965 2282 1120 2323 καθαράς,
1140 2282 1175 2319 ἃς
1193 2282 1227 2314 δὲ

168 2328 337 2365 σκοτεινάς.
344 2329 495 2366 Αὕξεσθαι
504 2328 537 2361 δὲ
546 2329 581 2360 τὸ
590 2330 645 2371 μὲν
654 2331 715 2371 πῦρ
721 2329 784 2361 ὑπὸ
797 2331 859 2360 τῶν
872 2329 1034 2372 λαμπρῶν,
1046 2329 1082 2362 τὸ
1092 2329 1125 2361 δὲ
1135 2330 1227 2372 ὑγρὸν

168 2378 230 2410 ὑπὸ
244 2380 305 2408 τῶν
320 2377 442 2419 ἑτέρων.

210 2424 276 2464 (32)
299 2424 456 2464 Diogenes
473 2423 617 2455 Laertius
634 2422 690 2455 lib.
709 2425 765 2463 tx,
783 2426 819 2456 10
838 2432 848 2455 2
866 2423 1005 2464 Ἥμέραν
1018 2433 1053 2455 τε
1064 2423 1118 2455 καὶ
1132 2423 1228 2455 νύκτα

169 2471 326 2513 γίνεσθαι,
344 2471 397 2502 καὶ
415 2473 529 2510 μῆνας,
544 2470 597 2501 καὶ
614 2470 695 2511 ὥρας
717 2470 831 2506 ἐτείους
853 2471 906 2502 καὶ
923 2470 1098 2511 ἐνιαυτούς,
1121 2471 1227 2507 ὑετούς

170 2529 204 2551 τε
219 2518 274 2550 καὶ
299 2517 460 2558 πνεύματα
471 2541 482 2557 ,
496 2518 549 2549 καὶ
567 2517 607 2549 τὰ
627 2517 747 2554 τούτοις
763 2518 858 2559 ὅμοια
884 2518 966 2549 κατὰ
989 2518 1044 2554 τὰς
1066 2518 1227 2558 διαφόρους

173 2565 408 2608 ἀναθυμιάσεις.

215 2611 282 2652 (33)
305 2611 460 2651 Diogenes
477 2611 623 2643 Laertius
637 2611 692 2643 lib.
708 2612 764 2651 IX,
784 2612 818 2643 11
835 2620 844 2643 ε
859 2611 914 2649 τὴν
934 2610 988 2651 μὲν
1004 2610 1063 2652 γὰρ
1084 2610 1227 2652 λαμπρὰν

171 2659 377 2700 ἀναθυμίασιν
389 2659 599 2699 φλογωθεῖσαν
610 2659 641 2690 ἐν
649 2662 694 2700 τῷ
706 2659 813 2700 κύκλῳ
821 2662 876 2691 τοῦ
886 2658 975 2696 ἡλίου
986 2658 1102 2700 ἡμέραν
1112 2661 1227 2699 ποιεῖν,

170 2707 226 2745 τὴν
243 2707 278 2739 δὲ
299 2706 437 2737 ἐναντίαν
451 2706 706 2746 ἐπικρατήσασαν
723 2706 818 2738 νύκτα
838 2706 1012 2737 ἀποτελεῖν·
1036 2705 1089 2736 καὶ
1112 2705 1148 2736 ἐκ
1173 2705 1227 2745 μὲν

170 2757 225 2786 τοῦ
246 2755 388 2795 λαμπροῦ
401 2753 437 2785 τὸ
461 2752 802 2795 θερμὸν-αὐξανόμενον
826 2753 910 2794 θέρος
934 2753 1049 2792 ποιεῖν,
1067 2751 1103 2783 ἐκ
1121 2751 1154 2783 δὲ
1171 2755 1228 2784 τοῦ

171 2803 332 2832 σκοτεινοῦ
343 2800 379 2831 τὸ
394 2800 486 2841 ὑγρὸν
499 2801 667 2837 πλεονάζον
681 2802 823 2841 χειμῶνα
835 2799 1072 2841 ἀπεργάζεσθαι.

214 2848 281 2889 (34)
305 2847 454 2880 Stoboeus
481 2847 588 2888 Eclog.
607 2850 618 2880 1
638 2856 708 2888 pag.
727 2850 788 2879 500
805 2846 899 2888 (tom.
915 2848 926 2878 1
945 2855 977 2886 p.
999 2847 1057 2877 196
1072 2844 1120 2877 ed.
1138 2844 1226 2877 Gais-

173 2893 268 2934 sord.)
278 2908 285 2927 :
296 2893 503 2936 Παρμενίδης,
511 2894 721 2936 Ἣράκλειτος,
731 2893 886 2936 Στράτων,
897 2893 1003 2931 Ζήνων
1013 2892 1138 2935 πυρινὸν
1149 2893 1226 2924 εἶναι

175 2942 224 2974 τὸν
235 2941 374 2984 οὐρανὸν.

215 2989 275 3027 (35)
301 2988 392 3028 Diog.
410 2988 517 3020 Laert.
539 2987 595 3020 lib.
619 2989 679 3027 lx,
702 2990 782 3020 9-10
801 2999 809 3020 :
826 2987 870 3020 Τὸ
889 2987 922 3019 δὲ
950 2987 1093 3029 περιέχον
1118 2986 1228 3019 ὁποῖόν

173 3035 268 3076 ἐστιν,
283 3035 319 3066 οὐ
333 3035 433 3072 δηλοῖ.
451 3035 530 3067 εἶναι
545 3035 648 3075 μέντοι
673 3034 705 3066 ἐν
724 3035 810 3076 αὐτῷ
833 3033 952 3075 σκάφας
979 3034 1228 3076 ἐπεστραμμένας

173 3082 253 3114 κατὰ
287 3082 393 3113 κοῖλον
420 3082 495 3123 πρὸς
521 3083 620 3122 ἡμᾶς·
642 3081 673 3113 ἐν
693 3081 741 3117 αἷς
766 3081 983 3123 ἀθροιζομένας
1007 3081 1062 3117 τὰς
1085 3081 1227 3122 λαμπρὰς

173 3128 389 3168 ἀναθυμιάσεις
399 3128 561 3161 ἀποτελεῖν
569 3129 683 3171 φλόγας
693 3128 728 3165 ἃς
738 3128 816 3161 εἶναι
826 3129 864 3160 τὰ
876 3127 989 3169 ἄστρα·
1010 3128 1228 3169 λαμπροτάτην

173 3175 207 3207 δὲ
220 3175 299 3207 εἶναι
311 3175 367 3214 τὴν
379 3178 435 3207 τοῦ
447 3175 536 3214 ἡλίου
548 3175 648 3216 φλόγα
659 3176 713 3208 καὶ
730 3175 930 3218 θερμοτάτην.
946 3175 994 3207 Τὰ
1008 3174 1062 3216 μὲν
1078 3174 1137 3215 γὰρ
1151 3174 1229 3205 ἄλλα

174 3220 275 3262 ἄστρα
290 3222 398 3253 πλεῖον
415 3221 541 3262 ἀπέχειν
561 3221 632 3267 ἀπὸ,
648 3225 705 3262 γῆς
723 3223 776 3254 καὶ
795 3222 846 3253 διὰ
862 3225 954 3253 τοῦτο
982 3220 1074 3260 ἧττον
1098 3220 1229 3259 λάμπειν

175 3269 229 3301 καὶ
245 3267 384 3300 θάλπειν·
403 3268 458 3307 τὴν
476 3269 508 3300 δὲ
523 3269 653 3308 σελήνην
671 3269 909 3311 προσγειοτέραν
929 3267 1027 3300 οὖσαν
1042 3268 1085 3308 μή
1107 3267 1159 3299 διὰ
1173 3270 1229 3299 τοῦ

174 3316 311 3357 καθαροῦ
326 3315 468 3357 φέρεσθαι
475 3315 646 3349 τὸπου.τὸν
660 3319 763 3357 μέντοι
771 3317 858 3355 ἥλιον
871 3317 903 3348 ἐν
919 3316 1043 3356 διαυγεῖ
1054 3315 1107 3346 καὶ
1122 3314 1230 3355 ἀμιγεῖ

175 3364 320 3402 κεῖσθαι,
333 3363 386 3393 καὶ
408 3361 581 3405 σύμμετρον
598 3363 649 3404 ἀφ’
668 3365 758 3405 ἡμῶν
780 3365 862 3406 ἔχειν
878 3363 1048 3403 διάστημα.
1073 3363 1228 3405 τοιγάρτοι

177 3410 294 3450 μᾶλλον
323 3409 492 3451 θερμαίνειν
515 3421 550 3442 τε
573 3411 628 3443 καὶ
651 3411 803 3452 φωτίζειν.
837 3410 988 3443 ἐκλείπειν
1012 3421 1045 3442 τε
1069 3411 1154 3448 ἥλιον
1176 3410 1228 3442 καὶ

176 3455 320 3495 σελήνην,
333 3455 398 3488 ἄνω
413 3456 627 3498 στρεφομένων
645 3459 707 3488 τῶν
733 3461 873 3498 σκαφῶν.
897 3458 967 3494 τούς
985 3467 1018 3489 τε
1043 3457 1124 3489 κατὰ
1146 3461 1227 3498 μῆνα

176 3505 229 3540 τῆς
245 3502 373 3540 σελήνης
387 3504 622 3544 σχηματισμοὺς
634 3503 772 3544 γίνεσθαι
789 3505 993 3546 στρεφομένης
1006 3504 1036 3535 ἐν
1050 3503 1128 3544 αὐτῇ
1144 3502 1226 3534 κατὰ

2255 279 2329 312 313

1281 356 1412 394 lunam
1435 355 1636 393 conversis
1667 368 1820 393 sursum
1850 357 2007 408 scaphis
2037 358 2200 397 deficere
2230 373 2337 398 men-

1282 424 1485 465 struasque
1506 413 1608 452 lunae
1630 414 1774 462 figuras
1794 415 1920 461 nasci,
1941 415 2034 453 dum
2062 416 2170 455 illius
2196 419 2339 470 scapha

1282 474 1482 525 paullatim
1504 473 1759 512 convertitur.

1340 534 1528 571 Caeterum
1547 533 1679 571 omnia
1691 533 1910 574 animarum
1929 547 1973 572 ac
1986 534 2203 573 daemonum
2226 537 2340 587 plena

1283 601 1373 631 sunt
1393 592 1488 644 (36).
1510 591 1585 630 Sed
1605 592 1713 630 orbis
1729 592 1809 630 dux
1823 602 1880 631 est
1894 593 1963 631 illa
1982 594 2083 631 ratio
2107 593 2237 645 (λόγος)
2256 596 2291 645 (3
2301 594 2337 647 7)

1283 653 1367 690 sive
1390 664 1498 689 mens
1518 649 1667 701 (γνώμη)
1690 650 1768 703 (38)
1791 664 1906 702 quam
1936 665 2007 703 per
2023 665 2177 690 omnem
2208 665 2341 691 rerum

1283 717 1458 748 naturam
1485 709 1672 746 intentam
1702 721 1786 747 esse
1812 717 1852 747 et
1881 718 2159 748 commeantem
2192 711 2342 749 censuit
2388 752 2390 754 ,

1283 768 1472 820 Ephesius
1484 768 1642 806 virtutis
1654 767 1853 818 magister.
1866 768 1956 806 Haec
1964 768 2192 807 mutabilem
2204 769 2342 807 mundi

1283 827 1526 865 harmoniam
1546 834 1734 878 temperat
1753 839 1838 877 quae
1856 834 1900 865 ut
1918 827 2015 878 lyrae
2038 834 2076 865 et
2102 828 2216 865 arcus
2242 841 2341 865 con-

1284 894 1416 924 centus
1435 894 1511 924 tam
1530 886 1816 924 contentionem
1838 899 1955 937 quam
1980 885 2252 924 remissionem
2272 885 2340 923 ad-

1284 944 1403 982 mittit
1432 945 1529 996 (39).
1560 945 1694 983 Possis
1726 958 1808 983 eam
1831 944 1963 992 Jovis,
1993 944 2034 983 id
2065 953 2123 983 est
2147 945 2238 984 vitae
2267 946 2342 997 (τοῦ

1285 1002 1410 1053 Ζηνός)
1435 1003 1594 1042 nomine
1614 1004 1810 1055 appellare
1830 1003 1921 1055 (4ο).

1339 1062 1548 1100 Civitatum
1563 1062 1666 1100 salus
1680 1063 1722 1100 in
1737 1063 1864 1112 legum
1881 1062 2108 1101 auctoritate
2123 1063 2252 1114 posita
2267 1071 2339 1110 est,

1286 1134 1358 1172 pro
1378 1134 1455 1172 qua
1466 1123 1655 1173 populum
1671 1134 1749 1159 non
1764 1134 1874 1160 secus
1889 1134 1932 1160 ac
1947 1135 2021 1173 pro
2038 1135 2152 1159 muro
2168 1135 2344 1173 pugnare

1286 1189 1441 1232 oportet
1469 1180 1566 1234 (41).
1605 1180 1751 1219 Contra
1786 1182 1952 1230 singulis
1983 1181 2210 1220 hominibus
2241 1182 2341 1220 nihil

1287 1240 1479 1292 sapientia
1497 1239 1710 1292 optabilius
1733 1241 1955 1279 invenimus
1968 1270 1979 1291 ,
1997 1241 2182 1291 quoniam
2201 1253 2342 1290 magna

1287 1299 1475 1351 variaque
1496 1299 1687 1346 eruditio,
1710 1299 1838 1351 qualis
1864 1299 1907 1337 in
1938 1298 2109 1337 Hesiodo
2138 1307 2176 1337 et
2198 1300 2344 1350 Pytha-

1287 1371 1381 1409 gora
1401 1358 1496 1406 fuit,
1517 1366 1683 1395 mentem
1700 1371 1778 1395 non
1800 1358 1868 1396 alit
1888 1356 1983 1409 (42).
2003 1357 2061 1396 De
2083 1357 2236 1408 reliquo
2264 1370 2344 1395 non

1287 1417 1489 1464 sensibus,
1505 1417 1572 1455 sed
1598 1418 1742 1455 rationi
1763 1417 1920 1455 credere
1939 1416 2123 1455 mortales
2144 1416 2271 1463 decet,
2294 1429 2343 1454 ne

1287 1476 1329 1513 in
1361 1475 1447 1514 veri
1478 1476 1774 1524 investigatione
1789 1474 1970 1514 labantur
1992 1474 2091 1530 (43).
2115 1492 2130 1509 α
2151 1474 2343 1513 Saeculum

1288 1542 1359 1581 est,
1372 1534 1502 1585 inquit
1512 1533 1751 1572 Censorinus
1768 1533 1864 1584 (44),
1878 1533 2046 1584 spatium
2062 1533 2153 1571 vitae
2166 1533 2345 1572 humanae

1288 1593 1562 1642 longissimum
1595 1600 1713 1643 partu
1740 1601 1778 1630 et
1808 1599 1932 1630 morte
1964 1591 2183 1630 definitum.
2214 1592 2344 1638 Quare

1289 1652 1357 1701 qui
1377 1664 1500 1690 annos
1516 1652 1677 1701 triginta
1697 1650 1880 1690 saeculum
1900 1659 2088 1703 putarunt
2103 1651 2268 1689 multum
2283 1652 2345 1689 vi-

1289 1709 1430 1748 dentur
1451 1723 1614 1750 errasse.
1648 1710 1731 1748 Hoc
1753 1710 1856 1748 enim
1886 1718 2038 1761 tempus
2064 1708 2184 1760 γενεὰν
2212 1710 2346 1748 vocari

1288 1769 1506 1807 Heraclitus
1526 1778 1659 1808 auctor
1675 1778 1752 1817 est,
1775 1769 1867 1820 quia
1892 1768 2001 1807 orbis
2021 1769 2143 1807 aetatis
2162 1768 2203 1807 in
2227 1781 2273 1807 eo
2294 1769 2346 1807 sit

1286 1827 1584 1879 spatio‚orbem
1617 1837 1743 1867 autem
1763 1836 1877 1866 vocat
1907 1827 2051 1878 aetatis,
2081 1827 2174 1865 dum
2206 1836 2346 1865 natura

1285 1887 1454 1925 humana
1473 1900 1495 1925 a
1514 1888 1676 1926 sementi
1693 1887 1741 1925 ad
1755 1888 1957 1926 sementim
1972 1888 2183 1925 revertitur
2205 1887 2303 1939 (45).
2324 1905 2340 1921 u

1287 1999 1395 2041 μικρὸν
1423 2002 1477 2037 τῆς
1502 1998 1638 2039 σκάφης.
1668 1998 1860 2031 Plutarchus
1877 1998 1916 2031 de
1942 1998 2028 2030 Plac.
2046 1996 2124 2038 phil.
2144 1999 2185 2035 ΙΙ,
2204 1999 2256 2036 24,
2277 2000 2345 2039 περὶ

1286 2046 1452 2087 ἐκλείψεως
1465 2046 1553 2085 ἡλίου
1567 2059 1574 2078 :
1589 2046 1788 2088 Ἡράκλειτος
1803 2046 1883 2077 κατὰ
1897 2046 1952 2084 τὴν
1966 2048 2022 2078 τοῦ
2039 2046 2240 2086 σκαφοειδοῦς
2254 2056 2345 2086 στρο-

1286 2094 1356 2134 φήν·
1371 2094 1454 2125 ὥστε
1463 2094 1499 2125 τὸ
1512 2093 1566 2134 μὲν
1579 2095 1686 2126 κοῖλον
1700 2093 1765 2125 ἄνω
1779 2093 1936 2133 γίνεσθαι,
1951 2093 1986 2125 τὸ
2000 2093 2033 2124 δὲ
2047 2092 2157 2134 κυρτὸν
2170 2092 2257 2124 κάτω
2270 2093 2345 2133 πρὸς

1285 2141 1341 2179 τὴν
1353 2141 1503 2182 ἡμετέραν
1518 2141 1601 2182 ὄψιν.
1618 2140 1710 2172 Idem
1727 2142 1774 2182 II,
1793 2143 1831 2173 28
1847 2151 1855 2173 ε
1869 2141 2069 2183 Ἡράκλειτος
2086 2141 2120 2173 τὸ
2139 2140 2215 2173 αὐτὸ
2231 2151 2344 2173 πεπον-

1288 2188 1370 2220 θέναι
1386 2188 1439 2220 τὸν
1456 2189 1541 2227 ἥλιον
1557 2189 1611 2220 καὶ
1633 2189 1689 2227 τὴν
1710 2188 1853 2227 σελήνην.
1870 2189 2067 2230 Σκαφοειδεῖς
2090 2188 2150 2229 γὰρ
2167 2188 2257 2225 ὄντας
2277 2192 2344 2224 τοῖς

1288 2236 1431 2277 σχήμασι
1444 2235 1515 2272 τοὺς
1529 2235 1658 2277 ἀστέρας
1669 2259 1678 2276 ,
1693 2236 1878 2277 δεχομένους
1890 2236 1923 2268 δὲ
1936 2236 1990 2272 τὰς
2006 2235 2069 2268 ἀπὸ
2085 2239 2139 2274 τῆς
2157 2237 2251 2278 ὑγρᾶς
2267 2235 2345 2267 ἀνα-

1288 2282 1463 2325 θυμιάσεως
1479 2283 1577 2323 αὐγὰς
1590 2282 1774 2324 φωτίζεσθαι
1783 2284 1859 2326 πρὸς
1868 2284 1923 2321 τὴν
1935 2282 2120 2324 φαντασίαν,
2134 2281 2345 2325 λαμπρότερον
2387 2287 2396 2295 ·

1289 2331 1344 2371 μὲν
1370 2331 1423 2362 τὸν
1451 2331 1549 2368 ἥλιον·
1581 2331 1611 2362 ἐν
1638 2331 1848 2372 καθαρωτέρῳ
1869 2331 1928 2372 γὰρ
1956 2330 2023 2371 ἀέρι
2053 2329 2216 2372 φέρεσθαι·
2233 2330 2288 2368 τήν
2314 2330 2346 2361 δὲ

1288 2378 1419 2417 σελήνην
1444 2379 1474 2410 ἐν
1503 2379 1717 2420 θολερωτέρῳ,
1741 2378 1794 2410 διὰ
1826 2381 1920 2410 τοῦτο
1950 2377 2004 2409 καὶ
2034 2376 2247 2419 ἀμαυροτέραν
2273 2376 2345 2418 φαί-

1287 2426 1405 2457 νεσθαι.

1332 2472 1397 2512 (36)
1421 2473 1578 2513 Diogenes
1590 2471 1737 2504 Laertius
1752 2471 1808 2503 lib.
1824 2472 1881 2511 lx,
1898 2474 1914 2505 7
1932 2471 2015 2503 ιΚαὶ
2027 2470 2129 2503 πάντα
2141 2472 2252 2513 ψυχῶν
2266 2470 2343 2502 εἶναι

1288 2520 1341 2551 καὶ
1358 2520 1515 2560 δαιμόνων
1533 2519 1647 2561 πλήρη.

1333 2567 1400 2607 (37)
1422 2565 1496 2598 Vid.
1513 2566 1626 2606 fragm.
1645 2567 1674 2597 1.

1332 2611 1397 2652 (38)
1418 2612 1493 2644 Vid.
1516 2612 1627 2653 fragm.
1644 2615 1696 2644 55.

1332 2662 1399 2698 (39)
1420 2659 1495 2692 Vid.
1515 2659 1627 2699 fragm.
1648 2661 1700 2691 38.

1331 2707 1397 2748 (4ο)
1420 2706 1496 2739 Vid.
1525 2707 1638 2746 fragm.
1669 2710 1716 2739 ¹2.
1745 2706 1846 2739 Aliter
1870 2707 2067 2748 Chrysippus
2098 2706 2182 2747 apud
2215 2706 2342 2739 Phaedr.

1289 2754 1418 2795 Epicur.
1438 2753 1478 2786 de
1503 2755 1574 2786 Nat.
1598 2755 1639 2786 D.
1665 2763 1695 2794 p.
1716 2756 1753 2786 19
1772 2753 1823 2786 ed.
1845 2755 2002 2787 Petersen.
2018 2768 2026 2786 z
2044 2754 2107 2785 Τὸν
2127 2752 2270 2795 Πόλεμον
2289 2755 2344 2786 καὶ

1288 2801 1340 2832 τὸν
1356 2800 1417 2832 Δία
1435 2801 1488 2832 τὸν
1505 2801 1597 2832 αὐτὸν
1614 2801 1711 2840 εἶναι,
1727 2801 1866 2843 καθάπερ
1884 2802 1937 2833 καὶ
1953 2800 2153 2842 Ἡράκλειτον
2170 2801 2280 2840 λέγειν.

1331 2847 1393 2888 (41)
1416 2847 1489 2878 vid.
1507 2847 1620 2888 fragm.
1641 2851 1692 2879 20.

1331 2895 1397 2935 (42)
1421 2893 1495 2926 Vid.
1516 2894 1630 2935 fragm.
1653 2895 1763 2927 14-15.

1332 2940 1396 2980 (43)
1419 2939 1494 2972 Vid.
1513 2940 1623 2982 fragm.
1645 2942 1696 2973 ⁴23.

1332 2987 1397 3028 (44)
1423 2988 1618 3020 Censorinus
1631 2987 1671 3019 de
1687 2987 1747 3020 Die
1765 2990 1831 3020 nat.
1851 2996 1920 3028 cap.
1939 2990 1987 3022 17.

1333 3035 1396 3074 (45³
1420 3034 1565 3066 Similem
1584 3035 1625 3067 de
1641 3033 1802 3067 Heraclito
1819 3034 1927 3066 locum
1941 3033 2037 3066 habet
2056 3033 2146 3066 Philo
2167 3035 2293 3071 Quaest.
2311 3033 2343 3065 in

1289 3088 1361 3120 gen.
1384 3082 1412 3112 11
1433 3079 1452 3122 §
1471 3085 1490 3114 5
1517 3083 1601 3114 extr.
1630 3092 1660 3123 p.
1683 3084 1721 3114 82
1742 3082 1846 3113 Auch.
1862 3082 1929 3113 vol.
1947 3082 1992 3113 VI
2017 3091 2048 3122 p.
2078 3083 2139 3113 310
2164 3080 2215 3113 ed.
2238 3081 2340 3121 Lips.,

1291 3136 1389 3168 quem
1409 3137 1511 3169 quum
1531 3131 1680 3162 Graecum
1697 3129 1881 3169 exemplum
1895 3137 1959 3160 non
1977 3129 2083 3161 exstet
2100 3137 2137 3162 ex
2156 3128 2344 3161 Armeniaco

1290 3174 1336 3206 sic
1357 3175 1455 3207 vertit
1483 3175 1650 3209 Aucherus
1672 3186 1680 3208 :
1706 3189 1721 3203 e«
1743 3175 1885 3216 Triginta
1903 3175 2048 3216 apprime
2075 3175 2239 3215 naturate3
2263 3175 2344 3206 sicut

1290 3222 1374 3254 enim
1393 3223 1576 3255 inanitatis
1597 3224 1677 3255 serie
1700 3223 1804 3255 trinus
1825 3223 1875 3254 est
1893 3230 2070 3261 numerus,
2086 3221 2132 3253 ita
2152 3222 2183 3253 in
2202 3221 2343 3252 denariis

1290 3269 1418 3309 triginta
1443 3269 1540 3310 idque
1566 3269 1653 3301 lunae
1681 3269 1788 3310 cyclus
1805 3268 1950 3301 collectio
1966 3268 2163 3309 singulorum
2184 3267 2342 3299 mensium

1291 3316 1383 3356 plena
1401 3316 1623 3349 delineatione.
1647 3316 1794 3349 Secundo
1817 3315 2020 3356 componitur
2033 3325 2071 3348 ex
2089 3317 2227 3356 quatuor
2243 3313 2343 3346 conti-

1291 3363 1442 3396 nuatione
1459 3364 1589 3396 nuitatis
1610 3364 1724 3395 horum
1741 3363 2032 3404 quadrangulorum
2050 3363 2075 3395 Ι.
2093 3364 2152 3395 IV.
2173 3361 2230 3394 lX.
2253 3361 2342 3393 XVI.

1290 3410 1417 3451 triginta
1436 3411 1716 3443 constituentibus.
1735 3410 1827 3442 Unde
1846 3417 1910 3442 non
1923 3410 2018 3450 gratis
2038 3419 2075 3441 ac
2099 3409 2218 3441 frustra
2242 3409 2341 3439 Hera-

1289 3457 1384 3490 clitus
1407 3458 1643 3499 generationem
1666 3457 1698 3489 id
1719 3457 1848 3489 vocavit
1865 3466 1967 3497 quum
1984 3457 2102 3488 diceret
2120 3468 2128 3487 ι
2146 3464 2190 3487 ex
2203 3455 2341 3486 homine

1288 3504 1323 3535 in
1360 3505 1528 3536 tricennio
1551 3505 1662 3545 potest
1684 3511 1770 3536 avus
1797 3503 1938 3542 haberi,
1960 3502 2112 3543 quoniam
2139 3501 2340 3543 pubertatem
