2612 3814
1113 195 1457 236 FRAGMENTA.

243 296 311 346 §⁴.
334 292 371 332 ‘A
393 290 498 344 σοφία
515 292 552 329 οὗ
571 287 653 342 περί
674 303 708 327 τι
725 286 967 341 ἀφωρισμένον
990 286 1059 324 ἐντὶ
1080 284 1149 325 τῶν
1171 285 1246 323 ἐόν-

188 370 276 401 των,
306 353 384 391 ἀλλ’
406 352 527 395 ἁπλῶς
548 350 629 402 περὶ
659 347 777 386 πάντα
797 346 843 386 τὰ
872 346 994 394 ἐόντα,
1017 345 1078 384 καὶ
1111 346 1161 384 δεῖ
1195 343 1244 394 μὴ

187 410 333 465 πρώταν
352 410 460 449 αὐτὰν
479 409 542 454 τὰς
563 407 677 462 ἀρχὰς
703 406 874 446 ἑκάστωῧ
892 403 1120 459 ἀνευρέσθαι,
1151 403 1244 442 ἀλλὰ

191 471 251 514 τὰς
269 469 388 514 κοινὰς
414 471 484 508 τῶν
506 468 632 508 ἐόντων
663 466 828 505 ἁπάντων
857 467 984 520 ἀρχάς.
1044 463 1151 505 Οὕτω
1178 463 1246 516 γὰρ

189 529 265 582 ἔχει
286 528 391 582 σοφία
411 528 493 580 περὶ
513 527 630 565 πάντα
651 525 696 566 τὰ
717 525 838 574 εόντα,
860 528 907 570 ὡς
933 525 1009 578 ὄψις
1031 524 1110 576 περὶ
1129 523 1247 562 πάντα

188 588 233 627 τὰ
253 587 377 643 ὁρατά.
433 588 491 627 Τὰ
517 603 565 626 ων
586 587 726 625 καθόλω
758 592 846 625 πᾶσι
878 584 1133 635 συμὸεὸακότα
1155 599 1247 622 συνι-

187 647 245 687 δὲν
265 646 327 686 καὶ
343 646 469 700 θεωρὲν
486 652 549 690 τᾶς
563 645 685 698 σοφίας
706 646 849 694 οἶκῇον,
872 645 933 683 καὶ
951 643 1007 683 διὰ
1022 648 1122 683 τοῦτο
1141 642 1246 696 σοφία

186 707 251 752 τὰς
269 708 338 745 τῶν
359 706 485 746 ἐόντων
507 704 673 743 ἁπάντων
691 704 802 756 ἀρχὰς
819 702 1029 755 ἀνευρίσκει.

244 764 394 815 (Posui
413 769 428 787 ⁸
447 762 608 812 ἓκάστω;
626 763 742 802 codd.
763 761 882 806 αὐτὰς.
901 761 911 815 )

243 825 266 875 S
285 837 317 863 5.
348 822 410 863 Ἐν
428 821 464 862 δὲ
479 824 529 876 τῷ
547 823 639 862 τέλει
660 822 772 862 τοίνυν
794 821 880 874 πρὸς
900 820 985 860 αὐτο
999 821 1037 860 τὸ
1055 818 1246 872 ἀκρότατον

188 882 321 922 ἄνεισιν
336 885 358 930 ἡ
377 881 602 934 παράκλησις
616 875 686 920 ὧδέ
708 896 801 925 πως·

241 935 409 987 ΗΟστις
383 958 431 981 ων
452 943 624 980 ἀναλῦσαι
641 935 709 985 οἶός
728 939 758 979 τ’
773 939 842 979 ἐντι
860 938 977 978 πάντα
996 938 1039 977 τὰ
1058 937 1160 990 γένεα
1180 937 1246 976 ὑπὸ

188 1001 275 1054 μίαν
296 1018 334 1041 τε
355 1001 416 1041 καὶ
435 1001 499 1041 τὰν
520 999 629 1040 αὐτὰν
653 999 785 1052 ἀρχάν,
809 999 870 1039 καὶ
889 999 995 1039 πάλιν
1016 998 1189 1039 συνθειναί
1210 1014 1247 1038 τε

189 1060 250 1101 καὶ
270 1060 616 1115 συναρθμησασθαιέἰ
629 1090 640 1108 ,
663 1062 760 1104 οὗτος
776 1060 870 1098 δοκεῖ
888 1074 947 1110 μοι
968 1058 1027 1098 καὶ
1048 1057 1248 1112 σοφώτατος

185 1125 277 1173 ἦμεν
292 1137 352 1160 και
363 1118 722 1166 παναλαθέστατος,”
702 1135 754 1158 ετι
769 1118 804 1157 δὲ
818 1117 930 1158 καλὰν
947 1116 1095 1157 σκοπιὰν
1109 1116 1248 1170 εὑρηκέ-

189 1196 264 1231 ναι,
290 1182 348 1234 ἀφ’
371 1184 411 1225 ἀς
433 1178 576 1223 δυνατὸς
603 1179 759 1218 ἐσσεῖται
776 1177 844 1221 τὸν,
849 1178 924 1216 θεὸν
944 1178 1172 1230 κατοψεῖσθαι
1189 1176 1248 1214 καὶ

184 1238 304 1278 πάντα
323 1238 367 1277 τὰ
380 1239 414 1277 ἐν
429 1244 473 1291 τᾷ
491 1237 695 1291 συστοιχεία
709 1236 769 1276 καὶ
787 1235 883 1281 τάξει
901 1236 945 1274 τὰ
960 1235 1082 1275 ἐκείνω
1098 1251 1248 1274 κατακε-

186 1301 393 1351 χωρισμένα
406 1327 416 1346 ,
432 1296 492 1336 καὶ
514 1295 646 1335 ταύταν
660 1295 723 1334 τὰν
742 1294 992 1348 ἁρματήλατον
1009 1294 1088 1334 ὁδὸν
1103 1297 1242 1346 ἐκπορι-

187 1357 338 1408 σοίμενος
359 1359 410 1409 τῷ
425 1356 493 1409 νόῳ
513 1357 594 1395 κατ’
611 1356 744 1394 εὐθεῖαν
766 1358 971 1408 ὁρμαθῆμεν
989 1353 1051 1393 καὶ
1065 1356 1243 1407 τελεοδρο-

185 1423 300 1467 μᾶσαι
313 1416 376 1461 τὰς
389 1415 502 1469 ἀρχὰς
519 1417 590 1460 τοῖς
603 1414 732 1467 πέρασι
746 1413 904 1467 συνάψας
916 1429 953 1452 τε
965 1412 1025 1453 καὶ
1039 1413 1199 1466 ἐπιγνούς
1212 1413 1244 1461 ¹³,

184 1474 239 1515 ὅτι
267 1477 286 1515 ὁ
307 1475 380 1517 θεὸς
408 1474 503 1528 ἀρχά
527 1491 567 1514 τε
597 1473 659 1514 καὶ
690 1474 786 1518 τέλος
807 1474 867 1512 καὶ
897 1473 1002 1525 μέσον
1018 1473 1089 1511 ἐντὶ
1108 1472 1248 1511 πάντων

185 1536 254 1573 τῶν
286 1533 379 1574 κατὰ
397 1534 497 1573 δίκαν
514 1549 551 1573 τε
569 1533 629 1573 καὶ
652 1533 709 1572 τὸν
730 1532 829 1587 ὀρθὸν
848 1532 951 1585 λόγον
969 1532 1247 1585 περαινομένων.

243 1594 506 1649 (lamblichus
553 1593 720 1633 Adhort.
760 1593 810 1631 ad
861 1592 1006 1644 philos.
1066 1606 1152 1644 cap.
1199 1592 1249 1632 lv

187 1667 275 1706 pag.
299 1655 350 1704 39
383 1666 489 1705 seqq.
514 1652 577 1693 ed.
601 1652 743 1691 Kiessl.
769 1652 940 1703 Reposui
957 1652 973 1670 ³
993 1651 1249 1704 συναρθμῆσα-

186 1718 289 1764 σθαι;
311 1713 428 1752 codd.
452 1711 799 1765 συναριθμήσασθαι.
818 1710 835 1736 b
856 1710 1013 1764 συνάψας
1033 1727 1071 1749 τε
1095 1711 1156 1750 καὶ
1172 1713 1249 1750 ἐπι-

185 1773 286 1824 γνούς
300 1787 311 1822 ;
324 1766 439 1812 codd.
451 1771 655 1826 συνάψαντα
668 1772 728 1812 καὶ
742 1771 939 1824 ἐπιγνόντα.
952 1771 1012 1811 Cf.
1026 1771 1249 1811 Perictione

186 1833 291 1886 apud
311 1832 508 1872 Stobaeum
526 1831 564 1881 l,
585 1832 674 1885 63.)

331 1921 373 1961 δ’.
405 1920 470 1960 Ἕκ
485 1924 546 1960 τοῦ
566 1920 645 1974 περὶ
661 1919 769 1973 νόμου
788 1919 848 1959 καὶ
869 1918 1102 1968 δικαιοσύνης.

238 2010 298 2052 ιδ’.
331 2012 503 2064 Πονηρῶν
532 2010 642 2050 ἀθέων
673 2009 790 2061 νόμοις
810 2013 824 2032 ‘¹
845 2009 944 2060 νόμοι
971 2011 1056 2048 θεῶν
1090 2007 1242 2063 ἄγραφοι

225 2141 245 2185 §
266 2144 302 2175 4.
330 2141 492 2184 Sapientia
505 2150 569 2174 non
583 2141 666 2174 circa
679 2141 805 2174 certum
819 2139 984 2181 quoddam
1001 2148 1108 2172 rerum
1126 2148 1246 2180 geum,

182 2200 242 2234 sed
267 2201 400 2234 omnino
428 2201 514 2234 circa
541 2202 646 2234 totam
677 2209 786 2233 rerum
815 2199 930 2232 ser-iem
963 2200 1124 2238 versatur,
1140 2207 1247 2239 neque

181 2262 311 2302 oportet
326 2270 398 2293 eam
415 2261 553 2302 primam
569 2259 768 2301 singulorum
788 2267 862 2300 quae
881 2261 974 2299 sunt,
989 2258 1044 2291 sed
1062 2258 1247 2293 communia

181 2319 329 2352 omnium
357 2318 511 2361 principia
533 2318 735 2360 investigare.
783 2319 831 2351 tta
858 2318 943 2351 enim
969 2317 1124 2359 sapientia
1151 2317 1247 2350 rebus

182 2379 311 2412 cunctis
338 2379 529 2420 occupatur,
556 2382 592 2411 ut
608 2378 700 2411 visus
719 2378 871 2410 omnibus
901 2386 976 2419 quae
997 2377 1059 2410 sub
1077 2380 1245 2418 aspectum

182 2438 329 2472 veniunt.
374 2440 457 2479 Ergo
473 2447 547 2480 quae
563 2437 596 2470 in
615 2437 803 2470 universum
822 2436 974 2469 omnibus
988 2439 1065 2469 sunt
1078 2436 1245 2476 attributa,

184 2498 253 2531 haec
289 2498 467 2540 intelligere
496 2501 529 2530 et
556 2497 762 2531 considerare
790 2497 955 2537 sapientiae
986 2497 1150 2538 proprium
1176 2497 1246 2538 est,

180 2558 321 2599 ideoque
340 2557 494 2600 sapientia
508 2557 654 2590 omnium
678 2566 787 2590 rerum
808 2556 964 2598 principia
978 2556 1159 2598 investigat.

222 2616 244 2659 §
267 2622 300 2650 5.
330 2619 498 2651 Postremo
512 2617 551 2650 ad
565 2616 644 2650 illud
663 2616 770 2659 ipsum
786 2615 872 2658 quod
891 2625 1055 2648 summum
1071 2618 1120 2649 est
1133 2616 1246 2648 cohor·

181 2677 262 2710 tatio
281 2678 326 2710 ita
340 2677 487 2710 ascendit
502 2690 511 2710 z

225 2735 422 2778 Quicunque
440 2735 538 2777 igitur
554 2735 664 2768 omnia
676 2743 791 2776 genera
808 2735 840 2767 in
861 2743 962 2767 unum
979 2734 1130 2776 idemque
1155 2735 1244 2776 prin-

178 2796 300 2838 cipium
317 2795 479 2828 resolvere
497 2798 602 2837 potest
617 2803 792 2836 rursusque
811 2803 1005 2836 componere
1022 2796 1055 2826 et
1077 2795 1151 2836 apte
1167 2803 1243 2827 con-

179 2855 314 2897 jungere
333 2867 342 2888 ε
358 2854 412 2887 hic
428 2855 506 2887 mihi
523 2863 588 2897 qua
606 2853 861 2896 sapientissimus
875 2862 944 2886 esse
966 2862 1031 2895 qua
1055 2853 1245 2886 verissimus

181 2914 322 2955 videtur,
349 2916 504 2956 praeterea
533 2914 739 2947 commodam
766 2914 929 2956 speculam
955 2913 1136 2955 invenisse,
1158 2913 1244 2946 unde

180 2973 281 3015 possit
298 2973 396 3007 deum
417 2973 534 3007 intueri
556 2976 589 3007 et
613 2976 731 3006 cuncta
752 2973 785 3006 in
807 2982 914 3006 rerum
938 2973 1116 3014 digestione
1134 2975 1167 3006 et
1188 2983 1242 3006 or·

179 3034 256 3067 dine
271 3034 338 3067 suis
350 3043 491 3077 quaeque
511 3034 588 3067 locis
604 3034 644 3067 ab
661 3043 699 3067 eo
714 3034 889 3075 collocata,
905 3035 1002 3076 atque
1017 3033 1077 3066 hac
1091 3034 1142 3066 via
1160 3034 1244 3076 regia

182 3092 303 3133 potitus
322 3095 432 3127 mente
451 3097 538 3128 recta
567 3094 719 3136 progredi
748 3102 944 3135 cursumque
968 3094 1123 3135 perficere
1146 3097 1243 3135 queat

179 3151 270 3184 initia
289 3160 365 3185 cum
379 3153 496 3186 tinibus
509 3157 703 3187 connectens
718 3157 816 3196 atque
838 3153 1037 3195 intelligens,
1054 3153 1150 3186 deum
1173 3162 1243 3186 esse

182 3210 310 3244 initium
324 3236 334 3252 ‚
357 3211 454 3245 tinem
477 3214 509 3246 et
526 3213 670 3246 medium
687 3212 833 3246 omnium
848 3222 922 3255 quae
937 3200 1023 3254 juste
1038 3221 1076 3245 ac
1094 3213 1242 3246 decenter

180 3274 390 3312 peraguntur.

420 3360 453 3394 d.
478 3363 526 3393 Ex
544 3360 625 3393 libro
644 3361 686 3394 de
703 3363 788 3403 Lege
804 3364 836 3394 et
853 3361 995 3394 Justitia.

219 3449 305 3480 xiv.
333 3448 560 3490 Improborum
580 3450 721 3484 numinis
741 3451 980 3484 contemtorum
1001 3450 1124 3493 legibus
1139 3458 1240 3491 oppo-

2289 196 2367 231 55⁹

1308 283 1607 335 ἀντινομιζόμενοι
1635 282 1792 334 πονηρὰν
1823 286 1948 334 μοῖραν
1976 281 2037 320 καὶ
2068 281 2198 332 ζαμίαν
2229 282 2279 336 τῷ
2316 280 2367 332 μὴ

1306 342 1503 396 πειθομένῳ
1535 341 1703 390 διδόντες,
1734 341 1883 393 πατέρες
1914 341 1974 381 καὶ
2003 340 2170 393 ἁγεμόνες
2201 342 2271 379 τῶν
2307 356 2367 392 γε·

1306 401 1522 457 γραμμένων
1569 401 1686 452 νόμων
1729 401 1789 440 καὶ
1829 401 2014 452 δογμάτων
2061 399 2255 453 ἀνθρώποις
2305 416 2365 439 τε-

1307 462 1448 501 θέντων.

1361 522 1391 575 (³
1411 521 1560 560 lnserui
1576 518 1723 571 νόμοις.)

1363 579 1417 619 ιε’.
1451 580 1570 631 Νόμος
1589 581 1669 619 ποτ’
1689 577 1865 631 ἀνθρώπω
1892 577 2009 632 ψυχάν
2031 593 2068 616 τε
2095 577 2155 616 καὶ
2186 579 2259 631 βίον
2281 578 2366 630 ὅπερ

1308 639 1461 692 ἁρμονία
1497 640 1575 679 ποτ’
1597 639 1704 678 ἀκοάν
1734 653 1772 677 τε
1800 637 1861 676 καὶ
1896 637 2034 691 φωνάν·
2056 635 2077 675 ὅ
2096 652 2134 675 τε
2165 640 2231 689 γὰρ
2265 637 2367 689 νόμος

1307 699 1467 739 παιδεύει
1488 699 1551 750 μὲν
1571 698 1636 737 τὰν
1665 697 1782 751 ψυχὰν
1808 697 1989 744 συνίστητι
2018 695 2054 735 δὲ
2076 698 2133 734 τὸν
2168 696 2256 749 βίον,
2279 697 2301 735 ἅ
2329 713 2366 736 τε

1308 759 1459 812 ἁρμονία
1481 757 1701 810 ἐπιστάμονα
1722 757 1785 808 μὲν
1809 763 1902 797 ποιεῖ
1921 756 1984 795 τὰν
2006 756 2114 796 ἀκοὰν
2139 756 2309 808 ὁμόλογον
2330 756 2366 796 δὲ

1306 819 1370 858 τὰν
1392 819 1524 872 φωνάν.
1585 818 1691 869 Φαμὶ
1720 820 1750 858 δ’
1773 816 1841 870 ἐγὼ
1870 824 1990 856 πᾶσαν
2017 816 2200 856 κοινωνίαν
2233 815 2267 861 ἐξ
2299 815 2368 870 ἅρ-

1307 893 1430 931 χοντος
1453 877 1513 917 καὶ
1542 877 1726 931 ἀρχομένω
1756 877 1987 928 συνεστάμεν,
2010 892 2070 914 και
2089 875 2203 928 τρίτον
2232 875 2363 927 νόμων.

1307 938 1437 988 Νόμιον
1466 936 1503 977 δὲ
1528 940 1546 977 6
1577 937 1640 989 μὲν
1674 937 1847 998 ἔμψυχος,
1882 935 2063 990 βασιλεύς·
2093 940 2111 975 6
2142 935 2180 974 δὲ
2210 934 2365 989 ἄψυχος,

1307 998 1473 1051 γράμμα.
1533 999 1673 1049 Πρᾶτος
1693 998 1741 1035 ὠν
1761 999 1779 1036 6
1797 996 1919 1047 νόμος·
1942 995 2055 1048 τούτῳ
2074 995 2143 1049 γὰρ
2162 998 2180 1034 ὁ
2204 995 2368 1048 βασιλευς

1307 1058 1475 1109 νόμιμος,
1491 1060 1509 1096 6
1531 1058 1561 1096 δ’
1585 1057 1703 1110 ἄρχων
1726 1056 1927 1104 ἀκόλουθος,
1944 1058 1962 1094 ὁ
1977 1055 2033 1094 δ”
2015 1055 2209 1112 αρχόμενος
2225 1054 2366 1095 ἐλεύθε-

1310 1117 1408 1170 ρος,ἁ
1428 1118 1457 1155 δ’
1479 1115 1543 1155 ὅλα
1567 1115 1731 1155 κοινωνία
1753 1116 1941 1165 εὐδαίμων·
1963 1113 2024 1154 καὶ
2042 1114 2154 1153 τούτω
2183 1113 2367 1167 παραὸάσι

1308 1179 1325 1215 ὁ
1353 1176 1416 1228 μὲν
1441 1175 1602 1227 βασιλεὺς
1621 1175 1804 1227 τύραννος,
1827 1177 1844 1213 ὁ
1871 1173 1908 1213 δὲ
1930 1173 2050 1227 ἄρχων
2080 1173 2330 1221 ἀνακόλουθος,
2350 1175 2368 1210 6

1309 1238 1338 1276 δ’
1360 1237 1553 1289 ἀρχόμενος
1574 1236 1756 1284 δοῦλος,
1739 1252 1760 1273 α
1782 1236 1810 1273 δ’
1832 1234 1897 1274 ὅλα
1929 1233 2091 1274 κοινωνία
2121 1232 2365 1283 κακοδαίμων.

1310 1297 1534 1350 Συνείρονται
1552 1295 1593 1346 μὲ
1598 1313 1614 1334 ν
1633 1296 1701 1348 γὰρ
1725 1295 1783 1334 ταὶ
1805 1294 1980 1348 πράξιες’
1965 1311 2003 1333 εκ
2024 1296 2073 1333 τῶ
2096 1294 2212 1354 ἆρχεν
2227 1309 2287 1332 και
2316 1295 2366 1331 τῶ

1310 1358 1497 1410 ἄρχεσθαι,
1518 1372 1579 1394 και
1599 1355 1716 1409 τρίτον
1737 1356 1775 1393 ἐκ
1797 1357 1846 1393 τῶ
1865 1354 2007 1407 κρατέν.
2035 1354 2086 1394 Τὸ
2104 1355 2146 1403 μὲ
2135 1370 2166 1390 -ν
2188 1355 2236 1392 ὠν
2258 1353 2365 1406 ἄρχεν

1309 1419 1359 1454 τῶ
1379 1415 1566 1468 κρέσσονος
1587 1415 1721 1467 οἷκῃον,
1742 1414 1782 1452 τὸ
1803 1415 1832 1452 δ’
1855 1413 2028 1467 ἄρχεσθαι
2052 1414 2102 1450 τῶ
2124 1412 2311 1466 χερῇονος,
2327 1412 2367 1450 τὸ

1310 1475 1346 1513 δὲ
1366 1473 1492 1528 κρατὲν
1513 1474 1733 1527 ἀμφοτέρων.
1791 1471 1922 1526 Ἀρχει
1944 1471 2005 1523 μὲν
2022 1471 2091 1525 γὰρ
2105 1472 2144 1510 τὸ
2164 1471 2265 1524 λόγον
2285 1471 2365 1524 ἔχον

1309 1539 1371 1578 τᾶς
1401 1535 1537 1587 ψυχᾶς,
1559 1532 1706 1586 ἄρχεται
1727 1531 1764 1571 δὲ
1789 1531 1830 1570 τὸ
1859 1533 1996 1582 ἄλογον·
2017 1535 2203 1583 κρατεῧντι
2234 1530 2269 1570 δὲ
2297 1533 2366 1570 τῶν

1310 1593 1452 1632 παθέων
1474 1593 1670 1645 ἀμφότερα.
1703 1591 1843 1631 Γίνεται
1860 1591 1928 1644 γὰρ
1946 1592 1986 1630 ἐκ
2003 1597 2066 1635 τᾶς
2082 1590 2258 1644 ἑκατέρων
2279 1607 2361 1630 συν-

1311 1658 1469 1705 αρμογᾶς
1500 1652 1626 1705 ἀρετά,
1650 1651 1738 1691 αὐτὰ
1762 1649 1797 1691 δὲ
1817 1652 1876 1690 καὶ
1898 1651 1968 1690 ἀπὸ
1987 1657 2051 1689 τᾶν
2069 1651 2196 1689 ἁδονᾶν
2215 1650 2275 1690 καὶ
2294 1652 2363 1690 ἀπὸ

1310 1717 1374 1750 τᾶν
1415 1712 1529 1750 λυπᾶν
1568 1712 1601 1755 ἐς
1639 1710 1789 1764 ἀρεμίαν
1827 1710 1887 1750 καὶ
1928 1710 2099 1750 ἀπάθειαν
2138 1710 2270 1762 ἀπάγει
2303 1710 2367 1750 τὰν

1309 1771 1440 1824 ψυχάν.

1365 1830 1424 1876 ις’.
1458 1832 1521 1869 Δεῖ
1537 1829 1571 1869 δὲ
1592 1829 1649 1868 τὸν
1672 1829 1774 1882 νόμον
1797 1830 1983 1868 ἀκόλουθον
2001 1833 2090 1881 ἠμεν
2111 1835 2156 1883 τᾷ
2175 1829 2293 1883 φύσει,
2311 1832 2370 1868 δυ-

1310 1904 1412 1927 νατον
1431 1890 1500 1933 τοῖς
1521 1888 1728 1941 πράγμασι,
1751 1888 1974 1942 συμφέροντα
1993 1895 2039 1943 τᾷ
2058 1890 2222 1943 πολιτικᾷ
2239 1905 2370 1928 κοινω-

1309 1949 1388 2002 νίᾳ*
1418 1948 1493 1988 αἵτε
1511 1949 1581 2001 γὰρ
1601 1949 1673 1993 ἑνὸς
1694 1949 1824 1988 τούτων
1847 1949 1922 1988 αἵτε
1947 1950 2109 2002 πλῃόνων
2133 1950 2206 1988 αἴτε
2226 1949 2367 1987 πάντων

1312 2007 1561 2061 ἀπολείπεται,
1582 2009 1660 2057 ἤτοι
1677 2010 1715 2048 οὗ
1732 2010 1837 2061 νόμος
1856 2008 1878 2057 ἢ
1896 2010 1934 2048 οὗ
1950 2010 2080 2054 τέλειος
2097 2009 2200 2061 νόμος
2221 2011 2364 2049 ἐσεῖται.

1310 2140 1382 2172 sitoe
1390 2143 1466 2172 sunt
1483 2140 1618 2172 deorum
1633 2149 1698 2172 non
1713 2139 1841 2180 scripta:
1855 2139 1940 2180 leges
1957 2139 2073 2171 malam
2090 2140 2210 2172 sortem
2224 2148 2368 2181 poenam-

1307 2208 1371 2240 que
1388 2208 1453 2231 non
1469 2198 1631 2231 obedienti
1646 2199 1839 2240 irrogantes,
1859 2201 2006 2240 parentes
2024 2207 2062 2230 ac
2075 2198 2234 2239 principes
2251 2192 2367 2230 liuma-

1306 2267 1421 2291 narum
1435 2258 1719 2291 constitutionum.

1348 2319 1420 2351 XV.
1445 2319 1511 2350 Lex
1536 2317 1576 2349 ad
1600 2317 1739 2350 hominis
1763 2317 1907 2350 animum
1928 2317 2092 2358 vitamque
2117 2315 2252 2349 eandem
2271 2316 2368 2349 habet

1308 2379 1463 2411 rationem
1481 2387 1577 2420 quam
1600 2378 1770 2411 harmonia
1786 2378 1827 2411 ad
1847 2378 1993 2411 auditum
2013 2381 2046 2411 et
2068 2387 2179 2410 vocem
2200 2390 2208 2411 ι
2225 2387 2368 2419 namque

1308 2438 1358 2480 lex
1372 2439 1406 2470 et
1424 2438 1567 2471 animum
1581 2437 1674 2471 docet
1693 2440 1726 2471 et
1746 2438 1844 2470 vitam
1864 2437 1971 2478 fingit,
1992 2437 2159 2469 harmonia
2179 2438 2289 2470 autem
2308 2447 2367 2470 au-

1306 2496 1411 2529 ditum
1438 2496 1545 2529 erudit
1572 2504 1749 2537 vocemque
1776 2495 1836 2528 sibi
1865 2495 2099 2528 accommodat.
2145 2495 2292 2527 Arbitror
2309 2504 2367 2536 ego

1306 2565 1435 2589 omnem
1453 2556 1621 2588 hominum
1638 2557 1757 2588 ooetum
1775 2564 1794 2602 e
1812 2555 1955 2596 principe
1971 2557 2003 2588 et
2017 2555 2141 2587 civibus
2157 2563 2195 2588 ac
2211 2556 2367 2597 praeterea

1307 2624 1324 2648 e
1355 2615 1479 2657 legibus
1508 2617 1666 2648 constare.
1713 2616 1835 2656 Legum
1859 2614 1922 2647 alia
1948 2613 2088 2647 animata
2119 2615 2186 2654 est,
2213 2613 2366 2646 nimirum

1307 2683 1359 2707 rex
1381 2688 1389 2707 ε
1409 2674 1471 2706 alia
1496 2674 1687 2714 inanimata,
1710 2673 1881 2715 scriptum.
1927 2673 2037 2706 Primo
2064 2673 2162 2714 igitur
2188 2673 2242 2706 lex
2269 2682 2278 2705 ε
2303 2682 2367 2714 qua

1305 2735 1475 2767 observata
1489 2744 1543 2767 rex
1562 2733 1740 2775 legitimus,
1757 2733 1962 2774 magistratus
1980 2733 2177 2766 conveniens
2190 2732 2268 2773 erit,
2279 2733 2366 2765 cives

1305 2795 1417 2834 liberi,
1434 2794 1606 2826 universus
1627 2793 1766 2835 denique
1785 2794 1888 2826 coetus
1907 2793 1981 2826 felix
1998 2802 2007 2825 :
2026 2793 2059 2825 at
2076 2802 2113 2826 ea
2138 2793 2288 2834 perrupta
2311 2800 2364 2824 rex

1305 2855 1461 2895 tyrannus
1489 2854 1564 2894 fiet,
1592 2853 1797 2894 magistratus
1825 2853 1960 2886 minime
1988 2854 2085 2895 aptus
2119 2852 2200 2893 erit,
2227 2851 2366 2893 populus

1304 2922 1437 2955 servus,
1467 2917 1554 2946 totus
1578 2922 1655 2946 vero
1682 2913 1785 2946 coetus
1809 2912 1917 2945 infelix
1945 2912 2073 2946 evadet.
2119 2911 2366 2944 connectuntur

1305 2974 1391 3007 enim
1407 2982 1456 3006 res
1473 2975 1571 3015 gestae
1585 2982 1625 3006 ex
1639 2972 1827 3015 imperando
1838 2997 1847 3014 ,
1865 2971 2046 3007 obediendo
2065 2972 2097 3004 et
2113 2970 2282 3004 vincendo.
2308 2971 2366 3003 Est

1304 3033 1403 3074 igitur
1422 3032 1581 3074 imperare
1596 3031 1827 3074 praestantioris
1844 3032 2008 3074 proprium
2019 3055 2027 3071 ‚
2040 3029 2170 3063 obedire
2186 3029 2363 3069 deterioris,

1304 3095 1432 3127 vincere
1454 3093 1632 3134 utriusque.
1676 3092 1803 3126 Etenim
1822 3092 1986 3126 rationalis
2001 3091 2115 3123 animae
2138 3090 2185 3124 vis
2205 3090 2362 3131 imperat,

1304 3153 1428 3185 ratione
1449 3160 1563 3184 carens
1580 3151 1690 3185 obedit
1706 3165 1713 3185 :
1729 3151 1836 3184 ambae
1850 3159 1926 3184 vero
1944 3149 2199 3191 perturbationes
2215 3148 2361 3183 vincunt.

1305 3210 1355 3244 Fit
1377 3210 1463 3243 enim
1481 3219 1523 3243 ex
1539 3210 1709 3253 utriusque
1722 3212 1797 3252 apta
1813 3208 2040 3251 conjunctione
2057 3207 2161 3240 virtus
2179 3217 2187 3239 :
2206 3206 2273 3249 ipsa
2287 3215 2363 3238 vero

1303 3279 1322 3302 a
1336 3269 1554 3311 voluptatibus
1571 3271 1604 3303 et
1620 3270 1812 3302 moeroribus
1828 3269 1972 3301 animum
1990 3267 2031 3300 ad
2048 3266 2313 3309 tranquillitatem
2330 3268 2362 3298 et
2397 3265 2403 3271 '

1304 3329 1568 3371 imperturbatam
1587 3330 1727 3371 quietem
1751 3329 1890 3362 revocat.

1345 3393 1433 3425 XVI.
1458 3393 1594 3432 Oportet
1616 3394 1723 3424 autem
1749 3391 1848 3431 legem
1867 3397 1934 3422 esse
1951 3389 2076 3422 naturoe
2096 3377 2361 3428 convenientem,

1304 3458 1338 3482 re
1357 3449 1424 3491 ipsa
1445 3449 1606 3489 validam,
1626 3449 1712 3481 civili
1729 3447 1874 3481 societati
1892 3447 2003 3481 utilem
2020 3446 2112 3480 :sive
2131 3446 2218 3479 enirn
2233 3445 2287 3478 uni
2306 3444 2362 3477 ha-
