<?xml version="1.0" encoding="UTF-8"?>
<!DOCTYPE html PUBLIC "-//W3C//DTD XHTML 1.0 Transitional//EN"
    "http://www.w3.org/TR/xhtml1/DTD/xhtml1-transitional.dtd">
<html xmlns="http://www.w3.org/1999/xhtml" xml:lang="en" lang="en">
 <head>
  <title>
</title>
<meta http-equiv="Content-Type" content="text/html;charset=utf-8" />
  <meta name='ocr-system' content='tesseract 3.04.00' />
  <meta name='ocr-capabilities' content='ocr_page ocr_carea ocr_par ocr_line ocrx_word'/>
</head>
<body>
  <div class='ocr_page' id='page_1' title='image "./fragmentaphiloso01mulluoft_0496.png"; bbox 0 0 2612 3814; ppageno 0'>
   <div class='ocr_carea' id='block_1_1' title="bbox 276 313 352 347">
    <p class='ocr_par' dir='ltr' id='par_1_1' title="bbox 276 313 352 347">
     <span class='ocr_line' id='line_1_1' title="bbox 276 313 352 347; baseline -0.013 0"><span class='ocrx_word' id='word_1_1' title='bbox 276 313 352 347; x_wconf 75' lang='lat'>456</span> 
     </span>
    </p>
   </div>
   <div class='ocr_carea' id='block_1_2' title="bbox 271 393 1332 2158">
    <p class='ocr_par' dir='ltr' id='par_1_2' title="bbox 271 393 1332 2158">
     <span class='ocr_line' id='line_1_2' title="bbox 275 393 1324 448; baseline -0.002 -15"><span class='ocrx_word' id='word_1_2' title='bbox 275 395 334 434; x_wconf 82' lang='grc' dir='ltr'>καὶ</span> <span class='ocrx_word' id='word_1_3' title='bbox 356 394 470 434; x_wconf 90' lang='grc' dir='ltr'>ποτά</span> <span class='ocrx_word' id='word_1_4' title='bbox 486 426 496 445; x_wconf 83' lang='lat'><strong>‚</strong></span> <span class='ocrx_word' id='word_1_5' title='bbox 522 395 595 434; x_wconf 74' lang='grc' dir='ltr'>καὶ</span> <span class='ocrx_word' id='word_1_6' title='bbox 616 412 637 448; x_wconf 91' lang='grc' dir='ltr'>γ</span> <span class='ocrx_word' id='word_1_7' title='bbox 651 412 669 434; x_wconf 90' lang='grc' dir='ltr'>υ</span> <span class='ocrx_word' id='word_1_8' title='bbox 684 411 734 447; x_wconf 87' lang='grc' dir='ltr'>μν</span> <span class='ocrx_word' id='word_1_9' title='bbox 749 395 802 435; x_wconf 89' lang='grc' dir='ltr'>άσ</span> <span class='ocrx_word' id='word_1_10' title='bbox 818 411 828 433; x_wconf 89' lang='grc' dir='ltr'>ι</span> <span class='ocrx_word' id='word_1_11' title='bbox 843 412 883 443; x_wconf 89' lang='grc' dir='ltr'>α,</span> <span class='ocrx_word' id='word_1_12' title='bbox 899 395 1102 447; x_wconf 75' lang='grc' dir='ltr'>ἐκλέγεσθαι</span> <span class='ocrx_word' id='word_1_13' title='bbox 1128 393 1198 447; x_wconf 77' lang='grc' dir='ltr'>χρή</span> <span class='ocrx_word' id='word_1_14' title='bbox 1213 424 1222 441; x_wconf 84' lang='grc'>,</span> <span class='ocrx_word' id='word_1_15' title='bbox 1245 393 1267 431; x_wconf 89' lang='grc' dir='ltr'>ἃ</span> <span class='ocrx_word' id='word_1_16' title='bbox 1285 393 1324 432; x_wconf 77' lang='grc' dir='ltr'>τὸ</span> 
     </span>
     <span class='ocr_line' id='line_1_3' title="bbox 276 452 1324 507; baseline -0.002 -15"><span class='ocrx_word' id='word_1_17' title='bbox 276 456 380 504; x_wconf 81' lang='grc' dir='ltr'>σῶμα</span> <span class='ocrx_word' id='word_1_18' title='bbox 399 454 574 501; x_wconf 75' lang='grc' dir='ltr'>πειθήνιον</span> <span class='ocrx_word' id='word_1_19' title='bbox 594 455 680 507; x_wconf 86' lang='grc' dir='ltr'>πρὸς</span> <span class='ocrx_word' id='word_1_20' title='bbox 699 454 761 501; x_wconf 78' lang='grc' dir='ltr'>τὴν</span> <span class='ocrx_word' id='word_1_21' title='bbox 781 457 850 493; x_wconf 82' lang='grc' dir='ltr'>τῶν</span> <span class='ocrx_word' id='word_1_22' title='bbox 871 456 1002 507; x_wconf 79' lang='grc' dir='ltr'>ἀρετῶν</span> <span class='ocrx_word' id='word_1_23' title='bbox 1020 456 1147 506; x_wconf 74' lang='grc' dir='ltr'>χρῆσιν</span> <span class='ocrx_word' id='word_1_24' title='bbox 1169 452 1324 505; x_wconf 82' lang='grc' dir='ltr'>ἀπεργά-</span> 
     </span>
     <span class='ocr_line' id='line_1_4' title="bbox 276 512 1326 567; baseline 0 -17"><span class='ocrx_word' id='word_1_25' title='bbox 276 515 395 560; x_wconf 86' lang='grc' dir='ltr'>ζεται,</span> <span class='ocrx_word' id='word_1_26' title='bbox 417 513 439 552; x_wconf 79' lang='grc' dir='ltr'>ἃ</span> <span class='ocrx_word' id='word_1_27' title='bbox 471 513 520 564; x_wconf 84' lang='grc' dir='ltr'>μὴ</span> <span class='ocrx_word' id='word_1_28' title='bbox 552 513 690 567; x_wconf 84' lang='grc' dir='ltr'>ἐκφέρει</span> <span class='ocrx_word' id='word_1_29' title='bbox 715 513 755 552; x_wconf 83' lang='grc' dir='ltr'>τὸ</span> <span class='ocrx_word' id='word_1_30' title='bbox 785 513 909 566; x_wconf 81' lang='grc' dir='ltr'>ἄλογον</span> <span class='ocrx_word' id='word_1_31' title='bbox 940 513 1026 565; x_wconf 79' lang='grc' dir='ltr'>πρὸς</span> <span class='ocrx_word' id='word_1_32' title='bbox 1055 512 1240 564; x_wconf 85' lang='grc' dir='ltr'>ἀφηνίασιν</span> <span class='ocrx_word' id='word_1_33' title='bbox 1267 515 1326 551; x_wconf 73' lang='grc' dir='ltr'>τοῦ</span> 
     </span>
     <span class='ocr_line' id='line_1_5' title="bbox 275 570 1326 624; baseline -0.003 -13"><span class='ocrx_word' id='word_1_34' title='bbox 275 575 528 624; x_wconf 72' lang='grc' dir='ltr'>ἡγεμονοῦντος</span> <span class='ocrx_word' id='word_1_35' title='bbox 569 572 686 624; x_wconf 85' lang='grc' dir='ltr'>λόγου.</span> <span class='ocrx_word' id='word_1_36' title='bbox 747 572 848 612; x_wconf 81' lang='grc' dir='ltr'>Μετὰ</span> <span class='ocrx_word' id='word_1_37' title='bbox 880 572 1048 619; x_wconf 76' lang='grc' dir='ltr'>πλείστης</span> <span class='ocrx_word' id='word_1_38' title='bbox 1079 570 1114 609; x_wconf 87' lang='grc' dir='ltr'>δὲ</span> <span class='ocrx_word' id='word_1_39' title='bbox 1149 573 1326 623; x_wconf 69' lang='grc' dir='ltr'>προσοχῆς</span> 
     </span>
     <span class='ocr_line' id='line_1_6' title="bbox 274 630 1327 685; baseline 0 -16"><span class='ocrx_word' id='word_1_40' title='bbox 274 630 449 669; x_wconf 84' lang='grc' dir='ltr'>ποιεῖσθαί</span> <span class='ocrx_word' id='word_1_41' title='bbox 469 646 507 669; x_wconf 90' lang='grc' dir='ltr'>σε</span> <span class='ocrx_word' id='word_1_42' title='bbox 529 632 579 671; x_wconf 89' lang='grc' dir='ltr'>δεῖ</span> <span class='ocrx_word' id='word_1_43' title='bbox 597 631 660 679; x_wconf 87' lang='grc' dir='ltr'>τὴν</span> <span class='ocrx_word' id='word_1_44' title='bbox 683 631 952 685; x_wconf 82' lang='grc' dir='ltr'>παραμέτρησιν</span> <span class='ocrx_word' id='word_1_45' title='bbox 974 634 1036 678; x_wconf 77' lang='grc' dir='ltr'>τῆς</span> <span class='ocrx_word' id='word_1_46' title='bbox 1059 630 1327 680; x_wconf 82' lang='grc' dir='ltr'>ἐπιμελείας</span> 
     </span>
     <span class='ocr_line' id='line_1_7' title="bbox 274 689 1327 741; baseline -0.001 -14"><span class='ocrx_word' id='word_1_47' title='bbox 274 693 346 728; x_wconf 82' lang='grc' dir='ltr'>τοῦ</span> <span class='ocrx_word' id='word_1_48' title='bbox 367 689 523 740; x_wconf 84' lang='grc' dir='ltr'>σώματ</span> <span class='ocrx_word' id='word_1_49' title='bbox 537 706 599 738; x_wconf 90' lang='grc' dir='ltr'>ος,</span> <span class='ocrx_word' id='word_1_50' title='bbox 615 693 661 735; x_wconf 84' lang='grc' dir='ltr'>ὡς</span> <span class='ocrx_word' id='word_1_51' title='bbox 680 690 740 729; x_wconf 79' lang='grc' dir='ltr'>καὶ</span> <span class='ocrx_word' id='word_1_52' title='bbox 759 694 828 729; x_wconf 85' lang='grc' dir='ltr'>τῶν</span> <span class='ocrx_word' id='word_1_53' title='bbox 848 690 971 729; x_wconf 88' lang='grc' dir='ltr'>τούτου</span> <span class='ocrx_word' id='word_1_54' title='bbox 997 689 1208 741; x_wconf 81' lang='grc' dir='ltr'>παραλόγων</span> <span class='ocrx_word' id='word_1_55' title='bbox 1229 705 1327 736; x_wconf 89' lang='grc' dir='ltr'>κινη-</span> 
     </span>
     <span class='ocr_line' id='line_1_8' title="bbox 276 747 1329 802; baseline -0.001 -16"><span class='ocrx_word' id='word_1_56' title='bbox 276 747 478 798; x_wconf 87' lang='grc' dir='ltr'>μάτων-τὴν</span> <span class='ocrx_word' id='word_1_57' title='bbox 501 750 613 788; x_wconf 79' lang='grc' dir='ltr'>αἰτίαν</span> <span class='ocrx_word' id='word_1_58' title='bbox 637 749 816 802; x_wconf 78' lang='grc' dir='ltr'>ὑφέξοντα.</span> <span class='ocrx_word' id='word_1_59' title='bbox 876 748 994 800; x_wconf 86' lang='grc' dir='ltr'>Βρίθει</span> <span class='ocrx_word' id='word_1_60' title='bbox 1007 748 1075 801; x_wconf 85' lang='grc' dir='ltr'>γὰρ</span> <span class='ocrx_word' id='word_1_61' title='bbox 1096 750 1113 785; x_wconf 85' lang='grc' dir='ltr'>ὁ</span> <span class='ocrx_word' id='word_1_62' title='bbox 1130 751 1190 794; x_wconf 74' lang='grc' dir='ltr'>τῆς</span> <span class='ocrx_word' id='word_1_63' title='bbox 1203 747 1329 791; x_wconf 82' lang='grc' dir='ltr'>κακίας</span> 
     </span>
     <span class='ocr_line' id='line_1_9' title="bbox 277 804 1327 859; baseline -0.002 -14"><span class='ocrx_word' id='word_1_64' title='bbox 277 806 434 859; x_wconf 81' lang='grc' dir='ltr'>μετέχων</span> <span class='ocrx_word' id='word_1_65' title='bbox 461 806 566 851; x_wconf 73' lang='grc' dir='ltr'>ἵππος</span> <span class='ocrx_word' id='word_1_66' title='bbox 581 836 590 853; x_wconf 90' lang='grc'>,</span> <span class='ocrx_word' id='word_1_67' title='bbox 622 809 686 859; x_wconf 81' lang='grc' dir='ltr'>οὐχ</span> <span class='ocrx_word' id='word_1_68' title='bbox 716 809 854 854; x_wconf 84' lang='grc' dir='ltr'>ἁπλῶς,</span> <span class='ocrx_word' id='word_1_69' title='bbox 878 808 956 845; x_wconf 88' lang='grc' dir='ltr'>ἀλλ’</span> <span class='ocrx_word' id='word_1_70' title='bbox 978 806 1033 845; x_wconf 77' lang='grc' dir='ltr'>ὅτε</span> <span class='ocrx_word' id='word_1_71' title='bbox 1057 806 1106 856; x_wconf 90' lang='grc' dir='ltr'>μὴ</span> <span class='ocrx_word' id='word_1_72' title='bbox 1135 807 1249 849; x_wconf 84' lang='grc' dir='ltr'>καλῶς</span> <span class='ocrx_word' id='word_1_73' title='bbox 1274 804 1327 853; x_wconf 83' lang='grc' dir='ltr'>εἴη</span> 
     </span>
     <span class='ocr_line' id='line_1_10' title="bbox 274 864 1328 919; baseline -0.001 -15"><span class='ocrx_word' id='word_1_74' title='bbox 274 866 514 919; x_wconf 81' lang='grc' dir='ltr'>τεθραμμένος</span> <span class='ocrx_word' id='word_1_75' title='bbox 534 866 600 904; x_wconf 81' lang='grc' dir='ltr'>ὑπὸ</span> <span class='ocrx_word' id='word_1_76' title='bbox 621 870 688 904; x_wconf 80' lang='grc' dir='ltr'>τῶν</span> <span class='ocrx_word' id='word_1_77' title='bbox 715 866 880 919; x_wconf 77' lang='grc' dir='ltr'>ἡνιόχων.</span> <span class='ocrx_word' id='word_1_78' title='bbox 942 865 1003 904; x_wconf 84' lang='grc' dir='ltr'>Ἐν</span> <span class='ocrx_word' id='word_1_79' title='bbox 1023 865 1058 903; x_wconf 78' lang='grc' dir='ltr'>δὲ</span> <span class='ocrx_word' id='word_1_80' title='bbox 1078 868 1128 919; x_wconf 83' lang='grc' dir='ltr'>τῷ</span> <span class='ocrx_word' id='word_1_81' title='bbox 1156 864 1266 916; x_wconf 86' lang='grc' dir='ltr'>μέτρ</span> <span class='ocrx_word' id='word_1_82' title='bbox 1280 881 1328 918; x_wconf 86' lang='grc' dir='ltr'>ῳ,</span> 
     </span>
     <span class='ocr_line' id='line_1_11' title="bbox 275 922 1326 977; baseline 0.002 -16"><span class='ocrx_word' id='word_1_83' title='bbox 275 926 326 977; x_wconf 77' lang='grc' dir='ltr'>τῷ</span> <span class='ocrx_word' id='word_1_84' title='bbox 347 925 427 976; x_wconf 82' lang='grc' dir='ltr'>περὶ</span> <span class='ocrx_word' id='word_1_85' title='bbox 447 925 486 964; x_wconf 80' lang='grc' dir='ltr'>τὸ</span> <span class='ocrx_word' id='word_1_86' title='bbox 500 928 626 976; x_wconf 81' lang='grc' dir='ltr'>σῶμα</span> <span class='ocrx_word' id='word_1_87' title='bbox 640 956 651 976; x_wconf 91' lang='grc'>,</span> <span class='ocrx_word' id='word_1_88' title='bbox 667 925 706 965; x_wconf 83' lang='grc' dir='ltr'>τὸ</span> <span class='ocrx_word' id='word_1_89' title='bbox 725 941 806 964; x_wconf 87' lang='grc' dir='ltr'>ποτ</span> <span class='ocrx_word' id='word_1_90' title='bbox 820 926 866 963; x_wconf 81' lang='grc' dir='ltr'>ὸν</span> <span class='ocrx_word' id='word_1_91' title='bbox 881 928 941 964; x_wconf 78' lang='grc' dir='ltr'>τοῦ</span> <span class='ocrx_word' id='word_1_92' title='bbox 965 924 1110 963; x_wconf 87' lang='grc' dir='ltr'>σιτίου</span> <span class='ocrx_word' id='word_1_93' title='bbox 1124 922 1326 976; x_wconf 78' lang='grc' dir='ltr'>προέταξεν,</span> 
     </span>
     <span class='ocr_line' id='line_1_12' title="bbox 279 982 1328 1038; baseline 0.001 -17"><span class='ocrx_word' id='word_1_94' title='bbox 279 983 332 1021; x_wconf 82' lang='grc' dir='ltr'>ὅτι</span> <span class='ocrx_word' id='word_1_95' title='bbox 352 983 486 1034; x_wconf 85' lang='grc' dir='ltr'>μᾶλλόν</span> <span class='ocrx_word' id='word_1_96' title='bbox 507 986 579 1022; x_wconf 81' lang='grc' dir='ltr'>ἐστι</span> <span class='ocrx_word' id='word_1_97' title='bbox 597 984 837 1038; x_wconf 84' lang='grc' dir='ltr'>δυσφύλακτον</span> <span class='ocrx_word' id='word_1_98' title='bbox 850 1014 861 1033; x_wconf 89' lang='grc'>,</span> <span class='ocrx_word' id='word_1_99' title='bbox 878 983 938 1022; x_wconf 82' lang='grc' dir='ltr'>καὶ</span> <span class='ocrx_word' id='word_1_100' title='bbox 957 983 1132 1023; x_wconf 83' lang='grc' dir='ltr'>εὖόλισθον</span> <span class='ocrx_word' id='word_1_101' title='bbox 1153 984 1200 1027; x_wconf 85' lang='grc' dir='ltr'>εἷς</span> <span class='ocrx_word' id='word_1_102' title='bbox 1219 982 1328 1022; x_wconf 87' lang='grc' dir='ltr'>κατά·</span> 
     </span>
     <span class='ocr_line' id='line_1_13' title="bbox 275 1042 1326 1095; baseline 0.002 -15"><span class='ocrx_word' id='word_1_103' title='bbox 275 1057 395 1091; x_wconf 91' lang='grc' dir='ltr'>ποσιν,</span> <span class='ocrx_word' id='word_1_104' title='bbox 417 1042 478 1081; x_wconf 77' lang='grc' dir='ltr'>καὶ</span> <span class='ocrx_word' id='word_1_105' title='bbox 498 1043 775 1095; x_wconf 82' lang='grc' dir='ltr'>παρακινητικὸν</span> <span class='ocrx_word' id='word_1_106' title='bbox 794 1047 856 1091; x_wconf 82' lang='grc' dir='ltr'>τ’ἧς</span> <span class='ocrx_word' id='word_1_107' title='bbox 873 1047 933 1083; x_wconf 75' lang='grc' dir='ltr'>τοῦ</span> <span class='ocrx_word' id='word_1_108' title='bbox 959 1043 1052 1092; x_wconf 84' lang='grc' dir='ltr'>σώμ</span> <span class='ocrx_word' id='word_1_109' title='bbox 1065 1058 1161 1086; x_wconf 92' lang='grc' dir='ltr'>ατος</span> <span class='ocrx_word' id='word_1_110' title='bbox 1181 1042 1326 1087; x_wconf 78' lang='grc' dir='ltr'>εὐεξίας.</span> 
     </span>
     <span class='ocr_line' id='line_1_14' title="bbox 275 1100 1327 1155; baseline -0.001 -15"><span class='ocrx_word' id='word_1_111' title='bbox 275 1101 385 1140; x_wconf 85' lang='grc' dir='ltr'>Λάθοι</span> <span class='ocrx_word' id='word_1_112' title='bbox 408 1100 477 1155; x_wconf 83' lang='grc' dir='ltr'>γὰρ</span> <span class='ocrx_word' id='word_1_113' title='bbox 509 1101 550 1139; x_wconf 87' lang='grc' dir='ltr'>ἄν</span> <span class='ocrx_word' id='word_1_114' title='bbox 578 1118 630 1147; x_wconf 82' lang='grc' dir='ltr'>τις</span> <span class='ocrx_word' id='word_1_115' title='bbox 665 1102 920 1141; x_wconf 82' lang='grc' dir='ltr'>πολλαπλάσια</span> <span class='ocrx_word' id='word_1_116' title='bbox 957 1105 1017 1140; x_wconf 80' lang='grc' dir='ltr'>τοῦ</span> <span class='ocrx_word' id='word_1_117' title='bbox 1046 1101 1210 1154; x_wconf 83' lang='grc' dir='ltr'>μέτρου</span> <span class='ocrx_word' id='word_1_118' title='bbox 1237 1100 1327 1140; x_wconf 88' lang='grc' dir='ltr'>πιὼν</span> 
     </span>
     <span class='ocr_line' id='line_1_15' title="bbox 276 1160 1326 1215; baseline 0 -17"><span class='ocrx_word' id='word_1_119' title='bbox 276 1162 408 1210; x_wconf 75' lang='grc' dir='ltr'>μᾶλλον</span> <span class='ocrx_word' id='word_1_120' title='bbox 427 1160 448 1207; x_wconf 84' lang='grc' dir='ltr'>ἢ</span> <span class='ocrx_word' id='word_1_121' title='bbox 464 1162 598 1214; x_wconf 84' lang='grc' dir='ltr'>φαγών.</span> <span class='ocrx_word' id='word_1_122' title='bbox 656 1161 715 1202; x_wconf 81' lang='grc' dir='ltr'>Τὰ</span> <span class='ocrx_word' id='word_1_123' title='bbox 729 1161 764 1202; x_wconf 84' lang='grc' dir='ltr'>δὲ</span> <span class='ocrx_word' id='word_1_124' title='bbox 778 1178 799 1213; x_wconf 89' lang='grc' dir='ltr'><strong>γ</strong></span> <span class='ocrx_word' id='word_1_125' title='bbox 810 1178 829 1200; x_wconf 93' lang='grc' dir='ltr'>υ</span> <span class='ocrx_word' id='word_1_126' title='bbox 842 1179 868 1213; x_wconf 90' lang='grc' dir='ltr'>μ</span> <span class='ocrx_word' id='word_1_127' title='bbox 878 1178 895 1200; x_wconf 89' lang='grc' dir='ltr'>ν</span> <span class='ocrx_word' id='word_1_128' title='bbox 909 1161 931 1202; x_wconf 91' lang='grc' dir='ltr'>ά</span> <span class='ocrx_word' id='word_1_129' title='bbox 941 1177 983 1200; x_wconf 89' lang='grc' dir='ltr'>σι</span> <span class='ocrx_word' id='word_1_130' title='bbox 995 1177 1016 1200; x_wconf 85' lang='grc' dir='ltr'>α</span> <span class='ocrx_word' id='word_1_131' title='bbox 1032 1160 1132 1215; x_wconf 83' lang='grc' dir='ltr'>τρίτα</span> <span class='ocrx_word' id='word_1_132' title='bbox 1144 1161 1326 1208; x_wconf 89' lang='grc' dir='ltr'>τέτακται,</span> 
     </span>
     <span class='ocr_line' id='line_1_16' title="bbox 277 1218 1329 1275; baseline 0.002 -20"><span class='ocrx_word' id='word_1_133' title='bbox 277 1219 322 1262; x_wconf 88' lang='grc' dir='ltr'>ὡς</span> <span class='ocrx_word' id='word_1_134' title='bbox 343 1218 626 1271; x_wconf 77' lang='grc' dir='ltr'>ἐπανορθούμενα</span> <span class='ocrx_word' id='word_1_135' title='bbox 642 1219 704 1267; x_wconf 84' lang='grc' dir='ltr'>τὴν</span> <span class='ocrx_word' id='word_1_136' title='bbox 724 1219 794 1259; x_wconf 82' lang='grc' dir='ltr'>ἀπὸ</span> <span class='ocrx_word' id='word_1_137' title='bbox 819 1223 882 1266; x_wconf 74' lang='grc' dir='ltr'>τῆς·</span> <span class='ocrx_word' id='word_1_138' title='bbox 906 1223 1037 1275; x_wconf 67' lang='grc' dir='ltr'>τροφῆς</span> <span class='ocrx_word' id='word_1_139' title='bbox 1053 1220 1234 1273; x_wconf 79' lang='grc' dir='ltr'>πλήρωσιν</span> <span class='ocrx_word' id='word_1_140' title='bbox 1245 1251 1255 1268; x_wconf 91' lang='lat'><strong>,</strong></span> <span class='ocrx_word' id='word_1_141' title='bbox 1268 1218 1329 1258; x_wconf 83' lang='grc' dir='ltr'>καὶ</span> 
     </span>
     <span class='ocr_line' id='line_1_17' title="bbox 274 1276 1326 1333; baseline 0.006 -19"><span class='ocrx_word' id='word_1_142' title='bbox 274 1276 380 1316; x_wconf 81' lang='grc' dir='ltr'>πάλιν</span> <span class='ocrx_word' id='word_1_143' title='bbox 396 1278 482 1331; x_wconf 84' lang='grc' dir='ltr'>πρὸς</span> <span class='ocrx_word' id='word_1_144' title='bbox 501 1279 540 1318; x_wconf 80' lang='grc' dir='ltr'>τὸ</span> <span class='ocrx_word' id='word_1_145' title='bbox 559 1281 577 1317; x_wconf 85' lang='grc' dir='ltr'><strong>ὓ</strong></span> <span class='ocrx_word' id='word_1_146' title='bbox 589 1282 766 1332; x_wconf 84' lang='grc' dir='ltr'>γιεινῶς</span> <span class='ocrx_word' id='word_1_147' title='bbox 786 1280 972 1333; x_wconf 84' lang='grc' dir='ltr'>τρέφεσθαι</span> <span class='ocrx_word' id='word_1_148' title='bbox 998 1280 1326 1333; x_wconf 82' lang='grc' dir='ltr'>παρασκευάζοντα.</span> 
     </span>
     <span class='ocr_line' id='line_1_18' title="bbox 276 1332 1326 1391; baseline 0.002 -16"><span class='ocrx_word' id='word_1_149' title='bbox 276 1337 409 1390; x_wconf 86' lang='grc' dir='ltr'>Κύκλῳ</span> <span class='ocrx_word' id='word_1_150' title='bbox 444 1336 512 1391; x_wconf 78' lang='grc' dir='ltr'>γὰρ</span> <span class='ocrx_word' id='word_1_151' title='bbox 551 1332 621 1378; x_wconf 74' lang='grc' dir='ltr'>οἶον</span> <span class='ocrx_word' id='word_1_152' title='bbox 666 1341 938 1378; x_wconf 86' lang='grc' dir='ltr'>ἀνταποδίδοται</span> <span class='ocrx_word' id='word_1_153' title='bbox 983 1342 1094 1378; x_wconf 82' lang='grc' dir='ltr'>ταῦτα</span> <span class='ocrx_word' id='word_1_154' title='bbox 1143 1339 1326 1388; x_wconf 77' lang='grc' dir='ltr'>ἀλλήλοις,</span> 
     </span>
     <span class='ocr_line' id='line_1_19' title="bbox 274 1396 1329 1451; baseline 0.001 -16"><span class='ocrx_word' id='word_1_155' title='bbox 274 1396 434 1449; x_wconf 81' lang='grc' dir='ltr'>τροφή,</span> <span class='ocrx_word' id='word_1_156' title='bbox 471 1397 532 1435; x_wconf 79' lang='grc' dir='ltr'>καὶ</span> <span class='ocrx_word' id='word_1_157' title='bbox 559 1397 831 1449; x_wconf 88' lang='grc' dir='ltr'>γυμνάσιον·</span> <span class='ocrx_word' id='word_1_158' title='bbox 867 1399 928 1438; x_wconf 80' lang='grc' dir='ltr'>καὶ</span> <span class='ocrx_word' id='word_1_159' title='bbox 956 1398 1223 1451; x_wconf 81' lang='grc' dir='ltr'>γυμνάσιον,</span> <span class='ocrx_word' id='word_1_160' title='bbox 1267 1398 1329 1436; x_wconf 84' lang='grc' dir='ltr'>καὶ</span> 
     </span>
     <span class='ocr_line' id='line_1_20' title="bbox 274 1455 1329 1529; baseline 0.003 -36"><span class='ocrx_word' id='word_1_161' title='bbox 274 1471 381 1529; x_wconf 33' lang='grc' dir='ltr'>τροπῇ)</span> <span class='ocrx_word' id='word_1_162' title='bbox 392 1455 428 1502; x_wconf 75' lang='grc' dir='ltr'>ἦ.</span> <span class='ocrx_word' id='word_1_163' title='bbox 487 1457 648 1509; x_wconf 86' lang='grc' dir='ltr'>Χορηγία</span> <span class='ocrx_word' id='word_1_164' title='bbox 668 1456 734 1509; x_wconf 77' lang='grc' dir='ltr'>γὰρ</span> <span class='ocrx_word' id='word_1_165' title='bbox 752 1460 814 1495; x_wconf 77' lang='grc' dir='ltr'>τοῦ</span> <span class='ocrx_word' id='word_1_166' title='bbox 832 1456 895 1508; x_wconf 82' lang='grc' dir='ltr'>μὲν</span> <span class='ocrx_word' id='word_1_167' title='bbox 908 1457 1074 1496; x_wconf 81' lang='grc' dir='ltr'>δύνασθαι</span> <span class='ocrx_word' id='word_1_168' title='bbox 1093 1458 1329 1508; x_wconf 83' lang='grc' dir='ltr'>γυμνάζεσθαι</span> 
     </span>
     <span class='ocr_line' id='line_1_21' title="bbox 273 1513 1327 1568; baseline 0.003 -17"><span class='ocrx_word' id='word_1_169' title='bbox 273 1513 311 1551; x_wconf 86' lang='grc' dir='ltr'>τὸ</span> <span class='ocrx_word' id='word_1_170' title='bbox 332 1529 368 1551; x_wconf 90' lang='grc' dir='ltr'>ευ</span> <span class='ocrx_word' id='word_1_171' title='bbox 389 1514 602 1568; x_wconf 83' lang='grc' dir='ltr'>τεθράφθαι,</span> <span class='ocrx_word' id='word_1_172' title='bbox 629 1520 688 1554; x_wconf 81' lang='grc' dir='ltr'>τοῦ</span> <span class='ocrx_word' id='word_1_173' title='bbox 711 1514 747 1554; x_wconf 81' lang='grc' dir='ltr'>δὲ</span> <span class='ocrx_word' id='word_1_174' title='bbox 767 1517 952 1560; x_wconf 81' lang='grc' dir='ltr'>εὖεκτικῶς</span> <span class='ocrx_word' id='word_1_175' title='bbox 977 1516 1189 1568; x_wconf 85' lang='grc' dir='ltr'>τρέφεσθαι,</span> <span class='ocrx_word' id='word_1_176' title='bbox 1212 1515 1251 1554; x_wconf 82' lang='grc' dir='ltr'>τὸ</span> <span class='ocrx_word' id='word_1_177' title='bbox 1269 1532 1327 1566; x_wconf 79' lang='grc' dir='ltr'>γε·</span> 
     </span>
     <span class='ocr_line' id='line_1_22' title="bbox 273 1572 1329 1626; baseline 0.005 -17"><span class='ocrx_word' id='word_1_178' title='bbox 273 1572 472 1622; x_wconf 86' lang='grc' dir='ltr'>γυμνάσθαι</span> <span class='ocrx_word' id='word_1_179' title='bbox 513 1572 737 1624; x_wconf 82' lang='grc' dir='ltr'>συμμέτρως.</span> <span class='ocrx_word' id='word_1_180' title='bbox 798 1573 892 1613; x_wconf 88' lang='grc' dir='ltr'>Μέτ</span> <span class='ocrx_word' id='word_1_181' title='bbox 906 1589 975 1626; x_wconf 93' lang='grc' dir='ltr'>ρον</span> <span class='ocrx_word' id='word_1_182' title='bbox 1012 1574 1048 1612; x_wconf 82' lang='grc' dir='ltr'>δὲ</span> <span class='ocrx_word' id='word_1_183' title='bbox 1079 1574 1209 1614; x_wconf 87' lang='grc' dir='ltr'>τούτων</span> <span class='ocrx_word' id='word_1_184' title='bbox 1242 1575 1329 1614; x_wconf 83' lang='grc' dir='ltr'>ἄλλο</span> 
     </span>
     <span class='ocr_line' id='line_1_23' title="bbox 274 1630 1328 1684; baseline 0.002 -15"><span class='ocrx_word' id='word_1_185' title='bbox 274 1630 390 1684; x_wconf 84' lang='grc' dir='ltr'>ἄλλῳ,</span> <span class='ocrx_word' id='word_1_186' title='bbox 409 1631 495 1684; x_wconf 74' lang='grc' dir='ltr'>πρὸς</span> <span class='ocrx_word' id='word_1_187' title='bbox 512 1631 551 1670; x_wconf 83' lang='grc' dir='ltr'>τὸ</span> <span class='ocrx_word' id='word_1_188' title='bbox 572 1635 696 1671; x_wconf 85' lang='grc' dir='ltr'>οἰκεῖον</span> <span class='ocrx_word' id='word_1_189' title='bbox 726 1632 945 1684; x_wconf 82' lang='grc' dir='ltr'>ἐπιτήδευμα</span> <span class='ocrx_word' id='word_1_190' title='bbox 962 1636 1023 1680; x_wconf 78' lang='grc' dir='ltr'>τῆς</span> <span class='ocrx_word' id='word_1_191' title='bbox 1038 1636 1097 1672; x_wconf 78' lang='grc' dir='ltr'>τοῦ</span> <span class='ocrx_word' id='word_1_192' title='bbox 1126 1632 1278 1683; x_wconf 79' lang='grc' dir='ltr'>σώματ</span> <span class='ocrx_word' id='word_1_193' title='bbox 1290 1649 1328 1677; x_wconf 91' lang='grc' dir='ltr'>ος</span> 
     </span>
     <span class='ocr_line' id='line_1_24' title="bbox 273 1689 1328 1745; baseline 0.003 -18"><span class='ocrx_word' id='word_1_194' title='bbox 273 1689 543 1741; x_wconf 81' lang='grc' dir='ltr'>ἐπιμελείας</span> <span class='ocrx_word' id='word_1_195' title='bbox 564 1691 704 1744; x_wconf 82' lang='grc' dir='ltr'>ἑκάστῳ</span> <span class='ocrx_word' id='word_1_196' title='bbox 724 1691 918 1739; x_wconf 83' lang='grc' dir='ltr'>τεινούσης.</span> <span class='ocrx_word' id='word_1_197' title='bbox 980 1694 1056 1736; x_wconf 84' lang='grc' dir='ltr'>Πᾶς</span> <span class='ocrx_word' id='word_1_198' title='bbox 1077 1692 1144 1745; x_wconf 82' lang='grc' dir='ltr'>γὰρ</span> <span class='ocrx_word' id='word_1_199' title='bbox 1163 1695 1226 1738; x_wconf 76' lang='grc' dir='ltr'>τῆς</span> <span class='ocrx_word' id='word_1_200' title='bbox 1242 1694 1328 1730; x_wconf 80' lang='grc' dir='ltr'>ἑαυ-</span> 
     </span>
     <span class='ocr_line' id='line_1_25' title="bbox 275 1749 1330 1802; baseline 0.002 -16"><span class='ocrx_word' id='word_1_201' title='bbox 275 1751 334 1787; x_wconf 75' lang='grc' dir='ltr'>τοῦ</span> <span class='ocrx_word' id='word_1_202' title='bbox 353 1749 590 1802; x_wconf 85' lang='grc' dir='ltr'>προαιρέσεως</span> <span class='ocrx_word' id='word_1_203' title='bbox 604 1749 751 1802; x_wconf 85' lang='grc' dir='ltr'>ὄργανον</span> <span class='ocrx_word' id='word_1_204' title='bbox 773 1750 857 1789; x_wconf 78' lang='grc' dir='ltr'>αὐτὸ</span> <span class='ocrx_word' id='word_1_205' title='bbox 881 1753 1057 1790; x_wconf 86' lang='grc' dir='ltr'>ποιεῖσθαι</span> <span class='ocrx_word' id='word_1_206' title='bbox 1079 1751 1283 1796; x_wconf 86' lang='grc' dir='ltr'>σπουδάζει·</span> <span class='ocrx_word' id='word_1_207' title='bbox 1312 1752 1330 1788; x_wconf 80' lang='grc' dir='ltr'><strong>ὃ</strong></span> 
     </span>
     <span class='ocr_line' id='line_1_26' title="bbox 275 1806 1329 1862; baseline 0.004 -18"><span class='ocrx_word' id='word_1_208' title='bbox 275 1806 337 1857; x_wconf 80' lang='grc' dir='ltr'>μὲν</span> <span class='ocrx_word' id='word_1_209' title='bbox 375 1808 629 1862; x_wconf 83' lang='grc' dir='ltr'>παλαιστρικὸς</span> <span class='ocrx_word' id='word_1_210' title='bbox 649 1811 716 1847; x_wconf 83' lang='grc' dir='ltr'>τῶν</span> <span class='ocrx_word' id='word_1_211' title='bbox 740 1809 820 1862; x_wconf 80' lang='grc' dir='ltr'>περὶ</span> <span class='ocrx_word' id='word_1_212' title='bbox 853 1809 969 1857; x_wconf 88' lang='grc' dir='ltr'>πάλην</span> <span class='ocrx_word' id='word_1_213' title='bbox 1005 1809 1229 1860; x_wconf 85' lang='grc' dir='ltr'>κινημάτων·</span> <span class='ocrx_word' id='word_1_214' title='bbox 1255 1811 1273 1847; x_wconf 83' lang='grc' dir='ltr'><strong>ὁ</strong></span> <span class='ocrx_word' id='word_1_215' title='bbox 1294 1809 1329 1847; x_wconf 83' lang='grc' dir='ltr'>δὲ</span> 
     </span>
     <span class='ocr_line' id='line_1_27' title="bbox 272 1866 1329 1921; baseline 0.002 -17"><span class='ocrx_word' id='word_1_216' title='bbox 272 1866 459 1919; x_wconf 77' lang='grc' dir='ltr'>γεωργικὸς</span> <span class='ocrx_word' id='word_1_217' title='bbox 478 1870 547 1906; x_wconf 83' lang='grc' dir='ltr'>τῶν</span> <span class='ocrx_word' id='word_1_218' title='bbox 573 1869 654 1920; x_wconf 85' lang='grc' dir='ltr'>περὶ</span> <span class='ocrx_word' id='word_1_219' title='bbox 676 1868 849 1921; x_wconf 87' lang='grc' dir='ltr'>γεωργίαν</span> <span class='ocrx_word' id='word_1_220' title='bbox 868 1868 1000 1907; x_wconf 86' lang='grc' dir='ltr'>πόνων·</span> <span class='ocrx_word' id='word_1_221' title='bbox 1019 1868 1078 1907; x_wconf 72' lang='grc' dir='ltr'>καὶ</span> <span class='ocrx_word' id='word_1_222' title='bbox 1114 1868 1217 1912; x_wconf 85' lang='grc' dir='ltr'>ἄλλος</span> <span class='ocrx_word' id='word_1_223' title='bbox 1245 1867 1329 1920; x_wconf 82' lang='grc' dir='ltr'>πρὸς</span> 
     </span>
     <span class='ocr_line' id='line_1_28' title="bbox 275 1924 1330 1979; baseline 0.002 -16"><span class='ocrx_word' id='word_1_224' title='bbox 275 1925 362 1964; x_wconf 89' lang='grc' dir='ltr'>ἄλλο</span> <span class='ocrx_word' id='word_1_225' title='bbox 400 1924 495 1964; x_wconf 77' lang='grc' dir='ltr'>ἕλκει</span> <span class='ocrx_word' id='word_1_226' title='bbox 528 1926 599 1964; x_wconf 78' lang='grc' dir='ltr'>καὶ</span> <span class='ocrx_word' id='word_1_227' title='bbox 631 1927 890 1979; x_wconf 85' lang='grc' dir='ltr'>μεθαρμόζεται</span> <span class='ocrx_word' id='word_1_228' title='bbox 923 1926 987 1974; x_wconf 84' lang='grc' dir='ltr'>τὴν</span> <span class='ocrx_word' id='word_1_229' title='bbox 1029 1930 1089 1965; x_wconf 82' lang='grc' dir='ltr'>τοῦ</span> <span class='ocrx_word' id='word_1_230' title='bbox 1124 1927 1183 1966; x_wconf 86' lang='grc' dir='ltr'>σώ</span> <span class='ocrx_word' id='word_1_231' title='bbox 1196 1942 1330 1978; x_wconf 88' lang='grc' dir='ltr'>ματος</span> 
     </span>
     <span class='ocr_line' id='line_1_29' title="bbox 271 1979 1328 2040; baseline 0.002 -18"><span class='ocrx_word' id='word_1_232' title='bbox 271 1984 476 2036; x_wconf 78' lang='grc' dir='ltr'>ὑπουργίαν.</span> <span class='ocrx_word' id='word_1_233' title='bbox 548 1987 582 2025; x_wconf 90' lang='grc' dir='ltr'><strong>Τ</strong></span> <span class='ocrx_word' id='word_1_234' title='bbox 586 1985 596 2024; x_wconf 86' lang='grc' dir='ltr'>ι’</span> <span class='ocrx_word' id='word_1_235' title='bbox 631 1979 689 2024; x_wconf 74' lang='grc' dir='ltr'>οῧν</span> <span class='ocrx_word' id='word_1_236' title='bbox 716 1989 735 2024; x_wconf 83' lang='grc' dir='ltr'>ὁ</span> <span class='ocrx_word' id='word_1_237' title='bbox 765 1986 973 2040; x_wconf 66' lang='grc' dir='ltr'>φιλόσοφος,</span> <span class='ocrx_word' id='word_1_238' title='bbox 1008 1986 1094 2038; x_wconf 82' lang='grc' dir='ltr'>πρὸς</span> <span class='ocrx_word' id='word_1_239' title='bbox 1126 1986 1159 2025; x_wconf 91' lang='grc' dir='ltr'>τί</span> <span class='ocrx_word' id='word_1_240' title='bbox 1189 1985 1328 2038; x_wconf 87' lang='grc' dir='ltr'>βλέπων</span> 
     </span>
     <span class='ocr_line' id='line_1_30' title="bbox 272 2043 1330 2097; baseline 0.001 -16"><span class='ocrx_word' id='word_1_241' title='bbox 272 2043 431 2091; x_wconf 78' lang='grc' dir='ltr'>ἐθελήσει</span> <span class='ocrx_word' id='word_1_242' title='bbox 459 2044 500 2083; x_wconf 78' lang='grc' dir='ltr'>τὸ</span> <span class='ocrx_word' id='word_1_243' title='bbox 534 2047 661 2095; x_wconf 83' lang='grc' dir='ltr'>σῶμα</span> <span class='ocrx_word' id='word_1_244' title='bbox 684 2046 942 2097; x_wconf 87' lang='grc' dir='ltr'>παιδαγωγεῖν;</span> <span class='ocrx_word' id='word_1_245' title='bbox 973 2045 1033 2085; x_wconf 85' lang='grc' dir='ltr'>καὶ</span> <span class='ocrx_word' id='word_1_246' title='bbox 1062 2045 1151 2089; x_wconf 89' lang='grc' dir='ltr'>τίνος</span> <span class='ocrx_word' id='word_1_247' title='bbox 1185 2045 1330 2097; x_wconf 87' lang='grc' dir='ltr'>ὄργανον</span> 
     </span>
     <span class='ocr_line' id='line_1_31' title="bbox 273 2101 1332 2158; baseline 0.002 -19"><span class='ocrx_word' id='word_1_248' title='bbox 273 2101 358 2140; x_wconf 79' lang='grc' dir='ltr'>αὐτὸ</span> <span class='ocrx_word' id='word_1_249' title='bbox 389 2103 581 2142; x_wconf 86' lang='grc' dir='ltr'>σπουδάσει</span> <span class='ocrx_word' id='word_1_250' title='bbox 606 2103 846 2155; x_wconf 79' lang='grc' dir='ltr'>ποιήσασθαι,</span> <span class='ocrx_word' id='word_1_251' title='bbox 867 2104 890 2151; x_wconf 86' lang='grc' dir='ltr'>ἢ</span> <span class='ocrx_word' id='word_1_252' title='bbox 915 2106 1017 2152; x_wconf 76' lang='grc' dir='ltr'>δῆλον</span> <span class='ocrx_word' id='word_1_253' title='bbox 1048 2104 1101 2142; x_wconf 81' lang='grc' dir='ltr'>ὅτι</span> <span class='ocrx_word' id='word_1_254' title='bbox 1131 2103 1332 2158; x_wconf 70' lang='grc' dir='ltr'>φιλοσοφίας</span> 
     </span>
    </p>
   </div>
   <div class='ocr_carea' id='block_1_3' title="bbox 224 2251 1332 3600">
    <p class='ocr_par' dir='ltr' id='par_1_3' title="bbox 224 2251 1332 3600">
     <span class='ocr_line' id='line_1_32' title="bbox 224 2251 1332 2302; baseline 0.001 -16"><span class='ocrx_word' id='word_1_255' title='bbox 224 2271 228 2274; x_wconf 92' lang='grc'>-</span> <span class='ocrx_word' id='word_1_256' title='bbox 275 2251 378 2287; x_wconf 87' lang='lat' dir='ltr'><strong>circa</strong></span> <span class='ocrx_word' id='word_1_257' title='bbox 394 2264 525 2300; x_wconf 84' lang='lat' dir='ltr'><strong>corpus</strong></span> <span class='ocrx_word' id='word_1_258' title='bbox 544 2252 764 2288; x_wconf 87' lang='lat' dir='ltr'><strong>adhibendo</strong></span> <span class='ocrx_word' id='word_1_259' title='bbox 774 2261 902 2301; x_wconf 81' lang='lat' dir='ltr'><strong>potum</strong></span> <span class='ocrx_word' id='word_1_260' title='bbox 916 2254 996 2289; x_wconf 87' lang='lat' dir='ltr'><strong>cibo</strong></span> <span class='ocrx_word' id='word_1_261' title='bbox 1010 2260 1215 2301; x_wconf 88' lang='lat' dir='ltr'><strong>propterea</strong></span> <span class='ocrx_word' id='word_1_262' title='bbox 1235 2264 1332 2302; x_wconf 85' lang='lat' dir='ltr'><strong>prae-</strong></span> 
     </span>
     <span class='ocr_line' id='line_1_33' title="bbox 273 2310 1332 2359; baseline 0.001 -13"><span class='ocrx_word' id='word_1_263' title='bbox 273 2311 416 2358; x_wconf 83' lang='lat' dir='ltr'>posuit,</span> <span class='ocrx_word' id='word_1_264' title='bbox 433 2311 541 2359; x_wconf 88' lang='lat' dir='ltr'><strong>quod</strong></span> <span class='ocrx_word' id='word_1_265' title='bbox 557 2310 750 2348; x_wconf 83' lang='lat' dir='ltr'><strong>difficilius</strong></span> <span class='ocrx_word' id='word_1_266' title='bbox 763 2319 918 2348; x_wconf 84' lang='lat' dir='ltr'><strong>cavetur</strong></span> <span class='ocrx_word' id='word_1_267' title='bbox 932 2319 970 2348; x_wconf 90' lang='lat' dir='ltr'>et</span> <span class='ocrx_word' id='word_1_268' title='bbox 985 2312 1094 2348; x_wconf 84' lang='lat' dir='ltr'><strong>facile</strong></span> <span class='ocrx_word' id='word_1_269' title='bbox 1107 2312 1332 2348; x_wconf 82' lang='lat' dir='ltr'><strong>absorbetur</strong></span> 
     </span>
     <span class='ocr_line' id='line_1_34' title="bbox 273 2370 1330 2421; baseline 0.003 -16"><span class='ocrx_word' id='word_1_270' title='bbox 273 2376 309 2405; x_wconf 89' lang='lat' dir='ltr'>et</span> <span class='ocrx_word' id='word_1_271' title='bbox 328 2370 474 2406; x_wconf 85' lang='lat' dir='ltr'><strong>bonum</strong></span> <span class='ocrx_word' id='word_1_272' title='bbox 494 2372 666 2419; x_wconf 85' lang='lat' dir='ltr'><strong>corporis</strong></span> <span class='ocrx_word' id='word_1_273' title='bbox 683 2371 857 2408; x_wconf 88' lang='lat' dir='ltr'><strong>habitum</strong></span> <span class='ocrx_word' id='word_1_274' title='bbox 874 2373 1070 2421; x_wconf 78' lang='lat' dir='ltr'><strong>pervertit.</strong></span> <span class='ocrx_word' id='word_1_275' title='bbox 1090 2372 1214 2408; x_wconf 89' lang='lat' dir='ltr'><strong>Multo</strong></span> <span class='ocrx_word' id='word_1_276' title='bbox 1230 2373 1330 2408; x_wconf 86' lang='lat' dir='ltr'><strong>enirn</strong></span> 
     </span>
     <span class='ocr_line' id='line_1_35' title="bbox 272 2430 1328 2479; baseline 0.003 -15"><span class='ocrx_word' id='word_1_277' title='bbox 272 2430 406 2478; x_wconf 81' lang='lat' dir='ltr'><strong>saepius</strong></span> <span class='ocrx_word' id='word_1_278' title='bbox 426 2430 511 2478; x_wconf 90' lang='lat' dir='ltr'><strong>quis</strong></span> <span class='ocrx_word' id='word_1_279' title='bbox 540 2430 761 2479; x_wconf 86' lang='lat' dir='ltr'><strong>imprudens</strong></span> <span class='ocrx_word' id='word_1_280' title='bbox 777 2431 936 2468; x_wconf 90' lang='lat' dir='ltr'><strong>modum</strong></span> <span class='ocrx_word' id='word_1_281' title='bbox 957 2432 1115 2469; x_wconf 84' lang='lat' dir='ltr'><strong>excedat</strong></span> <span class='ocrx_word' id='word_1_282' title='bbox 1132 2431 1304 2467; x_wconf 89' lang='lat' dir='ltr'><strong>bibendo</strong></span> <span class='ocrx_word' id='word_1_283' title='bbox 1318 2460 1328 2479; x_wconf 93' lang='lat'>‚</span> 
     </span>
     <span class='ocr_line' id='line_1_36' title="bbox 273 2487 1332 2538; baseline 0.002 -16"><span class='ocrx_word' id='word_1_284' title='bbox 273 2498 386 2533; x_wconf 87' lang='lat' dir='ltr'><strong>quam</strong></span> <span class='ocrx_word' id='word_1_285' title='bbox 410 2487 664 2524; x_wconf 86' lang='lat' dir='ltr'><strong>comedendo.</strong></span> <span class='ocrx_word' id='word_1_286' title='bbox 684 2489 812 2525; x_wconf 87' lang='lat' dir='ltr'><strong>Tertio</strong></span> <span class='ocrx_word' id='word_1_287' title='bbox 832 2496 958 2526; x_wconf 89' lang='lat' dir='ltr'><strong>autem</strong></span> <span class='ocrx_word' id='word_1_288' title='bbox 978 2490 1066 2526; x_wconf 90' lang='lat' dir='ltr'><strong>loco</strong></span> <span class='ocrx_word' id='word_1_289' title='bbox 1092 2489 1217 2538; x_wconf 88' lang='lat' dir='ltr'><strong>posita</strong></span> <span class='ocrx_word' id='word_1_290' title='bbox 1245 2496 1332 2525; x_wconf 90' lang='lat' dir='ltr'><strong>sunt</strong></span> 
     </span>
     <span class='ocr_line' id='line_1_37' title="bbox 274 2542 1326 2596; baseline 0.003 -16"><span class='ocrx_word' id='word_1_291' title='bbox 274 2547 451 2581; x_wconf 88' lang='lat' dir='ltr'><strong>exercitia</strong></span> <span class='ocrx_word' id='word_1_292' title='bbox 466 2573 475 2591; x_wconf 90' lang='lat'>‚</span> <span class='ocrx_word' id='word_1_293' title='bbox 496 2553 630 2595; x_wconf 82' lang='lat' dir='ltr'><strong>utpote</strong></span> <span class='ocrx_word' id='word_1_294' title='bbox 661 2542 750 2595; x_wconf 70' lang='lat' dir='ltr'><strong>quae&#39;</strong></span> <span class='ocrx_word' id='word_1_295' title='bbox 777 2547 1032 2596; x_wconf 84' lang='lat' dir='ltr'><strong>expletionem</strong></span> <span class='ocrx_word' id='word_1_296' title='bbox 1055 2548 1242 2584; x_wconf 85' lang='lat' dir='ltr'><strong>alimentis</strong></span> <span class='ocrx_word' id='word_1_297' title='bbox 1272 2547 1326 2584; x_wconf 84' lang='lat' dir='ltr'>fa-</span> 
     </span>
     <span class='ocr_line' id='line_1_38' title="bbox 275 2606 1331 2654; baseline 0.005 -15"><span class='ocrx_word' id='word_1_298' title='bbox 275 2611 375 2640; x_wconf 85' lang='lat' dir='ltr'><strong>ctam</strong></span> <span class='ocrx_word' id='word_1_299' title='bbox 404 2606 619 2654; x_wconf 87' lang='lat' dir='ltr'><strong>corrigant,</strong></span> <span class='ocrx_word' id='word_1_300' title='bbox 651 2614 690 2643; x_wconf 90' lang='lat' dir='ltr'>et</span> <span class='ocrx_word' id='word_1_301' title='bbox 723 2619 854 2644; x_wconf 89' lang='lat' dir='ltr'><strong>rursus</strong></span> <span class='ocrx_word' id='word_1_302' title='bbox 880 2608 931 2644; x_wconf 88' lang='lat' dir='ltr'>ad</span> <span class='ocrx_word' id='word_1_303' title='bbox 962 2608 1153 2644; x_wconf 85' lang='lat' dir='ltr'><strong>salubrem</strong></span> <span class='ocrx_word' id='word_1_304' title='bbox 1187 2608 1331 2643; x_wconf 83' lang='lat' dir='ltr'><strong>victum</strong></span> 
     </span>
     <span class='ocr_line' id='line_1_39' title="bbox 273 2664 1331 2716; baseline 0.007 -18"><span class='ocrx_word' id='word_1_305' title='bbox 273 2671 499 2711; x_wconf 79' lang='lat' dir='ltr'><strong>praeparent.</strong></span> <span class='ocrx_word' id='word_1_306' title='bbox 522 2664 671 2701; x_wconf 86' lang='lat' dir='ltr'><strong>Etenim</strong></span> <span class='ocrx_word' id='word_1_307' title='bbox 688 2666 728 2701; x_wconf 92' lang='lat' dir='ltr'>in</span> <span class='ocrx_word' id='word_1_308' title='bbox 744 2666 879 2703; x_wconf 79' lang='lat' dir='ltr'><strong>orbe&#39;m</strong></span> <span class='ocrx_word' id='word_1_309' title='bbox 896 2668 1186 2716; x_wconf 90' lang='lat' dir='ltr'><strong>quodammodo</strong></span> <span class='ocrx_word' id='word_1_310' title='bbox 1203 2669 1331 2704; x_wconf 88' lang='lat' dir='ltr'><strong>euntia</strong></span> 
     </span>
     <span class='ocr_line' id='line_1_40' title="bbox 274 2723 1331 2770; baseline 0.007 -13"><span class='ocrx_word' id='word_1_311' title='bbox 274 2723 560 2770; x_wconf 85' lang='lat' dir='ltr'><strong>reciprocantur</strong></span> <span class='ocrx_word' id='word_1_312' title='bbox 594 2724 692 2760; x_wconf 90' lang='lat' dir='ltr'><strong>inter</strong></span> <span class='ocrx_word' id='word_1_313' title='bbox 723 2737 760 2761; x_wconf 94' lang='lat' dir='ltr'>se</span> <span class='ocrx_word' id='word_1_314' title='bbox 792 2727 1010 2763; x_wconf 80' lang='lat' dir='ltr'><strong>alimentum</strong></span> <span class='ocrx_word' id='word_1_315' title='bbox 1042 2735 1080 2764; x_wconf 91' lang='lat' dir='ltr'>et</span> <span class='ocrx_word' id='word_1_316' title='bbox 1109 2731 1331 2764; x_wconf 73' lang='lat' dir='ltr'><strong>exercitatio</strong></span> 
     </span>
     <span class='ocr_line' id='line_1_41' title="bbox 276 2785 1331 2835; baseline 0.006 -19"><span class='ocrx_word' id='word_1_317' title='bbox 276 2787 389 2829; x_wconf 86' lang='lat' dir='ltr'><strong>atque</strong></span> <span class='ocrx_word' id='word_1_318' title='bbox 406 2785 622 2817; x_wconf 75' lang='lat' dir='ltr'><strong>exercitatio</strong></span> <span class='ocrx_word' id='word_1_319' title='bbox 639 2790 675 2818; x_wconf 92' lang='lat' dir='ltr'>et</span> <span class='ocrx_word' id='word_1_320' title='bbox 694 2785 928 2822; x_wconf 83' lang='lat' dir='ltr'><strong>alimentum.</strong></span> <span class='ocrx_word' id='word_1_321' title='bbox 947 2789 1067 2835; x_wconf 89' lang='lat' dir='ltr'><strong>Aptus</strong></span> <span class='ocrx_word' id='word_1_322' title='bbox 1093 2787 1193 2822; x_wconf 91' lang='lat' dir='ltr'><strong>enim</strong></span> <span class='ocrx_word' id='word_1_323' title='bbox 1208 2787 1331 2823; x_wconf 89' lang='lat' dir='ltr'><strong>victus</strong></span> 
     </span>
     <span class='ocr_line' id='line_1_42' title="bbox 275 2839 1330 2894; baseline 0.006 -18"><span class='ocrx_word' id='word_1_324' title='bbox 275 2839 461 2876; x_wconf 79' lang='lat' dir='ltr'><strong>facultatis</strong></span> <span class='ocrx_word' id='word_1_325' title='bbox 478 2840 619 2876; x_wconf 86' lang='lat' dir='ltr'><strong>virium</strong></span> <span class='ocrx_word' id='word_1_326' title='bbox 638 2843 936 2880; x_wconf 87' lang='lat' dir='ltr'><strong>exercendarum</strong></span> <span class='ocrx_word' id='word_1_327' title='bbox 954 2845 1114 2894; x_wconf 84' lang='lat' dir='ltr'><strong>largitor</strong></span> <span class='ocrx_word' id='word_1_328' title='bbox 1130 2853 1195 2892; x_wconf 81' lang='lat' dir='ltr'><strong>est,</strong></span> <span class='ocrx_word' id='word_1_329' title='bbox 1207 2846 1330 2882; x_wconf 73' lang='lat' dir='ltr'><strong>victus</strong></span> 
     </span>
     <span class='ocr_line' id='line_1_43' title="bbox 275 2897 1329 2951; baseline 0.007 -17"><span class='ocrx_word' id='word_1_330' title='bbox 275 2911 367 2935; x_wconf 79' lang='lat' dir='ltr'><strong>vero</strong></span> <span class='ocrx_word' id='word_1_331' title='bbox 386 2912 473 2935; x_wconf 89' lang='lat' dir='ltr'>cum</span> <span class='ocrx_word' id='word_1_332' title='bbox 492 2897 604 2935; x_wconf 87' lang='lat' dir='ltr'><strong>firmo</strong></span> <span class='ocrx_word' id='word_1_333' title='bbox 625 2902 799 2948; x_wconf 88' lang='lat' dir='ltr'><strong>corporis</strong></span> <span class='ocrx_word' id='word_1_334' title='bbox 818 2902 952 2939; x_wconf 91' lang='lat' dir='ltr'><strong>habitu</strong></span> <span class='ocrx_word' id='word_1_335' title='bbox 980 2903 1176 2951; x_wconf 87' lang='lat' dir='ltr'><strong>conjuncti</strong></span> <span class='ocrx_word' id='word_1_336' title='bbox 1201 2904 1329 2941; x_wconf 86' lang='lat' dir='ltr'><strong>mode-</strong></span> 
     </span>
     <span class='ocr_line' id='line_1_44' title="bbox 275 2959 1329 2999; baseline 0.005 -5"><span class='ocrx_word' id='word_1_337' title='bbox 275 2965 353 2994; x_wconf 87' lang='lat' dir='ltr'><strong>rata</strong></span> <span class='ocrx_word' id='word_1_338' title='bbox 371 2959 593 2995; x_wconf 83' lang='lat' dir='ltr'><strong>exercitatio</strong></span> <span class='ocrx_word' id='word_1_339' title='bbox 614 2959 850 2996; x_wconf 81' lang='lat' dir='ltr'><strong>conciliatrix</strong></span> <span class='ocrx_word' id='word_1_340' title='bbox 871 2969 940 2999; x_wconf 90' lang='lat' dir='ltr'><strong>est.</strong></span> <span class='ocrx_word' id='word_1_341' title='bbox 965 2963 1117 2998; x_wconf 89' lang='lat' dir='ltr'><strong>Horum</strong></span> <span class='ocrx_word' id='word_1_342' title='bbox 1132 2975 1224 2999; x_wconf 90' lang='lat' dir='ltr'><strong>vero</strong></span> <span class='ocrx_word' id='word_1_343' title='bbox 1245 2976 1329 2999; x_wconf 90' lang='lat' dir='ltr'>mo—</span> 
     </span>
     <span class='ocr_line' id='line_1_45' title="bbox 277 3017 1330 3072; baseline 0.007 -19"><span class='ocrx_word' id='word_1_344' title='bbox 277 3017 346 3057; x_wconf 83' lang='lat' dir='ltr'><strong>dus</strong></span> <span class='ocrx_word' id='word_1_345' title='bbox 369 3017 431 3054; x_wconf 88' lang='lat' dir='ltr'><strong>alii</strong></span> <span class='ocrx_word' id='word_1_346' title='bbox 462 3018 556 3054; x_wconf 89' lang='lat' dir='ltr'><strong>alius</strong></span> <span class='ocrx_word' id='word_1_347' title='bbox 579 3025 654 3063; x_wconf 91' lang='lat' dir='ltr'><strong>est,</strong></span> <span class='ocrx_word' id='word_1_348' title='bbox 680 3031 799 3066; x_wconf 91' lang='lat' dir='ltr'><strong>quum</strong></span> <span class='ocrx_word' id='word_1_349' title='bbox 831 3020 881 3056; x_wconf 91' lang='lat' dir='ltr'>ad</span> <span class='ocrx_word' id='word_1_350' title='bbox 911 3023 1114 3070; x_wconf 80' lang='lat' dir='ltr'><strong>proprium</strong></span> <span class='ocrx_word' id='word_1_351' title='bbox 1145 3022 1330 3072; x_wconf 88' lang='lat' dir='ltr'><strong>cujusque</strong></span> 
     </span>
     <span class='ocr_line' id='line_1_46' title="bbox 275 3076 1330 3130; baseline 0.008 -19"><span class='ocrx_word' id='word_1_352' title='bbox 275 3076 488 3111; x_wconf 86' lang='lat' dir='ltr'><strong>institutum</strong></span> <span class='ocrx_word' id='word_1_353' title='bbox 508 3077 682 3125; x_wconf 84' lang='lat' dir='ltr'><strong>corporis</strong></span> <span class='ocrx_word' id='word_1_354' title='bbox 703 3089 792 3113; x_wconf 89' lang='lat' dir='ltr'><strong>cura</strong></span> <span class='ocrx_word' id='word_1_355' title='bbox 811 3086 966 3127; x_wconf 88' lang='lat' dir='ltr'><strong>spectet.</strong></span> <span class='ocrx_word' id='word_1_356' title='bbox 989 3082 1084 3117; x_wconf 82' lang='lat' dir='ltr'>Nam</span> <span class='ocrx_word' id='word_1_357' title='bbox 1097 3083 1154 3117; x_wconf 90' lang='lat' dir='ltr'>sui</span> <span class='ocrx_word' id='word_1_358' title='bbox 1172 3083 1330 3130; x_wconf 89' lang='lat' dir='ltr'><strong>quisque</strong></span> 
     </span>
     <span class='ocr_line' id='line_1_47' title="bbox 275 3133 1329 3190; baseline 0.009 -20"><span class='ocrx_word' id='word_1_359' title='bbox 275 3133 389 3170; x_wconf 77' lang='lat' dir='ltr'><strong>studii</strong></span> <span class='ocrx_word' id='word_1_360' title='bbox 418 3134 711 3171; x_wconf 85' lang='lat' dir='ltr'><strong>instrumentum</strong></span> <span class='ocrx_word' id='word_1_361' title='bbox 733 3149 872 3186; x_wconf 89' lang='lat' dir='ltr'><strong>corpus</strong></span> <span class='ocrx_word' id='word_1_362' title='bbox 901 3138 1019 3175; x_wconf 86' lang='lat' dir='ltr'><strong>facere</strong></span> <span class='ocrx_word' id='word_1_363' title='bbox 1052 3148 1225 3187; x_wconf 83' lang='lat' dir='ltr'><strong>conatur,</strong></span> <span class='ocrx_word' id='word_1_364' title='bbox 1257 3155 1329 3190; x_wconf 89' lang='lat' dir='ltr'>pa-</span> 
     </span>
     <span class='ocr_line' id='line_1_48' title="bbox 276 3191 1327 3246; baseline 0.009 -20"><span class='ocrx_word' id='word_1_365' title='bbox 276 3191 456 3228; x_wconf 82' lang='lat' dir='ltr'><strong>laestricus</strong></span> <span class='ocrx_word' id='word_1_366' title='bbox 484 3193 594 3229; x_wconf 86' lang='lat' dir='ltr'><strong>luctae</strong></span> <span class='ocrx_word' id='word_1_367' title='bbox 615 3200 811 3239; x_wconf 86' lang='lat' dir='ltr'><strong>motuum,</strong></span> <span class='ocrx_word' id='word_1_368' title='bbox 828 3196 994 3243; x_wconf 88' lang='lat' dir='ltr'><strong>agricola</strong></span> <span class='ocrx_word' id='word_1_369' title='bbox 1013 3198 1250 3246; x_wconf 78' lang='lat' dir='ltr'><strong>agriculturae</strong></span> <span class='ocrx_word' id='word_1_370' title='bbox 1272 3200 1327 3236; x_wconf 87' lang='lat' dir='ltr'>la·</span> 
     </span>
     <span class='ocr_line' id='line_1_49' title="bbox 277 3251 1332 3296; baseline 0.008 -10"><span class='ocrx_word' id='word_1_371' title='bbox 277 3251 435 3296; x_wconf 78' lang='lat' dir='ltr'><strong>borun13</strong></span> <span class='ocrx_word' id='word_1_372' title='bbox 454 3252 549 3287; x_wconf 88' lang='lat' dir='ltr'><strong>alius</strong></span> <span class='ocrx_word' id='word_1_373' title='bbox 568 3259 694 3288; x_wconf 89' lang='lat' dir='ltr'><strong>autem</strong></span> <span class='ocrx_word' id='word_1_374' title='bbox 709 3252 759 3289; x_wconf 88' lang='lat' dir='ltr'>ad</span> <span class='ocrx_word' id='word_1_375' title='bbox 771 3253 876 3290; x_wconf 89' lang='lat' dir='ltr'><strong>aliud</strong></span> <span class='ocrx_word' id='word_1_376' title='bbox 890 3255 1003 3291; x_wconf 89' lang='lat' dir='ltr'><strong>trahit</strong></span> <span class='ocrx_word' id='word_1_377' title='bbox 1017 3263 1053 3291; x_wconf 91' lang='lat' dir='ltr'>et</span> <span class='ocrx_word' id='word_1_378' title='bbox 1066 3257 1332 3294; x_wconf 86' lang='lat' dir='ltr'><strong>accommodat</strong></span> 
     </span>
     <span class='ocr_line' id='line_1_50' title="bbox 278 3310 1331 3364; baseline 0.006 -18"><span class='ocrx_word' id='word_1_379' title='bbox 278 3310 453 3358; x_wconf 84' lang='lat' dir='ltr'><strong>corporis</strong></span> <span class='ocrx_word' id='word_1_380' title='bbox 484 3310 748 3348; x_wconf 88' lang='lat' dir='ltr'><strong>ministerium.</strong></span> <span class='ocrx_word' id='word_1_381' title='bbox 783 3312 884 3359; x_wconf 87' lang='lat' dir='ltr'><strong>Quid</strong></span> <span class='ocrx_word' id='word_1_382' title='bbox 911 3314 1028 3362; x_wconf 87' lang='lat' dir='ltr'><strong>igitur</strong></span> <span class='ocrx_word' id='word_1_383' title='bbox 1056 3315 1331 3364; x_wconf 85' lang='lat' dir='ltr'><strong>philosophus?</strong></span> 
     </span>
     <span class='ocr_line' id='line_1_51' title="bbox 278 3369 1330 3423; baseline 0.008 -19"><span class='ocrx_word' id='word_1_384' title='bbox 278 3369 372 3416; x_wconf 89' lang='lat' dir='ltr'><strong>quid</strong></span> <span class='ocrx_word' id='word_1_385' title='bbox 395 3369 459 3405; x_wconf 90' lang='lat' dir='ltr'><strong>ille</strong></span> <span class='ocrx_word' id='word_1_386' title='bbox 479 3376 650 3418; x_wconf 87' lang='lat' dir='ltr'><strong>spectans</strong></span> <span class='ocrx_word' id='word_1_387' title='bbox 675 3382 814 3420; x_wconf 90' lang='lat' dir='ltr'><strong>corpus</strong></span> <span class='ocrx_word' id='word_1_388' title='bbox 833 3373 1007 3409; x_wconf 87' lang='lat' dir='ltr'><strong>excolere</strong></span> <span class='ocrx_word' id='word_1_389' title='bbox 1025 3373 1150 3410; x_wconf 76' lang='lat' dir='ltr'><strong>volet?</strong></span> <span class='ocrx_word' id='word_1_390' title='bbox 1168 3381 1206 3410; x_wconf 92' lang='lat' dir='ltr'>et</span> <span class='ocrx_word' id='word_1_391' title='bbox 1224 3374 1330 3423; x_wconf 88' lang='lat' dir='ltr'><strong>cujus</strong></span> 
     </span>
     <span class='ocr_line' id='line_1_52' title="bbox 275 3428 1328 3482; baseline 0.007 -19"><span class='ocrx_word' id='word_1_392' title='bbox 275 3428 332 3464; x_wconf 77' lang='lat' dir='ltr'>rei</span> <span class='ocrx_word' id='word_1_393' title='bbox 350 3432 641 3466; x_wconf 87' lang='lat' dir='ltr'><strong>instrumentum</strong></span> <span class='ocrx_word' id='word_1_394' title='bbox 659 3430 756 3466; x_wconf 91' lang='lat' dir='ltr'><strong>illud</strong></span> <span class='ocrx_word' id='word_1_395' title='bbox 775 3430 897 3468; x_wconf 80' lang='lat' dir='ltr'><strong>facere</strong></span> <span class='ocrx_word' id='word_1_396' title='bbox 916 3432 1130 3479; x_wconf 88' lang='lat' dir='ltr'><strong>conabitur,</strong></span> <span class='ocrx_word' id='word_1_397' title='bbox 1151 3434 1223 3470; x_wconf 90' lang='lat' dir='ltr'><strong>nisi</strong></span> <span class='ocrx_word' id='word_1_398' title='bbox 1244 3434 1328 3482; x_wconf 91' lang='lat' dir='ltr'><strong>phi-</strong></span> 
     </span>
     <span class='ocr_line' id='line_1_53' title="bbox 277 3488 1330 3541; baseline 0.006 -18"><span class='ocrx_word' id='word_1_399' title='bbox 277 3488 456 3536; x_wconf 87' lang='lat' dir='ltr'><strong>losophiae</strong></span> <span class='ocrx_word' id='word_1_400' title='bbox 478 3496 592 3537; x_wconf 90' lang='lat' dir='ltr'><strong>atque</strong></span> <span class='ocrx_word' id='word_1_401' title='bbox 612 3488 691 3536; x_wconf 86' lang='lat' dir='ltr'><strong>ejus</strong></span> <span class='ocrx_word' id='word_1_402' title='bbox 711 3491 898 3539; x_wconf 85' lang='lat' dir='ltr'><strong>operum?</strong></span> <span class='ocrx_word' id='word_1_403' title='bbox 914 3492 968 3528; x_wconf 89' lang='lat' dir='ltr'>Ut</span> <span class='ocrx_word' id='word_1_404' title='bbox 985 3492 1101 3540; x_wconf 84' lang='lat' dir='ltr'><strong>igitur</strong></span> <span class='ocrx_word' id='word_1_405' title='bbox 1120 3492 1330 3541; x_wconf 78' lang='lat' dir='ltr'><strong>prudentiae</strong></span> 
     </span>
     <span class='ocr_line' id='line_1_54' title="bbox 276 3546 1329 3600; baseline 0.006 -18"><span class='ocrx_word' id='word_1_406' title='bbox 276 3546 563 3584; x_wconf 85' lang='lat' dir='ltr'><strong>instrumentum</strong></span> <span class='ocrx_word' id='word_1_407' title='bbox 579 3561 717 3598; x_wconf 87' lang='lat' dir='ltr'><strong>corpus</strong></span> <span class='ocrx_word' id='word_1_408' title='bbox 727 3557 851 3599; x_wconf 90' lang='lat' dir='ltr'><strong>potest</strong></span> <span class='ocrx_word' id='word_1_409' title='bbox 863 3549 958 3598; x_wconf 87' lang='lat' dir='ltr'><strong>fieri,</strong></span> <span class='ocrx_word' id='word_1_410' title='bbox 970 3552 1022 3587; x_wconf 84' lang='lat' dir='ltr'>ita</span> <span class='ocrx_word' id='word_1_411' title='bbox 1037 3552 1157 3600; x_wconf 87' lang='lat' dir='ltr'><strong>ipsum</strong></span> <span class='ocrx_word' id='word_1_412' title='bbox 1173 3554 1329 3589; x_wconf 88' lang='lat' dir='ltr'><strong>omnino</strong></span> 
     </span>
    </p>
   </div>
   <div class='ocr_carea' id='block_1_4' title="bbox 985 303 1716 345">
    <p class='ocr_par' dir='ltr' id='par_1_4' title="bbox 985 303 1716 345">
     <span class='ocr_line' id='line_1_55' title="bbox 985 303 1716 345; baseline 0 -1"><span class='ocrx_word' id='word_1_413' title='bbox 985 303 1255 345; x_wconf 80' lang='lat' dir='ltr'><strong>lllEROCLlS</strong></span> <span class='ocrx_word' id='word_1_414' title='bbox 1297 304 1716 345; x_wconf 77' lang='lat' dir='ltr'><strong>COMMENTARIUS</strong></span> 
     </span>
    </p>
   </div>
   <div class='ocr_carea' id='block_1_5' title="bbox 1387 388 2446 1160">
    <p class='ocr_par' dir='ltr' id='par_1_5' title="bbox 1387 388 2446 1160">
     <span class='ocr_line' id='line_1_56' title="bbox 1393 388 2439 450; baseline 0.003 -18"><span class='ocrx_word' id='word_1_415' title='bbox 1393 393 1452 432; x_wconf 81' lang='grc' dir='ltr'>καὶ</span> <span class='ocrx_word' id='word_1_416' title='bbox 1468 395 1537 432; x_wconf 83' lang='grc' dir='ltr'>τῶν</span> <span class='ocrx_word' id='word_1_417' title='bbox 1557 393 1686 442; x_wconf 81' lang='grc' dir='ltr'>ταύτης</span> <span class='ocrx_word' id='word_1_418' title='bbox 1706 395 1837 446; x_wconf 84' lang='grc' dir='ltr'>ἔργων;</span> <span class='ocrx_word' id='word_1_419' title='bbox 1854 394 1919 440; x_wconf 88' lang='grc' dir='ltr'>Ὡς</span> <span class='ocrx_word' id='word_1_420' title='bbox 1935 388 1994 435; x_wconf 73' lang='grc' dir='ltr'>οῧν</span> <span class='ocrx_word' id='word_1_421' title='bbox 2016 388 2086 435; x_wconf 77' lang='grc' dir='ltr'>οἶόν</span> <span class='ocrx_word' id='word_1_422' title='bbox 2106 411 2145 435; x_wconf 84' lang='grc' dir='ltr'>τε</span> <span class='ocrx_word' id='word_1_423' title='bbox 2164 395 2362 450; x_wconf 77' lang='grc' dir='ltr'>φρονήσεως</span> <span class='ocrx_word' id='word_1_424' title='bbox 2377 396 2439 449; x_wconf 81' lang='grc' dir='ltr'>ὄρ-</span> 
     </span>
     <span class='ocr_line' id='line_1_57' title="bbox 1388 452 2440 506; baseline 0.003 -16"><span class='ocrx_word' id='word_1_425' title='bbox 1388 468 1491 501; x_wconf 90' lang='grc' dir='ltr'>γανον</span> <span class='ocrx_word' id='word_1_426' title='bbox 1526 452 1688 506; x_wconf 90' lang='grc' dir='ltr'>γενέσθαι</span> <span class='ocrx_word' id='word_1_427' title='bbox 1722 453 1762 492; x_wconf 82' lang='grc' dir='ltr'>τὸ</span> <span class='ocrx_word' id='word_1_428' title='bbox 1794 455 1900 504; x_wconf 81' lang='grc' dir='ltr'>σῶμα</span> <span class='ocrx_word' id='word_1_429' title='bbox 1912 484 1923 503; x_wconf 91' lang='grc'>,</span> <span class='ocrx_word' id='word_1_430' title='bbox 1957 454 2066 499; x_wconf 75' lang='grc' dir='ltr'>οὕτως</span> <span class='ocrx_word' id='word_1_431' title='bbox 2097 455 2182 494; x_wconf 79' lang='grc' dir='ltr'>αὐτὸ</span> <span class='ocrx_word' id='word_1_432' title='bbox 2211 454 2269 494; x_wconf 83' lang='grc' dir='ltr'>διὰ</span> <span class='ocrx_word' id='word_1_433' title='bbox 2299 454 2440 494; x_wconf 85' lang='grc' dir='ltr'>πάντων</span> 
     </span>
     <span class='ocr_line' id='line_1_58' title="bbox 1389 511 2442 566; baseline 0.003 -17"><span class='ocrx_word' id='word_1_434' title='bbox 1389 513 1507 565; x_wconf 81' lang='grc' dir='ltr'>θρέψει</span> <span class='ocrx_word' id='word_1_435' title='bbox 1539 527 1577 550; x_wconf 86' lang='grc' dir='ltr'>τε</span> <span class='ocrx_word' id='word_1_436' title='bbox 1608 511 1669 550; x_wconf 82' lang='grc' dir='ltr'>καὶ</span> <span class='ocrx_word' id='word_1_437' title='bbox 1708 511 1910 561; x_wconf 79' lang='grc' dir='ltr'>παιδεύσει,</span> <span class='ocrx_word' id='word_1_438' title='bbox 1933 514 2050 566; x_wconf 75' lang='grc' dir='ltr'>ψυχῆς</span> <span class='ocrx_word' id='word_1_439' title='bbox 2075 514 2139 564; x_wconf 88' lang='grc' dir='ltr'>μὲν</span> <span class='ocrx_word' id='word_1_440' title='bbox 2171 514 2442 566; x_wconf 81' lang='grc' dir='ltr'>προηγουμένως</span> 
     </span>
     <span class='ocr_line' id='line_1_59' title="bbox 1387 570 2440 622; baseline 0.003 -13"><span class='ocrx_word' id='word_1_441' title='bbox 1387 570 1762 622; x_wconf 83' lang='grc' dir='ltr'>ἐπιμελούμενος,</span> <span class='ocrx_word' id='word_1_442' title='bbox 1778 570 1835 609; x_wconf 79' lang='grc' dir='ltr'>διὰ</span> <span class='ocrx_word' id='word_1_443' title='bbox 1854 571 1985 621; x_wconf 89' lang='grc' dir='ltr'>ταύτην</span> <span class='ocrx_word' id='word_1_444' title='bbox 2003 571 2117 612; x_wconf 75' lang='grc' dir='ltr'>δὲκαὶ</span> <span class='ocrx_word' id='word_1_445' title='bbox 2136 575 2198 611; x_wconf 74' lang='grc' dir='ltr'>τοῦ</span> <span class='ocrx_word' id='word_1_446' title='bbox 2219 571 2440 622; x_wconf 81' lang='grc' dir='ltr'>σώματος.</span> 
     </span>
     <span class='ocr_line' id='line_1_60' title="bbox 1388 627 2441 684; baseline 0 -15"><span class='ocrx_word' id='word_1_447' title='bbox 1388 629 1480 669; x_wconf 85' lang='grc' dir='ltr'>Οὔτε</span> <span class='ocrx_word' id='word_1_448' title='bbox 1498 630 1567 683; x_wconf 80' lang='grc' dir='ltr'>γὰρ</span> <span class='ocrx_word' id='word_1_449' title='bbox 1587 627 1798 683; x_wconf 79' lang='grc' dir='ltr'>προτιμήσει</span> <span class='ocrx_word' id='word_1_450' title='bbox 1819 631 1904 670; x_wconf 73' lang='grc' dir='ltr'>αὐτὸ</span> <span class='ocrx_word' id='word_1_451' title='bbox 1920 633 1982 678; x_wconf 73' lang='grc' dir='ltr'>τῆς</span> <span class='ocrx_word' id='word_1_452' title='bbox 2001 631 2203 684; x_wconf 80' lang='grc' dir='ltr'>χρωμένης,</span> <span class='ocrx_word' id='word_1_453' title='bbox 2222 629 2300 670; x_wconf 82' lang='grc' dir='ltr'>οὔτε</span> <span class='ocrx_word' id='word_1_454' title='bbox 2316 645 2441 670; x_wconf 85' lang='grc' dir='ltr'>παντε·</span> 
     </span>
     <span class='ocr_line' id='line_1_61' title="bbox 1387 688 2441 744; baseline 0.001 -16"><span class='ocrx_word' id='word_1_455' title='bbox 1387 691 1456 734; x_wconf 84' lang='grc' dir='ltr'>λῶς</span> <span class='ocrx_word' id='word_1_456' title='bbox 1478 689 1650 741; x_wconf 79' lang='grc' dir='ltr'>ἀμελήσει</span> <span class='ocrx_word' id='word_1_457' title='bbox 1670 690 1775 728; x_wconf 71' lang='grc' dir='ltr'>αὐτοῦ</span> <span class='ocrx_word' id='word_1_458' title='bbox 1794 688 1901 728; x_wconf 78' lang='grc' dir='ltr'>πάλιν</span> <span class='ocrx_word' id='word_1_459' title='bbox 1922 690 1980 729; x_wconf 82' lang='grc' dir='ltr'>διὰ</span> <span class='ocrx_word' id='word_1_460' title='bbox 1999 689 2063 738; x_wconf 81' lang='grc' dir='ltr'>τὴν</span> <span class='ocrx_word' id='word_1_461' title='bbox 2084 690 2270 744; x_wconf 82' lang='grc' dir='ltr'>χρωμένην</span> <span class='ocrx_word' id='word_1_462' title='bbox 2284 705 2293 715; x_wconf 90' lang='grc'><em>·</em></span> <span class='ocrx_word' id='word_1_463' title='bbox 2310 690 2390 729; x_wconf 81' lang='grc' dir='ltr'>ἀλλ’</span> <span class='ocrx_word' id='word_1_464' title='bbox 2405 691 2441 729; x_wconf 78' lang='grc' dir='ltr'>ἒν</span> 
     </span>
     <span class='ocr_line' id='line_1_62' title="bbox 1389 747 2442 802; baseline -0.001 -14"><span class='ocrx_word' id='word_1_465' title='bbox 1389 748 1484 794; x_wconf 83' lang='grc' dir='ltr'>τάξει</span> <span class='ocrx_word' id='word_1_466' title='bbox 1504 751 1547 802; x_wconf 82' lang='grc' dir='ltr'>τῇ</span> <span class='ocrx_word' id='word_1_467' title='bbox 1565 747 1749 801; x_wconf 83' lang='grc' dir='ltr'>πρεπούσῃ</span> <span class='ocrx_word' id='word_1_468' title='bbox 1765 750 1812 792; x_wconf 80' lang='grc' dir='ltr'>ὡς</span> <span class='ocrx_word' id='word_1_469' title='bbox 1840 748 1988 801; x_wconf 78' lang='grc' dir='ltr'>ὀργάνου</span> <span class='ocrx_word' id='word_1_470' title='bbox 2006 750 2192 798; x_wconf 80' lang='grc' dir='ltr'>ποιήσεται</span> <span class='ocrx_word' id='word_1_471' title='bbox 2211 748 2276 797; x_wconf 76' lang='grc' dir='ltr'>τὴν</span> <span class='ocrx_word' id='word_1_472' title='bbox 2291 747 2442 800; x_wconf 80' lang='grc' dir='ltr'>ἐπιμέ·</span> 
     </span>
     <span class='ocr_line' id='line_1_63' title="bbox 1388 807 2445 862; baseline 0.001 -16"><span class='ocrx_word' id='word_1_473' title='bbox 1388 810 1514 847; x_wconf 90' lang='grc' dir='ltr'>λειαν</span> <span class='ocrx_word' id='word_1_474' title='bbox 1529 838 1539 856; x_wconf 89' lang='grc'>,</span> <span class='ocrx_word' id='word_1_475' title='bbox 1562 807 1648 860; x_wconf 80' lang='grc' dir='ltr'>πρὸς</span> <span class='ocrx_word' id='word_1_476' title='bbox 1669 807 1732 855; x_wconf 76' lang='grc' dir='ltr'>τὴν</span> <span class='ocrx_word' id='word_1_477' title='bbox 1753 811 1812 847; x_wconf 78' lang='grc' dir='ltr'>τοῦ</span> <span class='ocrx_word' id='word_1_478' title='bbox 1841 809 2026 860; x_wconf 80' lang='grc' dir='ltr'>χρωμένου</span> <span class='ocrx_word' id='word_1_479' title='bbox 2053 809 2181 862; x_wconf 82' lang='grc' dir='ltr'>ἀρετὴν</span> <span class='ocrx_word' id='word_1_480' title='bbox 2211 810 2271 848; x_wconf 83' lang='grc' dir='ltr'>καὶ</span> <span class='ocrx_word' id='word_1_481' title='bbox 2291 808 2356 857; x_wconf 82' lang='grc' dir='ltr'>τὴν</span> <span class='ocrx_word' id='word_1_482' title='bbox 2379 811 2445 848; x_wconf 83' lang='grc' dir='ltr'>τοῦ</span> 
     </span>
     <span class='ocr_line' id='line_1_64' title="bbox 1390 867 2444 922; baseline -0.002 -14"><span class='ocrx_word' id='word_1_483' title='bbox 1390 869 1596 920; x_wconf 86' lang='grc' dir='ltr'>σώματος</span> <span class='ocrx_word' id='word_1_484' title='bbox 1632 869 1796 919; x_wconf 79' lang='grc' dir='ltr'>ὑγίειαν</span> <span class='ocrx_word' id='word_1_485' title='bbox 1817 868 2014 922; x_wconf 83' lang='grc' dir='ltr'>ἀναφέρων.</span> <span class='ocrx_word' id='word_1_486' title='bbox 2072 868 2136 909; x_wconf 84' lang='grc' dir='ltr'>Διὸ</span> <span class='ocrx_word' id='word_1_487' title='bbox 2163 870 2201 907; x_wconf 83' lang='grc' dir='ltr'>οὗ</span> <span class='ocrx_word' id='word_1_488' title='bbox 2224 867 2444 920; x_wconf 77' lang='grc' dir='ltr'>πανταχόθεν</span> 
     </span>
     <span class='ocr_line' id='line_1_65' title="bbox 1391 921 2444 981; baseline -0.001 -14"><span class='ocrx_word' id='word_1_489' title='bbox 1391 929 1474 968; x_wconf 78' lang='grc' dir='ltr'>αὐτὸ</span> <span class='ocrx_word' id='word_1_490' title='bbox 1490 928 1628 981; x_wconf 82' lang='grc' dir='ltr'>θρέψει,</span> <span class='ocrx_word' id='word_1_491' title='bbox 1644 929 1721 966; x_wconf 78' lang='grc' dir='ltr'>ἀλλ’</span> <span class='ocrx_word' id='word_1_492' title='bbox 1744 928 1804 981; x_wconf 86' lang='grc' dir='ltr'>ἀφ’</span> <span class='ocrx_word' id='word_1_493' title='bbox 1824 921 1872 966; x_wconf 69' lang='grc' dir='ltr'>ὧν</span> <span class='ocrx_word' id='word_1_494' title='bbox 1891 928 1943 966; x_wconf 88' lang='grc' dir='ltr'>δεῖ</span> <span class='ocrx_word' id='word_1_495' title='bbox 1957 927 2087 978; x_wconf 88' lang='grc' dir='ltr'>μόνων.</span> <span class='ocrx_word' id='word_1_496' title='bbox 2145 926 2252 967; x_wconf 86' lang='grc' dir='ltr'>Ἔστι</span> <span class='ocrx_word' id='word_1_497' title='bbox 2267 926 2335 979; x_wconf 85' lang='grc' dir='ltr'>γὰρ</span> <span class='ocrx_word' id='word_1_498' title='bbox 2354 926 2377 966; x_wconf 75' lang='grc' dir='ltr'>ἃ</span> <span class='ocrx_word' id='word_1_499' title='bbox 2393 924 2444 977; x_wconf 74' lang='grc' dir='ltr'>μὴ</span> 
     </span>
     <span class='ocr_line' id='line_1_66' title="bbox 1389 985 2444 1041; baseline -0.002 -15"><span class='ocrx_word' id='word_1_500' title='bbox 1389 988 1441 1026; x_wconf 85' lang='grc' dir='ltr'>δεῖ</span> <span class='ocrx_word' id='word_1_501' title='bbox 1460 987 1740 1041; x_wconf 82' lang='grc' dir='ltr'>προσφέρεσθαι,</span> <span class='ocrx_word' id='word_1_502' title='bbox 1762 989 1809 1029; x_wconf 85' lang='grc' dir='ltr'>ὡς</span> <span class='ocrx_word' id='word_1_503' title='bbox 1830 985 2023 1039; x_wconf 79' lang='grc' dir='ltr'>βαρύνονται</span> <span class='ocrx_word' id='word_1_504' title='bbox 2042 986 2082 1027; x_wconf 81' lang='grc' dir='ltr'>τὸ</span> <span class='ocrx_word' id='word_1_505' title='bbox 2099 988 2196 1037; x_wconf 82' lang='grc' dir='ltr'>σῶμ</span> <span class='ocrx_word' id='word_1_506' title='bbox 2208 1002 2252 1034; x_wconf 89' lang='grc' dir='ltr'>α,</span> <span class='ocrx_word' id='word_1_507' title='bbox 2278 985 2338 1025; x_wconf 79' lang='grc' dir='ltr'>καὶ</span> <span class='ocrx_word' id='word_1_508' title='bbox 2357 987 2444 1025; x_wconf 84' lang='grc' dir='ltr'>καθ·</span> 
     </span>
     <span class='ocr_line' id='line_1_67' title="bbox 1388 1043 2446 1099; baseline -0.002 -13"><span class='ocrx_word' id='word_1_509' title='bbox 1388 1047 1536 1086; x_wconf 87' lang='grc' dir='ltr'>έλκοντα</span> <span class='ocrx_word' id='word_1_510' title='bbox 1556 1046 1595 1085; x_wconf 85' lang='grc' dir='ltr'>τὸ</span> <span class='ocrx_word' id='word_1_511' title='bbox 1614 1045 1768 1099; x_wconf 83' lang='grc' dir='ltr'>συμφυὲς</span> <span class='ocrx_word' id='word_1_512' title='bbox 1788 1049 1929 1095; x_wconf 77' lang='grc' dir='ltr'>πνεῦμα</span> <span class='ocrx_word' id='word_1_513' title='bbox 1946 1048 2009 1092; x_wconf 74' lang='grc' dir='ltr'>τῆς</span> <span class='ocrx_word' id='word_1_514' title='bbox 2027 1046 2145 1098; x_wconf 75' lang='grc' dir='ltr'>ψυχῆς</span> <span class='ocrx_word' id='word_1_515' title='bbox 2172 1045 2259 1098; x_wconf 83' lang='grc' dir='ltr'>πρὸς</span> <span class='ocrx_word' id='word_1_516' title='bbox 2281 1043 2446 1084; x_wconf 78' lang='grc' dir='ltr'>ὓλικωτέ·</span> 
     </span>
     <span class='ocr_line' id='line_1_68' title="bbox 1391 1099 2322 1160; baseline -0.003 -15"><span class='ocrx_word' id='word_1_517' title='bbox 1391 1122 1451 1160; x_wconf 88' lang='grc' dir='ltr'>ρας</span> <span class='ocrx_word' id='word_1_518' title='bbox 1475 1105 1682 1158; x_wconf 81' lang='grc' dir='ltr'>ἐμπαθείας·</span> <span class='ocrx_word' id='word_1_519' title='bbox 1707 1105 1787 1159; x_wconf 82' lang='grc' dir='ltr'>περὶ</span> <span class='ocrx_word' id='word_1_520' title='bbox 1806 1099 1854 1144; x_wconf 69' lang='grc' dir='ltr'>ὧν</span> <span class='ocrx_word' id='word_1_521' title='bbox 1872 1104 2013 1158; x_wconf 80' lang='grc' dir='ltr'>ὕστερον</span> <span class='ocrx_word' id='word_1_522' title='bbox 2034 1107 2052 1143; x_wconf 83' lang='grc' dir='ltr'><strong>ὃ</strong></span> <span class='ocrx_word' id='word_1_523' title='bbox 2074 1104 2173 1156; x_wconf 82' lang='grc' dir='ltr'>λόγος</span> <span class='ocrx_word' id='word_1_524' title='bbox 2192 1103 2298 1158; x_wconf 88' lang='grc' dir='ltr'>φησίν</span> <span class='ocrx_word' id='word_1_525' title='bbox 2311 1119 2322 1130; x_wconf 87' lang='lat'><strong>·</strong></span> 
     </span>
    </p>
   </div>
   <div class='ocr_carea' id='block_1_6' title="bbox 1474 1199 2362 1290">
    <p class='ocr_par' dir='ltr' id='par_1_6' title="bbox 1474 1199 2362 1290">
     <span class='ocr_line' id='line_1_69' title="bbox 1475 1199 2362 1243; baseline -0.001 -10"><span class='ocrx_word' id='word_1_526' title='bbox 1475 1200 1551 1233; x_wconf 75' lang='grc' dir='ltr'>Ἀλλ’</span> <span class='ocrx_word' id='word_1_527' title='bbox 1566 1200 1669 1242; x_wconf 83' lang='grc' dir='ltr'>εἷργου</span> <span class='ocrx_word' id='word_1_528' title='bbox 1687 1202 1816 1243; x_wconf 84' lang='grc' dir='ltr'>βρωτῶν</span> <span class='ocrx_word' id='word_1_529' title='bbox 1825 1226 1834 1240; x_wconf 87' lang='grc'>,</span> <span class='ocrx_word' id='word_1_530' title='bbox 1847 1200 1891 1232; x_wconf 86' lang='grc' dir='ltr'>ὧν</span> <span class='ocrx_word' id='word_1_531' title='bbox 1906 1199 2033 1241; x_wconf 73' lang='grc' dir='ltr'>εἴπομεν</span> <span class='ocrx_word' id='word_1_532' title='bbox 2043 1221 2053 1237; x_wconf 92' lang='grc'>,</span> <span class='ocrx_word' id='word_1_533' title='bbox 2073 1199 2105 1232; x_wconf 83' lang='grc' dir='ltr'>ἔν</span> <span class='ocrx_word' id='word_1_534' title='bbox 2122 1210 2155 1232; x_wconf 89' lang='grc' dir='ltr'>τε</span> <span class='ocrx_word' id='word_1_535' title='bbox 2170 1201 2341 1241; x_wconf 75' lang='grc' dir='ltr'>καθαρμοῖς</span> <span class='ocrx_word' id='word_1_536' title='bbox 2351 1222 2362 1241; x_wconf 85' lang='grc'>,</span> 
     </span>
     <span class='ocr_line' id='line_1_70' title="bbox 1474 1248 1995 1290; baseline -0.002 -10"><span class='ocrx_word' id='word_1_537' title='bbox 1474 1249 1506 1280; x_wconf 80' lang='grc' dir='ltr'>ἐν</span> <span class='ocrx_word' id='word_1_538' title='bbox 1526 1259 1559 1281; x_wconf 92' lang='grc' dir='ltr'>τε</span> <span class='ocrx_word' id='word_1_539' title='bbox 1578 1249 1664 1281; x_wconf 84' lang='grc' dir='ltr'>λύσει</span> <span class='ocrx_word' id='word_1_540' title='bbox 1682 1250 1786 1290; x_wconf 77' lang='grc' dir='ltr'>ψυχῆς</span> <span class='ocrx_word' id='word_1_541' title='bbox 1804 1248 1931 1290; x_wconf 82' lang='grc' dir='ltr'>κρίνων.</span> <span class='ocrx_word' id='word_1_542' title='bbox 1953 1265 1995 1271; x_wconf 93' lang='lat'>-—</span> 
     </span>
    </p>
   </div>
   <div class='ocr_carea' id='block_1_7' title="bbox 1389 1324 2451 2153">
    <p class='ocr_par' dir='ltr' id='par_1_7' title="bbox 1389 1324 2451 2153">
     <span class='ocr_line' id='line_1_71' title="bbox 1389 1324 2448 1384; baseline -0.005 -12"><span class='ocrx_word' id='word_1_543' title='bbox 1389 1332 1447 1372; x_wconf 85' lang='grc' dir='ltr'>Τὰ</span> <span class='ocrx_word' id='word_1_544' title='bbox 1467 1335 1614 1370; x_wconf 79' lang='grc' dir='ltr'>τοιαῦτα</span> <span class='ocrx_word' id='word_1_545' title='bbox 1643 1325 1701 1371; x_wconf 68' lang='grc' dir='ltr'>οὖν</span> <span class='ocrx_word' id='word_1_546' title='bbox 1723 1331 1904 1376; x_wconf 85' lang='grc' dir='ltr'>παντελῶς</span> <span class='ocrx_word' id='word_1_547' title='bbox 1935 1330 2215 1384; x_wconf 81' lang='grc' dir='ltr'>παραιτήσεται·</span> <span class='ocrx_word' id='word_1_548' title='bbox 2238 1324 2287 1369; x_wconf 69' lang='grc' dir='ltr'>ὧν</span> <span class='ocrx_word' id='word_1_549' title='bbox 2308 1329 2344 1368; x_wconf 77' lang='grc' dir='ltr'>δὲ</span> <span class='ocrx_word' id='word_1_550' title='bbox 2371 1328 2448 1374; x_wconf 81' lang='grc' dir='ltr'>ἐξὸν</span> 
     </span>
     <span class='ocr_line' id='line_1_72' title="bbox 1389 1388 2449 1444; baseline -0.001 -16"><span class='ocrx_word' id='word_1_551' title='bbox 1389 1391 1646 1444; x_wconf 82' lang='grc' dir='ltr'>προσφέρεσθαι</span> <span class='ocrx_word' id='word_1_552' title='bbox 1659 1389 1722 1437; x_wconf 86' lang='grc' dir='ltr'>τὴν</span> <span class='ocrx_word' id='word_1_553' title='bbox 1736 1390 1916 1438; x_wconf 90' lang='grc' dir='ltr'>ποσότητα</span> <span class='ocrx_word' id='word_1_554' title='bbox 1936 1389 1995 1430; x_wconf 82' lang='grc' dir='ltr'>καὶ</span> <span class='ocrx_word' id='word_1_555' title='bbox 2010 1390 2068 1428; x_wconf 82' lang='grc' dir='ltr'>τὸν</span> <span class='ocrx_word' id='word_1_556' title='bbox 2086 1390 2206 1443; x_wconf 86' lang='grc' dir='ltr'>καιρὸν</span> <span class='ocrx_word' id='word_1_557' title='bbox 2224 1405 2273 1442; x_wconf 89' lang='grc' dir='ltr'>με</span> <span class='ocrx_word' id='word_1_558' title='bbox 2284 1404 2331 1442; x_wconf 86' lang='grc' dir='ltr'>τρ</span> <span class='ocrx_word' id='word_1_559' title='bbox 2342 1388 2364 1436; x_wconf 85' lang='grc' dir='ltr'>ή</span> <span class='ocrx_word' id='word_1_560' title='bbox 2376 1404 2423 1428; x_wconf 83' lang='grc' dir='ltr'>σε</span> <span class='ocrx_word' id='word_1_561' title='bbox 2436 1403 2449 1426; x_wconf 91' lang='grc' dir='ltr'>ι</span> 
     </span>
     <span class='ocr_line' id='line_1_73' title="bbox 1389 1447 2448 1504; baseline -0.002 -16"><span class='ocrx_word' id='word_1_562' title='bbox 1389 1450 1472 1500; x_wconf 89' lang='grc' dir='ltr'>καί,</span> <span class='ocrx_word' id='word_1_563' title='bbox 1498 1450 1545 1494; x_wconf 84' lang='grc' dir='ltr'>ὥς</span> <span class='ocrx_word' id='word_1_564' title='bbox 1565 1464 1671 1504; x_wconf 83' lang='grc' dir='ltr'>φησιν</span> <span class='ocrx_word' id='word_1_565' title='bbox 1694 1448 1957 1503; x_wconf 82' lang='grc' dir='ltr'>Ἱπποκράτης,</span> <span class='ocrx_word' id='word_1_566' title='bbox 1989 1448 2084 1502; x_wconf 83' lang='grc' dir='ltr'>ὥρην</span> <span class='ocrx_word' id='word_1_567' title='bbox 2098 1478 2109 1497; x_wconf 88' lang='grc'>,</span> <span class='ocrx_word' id='word_1_568' title='bbox 2134 1449 2195 1488; x_wconf 81' lang='grc' dir='ltr'>καὶ</span> <span class='ocrx_word' id='word_1_569' title='bbox 2217 1448 2361 1502; x_wconf 87' lang='grc' dir='ltr'>χώρην,</span> <span class='ocrx_word' id='word_1_570' title='bbox 2387 1447 2448 1487; x_wconf 78' lang='grc' dir='ltr'>καὶ</span> 
     </span>
     <span class='ocr_line' id='line_1_74' title="bbox 1390 1506 2449 1560; baseline -0.001 -13"><span class='ocrx_word' id='word_1_571' title='bbox 1390 1509 1531 1558; x_wconf 81' lang='grc' dir='ltr'>ἡλικίην</span> <span class='ocrx_word' id='word_1_572' title='bbox 1562 1507 1859 1560; x_wconf 81' lang='grc' dir='ltr'>περιεργάσεται,</span> <span class='ocrx_word' id='word_1_573' title='bbox 1893 1507 1954 1546; x_wconf 85' lang='grc' dir='ltr'>καὶ</span> <span class='ocrx_word' id='word_1_574' title='bbox 1974 1507 2088 1546; x_wconf 85' lang='grc' dir='ltr'>πάντα</span> <span class='ocrx_word' id='word_1_575' title='bbox 2121 1506 2187 1546; x_wconf 83' lang='grc' dir='ltr'>ὅσα</span> <span class='ocrx_word' id='word_1_576' title='bbox 2210 1510 2270 1546; x_wconf 83' lang='grc' dir='ltr'>τοῦ</span> <span class='ocrx_word' id='word_1_577' title='bbox 2291 1506 2449 1546; x_wconf 87' lang='grc' dir='ltr'>τοιούτου</span> 
     </span>
     <span class='ocr_line' id='line_1_75' title="bbox 1389 1558 2448 1619; baseline -0.003 -12"><span class='ocrx_word' id='word_1_578' title='bbox 1389 1568 1516 1607; x_wconf 87' lang='grc' dir='ltr'>τύπου·</span> <span class='ocrx_word' id='word_1_579' title='bbox 1549 1568 1613 1606; x_wconf 80' lang='grc' dir='ltr'>οὐκ</span> <span class='ocrx_word' id='word_1_580' title='bbox 1635 1565 1870 1611; x_wconf 86' lang='grc' dir='ltr'>ἀνεξετάστως</span> <span class='ocrx_word' id='word_1_581' title='bbox 1892 1566 2089 1619; x_wconf 82' lang='grc' dir='ltr'>ἐπιτρέπων</span> <span class='ocrx_word' id='word_1_582' title='bbox 2119 1565 2369 1616; x_wconf 76' lang='grc' dir='ltr'>ἐμπίπλασθαι</span> <span class='ocrx_word' id='word_1_583' title='bbox 2399 1558 2448 1604; x_wconf 68' lang='grc' dir='ltr'>ὧν</span> 
     </span>
     <span class='ocr_line' id='line_1_76' title="bbox 1390 1622 2448 1678; baseline -0.003 -13"><span class='ocrx_word' id='word_1_584' title='bbox 1390 1626 1464 1671; x_wconf 82' lang='grc' dir='ltr'>ἐξὸν</span> <span class='ocrx_word' id='word_1_585' title='bbox 1480 1625 1790 1677; x_wconf 75' lang='grc' dir='ltr'>μεταλαμὸάνειν,</span> <span class='ocrx_word' id='word_1_586' title='bbox 1812 1626 1883 1664; x_wconf 80' lang='grc' dir='ltr'>οὐδ’</span> <span class='ocrx_word' id='word_1_587' title='bbox 1899 1625 2047 1677; x_wconf 85' lang='grc' dir='ltr'>ἀκρίτως</span> <span class='ocrx_word' id='word_1_588' title='bbox 2066 1624 2142 1664; x_wconf 86' lang='grc' dir='ltr'>νέον</span> <span class='ocrx_word' id='word_1_589' title='bbox 2164 1625 2226 1663; x_wconf 76' lang='grc' dir='ltr'>καὶ</span> <span class='ocrx_word' id='word_1_590' title='bbox 2245 1622 2448 1678; x_wconf 77' lang='grc' dir='ltr'>πρεσὸύτην</span> 
     </span>
     <span class='ocr_line' id='line_1_77' title="bbox 1391 1683 2449 1739; baseline -0.001 -13"><span class='ocrx_word' id='word_1_591' title='bbox 1391 1687 1517 1738; x_wconf 70' lang='grc' dir='ltr'>ὁμοίως</span> <span class='ocrx_word' id='word_1_592' title='bbox 1552 1688 1773 1734; x_wconf 80' lang='grc' dir='ltr'>διαιτᾶσθαι,</span> <span class='ocrx_word' id='word_1_593' title='bbox 1795 1685 1819 1733; x_wconf 85' lang='grc' dir='ltr'>ἢ</span> <span class='ocrx_word' id='word_1_594' title='bbox 1843 1685 1989 1738; x_wconf 77' lang='grc' dir='ltr'>ὑγιεινὸν</span> <span class='ocrx_word' id='word_1_595' title='bbox 2012 1684 2073 1724; x_wconf 76' lang='grc' dir='ltr'>καὶ</span> <span class='ocrx_word' id='word_1_596' title='bbox 2102 1684 2259 1734; x_wconf 84' lang='grc' dir='ltr'>νοσώδη,</span> <span class='ocrx_word' id='word_1_597' title='bbox 2288 1683 2311 1732; x_wconf 84' lang='grc' dir='ltr'>ἢ</span> <span class='ocrx_word' id='word_1_598' title='bbox 2337 1684 2449 1739; x_wconf 78' lang='grc' dir='ltr'>ἀρχό·</span> 
     </span>
     <span class='ocr_line' id='line_1_78' title="bbox 1391 1744 2450 1799; baseline -0.001 -14"><span class='ocrx_word' id='word_1_599' title='bbox 1391 1762 1493 1796; x_wconf 91' lang='grc' dir='ltr'>μενον</span> <span class='ocrx_word' id='word_1_600' title='bbox 1515 1745 1720 1799; x_wconf 83' lang='grc' dir='ltr'>φιλοσοφίας</span> <span class='ocrx_word' id='word_1_601' title='bbox 1739 1744 1799 1784; x_wconf 79' lang='grc' dir='ltr'>καὶ</span> <span class='ocrx_word' id='word_1_602' title='bbox 1819 1745 1867 1789; x_wconf 89' lang='grc' dir='ltr'>εἷς</span> <span class='ocrx_word' id='word_1_603' title='bbox 1886 1744 1993 1796; x_wconf 90' lang='grc' dir='ltr'>ἄκρον</span> <span class='ocrx_word' id='word_1_604' title='bbox 2014 1746 2121 1792; x_wconf 74' lang='grc' dir='ltr'>αὐτῆς</span> <span class='ocrx_word' id='word_1_605' title='bbox 2141 1744 2287 1792; x_wconf 84' lang='grc' dir='ltr'>ἥκοντα.</span> <span class='ocrx_word' id='word_1_606' title='bbox 2324 1746 2450 1785; x_wconf 75' lang='grc' dir='ltr'>Ταῦτα</span> 
     </span>
     <span class='ocr_line' id='line_1_79' title="bbox 1391 1802 2448 1857; baseline -0.003 -13"><span class='ocrx_word' id='word_1_607' title='bbox 1391 1804 1426 1844; x_wconf 84' lang='grc' dir='ltr'>δὲ</span> <span class='ocrx_word' id='word_1_608' title='bbox 1461 1804 1578 1844; x_wconf 86' lang='grc' dir='ltr'>πάντα</span> <span class='ocrx_word' id='word_1_609' title='bbox 1613 1803 1799 1857; x_wconf 84' lang='grc' dir='ltr'>συνείληφε</span> <span class='ocrx_word' id='word_1_610' title='bbox 1831 1802 1871 1842; x_wconf 81' lang='grc' dir='ltr'>τὸ</span> <span class='ocrx_word' id='word_1_611' title='bbox 1906 1803 2151 1857; x_wconf 82' lang='grc' dir='ltr'>Πυθαγορικὸν</span> <span class='ocrx_word' id='word_1_612' title='bbox 2185 1803 2374 1856; x_wconf 85' lang='grc' dir='ltr'>μέτρον,</span> <span class='ocrx_word' id='word_1_613' title='bbox 2403 1805 2448 1856; x_wconf 80' lang='grc' dir='ltr'>τῇ</span> 
     </span>
     <span class='ocr_line' id='line_1_80' title="bbox 1390 1861 2450 1917; baseline -0.002 -14"><span class='ocrx_word' id='word_1_614' title='bbox 1390 1863 1573 1917; x_wconf 82' lang='grc' dir='ltr'>προσθήκῃ</span> <span class='ocrx_word' id='word_1_615' title='bbox 1605 1866 1687 1912; x_wconf 75' lang='grc' dir='ltr'>τοῦ,</span> <span class='ocrx_word' id='word_1_616' title='bbox 1710 1862 1728 1902; x_wconf 84' lang='grc' dir='ltr'>ὃ</span> <span class='ocrx_word' id='word_1_617' title='bbox 1750 1862 1804 1913; x_wconf 84' lang='grc' dir='ltr'>μή</span> <span class='ocrx_word' id='word_1_618' title='bbox 1828 1863 1861 1901; x_wconf 88' lang='grc' dir='ltr'>σ’</span> <span class='ocrx_word' id='word_1_619' title='bbox 1881 1863 2080 1909; x_wconf 78' lang='grc' dir='ltr'>ἀνιήσει.</span> <span class='ocrx_word' id='word_1_620' title='bbox 2140 1862 2267 1902; x_wconf 87' lang='grc' dir='ltr'>Πάντα</span> <span class='ocrx_word' id='word_1_621' title='bbox 2297 1861 2365 1915; x_wconf 72' lang='grc' dir='ltr'>γὰρ</span> <span class='ocrx_word' id='word_1_622' title='bbox 2401 1862 2450 1907; x_wconf 79' lang='grc' dir='ltr'>εἷς</span> 
     </span>
     <span class='ocr_line' id='line_1_81' title="bbox 1391 1920 2450 1978; baseline 0.003 -17"><span class='ocrx_word' id='word_1_623' title='bbox 1391 1922 1453 1972; x_wconf 86' lang='grc' dir='ltr'>τὴν</span> <span class='ocrx_word' id='word_1_624' title='bbox 1473 1924 1662 1978; x_wconf 79' lang='grc' dir='ltr'>φιλόσοφον</span> <span class='ocrx_word' id='word_1_625' title='bbox 1686 1920 1832 1968; x_wconf 82' lang='grc' dir='ltr'>εὗζωΐαν</span> <span class='ocrx_word' id='word_1_626' title='bbox 1855 1922 2076 1962; x_wconf 85' lang='grc' dir='ltr'>συντείνοντα</span> <span class='ocrx_word' id='word_1_627' title='bbox 2100 1922 2186 1973; x_wconf 81' lang='grc' dir='ltr'>πρὸς</span> <span class='ocrx_word' id='word_1_628' title='bbox 2204 1921 2268 1970; x_wconf 76' lang='grc' dir='ltr'>τὴν</span> <span class='ocrx_word' id='word_1_629' title='bbox 2288 1925 2350 1962; x_wconf 80' lang='grc' dir='ltr'>τοῦ</span> <span class='ocrx_word' id='word_1_630' title='bbox 2370 1921 2450 1964; x_wconf 78' lang='grc' dir='ltr'>σώ-</span> 
     </span>
     <span class='ocr_line' id='line_1_82' title="bbox 1393 1981 2449 2037; baseline -0.003 -14"><span class='ocrx_word' id='word_1_631' title='bbox 1393 2000 1449 2035; x_wconf 91' lang='grc' dir='ltr'>μα</span> <span class='ocrx_word' id='word_1_632' title='bbox 1463 1999 1531 2028; x_wconf 89' lang='grc' dir='ltr'>τος</span> <span class='ocrx_word' id='word_1_633' title='bbox 1551 1981 1729 2033; x_wconf 82' lang='grc' dir='ltr'>ἐπιμέλε</span> <span class='ocrx_word' id='word_1_634' title='bbox 1743 1997 1813 2020; x_wconf 81' lang='grc' dir='ltr'>ιαν</span> <span class='ocrx_word' id='word_1_635' title='bbox 1835 1981 2004 2036; x_wconf 75' lang='grc' dir='ltr'>ἐπέτρεψε</span> <span class='ocrx_word' id='word_1_636' title='bbox 2022 1983 2071 2035; x_wconf 83' lang='grc' dir='ltr'>τῷ</span> <span class='ocrx_word' id='word_1_637' title='bbox 2093 1983 2222 2034; x_wconf 83' lang='grc' dir='ltr'>βραχεῖ</span> <span class='ocrx_word' id='word_1_638' title='bbox 2235 1981 2351 2036; x_wconf 85' lang='grc' dir='ltr'>τούτῳ</span> <span class='ocrx_word' id='word_1_639' title='bbox 2380 1981 2449 2037; x_wconf 77' lang='grc' dir='ltr'>ῥή-</span> 
     </span>
     <span class='ocr_line' id='line_1_83' title="bbox 1395 2039 2450 2095; baseline -0.003 -13"><span class='ocrx_word' id='word_1_640' title='bbox 1395 2059 1504 2095; x_wconf 89' lang='grc' dir='ltr'>ματι·</span> <span class='ocrx_word' id='word_1_641' title='bbox 1538 2042 1596 2081; x_wconf 82' lang='grc' dir='ltr'>καὶ</span> <span class='ocrx_word' id='word_1_642' title='bbox 1629 2047 1700 2085; x_wconf 86' lang='grc' dir='ltr'>τοῖς</span> <span class='ocrx_word' id='word_1_643' title='bbox 1721 2040 1989 2094; x_wconf 85' lang='grc' dir='ltr'>προειρημένοις</span> <span class='ocrx_word' id='word_1_644' title='bbox 2019 2041 2098 2094; x_wconf 84' lang='grc' dir='ltr'>περὶ</span> <span class='ocrx_word' id='word_1_645' title='bbox 2130 2041 2304 2093; x_wconf 78' lang='grc' dir='ltr'>ὑγιείας</span> <span class='ocrx_word' id='word_1_646' title='bbox 2333 2039 2450 2095; x_wconf 71' lang='grc' dir='ltr'>ψυχῆς</span> 
     </span>
     <span class='ocr_line' id='line_1_84' title="bbox 1396 2099 2451 2153; baseline -0.001 -13"><span class='ocrx_word' id='word_1_647' title='bbox 1396 2101 1598 2153; x_wconf 82' lang='grc' dir='ltr'>ἐπήγαγεν,</span> <span class='ocrx_word' id='word_1_648' title='bbox 1628 2101 1673 2139; x_wconf 80' lang='grc' dir='ltr'>οὐ</span> <span class='ocrx_word' id='word_1_649' title='bbox 1688 2101 1716 2138; x_wconf 87' lang='grc' dir='ltr'>δ’</span> <span class='ocrx_word' id='word_1_650' title='bbox 1740 2099 1918 2152; x_wconf 79' lang='grc' dir='ltr'>ὑγιείης</span> <span class='ocrx_word' id='word_1_651' title='bbox 1951 2102 2031 2148; x_wconf 75' lang='grc' dir='ltr'>τῆς</span> <span class='ocrx_word' id='word_1_652' title='bbox 2059 2099 2161 2153; x_wconf 80' lang='grc' dir='ltr'>περὶ</span> <span class='ocrx_word' id='word_1_653' title='bbox 2195 2100 2303 2151; x_wconf 82' lang='grc' dir='ltr'>σῶμ’</span> <span class='ocrx_word' id='word_1_654' title='bbox 2342 2099 2451 2150; x_wconf 78' lang='grc' dir='ltr'>ἀμέ-</span> 
     </span>
    </p>
   </div>
   <div class='ocr_carea' id='block_1_8' title="bbox 1389 2247 2449 2890">
    <p class='ocr_par' dir='ltr' id='par_1_8' title="bbox 1389 2247 2449 2890">
     <span class='ocr_line' id='line_1_85' title="bbox 1393 2247 2447 2298; baseline -0.001 -12"><span class='ocrx_word' id='word_1_655' title='bbox 1393 2251 1466 2286; x_wconf 92' lang='lat' dir='ltr'><strong>alet</strong></span> <span class='ocrx_word' id='word_1_656' title='bbox 1482 2257 1596 2298; x_wconf 87' lang='lat' dir='ltr'><strong>atque</strong></span> <span class='ocrx_word' id='word_1_657' title='bbox 1615 2248 1784 2298; x_wconf 83' lang='lat' dir='ltr'><strong>erudiet,</strong></span> <span class='ocrx_word' id='word_1_658' title='bbox 1802 2249 1969 2284; x_wconf 87' lang='lat' dir='ltr'><strong>animum</strong></span> <span class='ocrx_word' id='word_1_659' title='bbox 1995 2247 2151 2296; x_wconf 87' lang='lat' dir='ltr'><strong>quidem</strong></span> <span class='ocrx_word' id='word_1_660' title='bbox 2176 2248 2349 2297; x_wconf 86' lang='lat' dir='ltr'><strong>inprimis</strong></span> <span class='ocrx_word' id='word_1_661' title='bbox 2380 2261 2447 2285; x_wconf 89' lang='lat' dir='ltr'>cu-</span> 
     </span>
     <span class='ocr_line' id='line_1_86' title="bbox 1391 2307 2449 2360; baseline 0 -13"><span class='ocrx_word' id='word_1_662' title='bbox 1391 2323 1479 2347; x_wconf 85' lang='lat' dir='ltr'><strong>rans</strong></span> <span class='ocrx_word' id='word_1_663' title='bbox 1491 2336 1501 2355; x_wconf 90' lang='lat'><strong>,</strong></span> <span class='ocrx_word' id='word_1_664' title='bbox 1525 2323 1664 2359; x_wconf 86' lang='lat' dir='ltr'><strong>corpus</strong></span> <span class='ocrx_word' id='word_1_665' title='bbox 1682 2307 1903 2360; x_wconf 79' lang='lat' dir='ltr'><strong>autemejus</strong></span> <span class='ocrx_word' id='word_1_666' title='bbox 1925 2308 2060 2358; x_wconf 86' lang='lat' dir='ltr'><strong>gratia.</strong></span> <span class='ocrx_word' id='word_1_667' title='bbox 2080 2309 2214 2356; x_wconf 87' lang='lat' dir='ltr'><strong>Neque</strong></span> <span class='ocrx_word' id='word_1_668' title='bbox 2234 2307 2335 2344; x_wconf 86' lang='lat' dir='ltr'><strong>enim</strong></span> <span class='ocrx_word' id='word_1_669' title='bbox 2352 2308 2449 2347; x_wconf 86' lang='lat' dir='ltr'><strong>illud</strong></span> 
     </span>
     <span class='ocr_line' id='line_1_87' title="bbox 1390 2366 2446 2418; baseline -0.002 -13"><span class='ocrx_word' id='word_1_670' title='bbox 1390 2370 1514 2406; x_wconf 90' lang='lat' dir='ltr'><strong>utenti</strong></span> <span class='ocrx_word' id='word_1_671' title='bbox 1533 2376 1762 2418; x_wconf 90' lang='lat' dir='ltr'><strong>anteponet,</strong></span> <span class='ocrx_word' id='word_1_672' title='bbox 1785 2379 1911 2415; x_wconf 92' lang='lat' dir='ltr'><strong>neque</strong></span> <span class='ocrx_word' id='word_1_673' title='bbox 1932 2374 2062 2404; x_wconf 85' lang='lat' dir='ltr'><strong>contra</strong></span> <span class='ocrx_word' id='word_1_674' title='bbox 2080 2378 2238 2415; x_wconf 89' lang='lat' dir='ltr'><strong>prorsus</strong></span> <span class='ocrx_word' id='word_1_675' title='bbox 2261 2366 2446 2417; x_wconf 84' lang='lat' dir='ltr'><strong>negliget,</strong></span> 
     </span>
     <span class='ocr_line' id='line_1_88' title="bbox 1390 2426 2448 2477; baseline -0.001 -12"><span class='ocrx_word' id='word_1_676' title='bbox 1390 2427 1531 2465; x_wconf 87' lang='lat' dir='ltr'><strong>utentis</strong></span> <span class='ocrx_word' id='word_1_677' title='bbox 1559 2428 1698 2477; x_wconf 84' lang='lat' dir='ltr'><strong>gratia,</strong></span> <span class='ocrx_word' id='word_1_678' title='bbox 1718 2426 1786 2463; x_wconf 91' lang='lat' dir='ltr'>sed</span> <span class='ocrx_word' id='word_1_679' title='bbox 1815 2426 1892 2474; x_wconf 90' lang='lat' dir='ltr'><strong>ejus</strong></span> <span class='ocrx_word' id='word_1_680' title='bbox 1917 2432 2100 2474; x_wconf 86' lang='lat' dir='ltr'><strong>tanquam</strong></span> <span class='ocrx_word' id='word_1_681' title='bbox 2122 2426 2273 2475; x_wconf 76' lang='lat' dir='ltr'><strong>organi,</strong></span> <span class='ocrx_word' id='word_1_682' title='bbox 2292 2437 2339 2463; x_wconf 93' lang='lat' dir='ltr'>eo</span> <span class='ocrx_word' id='word_1_683' title='bbox 2369 2438 2448 2475; x_wconf 89' lang='lat' dir='ltr'>quo</span> 
     </span>
     <span class='ocr_line' id='line_1_89' title="bbox 1390 2485 2449 2536; baseline 0.001 -13"><span class='ocrx_word' id='word_1_684' title='bbox 1390 2501 1461 2536; x_wconf 89' lang='lat' dir='ltr'>par</span> <span class='ocrx_word' id='word_1_685' title='bbox 1489 2494 1544 2524; x_wconf 88' lang='lat' dir='ltr'>est</span> <span class='ocrx_word' id='word_1_686' title='bbox 1565 2487 1700 2523; x_wconf 88' lang='lat' dir='ltr'><strong>ordine</strong></span> <span class='ocrx_word' id='word_1_687' title='bbox 1726 2499 1855 2522; x_wconf 89' lang='lat' dir='ltr'><strong>curam</strong></span> <span class='ocrx_word' id='word_1_688' title='bbox 1880 2491 2007 2535; x_wconf 87' lang='lat' dir='ltr'><strong>geret,</strong></span> <span class='ocrx_word' id='word_1_689' title='bbox 2028 2497 2111 2521; x_wconf 89' lang='lat' dir='ltr'>eam</span> <span class='ocrx_word' id='word_1_690' title='bbox 2131 2492 2211 2521; x_wconf 90' lang='lat' dir='ltr'>tum</span> <span class='ocrx_word' id='word_1_691' title='bbox 2231 2485 2282 2521; x_wconf 93' lang='lat' dir='ltr'>ad</span> <span class='ocrx_word' id='word_1_692' title='bbox 2307 2488 2449 2524; x_wconf 86' lang='lat' dir='ltr'><strong>utentis</strong></span> 
     </span>
     <span class='ocr_line' id='line_1_90' title="bbox 1389 2544 2448 2594; baseline -0.001 -11"><span class='ocrx_word' id='word_1_693' title='bbox 1389 2549 1569 2584; x_wconf 83' lang='lat' dir='ltr'><strong>virtutem</strong></span> <span class='ocrx_word' id='word_1_694' title='bbox 1583 2575 1593 2592; x_wconf 95' lang='lat'><strong>,</strong></span> <span class='ocrx_word' id='word_1_695' title='bbox 1616 2554 1697 2582; x_wconf 91' lang='lat' dir='ltr'>tum</span> <span class='ocrx_word' id='word_1_696' title='bbox 1713 2545 1761 2582; x_wconf 87' lang='lat' dir='ltr'>ad</span> <span class='ocrx_word' id='word_1_697' title='bbox 1779 2545 1895 2594; x_wconf 89' lang='lat' dir='ltr'><strong>ipsius</strong></span> <span class='ocrx_word' id='word_1_698' title='bbox 1914 2545 2088 2594; x_wconf 89' lang='lat' dir='ltr'><strong>corporis</strong></span> <span class='ocrx_word' id='word_1_699' title='bbox 2104 2544 2359 2582; x_wconf 84' lang='lat' dir='ltr'><strong>valetudinem</strong></span> <span class='ocrx_word' id='word_1_700' title='bbox 2382 2557 2448 2582; x_wconf 88' lang='lat' dir='ltr'>re-</span> 
     </span>
     <span class='ocr_line' id='line_1_91' title="bbox 1391 2603 2449 2653; baseline -0.001 -11"><span class='ocrx_word' id='word_1_701' title='bbox 1391 2607 1525 2643; x_wconf 78' lang='lat' dir='ltr'><strong>ferem.</strong></span> <span class='ocrx_word' id='word_1_702' title='bbox 1549 2606 1683 2653; x_wconf 84' lang='lat' dir='ltr'><strong>Itaque</strong></span> <span class='ocrx_word' id='word_1_703' title='bbox 1714 2617 1794 2640; x_wconf 90' lang='lat' dir='ltr'>non</span> <span class='ocrx_word' id='word_1_704' title='bbox 1827 2604 2061 2653; x_wconf 82' lang='lat' dir='ltr'><strong>quibuslibet</strong></span> <span class='ocrx_word' id='word_1_705' title='bbox 2095 2603 2282 2640; x_wconf 87' lang='lat' dir='ltr'><strong>alimentis</strong></span> <span class='ocrx_word' id='word_1_706' title='bbox 2309 2616 2449 2652; x_wconf 78' lang='lat' dir='ltr'><strong>corpus</strong></span> 
     </span>
     <span class='ocr_line' id='line_1_92' title="bbox 1390 2661 2448 2712; baseline -0.001 -11"><span class='ocrx_word' id='word_1_707' title='bbox 1390 2666 1553 2711; x_wconf 82' lang='lat' dir='ltr'><strong>nutriet,</strong></span> <span class='ocrx_word' id='word_1_708' title='bbox 1565 2664 1630 2700; x_wconf 91' lang='lat' dir='ltr'>sed</span> <span class='ocrx_word' id='word_1_709' title='bbox 1646 2664 1784 2712; x_wconf 87' lang='lat' dir='ltr'><strong>quibus</strong></span> <span class='ocrx_word' id='word_1_710' title='bbox 1796 2664 1886 2699; x_wconf 92' lang='lat' dir='ltr'><strong>solis</strong></span> <span class='ocrx_word' id='word_1_711' title='bbox 1902 2669 2070 2712; x_wconf 87' lang='lat' dir='ltr'><strong>oportet.</strong></span> <span class='ocrx_word' id='word_1_712' title='bbox 2084 2661 2181 2699; x_wconf 90' lang='lat' dir='ltr'><strong>Sunt</strong></span> <span class='ocrx_word' id='word_1_713' title='bbox 2194 2663 2292 2698; x_wconf 86' lang='lat' dir='ltr'><strong>em&#39;m</strong></span> <span class='ocrx_word' id='word_1_714' title='bbox 2308 2662 2448 2711; x_wconf 80' lang='lat' dir='ltr'><strong>quibus</strong></span> 
     </span>
     <span class='ocr_line' id='line_1_93' title="bbox 1389 2723 2447 2770; baseline -0.003 -10"><span class='ocrx_word' id='word_1_715' title='bbox 1389 2725 1491 2760; x_wconf 75' lang='lat' dir='ltr'><strong>vesci</strong></span> <span class='ocrx_word' id='word_1_716' title='bbox 1522 2736 1601 2760; x_wconf 88' lang='lat' dir='ltr'>non</span> <span class='ocrx_word' id='word_1_717' title='bbox 1632 2723 1757 2768; x_wconf 88' lang='lat' dir='ltr'><strong>decet,</strong></span> <span class='ocrx_word' id='word_1_718' title='bbox 1778 2729 1821 2758; x_wconf 94' lang='lat' dir='ltr'>ut</span> <span class='ocrx_word' id='word_1_719' title='bbox 1855 2734 1939 2770; x_wconf 86' lang='lat' dir='ltr'><strong>quae</strong></span> <span class='ocrx_word' id='word_1_720' title='bbox 1973 2733 2113 2770; x_wconf 89' lang='lat' dir='ltr'><strong>corpus</strong></span> <span class='ocrx_word' id='word_1_721' title='bbox 2137 2727 2376 2770; x_wconf 83' lang='lat' dir='ltr'><strong>praegravent</strong></span> <span class='ocrx_word' id='word_1_722' title='bbox 2408 2727 2447 2758; x_wconf 89' lang='lat' dir='ltr'>et</span> 
     </span>
     <span class='ocr_line' id='line_1_94' title="bbox 1389 2779 2447 2832; baseline -0.002 -13"><span class='ocrx_word' id='word_1_723' title='bbox 1389 2784 1564 2832; x_wconf 86' lang='lat' dir='ltr'><strong>spiritum</strong></span> <span class='ocrx_word' id='word_1_724' title='bbox 1583 2783 1710 2818; x_wconf 90' lang='lat' dir='ltr'><strong>animo</strong></span> <span class='ocrx_word' id='word_1_725' title='bbox 1732 2782 1984 2818; x_wconf 81' lang='lat' dir='ltr'><strong>adhaerentem</strong></span> <span class='ocrx_word' id='word_1_726' title='bbox 2004 2781 2054 2817; x_wconf 88' lang='lat' dir='ltr'>ad</span> <span class='ocrx_word' id='word_1_727' title='bbox 2074 2781 2274 2816; x_wconf 84' lang='lat' dir='ltr'><strong>crassiores</strong></span> <span class='ocrx_word' id='word_1_728' title='bbox 2290 2779 2447 2818; x_wconf 75' lang='lat' dir='ltr'><strong>affectus</strong></span> 
     </span>
     <span class='ocr_line' id='line_1_95' title="bbox 1391 2839 2314 2890; baseline -0.003 -11"><span class='ocrx_word' id='word_1_729' title='bbox 1391 2843 1612 2888; x_wconf 83' lang='lat' dir='ltr'><strong>detrahant3</strong></span> <span class='ocrx_word' id='word_1_730' title='bbox 1635 2841 1682 2878; x_wconf 87' lang='lat' dir='ltr'>de</span> <span class='ocrx_word' id='word_1_731' title='bbox 1702 2841 1842 2890; x_wconf 92' lang='lat' dir='ltr'><strong>quibus</strong></span> <span class='ocrx_word' id='word_1_732' title='bbox 1860 2847 1994 2889; x_wconf 85' lang='lat' dir='ltr'><strong>postea</strong></span> <span class='ocrx_word' id='word_1_733' title='bbox 2014 2852 2170 2876; x_wconf 91' lang='lat' dir='ltr'><strong>carmen</strong></span> <span class='ocrx_word' id='word_1_734' title='bbox 2189 2839 2280 2876; x_wconf 86' lang='lat' dir='ltr'><strong>dicit</strong></span> <span class='ocrx_word' id='word_1_735' title='bbox 2303 2849 2314 2876; x_wconf 66' lang='grc' dir='ltr'>ἓ</span> 
     </span>
    </p>
   </div>
   <div class='ocr_carea' id='block_1_9' title="bbox 1473 2947 2445 3086">
    <p class='ocr_par' dir='ltr' id='par_1_9' title="bbox 1473 2947 2445 3086">
     <span class='ocr_line' id='line_1_96' title="bbox 1473 2947 2445 3002; baseline -0.011 -16"><span class='ocrx_word' id='word_1_736' title='bbox 1473 2951 1606 2986; x_wconf 81' lang='lat' dir='ltr'><strong>Abstine</strong></span> <span class='ocrx_word' id='word_1_737' title='bbox 1619 2959 1695 2984; x_wconf 84' lang='lat' dir='ltr'><strong>vero</strong></span> <span class='ocrx_word' id='word_1_738' title='bbox 1712 2950 1792 2982; x_wconf 85' lang='lat' dir='ltr'><strong>cibis</strong></span> <span class='ocrx_word' id='word_1_739' title='bbox 1806 2949 1860 2989; x_wconf 84' lang='lat' dir='ltr'><strong>iis,</strong></span> <span class='ocrx_word' id='word_1_740' title='bbox 1874 2958 1955 2990; x_wconf 83' lang='lat' dir='ltr'><strong>quos</strong></span> <span class='ocrx_word' id='word_1_741' title='bbox 1968 2949 2127 2988; x_wconf 82' lang='lat' dir='ltr'><strong>diximus,</strong></span> <span class='ocrx_word' id='word_1_742' title='bbox 2142 2956 2217 2980; x_wconf 86' lang='lat' dir='ltr'>cum</span> <span class='ocrx_word' id='word_1_743' title='bbox 2232 2947 2265 2980; x_wconf 87' lang='lat' dir='ltr'>iu</span> <span class='ocrx_word' id='word_1_744' title='bbox 2282 2948 2445 3002; x_wconf 52' lang='lat' dir='ltr'><strong>lustffatio.</strong></span> 
     </span>
     <span class='ocr_line' id='line_1_97' title="bbox 1473 2994 2444 3086; baseline -0.041 -9"><span class='ocrx_word' id='word_1_745' title='bbox 1473 3048 1542 3077; x_wconf 85' lang='lat' dir='ltr'>tum</span> <span class='ocrx_word' id='word_1_746' title='bbox 1559 3045 1591 3077; x_wconf 89' lang='lat' dir='ltr'>in</span> <span class='ocrx_word' id='word_1_747' title='bbox 1606 3044 1792 3086; x_wconf 80' lang='lat' dir='ltr'><strong>purgatione</strong></span> <span class='ocrx_word' id='word_1_748' title='bbox 1806 3043 1904 3076; x_wconf 81' lang='lat' dir='ltr'><strong>animi</strong></span> <span class='ocrx_word' id='word_1_749' title='bbox 1915 3043 2072 3084; x_wconf 79' lang='lat' dir='ltr'><strong>judicium</strong></span> <span class='ocrx_word' id='word_1_750' title='bbox 2086 3041 2253 3075; x_wconf 79' lang='lat' dir='ltr'><strong>adhibens.</strong></span> <span class='ocrx_word' id='word_1_751' title='bbox 2312 2994 2444 3037; x_wconf 52' lang='lat' dir='ltr'>humb,</span> 
     </span>
    </p>
   </div>
   <div class='ocr_carea' id='block_1_10' title="bbox 1388 3137 2445 3601">
    <p class='ocr_par' dir='ltr' id='par_1_10' title="bbox 1388 3137 2445 3601">
     <span class='ocr_line' id='line_1_98' title="bbox 1388 3137 2445 3189; baseline -0.001 -13"><span class='ocrx_word' id='word_1_752' title='bbox 1388 3140 1492 3176; x_wconf 89' lang='lat' dir='ltr'><strong>Talia</strong></span> <span class='ocrx_word' id='word_1_753' title='bbox 1510 3140 1627 3189; x_wconf 84' lang='lat' dir='ltr'><strong>igitur</strong></span> <span class='ocrx_word' id='word_1_754' title='bbox 1645 3139 1796 3188; x_wconf 88' lang='lat' dir='ltr'><strong>penitus</strong></span> <span class='ocrx_word' id='word_1_755' title='bbox 1811 3137 1954 3185; x_wconf 88' lang='lat' dir='ltr'><strong>rejiciet</strong></span> <span class='ocrx_word' id='word_1_756' title='bbox 1973 3149 1983 3174; x_wconf 90' lang='lat'>:</span> <span class='ocrx_word' id='word_1_757' title='bbox 2005 3149 2136 3173; x_wconf 86' lang='lat' dir='ltr'><strong>eorum</strong></span> <span class='ocrx_word' id='word_1_758' title='bbox 2158 3144 2287 3174; x_wconf 88' lang='lat' dir='ltr'><strong>autem</strong></span> <span class='ocrx_word' id='word_1_759' title='bbox 2306 3137 2445 3186; x_wconf 88' lang='lat' dir='ltr'><strong>quibus</strong></span> 
     </span>
     <span class='ocr_line' id='line_1_99' title="bbox 1388 3196 2444 3247; baseline -0.001 -12"><span class='ocrx_word' id='word_1_760' title='bbox 1388 3200 1487 3236; x_wconf 85' lang='lat' dir='ltr'><strong>vesci</strong></span> <span class='ocrx_word' id='word_1_761' title='bbox 1506 3199 1593 3235; x_wconf 87' lang='lat' dir='ltr'><strong>licet</strong></span> <span class='ocrx_word' id='word_1_762' title='bbox 1620 3198 1869 3247; x_wconf 84' lang='lat' dir='ltr'><strong>quantitatem</strong></span> <span class='ocrx_word' id='word_1_763' title='bbox 1889 3204 1927 3232; x_wconf 93' lang='lat' dir='ltr'>et</span> <span class='ocrx_word' id='word_1_764' title='bbox 1947 3204 2094 3245; x_wconf 85' lang='lat' dir='ltr'><strong>tempus</strong></span> <span class='ocrx_word' id='word_1_765' title='bbox 2114 3199 2297 3240; x_wconf 81' lang='lat' dir='ltr'><strong>metietur,</strong></span> <span class='ocrx_word' id='word_1_766' title='bbox 2321 3203 2359 3233; x_wconf 89' lang='lat' dir='ltr'>et</span> <span class='ocrx_word' id='word_1_767' title='bbox 2381 3196 2444 3234; x_wconf 85' lang='lat' dir='ltr'>di-</span> 
     </span>
     <span class='ocr_line' id='line_1_100' title="bbox 1390 3254 2443 3306; baseline -0.001 -13"><span class='ocrx_word' id='word_1_768' title='bbox 1390 3258 1551 3306; x_wconf 84' lang='lat' dir='ltr'><strong>ligenter</strong></span> <span class='ocrx_word' id='word_1_769' title='bbox 1581 3256 1861 3301; x_wconf 89' lang='lat' dir='ltr'><strong>considerabit,</strong></span> <span class='ocrx_word' id='word_1_770' title='bbox 1885 3262 1929 3291; x_wconf 90' lang='lat' dir='ltr'>ut</span> <span class='ocrx_word' id='word_1_771' title='bbox 1957 3256 2010 3291; x_wconf 90' lang='lat' dir='ltr'>ait</span> <span class='ocrx_word' id='word_1_772' title='bbox 2044 3255 2320 3303; x_wconf 86' lang='lat' dir='ltr'><strong>Hippocrates,</strong></span> <span class='ocrx_word' id='word_1_773' title='bbox 2353 3254 2443 3293; x_wconf 88' lang='lat' dir='ltr'><strong>anni</strong></span> 
     </span>
     <span class='ocr_line' id='line_1_101' title="bbox 1392 3313 2443 3365; baseline -0.003 -12"><span class='ocrx_word' id='word_1_774' title='bbox 1392 3324 1539 3365; x_wconf 85' lang='lat' dir='ltr'><strong>tempus</strong></span> <span class='ocrx_word' id='word_1_775' title='bbox 1557 3324 1594 3352; x_wconf 91' lang='lat' dir='ltr'>et</span> <span class='ocrx_word' id='word_1_776' title='bbox 1612 3317 1808 3365; x_wconf 85' lang='lat' dir='ltr'><strong>regionem</strong></span> <span class='ocrx_word' id='word_1_777' title='bbox 1827 3322 1865 3351; x_wconf 92' lang='lat' dir='ltr'>et</span> <span class='ocrx_word' id='word_1_778' title='bbox 1882 3322 2027 3351; x_wconf 87' lang='lat' dir='ltr'><strong>aetatem</strong></span> <span class='ocrx_word' id='word_1_779' title='bbox 2048 3323 2257 3364; x_wconf 81' lang='lat' dir='ltr'><strong>caeteraque</strong></span> <span class='ocrx_word' id='word_1_780' title='bbox 2276 3313 2356 3362; x_wconf 88' lang='lat' dir='ltr'><strong>ejus</strong></span> <span class='ocrx_word' id='word_1_781' title='bbox 2374 3326 2443 3363; x_wconf 86' lang='lat' dir='ltr'>ge-</span> 
     </span>
     <span class='ocr_line' id='line_1_102' title="bbox 1390 3373 2444 3424; baseline -0.002 -13"><span class='ocrx_word' id='word_1_782' title='bbox 1390 3377 1491 3413; x_wconf 83' lang='lat' dir='ltr'><strong>neris</strong></span> <span class='ocrx_word' id='word_1_783' title='bbox 1504 3376 1630 3412; x_wconf 89' lang='lat' dir='ltr'><strong>omnia</strong></span> <span class='ocrx_word' id='word_1_784' title='bbox 1645 3387 1655 3424; x_wconf 84' lang='lat'>3</span> <span class='ocrx_word' id='word_1_785' title='bbox 1668 3386 1792 3423; x_wconf 90' lang='lat' dir='ltr'><strong>neque</strong></span> <span class='ocrx_word' id='word_1_786' title='bbox 1805 3375 1884 3411; x_wconf 87' lang='lat' dir='ltr'><strong>sine</strong></span> <span class='ocrx_word' id='word_1_787' title='bbox 1898 3375 2069 3411; x_wconf 88' lang='lat' dir='ltr'><strong>examine</strong></span> <span class='ocrx_word' id='word_1_788' title='bbox 2085 3387 2224 3423; x_wconf 87' lang='lat' dir='ltr'><strong>corpus</strong></span> <span class='ocrx_word' id='word_1_789' title='bbox 2237 3374 2282 3411; x_wconf 92' lang='lat' dir='ltr'>iis</span> <span class='ocrx_word' id='word_1_790' title='bbox 2294 3373 2444 3423; x_wconf 88' lang='lat' dir='ltr'><strong>impleri</strong></span> 
     </span>
     <span class='ocr_line' id='line_1_103' title="bbox 1389 3431 2444 3484; baseline -0.001 -14"><span class='ocrx_word' id='word_1_791' title='bbox 1389 3435 1537 3482; x_wconf 85' lang='lat' dir='ltr'><strong>sinens,</strong></span> <span class='ocrx_word' id='word_1_792' title='bbox 1558 3435 1696 3484; x_wconf 91' lang='lat' dir='ltr'><strong>quibus</strong></span> <span class='ocrx_word' id='word_1_793' title='bbox 1714 3433 1814 3470; x_wconf 89' lang='lat' dir='ltr'><strong>vesci</strong></span> <span class='ocrx_word' id='word_1_794' title='bbox 1842 3433 1895 3469; x_wconf 86' lang='lat' dir='ltr'>fas</span> <span class='ocrx_word' id='word_1_795' title='bbox 1923 3440 2000 3479; x_wconf 88' lang='lat' dir='ltr'><strong>est,</strong></span> <span class='ocrx_word' id='word_1_796' title='bbox 2019 3445 2089 3469; x_wconf 89' lang='lat' dir='ltr'>nec</span> <span class='ocrx_word' id='word_1_797' title='bbox 2120 3433 2199 3470; x_wconf 85' lang='lat' dir='ltr'><strong>sine</strong></span> <span class='ocrx_word' id='word_1_798' title='bbox 2227 3431 2444 3469; x_wconf 87' lang='lat' dir='ltr'><strong>discrimine</strong></span> 
     </span>
     <span class='ocr_line' id='line_1_104' title="bbox 1391 3492 2441 3540; baseline -0.004 -10"><span class='ocrx_word' id='word_1_799' title='bbox 1391 3494 1555 3531; x_wconf 88' lang='lat' dir='ltr'><strong>eundem</strong></span> <span class='ocrx_word' id='word_1_800' title='bbox 1572 3495 1713 3530; x_wconf 85' lang='lat' dir='ltr'><strong>victum</strong></span> <span class='ocrx_word' id='word_1_801' title='bbox 1724 3492 1856 3540; x_wconf 85' lang='lat' dir='ltr'><strong>juveni</strong></span> <span class='ocrx_word' id='word_1_802' title='bbox 1877 3499 1914 3528; x_wconf 91' lang='lat' dir='ltr'>et</span> <span class='ocrx_word' id='word_1_803' title='bbox 1931 3493 2032 3537; x_wconf 90' lang='lat' dir='ltr'><strong>seni,</strong></span> <span class='ocrx_word' id='word_1_804' title='bbox 2048 3499 2114 3528; x_wconf 90' lang='lat' dir='ltr'>aut</span> <span class='ocrx_word' id='word_1_805' title='bbox 2127 3504 2220 3529; x_wconf 89' lang='lat' dir='ltr'><strong>sano</strong></span> <span class='ocrx_word' id='word_1_806' title='bbox 2235 3498 2272 3528; x_wconf 91' lang='lat' dir='ltr'>et</span> <span class='ocrx_word' id='word_1_807' title='bbox 2288 3497 2441 3537; x_wconf 81' lang='lat' dir='ltr'><strong>aegroto,</strong></span> 
     </span>
     <span class='ocr_line' id='line_1_105' title="bbox 1393 3548 2444 3601; baseline -0.003 -12"><span class='ocrx_word' id='word_1_808' title='bbox 1393 3560 1459 3589; x_wconf 89' lang='lat' dir='ltr'>aut</span> <span class='ocrx_word' id='word_1_809' title='bbox 1478 3554 1595 3590; x_wconf 87' lang='lat' dir='ltr'><strong>tironi</strong></span> <span class='ocrx_word' id='word_1_810' title='bbox 1615 3554 1653 3589; x_wconf 89' lang='lat' dir='ltr'>in</span> <span class='ocrx_word' id='word_1_811' title='bbox 1672 3551 1915 3601; x_wconf 85' lang='lat' dir='ltr'><strong>philosophia</strong></span> <span class='ocrx_word' id='word_1_812' title='bbox 1931 3559 1969 3588; x_wconf 92' lang='lat' dir='ltr'>et</span> <span class='ocrx_word' id='word_1_813' title='bbox 1986 3552 2069 3587; x_wconf 81' lang='lat' dir='ltr'><strong>viro</strong></span> <span class='ocrx_word' id='word_1_814' title='bbox 2089 3551 2139 3587; x_wconf 86' lang='lat' dir='ltr'>ad</span> <span class='ocrx_word' id='word_1_815' title='bbox 2158 3563 2346 3587; x_wconf 87' lang='lat' dir='ltr'><strong>summum</strong></span> <span class='ocrx_word' id='word_1_816' title='bbox 2363 3548 2444 3597; x_wconf 86' lang='lat' dir='ltr'><strong>ejus</strong></span> 
     </span>
    </p>
   </div>
   <div class='ocr_carea' id='block_1_11' title="bbox 2543 0 2612 2450">
    <p class='ocr_par' dir='ltr' id='par_1_11' title="bbox 2543 0 2612 2450">
     <span class='ocr_line' id='line_1_106' title="bbox 2543 0 2612 2450; baseline 0 -1015"><span class='ocrx_word' id='word_1_817' title='bbox 2543 0 2612 1435; x_wconf 95' lang='lat' dir='ltr'>  </span> <span class='ocrx_word' id='word_1_818' title='bbox 2594 887 2612 2450; x_wconf 95' lang='lat' dir='ltr'>  </span> 
     </span>
    </p>
   </div>
   <div class='ocr_carea' id='block_1_12' title="bbox 2571 855 2594 1471">
    <p class='ocr_par' dir='ltr' id='par_1_12' title="bbox 2571 855 2594 1471">
     <span class='ocr_line' id='line_1_107' title="bbox 2571 855 2594 1471; textangle 90"><span class='ocrx_word' id='word_1_819' title='bbox 2583 1460 2593 1471; x_wconf 59' lang='lat' dir='ltr'>x</span> <span class='ocrx_word' id='word_1_820' title='bbox 2583 1300 2594 1436; x_wconf 31' lang='lat' dir='ltr'>auth-44&lt;</span> <span class='ocrx_word' id='word_1_821' title='bbox 2583 1220 2593 1285; x_wconf 51' lang='grc' dir='ltr'>,μυκ-</span> <span class='ocrx_word' id='word_1_822' title='bbox 2571 889 2593 1202; x_wconf 50' lang='grc' dir='ltr'>ζ)ερό”ε,.ε-ικ.;ο·«.ιὼι-,εεῲ.</span> <span class='ocrx_word' id='word_1_823' title='bbox 2575 855 2579 862; x_wconf 76' lang='grc'><strong>”</strong></span> 
     </span>
    </p>
   </div>
  </div>
 </body>
</html>
