2612 3814
257 261 334 295 520

308 342 393 380 123.
426 342 508 380 Hoc
525 342 651 381 solum
671 341 819 381 bonum
838 352 992 396 putam,
1015 344 1122 396 quod
1143 345 1226 383 Deo
1247 345 1310 383 di—

247 414 364 451 gnum
384 409 455 440 est.

304 470 391 510 124.
422 463 537 510 Quod
560 464 641 503 Deo
660 464 824 516 dignum
839 475 916 514 est,
930 466 1005 505 hoc
1022 475 1060 506 et
1082 468 1172 506 viro
1187 467 1307 507 bono.

1070 259 1227 300 SEXTI
1257 260 1619 303 ENCHlRlDION.

1433 345 1521 385 151.
1553 347 1653 385 Tum
1671 346 1857 399 loquere,
1881 349 2039 400 quando
2058 359 2183 390 tacere
2212 366 2291 392 non
2316 367 2442 407 expe-

1360 404 1444 444 ·dit.
1469 405 1542 458 (Cf.
1560 406 1726 457 Pythag.
1747 422 1810 460 ap.
1830 407 1943 450 Stob.
1960 409 2064 451 Flor.
2082 410 2254 460 XXXIV,
2274 414 2410 468 7—8.)

1433 465 1521 504 152.
1555 465 1612 504 De
1631 465 1779 517 quibus
1807 468 1965 518 ignoras
1995 478 2099 517 tace,
2121 470 2169 509 de
2193 471 2340 522 quibus
2362 486 2439 513 au-

302 524 390 564 125.
421 523 626 576 Quidquid
647 538 727 563 non
748 527 934 565 convenit
953 528 1002 564 ad
1024 526 1307 566 beatitudinem
1374 531 1449 561 tem
1483 533 1612 564 certus
1637 538 1697 573 es,
1721 525 1882 578 loquere
1901 538 2139 581 opportune.
2165 530 2239 581 (Cf.
2269 531 2432 584 Epictet.

244 584 335 630 Dei,
362 598 440 622 non
458 585 668 623 conveniat
683 585 835 624 homini
850 586 934 624 Dei.
948 587 1019 637 (Cf.
1040 587 1240 639 Porpliyr.
1261 587 1309 625 ad
1373 582 1532 624 Enchir.
1552 597 1635 638 cap.
1652 585 1734 639 41.)

242 643 414 684 Marcell.
435 658 521 697 cap.
553 660 567 683 1
582 646 631 696 1.)

302 705 391 745 126.
425 704 480 743 Ea
499 704 618 744 debes
637 705 760 757 velle,
778 719 865 757 quae
879 715 916 744 et
931 706 1036 746 Deus
1053 707 1152 746 vult.

302 778 391 814 127.
426 764 549 803 Filius
571 765 642 803 Dei
660 774 737 813 est,
756 765 824 816 qui
843 765 924 804 haec
945 766 1028 805 sola
1046 767 1219 819 pretiosa
1234 767 1304 805 du·

241 824 316 871 cit,
343 838 430 875 qua:
451 833 488 862 et
509 824 627 862 Deus.

1430 643 1520 684 153.
1552 643 1689 684 Sermo
1709 654 1820 685 extra
1842 655 1994 699 tempus
2022 648 2215 688 indicium
2235 650 2440 691 malitiosae

1371 711 1513 742 mentis
1530 712 1602 745 est.

1428 763 1516 810 154.
1549 763 1595 802 111
1615 774 1811 805 conventu
1832 779 1881 805 ne
1901 776 2052 820 satagas
2070 770 2245 821 primum
2268 770 2411 811 dicere.

1429 822 1514 861 155.
1545 823 1687 864 Melius
1717 834 1776 864 est
1809 826 1917 866 vinci
1952 841 2047 867 vera
2081 828 2298 879 dicentem,
2320 844 2437 883 quam

298 887 387 925 128,
421 886 556 923 Donec
598 885 638 923 in
687 885 897 924 desideriis
931 895 989 925 est
1026 900 1141 934 earo,
1176 887 1307 925 anima
1368 882 1527 922 vincere
1544 885 1813 925 mentientem.
1833 886 1965 939 (conf.
1982 888 2180 940 Porphyr.
2198 890 2246 929 ad
2261 890 2436 932 Marcell.

238 946 393 995 ignorat
437 945 579 985 Deum.
626 944 753 998 (Conf.
790 945 987 998 Porpliyr.
1034 947 1081 985 ad
1129 946 1302 986 Marcell.

237 1018 281 1050 ca
296 1019 323 1043 ).
357 1004 435 1056 13.)

286 1019 385 1116 Ι129.
428 1063 636 1116 Cupiditas
679 1064 908 1117 possidendi
962 1067 1075 1117 origo
1127 1067 1304 1106 avaritia:

235 1132 308 1163 est.
530 1164 532 1166 ,

296 1183 385 1222 130.
419 1182 476 1221 Ex
503 1184 566 1223 sui
593 1184 719 1236 ipsius
744 1198 878 1224 amore
899 1185 1091 1237 injustitia
1111 1186 1300 1226 nascitur.

296 1243 384 1283 131.
416 1242 570 1295 Corpus
603 1244 745 1283 animae
779 1245 985 1284 molestum
1023 1258 1104 1284 non
1138 1255 1300 1295 natura,

233 1301 302 1339 scd
318 1310 518 1353 peccatum
539 1303 646 1342 fecit.

294 1361 383 1398 132.
417 1360 541 1400 Omne
563 1361 670 1413 quod
693 1361 846 1400 homini
867 1362 956 1414 plus
985 1371 1064 1415 est,
1089 1376 1205 1415 quam
1234 1378 1303 1403 ne-

234 1432 341 1459 cesse
359 1428 434 1469 est,
455 1421 658 1459 inimicum
679 1430 737 1460 est
752 1422 803 1462 ei.

296 1481 385 1520 133.
417 1479 494 1527 Qui
515 1490 638 1532 amat,
658 1482 765 1533 quod
785 1496 864 1520 11011
885 1483 1067 1535 expedit,
1086 1497 1164 1522 non
1188 1497 1301 1523 ama—

233 1537 312 1590 bit,
335 1540 442 1591 quod
467 1541 640 1592 expedit.

295 1600 384 1646 134.
417 1600 582 1652 Sapiens
603 1601 738 1640 verbis
759 1601 969 1641 innotescit
984 1603 1135 1654 paucis.

293 1660 382 1700 135.
414 1660 492 1707 Qui
513 1661 641 1700 studet
656 1662 740 1710 his,
758 1675 845 1713 quae
861 1676 942 1700 non
959 1671 1050 1701 sunt
1065 1664 1171 1701 bona
1184 1693 1194 1711 ,
1210 1677 1299 1703 eum

235 1720 411 1759 latebunt
428 1735 515 1773 quae
530 1732 620 1761 511111
634 1721 752 1762 bona.

292 1782 378 1821 136.
410 1780 573 1834 Semper
591 1782 695 1834 apud
718 1782 843 1821 Deum
875 1796 986 1822 mens
1007 1792 1067 1823 est
1093 1785 1297 1838 sapientis.

235 1840 307 1894 (Cf.
330 1841 531 1894 Porphyr.
548 1842 597 1881 ad
618 1842 740 1882 Marc.
767 1856 855 1895 cap.
885 1842 963 1896 16.)

290 1902 376 1949 137.
407 1901 605 1954 Sapientis
623 1907 792 1943 mentem
804 1896 918 1942 'Deus
937 1902 1144 1945 inhabitat.
1170 1904 1298 1959 (Conf.

232 1959 457 2012 Demophil.
479 1970 577 2002 sent.
597 1961 646 2007 45
665 1964 676 2014 )

290 2021 380 2061 138.
413 2020 671 2074 Inexplebilis
698 2031 757 2062 est
785 2023 916 2062 omnis
944 2024 1166 2076 cupiditas,
1200 2039 1301 2078 pro—

231 2087 365 2131 pterea
380 2088 418 2119 et
439 2093 594 2133 semper
611 2082 778 2133 indiget.

290 2141 378 2191 139.
411 2140 576 2193 Sapiens
592 2155 748 2195 semper
767 2142 912 2182 similis
928 2152 986 2183 est
1000 2144 1093 2184 sibi.

288 2206 376 2245 140.
407 2199 564 2240 Sufficit
583 2202 632 2240 ad
654 2202 936 2242 beatitudinem
965 2205 1116 2254 agnitio
1139 2205 1212 2244 Dei
1241 2219 1298 2244 so-

229 2259 307 2301 lius
327 2269 366 2299 et
385 2261 568 2302 imitatio.

289 2325 376 2365 141.
407 2319 521 2360 Μ3115
533 2322 603 2373 qui
620 2322 814 2372 adulatur,
828 2324 985 2375 pejores
1002 2337 1068 2363 eos
1091 2325 1196 2366 facit.
1222 2326 1296 2379 (Cf.

228 2376 335 2418 Sent.
359 2379 477 2430 Pyth.
502 2380 586 2434 27.)

288 2443 378 2483 142.
412 2438 680 2481 Intolerabilis
705 2443 748 2481 fit
777 2443 946 2494 malitia,
979 2458 1066 2483 cum
1099 2445 1294 2487 laudatur.

229 2496 360 2548 (Conf.
383 2498 599 2542 Democrit.
626 2502 766 2553 fragm.
785 2517 893 2556 spur.
913 2503 991 2557 10.)

290 2559 381 2602 143.
414 2558 568 2610 Lingua
590 2571 656 2602 tua
677 2576 835 2603 sensum
865 2572 975 2603 tuum
1002 2575 1197 2617 sequatur.
1222 2566 1294 2622 (Cf.

230 2615 431 2670 Porphyr.
454 2619 503 2657 ad
523 2620 645 2662 Marc.
666 2636 753 2675 cap.
781 2622 858 2676 14.)

289 2682 377 2773 1144.
408 2677 549 2719 Melius
568 2691 626 2721 est
653 2683 824 2736 lapidem
843 2684 986 2724 frustra
1005 2684 1160 2737 jacere,
1179 2701 1296 2739 quam

231 2747 298 2773 ver
329 2749 411 2777 11111.

284 2794 471 2834 Delibera
488 2807 694 2850 antequam
711 2801 835 2850 dicas,
846 2815 909 2850 ne,
923 2815 1012 2853 quae
1023 2816 1103 2841 non
1120 2805 1294 2857 expedit,

228 2852 348 2895 dicas.
368 2853 496 2894 Verba
527 2857 613 2896 sine
648 2873 766 2899 sensu
799 2861 1030 2913 opprobria.
1065 2863 1138 2916 (Cf.
1167 2863 1295 2906 Simil.

229 2911 346 2963 Pyth..
370 2920 460 2963 1043
477 2915 628 2972 Porph.
649 2920 700 2957 ad
719 2919 842 2960 Marc.
866 2934 950 2973 cap.
983 2927 1046 2969 14;
1073 2923 1294 2977 Demophil.

229 2981 327 3015 sent.
348 2972 398 3028 5.)

289 3032 378 3077 145.
411 3033 637 3076 Verbositas
655 3051 734 3077 non
754 3039 916 3090 effugiet
933 3051 1148 3093 peccatum.

288 3094 378 3139 146.
409 3097 548 3135 Brevis
577 3106 637 3136 est
664 3098 706 3136 in
739 3099 990 3140 sermonibus
1018 3103 1191 3155 sapiens.
1219 3104 1292 3158 (Cf.

227 3149 338 3190 Stob.
360 3153 463 3193 Flor.
483 3154 641 3208 XXXV,
659 3162 680 3202 4
698 3166 735 3196 01
753 3159 803 3210 8.)

289 3218 375 3261 147.
406 3213 603 3255 Ῑ111110111111
626 3217 837 3270 imperitiae
855 3219 972 3271 longa
991 3223 1179 3264 narratio.

289 3273 379 3318 148.
409 3271 620 3314 Veritatem
640 3276 772 3327 dilige.

289 3338 378 3384 149.
410 3333 614 3374 Mendacio
646 3345 831 3388 tanquam
869 3351 1021 3379 veneno
1059 3349 1184 3382 utere.
1223 3341 1294 3393 (Cf.

230 3389 343 3430 Plato
363 3393 412 3431 de
433 3393 591 3445 republ.
617 3394 690 3436 lib.
717 3396 775 3434 Ili
793 3410 882 3449 cap.
907 3398 956 3451 3.)

255 3509 262 3516 .
291 3451 379 3493 150.
412 3453 513 3492 Ante
542 3455 676 3494 omnia
708 3465 861 3510 tempus
893 3459 1029 3504 verbis
1061 3460 1139 3500 tuis
1161 3462 1297 3514 requi-

232 3518 322 3550 rito.
357 3542 362 3548 .

1368 956 1455 995 cap.
1481 945 1556 996 14.)

1426 1003 1514 1042 156.
1548 1004 1662 1044 Fides
1679 1013 1788 1044 actus
1807 1013 1893 1044 tuos
1913 1019 2050 1045 omnes
2067 1008 2274 1059 praecedat.

1425 1063 1514 1112 157.
1543 1063 1745 1117 Sapientia
1765 1066 1936 1105 animam
1954 1067 2134 1119 perducit
2154 1069 2206 1107 ad
2224 1068 2366 1110 Deum.

1425 1123 1515 1164 158.
1547 1125 1654 1164 Ν11111
1684 1134 1760 1164 tam
1796 1127 2053 1166 vernaculum
2084 1128 2288 1180 sapientiae
2319 1143 2436 1182 quam

1367 1185 1526 1225 veritas.
2343 1198 2348 1202 '

1424 1260 1437 1283 1
1448 1246 1513 1298 59.
1546 1246 1754 1299 Nunquam
1778 1255 1906 1300 potest
1922 1247 2053 1286 anima
2068 1247 2175 1287 bona
2189 1250 2437 1290 mendacium

1364 1305 1546 1356 diligere.

1423 1367 1510 1406 160.
1542 1366 1669 1404 Pravo
1706 1375 1745 1405 et
1778 1367 1956 1419 pessimo
1985 1367 2146 1419 ingenio
2179 1368 2274 1408 fides
2308 1371 2438 1410 aliena

1364 1433 1438 1466 est-

1426 1486 1514 1526 161.
1548 1485 1694 1525 Fidelis
1713 1485 1832 1524 homo
1865 1486 2001 1525 audire
2032 1500 2120 1538 quae
2157 1496 2309 1539 oportet
2331 1499 2437 1529 amat

1365 1546 1510 1596 magis,
1534 1559 1651 1597 quam
1674 1546 1807 1584 dicere
1827 1559 1914 1598 quae
1933 1559 2014 1585 non
2031 1555 2199 1598 oportet.

1424 1607 1513 1646 162.
1544 1605 1615 1644 Vir
1636 1605 1875 1644 libidinosus
1898 1606 1947 1645 ad
1969 1607 2103 1645 omnia
2123 1607 2277 1646 inutilis
2293 1617 2366 1649 est.

1424 1666 1513 1706 163.
1546 1665 1916 1716 Irrepreliensibilis
1946 1665 1988 1704 in
2017 1664 2151 1704 verbis
2174 1667 2311 1706 unitur
2330 1667 2430 1707 Deo.

1424 1726 1514 1770 164.
1546 1725 1713 1765 Peccata
1735 1725 1972 1764 discentium
1993 1724 2212 1778 opprobria
2235 1735 2327 1765 sunt
2355 1727 2433 1766 do-
2492 1767 2496 1770 ,

1365 1796 1532 1826 ciorum.
1942 1784 1947 1789 ’
2100 1820 2104 1822 .

1422 1845 1510 1886 165.
1541 1845 1689 1885 Mortui
1721 1855 1813 1885 sunt
1844 1847 1948 1899 apud
1969 1846 2119 1899 Deum,
2139 1860 2212 1899 per
2231 1861 2331 1900 quos
2358 1861 2434 1887 no-

1364 1919 1452 1944 men
1473 1906 1546 1945 Dei
1567 1906 1831 1948 maledicitur.

1422 1967 1512 2006 166.
1544 1966 1710 2019 Sapiens
1731 1967 1850 2005 homo
1870 1967 2070 2006 beneficus
2089 1976 2179 2020 post
2192 1970 2332 2007 Deum.

1422 2027 1510 2074 167.
1539 2025 1746 2065 Sermones
1775 2027 1832 2065 tui
1864 2027 1987 2065 vitam
2020 2036 2126 2066 tuam
2159 2026 2434 2067 commendent

1363 2085 1630 2126 auditoribus.

1422 2146 1509 2185 168.
1541 2145 1658 2192 Quod
1679 2145 1767 2185 fieri
1788 2159 1867 2184 non
1885 2145 2015 2194 decet,
2035 2147 2164 2198 neque
2180 2146 2221 2184 in
2235 2147 2432 2199 suspicio-

1363 2219 1451 2244 nem
1472 2206 1629 2255 veniat,
1652 2206 1763 2258 quasi
1786 2205 1827 2245 id
1849 2206 1997 2245 feceris.

1422 2267 1510 2317 169.
1543 2265 1658 2312 Quod
1678 2265 1759 2317 pati
1780 2278 1859 2303 non
1877 2265 1940 2303 vis
1964 2264 2013 2303 ab
2037 2265 2135 2313 alio,
2158 2278 2286 2316 neque
2306 2265 2347 2304 id
2369 2265 2432 2304 fa-

1362 2326 1454 2365 cias.

1423 2399 1510 2435 170.
1543 2384 1639 2432 Quae
1673 2384 1748 2424 tibi
1783 2385 1909 2423 facere
1939 2392 1997 2423 est
2029 2392 2165 2435 turpe,
2183 2383 2266 2422 haec
2285 2392 2324 2422 et
2341 2383 2431 2423 aliis

1364 2446 1560 2497 imperare
1584 2445 1760 2484 facienda
1777 2444 2050 2497 turpissimum
2067 2452 2140 2483 est.
2275 2443 2277 2446 ’

1424 2519 1510 2554 171.
1542 2504 1668 2544 Etiam
1687 2505 1729 2543 in
1747 2503 2056 2555 cogitationibus
2074 2505 2148 2542 tuis
2169 2502 2339 2542 mundus
2351 2511 2431 2542 esto

1363 2578 1385 2603 a
1404 2573 1578 2617 peccato.

1419 2639 1508 2673 172.
1541 2624 1640 2663 Cum
1672 2637 1797 2676 praees
1822 2623 2076 2674 hominibus,
2101 2630 2296 2661 memento
2323 2622 2429 2673 quod

1359 2695 1397 2724 et
1420 2685 1493 2724 tibi
1515 2693 1655 2737 praeest
1676 2685 1795 2725 Deus.

1419 2745 1509 2792 173.
1541 2743 1761 2783 Vindictam
1795 2755 1983 2782 exercens
2011 2741 2110 2782 scito
2139 2740 2233 2792 quia
2253 2749 2291 2779 et
2315 2735 2429 2792 judi-
2487 2747 2495 2753 ⁴

1359 2805 1461 2843 ceris
1482 2818 1505 2843 a
1522 2804 1615 2843 Deo.

1419 2879 1432 2901 1
1443 2869 1508 2912 74.
1539 2863 1616 2915 Maj
1623 2877 1668 2903 us
1676 2872 1733 2903 est
1743 2862 1961 2916 periculum
1966 2861 2198 2913 judicantis,
2211 2873 2328 2912 quam
2338 2859 2426 2912 ejus

1359 2925 1429 2975 qui
1447 2924 1664 2976 judicatur.
2065 2924 2075 2932 ⁸

1419 2983 1509 3033 175.
1541 2984 1686 3024 Levius
1705 2992 1763 3022 est
1779 2995 1896 3022 omne
1915 2981 2061 3021 vulnus
2091 2993 2208 3032 quam
2241 2978 2423 3019 verbum.

1359 3043 1438 3097 (Cf.
1466 3044 1595 3084 Simil.
1617 3043 1733 3095 Pyth.
1760 3040 1863 3095 111.)

1418 3105 1507 3153 176.
1538 3104 1736 3143 Ρο55111110
1751 3111 1809 3142 051
1825 3101 1949 3141 verbo
1971 3100 2106 3139 fallere
2119 3099 2300 3138 homines
2312 3127 2324 3147 ,
2342 3112 2424 3138 non

1359 3173 1488 3204 autem
1514 3164 1655 3205 Deum.

1418 3239 1431 3261 1
1442 3238 1505 3273 77.
1534 3222 1621 3262 Non
1639 3230 1751 3275 putes
1769 3221 1911 3259 malum
1925 3248 1936 3267 ‚
1949 3219 1983 3258 si
1999 3228 2077 3257 tum
2091 3248 2101 3265 ‚
2116 3233 2203 3257 cum
2223 3218 2423 3257 veritatem

1358 3284 1480 3330 scias,
1506 3283 1679 3335 culparis
1699 3284 1742 3322 in
1763 3280 1898 3320 verbo.

1418 3343 1506 3392 178.
1538 3342 1640 3381 Μ310
1679 3341 1824 3381 sentire
1867 3339 1916 3378 de
1956 3338 2033 3377 fide
2074 3351 2184 3376 amor
2224 3337 2423 3389 jactantiae

1359 3403 1464 3443 facit.

1417 3476 1507 3512 179.
1540 3460 1686 3500 Fidelis
1707 3472 1792 3499 esse
1820 3457 1944 3509 magis
1964 3471 2081 3510 quam
2109 3456 2260 3496 videris
2289 3454 2416 3495 stude.

1360 3520 1431 3572 (Cf.
1457 3521 1668 3560 Democrit.
1691 3519 1830 3571 fragm.
1854 3531 1955 3558 mor.
1980 3517 2087 3568 114.)
