2612 3814
869 222 1962 340 ΑΝΑΞΙΜΑΝΔΡΟΥ

1054 439 1774 510 ΑΠΟΣΠΑΣΜΑΤΙΑ.

358 748 389 775 1.
408 734 571 774 Ἀπαντα
600 730 669 785 γὰρ
687 729 710 776 ἢ
737 727 831 782 ἀρχὴ
852 727 874 774 ἢ
892 727 926 771 ἐξ
947 727 1077 780 ἀρχῆς·
1096 726 1157 763 τοῦ
1185 722 1220 761 δὲ
1239 720 1384 774 ἀπείρου

412 795 476 833 οὐκ
497 792 589 830 ἔστιν
613 789 706 843 ἀρχή
720 804 728 812 ·
746 787 800 836 εἴη
821 786 888 839 γὰρ
910 785 951 824 ἂν
984 786 1090 823 αὐτοῦ
1109 782 1231 836 πέρας.
1265 779 1319 819 ἔτι
1349 779 1384 819 δὲ

412 851 472 892 καὶ
493 849 658 903 ἀγένητον
679 848 739 887 καὶ
759 841 957 900 ιῖφθαρτον,
976 846 1023 888 ὡς
1043 842 1136 896 ἀρχή
1155 858 1206 886 τις
1226 834 1332 879 οὖσά·
1347 838 1387 878 τό

412 927 450 950 τε
467 910 535 964 γὰρ
559 908 744 962 γενόμενον
777 905 914 957 ἀνάγκη
936 904 1035 948 τέλος
1066 901 1211 949 λαὸεῖν,
1236 899 1298 939 καὶ
1329 914 1387 938 τε·

414 969 521 1018 λευτὴ
546 968 663 1015 πάσης
692 966 765 1005 ἐστὶ
786 968 926 1019 φθορᾶς.
960 962 1013 1002 διὸ
1032 961 1192 1014 καθάπερ
1211 959 1361 1011 λέγομεν
1374 987 1385 1009 ‚

365 1067 370 1071 .
413 1032 451 1070 οὔ
470 1028 600 1075 ταύτης
625 1026 738 1080 ἀρχή,
760 1024 837 1064 ἀλλ’
851 1022 940 1072 αὕτη
957 1024 1026 1061 τῶν
1045 1021 1162 1060 ἄλλων
1182 1014 1271 1059 εἶναι
1293 1020 1388 1076 δοκεῖ

412 1088 472 1128 καὶ
487 1087 729 1141 περιέχειν
752 1084 936 1124 ἅπαντα
962 1082 1036 1122 καὶ
1061 1080 1210 1120 πάντα
1231 1078 1388 1132 κυὸερ-

411 1154 509 1197 νᾶν,
529 1146 575 1191 ὥς
591 1161 699 1200 φασιν
723 1144 801 1185 ὅσοι
818 1143 868 1195 μὴ
890 1146 1030 1182 ποιοῦσι
1049 1140 1148 1195 παρὰ
1179 1139 1221 1179 τὸ
1245 1139 1389 1191 ἄπειρον

413 1207 520 1251 ἄλλας
539 1205 653 1250 αἰτίας
666 1235 678 1254 ,
703 1197 786 1244 ofer>
801 1207 882 1243 νοῧν
905 1202 928 1250 ἢ
946 1202 1063 1257 φιλίαν
1076 1232 1086 1250 ,
1105 1203 1168 1240 καὶ
1192 1201 1287 1238 τοῦτ’
1304 1191 1391 1237 εἶναι

412 1265 452 1305 τὸ
471 1269 576 1304 Θεῑον·
595 1263 822 1303 ἀθάνατον
846 1261 933 1315 γὰρ
953 1259 1032 1300 καὶ
1051 1259 1326 1311 ἀνώλεθρον,
1347 1255 1394 1301 ὥς

413 1341 519 1380 φησιν
535 1326 554 1363 ὁ
573 1322 841 1375 Ἀναξίμανδρος
864 1323 924 1360 καὶ
946 1323 977 1361 οἱ
998 1323 1158 1361 πλεῖστοι
1177 1321 1246 1358 τῶν
1268 1332 1393 1372 φυσιο-

412 1385 541 1438 λόγων.

470 1452 725 1509 (Aristoteles
759 1452 880 1504 Phys.
920 1451 994 1499 111,
1036 1456 1072 1497 ί..
1114 1450 1189 1489 Hic
1227 1451 1305 1494 νοῦς
1342 1448 1389 1486 ad

413 1517 704 1564 Anaxagoram,
720 1511 817 1564 φιλία
837 1511 885 1550 ad
906 1510 1181 1563 Empedoclem
1208 1509 1390 1547 refertur.

414 1573 471 1612 Cf.
504 1573 687 1623 Origines
717 1570 946 1623 Philosoph.
975 1584 1015 1622 p.
1049 1584 1091 1608 11
1121 1569 1183 1608 ed.
1214 1568 1391 1609 Miller.:

413 1627 524 1677 Οὗτος
542 1633 575 1685 [ὁ
589 1630 869 1684 Ἀναξίμανδρος]
887 1627 998 1683 ἀρχὴν
1008 1628 1074 1683 ἔφη
1085 1631 1153 1667 τῶν
1167 1627 1276 1668 ὄντων
1292 1626 1394 1682 φύσιν

418 1691 495 1731 τινὰ
530 1694 591 1730 τοῦ
624 1689 791 1743 ἀπείρου,
813 1688 848 1734 ἐξ
866 1683 908 1737 ἧς
927 1687 1108 1741 γίγνεσθαι
1123 1687 1201 1731 τοὺς
1230 1687 1396 1741 οὐρανοὺς

414 1751 474 1791 καὶ
506 1750 565 1790 τὸν
587 1751 622 1790 ἐν
657 1750 773 1793 αὐτοῖς
797 1747 928 1799 κόσμον
956 1749 1043 1800 (Jeg.
1060 1762 1147 1787 cum
1172 1748 1322 1787 Rittero
1335 1748 1396 1786 καὶ

415 1811 494 1856 τοὺς
507 1810 688 1862 κόσμους).
714 1807 845 1858 ταύτην
861 1808 891 1848 δ’
905 1805 1013 1848 ἀΐδιον
1026 1802 1189 1847 εἶναικαὶ
1209 1807 1396 1861 ἀγήρω,ἣν

415 1871 476 1910 καὶ
512 1870 647 1915 πάντας
677 1868 853 1923 περιέχειν
885 1867 965 1913 τοὺς
996 1867 1212 1919 κόσμους....
1243 1869 1331 1921 πρὸς
1360 1867 1396 1908 δὲ

416 1929 529 1983 τούτῳ
559 1928 695 1979 κίνησιν
723 1925 834 1968 ἀΐδιον
867 1921 982 1980 εἶναι,
1008 1929 1043 1967 ἐν
1070 1923 1095 1981 ᾗ
1122 1926 1311 1980 συμὸαίνει
1339 1927 1397 1980 γί-

421 1992 564 2041 γνεσθαι
579 1988 658 2033 τοὺς
677 1986 879 2041 οὐρανούς.)

365 2073 395 2099 ².
422 2058 736 2111 Ἀναξίμανδρος...
756 2057 871 2112 ἀρχήν
902 2072 939 2096 τε
972 2056 1034 2096 καὶ
1064 2062 1239 2110 στοιχεῖον
1275 2056 1395 2110 εἴρηκε

419 2121 487 2157 τῶν
509 2117 619 2157 ὄντων
641 2116 681 2156 τὸ
701 2116 868 2171 ἄπειρον,
888 2118 1027 2168 πρῶτος
1046 2120 1148 2155 τοῦτο
1164 2115 1320 2168 τοῦνομα
1335 2133 1396 2156 κο-

422 2177 527 2228 μίσας
547 2179 610 2224 τῆς
630 2178 758 2230 ἀρχῆς.
780 2176 876 2228 λέγει
894 2176 924 2215 δ’
941 2175 1051 2224 αὐτὴν
1073 2176 1164 2226 μήτε
1190 2175 1284 2228 ὕδωρ
1305 2176 1395 2225 μήτε

386 2293 413 2322 l.
430 2289 547 2323 Omnia
564 2288 651 2322 enim
667 2297 743 2330 quae
760 2289 889 2321 exstant
905 2289 961 2320 aut
975 2287 1167 2329 principium
1190 2290 1287 2329 sunt,
1304 2290 1361 2322 aut
1378 2297 1397 2322 e

342 2348 498 2390 principio
516 2349 587 2380 orta
606 2360 614 2380 ε
635 2346 751 2380 infiniti
782 2348 892 2379 autem
915 2354 980 2379 non
1000 2347 1050 2379 est
1076 2346 1292 2388 principium3
1314 2347 1399 2380 esset

343 2406 428 2438 enirn
442 2405 511 2446 ejus
525 2405 608 2438 finis.
624 2407 782 2438 Praeterea
799 2405 831 2437 id
851 2413 955 2446 neque
970 2405 1115 2446 genitum
1133 2414 1239 2447 neque
1253 2405 1398 2438 interitu·

346 2474 418 2497 rum
434 2473 503 2498 ωδε
512 2464 672 2505 convenit,
684 2465 758 2505 quia
774 2463 968 2505 principium
981 2464 1041 2496 est.
1051 2464 1179 2497 Etenim
1190 2464 1278 2506 quod
1289 2452 1398 2497 ortum

347 2523 468 2564 habuit,
484 2523 516 2556 id
537 2523 635 2556 tinem
655 2523 798 2556 inveniat
810 2531 940 2556 necesse
955 2524 1028 2563 est,
1044 2524 1142 2564 atque
1159 2523 1266 2556 omnis
1286 2532 1398 2557 corru-

348 2581 466 2623 ptionis
496 2582 626 2623 quidam
655 2586 704 2615 est
721 2583 890 2615 terminus.
913 2583 1157 2624 Quamobrem,
1181 2586 1218 2616 ut
1244 2583 1398 2625 dicimus,

348 2649 411 2673 non
427 2640 526 2681 liujus
541 2640 732 2681 principium
748 2645 816 2682 est,
833 2641 889 2674 sed
902 2641 964 2674 hoc
979 2644 1171 2675 caeterorum
1187 2641 1317 2675 videtur
1333 2650 1402 2676 ωδε

349 2698 544 2739 principium
565 2701 595 2731 et
624 2700 802 2732 concinere
821 2701 939 2732 omnia
959 2705 1157 2742 cunctaque
1181 2699 1400 2741 qubernare,

351 2757 439 2798 quod
452 2757 561 2799 ipsum
581 2757 742 2790 affirmant
759 2758 944 2800 quicunque
966 2768 1032 2792 non
1051 2759 1129 2792 alias
1155 2767 1268 2792 causas
1286 2760 1403 2800 praeter

350 2816 512 2849 inlinitum
526 2817 668 2858 faciunt,
684 2819 771 2851 velut
784 2820 925 2851 mentem
939 2821 996 2852 aut
1007 2820 1195 2860 amicitiam,
1212 2822 1245 2853 et
1258 2820 1321 2852 hoc
1335 2828 1404 2852 esse

352 2875 509 2909 divinum.
539 2879 602 2910 Est
630 2879 722 2909 enim
747 2879 946 2912 immortale
989 2882 1024 2914 et
1059 2882 1228 2914 interitus
1259 2888 1382 2922 expers
1393 2904 1403 2920 ‚

352 2934 628 2976 quemadmodum
677 2936 915 2970 Anaximander
949 2941 982 2971 et
1011 2939 1219 2981 physicorum
1263 2940 1407 2981 plerique

352 2991 474 3026 dicunt.

395 3056 426 3084 2.
446 3050 687 3084 Anaximander
703 3058 811 3084 rerum
830 3053 1022 3094 principium
1033 3057 1132 3102 atq-ue
1147 3055 1342 3087 elementum
1357 3055 1408 3087 in-

1415 1059 1424 1251 Ι

1419 1531 1429 2219 ——ma

1529 716 1618 755 ἄλλο
1650 730 1686 755 τι
1706 716 1775 754 τῶν
1799 714 2029 765 καλουμένων
2062 707 2154 753 εἶναι
2191 711 2404 767 στοιχείων,
2434 711 2517 752 ἀλλ’

1535 775 1660 831 ἑτέραν
1679 775 1758 815 τινὰ
1783 775 1887 830 φύσιν
1910 773 2055 828 ἄπειρον
2071 804 2082 823 ,
2101 773 2137 820 ἐξ
2157 767 2200 822 ἧς
2221 772 2383 819 ἅπαντας
2397 771 2515 826 γίγν..
2580 746 2601 785 3⁵⁷³

1531 841 1615 876 σθαι
1635 835 1716 880 τοὺς
1736 832 1903 888 οὐρανοὺς
1923 833 1982 873 καὶ
1999 833 2079 878 τοὺς
2094 836 2130 873 ἐν
2154 834 2269 878 αὐτοῖς
2288 831 2463 886 κόσμους·
2480 831 2517 879 ἐξ

1531 891 1580 936 ὧν
1601 896 1638 936 δὲ
1657 898 1681 944 ἠ
1698 893 1834 948 γένεσίς
1850 896 1926 934 ἐστι
1949 898 2023 938 τοῖς
2039 888 2135 942 οὖσι,
2159 893 2221 933 καὶ
2236 890 2299 941 τὴν
2319 890 2452 948 φθορὰν
2468 892 2518 936 εἷς

1532 954 1645 995 ταύτὰ
1661 954 1842 1007 γίγνεσθαι
1855 952 1972 993 κατὰ
1992 952 2039 992 τὸ
2058 969 2084 1006 χ
2097 951 2223 1006 ρεών·
2241 950 2418 991 διδόναι
2432 949 2518 1005 γὰρ

1534 1014 1643 1055 αὐτὰ
1658 1014 1778 1054 τίσιν
1796 1013 2019 1062 καὶδίκην
2038 1016 2119 1061 τῆς
2136 1011 2326 1057 ἀδικίας
2341 1009 2437 1052 κατὰ
2451 1009 2518 1059 τὴν

1534 1080 1595 1115 τοῦ
1619 1076 1749 1129 χρόνου
1770 1074 1891 1127 τάξιν,
1913 1072 2203 1127 ποιητικωτέροις
2238 1071 2407 1125 ὀνόμασιν
2427 1070 2519 1112 αὖτὰ

1533 1134 1665 1187 λέγων.
1693 1135 1801 1182 δῆλον
1833 1134 1869 1174 δὲ
1891 1134 1947 1174 ὅτι
1974 1133 2039 1182 τὴν
2066 1135 2114 1177 εἰς
2139 1131 2279 1181 ἄλληλα
2315 1130 2518 1184 μεταὸολὴν

1536 1196 1607 1233 τῶν
1642 1194 1827 1248 τεσσάρων
1866 1194 2053 1248 στοιχείων
2083 1186 2184 1238 οὗτος
2217 1191 2436 1251 θεασάμενος
2454 1192 2521 1232 οὐκ

1536 1254 1685 1302 ἠξίωσεν
1707 1254 1744 1294 ἕν
1776 1270 1811 1293 τι
1831 1253 1965 1295 τούτων
1986 1252 2216 1305 ὑποκείμενον
2235 1254 2405 1302 ποιῆσαι,
2426 1252 2523 1293 ἄλλά

1536 1330 1572 1353 τι
1589 1314 1678 1354 ἄλλο
1691 1313 1790 1367 παρὰ
1804 1319 1934 1355 ταῦτα.
1947 1309 2048 1359 οὗτος
2064 1313 2101 1354 δὲ
2112 1314 2177 1353 οὔκ
2191 1311 2448 1365 ἀλλοιουμένου
2458 1315 2520 1353 τοῦ

1537 1373 1715 1427 στοιχείου
1737 1374 1802 1422 τὴν
1822 1373 1958 1426 γένεσιν
1989 1378 2106 1426 ποιεῖ,
2132 1373 2213 1413 ἀλλ’
2233 1371 2521 1426 ἀποκρινομένων

1537 1435 1607 1472 τῶν
1626 1433 1794 1473 ἐναντίων
1810 1433 1868 1472 διὰ
1881 1436 1944 1483 τῆς
1959 1433 2074 1474 ἀϊδίου
2096 1433 2286 1482 κινήσεως·
2301 1431 2354 1473 διὸ
2372 1430 2434 1472 καὶ
2450 1436 2522 1476 τοῖς

1538 1492 1620 1546 περὶ
1654 1492 1893 1547 Ἀναξαγόραν
1928 1496 2053 1534 τοῦτον
2082 1494 2101 1532 δ
2140 1491 2386 1546 Ἀριστοτέλης
2424 1490 2525 1531 συνέ-

1536 1554 1652 1599 ταξεν.

1540 1683 1559 1721 f
1581 1623 1859 1737 l(Simp)licius
1889 1614 2107 1662 Comment.
2140 1621 2183 1661 in
2214 1621 2381 1663 Aristot.
2400 1620 2521 1673 Phys.

1555 1697 1578 1722 o
1598 1714 1607 1723 .
1631 1684 1667 1722 6.
1685 1697 1718 1723 a.

1488 1762 1520 1789 a.
1544 1748 1719 1794 Ἐνούσας
1737 1748 1807 1804 γὰρ
1826 1748 1890 1794 τὰς
1909 1747 2157 1796 ἐναντιότητας
2176 1749 2214 1786 ἐν
2231 1749 2284 1801 τῷ
2303 1745 2526 1800 ὑποκειμένῳ

1540 1809 1680 1863 ἀπείρῳ
1692 1839 1704 1861 ‚
1720 1808 1794 1849 ὄντι
1812 1809 1849 1848 δὲ
1865 1808 2031 1861 σώματι,
2053 1805 2278 1861 ἐκκρίνεσθαί
2293 1822 2399 1861 φησιν
2420 1806 2525 1850 Ἀνα-

1542 1867 1747 1922 ξίμανδρος,
1761 1872 1901 1923 πρῶτος
1919 1868 2022 1914 αὐτὸς
2043 1867 2157 1922 ἀρχὴν
2174 1865 2355 1920 ὀνομάσας
2373 1865 2415 1905 τὸ
2438 1867 2526 1906 ὕπο·

1541 1928 1716 1980 κείμενον.
1760 1918 2002 1977 ἐναντιότητες
2034 1929 2071 1967 δέ
2099 1929 2168 1967 εἶσι
2208 1926 2336 1981 θερμὸν
2371 1926 2526 1981 ψυχρόν,

1542 1988 1645 2042 ξηρὸν
1662 1989 1764 2043 ὑγρὸν
1780 1989 1841 2029 καὶ
1859 1990 1902 2038 αἱ.
1911 1989 2033 2028 ἄλλαι.
2475 2006 2486 2014 ’

1598 2060 1609 2113 (
1630 2060 1860 2113 Simplicius
1880 2060 1922 2099 in
1946 2058 2172 2098 Aristotelis
2191 2057 2313 2110 Phys.
2331 2056 2398 2096 sol.
2416 2057 2468 2096 32
2485 2054 2525 2095 b.

1539 2117 1615 2157 ὄντι
1644 2117 1682 2157 δὲ
1713 2118 1854 2170 σώματι
1884 2132 1971 2158 cum
2006 2118 2183 2157 Prellero
2216 2117 2387 2170 scripsi3
2417 2117 2525 2167 vulg.

1539 2177 1613 2216 ὄντι
1633 2177 1841 2230 ἀσώματι.)

1459 2289 1664 2332 appellantur
1680 2297 1769 2329 esse,
1787 2288 1844 2321 sed
1864 2288 1960 2320 aliam
1978 2287 2142 2330 quandam
2163 2289 2316 2320 naturam
2332 2286 2493 2320 infinitam
2508 2295 2528 2320 e

1461 2356 1526 2388 qua
1551 2347 1625 2380 coeli
1650 2355 1764 2380 omnes
1784 2346 1965 2388 mundique
1982 2346 2089 2388 quiin
2116 2346 2180 2379 illis
2202 2349 2279 2379 sunt
2303 2346 2493 2388 gignentum
2509 2354 2530 2380 e

1461 2404 1582 2447 quibus
1598 2414 1676 2438 vero
1694 2405 1840 2438 oriantur
1855 2413 1908 2439 res
1918 2429 1928 2446 ,
1940 2405 1975 2437 in
1990 2403 2102 2437 eadem
2119 2403 2191 2437 illas
2201 2405 2400 2438 necessario
2415 2413 2528 2438 rursus

1463 2465 1628 2507 corrumpi
1648 2473 1657 2494 =
1676 2465 1723 2499 sic
1739 2465 1825 2499 enim
1840 2474 1899 2498 eas
1921 2465 2086 2507 temporis
2103 2463 2230 2497 ordine
2248 2464 2436 2506 injustitiae
2450 2473 2529 2508 pae·

1463 2531 1529 2556 nas
1551 2523 1640 2556 dare
1655 2525 1689 2557 ec
1716 2523 1893 2566 supplicia
1923 2523 2042 2566 luere,
2058 2523 2194 2566 poeticis
2209 2522 2283 2556 haec
2300 2523 2410 2558 verbis
2429 2532 2529 2557 enun-

1463 2586 1559 2619 tians.
1578 2587 1741 2619 Caeterum
1757 2587 1892 2628 apparet
1908 2585 1996 2619 hunc
2015 2587 2166 2619 mutuam
2180 2587 2336 2628 quattuor
2350 2586 2531 2622 elemento·

1465 2657 1538 2680 rum
1567 2647 1783 2680 mutationem
1801 2647 1956 2680 intuitum
1975 2647 2120 2680 noluisse
2136 2656 2251 2680 eorum
2273 2655 2378 2680 unum
2397 2646 2532 2689 aliquod

1466 2706 1594 2740 caeteris
1604 2705 1736 2739 subesse
1749 2705 1940 2746 decernere,
1957 2705 2015 2738 sed
2030 2705 2118 2738 aliud
2138 2704 2317 2747 quodpiam
2332 2705 2432 2747 atque
2446 2704 2531 2738 haec.

1466 2767 1509 2799 At
1526 2765 1579 2798 hic
1594 2765 1728 2807 quidem
1749 2774 1815 2798 non
1835 2765 1989 2799 elementi
2009 2765 2188 2798 variatione
2203 2764 2446 2806 genet-aeonem
2462 2764 2534 2798 effi-

1467 2827 1532 2867 cit,
1549 2825 1606 2858 sed
1627 2825 1798 2858 contrariis
1827 2827 1919 2858 motu
1938 2825 2136 2866 sempiterno
2149 2824 2295 2857 secretis.
2317 2823 2479 2863 Quocirca
2499 2825 2533 2858 et

1468 2895 1544 2918 cum
1564 2889 1755 2926 Anaxagora
1768 2894 1845 2918 eum
1866 2885 2059 2918 Aristoteles
2072 2883 2252 2925 conjunxit.

1511 2949 1542 2979 3.
1570 2945 1741 2978 Contraria
1765 2944 1852 2977 enim
1880 2953 1955 2986 quae
1980 2943 2094 2976 insunt
2124 2943 2157 2975 in
2192 2942 2339 2984 subiecta
2373 2941 2533 2975 infinitate
2571 2959 2573 2962 ·

1470 3013 1574 3047 eaque
1595 3012 1750 3046 corporea
1769 3003 1899 3036 excerni
1913 3002 1959 3035 ait
1979 3001 2231 3042 Anaximander,
2244 3002 2301 3044 qui
2317 3001 2442 3044 primus
2456 3001 2534 3034 sub-

1467 3059 1589 3100 jectam
1619 3057 1789 3089 materiam
1816 3056 2011 3098 principium
2045 3055 2236 3089 nominavit.
2263 3054 2434 3089 Contraria
2456 3063 2535 3089 vero

354 3108 481 3141 finitum
498 3110 642 3150 vocavit,
659 3111 782 3150 primus
809 3110 870 3143 hoc
888 3111 1034 3153 principii
1057 3113 1188 3147 nomine
1213 3123 1305 3147 usus.
1324 3114 1412 3148 Dicit
1470 3119 1547 3150 sunt
1571 3117 1674 3150 calida
1693 3116 1827 3158 frigida,
1850 3116 1937 3148 arida
1954 3115 2085 3148 humida
2100 3115 2280 3156 etreliqua.

354 3167 510 3212 autemid
526 3177 629 3209 neque
645 3178 763 3210 aquam
784 3179 887 3211 neque
902 3171 988 3203 allud
1010 3180 1055 3204 ex
1077 3172 1139 3205 illis
1158 3181 1231 3213 quae
1248 3173 1405 3206 elementa

1418 3566 1490 3599 240
