2612 3814
305 278 380 313 306

303 365 375 403 ἔστι
394 379 440 411 τι,
459 360 483 411 ἢ
501 360 546 402 ἢν
571 362 595 411 ἢ
623 360 781 409 πλείω,
809 359 932 413 φησίν,
954 358 1069 399 ἐστίν·
1099 359 1130 396 εἰ
1150 356 1185 395 δὲ
1213 355 1304 406 μήτε
1322 354 1360 393 ἓν

301 423 391 474 μήτε
410 423 549 472 πολλά,
572 422 670 462 οὐδὲν
691 421 732 460 ἂν
754 419 823 468 εἴη.
885 418 955 459 Καὶ
975 418 1010 457 ἓν
1027 418 1088 468 μὲν
1111 420 1173 456 οὐκ
1198 416 1239 456 ἂν
1256 415 1360 455 δύνα-

301 486 381 522 σθαι
409 475 514 534 εἶναι,
535 482 588 521 ὅτι
609 482 795 532 ἀσώματον
815 479 856 518 ἂν
877 478 931 527 εἴη
946 478 986 517 τὸ
1005 477 1053 517 ἔν’
1075 476 1194 529 τὸγὰρ
1211 475 1361 527 ἀσώμα-

301 557 375 592 τον,
392 542 512 596 φησίν,
533 541 641 587 οὐδέν,
663 540 753 592 ἔχων
782 538 927 591 γνώμην
949 536 1202 588 παραπλησίαν
1230 537 1280 587 τῷ
1301 538 1359 572 τοῦ

302 601 464 648 Ζήνωνος
479 601 587 653 λόγῳ.
619 599 721 644 Ἑνὸς
741 597 776 636 δὲ
798 598 847 648 μὴ
864 596 960 640 ὄντος
979 596 1052 634 οὐδ’
1071 594 1111 632 ἂν
1129 593 1242 632 πολλὰ
1257 587 1357 632 εἶναι.

300 659 392 699 Οὐδὲ
415 659 500 710 μήν,
521 658 604 697 εἴτι
626 657 714 709 μήτε
733 654 848 694 πολλὰ
871 654 959 705 μήτε
993 653 1028 692 ἕν
1061 655 1170 700 ἐστιν,
1195 645 1283 690 εἶναι
1313 651 1355 689 ἂν

303 719 482 769 οὐδαμῶς·
505 719 533 757 εἶ
554 718 583 756 δ’
597 717 721 766 οὕτως,
743 715 860 769 φησίν,
880 713 975 753 οὐδὲν
998 712 1110 751 ἔστιν·
1131 713 1161 750 εἰ
1178 711 1247 764 γὰρ
1268 710 1356 761 μήτε

304 776 339 815 ἓν
354 777 443 828 μήτε
463 775 576 815 πολλὰ
605 776 709 822 ἔστιν,
729 773 826 812 οὐδὲν
857 771 965 812 ἔστιν.
998 771 1083 810 Οὐδ’
1115 769 1156 808 ἂν
1173 768 1358 816 κινηθῆναί

215 851 284 887 930
306 851 409 889 φησιν
425 836 541 875 οὐδέν·
564 836 592 873 εἶ
616 834 682 886 γὰρ
704 831 859 880 κινηθείη
875 859 885 877 ,
907 831 969 869 οὐκ
989 829 1030 868 ἂν
1052 829 1105 868 ἔτι
1119 828 1172 876 εἴη
1190 828 1356 872 ὡσαύτως

303 981 523 1021 πολ>.ἀ,οὐδὲν
539 981 577 1012 ἂν
604 980 663 1016 εἴη.
709 981 816 1017 Quum
843 978 951 1008 autem
981 983 1075 1007 novae
1101 974 1199 1015 partis
1220 974 1273 1006 hic
1295 974 1356 1006 ini-

304 1030 386 1062 tium
414 1028 488 1065 fiat,
508 1035 570 1067 qua
593 1033 698 1066 neque
716 1033 838 1063 unum,
856 1031 962 1063 neque
988 1022 1093 1054 multa
1120 1030 1191 1053 esse
1223 1021 1358 1061 Gorgias

304 1076 429 1108 efficere
457 1074 601 1111 studuit,
624 1072 664 1104 de
692 1070 827 1103 veritate
845 1071 1014 1111 scripturoe
1043 1077 1061 1101 e
1090 1068 1248 1109 Lipsiensi
1274 1068 1358 1100 libro

304 1124 439 1155 enotatae
455 1130 518 1152 non
536 1120 609 1152 licet
626 1118 785 1151 dubitare.
831 1117 994 1150 intellexit
1008 1117 1068 1147 hoc
1095 1114 1242 1153 Fossius‚
1259 1124 1356 1156 quem

304 1168 462 1202 miramur
485 1176 550 1199 non
581 1165 867 1204 animadvertisse,
898 1165 930 1196 in
954 1163 1103 1197 Feliciani
1122 1162 1235 1195 codice
1261 1171 1358 1203 prope

304 1216 414 1250 eadem
443 1224 518 1257 quae
547 1214 579 1246 in
604 1213 761 1255 Lipsiensi
792 1213 890 1244 fuisse
914 1213 1044 1252 scripta.
1093 1210 1241 1243 Feliciani
1260 1210 1359 1242 verba

304 1267 380 1297 sunt
398 1272 407 1295 :
431 1275 447 1290 α
472 1265 629 1295 Praeterea
650 1263 675 1293 si
697 1260 874 1302 quidquam
897 1263 965 1300 est,
982 1259 1107 1299 inquit,
1131 1258 1163 1291 id
1194 1267 1294 1290 unum
1311 1261 1359 1290 est

305 1311 355 1344 vel
381 1310 493 1352 plura,
525 1310 550 1342 si
581 1312 691 1341 autem
715 1316 820 1348 neque
856 1316 980 1345 uuum,
1003 1315 1107 1346 neque
1139 1306 1247 1347 plura,
1280 1306 1358 1337 ninii

305 1360 364 1392 est.
384 1371 400 1386 n
446 1358 531 1390 Hinc
551 1357 754 1397 simul‘patet
773 1356 845 1396 post
860 1354 946 1398 εἴπερ
962 1354 1028 1387 ἔστι
1053 1353 1187 1394 flagitari
1209 1364 1252 1393 τι,
1272 1352 1359 1394 quod

306 1406 375 1439 sive
395 1414 437 1438 ex
459 1404 520 1437 hoc
542 1405 630 1437 sonte
654 1404 807 1435 haustum
839 1402 908 1435 sive
928 1410 946 1434 e
974 1401 1142 1433 sententiae
1169 1399 1199 1433 vi
1229 1402 1359 1432 erutum

305 1452 428 1486 addidit
441 1451 581 1484 Fossius.
604 1450 821 1490 Quamobrem
840 1449 910 1481 liaec
923 1448 983 1481 erit
997 1449 1137 1489 legitima
1154 1448 1214 1481 loci
1231 1448 1334 1481 forma
1351 1462 1358 1481 :

305 1500 368 1540 ἔτι,
388 1500 473 1539 εἴπερ
492 1499 556 1531 ἔστι
572 1510 619 1539 τι,
635 1499 654 1537 ἢ
671 1498 701 1530 ἓν
716 1499 736 1537 ἢ
753 1497 851 1530 πλείω
863 1521 873 1537 ,
893 1496 986 1538 φησίν
1000 1521 1009 1537 ,
1025 1496 1108 1528 ἐστί·
1129 1497 1155 1528 εἰ
1174 1497 1207 1529 δὲ
1223 1496 1300 1538 μήτε
1321 1496 1355 1528 ἓν

307 1548 384 1590 μήτε
401 1547 500 1580 πολλοὶ
511 1570 520 1585 ,
531 1546 617 1577 οὐδὲν
633 1546 670 1577 ἂν
684 1544 744 1583 εἴη.

347 1599 398 1628 36.
420 1595 472 1626 καὶ
490 1594 521 1626 ἓν
534 1594 588 1635 μὲν
605 1617 612 1625 .
626 1618 634 1626 .
652 1617 660 1625 .
674 1615 683 1625 .
704 1593 758 1624 καί
778 1592 824 1624 ὅτι
845 1591 1016 1633 ἀσώματον
1034 1592 1073 1623 ἂν
1097 1591 1144 1630 εἴη
1163 1592 1199 1624 τὸ
1217 1592 1247 1623 ἕν
1269 1603 1290 1630 η
1315 1592 1360 1624 ἐν·

305 1642 422 1684 σχομέν
437 1652 474 1682 γε
489 1644 534 1682 τῷ
563 1644 618 1672 τοῦ
646 1641 786 1678 Ζήνωνος
812 1639 919 1679 λόγου.
965 1640 1015 1671 lta
1035 1638 1197 1671 Bekkerus
1219 1639 1276 1680 qui
1304 1648 1362 1680 pro

305 1690 458 1730 corrupto
477 1688 627 1729 ἑνσχομέν
641 1695 682 1719 ex
701 1686 771 1719 aliis
787 1685 881 1718 codd.
905 1687 1049 1719 enotavit
1067 1686 1203 1728 ἔσχομεν
1216 1689 1248 1719 et
1263 1698 1362 1728 σχον-

307 1746 373 1776 μεν.
418 1736 454 1767 In
470 1734 624 1775 Lipsiensi
652 1733 725 1766 haec
745 1733 919 1775 leguntur:
935 1734 990 1765 καὶ
1013 1733 1045 1765 ἐν
1063 1733 1117 1774 μὲν
1136 1757 1294 1766 .......
1309 1734 1362 1766 καὶ

305 1783 352 1815 ὃτι
375 1782 543 1822 ἀσώματον
570 1782 608 1813 ᾰν
636 1781 720 1820 εἷητο
739 1805 747 1813 .
765 1804 773 1812 .
795 1805 802 1813 .
820 1804 829 1813 .
844 1805 851 1813 .
876 1803 884 1811 .
906 1803 914 1812 .
928 1803 937 1813 .
958 1805 966 1813 .
987 1780 1018 1813 ἐν
1039 1792 1060 1812 κ
1065 1803 1248 1814 ........
1267 1780 1362 1822 ἔσχον

307 1831 318 1870 (
330 1830 379 1863 vel
395 1841 410 1863 ε
425 1829 516 1871 ἔχον)
535 1830 589 1870 μέν
602 1840 639 1870 γε
653 1852 842 1862 ........
856 1832 902 1871 τῷ
917 1832 972 1861 τοῦ
988 1829 1129 1866 Ζήνωνος
1140 1828 1238 1870 λόγῳ.
1253 1830 1362 1866 Quum

306 1877 440 1909 Zenonis
466 1876 586 1908 mentio
611 1876 663 1908 hic
684 1876 766 1908 sacta
791 1876 978 1908 testimonio
1005 1875 1046 1908 sit
1072 1876 1243 1917 Gorgiam,
1268 1879 1303 1908 ut
1330 1876 1363 1908 in

306 1925 378 1956 aliis
394 1924 542 1964 decretis,
561 1923 605 1956 ita
623 1923 720 1956 iuliis
735 1923 872 1956 Zenonis
892 1923 1027 1966 vestigia
1049 1927 1253 1965 persecutum
1272 1933 1362 1965 esse,

307 1980 413 2014 operae
443 1971 580 2012 pretium
615 1972 665 2004 est
685 1971 882 2012 investigare
897 1994 905 2006 ‚
926 1971 1004 2012 quid
1033 1972 1119 2005 Zeno
1138 1970 1178 2004 de
1198 1971 1249 2003 liis
1267 1971 1364 2003 rebus

308 2019 506 2060 praeceperit.
549 2020 632 2051 Eum
661 2020 772 2051 autem
791 2019 960 2051 communi
978 2019 1197 2052 Eleaticorum
1222 2018 1363 2060 philoso-

310 2067 447 2108 phorum
483 2066 688 2107 persuasione
712 2065 848 2099 ductum
876 2066 1005 2098 sublata
1032 2066 1239 2098 multitudine
1262 2075 1364 2098 unum

306 2122 375 2146 esse
407 2113 542 2156 dixisse,
562 2113 827 2154 gravissimorum
855 2114 1048 2155 scriptorum
1082 2114 1259 2146 auctoritas
1290 2114 1366 2147 facit

309 2165 346 2193 ut
365 2161 542 2194 credamus.
586 2163 668 2195 Nam
696 2161 755 2194 etsi
780 2170 844 2194 non
866 2161 1039 2194 defuerunt
1052 2162 1136 2203 apud
1154 2163 1281 2194 veteres
1309 2163 1365 2203 qui

309 2212 469 2243 Zenonem
482 2209 600 2251 rejecta
611 2209 733 2242 unitate
750 2217 856 2242 rerum
871 2208 1114 2241 multitudinem
1127 2208 1277 2242 statuisse
1293 2218 1367 2242 con-

308 2257 494 2298 tenderent,
519 2257 608 2290 velut
636 2256 817 2289 Alexander
846 2256 1127 2298 Apllrodisiensis,
1156 2257 1316 2290 refutatus
1347 2266 1366 2289 a

309 2305 471 2346 Simplicio
496 2305 551 2337 sol.
568 2307 609 2338 30
623 2313 654 2343 a,
674 2306 782 2336 tamen
805 2303 886 2345 quid
910 2304 1044 2336 senserit
1058 2306 1145 2337 Zeno
1162 2314 1227 2338 non
1246 2309 1294 2338 est
1306 2305 1364 2338 du-

310 2352 409 2384 bium.
456 2353 528 2384 Hoc
549 2351 645 2392 igitur
675 2351 901 2392 proetermissis
920 2350 1057 2383 aliorum
1085 2352 1276 2385 testimoniis
1292 2362 1366 2394 quae

309 2399 518 2432 inveniuntur
544 2399 626 2441 apud
644 2399 849 2432 Brandisium
870 2398 986 2431 sclioll.
1016 2399 1114 2432 Arist.
1139 2409 1172 2442 p.
1206 2403 1268 2434 334
1297 2401 1366 2441 (cs.

311 2449 405 2480 Sext.
432 2448 552 2488 Empir.
567 2447 643 2480 adv.
666 2447 770 2480 Math.
792 2449 853 2480 vll
870 2446 965 2489 §73)
983 2447 1079 2479 unius
1098 2448 1284 2489 interpretis
1300 2451 1366 2481 Va-

311 2495 409 2527 ticani
423 2495 434 2535 (
449 2495 527 2527 ibid.
543 2504 595 2536 ap.
614 2495 760 2528 Brandis.
776 2495 786 2535 )
803 2495 912 2528 verbis
926 2495 1048 2527 docebo
1063 2508 1071 2528 ε
1089 2499 1145 2528 τοῦ
1163 2497 1304 2534 Ζήνωνος
1320 2497 1369 2528 λε’·

311 2553 418 2582 γοντος
437 2545 479 2580 ὡς
503 2544 529 2575 εἰ
547 2543 672 2584 μέγεθος
686 2543 753 2585 ἔχοι
782 2543 818 2576 τὸ
838 2544 872 2576 ὃν
888 2544 942 2576 καὶ
967 2545 1119 2584 διαιροῖτο
1132 2568 1141 2583 ,
1160 2544 1261 2576 πολλὰ
1278 2544 1314 2576 τὸ
1333 2543 1368 2576 ὃν

312 2590 365 2622 καὶ
381 2590 440 2631 οὐχ
459 2591 489 2622 ἓν
504 2601 532 2621 τι
546 2590 691 2631 ἔσεσθαι,
708 2591 761 2623 καὶ
775 2591 826 2623 διὰ
837 2595 932 2624 τοῦτο
948 2592 1121 2629 δεικνύντος
1135 2591 1182 2623 ὅτι
1198 2591 1293 2633 μηδὲν
1305 2594 1368 2624 τῶν

312 2637 411 2669 ὄντων
429 2637 493 2669 ἐστὶ
512 2637 548 2670 τὸ
562 2638 593 2670 ἐν
606 2661 616 2677 ,
633 2638 763 2670 ἐνέδωκε
776 2642 821 2681 τῷ
834 2639 919 2681 λόγῳ
931 2639 1034 2681 τούτῳ
1045 2639 1242 2681 Ξενοκράτης
1256 2639 1273 2671 ὁ
1288 2639 1369 2672 Χαλ-

314 2683 467 2722 κηδόνιος.
512 2686 594 2725 Ergo
607 2694 663 2718 ens
684 2695 784 2719 unum
799 2689 894 2728 atque
911 2687 1119 2720 individuum
1143 2695 1214 2719 esse
1232 2686 1370 2728 ideoque

315 2731 553 2772 magnitudine,
575 2733 608 2764 et
638 2732 725 2773 quod
751 2733 813 2766 hoc
846 2734 917 2766 loco
944 2734 1064 2767 dicitur
1095 2742 1232 2776 corpore
1258 2743 1370 2768 carere

315 2777 517 2818 (ἀσώματον)
531 2777 612 2811 vult.
655 2778 776 2813 Eadem
802 2782 852 2813 est
870 2780 990 2814 Melissi
1007 2781 1167 2814 sententia
1181 2781 1294 2822 fragm.
1320 2787 1367 2814 16.

316 2826 429 2866 ltaque
448 2825 578 2858 Fossius
604 2826 711 2859 locum
738 2827 793 2869 qui
812 2829 940 2870 Gorgiae,
962 2829 1192 2862 refutationem
1225 2829 1371 2862 continet

319 2871 365 2904 sic
389 2872 510 2913 expleri
527 2872 624 2913 jussit
651 2883 659 2905 ε
681 2874 734 2906 καὶ
759 2874 791 2907 ἓν
815 2876 869 2917 μὲν
890 2875 960 2918 [οὐκ
976 2878 1014 2909 ἂν
1037 2877 1186 2910 δύνασθαι
1200 2877 1370 2920 εἷ]ναι,ὄτι

309 2918 485 2959 ἀσώματον
498 2920 536 2952 ἂν
549 2920 597 2959 εἴη
615 2920 651 2954 τὸ
679 2921 709 2952 ἓν
720 2930 728 2938 ·
744 2919 800 2963 [τὸ
812 2922 871 2966 γὰρ
893 2923 1063 2964 ἀσώματον
1088 2923 1211 2967 φ]η1σίν
1222 2948 1231 2964 ,
1247 2923 1348 2967 οὐδ]ε’ν
1360 2949 1370 2965 ‚

317 2966 491 3009 ἑχόμεν[ός]
510 2979 547 3009 γε
558 2971 614 3000 τοῦ
627 2972 681 3001 τοῦ
694 2969 834 3008 Ζήνωνος
848 2970 954 3013 λόγου.
1001 2972 1067 3014 Eg'o
1087 2972 1246 3014 longiores
1262 2981 1372 3005 exem-

318 3014 414 3054 plaris
443 3014 617 3056 Lipsiensis
644 3015 775 3049 lacunas
794 3017 838 3049 ita
867 3019 1006 3052 resarcio
1025 3029 1033 3052 :
1061 3021 1116 3053 καὶ
1134 3020 1166 3052 ἓν
1188 3021 1244 3062 μὲν
1257 3020 1318 3053 οὐκ
1332 3020 1371 3053 ἂν

317 3061 464 3094 δύνασθαι
475 3063 552 3095 εἶναι
565 3089 574 3105 ,
586 3063 634 3096 ὅτι
647 3064 815 3106 ἀσώματον
828 3066 865 3098 ἂν
883 3066 930 3105 εἴη
945 3068 980 3100 τὸ
992 3068 1025 3100 ἓν
1039 3076 1046 3083 ·
1062 3069 1100 3101 τὸ
1115 3068 1175 3110 γὰρ
1186 3068 1369 3110 ἀσώματον,

315 3108 428 3186 ξησίν,
454 3110 561 3150 οὐδέν,
587 3110 668 3152 ἔχων
692 3111 819 3153 γνώμην
839 3115 1062 3156 παραπλησίαν
1088 3119 1135 3158 τῷ
1154 3119 1211 3148 τοῦ
1228 3116 1371 3155 Ζήνωνος

329 3165 413 3197 .ογῳ.

359 3204 409 3236 37.
426 3203 492 3240 ἑνὸς
507 3204 539 3236 δὲ
556 3203 642 3241 ὄντος
655 3205 718 3238 οὐδ’
730 3206 767 3238 ἂν
784 3230 791 3238 .
805 3231 814 3239 .
826 3230 836 3241 .
855 3208 933 3241 εἶναι
944 3210 1015 3242 οὐδὲ
1028 3211 1071 3251 μὴ
1090 3233 1098 3241 .
1115 3234 1124 3244 .
1138 3234 1146 3243 .
1166 3210 1244 3252 μήτε
1258 3211 1369 3243 πολλά.

318 3251 345 3282 εἰ
364 3250 424 3292 γὰρ
445 3251 522 3292 μήτε
537 3252 569 3284 ἓν
597 3253 673 3293 μήτε
689 3255 790 3286 πολλά
811 3255 895 3288 ἐστιν
907 3280 916 3297 ,
936 3257 1000 3290 οὐδ’
1019 3259 1056 3290 ἂν
1078 3259 1240 3297 κινηθῆναί
1265 3269 1369 3298 φησιν.

318 3298 416 3331 οὐδενὶ
436 3298 495 3340 γὰρ
513 3300 668 3339 κινηθείη,
684 3302 704 3340 ἢ
718 3302 775 3334 οὐκ
788 3303 824 3335 ἂν
839 3303 884 3336 ἔτι
896 3330 906 3345 ,
922 3305 942 3344 ἢ
956 3305 1108 3342 ὡσαύτως
1121 3305 1194 3348 ἔχον
1206 3330 1216 3346 ,
1230 3305 1309 3337 ἀλλὰ
1336 3306 1372 3338 τὸ

321 3345 375 3385 μὲν
391 3346 449 3378 οὐκ
464 3346 501 3378 ἂν
515 3346 564 3385 εἵη
575 3371 584 3387 ,
596 3348 632 3380 τὸ
646 3348 672 3380 δ’
683 3349 740 3381 οὐκ
754 3350 787 3382 ὂν
803 3352 927 3392 γεγονὸς
947 3353 1007 3391 εἴη.
1040 3353 1290 3394 -Descripsimus
1303 3355 1373 3386 llaec

321 3392 418 3424 rerba
431 3417 440 3433 ‚
452 3394 533 3426 utin
553 3394 685 3427 Bekkeri
704 3396 844 3431 editione
857 3401 988 3432 exarata
1000 3401 1160 3441 leguntur.
1206 3403 1275 3434 Non
1293 3401 1374 3433 mul-

321 3441 390 3470 tum
405 3439 565 3482 discrepat
585 3442 686 3474 codex
701 3444 892 3487 Lipsiensis,
911 3447 967 3480 ubi
987 3448 1058 3480 liaec
1073 3450 1203 3480 exstant
1226 3449 1275 3480 τὲ.
1296 3448 1325 3480 δ.
1343 3448 1372 3480 ὄ.

322 3485 386 3518 οὐδ’
400 3487 437 3519 ἀν
453 3512 613 3523 ......
632 3491 723 3523 εἶναι.
771 3493 840 3526 οὐδὲ
858 3505 900 3535 μη
918 3518 1029 3528 .....
1051 3495 1129 3537 μήτε
1144 3496 1243 3528 πολλὰ
1257 3520 1265 3528 .
1283 3521 1290 3527 .
1309 3520 1316 3528 .
1338 3520 1346 3528 .
1363 3520 1373 3529 .

324 3556 333 3564 .
346 3556 355 3566 .
379 3557 387 3566 .
408 3535 435 3566 εἰ
452 3534 485 3567 δὲ
510 3536 586 3577 μήτε
602 3562 610 3570 .
630 3561 637 3570 .
658 3563 666 3571 .
684 3562 691 3570 .
707 3563 714 3572 .
739 3564 747 3573 .
770 3564 778 3572 .
799 3566 806 3574 .
825 3542 902 3583 μήτε
921 3543 1021 3576 πολλοὶ
1036 3543 1139 3585 ἐστιν,
1156 3544 1244 3576 οὐδέν
1268 3544 1350 3576 ἐστιν
1362 3567 1371 3583 ,

1144 263 1483 307 ARISTOTELIS
1509 262 1661 302 LlBER

1424 352 1520 405 ἔχον,
1541 350 1634 390 ἀλλὰ
1653 350 1692 388 τὸ
1724 349 1787 400 μὲν
1813 349 1851 389 ὃν
1871 351 1933 389 οὐκ
1953 349 1994 390 ἂν
2009 350 2062 399 εἴη
2075 380 2085 399 ,
2102 350 2141 390 τὸ
2156 351 2187 390 δ’
2204 352 2268 391 οὐκ
2282 351 2320 391 ὃν
2348 353 2491 406 γεγονὸς

1424 412 1494 459 εἴη.
1553 409 1637 450 Ἔτι
1658 410 1707 456 δέ,
1726 404 1750 462 ᾗ
1766 412 1913 449 κινεῖται
1927 410 2002 458 καί,
2019 412 2048 450 εἰ
2066 410 2300 465 μεταφέρεται
2321 413 2360 452 οὗ
2382 428 2485 453 συνι-

1422 470 1482 523 χὲς
1501 470 1553 518 ὄν,
1571 469 1735 522 διῄρηται
1755 469 1795 508 τὸ
1815 468 1866 516 ὄν,
1885 470 1949 509 οὐκ
1969 470 2042 510 ἔστι
2064 470 2176 523 ταύτῃ
2189 487 2198 497 ·
2218 470 2304 510 ὥστ’
2320 472 2350 512 εἰ
2369 472 2485 525 πάντῃ

1423 532 1596 579 κινεῖται,
1630 529 1748 581 πάντῃ
1786 529 1969 582 διῄρηται·
1992 531 2022 569 εἰ
2049 531 2079 569 δ’
2114 531 2242 581 οὕτως,
2276 530 2394 585 πάντῃ
2422 532 2487 572 οὐκ
2506 542 2527 569 ι

1422 589 1535 631 ἔστιν·
1570 588 1710 633 ἐκλιπὲς
1743 587 1811 641 γὰρ
1846 589 1972 642 ταύτῃ,
2000 588 2118 644 φησίν,
2146 585 2170 642 ᾗ
2210 589 2395 643 διῄρηται,
2424 594 2485 631 τοῦ

1429 649 1540 695 ὄντος,
1568 648 1645 687 ἀντὶ
1677 651 1739 688 τοῦ
1768 652 1870 688 κενοῦ
1907 649 1947 688 τὸ
1970 650 2155 702 διῃρῆσθαι
2184 651 2310 702 λέγων,
2326 650 2489 705 καθάπιρ

1419 709 1455 746 ἐν
1487 709 1559 751 τοῖς
1596 707 1803 747 Λευκίππου
1842 709 2071 759 καλουμένοις
2120 711 2233 763 λόγοις
2269 710 2488 764 γέγραπται.

1420 769 1466 808 Εἰ
1480 768 1544 819 μὲν
1570 761 1630 808 οῧν
1650 768 1763 815 οὐδέν,
1785 769 1846 812 τὰς
1863 768 2054 814 ἀποδείξαις
2069 769 2185 823 λέγει,
2205 764 2295 809 εἶναι
2317 770 2484 822 ἄγνωστα

1419 827 1579 868 ἅπαντα,
1638 833 1719 867 Δεῖν
1733 827 1800 879 γὰρ
1821 827 1863 865 ἂν
1877 828 1922 866 τὰ
1938 828 2160 880 φρονούμενα
2180 822 2283 878 εἶναι,
2306 829 2419 870 καὶτὸ
2434 828 2489 882 μὴ
2521 835 2529 842 ’

1422 973 1486 1006 οὐδ’
1511 974 1549 1006 ἂν
1573 973 1735 1013 κινηθῆναί
1755 984 1861 1014 φησιν·
1888 974 1975 1006 οὐδὲν
1998 974 2058 1016 γὰρ
2083 974 2221 1014 κινηθείη
2249 975 2269 1015 ἢ
2299 974 2359 1008 οὐκ
2383 975 2422 1009 ἂν
2442 976 2489 1010 ἔτι

1425 1022 1578 1059 ὡσαύτως
1595 1022 1668 1063 ἔχον
1679 1046 1687 1062 ,
1706 1022 1785 1054 ἀλλὰ
1800 1022 1837 1054 τὸ
1860 1022 1915 1063 μὲν
1939 1022 1997 1054 οὐκ
2013 1022 2047 1054 ὃν
2063 1022 2112 1060 εἴη
2125 1046 2134 1060 ,
2147 1022 2185 1055 τὸ
2208 1022 2235 1054 δ’
2249 1033 2282 1055 κ.
2297 1033 2327 1056 τ.
2348 1023 2378 1056 λ.
2422 1024 2487 1057 ΒΙ-

1424 1078 1524 1101 cunas
1539 1078 1614 1101 cum
1633 1070 1741 1102 Fossio
1764 1070 1794 1101 in
1819 1070 1906 1101 hunc
1929 1069 2065 1101 modum
2082 1069 2253 1110 explemus
2272 1082 2280 1103 ι
2302 1071 2415 1108 ἐνὸςδδ
2439 1072 2485 1112 μὴ

1422 1117 1508 1154 ὄντος
1527 1116 1593 1149 οὐδ’
1607 1117 1644 1149 ἂν
1656 1117 1757 1149 πολλὰ
1769 1118 1860 1149 εἶναι.
1905 1117 1987 1149 Οὐδὲ
2009 1117 2086 1158 μήν,
2103 1117 2131 1149 ei
2147 1128 2177 1149 τι
2194 1117 2272 1158 μήτε
2287 1118 2389 1150 πολλὰ
2409 1118 2491 1159 μήτε

1425 1165 1456 1197 ἕν
1474 1164 1558 1196 ἐστιν
1572 1189 1581 1204 ,
1602 1165 1682 1197 εἶναι
1702 1165 1738 1197 ἂν
1755 1165 1918 1205 οὐδαμῶς·
1935 1166 1961 1197 εἰ
1978 1166 2004 1198 δ’
2017 1166 2117 1202 οὕτως
2129 1188 2137 1203 ,
2153 1164 2247 1205 φησίν
2261 1188 2271 1204 ,
2286 1164 2376 1198 οὐδὲν
2388 1164 2487 1198 ἔστιν·

1426 1213 1452 1244 εἰ
1469 1213 1528 1259 γὰρ
1541 1213 1619 1253 μήτε
1635 1213 1666 1244 ἓν
1680 1213 1757 1252 μήτε
1774 1212 1872 1244 πολλὰ
1889 1212 1974 1245 ἔστιν
1986 1237 1994 1251 ,
2013 1212 2101 1245 οὐδὲν
2115 1211 2211 1245 ἔστιν.
2257 1211 2334 1245 οὗδ”
2344 1212 2382 1244 ἂν
2397 1223 2488 1253 κινη·

1425 1261 1513 1298 θῆναί
1534 1271 1627 1301 φησιν
1642 1260 1748 1292 οὐδέν·
1767 1260 1793 1292 εἰ
1814 1260 1874 1300 γὰρ
1895 1261 2036 1298 κινηθείη
2048 1282 2057 1299 ,
2073 1261 2134 1291 οὐκ
2153 1259 2190 1292 ἂν
2209 1258 2255 1292 ἔτι
2268 1259 2317 1298 εῐη
2336 1259 2491 1298 ὡσαύτως

1425 1308 1497 1348 ἔχον
1509 1332 1517 1346 ,
1536 1307 1615 1340 ἀλλὰ
1638 1308 1675 1340 τὸ
1699 1307 1753 1348 μὲν
1777 1307 1811 1339 ὃν
1826 1307 1883 1339 οὐκ
1911 1308 1948 1339 ἂν
1971 1307 2038 1346 εἵη,
2056 1307 2092 1339 τὸ
2114 1307 2144 1339 δ’
2162 1307 2220 1339 οὐκ
2236 1307 2271 1340 ὃν
2286 1308 2414 1348 γεγονὸς
2426 1307 2491 1347 ein.

1426 1357 1508 1387 cnm
1524 1364 1563 1387 eo
1577 1364 1675 1396 quem
1698 1356 1877 1387 tractamus
1891 1355 1960 1386 loco
1974 1354 2084 1387 confer
2101 1354 2219 1387 Melissi
2239 1354 2339 1387 verba
2351 1355 2363 1395 (
2373 1355 2488 1395 fragm.

1428 1404 1460 1434 11
1473 1402 1483 1442 )
1504 1411 1511 1432 τ
1528 1403 1555 1434 εἰ
1570 1402 1629 1444 γὰρ
1642 1402 1830 1444 ἑτεροιοῦται
1843 1426 1853 1441 ,
1868 1401 1990 1442 ἀνάγκη
2006 1402 2042 1433 τὸ
2056 1401 2106 1433 ἐὸν
2123 1401 2166 1441 μή
2179 1401 2289 1442 ὁμοῖον
2306 1401 2386 1434 εἶναι
2397 1426 2407 1440 ,
2421 1399 2493 1433 ἀλλ’

1425 1449 1619 1482 ἀπόλλυσθαι
1633 1449 1669 1481 τὸ
1685 1448 1817 1490 πρόσθεν
1837 1448 1887 1481 ἑόν
1897 1472 1906 1487 ,
1920 1450 1956 1481 τὸ
1970 1449 2003 1481 δὲ
2017 1449 2076 1481 οὐκ
2089 1448 2140 1482 ἐὸν
2156 1448 2310 1490 γίνεσθαι,
2354 1448 2493 1489 Gorgias

1425 1496 1457 1528 in
1492 1496 1673 1528 delinienda
1707 1505 1815 1529 rerum
1843 1498 1960 1528 natura
1987 1496 2033 1528 ita
2061 1498 2222 1537 versatur,
2260 1498 2298 1528 ut
2331 1496 2493 1529 Eleaticos

1425 1543 1567 1575 maxime
1605 1542 1812 1584 philosophos
1838 1542 2017 1585 impugnet.
2065 1545 2176 1581 Quum
2219 1543 2316 1585 igitur
2334 1544 2491 1576 *Melissus

1425 1590 1544 1623 dixerit
1558 1616 1567 1630 ,
1582 1591 1731 1631 ἀγένητον
1751 1600 1841 1631 esse,
1855 1591 2023 1633 γενόμενον
2040 1596 2109 1624 non
2127 1600 2196 1624 esse
2213 1600 2271 1624 ens
2289 1591 2340 1624 vel
2357 1591 2492 1624 univer-

1424 1647 1496 1670 sum
1525 1637 1587 1680 (τὸ
1611 1638 1662 1671 ἐὸν
1678 1639 1698 1678 ἢ
1727 1638 1764 1671 τὸ
1789 1641 1852 1671 πᾶν
1869 1638 1911 1671 cs.
1935 1638 2085 1680 fragmm.
2103 1639 2119 1671 1
2144 1640 2178 1671 et
2202 1642 2237 1671 ιι
2253 1638 2284 1681 ),
2304 1638 2371 1680 ipse
2385 1647 2494 1680 nequo

1425 1686 1574 1727 ἀγένητον
1610 1694 1717 1726 neque
1741 1688 1908 1727 γενόμενον
1933 1694 2007 1719 esse
2036 1684 2221 1727 contendit;
2250 1685 2368 1718 deiude
2386 1694 2494 1727 quum

1427 1733 1577 1765 Melissus
1592 1733 1623 1765 ἐν
1634 1755 1644 1772 ,
1662 1741 1728 1765 non
1750 1732 1852 1765 πολλά
1873 1741 1942 1766 esse
1959 1733 2119 1773 voluerit,
2134 1732 2203 1775 ipse
2217 1742 2324 1776 neque
2341 1733 2373 1766 ἕν
2387 1742 2495 1776 neque

1426 1781 1527 1814 πολλά
1538 1781 1663 1813 statuit.

1467 1840 1500 1872 p.
1521 1834 1594 1863 980.
1611 1834 1640 1863 3.
1661 1829 1705 1862 ἔτι
1719 1829 1752 1863 δὲ
1770 1831 1791 1870 ἢ
1807 1833 1899 1867 κινεῖ,
1910 1830 1930 1869 ἢ
1947 1833 2098 1870 κινεῖται,
2113 1829 2167 1861 καὶ
2183 1829 2211 1862 εἰ
2225 1830 2426 1872 μεταφέρεται
2449 1829 2491 1862 οὔ

1427 1878 1553 1920 συνεχὲς
1567 1878 1614 1918 ὄν,
1641 1878 1783 1919 διῄρηται
1803 1878 1839 1911 τὸ
1855 1877 1909 1917 ὄν,
1931 1877 2003 1910 οὔτε
2018 1889 2047 1910 τι
2066 1877 2164 1918 ταύτῃ
2176 1885 2185 1894 ·
2212 1877 2296 1910 ὥστε
2322 1876 2425 1918 πάντῃ
2440 1888 2491 1910 ιι-

1426 1930 1544 1965 νεῖται,
1560 1926 1664 1967 πάντῃ
1678 1926 1834 1968 διῄρηται.
1879 1927 1905 1958 εἰ
1922 1926 1949 1958 δ’
1965 1925 2066 1964 οὕτως
2077 1949 2086 1965 ,
2103 1925 2207 1958 πάντα
2219 1925 2279 1958 οὐκ
2290 1924 2388 1958 ἔστιν.
2407 1925 2492 1958 tm·

1426 1974 1480 2011 πὲς
1502 1974 1562 2015 γὰρ
1574 1974 1672 2014 ταύτῃ
1685 1998 1694 2012 ,
1707 1974 1801 2016 φησίν
1813 1999 1822 2016 ,
1842 1973 1863 2015 ἦ
1880 1974 2041 2017 διῄρηται,
2058 1977 2115 2006 τοῦ
2127 1973 2234 2013 ὄντος,
2249 1973 2317 2006 ἀντὶ
2329 1975 2386 2006 τοῦ
2400 1977 2496 2007 κενοῦ
2541 2007 2546 2011 ,
2583 1983 2585 1987 ”

1430 2023 1466 2055 τὸ
1483 2023 1646 2065 διῃρῆσθαι
1660 2022 1760 2063 λέγων
1771 2046 1783 2064 ,
1798 2022 1938 2064 καθάπερ
1955 2023 1986 2054 ἐν
2000 2026 2065 2059 τοῖς
2090 2021 2276 2055 Λευκίππου
2291 2021 2497 2062 καλουμένοις

1430 2069 1533 2111 λόγοις
1549 2070 1722 2111 γέγραπται
1730 2094 1738 2102 .
1786 2073 1821 2103 ln
1832 2070 1903 2103 cod.
1920 2069 2077 2112 Lipsiensi
2092 2070 2162 2103 lime
2176 2069 2291 2103 eodem
2305 2069 2370 2102 sere
2382 2069 2493 2111 modo,

1431 2126 1498 2158 quo
1515 2126 1532 2148 a
1548 2117 1695 2150 Bekkero
1727 2117 1862 2158 vulgata
1880 2121 1979 2158 sunt,
1996 2117 2115 2159 scripta
2136 2117 2301 2158 leguntur,
2326 2116 2387 2149 nisi
2405 2116 2496 2158 quod

1428 2164 1472 2197 ibi
1490 2166 1538 2196 est
1557 2166 1577 2203 ἢ
1591 2167 1719 2197 κινεῖται
1743 2166 1796 2197 καὶ
1823 2166 1855 2197 ἕν
1868 2188 1877 2204 ,
1903 2165 2103 2207 μεταφέρει-αι
2117 2173 2156 2196 ac
2177 2163 2294 2197 deinde
2310 2163 2412 2206 πάντῃ
2432 2164 2493 2197 οὐκ

1429 2213 1531 2253 ἐστὶν,
1548 2212 1686 2250 ἐκλειπὲς
1707 2225 1715 2246 :
1742 2212 1817 2245 hinc
1846 2213 1976 2245 Fossius
2000 2213 2122 2253 suasit,
2138 2213 2176 2245 ut
2196 2212 2242 2245 ita
2265 2212 2490 2245 restitueretur

1429 2260 1532 2292 oratio
1550 2273 1558 2292 ε
1573 2260 1617 2292 ἔτι
1632 2260 1683 2301 δέ,
1701 2259 1721 2300 ἦ
1734 2264 1864 2292 κινεῖται
1881 2260 2006 2292 καὶ-εἰ
2020 2260 2075 2301 μὲν
2089 2260 2292 2302 μεταφέρεται
2308 2257 2347 2292 οὐ
2365 2261 2494 2302 συνεχὲς

1431 2307 1466 2339 ὄν
1486 2328 1525 2334 -
1538 2307 1680 2349 διῄρηται
1695 2307 1732 2339 τὸ
1748 2306 1782 2339 ὄν
1795 2331 1804 2347 ,
1822 2307 1880 2339 οὐκ
1897 2307 1963 2339 ἔστι
1975 2308 2073 2348 ταύτῃ
2083 2316 2091 2324 ·
2103 2305 2182 2339 ὥστ’
2195 2307 2222 2339 el
2230 2306 2335 2349 πάντῃ
2349 2312 2494 2349 κινεῖται,

1432 2354 1532 2396 πάντῃ
1553 2354 1714 2396 διῄρηται·
1735 2356 1761 2386 εἰ
1781 2355 1808 2386 δ’
1829 2354 1948 2394 οὕτως,
1971 2354 2072 2395 πάντῃ
2093 2354 2151 2386 οὐκ
2174 2353 2259 2385 ἔστιν
2272 2362 2279 2370 ·
2295 2353 2419 2391 ἐκλιπὲς
2433 2354 2494 2397 γὰρ

1431 2401 1528 2443 ταύτῃ
1542 2426 1551 2442 ,
1567 2401 1661 2440 φησίν
1672 2426 1680 2441 ,
1696 2401 1716 2443 ᾖ
1737 2401 1878 2443 διῄρηται
1892 2427 1901 2442 ,
1915 2404 1971 2433 τοῦ
1991 2400 2078 2438 ὄντος
2089 2411 2096 2417 ·
2115 2400 2182 2433 ἀντὶ
2197 2403 2252 2432 τοῦ
2264 2402 2358 2432 κενοῦ
2373 2400 2410 2433 τὸ
2422 2401 2494 2442 διῃ-

1433 2450 1544 2491 ρῆσθαι
1559 2450 1660 2489 λέγων
1669 2473 1679 2489 ,
1692 2449 1834 2490 καθάπερ
1849 2449 1880 2481 ἑν
1896 2451 1960 2486 τοῖς
1976 2448 2163 2481 Λευκίππου
2176 2447 2379 2488 καλουμένοις
2390 2447 2498 2490 λόγοις

1430 2498 1614 2539 γέγραπται.
1662 2497 1840 2530 Omisimus
1854 2497 1909 2537 μὲν
1925 2497 2001 2528 ante
2017 2497 2219 2538 μεταφέρεται
2230 2518 2241 2535 ,
2254 2494 2331 2536 quia
2347 2494 2408 2527 hac
2420 2503 2498 2537 par—

1431 2543 1529 2575 ticula
1549 2552 1632 2585 opus
1650 2552 1715 2575 non
1729 2547 1777 2575 est
1800 2553 1808 2575 ε
1832 2542 1955 2584 reliqua
1978 2543 2202 2584 probavimus.
2230 2543 2433 2576 ’Λευκίππου
2444 2542 2500 2575 25-
2545 2562 2552 2568 ·

1431 2602 1504 2631 γους
1525 2591 1566 2622 de
1594 2590 1746 2631 singulari
1767 2590 1838 2631 ejus
1859 2589 2040 2631 philosophi
2067 2589 2150 2622 libro
2178 2589 2303 2631 accepit
2327 2583 2500 2622 Fabricius

1435 2638 1515 2670 nihl.
1536 2647 1583 2679 gr.
1608 2639 1639 2670 11
1660 2646 1691 2679 p.
1712 2640 1784 2670 659.
1808 2637 1896 2670 Harl.
1918 2645 1956 2669 ac
1985 2636 2038 2668 vix
2063 2636 2156 2668 aliter
2173 2636 2248 2669 licet
2272 2635 2497 2677 interpretari.

1438 2686 1489 2718 Cf.
1508 2685 1683 2718 Democrit.
1706 2685 1854 2726 sragmm.
1877 2693 1909 2726 p.
1930 2686 2003 2716 374.
2048 2685 2121 2717 Non
2136 2686 2223 2716 recte
2239 2685 2348 2716 tamen
2364 2683 2499 2716 Fossius

1434 2734 1497 2766 linc
1512 2733 1633 2766 rettulit
1656 2733 1838 2766 Aristotelis
1857 2733 1958 2765 verba
1975 2733 2025 2764 De
2041 2733 2182 2773 generat.
2200 2733 2234 2764 et
2249 2731 2382 2764 interitu
2396 2731 2425 2772 1,
2443 2733 2462 2764 7
2480 2740 2491 2762 :

1435 2782 1615 2818 Λεύκιππος
1632 2782 1661 2813 δ’
1689 2781 1772 2824 ἔχειν
1792 2781 1880 2822 ᾠήθη
1905 2780 2017 2821 λόγους
2029 2803 2038 2819 ,
2056 2779 2166 2817 οἵτινες
2185 2779 2261 2822 πρὸς
2278 2780 2336 2819 τὴν
2348 2778 2498 2818 αῑσθησιν

1433 2829 1669 2871 ὁμολογούμενα
1698 2829 1838 2870 λέγοντες
1861 2829 1920 2860 οὐκ
1949 2828 2174 2870 ἀναιρήσουσιν
2194 2827 2267 2859 οὔτε
2283 2827 2405 2868 γένεσιν
2423 2824 2496 2858 οὔτε

1433 2877 1546 2919 φθορὰν
1577 2877 1647 2909 οὔτε
1675 2877 1798 2915 κίνησιν
1817 2877 1870 2907 καὶ
1891 2876 1927 2908 τὸ
1958 2876 2074 2915 πλῆθος
2093 2878 2156 2907 τῶν
2189 2873 2307 2914 ὄντων,
2325 2881 2400 2914 quoe
2430 2872 2500 2904 alio

1433 2925 1583 2964 spectare
1614 2923 1670 2955 vix
1696 2932 1895 2965 quemquam
1929 2926 2120 2964 negaturum
2155 2930 2228 2954 esse
2254 2920 2332 2953 mini
2359 2928 2493 2962 persua·

1434 2979 1506 3002 sum
1520 2972 1577 3002 est.

1476 3021 1505 3051 8.
1525 3019 1552 3050 εἰ
1579 3018 1633 3060 μὲν
1650 3017 1704 3049 οὖν
1730 3017 1839 3058 οὐδέν,
1866 3017 1921 3054 τὰς
1940 3016 2109 3054 ἀποδείξεις
2138 3016 2238 3056 λέγειν
2267 3014 2402 3047 ἅπαντα.
2449 3014 2501 3046 δεῖ

1433 3066 1493 3108 γὰρ
1509 3066 1548 3098 τὰ
1563 3066 1756 3108 φρονοὺμενα
1772 3065 1851 3097 εἶναι
1862 3089 1872 3104 ,
1895 3065 1949 3096 καὶ
1970 3065 2006 3096 τὸ
2021 3066 2063 3105 μὴ
2081 3064 2133 3104 ὄν,
2151 3063 2237 3105 εἴπερ
2259 3063 2304 3104 μή
2317 3063 2382 3094 ἐστι
2393 3087 2402 3103 ,
2417 3062 2499 3103 μηδὲ

1435 3115 1622 3156 φρονεῖσθαι.
1668 3113 1695 3145 εἰ
1715 3112 1742 3145 δ’
1759 3114 1857 3149 οὕτως
1869 3135 1877 3151 ,
1889 3112 1977 3144 οὐδὲν
1994 3112 2031 3144 ἂν
2047 3112 2127 3144 εἶναι
2139 3111 2252 3152 ψεῦδος
2266 3108 2365 3147 οὐδείς
2379 3121 2491 3153 φησιν,

1435 3161 1500 3195 οὐδ’
1517 3163 1543 3194 εἰ
1561 3162 1592 3194 ἐν
1608 3165 1653 3204 τῷ
1678 3161 1804 3202 πελάγει
1825 3161 1900 3202 φαίη
1920 3161 2110 3202 ἁμιλλᾶσθαι
2132 3160 2268 3202 ἅρματα.
2311 3158 2415 3192 πάντα
2434 3158 2500 3200 γὰρ

1434 3210 1470 3241 ἂν
1487 3213 1586 3242 ταῦτα
1606 3209 1664 3248 εἵη.
1708 3208 1836 3249 καὶγὰρ
1855 3207 1896 3240 τὰ
1913 3208 2058 3249 ὁρώμενα
2072 3208 2126 3240 καὶ
2143 3206 2323 3247 ἀκουόμενα
2337 3206 2391 3239 διὰ
2401 3205 2501 3239 τοῦτό

1435 3258 1518 3289 ἐστιν
1528 3282 1537 3297 ,
1553 3257 1600 3289 ὅτι
1614 3259 1767 3299 φρονεῖται
1779 3256 1899 3287 ἕκαστα
1914 3256 2029 3286 αὐτῶν.
2077 3258 2122 3287 lta
2138 3255 2351 3287 casaubonus
2363 3256 2396 3286 et
2411 3252 2494 3286 Bek-

1435 3305 1541 3338 kerus.
1595 3304 1705 3337 Codex
1725 3302 1900 3343 Lipsiensis
1928 3303 2025 3335 habet
2052 3304 2115 3335 δεῖν
2140 3303 2199 3345 γὰρ
2223 3303 2262 3335 τὰ
2280 3301 2498 3346 ςρονοῦμενα,

1435 3351 1552 3384 deinde
1570 3352 1613 3394 μὴ
1630 3352 1662 3383 δὲ
1678 3351 1874 3393 φρονεῖσθαι,
1899 3350 2037 3391 denique
2061 3351 2165 3383 πάντα
2189 3351 2256 3390 (vel
2275 3351 2398 3392 mivm3
2418 3358 2498 3382 nam

1436 3400 1551 3431 ultima
1570 3399 1674 3431 littera
1693 3398 1834 3430 diflicilis
1865 3398 1904 3430 ad
1932 3398 2103 3439 legendum
2131 3399 2203 3438 est)
2223 3398 2284 3440 γὰρ
2307 3401 2408 3429 ταῦτα
2431 3396 2492 3434 εἰη.

1437 3448 1522 3482 Illud
1543 3448 1612 3480 sine
1629 3446 1848 3479 controversia
1866 3447 1971 3487 patet,
1989 3447 2139 3487 Gorgiam
2153 3445 2210 3487 qui
2226 3446 2396 3485 hucusque
2414 3443 2494 3476 niliit

1437 3506 1505 3530 esse
1526 3494 1804 3535 defenderit,·Jam
1824 3494 1856 3526 id
1886 3503 1998 3535 agere,
2023 3497 2060 3527 ut
2085 3495 2110 3526 si
2131 3494 2208 3535 quid
2237 3494 2300 3534 sit,
2323 3493 2353 3525 id
2375 3490 2496 3533 percipi

1437 3553 1501 3577 non
1519 3553 1612 3586 posse
1625 3543 1835 3577 demonstret.
1861 3544 1952 3576 Sext.
1966 3543 2088 3584 Empir.
2101 3542 2174 3575 adv.
2193 3541 2295 3574 Mam.
2312 3542 2372 3573 vu
2394 3539 2466 3582 §77
2481 3549 2494 3570 ι
