<?xml version="1.0" encoding="UTF-8"?>
<!DOCTYPE html PUBLIC "-//W3C//DTD XHTML 1.0 Transitional//EN"
    "http://www.w3.org/TR/xhtml1/DTD/xhtml1-transitional.dtd">
<html xmlns="http://www.w3.org/1999/xhtml" xml:lang="en" lang="en">
 <head>
  <title>
</title>
<meta http-equiv="Content-Type" content="text/html;charset=utf-8" />
  <meta name='ocr-system' content='tesseract 3.04.00' />
  <meta name='ocr-capabilities' content='ocr_page ocr_carea ocr_par ocr_line ocrx_word'/>
</head>
<body>
  <div class='ocr_page' id='page_1' title='image "./fragmentaphiloso01mulluoft_0504.png"; bbox 0 0 2612 3814; ppageno 0'>
   <div class='ocr_carea' id='block_1_1' title="bbox 278 188 354 224">
    <p class='ocr_par' dir='ltr' id='par_1_1' title="bbox 278 188 354 224">
     <span class='ocr_line' id='line_1_1' title="bbox 278 188 354 224; baseline -0.013 0"><span class='ocrx_word' id='word_1_1' title='bbox 278 188 354 224; x_wconf 75' lang='lat'>⁴64</span> 
     </span>
    </p>
   </div>
   <div class='ocr_carea' id='block_1_2' title="bbox 273 266 1348 1452">
    <p class='ocr_par' dir='ltr' id='par_1_2' title="bbox 273 266 1348 1452">
     <span class='ocr_line' id='line_1_2' title="bbox 276 266 1346 323; baseline -0.006 -12"><span class='ocrx_word' id='word_1_2' title='bbox 276 271 370 311; x_wconf 88' lang='grc' dir='ltr'>θεία</span> <span class='ocrx_word' id='word_1_3' title='bbox 384 288 399 316; x_wconf 93' lang='grc' dir='ltr'>ς</span> <span class='ocrx_word' id='word_1_4' title='bbox 420 273 442 309; x_wconf 86' lang='grc' dir='ltr'>ἀ</span> <span class='ocrx_word' id='word_1_5' title='bbox 457 286 474 323; x_wconf 91' lang='grc' dir='ltr'>ρ</span> <span class='ocrx_word' id='word_1_6' title='bbox 487 272 588 316; x_wconf 79' lang='grc' dir='ltr'>ετῆς</span> <span class='ocrx_word' id='word_1_7' title='bbox 609 268 788 322; x_wconf 83' lang='grc' dir='ltr'>ἀνάγουσα</span> <span class='ocrx_word' id='word_1_8' title='bbox 801 299 811 319; x_wconf 91' lang='grc'>,</span> <span class='ocrx_word' id='word_1_9' title='bbox 829 270 877 313; x_wconf 84' lang='grc' dir='ltr'>ὡς</span> <span class='ocrx_word' id='word_1_10' title='bbox 897 273 931 308; x_wconf 84' lang='grc' dir='ltr'>έν</span> <span class='ocrx_word' id='word_1_11' title='bbox 951 273 1024 312; x_wconf 85' lang='grc' dir='ltr'>τοῖς</span> <span class='ocrx_word' id='word_1_12' title='bbox 1053 267 1130 315; x_wconf 81' lang='grc' dir='ltr'>ἑξῆς</span> <span class='ocrx_word' id='word_1_13' title='bbox 1161 266 1262 306; x_wconf 82' lang='grc' dir='ltr'>ἔπεσι</span> <span class='ocrx_word' id='word_1_14' title='bbox 1282 267 1346 313; x_wconf 87' lang='grc' dir='ltr'>δη-</span> 
     </span>
     <span class='ocr_line' id='line_1_3' title="bbox 273 325 1343 380; baseline -0.006 -10"><span class='ocrx_word' id='word_1_15' title='bbox 273 332 411 370; x_wconf 86' lang='grc' dir='ltr'>λοῦται.</span> <span class='ocrx_word' id='word_1_16' title='bbox 470 332 504 369; x_wconf 83' lang='grc' dir='ltr'>Τ</span> <span class='ocrx_word' id='word_1_17' title='bbox 506 329 524 368; x_wconf 81' lang='grc' dir='ltr'>ὸ</span> <span class='ocrx_word' id='word_1_18' title='bbox 553 329 590 368; x_wconf 82' lang='grc' dir='ltr'>δὲ</span> <span class='ocrx_word' id='word_1_19' title='bbox 621 330 813 380; x_wconf 82' lang='grc' dir='ltr'>ἀναγκαῖον</span> <span class='ocrx_word' id='word_1_20' title='bbox 847 331 910 376; x_wconf 79' lang='grc' dir='ltr'>τῆς</span> <span class='ocrx_word' id='word_1_21' title='bbox 943 331 1096 380; x_wconf 71' lang='grc' dir='ltr'>συναφῆς</span> <span class='ocrx_word' id='word_1_22' title='bbox 1121 326 1255 366; x_wconf 84' lang='grc' dir='ltr'>τούτων</span> <span class='ocrx_word' id='word_1_23' title='bbox 1282 325 1343 364; x_wconf 81' lang='grc' dir='ltr'>καὶ</span> 
     </span>
     <span class='ocr_line' id='line_1_4' title="bbox 274 386 1346 441; baseline -0.005 -14"><span class='ocrx_word' id='word_1_24' title='bbox 274 388 368 441; x_wconf 83' lang='grc' dir='ltr'>ὅρκῳ</span> <span class='ocrx_word' id='word_1_25' title='bbox 396 392 595 428; x_wconf 86' lang='grc' dir='ltr'>πιστοῦται.</span> <span class='ocrx_word' id='word_1_26' title='bbox 654 386 708 427; x_wconf 77' lang='grc' dir='ltr'>Τὸ</span> <span class='ocrx_word' id='word_1_27' title='bbox 734 387 803 440; x_wconf 74' lang='grc' dir='ltr'>γὰρ</span> <span class='ocrx_word' id='word_1_28' title='bbox 831 388 948 430; x_wconf 81' lang='grc' dir='ltr'>καλῶς</span> <span class='ocrx_word' id='word_1_29' title='bbox 980 387 1169 435; x_wconf 76' lang='grc' dir='ltr'>κτηθεῖσαν</span> <span class='ocrx_word' id='word_1_30' title='bbox 1189 386 1253 433; x_wconf 75' lang='grc' dir='ltr'>τὴν</span> <span class='ocrx_word' id='word_1_31' title='bbox 1283 386 1346 422; x_wconf 88' lang='grc' dir='ltr'>ἀν-</span> 
     </span>
     <span class='ocr_line' id='line_1_5' title="bbox 275 437 1346 502; baseline -0.005 -15"><span class='ocrx_word' id='word_1_32' title='bbox 275 446 451 501; x_wconf 84' lang='grc' dir='ltr'>θρωπίνην</span> <span class='ocrx_word' id='word_1_33' title='bbox 474 446 602 502; x_wconf 86' lang='grc' dir='ltr'>ἀρετὴν</span> <span class='ocrx_word' id='word_1_34' title='bbox 622 446 709 500; x_wconf 84' lang='grc' dir='ltr'>πρὸς</span> <span class='ocrx_word' id='word_1_35' title='bbox 735 446 799 494; x_wconf 90' lang='grc' dir='ltr'>τὴν</span> <span class='ocrx_word' id='word_1_36' title='bbox 817 447 913 485; x_wconf 87' lang='grc' dir='ltr'>θείαν</span> <span class='ocrx_word' id='word_1_37' title='bbox 942 447 1074 484; x_wconf 80' lang='grc' dir='ltr'>ὁδεύειν</span> <span class='ocrx_word' id='word_1_38' title='bbox 1103 445 1284 495; x_wconf 82' lang='grc' dir='ltr'>ὁμοίωσιν,</span> <span class='ocrx_word' id='word_1_39' title='bbox 1307 437 1346 482; x_wconf 71' lang='grc' dir='ltr'>εῧ</span> 
     </span>
     <span class='ocr_line' id='line_1_6' title="bbox 275 505 1342 559; baseline -0.004 -14"><span class='ocrx_word' id='word_1_40' title='bbox 275 508 375 559; x_wconf 78' lang='grc' dir='ltr'>μάλα</span> <span class='ocrx_word' id='word_1_41' title='bbox 404 506 665 558; x_wconf 78' lang='grc' dir='ltr'>διατεταμένως</span> <span class='ocrx_word' id='word_1_42' title='bbox 684 506 832 558; x_wconf 81' lang='grc' dir='ltr'><strong>ὄμνυσιν</strong></span> <span class='ocrx_word' id='word_1_43' title='bbox 849 510 868 546; x_wconf 85' lang='grc' dir='ltr'>ὁ</span> <span class='ocrx_word' id='word_1_44' title='bbox 896 506 936 544; x_wconf 76' lang='grc' dir='ltr'>τὸ</span> <span class='ocrx_word' id='word_1_45' title='bbox 968 505 1110 545; x_wconf 72' lang='grc' dir='ltr'>Σέὸου</span> <span class='ocrx_word' id='word_1_46' title='bbox 1144 505 1277 559; x_wconf 79' lang='grc' dir='ltr'>ὅρκον</span> <span class='ocrx_word' id='word_1_47' title='bbox 1307 506 1342 544; x_wconf 84' lang='grc' dir='ltr'>ἓν</span> 
     </span>
     <span class='ocr_line' id='line_1_7' title="bbox 276 564 1344 621; baseline -0.005 -16"><span class='ocrx_word' id='word_1_48' title='bbox 276 569 370 621; x_wconf 72' lang='grc' dir='ltr'>ἀρχῇ</span> <span class='ocrx_word' id='word_1_49' title='bbox 406 566 663 619; x_wconf 77' lang='grc' dir='ltr'>παραγγείλας.</span> <span class='ocrx_word' id='word_1_50' title='bbox 722 565 799 612; x_wconf 83' lang='grc' dir='ltr'>Τὴν</span> <span class='ocrx_word' id='word_1_51' title='bbox 831 565 899 619; x_wconf 73' lang='grc' dir='ltr'>γὰρ</span> <span class='ocrx_word' id='word_1_52' title='bbox 931 565 1072 617; x_wconf 75' lang='grc' dir='ltr'>ἀποχὴν</span> <span class='ocrx_word' id='word_1_53' title='bbox 1103 568 1163 603; x_wconf 86' lang='grc' dir='ltr'>τοῦ</span> <span class='ocrx_word' id='word_1_54' title='bbox 1197 564 1344 614; x_wconf 80' lang='grc' dir='ltr'>ὀμνύναι</span> 
     </span>
     <span class='ocr_line' id='line_1_8' title="bbox 275 624 1344 680; baseline -0.003 -15"><span class='ocrx_word' id='word_1_55' title='bbox 275 627 489 679; x_wconf 78' lang='grc' dir='ltr'>προστάττει</span> <span class='ocrx_word' id='word_1_56' title='bbox 522 627 603 680; x_wconf 80' lang='grc' dir='ltr'>περὶ</span> <span class='ocrx_word' id='word_1_57' title='bbox 635 629 704 665; x_wconf 83' lang='grc' dir='ltr'>τῶν</span> <span class='ocrx_word' id='word_1_58' title='bbox 740 624 992 678; x_wconf 81' lang='grc' dir='ltr'>ἐνδεχομένων,</span> <span class='ocrx_word' id='word_1_59' title='bbox 1028 624 1089 663; x_wconf 77' lang='grc' dir='ltr'>καὶ</span> <span class='ocrx_word' id='word_1_60' title='bbox 1121 625 1250 670; x_wconf 83' lang='grc' dir='ltr'>ἄδηλον</span> <span class='ocrx_word' id='word_1_61' title='bbox 1283 625 1344 669; x_wconf 74' lang='grc' dir='ltr'>τῆς</span> 
     </span>
     <span class='ocr_line' id='line_1_9' title="bbox 277 682 1341 738; baseline -0.006 -13"><span class='ocrx_word' id='word_1_62' title='bbox 277 686 453 731; x_wconf 72' lang='grc' dir='ltr'>ε’κὸοίσεως</span> <span class='ocrx_word' id='word_1_63' title='bbox 475 686 627 738; x_wconf 85' lang='grc' dir='ltr'>ἐχόντων</span> <span class='ocrx_word' id='word_1_64' title='bbox 644 685 684 724; x_wconf 82' lang='grc' dir='ltr'>τὸ</span> <span class='ocrx_word' id='word_1_65' title='bbox 700 684 824 737; x_wconf 86' lang='grc' dir='ltr'>πέρας.</span> <span class='ocrx_word' id='word_1_66' title='bbox 882 686 1007 724; x_wconf 82' lang='grc' dir='ltr'>Ταῦτα</span> <span class='ocrx_word' id='word_1_67' title='bbox 1028 683 1096 735; x_wconf 76' lang='grc' dir='ltr'>γὰρ</span> <span class='ocrx_word' id='word_1_68' title='bbox 1127 682 1187 720; x_wconf 76' lang='grc' dir='ltr'>καὶ</span> <span class='ocrx_word' id='word_1_69' title='bbox 1209 682 1341 734; x_wconf 85' lang='grc' dir='ltr'>μικροί,</span> 
     </span>
     <span class='ocr_line' id='line_1_10' title="bbox 278 739 1343 796; baseline -0.005 -13"><span class='ocrx_word' id='word_1_70' title='bbox 278 745 337 784; x_wconf 80' lang='grc' dir='ltr'>καὶ</span> <span class='ocrx_word' id='word_1_71' title='bbox 359 745 646 796; x_wconf 81' lang='grc' dir='ltr'>μεταπίπτοντα·</span> <span class='ocrx_word' id='word_1_72' title='bbox 667 744 720 782; x_wconf 84' lang='grc' dir='ltr'>διὸ</span> <span class='ocrx_word' id='word_1_73' title='bbox 742 742 819 781; x_wconf 83' lang='grc' dir='ltr'>οὔτε</span> <span class='ocrx_word' id='word_1_74' title='bbox 842 740 936 787; x_wconf 77' lang='grc' dir='ltr'>ἄξιον</span> <span class='ocrx_word' id='word_1_75' title='bbox 959 743 1016 780; x_wconf 84' lang='grc' dir='ltr'>ἐπ’</span> <span class='ocrx_word' id='word_1_76' title='bbox 1035 742 1152 785; x_wconf 80' lang='grc' dir='ltr'>αὐτοῖς</span> <span class='ocrx_word' id='word_1_77' title='bbox 1172 739 1343 792; x_wconf 79' lang='grc' dir='ltr'>ὀμνύναι,</span> 
     </span>
     <span class='ocr_line' id='line_1_11' title="bbox 277 800 1343 856; baseline -0.003 -13"><span class='ocrx_word' id='word_1_78' title='bbox 277 803 348 843; x_wconf 84' lang='grc' dir='ltr'>οὔτ’</span> <span class='ocrx_word' id='word_1_79' title='bbox 372 803 526 856; x_wconf 83' lang='grc' dir='ltr'>ἀσφαλές</span> <span class='ocrx_word' id='word_1_80' title='bbox 539 820 547 828; x_wconf 96' lang='grc'>·</span> <span class='ocrx_word' id='word_1_81' title='bbox 563 805 602 843; x_wconf 81' lang='grc' dir='ltr'>οὐ</span> <span class='ocrx_word' id='word_1_82' title='bbox 622 803 690 855; x_wconf 76' lang='grc' dir='ltr'>γὰρ</span> <span class='ocrx_word' id='word_1_83' title='bbox 709 802 760 855; x_wconf 69' lang='grc' dir='ltr'>ἐφ’</span> <span class='ocrx_word' id='word_1_84' title='bbox 775 806 860 852; x_wconf 82' lang='grc' dir='ltr'>ἡμῖν</span> <span class='ocrx_word' id='word_1_85' title='bbox 884 803 932 845; x_wconf 85' lang='grc' dir='ltr'>εἷς</span> <span class='ocrx_word' id='word_1_86' title='bbox 951 801 1062 854; x_wconf 83' lang='grc' dir='ltr'>πέρας</span> <span class='ocrx_word' id='word_1_87' title='bbox 1080 800 1169 839; x_wconf 85' lang='grc' dir='ltr'>αὐτὰ</span> <span class='ocrx_word' id='word_1_88' title='bbox 1186 802 1343 852; x_wconf 88' lang='grc' dir='ltr'>ἀγαγεῖν.</span> 
     </span>
     <span class='ocr_line' id='line_1_12' title="bbox 283 859 1345 916; baseline -0.004 -13"><span class='ocrx_word' id='word_1_89' title='bbox 283 863 371 914; x_wconf 79' lang='grc' dir='ltr'>Περὶ</span> <span class='ocrx_word' id='word_1_90' title='bbox 400 863 436 903; x_wconf 86' lang='grc' dir='ltr'>δὲ</span> <span class='ocrx_word' id='word_1_91' title='bbox 463 867 532 903; x_wconf 86' lang='grc' dir='ltr'>τῶν</span> <span class='ocrx_word' id='word_1_92' title='bbox 565 863 761 916; x_wconf 87' lang='grc' dir='ltr'>παρόντων,</span> <span class='ocrx_word' id='word_1_93' title='bbox 791 861 992 914; x_wconf 82' lang='grc' dir='ltr'>ἀναγκαίως</span> <span class='ocrx_word' id='word_1_94' title='bbox 1024 876 1063 899; x_wconf 82' lang='grc' dir='ltr'>τε</span> <span class='ocrx_word' id='word_1_95' title='bbox 1097 859 1345 910; x_wconf 85' lang='grc' dir='ltr'>συνημμένων,</span> 
     </span>
     <span class='ocr_line' id='line_1_13' title="bbox 277 919 1342 975; baseline -0.003 -14"><span class='ocrx_word' id='word_1_96' title='bbox 277 924 337 962; x_wconf 80' lang='grc' dir='ltr'>καὶ</span> <span class='ocrx_word' id='word_1_97' title='bbox 359 922 536 974; x_wconf 83' lang='grc' dir='ltr'>μεγίστων</span> <span class='ocrx_word' id='word_1_98' title='bbox 556 922 681 974; x_wconf 82' lang='grc' dir='ltr'>ὄντων,</span> <span class='ocrx_word' id='word_1_99' title='bbox 698 920 853 975; x_wconf 80' lang='grc' dir='ltr'>ἀσφαλὲς</span> <span class='ocrx_word' id='word_1_100' title='bbox 872 920 912 959; x_wconf 84' lang='grc' dir='ltr'>τὸ</span> <span class='ocrx_word' id='word_1_101' title='bbox 929 919 1096 971; x_wconf 81' lang='grc' dir='ltr'>ὀμνύναι,</span> <span class='ocrx_word' id='word_1_102' title='bbox 1112 919 1174 959; x_wconf 83' lang='grc' dir='ltr'>καὶ</span> <span class='ocrx_word' id='word_1_103' title='bbox 1192 920 1342 971; x_wconf 82' lang='grc' dir='ltr'>πρέπον.</span> 
     </span>
     <span class='ocr_line' id='line_1_14' title="bbox 277 979 1345 1035; baseline -0.003 -14"><span class='ocrx_word' id='word_1_104' title='bbox 277 982 372 1022; x_wconf 83' lang='grc' dir='ltr'>Οὔτε</span> <span class='ocrx_word' id='word_1_105' title='bbox 389 983 457 1035; x_wconf 84' lang='grc' dir='ltr'>γὰρ</span> <span class='ocrx_word' id='word_1_106' title='bbox 470 982 510 1021; x_wconf 84' lang='grc' dir='ltr'>τὸ</span> <span class='ocrx_word' id='word_1_107' title='bbox 530 982 750 1031; x_wconf 88' lang='grc' dir='ltr'>μεταπῒπτον</span> <span class='ocrx_word' id='word_1_108' title='bbox 767 983 836 1019; x_wconf 82' lang='grc' dir='ltr'>τῶν</span> <span class='ocrx_word' id='word_1_109' title='bbox 855 979 1075 1034; x_wconf 83' lang='grc' dir='ltr'>πραγμάτων</span> <span class='ocrx_word' id='word_1_110' title='bbox 1090 982 1185 1032; x_wconf 81' lang='grc' dir='ltr'>ἡμᾶς</span> <span class='ocrx_word' id='word_1_111' title='bbox 1200 979 1243 1019; x_wconf 84' lang='grc' dir='ltr'>ἄν</span> <span class='ocrx_word' id='word_1_112' title='bbox 1260 995 1345 1019; x_wconf 88' lang='grc' dir='ltr'>ποτε</span> 
     </span>
     <span class='ocr_line' id='line_1_15' title="bbox 277 1039 1343 1094; baseline -0.003 -14"><span class='ocrx_word' id='word_1_113' title='bbox 277 1042 422 1094; x_wconf 84' lang='grc' dir='ltr'>σφήλειε</span> <span class='ocrx_word' id='word_1_114' title='bbox 447 1042 596 1092; x_wconf 85' lang='grc' dir='ltr'>(δέδεται</span> <span class='ocrx_word' id='word_1_115' title='bbox 617 1040 686 1093; x_wconf 80' lang='grc' dir='ltr'>γὰρ</span> <span class='ocrx_word' id='word_1_116' title='bbox 703 1040 788 1093; x_wconf 79' lang='grc' dir='ltr'>πρὸς</span> <span class='ocrx_word' id='word_1_117' title='bbox 808 1039 948 1087; x_wconf 86' lang='grc' dir='ltr'>ἄλληλα</span> <span class='ocrx_word' id='word_1_118' title='bbox 970 1042 1090 1093; x_wconf 84' lang='grc' dir='ltr'>θεσμῷ</span> <span class='ocrx_word' id='word_1_119' title='bbox 1110 1039 1343 1091; x_wconf 87' lang='grc' dir='ltr'>ἀδραστείας,</span> 
     </span>
     <span class='ocr_line' id='line_1_16' title="bbox 278 1094 1345 1153; baseline -0.002 -14"><span class='ocrx_word' id='word_1_120' title='bbox 278 1100 359 1153; x_wconf 74' lang='grc' dir='ltr'>περὶ</span> <span class='ocrx_word' id='word_1_121' title='bbox 374 1094 421 1139; x_wconf 70' lang='grc' dir='ltr'>ὧν</span> <span class='ocrx_word' id='word_1_122' title='bbox 439 1104 457 1139; x_wconf 82' lang='grc' dir='ltr'><em>ὃ</em></span> <span class='ocrx_word' id='word_1_123' title='bbox 474 1100 573 1153; x_wconf 76' lang='grc' dir='ltr'>ὅρκος</span> <span class='ocrx_word' id='word_1_124' title='bbox 591 1099 668 1139; x_wconf 77' lang='grc' dir='ltr'>νυνὶ</span> <span class='ocrx_word' id='word_1_125' title='bbox 688 1099 841 1152; x_wconf 83' lang='grc' dir='ltr'>γίνεται)</span> <span class='ocrx_word' id='word_1_126' title='bbox 861 1098 940 1138; x_wconf 81' lang='grc' dir='ltr'>οὔτε</span> <span class='ocrx_word' id='word_1_127' title='bbox 968 1099 1008 1139; x_wconf 85' lang='grc' dir='ltr'>τὸ</span> <span class='ocrx_word' id='word_1_128' title='bbox 1037 1098 1202 1138; x_wconf 83' lang='grc' dir='ltr'>ταπεινὸν</span> <span class='ocrx_word' id='word_1_129' title='bbox 1232 1100 1345 1138; x_wconf 82' lang='grc' dir='ltr'>αὐτῶν</span> 
     </span>
     <span class='ocr_line' id='line_1_17' title="bbox 276 1158 1343 1212; baseline -0.002 -14"><span class='ocrx_word' id='word_1_130' title='bbox 276 1160 336 1198; x_wconf 83' lang='grc' dir='ltr'>καὶ</span> <span class='ocrx_word' id='word_1_131' title='bbox 357 1160 577 1212; x_wconf 79' lang='grc' dir='ltr'>χαμαιπετὲς</span> <span class='ocrx_word' id='word_1_132' title='bbox 595 1163 655 1198; x_wconf 87' lang='grc' dir='ltr'>τοῦ</span> <span class='ocrx_word' id='word_1_133' title='bbox 673 1159 766 1198; x_wconf 89' lang='grc' dir='ltr'>θείου</span> <span class='ocrx_word' id='word_1_134' title='bbox 785 1159 848 1207; x_wconf 77' lang='grc' dir='ltr'>τὴν</span> <span class='ocrx_word' id='word_1_135' title='bbox 879 1158 1139 1212; x_wconf 82' lang='grc' dir='ltr'>ἐπιμαρτυρίαν</span> <span class='ocrx_word' id='word_1_136' title='bbox 1168 1161 1343 1212; x_wconf 87' lang='grc' dir='ltr'>ἀρνεῖται·</span> 
     </span>
     <span class='ocr_line' id='line_1_18' title="bbox 278 1217 1343 1274; baseline 0 -17"><span class='ocrx_word' id='word_1_137' title='bbox 278 1220 425 1265; x_wconf 82' lang='grc' dir='ltr'>ἀλήθεια</span> <span class='ocrx_word' id='word_1_138' title='bbox 444 1219 511 1272; x_wconf 79' lang='grc' dir='ltr'>γὰρ</span> <span class='ocrx_word' id='word_1_139' title='bbox 529 1219 589 1258; x_wconf 82' lang='grc' dir='ltr'>καὶ</span> <span class='ocrx_word' id='word_1_140' title='bbox 607 1217 714 1274; x_wconf 86' lang='grc' dir='ltr'>ἀρετὴ</span> <span class='ocrx_word' id='word_1_141' title='bbox 734 1219 773 1258; x_wconf 84' lang='grc' dir='ltr'>οὗ</span> <span class='ocrx_word' id='word_1_142' title='bbox 793 1220 897 1270; x_wconf 86' lang='grc' dir='ltr'>μόνον</span> <span class='ocrx_word' id='word_1_143' title='bbox 926 1219 1021 1257; x_wconf 80' lang='grc' dir='ltr'>ἐστὶν</span> <span class='ocrx_word' id='word_1_144' title='bbox 1054 1220 1090 1257; x_wconf 85' lang='grc' dir='ltr'>ἐν</span> <span class='ocrx_word' id='word_1_145' title='bbox 1121 1218 1318 1272; x_wconf 85' lang='grc' dir='ltr'>ἀνθρώποις</span> <span class='ocrx_word' id='word_1_146' title='bbox 1332 1249 1343 1267; x_wconf 86' lang='grc'>,</span> 
     </span>
     <span class='ocr_line' id='line_1_19' title="bbox 278 1277 1347 1332; baseline -0.001 -15"><span class='ocrx_word' id='word_1_147' title='bbox 278 1280 368 1318; x_wconf 87' lang='grc' dir='ltr'>ἀλλὰ</span> <span class='ocrx_word' id='word_1_148' title='bbox 391 1279 452 1319; x_wconf 74' lang='grc' dir='ltr'>καὶ</span> <span class='ocrx_word' id='word_1_149' title='bbox 472 1281 507 1318; x_wconf 85' lang='grc' dir='ltr'>ἐν</span> <span class='ocrx_word' id='word_1_150' title='bbox 527 1283 615 1324; x_wconf 87' lang='grc' dir='ltr'>θεοῖς</span> <span class='ocrx_word' id='word_1_151' title='bbox 634 1278 679 1318; x_wconf 76' lang='grc' dir='ltr'>τὰ</span> <span class='ocrx_word' id='word_1_152' title='bbox 697 1279 862 1332; x_wconf 88' lang='grc' dir='ltr'>μέγιστα.</span> <span class='ocrx_word' id='word_1_153' title='bbox 936 1278 1093 1319; x_wconf 82' lang='grc' dir='ltr'>Ἔπειτα</span> <span class='ocrx_word' id='word_1_154' title='bbox 1123 1278 1185 1318; x_wconf 73' lang='grc' dir='ltr'>καὶ</span> <span class='ocrx_word' id='word_1_155' title='bbox 1211 1281 1230 1318; x_wconf 79' lang='grc' dir='ltr'>ὁ</span> <span class='ocrx_word' id='word_1_156' title='bbox 1247 1277 1347 1331; x_wconf 78' lang='grc' dir='ltr'>ὅρκος</span> 
     </span>
     <span class='ocr_line' id='line_1_20' title="bbox 278 1338 1348 1392; baseline -0.003 -14"><span class='ocrx_word' id='word_1_157' title='bbox 278 1341 376 1392; x_wconf 75' lang='grc' dir='ltr'>αὐτῷ</span> <span class='ocrx_word' id='word_1_158' title='bbox 399 1341 533 1390; x_wconf 89' lang='grc' dir='ltr'>γίνεται</span> <span class='ocrx_word' id='word_1_159' title='bbox 551 1340 688 1392; x_wconf 89' lang='grc' dir='ltr'>δόγμα,</span> <span class='ocrx_word' id='word_1_160' title='bbox 706 1338 760 1377; x_wconf 81' lang='grc' dir='ltr'>ὅτι</span> <span class='ocrx_word' id='word_1_161' title='bbox 777 1338 836 1378; x_wconf 84' lang='grc' dir='ltr'>τὸν</span> <span class='ocrx_word' id='word_1_162' title='bbox 866 1338 1080 1378; x_wconf 82' lang='grc' dir='ltr'>διδάσκαλον</span> <span class='ocrx_word' id='word_1_163' title='bbox 1101 1341 1163 1385; x_wconf 79' lang='grc' dir='ltr'>τῆς</span> <span class='ocrx_word' id='word_1_164' title='bbox 1184 1338 1348 1386; x_wconf 82' lang='grc' dir='ltr'>ἀληθείας</span> 
     </span>
     <span class='ocr_line' id='line_1_21' title="bbox 279 1397 1348 1452; baseline -0.004 -13"><span class='ocrx_word' id='word_1_165' title='bbox 279 1400 370 1439; x_wconf 80' lang='grc' dir='ltr'>οὕτω</span> <span class='ocrx_word' id='word_1_166' title='bbox 398 1400 468 1439; x_wconf 86' lang='grc' dir='ltr'>δέοι</span> <span class='ocrx_word' id='word_1_167' title='bbox 497 1407 616 1452; x_wconf 78' lang='grc' dir='ltr'>τιμᾶν,</span> <span class='ocrx_word' id='word_1_168' title='bbox 636 1403 682 1445; x_wconf 82' lang='grc' dir='ltr'>ὡς</span> <span class='ocrx_word' id='word_1_169' title='bbox 712 1400 772 1439; x_wconf 74' lang='grc' dir='ltr'>καὶ</span> <span class='ocrx_word' id='word_1_170' title='bbox 793 1399 943 1451; x_wconf 80' lang='grc' dir='ltr'>ὀμνύναι</span> <span class='ocrx_word' id='word_1_171' title='bbox 977 1398 1097 1448; x_wconf 78' lang='grc' dir='ltr'>αὐτόν,</span> <span class='ocrx_word' id='word_1_172' title='bbox 1116 1397 1149 1437; x_wconf 85' lang='grc' dir='ltr'>εἴ</span> <span class='ocrx_word' id='word_1_173' title='bbox 1179 1414 1247 1438; x_wconf 89' lang='grc' dir='ltr'>που</span> <span class='ocrx_word' id='word_1_174' title='bbox 1278 1397 1348 1436; x_wconf 87' lang='grc' dir='ltr'>δέοι</span> 
     </span>
    </p>
   </div>
   <div class='ocr_carea' id='block_1_3' title="bbox 276 1532 1348 2420">
    <p class='ocr_par' dir='ltr' id='par_1_3' title="bbox 276 1532 1348 2420">
     <span class='ocr_line' id='line_1_22' title="bbox 280 1532 1343 1583; baseline -0.007 -10"><span class='ocrx_word' id='word_1_175' title='bbox 280 1537 545 1573; x_wconf 89' lang='lat' dir='ltr'>necessitatem</span> <span class='ocrx_word' id='word_1_176' title='bbox 564 1534 819 1583; x_wconf 86' lang='lat' dir='ltr'>jurejurando</span> <span class='ocrx_word' id='word_1_177' title='bbox 841 1535 955 1570; x_wconf 84' lang='lat' dir='ltr'>etiam</span> <span class='ocrx_word' id='word_1_178' title='bbox 977 1532 1192 1570; x_wconf 78' lang='lat' dir='ltr'>confirmat.</span> <span class='ocrx_word' id='word_1_179' title='bbox 1212 1532 1343 1569; x_wconf 81' lang='lat' dir='ltr'>Virtu—</span> 
     </span>
     <span class='ocr_line' id='line_1_23' title="bbox 278 1589 1345 1642; baseline -0.007 -10"><span class='ocrx_word' id='word_1_180' title='bbox 278 1603 354 1632; x_wconf 85' lang='lat' dir='ltr'>tem</span> <span class='ocrx_word' id='word_1_181' title='bbox 375 1596 476 1632; x_wconf 90' lang='lat' dir='ltr'>enim</span> <span class='ocrx_word' id='word_1_182' title='bbox 502 1595 706 1631; x_wconf 88' lang='lat' dir='ltr'>humanam</span> <span class='ocrx_word' id='word_1_183' title='bbox 724 1595 796 1630; x_wconf 87' lang='lat' dir='ltr'>rite</span> <span class='ocrx_word' id='word_1_184' title='bbox 814 1593 1010 1642; x_wconf 80' lang='lat' dir='ltr'>quaesitam</span> <span class='ocrx_word' id='word_1_185' title='bbox 1027 1590 1185 1628; x_wconf 89' lang='lat' dir='ltr'>tendere</span> <span class='ocrx_word' id='word_1_186' title='bbox 1211 1589 1261 1626; x_wconf 91' lang='lat' dir='ltr'>ad</span> <span class='ocrx_word' id='word_1_187' title='bbox 1281 1589 1345 1626; x_wconf 79' lang='lat' dir='ltr'>di-</span> 
     </span>
     <span class='ocr_line' id='line_1_24' title="bbox 276 1650 1344 1699; baseline -0.005 -8"><span class='ocrx_word' id='word_1_188' title='bbox 276 1656 406 1692; x_wconf 87' lang='lat' dir='ltr'>vinam</span> <span class='ocrx_word' id='word_1_189' title='bbox 443 1653 734 1691; x_wconf 89' lang='lat' dir='ltr'>similitudinem</span> <span class='ocrx_word' id='word_1_190' title='bbox 783 1658 1042 1690; x_wconf 83' lang='lat' dir='ltr'>asseveranter</span> <span class='ocrx_word' id='word_1_191' title='bbox 1074 1652 1106 1687; x_wconf 85' lang='lat' dir='ltr'>is</span> <span class='ocrx_word' id='word_1_192' title='bbox 1130 1650 1237 1699; x_wconf 86' lang='lat' dir='ltr'>jurat</span> <span class='ocrx_word' id='word_1_193' title='bbox 1278 1650 1344 1699; x_wconf 89' lang='lat' dir='ltr'>qui</span> 
     </span>
     <span class='ocr_line' id='line_1_25' title="bbox 276 1710 1344 1762; baseline -0.006 -11"><span class='ocrx_word' id='word_1_194' title='bbox 276 1715 373 1751; x_wconf 90' lang='lat' dir='ltr'>illud</span> <span class='ocrx_word' id='word_1_195' title='bbox 393 1715 664 1762; x_wconf 62' lang='lat' dir='ltr'>jusjurandum</span> <span class='ocrx_word' id='word_1_196' title='bbox 684 1715 766 1750; x_wconf 85' lang='lat' dir='ltr'>cole</span> <span class='ocrx_word' id='word_1_197' title='bbox 785 1713 896 1749; x_wconf 89' lang='lat' dir='ltr'>initio</span> <span class='ocrx_word' id='word_1_198' title='bbox 931 1712 1129 1762; x_wconf 84' lang='lat' dir='ltr'>praecepit.</span> <span class='ocrx_word' id='word_1_199' title='bbox 1162 1711 1222 1748; x_wconf 94' lang='lat' dir='ltr'>Ibi</span> <span class='ocrx_word' id='word_1_200' title='bbox 1243 1710 1344 1746; x_wconf 91' lang='lat' dir='ltr'>enim</span> 
     </span>
     <span class='ocr_line' id='line_1_26' title="bbox 277 1768 1344 1822; baseline -0.006 -11"><span class='ocrx_word' id='word_1_201' title='bbox 277 1787 348 1810; x_wconf 90' lang='lat' dir='ltr'>nos</span> <span class='ocrx_word' id='word_1_202' title='bbox 364 1773 478 1822; x_wconf 84' lang='lat' dir='ltr'>jubet</span> <span class='ocrx_word' id='word_1_203' title='bbox 489 1773 745 1821; x_wconf 87' lang='lat' dir='ltr'>jurejurando</span> <span class='ocrx_word' id='word_1_204' title='bbox 762 1773 954 1809; x_wconf 89' lang='lat' dir='ltr'>abstinere</span> <span class='ocrx_word' id='word_1_205' title='bbox 967 1772 1007 1807; x_wconf 93' lang='lat' dir='ltr'>in</span> <span class='ocrx_word' id='word_1_206' title='bbox 1022 1771 1139 1807; x_wconf 89' lang='lat' dir='ltr'>rebus</span> <span class='ocrx_word' id='word_1_207' title='bbox 1156 1783 1240 1819; x_wconf 87' lang='lat' dir='ltr'>quae</span> <span class='ocrx_word' id='word_1_208' title='bbox 1259 1768 1344 1806; x_wconf 86' lang='lat' dir='ltr'>fieri</span> 
     </span>
     <span class='ocr_line' id='line_1_27' title="bbox 281 1830 1341 1882; baseline -0.003 -12"><span class='ocrx_word' id='word_1_209' title='bbox 281 1839 440 1882; x_wconf 87' lang='lat' dir='ltr'><strong>possunt</strong></span> <span class='ocrx_word' id='word_1_210' title='bbox 459 1841 497 1870; x_wconf 91' lang='lat' dir='ltr'>ct</span> <span class='ocrx_word' id='word_1_211' title='bbox 530 1846 613 1881; x_wconf 87' lang='lat' dir='ltr'>quae</span> <span class='ocrx_word' id='word_1_212' title='bbox 636 1832 795 1869; x_wconf 71' lang='lat' dir='ltr'>eventfis</span> <span class='ocrx_word' id='word_1_213' title='bbox 814 1830 929 1868; x_wconf 83' lang='lat' dir='ltr'>finem</span> <span class='ocrx_word' id='word_1_214' title='bbox 957 1831 1103 1867; x_wconf 87' lang='lat' dir='ltr'>habent</span> <span class='ocrx_word' id='word_1_215' title='bbox 1132 1831 1341 1867; x_wconf 85' lang='lat' dir='ltr'>incertum.</span> 
     </span>
     <span class='ocr_line' id='line_1_28' title="bbox 281 1886 1344 1941; baseline -0.005 -12"><span class='ocrx_word' id='word_1_216' title='bbox 281 1895 380 1930; x_wconf 86' lang='lat' dir='ltr'>Nam</span> <span class='ocrx_word' id='word_1_217' title='bbox 401 1905 521 1941; x_wconf 87' lang='lat' dir='ltr'>quum</span> <span class='ocrx_word' id='word_1_218' title='bbox 542 1893 598 1928; x_wconf 86' lang='lat' dir='ltr'>hae</span> <span class='ocrx_word' id='word_1_219' title='bbox 625 1886 663 1928; x_wconf 85' lang='lat' dir='ltr'>et</span> <span class='ocrx_word' id='word_1_220' title='bbox 680 1904 808 1941; x_wconf 78' lang='lat' dir='ltr'>parvae</span> <span class='ocrx_word' id='word_1_221' title='bbox 827 1891 902 1927; x_wconf 89' lang='lat' dir='ltr'>sint</span> <span class='ocrx_word' id='word_1_222' title='bbox 922 1897 959 1927; x_wconf 90' lang='lat' dir='ltr'>et</span> <span class='ocrx_word' id='word_1_223' title='bbox 980 1890 1186 1926; x_wconf 85' lang='lat' dir='ltr'>mutabiles</span> <span class='ocrx_word' id='word_1_224' title='bbox 1200 1917 1210 1937; x_wconf 89' lang='lat'>,</span> <span class='ocrx_word' id='word_1_225' title='bbox 1227 1890 1268 1924; x_wconf 91' lang='lat' dir='ltr'>in</span> <span class='ocrx_word' id='word_1_226' title='bbox 1298 1890 1344 1924; x_wconf 87' lang='lat' dir='ltr'>iis</span> 
     </span>
     <span class='ocr_line' id='line_1_29' title="bbox 280 1949 1341 2001; baseline -0.005 -12"><span class='ocrx_word' id='word_1_227' title='bbox 280 1952 408 2000; x_wconf 81' lang='lat' dir='ltr'>jurare</span> <span class='ocrx_word' id='word_1_228' title='bbox 427 1964 555 2001; x_wconf 88' lang='lat' dir='ltr'>neque</span> <span class='ocrx_word' id='word_1_229' title='bbox 573 1951 685 1988; x_wconf 88' lang='lat' dir='ltr'>decet</span> <span class='ocrx_word' id='word_1_230' title='bbox 713 1962 840 1999; x_wconf 87' lang='lat' dir='ltr'>neque</span> <span class='ocrx_word' id='word_1_231' title='bbox 862 1957 988 1986; x_wconf 91' lang='lat' dir='ltr'>tutum</span> <span class='ocrx_word' id='word_1_232' title='bbox 1006 1957 1082 1996; x_wconf 89' lang='lat' dir='ltr'>est,</span> <span class='ocrx_word' id='word_1_233' title='bbox 1102 1949 1199 1998; x_wconf 66' lang='lat' dir='ltr'>quia,</span> <span class='ocrx_word' id='word_1_234' title='bbox 1213 1959 1276 1985; x_wconf 90' lang='lat' dir='ltr'>eas</span> <span class='ocrx_word' id='word_1_235' title='bbox 1292 1949 1341 1985; x_wconf 86' lang='lat' dir='ltr'>ad</span> 
     </span>
     <span class='ocr_line' id='line_1_30' title="bbox 280 2008 1344 2059; baseline -0.005 -11"><span class='ocrx_word' id='word_1_236' title='bbox 280 2012 427 2048; x_wconf 85' lang='lat' dir='ltr'>exitum</span> <span class='ocrx_word' id='word_1_237' title='bbox 459 2010 680 2048; x_wconf 87' lang='lat' dir='ltr'>adducendi</span> <span class='ocrx_word' id='word_1_238' title='bbox 698 2016 933 2059; x_wconf 89' lang='lat' dir='ltr'>potestatem</span> <span class='ocrx_word' id='word_1_239' title='bbox 964 2021 1045 2045; x_wconf 91' lang='lat' dir='ltr'>non</span> <span class='ocrx_word' id='word_1_240' title='bbox 1072 2008 1273 2046; x_wconf 87' lang='lat' dir='ltr'>habemus.</span> <span class='ocrx_word' id='word_1_241' title='bbox 1299 2009 1344 2044; x_wconf 90' lang='lat' dir='ltr'>In</span> 
     </span>
     <span class='ocr_line' id='line_1_31' title="bbox 280 2068 1346 2119; baseline -0.004 -12"><span class='ocrx_word' id='word_1_242' title='bbox 280 2071 395 2107; x_wconf 89' lang='lat' dir='ltr'>rebus</span> <span class='ocrx_word' id='word_1_243' title='bbox 412 2070 664 2119; x_wconf 81' lang='lat' dir='ltr'>praesentibus</span> <span class='ocrx_word' id='word_1_244' title='bbox 681 2076 810 2106; x_wconf 91' lang='lat' dir='ltr'>autem</span> <span class='ocrx_word' id='word_1_245' title='bbox 829 2077 868 2106; x_wconf 92' lang='lat' dir='ltr'>et</span> <span class='ocrx_word' id='word_1_246' title='bbox 886 2069 1097 2105; x_wconf 85' lang='lat' dir='ltr'>necessaria</span> <span class='ocrx_word' id='word_1_247' title='bbox 1113 2068 1210 2104; x_wconf 91' lang='lat' dir='ltr'>serie</span> <span class='ocrx_word' id='word_1_248' title='bbox 1225 2080 1346 2116; x_wconf 92' lang='lat' dir='ltr'>copu-</span> 
     </span>
     <span class='ocr_line' id='line_1_32' title="bbox 283 2125 1343 2179; baseline -0.002 -13"><span class='ocrx_word' id='word_1_249' title='bbox 283 2131 367 2166; x_wconf 83' lang='lat' dir='ltr'>latis</span> <span class='ocrx_word' id='word_1_250' title='bbox 396 2137 434 2166; x_wconf 92' lang='lat' dir='ltr'>et</span> <span class='ocrx_word' id='word_1_251' title='bbox 464 2129 695 2179; x_wconf 84' lang='lat' dir='ltr'>gravissimis</span> <span class='ocrx_word' id='word_1_252' title='bbox 721 2128 856 2177; x_wconf 88' lang='lat' dir='ltr'>jurare</span> <span class='ocrx_word' id='word_1_253' title='bbox 894 2135 1021 2164; x_wconf 87' lang='lat' dir='ltr'>tutum</span> <span class='ocrx_word' id='word_1_254' title='bbox 1050 2135 1107 2164; x_wconf 89' lang='lat' dir='ltr'>est</span> <span class='ocrx_word' id='word_1_255' title='bbox 1139 2139 1183 2163; x_wconf 88' lang='lat' dir='ltr'>ac</span> <span class='ocrx_word' id='word_1_256' title='bbox 1219 2125 1343 2164; x_wconf 89' lang='lat' dir='ltr'>decet.</span> 
     </span>
     <span class='ocr_line' id='line_1_33' title="bbox 281 2188 1346 2237; baseline -0.004 -12"><span class='ocrx_word' id='word_1_257' title='bbox 281 2190 415 2237; x_wconf 85' lang='lat' dir='ltr'>Neque</span> <span class='ocrx_word' id='word_1_258' title='bbox 447 2189 548 2224; x_wconf 91' lang='lat' dir='ltr'>enim</span> <span class='ocrx_word' id='word_1_259' title='bbox 565 2188 737 2236; x_wconf 89' lang='lat' dir='ltr'>ipsarum</span> <span class='ocrx_word' id='word_1_260' title='bbox 770 2200 900 2224; x_wconf 83' lang='lat' dir='ltr'>rerum</span> <span class='ocrx_word' id='word_1_261' title='bbox 924 2188 1159 2224; x_wconf 85' lang='lat' dir='ltr'>mutabilitas</span> <span class='ocrx_word' id='word_1_262' title='bbox 1183 2199 1255 2223; x_wconf 87' lang='lat' dir='ltr'>nos</span> <span class='ocrx_word' id='word_1_263' title='bbox 1276 2198 1346 2221; x_wconf 87' lang='lat' dir='ltr'>un-</span> 
     </span>
     <span class='ocr_line' id='line_1_34' title="bbox 283 2248 1348 2298; baseline -0.001 -14"><span class='ocrx_word' id='word_1_264' title='bbox 283 2261 400 2296; x_wconf 86' lang='lat' dir='ltr'>quam</span> <span class='ocrx_word' id='word_1_265' title='bbox 434 2248 613 2286; x_wconf 80' lang='lat' dir='ltr'><strong>fefellerit</strong></span> <span class='ocrx_word' id='word_1_266' title='bbox 651 2249 820 2298; x_wconf 89' lang='lat' dir='ltr'>(quippe</span> <span class='ocrx_word' id='word_1_267' title='bbox 857 2248 1042 2285; x_wconf 84' lang='lat' dir='ltr'>Adrastiae</span> <span class='ocrx_word' id='word_1_268' title='bbox 1075 2249 1158 2298; x_wconf 79' lang='lat' dir='ltr'>lege</span> <span class='ocrx_word' id='word_1_269' title='bbox 1184 2249 1284 2283; x_wconf 86' lang='lat' dir='ltr'>inter</span> <span class='ocrx_word' id='word_1_270' title='bbox 1310 2259 1348 2283; x_wconf 92' lang='lat' dir='ltr'>se</span> 
     </span>
     <span class='ocr_line' id='line_1_35' title="bbox 283 2307 1348 2357; baseline -0.002 -13"><span class='ocrx_word' id='word_1_271' title='bbox 283 2309 414 2344; x_wconf 84' lang='lat' dir='ltr'>vincta</span> <span class='ocrx_word' id='word_1_272' title='bbox 435 2316 525 2345; x_wconf 91' lang='lat' dir='ltr'>sunt</span> <span class='ocrx_word' id='word_1_273' title='bbox 545 2309 610 2345; x_wconf 92' lang='lat' dir='ltr'>illa</span> <span class='ocrx_word' id='word_1_274' title='bbox 623 2335 635 2355; x_wconf 91' lang='lat'>,</span> <span class='ocrx_word' id='word_1_275' title='bbox 656 2309 697 2344; x_wconf 89' lang='lat' dir='ltr'>in</span> <span class='ocrx_word' id='word_1_276' title='bbox 720 2308 861 2357; x_wconf 88' lang='lat' dir='ltr'>quibus</span> <span class='ocrx_word' id='word_1_277' title='bbox 878 2308 954 2344; x_wconf 90' lang='lat' dir='ltr'>hoc</span> <span class='ocrx_word' id='word_1_278' title='bbox 972 2308 1063 2345; x_wconf 87' lang='lat' dir='ltr'>loco</span> <span class='ocrx_word' id='word_1_279' title='bbox 1079 2307 1348 2355; x_wconf 84' lang='lat' dir='ltr'>jusjurandum</span> 
     </span>
     <span class='ocr_line' id='line_1_36' title="bbox 282 2366 1347 2420; baseline -0.001 -16"><span class='ocrx_word' id='word_1_280' title='bbox 282 2366 519 2420; x_wconf 79' lang='lat' dir='ltr'>adhibetur),</span> <span class='ocrx_word' id='word_1_281' title='bbox 535 2380 662 2417; x_wconf 90' lang='lat' dir='ltr'>neque</span> <span class='ocrx_word' id='word_1_282' title='bbox 678 2380 811 2405; x_wconf 87' lang='lat' dir='ltr'>earum</span> <span class='ocrx_word' id='word_1_283' title='bbox 826 2369 952 2404; x_wconf 78' lang='lat' dir='ltr'>vilitas</span> <span class='ocrx_word' id='word_1_284' title='bbox 962 2376 1000 2404; x_wconf 90' lang='lat' dir='ltr'>et</span> <span class='ocrx_word' id='word_1_285' title='bbox 1014 2369 1206 2404; x_wconf 85' lang='lat' dir='ltr'>humilitas</span> <span class='ocrx_word' id='word_1_286' title='bbox 1222 2369 1347 2404; x_wconf 89' lang='lat' dir='ltr'>Deum</span> 
     </span>
    </p>
   </div>
   <div class='ocr_carea' id='block_1_4' title="bbox 286 2424 1358 2474">
    <p class='ocr_par' dir='ltr' id='par_1_4' title="bbox 286 2424 1358 2474">
     <span class='ocr_line' id='line_1_37' title="bbox 286 2424 1358 2474; baseline 0 -11"><span class='ocrx_word' id='word_1_287' title='bbox 286 2434 420 2463; x_wconf 90' lang='lat' dir='ltr'>testem</span> <span class='ocrx_word' id='word_1_288' title='bbox 440 2434 616 2474; x_wconf 88' lang='lat' dir='ltr'>recusat;</span> <span class='ocrx_word' id='word_1_289' title='bbox 643 2429 784 2467; x_wconf 86' lang='lat' dir='ltr'>veritas</span> <span class='ocrx_word' id='word_1_290' title='bbox 804 2429 906 2464; x_wconf 91' lang='lat' dir='ltr'>enim</span> <span class='ocrx_word' id='word_1_291' title='bbox 925 2435 963 2464; x_wconf 87' lang='lat' dir='ltr'>et</span> <span class='ocrx_word' id='word_1_292' title='bbox 981 2429 1103 2464; x_wconf 82' lang='lat' dir='ltr'>virtus</span> <span class='ocrx_word' id='word_1_293' title='bbox 1123 2440 1203 2464; x_wconf 90' lang='lat' dir='ltr'>non</span> <span class='ocrx_word' id='word_1_294' title='bbox 1223 2424 1358 2464; x_wconf 60' lang='lat' dir='ltr'>solum*</span> 
     </span>
    </p>
   </div>
   <div class='ocr_carea' id='block_1_5' title="bbox 285 2487 1358 3490">
    <p class='ocr_par' dir='ltr' id='par_1_5' title="bbox 285 2487 1358 3490">
     <span class='ocr_line' id='line_1_38' title="bbox 285 2487 1349 2537; baseline 0.001 -14"><span class='ocrx_word' id='word_1_295' title='bbox 285 2487 390 2535; x_wconf 89' lang='lat' dir='ltr'>apud</span> <span class='ocrx_word' id='word_1_296' title='bbox 412 2488 612 2533; x_wconf 89' lang='lat' dir='ltr'>homines,</span> <span class='ocrx_word' id='word_1_297' title='bbox 645 2487 712 2524; x_wconf 93' lang='lat' dir='ltr'>sed</span> <span class='ocrx_word' id='word_1_298' title='bbox 738 2487 842 2537; x_wconf 88' lang='lat' dir='ltr'>apud</span> <span class='ocrx_word' id='word_1_299' title='bbox 871 2488 964 2524; x_wconf 90' lang='lat' dir='ltr'>deos</span> <span class='ocrx_word' id='word_1_300' title='bbox 996 2499 1153 2536; x_wconf 87' lang='lat' dir='ltr'>quoque</span> <span class='ocrx_word' id='word_1_301' title='bbox 1183 2488 1349 2524; x_wconf 87' lang='lat' dir='ltr'>maxima</span> 
     </span>
     <span class='ocr_line' id='line_1_39' title="bbox 286 2545 1349 2596; baseline -0.001 -14"><span class='ocrx_word' id='word_1_302' title='bbox 286 2553 385 2583; x_wconf 88' lang='lat' dir='ltr'>sunt.</span> <span class='ocrx_word' id='word_1_303' title='bbox 409 2547 557 2583; x_wconf 88' lang='lat' dir='ltr'>Deinde</span> <span class='ocrx_word' id='word_1_304' title='bbox 575 2555 612 2583; x_wconf 92' lang='lat' dir='ltr'>et</span> <span class='ocrx_word' id='word_1_305' title='bbox 628 2546 899 2594; x_wconf 87' lang='lat' dir='ltr'>jusjurandum</span> <span class='ocrx_word' id='word_1_306' title='bbox 917 2547 972 2583; x_wconf 82' lang='lat' dir='ltr'>illi</span> <span class='ocrx_word' id='word_1_307' title='bbox 992 2545 1133 2596; x_wconf 87' lang='lat' dir='ltr'>dogma</span> <span class='ocrx_word' id='word_1_308' title='bbox 1155 2545 1225 2591; x_wconf 87' lang='lat' dir='ltr'>fit,</span> <span class='ocrx_word' id='word_1_309' title='bbox 1246 2547 1349 2582; x_wconf 85' lang='lat' dir='ltr'>veri-</span> 
     </span>
     <span class='ocr_line' id='line_1_40' title="bbox 287 2605 1351 2655; baseline 0.003 -16"><span class='ocrx_word' id='word_1_310' title='bbox 287 2605 375 2640; x_wconf 88' lang='lat' dir='ltr'>tatis</span> <span class='ocrx_word' id='word_1_311' title='bbox 393 2606 615 2654; x_wconf 84' lang='lat' dir='ltr'>magistrum</span> <span class='ocrx_word' id='word_1_312' title='bbox 633 2618 679 2642; x_wconf 93' lang='lat' dir='ltr'>eo</span> <span class='ocrx_word' id='word_1_313' title='bbox 695 2606 846 2642; x_wconf 89' lang='lat' dir='ltr'>honore</span> <span class='ocrx_word' id='word_1_314' title='bbox 862 2605 1177 2655; x_wconf 86' lang='lat' dir='ltr'>prosequendum</span> <span class='ocrx_word' id='word_1_315' title='bbox 1194 2617 1293 2652; x_wconf 89' lang='lat' dir='ltr'>esse,</span> <span class='ocrx_word' id='word_1_316' title='bbox 1307 2612 1351 2642; x_wconf 90' lang='lat' dir='ltr'>ut</span> 
     </span>
     <span class='ocr_line' id='line_1_41' title="bbox 288 2665 1351 2715; baseline 0.002 -16"><span class='ocrx_word' id='word_1_317' title='bbox 288 2675 360 2712; x_wconf 88' lang='lat' dir='ltr'>per</span> <span class='ocrx_word' id='word_1_318' title='bbox 374 2675 460 2699; x_wconf 87' lang='lat' dir='ltr'>eum</span> <span class='ocrx_word' id='word_1_319' title='bbox 481 2666 592 2701; x_wconf 85' lang='lat' dir='ltr'>etiam</span> <span class='ocrx_word' id='word_1_320' title='bbox 603 2665 777 2712; x_wconf 88' lang='lat' dir='ltr'>juremus</span> <span class='ocrx_word' id='word_1_321' title='bbox 790 2692 801 2711; x_wconf 96' lang='lat'>,</span> <span class='ocrx_word' id='word_1_322' title='bbox 826 2665 1029 2713; x_wconf 88' lang='lat' dir='ltr'>siquando</span> <span class='ocrx_word' id='word_1_323' title='bbox 1051 2665 1100 2708; x_wconf 87' lang='lat' dir='ltr'>ad</span> <span class='ocrx_word' id='word_1_324' title='bbox 1118 2666 1351 2715; x_wconf 87' lang='lat' dir='ltr'>placitorum</span> 
     </span>
     <span class='ocr_line' id='line_1_42' title="bbox 289 2721 1353 2774; baseline 0.002 -16"><span class='ocrx_word' id='word_1_325' title='bbox 289 2721 621 2760; x_wconf 87' lang='lat' dir='ltr'>confirmationem</span> <span class='ocrx_word' id='word_1_326' title='bbox 653 2736 750 2772; x_wconf 90' lang='lat' dir='ltr'>opus</span> <span class='ocrx_word' id='word_1_327' title='bbox 779 2725 845 2771; x_wconf 91' lang='lat' dir='ltr'>sit,</span> <span class='ocrx_word' id='word_1_328' title='bbox 874 2737 946 2761; x_wconf 90' lang='lat' dir='ltr'>nec</span> <span class='ocrx_word' id='word_1_329' title='bbox 978 2723 1106 2761; x_wconf 89' lang='lat' dir='ltr'>solum</span> <span class='ocrx_word' id='word_1_330' title='bbox 1141 2725 1239 2761; x_wconf 87' lang='lat' dir='ltr'>illud</span> <span class='ocrx_word' id='word_1_331' title='bbox 1273 2727 1353 2774; x_wconf 76' lang='lat' dir='ltr'>ipse</span> 
     </span>
     <span class='ocr_line' id='line_1_43' title="bbox 288 2782 1352 2830; baseline 0.003 -12"><span class='ocrx_word' id='word_1_332' title='bbox 288 2783 390 2818; x_wconf 73' lang='lat' dir='ltr'>dixit</span> <span class='ocrx_word' id='word_1_333' title='bbox 405 2782 452 2819; x_wconf 92' lang='lat' dir='ltr'>de</span> <span class='ocrx_word' id='word_1_334' title='bbox 474 2795 520 2819; x_wconf 91' lang='lat' dir='ltr'>eo</span> <span class='ocrx_word' id='word_1_335' title='bbox 542 2783 734 2830; x_wconf 87' lang='lat' dir='ltr'>dicamus,</span> <span class='ocrx_word' id='word_1_336' title='bbox 765 2784 833 2821; x_wconf 89' lang='lat' dir='ltr'>sed</span> <span class='ocrx_word' id='word_1_337' title='bbox 852 2786 965 2821; x_wconf 89' lang='lat' dir='ltr'>etiam</span> <span class='ocrx_word' id='word_1_338' title='bbox 981 2785 1061 2821; x_wconf 87' lang='lat' dir='ltr'>haec</span> <span class='ocrx_word' id='word_1_339' title='bbox 1078 2786 1131 2821; x_wconf 89' lang='lat' dir='ltr'>ita</span> <span class='ocrx_word' id='word_1_340' title='bbox 1150 2797 1190 2821; x_wconf 92' lang='lat' dir='ltr'>se</span> <span class='ocrx_word' id='word_1_341' title='bbox 1208 2784 1352 2823; x_wconf 83' lang='lat' dir='ltr'>habere</span> 
     </span>
     <span class='ocr_line' id='line_1_44' title="bbox 286 2841 1352 2894; baseline 0.004 -16"><span class='ocrx_word' id='word_1_342' title='bbox 286 2855 359 2892; x_wconf 82' lang='lat' dir='ltr'>per</span> <span class='ocrx_word' id='word_1_343' title='bbox 372 2843 547 2882; x_wconf 83' lang='lat' dir='ltr'>eundem.</span> <span class='ocrx_word' id='word_1_344' title='bbox 566 2841 688 2880; x_wconf 92' lang='lat' dir='ltr'>Simul</span> <span class='ocrx_word' id='word_1_345' title='bbox 706 2856 799 2880; x_wconf 89' lang='lat' dir='ltr'>vero</span> <span class='ocrx_word' id='word_1_346' title='bbox 817 2844 865 2881; x_wconf 90' lang='lat' dir='ltr'>de</span> <span class='ocrx_word' id='word_1_347' title='bbox 887 2846 1125 2894; x_wconf 90' lang='lat' dir='ltr'>optimorum</span> <span class='ocrx_word' id='word_1_348' title='bbox 1150 2845 1352 2882; x_wconf 86' lang='lat' dir='ltr'>habituum</span> 
     </span>
     <span class='ocr_line' id='line_1_45' title="bbox 290 2901 1353 2955; baseline 0.004 -18"><span class='ocrx_word' id='word_1_349' title='bbox 290 2901 579 2950; x_wconf 86' lang='lat' dir='ltr'>conjunctione,</span> <span class='ocrx_word' id='word_1_350' title='bbox 597 2903 773 2939; x_wconf 87' lang='lat' dir='ltr'>adhibito</span> <span class='ocrx_word' id='word_1_351' title='bbox 783 2902 1060 2951; x_wconf 83' lang='lat' dir='ltr'>jurejurando,</span> <span class='ocrx_word' id='word_1_352' title='bbox 1080 2905 1353 2955; x_wconf 85' lang='lat' dir='ltr'>theologorum</span> 
     </span>
     <span class='ocr_line' id='line_1_46' title="bbox 287 2962 1354 3013; baseline 0.003 -16"><span class='ocrx_word' id='word_1_353' title='bbox 287 2971 399 2998; x_wconf 77' lang='lat' dir='ltr'>more</span> <span class='ocrx_word' id='word_1_354' title='bbox 418 2962 496 3011; x_wconf 83' lang='lat' dir='ltr'>agit</span> <span class='ocrx_word' id='word_1_355' title='bbox 512 2969 549 2998; x_wconf 88' lang='lat' dir='ltr'>et</span> <span class='ocrx_word' id='word_1_356' title='bbox 568 2966 849 3011; x_wconf 81' lang='lat' dir='ltr'>quaternarium</span> <span class='ocrx_word' id='word_1_357' title='bbox 867 2976 1079 3009; x_wconf 80' lang='lat' dir='ltr'>numerum,</span> <span class='ocrx_word' id='word_1_358' title='bbox 1116 2967 1354 3013; x_wconf 79' lang='lat' dir='ltr'>sempitemoe</span> 
     </span>
     <span class='ocr_line' id='line_1_47' title="bbox 291 3019 1354 3073; baseline 0.004 -17"><span class='ocrx_word' id='word_1_359' title='bbox 291 3032 422 3057; x_wconf 86' lang='lat' dir='ltr'>rerum</span> <span class='ocrx_word' id='word_1_360' title='bbox 443 3022 727 3058; x_wconf 86' lang='lat' dir='ltr'>constitutionis</span> <span class='ocrx_word' id='word_1_361' title='bbox 744 3019 891 3065; x_wconf 84' lang='lat' dir='ltr'>fontem</span> <span class='ocrx_word' id='word_1_362' title='bbox 902 3052 915 3071; x_wconf 89' lang='lat'>,</span> <span class='ocrx_word' id='word_1_363' title='bbox 933 3023 1098 3060; x_wconf 86' lang='lat' dir='ltr'>eundem</span> <span class='ocrx_word' id='word_1_364' title='bbox 1118 3031 1157 3060; x_wconf 92' lang='lat' dir='ltr'>et</span> <span class='ocrx_word' id='word_1_365' title='bbox 1176 3023 1354 3073; x_wconf 85' lang='lat' dir='ltr'>opificem</span> 
     </span>
     <span class='ocr_line' id='line_1_48' title="bbox 291 3080 1356 3131; baseline 0.004 -16"><span class='ocrx_word' id='word_1_366' title='bbox 291 3081 415 3116; x_wconf 88' lang='lat' dir='ltr'>Deum</span> <span class='ocrx_word' id='word_1_367' title='bbox 436 3092 514 3117; x_wconf 86' lang='lat' dir='ltr'>esse</span> <span class='ocrx_word' id='word_1_368' title='bbox 536 3080 720 3119; x_wconf 87' lang='lat' dir='ltr'>declarat.</span> <span class='ocrx_word' id='word_1_369' title='bbox 742 3081 951 3129; x_wconf 75' lang='lat' dir='ltr'>Quomodo</span> <span class='ocrx_word' id='word_1_370' title='bbox 968 3095 1061 3119; x_wconf 85' lang='lat' dir='ltr'>vero</span> <span class='ocrx_word' id='word_1_371' title='bbox 1090 3087 1356 3131; x_wconf 80' lang='lat' dir='ltr'>quaternarius</span> 
     </span>
     <span class='ocr_line' id='line_1_49' title="bbox 292 3141 1352 3190; baseline 0.007 -16"><span class='ocrx_word' id='word_1_372' title='bbox 292 3151 467 3175; x_wconf 84' lang='lat' dir='ltr'>numerus</span> <span class='ocrx_word' id='word_1_373' title='bbox 496 3141 598 3176; x_wconf 93' lang='lat' dir='ltr'>Deus</span> <span class='ocrx_word' id='word_1_374' title='bbox 627 3142 706 3178; x_wconf 80' lang='lat' dir='ltr'>est?</span> <span class='ocrx_word' id='word_1_375' title='bbox 738 3142 797 3177; x_wconf 90' lang='lat' dir='ltr'>Ita</span> <span class='ocrx_word' id='word_1_376' title='bbox 816 3153 896 3178; x_wconf 90' lang='lat' dir='ltr'>esse</span> <span class='ocrx_word' id='word_1_377' title='bbox 922 3154 970 3179; x_wconf 82' lang='lat' dir='ltr'>ex</span> <span class='ocrx_word' id='word_1_378' title='bbox 997 3142 1120 3180; x_wconf 83' lang='lat' dir='ltr'>Sacro</span> <span class='ocrx_word' id='word_1_379' title='bbox 1140 3141 1352 3190; x_wconf 81' lang='lat' dir='ltr'>Sermone,</span> 
     </span>
     <span class='ocr_line' id='line_1_50' title="bbox 295 3195 1355 3251; baseline 0.007 -19"><span class='ocrx_word' id='word_1_380' title='bbox 295 3198 362 3245; x_wconf 88' lang='lat' dir='ltr'>qui</span> <span class='ocrx_word' id='word_1_381' title='bbox 398 3195 627 3248; x_wconf 81' lang='lat' dir='ltr'>Pythagorae</span> <span class='ocrx_word' id='word_1_382' title='bbox 655 3197 854 3246; x_wconf 85' lang='lat' dir='ltr'>tribuitur,</span> <span class='ocrx_word' id='word_1_383' title='bbox 884 3201 1001 3250; x_wconf 88' lang='lat' dir='ltr'>plane</span> <span class='ocrx_word' id='word_1_384' title='bbox 1038 3201 1178 3247; x_wconf 89' lang='lat' dir='ltr'>disces,</span> <span class='ocrx_word' id='word_1_385' title='bbox 1207 3203 1247 3238; x_wconf 89' lang='lat' dir='ltr'>in</span> <span class='ocrx_word' id='word_1_386' title='bbox 1276 3215 1355 3251; x_wconf 91' lang='lat' dir='ltr'>quo</span> 
     </span>
     <span class='ocr_line' id='line_1_51' title="bbox 295 3258 1355 3299; baseline 0.005 -6"><span class='ocrx_word' id='word_1_387' title='bbox 295 3258 399 3294; x_wconf 91' lang='lat' dir='ltr'>Deus</span> <span class='ocrx_word' id='word_1_388' title='bbox 427 3270 680 3295; x_wconf 88' lang='lat' dir='ltr'>numerorum</span> <span class='ocrx_word' id='word_1_389' title='bbox 712 3271 897 3297; x_wconf 88' lang='lat' dir='ltr'>numerus</span> <span class='ocrx_word' id='word_1_390' title='bbox 935 3260 1166 3299; x_wconf 86' lang='lat' dir='ltr'>celebratur.</span> <span class='ocrx_word' id='word_1_391' title='bbox 1191 3262 1227 3298; x_wconf 86' lang='lat' dir='ltr'>si</span> <span class='ocrx_word' id='word_1_392' title='bbox 1254 3264 1355 3298; x_wconf 91' lang='lat' dir='ltr'>enim</span> 
     </span>
     <span class='ocr_line' id='line_1_52' title="bbox 296 3318 1358 3367; baseline 0.006 -15"><span class='ocrx_word' id='word_1_393' title='bbox 296 3328 357 3353; x_wconf 88' lang='lat' dir='ltr'>res</span> <span class='ocrx_word' id='word_1_394' title='bbox 386 3329 518 3354; x_wconf 90' lang='lat' dir='ltr'>omnes</span> <span class='ocrx_word' id='word_1_395' title='bbox 549 3318 789 3367; x_wconf 88' lang='lat' dir='ltr'>sempiternis</span> <span class='ocrx_word' id='word_1_396' title='bbox 818 3319 899 3367; x_wconf 84' lang='lat' dir='ltr'>ejus</span> <span class='ocrx_word' id='word_1_397' title='bbox 934 3321 1102 3357; x_wconf 90' lang='lat' dir='ltr'>consiliis</span> <span class='ocrx_word' id='word_1_398' title='bbox 1128 3328 1261 3358; x_wconf 86' lang='lat' dir='ltr'>creatae</span> <span class='ocrx_word' id='word_1_399' title='bbox 1290 3335 1358 3358; x_wconf 88' lang='lat' dir='ltr'>ex-</span> 
     </span>
     <span class='ocr_line' id='line_1_53' title="bbox 298 3381 1356 3429; baseline 0.006 -17"><span class='ocrx_word' id='word_1_400' title='bbox 298 3383 418 3423; x_wconf 88' lang='lat' dir='ltr'>stant,</span> <span class='ocrx_word' id='word_1_401' title='bbox 437 3385 620 3427; x_wconf 87' lang='lat' dir='ltr'>apparet,</span> <span class='ocrx_word' id='word_1_402' title='bbox 636 3390 838 3415; x_wconf 89' lang='lat' dir='ltr'>numerum</span> <span class='ocrx_word' id='word_1_403' title='bbox 856 3392 1028 3428; x_wconf 88' lang='lat' dir='ltr'>quoque,</span> <span class='ocrx_word' id='word_1_404' title='bbox 1044 3381 1109 3428; x_wconf 91' lang='lat' dir='ltr'>qui</span> <span class='ocrx_word' id='word_1_405' title='bbox 1130 3381 1168 3416; x_wconf 89' lang='lat' dir='ltr'>in</span> <span class='ocrx_word' id='word_1_406' title='bbox 1187 3382 1356 3429; x_wconf 85' lang='lat' dir='ltr'>qualibet</span> 
     </span>
     <span class='ocr_line' id='line_1_54' title="bbox 298 3438 1351 3490; baseline 0.005 -18"><span class='ocrx_word' id='word_1_407' title='bbox 298 3447 426 3472; x_wconf 85' lang='lat' dir='ltr'>rerum</span> <span class='ocrx_word' id='word_1_408' title='bbox 448 3438 572 3487; x_wconf 87' lang='lat' dir='ltr'>specie</span> <span class='ocrx_word' id='word_1_409' title='bbox 588 3445 663 3485; x_wconf 81' lang='lat' dir='ltr'>cst,</span> <span class='ocrx_word' id='word_1_410' title='bbox 679 3450 725 3475; x_wconf 87' lang='lat' dir='ltr'>ex</span> <span class='ocrx_word' id='word_1_411' title='bbox 746 3450 876 3475; x_wconf 88' lang='lat' dir='ltr'>earum</span> <span class='ocrx_word' id='word_1_412' title='bbox 893 3451 1004 3476; x_wconf 88' lang='lat' dir='ltr'>causa</span> <span class='ocrx_word' id='word_1_413' title='bbox 1023 3440 1193 3488; x_wconf 85' lang='lat' dir='ltr'>pendere</span> <span class='ocrx_word' id='word_1_414' title='bbox 1215 3448 1252 3477; x_wconf 92' lang='lat' dir='ltr'>et</span> <span class='ocrx_word' id='word_1_415' title='bbox 1269 3443 1351 3490; x_wconf 87' lang='lat' dir='ltr'>pri-</span> 
     </span>
    </p>
   </div>
   <div class='ocr_carea' id='block_1_6' title="bbox 995 177 1720 218">
    <p class='ocr_par' dir='ltr' id='par_1_6' title="bbox 995 177 1720 218">
     <span class='ocr_line' id='line_1_55' title="bbox 995 177 1720 218; baseline 0 0"><span class='ocrx_word' id='word_1_416' title='bbox 995 177 1267 218; x_wconf 75' lang='lat' dir='ltr'>fltEROCLls</span> <span class='ocrx_word' id='word_1_417' title='bbox 1297 177 1720 218; x_wconf 78' lang='lat' dir='ltr'>COMMENTARIUS</span> 
     </span>
    </p>
   </div>
   <div class='ocr_carea' id='block_1_7' title="bbox 1404 266 2500 1451">
    <p class='ocr_par' dir='ltr' id='par_1_7' title="bbox 1404 266 2500 1451">
     <span class='ocr_line' id='line_1_56' title="bbox 1405 266 2476 319; baseline 0.007 -16"><span class='ocrx_word' id='word_1_418' title='bbox 1405 266 1492 319; x_wconf 75' lang='grc' dir='ltr'>πρὸς</span> <span class='ocrx_word' id='word_1_419' title='bbox 1515 266 1705 317; x_wconf 64' lang='grc' dir='ltr'>βεὸαίωσιν</span> <span class='ocrx_word' id='word_1_420' title='bbox 1723 269 1792 306; x_wconf 80' lang='grc' dir='ltr'>τῶν</span> <span class='ocrx_word' id='word_1_421' title='bbox 1808 267 2006 319; x_wconf 76' lang='grc' dir='ltr'>δογμάτων·</span> <span class='ocrx_word' id='word_1_422' title='bbox 2022 268 2082 307; x_wconf 76' lang='grc' dir='ltr'>καὶ</span> <span class='ocrx_word' id='word_1_423' title='bbox 2098 266 2148 319; x_wconf 81' lang='grc' dir='ltr'>μὴ</span> <span class='ocrx_word' id='word_1_424' title='bbox 2163 269 2266 319; x_wconf 84' lang='grc' dir='ltr'>μόνον</span> <span class='ocrx_word' id='word_1_425' title='bbox 2287 270 2326 310; x_wconf 83' lang='grc' dir='ltr'>τὸ</span> <span class='ocrx_word' id='word_1_426' title='bbox 2345 268 2446 311; x_wconf 73' lang='grc' dir='ltr'>αὐτὸ</span> <span class='ocrx_word' id='word_1_427' title='bbox 2458 288 2476 317; x_wconf 90' lang='grc' dir='ltr'>ς</span> 
     </span>
     <span class='ocr_line' id='line_1_57' title="bbox 1406 326 2475 384; baseline 0.005 -21"><span class='ocrx_word' id='word_1_428' title='bbox 1406 326 1456 379; x_wconf 75' lang='grc' dir='ltr'>ἔφ</span> <span class='ocrx_word' id='word_1_429' title='bbox 1470 341 1491 363; x_wconf 91' lang='grc' dir='ltr'>α</span> <span class='ocrx_word' id='word_1_430' title='bbox 1511 326 1593 379; x_wconf 83' lang='grc' dir='ltr'>περὶ</span> <span class='ocrx_word' id='word_1_431' title='bbox 1613 328 1720 365; x_wconf 77' lang='grc' dir='ltr'>αὑτοῦ</span> <span class='ocrx_word' id='word_1_432' title='bbox 1742 326 1872 378; x_wconf 72' lang='grc' dir='ltr'>λέγειν,</span> <span class='ocrx_word' id='word_1_433' title='bbox 1894 327 1985 367; x_wconf 82' lang='grc' dir='ltr'>ἀλλὰ</span> <span class='ocrx_word' id='word_1_434' title='bbox 2007 327 2067 367; x_wconf 72' lang='grc' dir='ltr'>καὶ</span> <span class='ocrx_word' id='word_1_435' title='bbox 2097 331 2210 367; x_wconf 83' lang='grc' dir='ltr'>ταῦτα</span> <span class='ocrx_word' id='word_1_436' title='bbox 2239 327 2351 372; x_wconf 73' lang='grc' dir='ltr'>οὕτως</span> <span class='ocrx_word' id='word_1_437' title='bbox 2379 329 2475 384; x_wconf 66' lang='grc' dir='ltr'>ἔχειν</span> 
     </span>
     <span class='ocr_line' id='line_1_58' title="bbox 1404 384 2476 442; baseline 0.006 -19"><span class='ocrx_word' id='word_1_438' title='bbox 1404 385 1456 432; x_wconf 83' lang='grc' dir='ltr'>νὴ</span> <span class='ocrx_word' id='word_1_439' title='bbox 1482 384 1558 424; x_wconf 84' lang='grc' dir='ltr'>τὸν</span> <span class='ocrx_word' id='word_1_440' title='bbox 1587 385 1739 426; x_wconf 85' lang='grc' dir='ltr'>αὐτόν.</span> <span class='ocrx_word' id='word_1_441' title='bbox 1798 387 1914 437; x_wconf 87' lang='grc' dir='ltr'>Ὁμοῦ</span> <span class='ocrx_word' id='word_1_442' title='bbox 1937 388 1972 427; x_wconf 75' lang='grc' dir='ltr'>δὲ</span> <span class='ocrx_word' id='word_1_443' title='bbox 1993 388 2075 442; x_wconf 77' lang='grc' dir='ltr'>περὶ</span> <span class='ocrx_word' id='word_1_444' title='bbox 2099 391 2162 435; x_wconf 76' lang='grc' dir='ltr'>τῆς</span> <span class='ocrx_word' id='word_1_445' title='bbox 2185 390 2254 428; x_wconf 83' lang='grc' dir='ltr'>τῶν</span> <span class='ocrx_word' id='word_1_446' title='bbox 2274 389 2476 431; x_wconf 82' lang='grc' dir='ltr'>καλλίστων</span> 
     </span>
     <span class='ocr_line' id='line_1_59' title="bbox 1406 445 2474 502; baseline 0.007 -20"><span class='ocrx_word' id='word_1_447' title='bbox 1406 445 1511 490; x_wconf 77' lang='grc' dir='ltr'>ἕξεων</span> <span class='ocrx_word' id='word_1_448' title='bbox 1543 447 1700 498; x_wconf 74' lang='grc' dir='ltr'>συναφῆς</span> <span class='ocrx_word' id='word_1_449' title='bbox 1718 445 1858 496; x_wconf 81' lang='grc' dir='ltr'>ὀμνύων</span> <span class='ocrx_word' id='word_1_450' title='bbox 1879 448 2048 499; x_wconf 84' lang='grc' dir='ltr'>θεολογεῖ,</span> <span class='ocrx_word' id='word_1_451' title='bbox 2066 446 2128 486; x_wconf 68' lang='grc' dir='ltr'>καὶ</span> <span class='ocrx_word' id='word_1_452' title='bbox 2159 448 2224 494; x_wconf 76' lang='grc' dir='ltr'>τὴν</span> <span class='ocrx_word' id='word_1_453' title='bbox 2253 448 2474 502; x_wconf 74' lang='grc' dir='ltr'>τετράδα,</span> 
     </span>
     <span class='ocr_line' id='line_1_60' title="bbox 1406 504 2476 562; baseline 0.007 -20"><span class='ocrx_word' id='word_1_454' title='bbox 1406 504 1527 556; x_wconf 81' lang='grc' dir='ltr'>πηγὴ</span> <span class='ocrx_word' id='word_1_455' title='bbox 1541 520 1559 542; x_wconf 90' lang='grc' dir='ltr'>ν</span> <span class='ocrx_word' id='word_1_456' title='bbox 1580 507 1634 552; x_wconf 86' lang='grc' dir='ltr'>τή“</span> <span class='ocrx_word' id='word_1_457' title='bbox 1646 521 1661 549; x_wconf 89' lang='grc' dir='ltr'>ς</span> <span class='ocrx_word' id='word_1_458' title='bbox 1685 505 1835 545; x_wconf 83' lang='grc' dir='ltr'>ἀϊδίου</span> <span class='ocrx_word' id='word_1_459' title='bbox 1856 507 2143 557; x_wconf 80' lang='grc' dir='ltr'>διακοσμήσεως,</span> <span class='ocrx_word' id='word_1_460' title='bbox 2159 508 2391 562; x_wconf 75' lang='grc' dir='ltr'>ἀποφαίνεται</span> <span class='ocrx_word' id='word_1_461' title='bbox 2411 511 2476 558; x_wconf 77' lang='grc' dir='ltr'>τὴν</span> 
     </span>
     <span class='ocr_line' id='line_1_61' title="bbox 1407 558 2476 622; baseline 0.006 -20"><span class='ocrx_word' id='word_1_462' title='bbox 1407 563 1518 611; x_wconf 79' lang='grc' dir='ltr'>αὐτὴν</span> <span class='ocrx_word' id='word_1_463' title='bbox 1539 558 1647 603; x_wconf 66' lang='grc' dir='ltr'>οὖσαν</span> <span class='ocrx_word' id='word_1_464' title='bbox 1667 566 1719 619; x_wconf 84' lang='grc' dir='ltr'>τῷ</span> <span class='ocrx_word' id='word_1_465' title='bbox 1745 566 1949 620; x_wconf 77' lang='grc' dir='ltr'>δημιουργῷ</span> <span class='ocrx_word' id='word_1_466' title='bbox 1976 569 2057 618; x_wconf 84' lang='grc' dir='ltr'>θεῷ.</span> <span class='ocrx_word' id='word_1_467' title='bbox 2116 568 2200 611; x_wconf 81' lang='grc' dir='ltr'>Πῶς</span> <span class='ocrx_word' id='word_1_468' title='bbox 2231 566 2267 606; x_wconf 78' lang='grc' dir='ltr'>δὲ</span> <span class='ocrx_word' id='word_1_469' title='bbox 2300 568 2476 622; x_wconf 78' lang='grc' dir='ltr'>τετρὰς</span> 
     </span>
     <span class='ocr_line' id='line_1_62' title="bbox 1406 622 2477 682; baseline 0.006 -20"><span class='ocrx_word' id='word_1_470' title='bbox 1406 627 1424 663; x_wconf 82' lang='grc' dir='ltr'><strong>ὁ</strong></span> <span class='ocrx_word' id='word_1_471' title='bbox 1443 625 1538 671; x_wconf 86' lang='grc' dir='ltr'>θεός;</span> <span class='ocrx_word' id='word_1_472' title='bbox 1561 622 1672 668; x_wconf 75' lang='grc' dir='ltr'>οὕτως</span> <span class='ocrx_word' id='word_1_473' title='bbox 1709 627 1747 663; x_wconf 83' lang='grc' dir='ltr'>ἐκ</span> <span class='ocrx_word' id='word_1_474' title='bbox 1778 628 1841 664; x_wconf 86' lang='grc' dir='ltr'>τοῦ</span> <span class='ocrx_word' id='word_1_475' title='bbox 1876 627 1923 670; x_wconf 83' lang='grc' dir='ltr'>εἷς</span> <span class='ocrx_word' id='word_1_476' title='bbox 1962 626 2174 679; x_wconf 84' lang='grc' dir='ltr'>Πυθαγόραν</span> <span class='ocrx_word' id='word_1_477' title='bbox 2213 628 2477 682; x_wconf 73' lang='grc' dir='ltr'>ἀναφερομένου</span> 
     </span>
     <span class='ocr_line' id='line_1_63' title="bbox 1407 681 2477 741; baseline 0.003 -17"><span class='ocrx_word' id='word_1_478' title='bbox 1407 684 1521 738; x_wconf 81' lang='grc' dir='ltr'>Ἱεροῦ</span> <span class='ocrx_word' id='word_1_479' title='bbox 1552 684 1668 737; x_wconf 85' lang='grc' dir='ltr'>Λόγου</span> <span class='ocrx_word' id='word_1_480' title='bbox 1699 687 1819 738; x_wconf 74' lang='grc' dir='ltr'>σαφῶς</span> <span class='ocrx_word' id='word_1_481' title='bbox 1841 686 2021 739; x_wconf 77' lang='grc' dir='ltr'>εὑρήσεις,</span> <span class='ocrx_word' id='word_1_482' title='bbox 2044 688 2078 725; x_wconf 86' lang='grc' dir='ltr'>ἐν</span> <span class='ocrx_word' id='word_1_483' title='bbox 2099 681 2128 741; x_wconf 81' lang='grc' dir='ltr'>ᾧ</span> <span class='ocrx_word' id='word_1_484' title='bbox 2150 686 2295 740; x_wconf 81' lang='grc' dir='ltr'>ἀριθμὸς</span> <span class='ocrx_word' id='word_1_485' title='bbox 2316 689 2477 740; x_wconf 80' lang='grc' dir='ltr'>ἀριθμῶν</span> 
     </span>
     <span class='ocr_line' id='line_1_64' title="bbox 1406 744 2479 797; baseline 0.003 -14"><span class='ocrx_word' id='word_1_486' title='bbox 1406 747 1423 783; x_wconf 78' lang='grc' dir='ltr'>ὁ</span> <span class='ocrx_word' id='word_1_487' title='bbox 1444 745 1519 789; x_wconf 87' lang='grc' dir='ltr'>θεὸς</span> <span class='ocrx_word' id='word_1_488' title='bbox 1538 746 1715 795; x_wconf 75' lang='grc' dir='ltr'>ὑμνεῖται.</span> <span class='ocrx_word' id='word_1_489' title='bbox 1777 746 1820 785; x_wconf 77' lang='grc' dir='ltr'>Εἴ</span> <span class='ocrx_word' id='word_1_490' title='bbox 1838 744 1905 797; x_wconf 77' lang='grc' dir='ltr'>γὰρ</span> <span class='ocrx_word' id='word_1_491' title='bbox 1931 745 1975 784; x_wconf 83' lang='grc' dir='ltr'>τὰ</span> <span class='ocrx_word' id='word_1_492' title='bbox 2005 746 2091 785; x_wconf 80' lang='grc' dir='ltr'>ὄντα</span> <span class='ocrx_word' id='word_1_493' title='bbox 2108 747 2226 786; x_wconf 75' lang='grc' dir='ltr'>πάντα</span> <span class='ocrx_word' id='word_1_494' title='bbox 2255 753 2332 792; x_wconf 87' lang='grc' dir='ltr'>ταῖς</span> <span class='ocrx_word' id='word_1_495' title='bbox 2354 746 2479 792; x_wconf 78' lang='grc' dir='ltr'>ἀϊδίοις</span> 
     </span>
     <span class='ocr_line' id='line_1_65' title="bbox 1407 803 2477 861; baseline 0.005 -18"><span class='ocrx_word' id='word_1_496' title='bbox 1407 806 1513 844; x_wconf 78' lang='grc' dir='ltr'>αὐτοῦ</span> <span class='ocrx_word' id='word_1_497' title='bbox 1536 804 1745 855; x_wconf 80' lang='grc' dir='ltr'>βουλήσεσιν</span> <span class='ocrx_word' id='word_1_498' title='bbox 1765 803 1941 858; x_wconf 72' lang='grc' dir='ltr'>ὑφέστηκε</span> <span class='ocrx_word' id='word_1_499' title='bbox 1956 837 1966 852; x_wconf 84' lang='grc'>,</span> <span class='ocrx_word' id='word_1_500' title='bbox 1989 807 2093 853; x_wconf 75' lang='grc' dir='ltr'>δῆλον</span> <span class='ocrx_word' id='word_1_501' title='bbox 2110 807 2163 846; x_wconf 83' lang='grc' dir='ltr'>ὅτι</span> <span class='ocrx_word' id='word_1_502' title='bbox 2180 807 2241 846; x_wconf 75' lang='grc' dir='ltr'>καὶ</span> <span class='ocrx_word' id='word_1_503' title='bbox 2260 810 2279 847; x_wconf 83' lang='grc' dir='ltr'>δ</span> <span class='ocrx_word' id='word_1_504' title='bbox 2296 807 2443 861; x_wconf 82' lang='grc' dir='ltr'>ἀριθμὸς</span> <span class='ocrx_word' id='word_1_505' title='bbox 2459 810 2477 847; x_wconf 86' lang='grc' dir='ltr'>ὁ</span> 
     </span>
     <span class='ocr_line' id='line_1_66' title="bbox 1407 864 2476 920; baseline 0.001 -17"><span class='ocrx_word' id='word_1_506' title='bbox 1407 866 1442 903; x_wconf 79' lang='grc' dir='ltr'>ἐν</span> <span class='ocrx_word' id='word_1_507' title='bbox 1460 865 1599 916; x_wconf 82' lang='grc' dir='ltr'>ἑκάστῳ</span> <span class='ocrx_word' id='word_1_508' title='bbox 1616 864 1699 903; x_wconf 83' lang='grc' dir='ltr'>εἴδει</span> <span class='ocrx_word' id='word_1_509' title='bbox 1716 866 1784 902; x_wconf 79' lang='grc' dir='ltr'>τῶν</span> <span class='ocrx_word' id='word_1_510' title='bbox 1806 865 1913 903; x_wconf 85' lang='grc' dir='ltr'>ὄντων</span> <span class='ocrx_word' id='word_1_511' title='bbox 1930 868 1995 912; x_wconf 82' lang='grc' dir='ltr'>τ’ἧς</span> <span class='ocrx_word' id='word_1_512' title='bbox 2014 866 2155 904; x_wconf 82' lang='grc' dir='ltr'>ἐκείνων</span> <span class='ocrx_word' id='word_1_513' title='bbox 2174 867 2287 911; x_wconf 74' lang='grc' dir='ltr'>αἰτίας</span> <span class='ocrx_word' id='word_1_514' title='bbox 2302 866 2476 920; x_wconf 79' lang='grc' dir='ltr'>ἤρτηται,</span> 
     </span>
     <span class='ocr_line' id='line_1_67' title="bbox 1407 924 2479 981; baseline 0.002 -18"><span class='ocrx_word' id='word_1_515' title='bbox 1407 924 1467 963; x_wconf 81' lang='grc' dir='ltr'>καὶ</span> <span class='ocrx_word' id='word_1_516' title='bbox 1487 926 1505 963; x_wconf 83' lang='grc' dir='ltr'><em>ὃ</em></span> <span class='ocrx_word' id='word_1_517' title='bbox 1521 927 1659 978; x_wconf 82' lang='grc' dir='ltr'>πρῶτος</span> <span class='ocrx_word' id='word_1_518' title='bbox 1680 924 1825 976; x_wconf 86' lang='grc' dir='ltr'>ἀριθμὸς</span> <span class='ocrx_word' id='word_1_519' title='bbox 1845 926 1920 963; x_wconf 85' lang='grc' dir='ltr'>ἐκεῖ</span> <span class='ocrx_word' id='word_1_520' title='bbox 1946 924 2014 964; x_wconf 86' lang='grc' dir='ltr'>πού</span> <span class='ocrx_word' id='word_1_521' title='bbox 2048 926 2154 965; x_wconf 83' lang='grc' dir='ltr'>ἐστιν·</span> <span class='ocrx_word' id='word_1_522' title='bbox 2175 927 2305 965; x_wconf 83' lang='grc' dir='ltr'>ἐκεῖθεν</span> <span class='ocrx_word' id='word_1_523' title='bbox 2325 926 2394 981; x_wconf 76' lang='grc' dir='ltr'>γὰρ</span> <span class='ocrx_word' id='word_1_524' title='bbox 2414 928 2479 966; x_wconf 76' lang='grc' dir='ltr'>ἐν-</span> 
     </span>
     <span class='ocr_line' id='line_1_68' title="bbox 1406 983 2476 1038; baseline 0.003 -15"><span class='ocrx_word' id='word_1_525' title='bbox 1406 987 1535 1026; x_wconf 87' lang='grc' dir='ltr'>ταῦθα.</span> <span class='ocrx_word' id='word_1_526' title='bbox 1593 986 1669 1024; x_wconf 88' lang='grc' dir='ltr'>Τοῦ</span> <span class='ocrx_word' id='word_1_527' title='bbox 1690 983 1725 1023; x_wconf 81' lang='grc' dir='ltr'>δὲ</span> <span class='ocrx_word' id='word_1_528' title='bbox 1748 986 1896 1036; x_wconf 87' lang='grc' dir='ltr'>ἀριθμοῦ</span> <span class='ocrx_word' id='word_1_529' title='bbox 1917 983 1957 1024; x_wconf 80' lang='grc' dir='ltr'>τὸ</span> <span class='ocrx_word' id='word_1_530' title='bbox 1989 985 2262 1038; x_wconf 84' lang='grc' dir='ltr'>πεπερασμένον</span> <span class='ocrx_word' id='word_1_531' title='bbox 2293 985 2476 1038; x_wconf 70' lang='grc' dir='ltr'>διάστημα</span> 
     </span>
     <span class='ocr_line' id='line_1_69' title="bbox 1407 1042 2480 1099; baseline 0.002 -17"><span class='ocrx_word' id='word_1_532' title='bbox 1407 1046 1429 1091; x_wconf 85' lang='grc' dir='ltr'>ἡ</span> <span class='ocrx_word' id='word_1_533' title='bbox 1451 1043 1569 1087; x_wconf 73' lang='grc' dir='ltr'>δεκάς.</span> <span class='ocrx_word' id='word_1_534' title='bbox 1629 1042 1674 1083; x_wconf 90' lang='grc' dir='ltr'>Ὁ</span> <span class='ocrx_word' id='word_1_535' title='bbox 1700 1042 1769 1095; x_wconf 87' lang='grc' dir='ltr'>γὰρ</span> <span class='ocrx_word' id='word_1_536' title='bbox 1801 1042 1860 1081; x_wconf 73' lang='grc' dir='ltr'>ἐπὶ</span> <span class='ocrx_word' id='word_1_537' title='bbox 1891 1044 1997 1083; x_wconf 84' lang='grc' dir='ltr'>πλέον</span> <span class='ocrx_word' id='word_1_538' title='bbox 2034 1045 2195 1099; x_wconf 81' lang='grc' dir='ltr'>ἀριθμεῖν</span> <span class='ocrx_word' id='word_1_539' title='bbox 2228 1043 2358 1084; x_wconf 80' lang='grc' dir='ltr'>ἐθέλων</span> <span class='ocrx_word' id='word_1_540' title='bbox 2391 1047 2480 1084; x_wconf 83' lang='grc' dir='ltr'>ἀνα-</span> 
     </span>
     <span class='ocr_line' id='line_1_70' title="bbox 1408 1096 2480 1151; baseline 0.004 -15"><span class='ocrx_word' id='word_1_541' title='bbox 1408 1098 1565 1148; x_wconf 87' lang='grc' dir='ltr'>κάμπτει</span> <span class='ocrx_word' id='word_1_542' title='bbox 1582 1096 1691 1136; x_wconf 86' lang='grc' dir='ltr'>πάλιν</span> <span class='ocrx_word' id='word_1_543' title='bbox 1710 1098 1767 1135; x_wconf 80' lang='grc' dir='ltr'>ἐπὶ</span> <span class='ocrx_word' id='word_1_544' title='bbox 1789 1097 1828 1136; x_wconf 84' lang='grc' dir='ltr'>τὸ</span> <span class='ocrx_word' id='word_1_545' title='bbox 1847 1096 1896 1145; x_wconf 73' lang='grc' dir='ltr'>ἓν,</span> <span class='ocrx_word' id='word_1_546' title='bbox 1914 1097 1975 1136; x_wconf 74' lang='grc' dir='ltr'>καὶ</span> <span class='ocrx_word' id='word_1_547' title='bbox 1991 1097 2073 1146; x_wconf 86' lang='grc' dir='ltr'>δύο,</span> <span class='ocrx_word' id='word_1_548' title='bbox 2101 1099 2162 1138; x_wconf 81' lang='grc' dir='ltr'>καὶ</span> <span class='ocrx_word' id='word_1_549' title='bbox 2181 1098 2281 1151; x_wconf 89' lang='grc' dir='ltr'>τρία·</span> <span class='ocrx_word' id='word_1_550' title='bbox 2309 1099 2372 1139; x_wconf 81' lang='grc' dir='ltr'>καὶ</span> <span class='ocrx_word' id='word_1_551' title='bbox 2400 1101 2480 1140; x_wconf 81' lang='grc' dir='ltr'>δευ-</span> 
     </span>
     <span class='ocr_line' id='line_1_71' title="bbox 1407 1156 2479 1212; baseline 0.004 -17"><span class='ocrx_word' id='word_1_552' title='bbox 1407 1156 1512 1204; x_wconf 81' lang='grc' dir='ltr'>τέραν</span> <span class='ocrx_word' id='word_1_553' title='bbox 1534 1157 1676 1211; x_wconf 83' lang='grc' dir='ltr'>ἀριθμεῖ</span> <span class='ocrx_word' id='word_1_554' title='bbox 1696 1157 1828 1196; x_wconf 80' lang='grc' dir='ltr'>δεκάδα</span> <span class='ocrx_word' id='word_1_555' title='bbox 1846 1156 1931 1210; x_wconf 80' lang='grc' dir='ltr'>πρὸς</span> <span class='ocrx_word' id='word_1_556' title='bbox 1950 1157 2013 1205; x_wconf 82' lang='grc' dir='ltr'>τὴν</span> <span class='ocrx_word' id='word_1_557' title='bbox 2034 1161 2096 1206; x_wconf 72' lang='grc' dir='ltr'>τῆς</span> <span class='ocrx_word' id='word_1_558' title='bbox 2116 1158 2296 1203; x_wconf 82' lang='grc' dir='ltr'>εἷκοσοίδος</span> <span class='ocrx_word' id='word_1_559' title='bbox 2312 1159 2479 1212; x_wconf 78' lang='grc' dir='ltr'>συμπλή-</span> 
     </span>
     <span class='ocr_line' id='line_1_72' title="bbox 1410 1216 2500 1271; baseline 0.002 -15"><span class='ocrx_word' id='word_1_560' title='bbox 1410 1231 1529 1271; x_wconf 87' lang='grc' dir='ltr'>ρωσιν·</span> <span class='ocrx_word' id='word_1_561' title='bbox 1557 1217 1619 1256; x_wconf 75' lang='grc' dir='ltr'>καὶ</span> <span class='ocrx_word' id='word_1_562' title='bbox 1652 1216 1775 1270; x_wconf 90' lang='grc' dir='ltr'>τρίτην</span> <span class='ocrx_word' id='word_1_563' title='bbox 1807 1216 1962 1268; x_wconf 84' lang='grc' dir='ltr'>ὁμοίως,</span> <span class='ocrx_word' id='word_1_564' title='bbox 1982 1216 2041 1256; x_wconf 77' lang='grc' dir='ltr'>ἵνα</span> <span class='ocrx_word' id='word_1_565' title='bbox 2065 1217 2254 1270; x_wconf 82' lang='grc' dir='ltr'>τριάκοντα</span> <span class='ocrx_word' id='word_1_566' title='bbox 2287 1218 2392 1271; x_wconf 81' lang='grc' dir='ltr'>εἴπῃ·</span> <span class='ocrx_word' id='word_1_567' title='bbox 2417 1218 2500 1258; x_wconf 73' lang='grc' dir='ltr'>καὶ’</span> 
     </span>
     <span class='ocr_line' id='line_1_73' title="bbox 1407 1276 2480 1330; baseline 0.001 -14"><span class='ocrx_word' id='word_1_568' title='bbox 1407 1283 1510 1317; x_wconf 84' lang='grc' dir='ltr'>τοῦτο</span> <span class='ocrx_word' id='word_1_569' title='bbox 1542 1277 1642 1326; x_wconf 79' lang='grc' dir='ltr'>ἑξῆς,</span> <span class='ocrx_word' id='word_1_570' title='bbox 1668 1276 1732 1321; x_wconf 79' lang='grc' dir='ltr'>ἕως</span> <span class='ocrx_word' id='word_1_571' title='bbox 1768 1277 1811 1316; x_wconf 83' lang='grc' dir='ltr'>ἂν</span> <span class='ocrx_word' id='word_1_572' title='bbox 1846 1276 1997 1324; x_wconf 79' lang='grc' dir='ltr'>δεκάτην</span> <span class='ocrx_word' id='word_1_573' title='bbox 2035 1277 2237 1330; x_wconf 79' lang='grc' dir='ltr'>ἀριθμήσας</span> <span class='ocrx_word' id='word_1_574' title='bbox 2270 1277 2402 1317; x_wconf 76' lang='grc' dir='ltr'>δεκάδα</span> <span class='ocrx_word' id='word_1_575' title='bbox 2431 1281 2480 1323; x_wconf 80' lang='grc' dir='ltr'>εἰς</span> 
     </span>
     <span class='ocr_line' id='line_1_74' title="bbox 1409 1336 2480 1390; baseline 0.001 -13"><span class='ocrx_word' id='word_1_576' title='bbox 1409 1337 1533 1377; x_wconf 82' lang='grc' dir='ltr'>ἑκατὸν</span> <span class='ocrx_word' id='word_1_577' title='bbox 1562 1337 1731 1390; x_wconf 82' lang='grc' dir='ltr'>προέλθῃ.</span> <span class='ocrx_word' id='word_1_578' title='bbox 1794 1336 1866 1376; x_wconf 85' lang='grc' dir='ltr'>Καὶ</span> <span class='ocrx_word' id='word_1_579' title='bbox 1887 1336 1995 1375; x_wconf 84' lang='grc' dir='ltr'>πάλιν</span> <span class='ocrx_word' id='word_1_580' title='bbox 2027 1337 2152 1376; x_wconf 84' lang='grc' dir='ltr'>ἑκατὸν</span> <span class='ocrx_word' id='word_1_581' title='bbox 2177 1336 2264 1377; x_wconf 79' lang='grc' dir='ltr'>δέκα</span> <span class='ocrx_word' id='word_1_582' title='bbox 2283 1338 2342 1378; x_wconf 84' lang='grc' dir='ltr'>τὸν</span> <span class='ocrx_word' id='word_1_583' title='bbox 2373 1338 2480 1378; x_wconf 74' lang='grc' dir='ltr'>αὐτὸν</span> 
     </span>
     <span class='ocr_line' id='line_1_75' title="bbox 1409 1395 2478 1451; baseline 0 -15"><span class='ocrx_word' id='word_1_584' title='bbox 1409 1398 1537 1444; x_wconf 83' lang='grc' dir='ltr'>τρόπον</span> <span class='ocrx_word' id='word_1_585' title='bbox 1574 1398 1729 1450; x_wconf 82' lang='grc' dir='ltr'>ἀριθμεῖ.</span> <span class='ocrx_word' id='word_1_586' title='bbox 1790 1397 1863 1436; x_wconf 82' lang='grc' dir='ltr'>Καὶ</span> <span class='ocrx_word' id='word_1_587' title='bbox 1884 1395 1975 1434; x_wconf 75' lang='grc' dir='ltr'>οὕτω</span> <span class='ocrx_word' id='word_1_588' title='bbox 2008 1397 2132 1449; x_wconf 80' lang='grc' dir='ltr'>μέχρις</span> <span class='ocrx_word' id='word_1_589' title='bbox 2153 1397 2298 1451; x_wconf 86' lang='grc' dir='ltr'>ἀπείρου</span> <span class='ocrx_word' id='word_1_590' title='bbox 2333 1400 2384 1450; x_wconf 78' lang='grc' dir='ltr'>τῷ</span> <span class='ocrx_word' id='word_1_591' title='bbox 2413 1401 2478 1446; x_wconf 76' lang='grc' dir='ltr'>τῆς</span> 
     </span>
    </p>
   </div>
   <div class='ocr_carea' id='block_1_8' title="bbox 1408 1529 2537 3430">
    <p class='ocr_par' dir='ltr' id='par_1_8' title="bbox 1408 1529 2537 3430">
     <span class='ocr_line' id='line_1_76' title="bbox 1408 1529 2477 1574; baseline 0.003 -8"><span class='ocrx_word' id='word_1_592' title='bbox 1408 1544 1512 1567; x_wconf 89' lang='lat' dir='ltr'>mum</span> <span class='ocrx_word' id='word_1_593' title='bbox 1528 1531 1579 1566; x_wconf 93' lang='lat' dir='ltr'>ibi</span> <span class='ocrx_word' id='word_1_594' title='bbox 1597 1542 1799 1566; x_wconf 90' lang='lat' dir='ltr'>numerum</span> <span class='ocrx_word' id='word_1_595' title='bbox 1818 1541 1896 1565; x_wconf 91' lang='lat' dir='ltr'>esse</span> <span class='ocrx_word' id='word_1_596' title='bbox 1909 1534 1919 1574; x_wconf 82' lang='lat'>3&#39;</span> <span class='ocrx_word' id='word_1_597' title='bbox 1935 1529 2039 1565; x_wconf 89' lang='lat' dir='ltr'>illinc</span> <span class='ocrx_word' id='word_1_598' title='bbox 2054 1529 2157 1565; x_wconf 89' lang='lat' dir='ltr'>enim</span> <span class='ocrx_word' id='word_1_599' title='bbox 2172 1529 2249 1567; x_wconf 89' lang='lat' dir='ltr'>huc</span> <span class='ocrx_word' id='word_1_600' title='bbox 2264 1529 2477 1570; x_wconf 71' lang='lat' dir='ltr'>derivatur.</span> 
     </span>
     <span class='ocr_line' id='line_1_77' title="bbox 1412 1589 2476 1629; baseline 0.002 -2"><span class='ocrx_word' id='word_1_601' title='bbox 1412 1590 1618 1627; x_wconf 87' lang='lat' dir='ltr'>Definitum</span> <span class='ocrx_word' id='word_1_602' title='bbox 1649 1597 1777 1626; x_wconf 86' lang='lat' dir='ltr'>autem</span> <span class='ocrx_word' id='word_1_603' title='bbox 1812 1589 1963 1625; x_wconf 88' lang='lat' dir='ltr'>numeri</span> <span class='ocrx_word' id='word_1_604' title='bbox 1997 1589 2242 1626; x_wconf 81' lang='lat' dir='ltr'>intervallum</span> <span class='ocrx_word' id='word_1_605' title='bbox 2272 1597 2330 1626; x_wconf 87' lang='lat' dir='ltr'>est</span> <span class='ocrx_word' id='word_1_606' title='bbox 2348 1589 2476 1629; x_wconf 81' lang='lat' dir='ltr'>decas.</span> 
     </span>
     <span class='ocr_line' id='line_1_78' title="bbox 1411 1647 2478 1697; baseline 0.002 -12"><span class='ocrx_word' id='word_1_607' title='bbox 1411 1650 1485 1697; x_wconf 92' lang='lat' dir='ltr'>Qui</span> <span class='ocrx_word' id='word_1_608' title='bbox 1504 1650 1606 1685; x_wconf 90' lang='lat' dir='ltr'>enim</span> <span class='ocrx_word' id='word_1_609' title='bbox 1624 1649 1785 1686; x_wconf 86' lang='lat' dir='ltr'>ulterius</span> <span class='ocrx_word' id='word_1_610' title='bbox 1805 1659 2010 1684; x_wconf 85' lang='lat' dir='ltr'>numerare</span> <span class='ocrx_word' id='word_1_611' title='bbox 2025 1648 2104 1684; x_wconf 89' lang='lat' dir='ltr'>vult</span> <span class='ocrx_word' id='word_1_612' title='bbox 2121 1647 2170 1684; x_wconf 89' lang='lat' dir='ltr'>ad</span> <span class='ocrx_word' id='word_1_613' title='bbox 2193 1660 2314 1686; x_wconf 88' lang='lat' dir='ltr'>unum</span> <span class='ocrx_word' id='word_1_614' title='bbox 2336 1649 2478 1687; x_wconf 89' lang='lat' dir='ltr'>iterum</span> 
     </span>
     <span class='ocr_line' id='line_1_79' title="bbox 1410 1707 2478 1757; baseline 0.002 -13"><span class='ocrx_word' id='word_1_615' title='bbox 1410 1716 1447 1744; x_wconf 88' lang='lat' dir='ltr'>et</span> <span class='ocrx_word' id='word_1_616' title='bbox 1472 1708 1551 1745; x_wconf 93' lang='lat' dir='ltr'>duo</span> <span class='ocrx_word' id='word_1_617' title='bbox 1577 1714 1616 1744; x_wconf 90' lang='lat' dir='ltr'>et</span> <span class='ocrx_word' id='word_1_618' title='bbox 1635 1707 1707 1744; x_wconf 87' lang='lat' dir='ltr'>tria</span> <span class='ocrx_word' id='word_1_619' title='bbox 1726 1707 1960 1757; x_wconf 84' lang='lat' dir='ltr'>regreditur,</span> <span class='ocrx_word' id='word_1_620' title='bbox 1991 1714 2030 1743; x_wconf 92' lang='lat' dir='ltr'>et</span> <span class='ocrx_word' id='word_1_621' title='bbox 2053 1707 2261 1745; x_wconf 89' lang='lat' dir='ltr'>secundam</span> <span class='ocrx_word' id='word_1_622' title='bbox 2290 1707 2478 1746; x_wconf 85' lang='lat' dir='ltr'>decadem</span> 
     </span>
     <span class='ocr_line' id='line_1_80' title="bbox 1412 1765 2479 1818; baseline 0.002 -14"><span class='ocrx_word' id='word_1_623' title='bbox 1412 1774 1614 1814; x_wconf 87' lang='lat' dir='ltr'>numerat,</span> <span class='ocrx_word' id='word_1_624' title='bbox 1635 1774 1679 1803; x_wconf 92' lang='lat' dir='ltr'>ut</span> <span class='ocrx_word' id='word_1_625' title='bbox 1695 1767 1935 1804; x_wconf 82' lang='lat' dir='ltr'>vicenarium</span> <span class='ocrx_word' id='word_1_626' title='bbox 1956 1779 2162 1803; x_wconf 86' lang='lat' dir='ltr'>numerum</span> <span class='ocrx_word' id='word_1_627' title='bbox 2187 1765 2407 1818; x_wconf 80' lang='lat' dir='ltr'>compleat3</span> <span class='ocrx_word' id='word_1_628' title='bbox 2440 1775 2479 1806; x_wconf 88' lang='lat' dir='ltr'>et</span> 
     </span>
     <span class='ocr_line' id='line_1_81' title="bbox 1412 1827 2479 1877; baseline 0.002 -13"><span class='ocrx_word' id='word_1_629' title='bbox 1412 1829 1563 1865; x_wconf 90' lang='lat' dir='ltr'>tertiam</span> <span class='ocrx_word' id='word_1_630' title='bbox 1586 1828 1778 1873; x_wconf 90' lang='lat' dir='ltr'>similiter,</span> <span class='ocrx_word' id='word_1_631' title='bbox 1800 1833 1843 1862; x_wconf 89' lang='lat' dir='ltr'>ut</span> <span class='ocrx_word' id='word_1_632' title='bbox 1863 1827 2023 1877; x_wconf 85' lang='lat' dir='ltr'>triginta</span> <span class='ocrx_word' id='word_1_633' title='bbox 2052 1827 2171 1874; x_wconf 84' lang='lat' dir='ltr'>dicat3</span> <span class='ocrx_word' id='word_1_634' title='bbox 2189 1827 2371 1877; x_wconf 87' lang='lat' dir='ltr'>idemque</span> <span class='ocrx_word' id='word_1_635' title='bbox 2387 1828 2479 1866; x_wconf 84' lang='lat' dir='ltr'>facit</span> 
     </span>
     <span class='ocr_line' id='line_1_82' title="bbox 1410 1885 2479 1936; baseline 0.002 -12"><span class='ocrx_word' id='word_1_636' title='bbox 1410 1887 1613 1936; x_wconf 90' lang='lat' dir='ltr'>deinceps,</span> <span class='ocrx_word' id='word_1_637' title='bbox 1634 1886 1759 1923; x_wconf 89' lang='lat' dir='ltr'>donec</span> <span class='ocrx_word' id='word_1_638' title='bbox 1778 1885 1928 1923; x_wconf 89' lang='lat' dir='ltr'>decima</span> <span class='ocrx_word' id='word_1_639' title='bbox 1944 1885 2090 1923; x_wconf 85' lang='lat' dir='ltr'>decade</span> <span class='ocrx_word' id='word_1_640' title='bbox 2110 1894 2311 1924; x_wconf 82' lang='lat' dir='ltr'>numerata</span> <span class='ocrx_word' id='word_1_641' title='bbox 2324 1887 2374 1925; x_wconf 90' lang='lat' dir='ltr'>ad</span> <span class='ocrx_word' id='word_1_642' title='bbox 2391 1901 2479 1926; x_wconf 92' lang='lat' dir='ltr'>cen-</span> 
     </span>
     <span class='ocr_line' id='line_1_83' title="bbox 1409 1946 2478 1996; baseline 0.003 -14"><span class='ocrx_word' id='word_1_643' title='bbox 1409 1953 1490 1983; x_wconf 88' lang='lat' dir='ltr'>tum</span> <span class='ocrx_word' id='word_1_644' title='bbox 1520 1946 1734 1996; x_wconf 85' lang='lat' dir='ltr'>perveniat.</span> <span class='ocrx_word' id='word_1_645' title='bbox 1766 1946 1814 1982; x_wconf 90' lang='lat' dir='ltr'>Et</span> <span class='ocrx_word' id='word_1_646' title='bbox 1831 1958 1963 1982; x_wconf 89' lang='lat' dir='ltr'>rursus</span> <span class='ocrx_word' id='word_1_647' title='bbox 1994 1953 2151 1982; x_wconf 88' lang='lat' dir='ltr'>centum</span> <span class='ocrx_word' id='word_1_648' title='bbox 2173 1946 2307 1984; x_wconf 91' lang='lat' dir='ltr'>decem</span> <span class='ocrx_word' id='word_1_649' title='bbox 2338 1947 2478 1985; x_wconf 88' lang='lat' dir='ltr'>eodem</span> 
     </span>
     <span class='ocr_line' id='line_1_84' title="bbox 1408 2004 2480 2046; baseline 0.003 -3"><span class='ocrx_word' id='word_1_650' title='bbox 1408 2007 1531 2044; x_wconf 89' lang='lat' dir='ltr'>modo</span> <span class='ocrx_word' id='word_1_651' title='bbox 1557 2013 1750 2045; x_wconf 87' lang='lat' dir='ltr'>numerat.</span> <span class='ocrx_word' id='word_1_652' title='bbox 1784 2004 1847 2043; x_wconf 91' lang='lat' dir='ltr'>Sic</span> <span class='ocrx_word' id='word_1_653' title='bbox 1880 2013 2009 2043; x_wconf 90' lang='lat' dir='ltr'>autem</span> <span class='ocrx_word' id='word_1_654' title='bbox 2037 2006 2078 2042; x_wconf 89' lang='lat' dir='ltr'>in</span> <span class='ocrx_word' id='word_1_655' title='bbox 2109 2005 2302 2044; x_wconf 87' lang='lat' dir='ltr'>infinitum</span> <span class='ocrx_word' id='word_1_656' title='bbox 2322 2007 2480 2046; x_wconf 87' lang='lat' dir='ltr'>decadis</span> 
     </span>
     <span class='ocr_line' id='line_1_85' title="bbox 1410 2065 2478 2116; baseline 0.001 -13"><span class='ocrx_word' id='word_1_657' title='bbox 1410 2067 1616 2103; x_wconf 85' lang='lat' dir='ltr'>intervallo</span> <span class='ocrx_word' id='word_1_658' title='bbox 1633 2066 1811 2103; x_wconf 87' lang='lat' dir='ltr'>revoluto</span> <span class='ocrx_word' id='word_1_659' title='bbox 1827 2065 2014 2116; x_wconf 83' lang='lat' dir='ltr'>progredi</span> <span class='ocrx_word' id='word_1_660' title='bbox 2033 2073 2175 2115; x_wconf 88' lang='lat' dir='ltr'>potest.</span> <span class='ocrx_word' id='word_1_661' title='bbox 2194 2067 2360 2104; x_wconf 88' lang='lat' dir='ltr'>Decadis</span> <span class='ocrx_word' id='word_1_662' title='bbox 2383 2078 2478 2104; x_wconf 80' lang='lat' dir='ltr'>vero</span> 
     </span>
     <span class='ocr_line' id='line_1_86' title="bbox 1409 2123 2477 2176; baseline 0.001 -13"><span class='ocrx_word' id='word_1_663' title='bbox 1409 2128 1529 2164; x_wconf 86' lang='lat' dir='ltr'>virtus</span> <span class='ocrx_word' id='word_1_664' title='bbox 1549 2133 1603 2163; x_wconf 91' lang='lat' dir='ltr'>est</span> <span class='ocrx_word' id='word_1_665' title='bbox 1620 2129 1885 2175; x_wconf 79' lang='lat' dir='ltr'>quaternarius</span> <span class='ocrx_word' id='word_1_666' title='bbox 1913 2123 2105 2165; x_wconf 74' lang='lat' dir='ltr'>numerus.</span> <span class='ocrx_word' id='word_1_667' title='bbox 2124 2128 2302 2176; x_wconf 87' lang='lat' dir='ltr'>Namque</span> <span class='ocrx_word' id='word_1_668' title='bbox 2319 2134 2407 2164; x_wconf 87' lang='lat' dir='ltr'>ante</span> <span class='ocrx_word' id='word_1_669' title='bbox 2426 2127 2477 2164; x_wconf 84' lang='lat' dir='ltr'>il-</span> 
     </span>
     <span class='ocr_line' id='line_1_87' title="bbox 1410 2186 2477 2236; baseline 0.001 -14"><span class='ocrx_word' id='word_1_670' title='bbox 1410 2188 1485 2223; x_wconf 85' lang='lat' dir='ltr'>lam</span> <span class='ocrx_word' id='word_1_671' title='bbox 1499 2214 1510 2233; x_wconf 92' lang='lat'>,</span> <span class='ocrx_word' id='word_1_672' title='bbox 1545 2199 1630 2236; x_wconf 87' lang='lat' dir='ltr'>quae</span> <span class='ocrx_word' id='word_1_673' title='bbox 1678 2186 1719 2222; x_wconf 88' lang='lat' dir='ltr'>in</span> <span class='ocrx_word' id='word_1_674' title='bbox 1756 2198 2009 2222; x_wconf 89' lang='lat' dir='ltr'>numerorum</span> <span class='ocrx_word' id='word_1_675' title='bbox 2050 2199 2257 2236; x_wconf 84' lang='lat' dir='ltr'>progressu</span> <span class='ocrx_word' id='word_1_676' title='bbox 2294 2187 2477 2233; x_wconf 87' lang='lat' dir='ltr'>cernitur,</span> 
     </span>
     <span class='ocr_line' id='line_1_88' title="bbox 1412 2245 2478 2295; baseline 0.001 -12"><span class='ocrx_word' id='word_1_677' title='bbox 1412 2246 1567 2283; x_wconf 86' lang='lat' dir='ltr'>decadis</span> <span class='ocrx_word' id='word_1_678' title='bbox 1603 2245 1906 2295; x_wconf 81' lang='lat' dir='ltr'>perfectionem,</span> <span class='ocrx_word' id='word_1_679' title='bbox 1942 2245 2052 2282; x_wconf 89' lang='lat' dir='ltr'>unita</span> <span class='ocrx_word' id='word_1_680' title='bbox 2087 2245 2261 2294; x_wconf 83' lang='lat' dir='ltr'>quaedam</span> <span class='ocrx_word' id='word_1_681' title='bbox 2287 2246 2478 2295; x_wconf 83' lang='lat' dir='ltr'>perfectio</span> 
     </span>
     <span class='ocr_line' id='line_1_89' title="bbox 1411 2305 2477 2355; baseline 0 -12"><span class='ocrx_word' id='word_1_682' title='bbox 1411 2306 1490 2354; x_wconf 87' lang='lat' dir='ltr'>ejus</span> <span class='ocrx_word' id='word_1_683' title='bbox 1504 2308 1543 2342; x_wconf 91' lang='lat' dir='ltr'>in</span> <span class='ocrx_word' id='word_1_684' title='bbox 1556 2308 1798 2355; x_wconf 82' lang='lat' dir='ltr'>quaternario</span> <span class='ocrx_word' id='word_1_685' title='bbox 1811 2318 1965 2342; x_wconf 85' lang='lat' dir='ltr'>numero</span> <span class='ocrx_word' id='word_1_686' title='bbox 1979 2305 2296 2355; x_wconf 85' lang='lat' dir='ltr'>deprehenditur.</span> <span class='ocrx_word' id='word_1_687' title='bbox 2311 2307 2358 2342; x_wconf 89' lang='lat' dir='ltr'>In</span> <span class='ocrx_word' id='word_1_688' title='bbox 2372 2318 2477 2343; x_wconf 89' lang='lat' dir='ltr'>com·</span> 
     </span>
     <span class='ocr_line' id='line_1_90' title="bbox 1414 2364 2479 2417; baseline 0 -14"><span class='ocrx_word' id='word_1_689' title='bbox 1414 2367 1609 2417; x_wconf 86' lang='lat' dir='ltr'>positione</span> <span class='ocrx_word' id='word_1_690' title='bbox 1626 2366 1727 2402; x_wconf 91' lang='lat' dir='ltr'>enim</span> <span class='ocrx_word' id='word_1_691' title='bbox 1746 2365 1794 2402; x_wconf 80' lang='lat' dir='ltr'>ab</span> <span class='ocrx_word' id='word_1_692' title='bbox 1814 2366 1960 2402; x_wconf 89' lang='lat' dir='ltr'>unitate</span> <span class='ocrx_word' id='word_1_693' title='bbox 1977 2364 2027 2401; x_wconf 88' lang='lat' dir='ltr'>ad</span> <span class='ocrx_word' id='word_1_694' title='bbox 2049 2368 2332 2414; x_wconf 69' lang='lat' dir='ltr'>quaternarium</span> <span class='ocrx_word' id='word_1_695' title='bbox 2347 2378 2479 2403; x_wconf 81' lang='lat' dir='ltr'>nume·</span> 
     </span>
     <span class='ocr_line' id='line_1_91' title="bbox 1410 2424 2479 2463; baseline -0.002 0"><span class='ocrx_word' id='word_1_696' title='bbox 1410 2439 1492 2463; x_wconf 82' lang='lat' dir='ltr'>rum</span> <span class='ocrx_word' id='word_1_697' title='bbox 1508 2427 1606 2463; x_wconf 88' lang='lat' dir='ltr'>facta</span> <span class='ocrx_word' id='word_1_698' title='bbox 1623 2432 1746 2461; x_wconf 85' lang='lat' dir='ltr'>totum</span> <span class='ocrx_word' id='word_1_699' title='bbox 1768 2425 1881 2461; x_wconf 90' lang='lat' dir='ltr'>simul</span> <span class='ocrx_word' id='word_1_700' title='bbox 1896 2425 2101 2461; x_wconf 85' lang='lat' dir='ltr'>collectum</span> <span class='ocrx_word' id='word_1_701' title='bbox 2117 2431 2171 2461; x_wconf 89' lang='lat' dir='ltr'>est</span> <span class='ocrx_word' id='word_1_702' title='bbox 2189 2424 2312 2463; x_wconf 86' lang='lat' dir='ltr'>decas.</span> <span class='ocrx_word' id='word_1_703' title='bbox 2328 2425 2479 2462; x_wconf 87' lang='lat' dir='ltr'>Etenim</span> 
     </span>
     <span class='ocr_line' id='line_1_92' title="bbox 1411 2484 2479 2533; baseline -0.003 -8"><span class='ocrx_word' id='word_1_704' title='bbox 1411 2500 1531 2525; x_wconf 90' lang='lat' dir='ltr'>unum</span> <span class='ocrx_word' id='word_1_705' title='bbox 1560 2493 1598 2523; x_wconf 91' lang='lat' dir='ltr'>et</span> <span class='ocrx_word' id='word_1_706' title='bbox 1619 2486 1697 2524; x_wconf 89' lang='lat' dir='ltr'>duo</span> <span class='ocrx_word' id='word_1_707' title='bbox 1728 2493 1767 2523; x_wconf 88' lang='lat' dir='ltr'>et</span> <span class='ocrx_word' id='word_1_708' title='bbox 1793 2486 1868 2522; x_wconf 86' lang='lat' dir='ltr'>tria</span> <span class='ocrx_word' id='word_1_709' title='bbox 1900 2491 1938 2522; x_wconf 90' lang='lat' dir='ltr'>et</span> <span class='ocrx_word' id='word_1_710' title='bbox 1970 2492 2138 2533; x_wconf 86' lang='lat' dir='ltr'>quatuor</span> <span class='ocrx_word' id='word_1_711' title='bbox 2156 2484 2339 2522; x_wconf 86' lang='lat' dir='ltr'>decadem</span> <span class='ocrx_word' id='word_1_712' title='bbox 2369 2498 2479 2522; x_wconf 88' lang='lat' dir='ltr'>com-</span> 
     </span>
     <span class='ocr_line' id='line_1_93' title="bbox 1411 2540 2478 2597; baseline 0 -14"><span class='ocrx_word' id='word_1_713' title='bbox 1411 2548 1541 2597; x_wconf 85' lang='lat' dir='ltr'>plent3</span> <span class='ocrx_word' id='word_1_714' title='bbox 1562 2553 1677 2595; x_wconf 89' lang='lat' dir='ltr'>atque</span> <span class='ocrx_word' id='word_1_715' title='bbox 1699 2540 1939 2582; x_wconf 86' lang='lat' dir='ltr'>arithmetica</span> <span class='ocrx_word' id='word_1_716' title='bbox 1958 2544 2143 2581; x_wconf 85' lang='lat' dir='ltr'>medietas</span> <span class='ocrx_word' id='word_1_717' title='bbox 2171 2545 2330 2593; x_wconf 81' lang='lat' dir='ltr'>unitatis</span> <span class='ocrx_word' id='word_1_718' title='bbox 2347 2552 2387 2582; x_wconf 93' lang='lat' dir='ltr'>et</span> <span class='ocrx_word' id='word_1_719' title='bbox 2409 2557 2478 2583; x_wconf 82' lang='lat' dir='ltr'>se·-</span> 
     </span>
     <span class='ocr_line' id='line_1_94' title="bbox 1411 2605 2478 2657; baseline -0.001 -14"><span class='ocrx_word' id='word_1_720' title='bbox 1411 2607 1578 2657; x_wconf 87' lang='lat' dir='ltr'>ptenarii</span> <span class='ocrx_word' id='word_1_721' title='bbox 1604 2607 1754 2643; x_wconf 87' lang='lat' dir='ltr'>numeri</span> <span class='ocrx_word' id='word_1_722' title='bbox 1790 2613 1845 2642; x_wconf 90' lang='lat' dir='ltr'>est</span> <span class='ocrx_word' id='word_1_723' title='bbox 1880 2608 2158 2654; x_wconf 80' lang='lat' dir='ltr'>quaternarius.</span> <span class='ocrx_word' id='word_1_724' title='bbox 2189 2605 2343 2653; x_wconf 86' lang='lat' dir='ltr'>AEquali</span> <span class='ocrx_word' id='word_1_725' title='bbox 2375 2606 2478 2642; x_wconf 86' lang='lat' dir='ltr'>enim</span> 
     </span>
     <span class='ocr_line' id='line_1_95' title="bbox 1412 2664 2479 2716; baseline -0.001 -13"><span class='ocrx_word' id='word_1_726' title='bbox 1412 2679 1574 2703; x_wconf 87' lang='lat' dir='ltr'>numero</span> <span class='ocrx_word' id='word_1_727' title='bbox 1604 2673 1761 2716; x_wconf 89' lang='lat' dir='ltr'>superat</span> <span class='ocrx_word' id='word_1_728' title='bbox 1793 2672 1831 2702; x_wconf 89' lang='lat' dir='ltr'>et</span> <span class='ocrx_word' id='word_1_729' title='bbox 1864 2671 2091 2715; x_wconf 65' lang='lat' dir='ltr'>superatur-3</span> <span class='ocrx_word' id='word_1_730' title='bbox 2128 2664 2274 2714; x_wconf 87' lang='lat' dir='ltr'>quippe</span> <span class='ocrx_word' id='word_1_731' title='bbox 2307 2665 2479 2702; x_wconf 84' lang='lat' dir='ltr'>ternario</span> 
     </span>
     <span class='ocr_line' id='line_1_96' title="bbox 1412 2724 2479 2776; baseline -0.002 -13"><span class='ocrx_word' id='word_1_732' title='bbox 1412 2738 1576 2763; x_wconf 86' lang='lat' dir='ltr'>numero</span> <span class='ocrx_word' id='word_1_733' title='bbox 1610 2733 1816 2776; x_wconf 85' lang='lat' dir='ltr'>superatur</span> <span class='ocrx_word' id='word_1_734' title='bbox 1851 2737 1874 2762; x_wconf 91' lang='lat' dir='ltr'>a</span> <span class='ocrx_word' id='word_1_735' title='bbox 1896 2725 2139 2774; x_wconf 83' lang='lat' dir='ltr'>septenario,</span> <span class='ocrx_word' id='word_1_736' title='bbox 2176 2724 2364 2762; x_wconf 81' lang='lat' dir='ltr'>unitatem</span> <span class='ocrx_word' id='word_1_737' title='bbox 2384 2736 2479 2762; x_wconf 82' lang='lat' dir='ltr'>vero</span> 
     </span>
     <span class='ocr_line' id='line_1_97' title="bbox 1414 2783 2478 2836; baseline -0.004 -13"><span class='ocrx_word' id='word_1_738' title='bbox 1414 2788 1583 2823; x_wconf 86' lang='lat' dir='ltr'>ternario</span> <span class='ocrx_word' id='word_1_739' title='bbox 1604 2793 1772 2836; x_wconf 88' lang='lat' dir='ltr'>superat.</span> <span class='ocrx_word' id='word_1_740' title='bbox 1803 2786 1969 2823; x_wconf 87' lang='lat' dir='ltr'>Unitatis</span> <span class='ocrx_word' id='word_1_741' title='bbox 1989 2785 2092 2821; x_wconf 88' lang='lat' dir='ltr'>enim</span> <span class='ocrx_word' id='word_1_742' title='bbox 2117 2790 2154 2820; x_wconf 92' lang='lat' dir='ltr'>et</span> <span class='ocrx_word' id='word_1_743' title='bbox 2174 2783 2382 2835; x_wconf 85' lang='lat' dir='ltr'>septenarii</span> <span class='ocrx_word' id='word_1_744' title='bbox 2405 2795 2478 2820; x_wconf 87' lang='lat' dir='ltr'>nu-</span> 
     </span>
     <span class='ocr_line' id='line_1_98' title="bbox 1415 2845 2478 2897; baseline -0.005 -13"><span class='ocrx_word' id='word_1_745' title='bbox 1415 2848 1512 2884; x_wconf 88' lang='lat' dir='ltr'>meri</span> <span class='ocrx_word' id='word_1_746' title='bbox 1532 2847 1791 2897; x_wconf 88' lang='lat' dir='ltr'>proprietates</span> <span class='ocrx_word' id='word_1_747' title='bbox 1820 2845 2088 2895; x_wconf 85' lang='lat' dir='ltr'>pulcherrimae</span> <span class='ocrx_word' id='word_1_748' title='bbox 2116 2849 2203 2881; x_wconf 88' lang='lat' dir='ltr'>sunt</span> <span class='ocrx_word' id='word_1_749' title='bbox 2227 2850 2266 2880; x_wconf 93' lang='lat' dir='ltr'>et</span> <span class='ocrx_word' id='word_1_750' title='bbox 2286 2849 2478 2893; x_wconf 80' lang='lat' dir='ltr'>praestan-</span> 
     </span>
     <span class='ocr_line' id='line_1_99' title="bbox 1415 2901 2476 2959; baseline -0.005 -16"><span class='ocrx_word' id='word_1_751' title='bbox 1415 2908 1579 2945; x_wconf 86' lang='lat' dir='ltr'>tissimae.</span> <span class='ocrx_word' id='word_1_752' title='bbox 1599 2907 1752 2959; x_wconf 49' lang='lat' dir='ltr'>Quippe</span> <span class='ocrx_word' id='word_1_753' title='bbox 1766 2907 1890 2942; x_wconf 88' lang='lat' dir='ltr'>unitas</span> <span class='ocrx_word' id='word_1_754' title='bbox 1905 2932 1916 2951; x_wconf 91' lang='lat'>,</span> <span class='ocrx_word' id='word_1_755' title='bbox 1934 2911 1979 2941; x_wconf 91' lang='lat' dir='ltr'>ut</span> <span class='ocrx_word' id='word_1_756' title='bbox 1994 2903 2144 2940; x_wconf 88' lang='lat' dir='ltr'>numeri</span> <span class='ocrx_word' id='word_1_757' title='bbox 2164 2901 2349 2951; x_wconf 84' lang='lat' dir='ltr'>cujusque</span> <span class='ocrx_word' id='word_1_758' title='bbox 2366 2902 2476 2951; x_wconf 88' lang='lat' dir='ltr'>prin-</span> 
     </span>
     <span class='ocr_line' id='line_1_100' title="bbox 1417 2961 2475 3018; baseline -0.005 -15"><span class='ocrx_word' id='word_1_759' title='bbox 1417 2968 1585 3018; x_wconf 89' lang='lat' dir='ltr'>cipium,</span> <span class='ocrx_word' id='word_1_760' title='bbox 1612 2967 1785 3003; x_wconf 90' lang='lat' dir='ltr'>omnium</span> <span class='ocrx_word' id='word_1_761' title='bbox 1811 2967 1850 3002; x_wconf 90' lang='lat' dir='ltr'>in</span> <span class='ocrx_word' id='word_1_762' title='bbox 1882 2978 1921 3002; x_wconf 89' lang='lat' dir='ltr'>se</span> <span class='ocrx_word' id='word_1_763' title='bbox 1955 2969 2161 3014; x_wconf 85' lang='lat' dir='ltr'>potestates</span> <span class='ocrx_word' id='word_1_764' title='bbox 2181 2961 2475 3012; x_wconf 82' lang='lat' dir='ltr'>complectitur3</span> 
     </span>
     <span class='ocr_line' id='line_1_101' title="bbox 1415 3027 2480 3076; baseline -0.006 -13"><span class='ocrx_word' id='word_1_765' title='bbox 1415 3027 1651 3076; x_wconf 87' lang='lat' dir='ltr'>septenarius</span> <span class='ocrx_word' id='word_1_766' title='bbox 1679 3038 1773 3062; x_wconf 81' lang='lat' dir='ltr'>vero</span> <span class='ocrx_word' id='word_1_767' title='bbox 1807 3036 2009 3070; x_wconf 88' lang='lat' dir='ltr'>numerus,</span> <span class='ocrx_word' id='word_1_768' title='bbox 2037 3029 2081 3058; x_wconf 87' lang='lat' dir='ltr'>ut</span> <span class='ocrx_word' id='word_1_769' title='bbox 2115 3028 2238 3058; x_wconf 84' lang='lat' dir='ltr'>matre</span> <span class='ocrx_word' id='word_1_770' title='bbox 2273 3032 2406 3058; x_wconf 80' lang='lat' dir='ltr'>carens</span> <span class='ocrx_word' id='word_1_771' title='bbox 2441 3028 2480 3058; x_wconf 87' lang='lat' dir='ltr'>et</span> 
     </span>
     <span class='ocr_line' id='line_1_102' title="bbox 1417 3079 2475 3136; baseline -0.006 -13"><span class='ocrx_word' id='word_1_772' title='bbox 1417 3086 1553 3136; x_wconf 86' lang='lat' dir='ltr'>virgo,</span> <span class='ocrx_word' id='word_1_773' title='bbox 1577 3085 1736 3122; x_wconf 88' lang='lat' dir='ltr'>unitatis</span> <span class='ocrx_word' id='word_1_774' title='bbox 1770 3083 1996 3133; x_wconf 83' lang='lat' dir='ltr'>dignitatem</span> <span class='ocrx_word' id='word_1_775' title='bbox 2031 3079 2202 3117; x_wconf 91' lang='lat' dir='ltr'>secundo</span> <span class='ocrx_word' id='word_1_776' title='bbox 2225 3079 2315 3116; x_wconf 90' lang='lat' dir='ltr'>loco</span> <span class='ocrx_word' id='word_1_777' title='bbox 2331 3079 2475 3128; x_wconf 82' lang='lat' dir='ltr'>habet.</span> 
     </span>
     <span class='ocr_line' id='line_1_103' title="bbox 1416 3138 2479 3195; baseline -0.008 -12"><span class='ocrx_word' id='word_1_778' title='bbox 1416 3146 1552 3195; x_wconf 89' lang='lat' dir='ltr'>Neque</span> <span class='ocrx_word' id='word_1_779' title='bbox 1571 3145 1672 3182; x_wconf 89' lang='lat' dir='ltr'>enim</span> <span class='ocrx_word' id='word_1_780' title='bbox 1692 3155 1739 3180; x_wconf 90' lang='lat' dir='ltr'>ex</span> <span class='ocrx_word' id='word_1_781' title='bbox 1757 3142 1838 3178; x_wconf 91' lang='lat' dir='ltr'>ullo</span> <span class='ocrx_word' id='word_1_782' title='bbox 1854 3153 2038 3185; x_wconf 88' lang='lat' dir='ltr'>numer0,</span> <span class='ocrx_word' id='word_1_783' title='bbox 2055 3140 2122 3188; x_wconf 84' lang='lat' dir='ltr'>qui</span> <span class='ocrx_word' id='word_1_784' title='bbox 2143 3138 2286 3175; x_wconf 90' lang='lat' dir='ltr'>decade</span> <span class='ocrx_word' id='word_1_785' title='bbox 2306 3138 2479 3175; x_wconf 89' lang='lat' dir='ltr'>contine·</span> 
     </span>
     <span class='ocr_line' id='line_1_104' title="bbox 1423 3197 2479 3254; baseline -0.006 -14"><span class='ocrx_word' id='word_1_786' title='bbox 1423 3211 1498 3250; x_wconf 87' lang='lat' dir='ltr'>tur,</span> <span class='ocrx_word' id='word_1_787' title='bbox 1516 3204 1701 3254; x_wconf 85' lang='lat' dir='ltr'>gignitur,</span> <span class='ocrx_word' id='word_1_788' title='bbox 1717 3203 1776 3239; x_wconf 84' lang='lat' dir='ltr'>uti</span> <span class='ocrx_word' id='word_1_789' title='bbox 1806 3208 1977 3250; x_wconf 89' lang='lat' dir='ltr'>quatuor</span> <span class='ocrx_word' id='word_1_790' title='bbox 1997 3212 2042 3236; x_wconf 85' lang='lat' dir='ltr'>ex</span> <span class='ocrx_word' id='word_1_791' title='bbox 2063 3199 2122 3235; x_wconf 88' lang='lat' dir='ltr'>bis</span> <span class='ocrx_word' id='word_1_792' title='bbox 2141 3197 2317 3244; x_wconf 88' lang='lat' dir='ltr'>duobus,</span> <span class='ocrx_word' id='word_1_793' title='bbox 2349 3206 2388 3235; x_wconf 89' lang='lat' dir='ltr'>et</span> <span class='ocrx_word' id='word_1_794' title='bbox 2412 3209 2479 3234; x_wconf 81' lang='lat' dir='ltr'>sex</span> 
     </span>
     <span class='ocr_line' id='line_1_105' title="bbox 1421 3259 2479 3308; baseline -0.008 -8"><span class='ocrx_word' id='word_1_795' title='bbox 1421 3275 1468 3300; x_wconf 87' lang='lat' dir='ltr'>ex</span> <span class='ocrx_word' id='word_1_796' title='bbox 1497 3263 1556 3300; x_wconf 91' lang='lat' dir='ltr'>bis</span> <span class='ocrx_word' id='word_1_797' title='bbox 1575 3263 1721 3308; x_wconf 89' lang='lat' dir='ltr'>tribus,</span> <span class='ocrx_word' id='word_1_798' title='bbox 1744 3268 1782 3298; x_wconf 90' lang='lat' dir='ltr'>et</span> <span class='ocrx_word' id='word_1_799' title='bbox 1798 3267 1887 3297; x_wconf 90' lang='lat' dir='ltr'>octo</span> <span class='ocrx_word' id='word_1_800' title='bbox 1920 3272 1965 3296; x_wconf 84' lang='lat' dir='ltr'>ex</span> <span class='ocrx_word' id='word_1_801' title='bbox 1988 3259 2047 3295; x_wconf 93' lang='lat' dir='ltr'>bis</span> <span class='ocrx_word' id='word_1_802' title='bbox 2067 3265 2249 3307; x_wconf 88' lang='lat' dir='ltr'>quatuor,</span> <span class='ocrx_word' id='word_1_803' title='bbox 2270 3264 2308 3294; x_wconf 91' lang='lat' dir='ltr'>et</span> <span class='ocrx_word' id='word_1_804' title='bbox 2338 3269 2479 3294; x_wconf 83' lang='lat' dir='ltr'>novem</span> 
     </span>
     <span class='ocr_line' id='line_1_106' title="bbox 1419 3316 2537 3371; baseline -0.007 -12"><span class='ocrx_word' id='word_1_805' title='bbox 1419 3335 1464 3359; x_wconf 89' lang='lat' dir='ltr'>ex</span> <span class='ocrx_word' id='word_1_806' title='bbox 1481 3329 1540 3359; x_wconf 92' lang='lat' dir='ltr'>ter</span> <span class='ocrx_word' id='word_1_807' title='bbox 1569 3322 1711 3366; x_wconf 86' lang='lat' dir='ltr'>tribus,</span> <span class='ocrx_word' id='word_1_808' title='bbox 1734 3327 1772 3357; x_wconf 88' lang='lat' dir='ltr'>et</span> <span class='ocrx_word' id='word_1_809' title='bbox 1796 3320 1927 3356; x_wconf 90' lang='lat' dir='ltr'>decem</span> <span class='ocrx_word' id='word_1_810' title='bbox 1946 3331 1991 3355; x_wconf 90' lang='lat' dir='ltr'>ex</span> <span class='ocrx_word' id='word_1_811' title='bbox 2016 3318 2075 3354; x_wconf 89' lang='lat' dir='ltr'>bis</span> <span class='ocrx_word' id='word_1_812' title='bbox 2095 3318 2268 3366; x_wconf 89' lang='lat' dir='ltr'>quinque</span> <span class='ocrx_word' id='word_1_813' title='bbox 2293 3329 2302 3352; x_wconf 72' lang='grc' dir='ltr'>ε</span> <span class='ocrx_word' id='word_1_814' title='bbox 2326 3328 2397 3353; x_wconf 89' lang='lat' dir='ltr'>nec</span> <span class='ocrx_word' id='word_1_815' title='bbox 2416 3316 2479 3366; x_wconf 81' lang='lat' dir='ltr'>gi-</span> <span class='ocrx_word' id='word_1_816' title='bbox 2532 3366 2537 3371; x_wconf 91' lang='lat'><strong>.</strong></span> 
     </span>
     <span class='ocr_line' id='line_1_107' title="bbox 1419 3375 2479 3430; baseline -0.006 -13"><span class='ocrx_word' id='word_1_817' title='bbox 1419 3383 1500 3430; x_wconf 79' lang='lat' dir='ltr'>gnit</span> <span class='ocrx_word' id='word_1_818' title='bbox 1521 3393 1657 3418; x_wconf 88' lang='lat' dir='ltr'>eorum</span> <span class='ocrx_word' id='word_1_819' title='bbox 1678 3391 1910 3429; x_wconf 89' lang='lat' dir='ltr'>quemquam</span> <span class='ocrx_word' id='word_1_820' title='bbox 1924 3405 1934 3424; x_wconf 94' lang='lat'>,</span> <span class='ocrx_word' id='word_1_821' title='bbox 1958 3379 2025 3426; x_wconf 90' lang='lat' dir='ltr'>qui</span> <span class='ocrx_word' id='word_1_822' title='bbox 2044 3385 2131 3413; x_wconf 88' lang='lat' dir='ltr'>sunt</span> <span class='ocrx_word' id='word_1_823' title='bbox 2147 3378 2247 3412; x_wconf 90' lang='lat' dir='ltr'>intra</span> <span class='ocrx_word' id='word_1_824' title='bbox 2276 3375 2479 3420; x_wconf 87' lang='lat' dir='ltr'>decadem,</span> 
     </span>
    </p>
   </div>
   <div class='ocr_carea' id='block_1_9' title="bbox 1421 3436 2505 3510">
    <p class='ocr_par' dir='ltr' id='par_1_9' title="bbox 1421 3436 2505 3510">
     <span class='ocr_line' id='line_1_108' title="bbox 1421 3436 2479 3488; baseline -0.003 -14"><span class='ocrx_word' id='word_1_825' title='bbox 1421 3444 1464 3475; x_wconf 88' lang='lat' dir='ltr'>ut</span> <span class='ocrx_word' id='word_1_826' title='bbox 1482 3440 1653 3478; x_wconf 84' lang='lat' dir='ltr'>binarius</span> <span class='ocrx_word' id='word_1_827' title='bbox 1679 3452 1860 3477; x_wconf 83' lang='lat' dir='ltr'>numerus</span> <span class='ocrx_word' id='word_1_828' title='bbox 1885 3439 2195 3488; x_wconf 82' lang='lat' dir='ltr'>quaternarium,</span> <span class='ocrx_word' id='word_1_829' title='bbox 2228 3444 2265 3473; x_wconf 84' lang='lat' dir='ltr'>et</span> <span class='ocrx_word' id='word_1_830' title='bbox 2290 3436 2479 3472; x_wconf 83' lang='lat' dir='ltr'>ternarius</span> 
     </span>
     <span class='ocr_line' id='line_1_109' title="bbox 2480 3493 2505 3510; baseline 0 0"><span class='ocrx_word' id='word_1_831' title='bbox 2480 3493 2505 3510; x_wconf 69' lang='lat' dir='ltr'><em>V</em></span> 
     </span>
    </p>
   </div>
   <div class='ocr_carea' id='block_1_10' title="bbox 2546 0 2612 2132">
    <p class='ocr_par' dir='ltr' id='par_1_10' title="bbox 2546 0 2612 2132">
     <span class='ocr_line' id='line_1_110' title="bbox 2546 0 2612 2132; baseline 0 0"><span class='ocrx_word' id='word_1_832' title='bbox 2546 0 2612 2132; x_wconf 95' lang='lat' dir='ltr'> </span> 
     </span>
    </p>
   </div>
  </div>
 </body>
</html>
