2612 3814
477 315 1219 422 ἰΕΡΟΚΑΕΟΥΣ
1281 334 1499 420 ΤΟΥ
1561 333 2226 422 ΦΙΛΟΣΟΦΟΥ

409 545 549 606 ΕΙΣ
605 545 723 615 ΤΑ
782 541 974 605 ΤΩΝ
1032 538 1707 605 ΠΥΘΑΓΟΡΕΙΩΝ
1766 542 2066 605 ΧΡΥΣΑ
2123 543 2315 605 ΕΠΗ

1117 718 1606 771 ΥΠΟΜΝΗΜΑ.

324 1053 369 1095 Ἦ
397 1052 582 1108 φιλοσοφία
613 1051 687 1091 ἐστὶ
717 1054 809 1099 ζωῆς
837 1050 1056 1104 ἀνθρωπίνης
1082 1050 1253 1103 κάθαρσις
1272 1051 1331 1090 καὶ

268 1113 464 1162 τελειότης,
486 1113 656 1167 κάθαρσις
686 1111 751 1165 μὲν
771 1111 841 1151 ἀπὸ
864 1115 927 1160 τῆς
948 1113 1069 1159 ὑλικῆς
1099 1110 1246 1165 ἀλογίας
1268 1110 1330 1151 καὶ

267 1178 327 1214 τοῦ
347 1173 563 1222 θνητοειδοῧς
590 1171 778 1224 σώματος,
803 1172 981 1219 τελειότης
1001 1170 1037 1210 δὲ
1057 1173 1105 1215 ὡς
1118 1173 1181 1220 τῆς
1202 1171 1332 1216 οἰκείας

268 1233 412 1280 εὔζωίας
425 1233 598 1288 ἀνάληψις
615 1232 701 1287 πρὸς
716 1232 779 1281 τὴν
796 1231 890 1272 θείαν
908 1231 1076 1283 ὁμοίωσιν
1091 1230 1330 1285 ἐπανάγουσα.

266 1295 391 1334 Ταῦτα
413 1292 449 1331 δὲ
469 1291 623 1346 πέφυκεν
644 1291 751 1346 ἀρετὴ
777 1291 840 1331 καὶ
866 1291 1015 1340 ἀλήθεια
1039 1291 1197 1343 μάλιστα
1220 1292 1329 1344 ἀπερ-

266 1353 458 1403 γάζεσθαι,
478 1355 498 1399 ἡ
521 1351 584 1403 μὲν
601 1351 665 1401 τὴν
685 1350 854 1405 ἀμετρίαν
882 1353 952 1390 τῶν
972 1352 1095 1390 παθῶν
1117 1349 1331 1405 ἐξορίζουσα,

267 1415 290 1461 ἡ
309 1411 345 1451 δὲ
369 1411 408 1451 τὸ
429 1415 518 1452 θεῖον
540 1404 628 1456 εἶδος
647 1418 721 1456 τοῖς
746 1413 883 1465 εὐφυῶς
903 1410 1025 1464 ἔχουσι
1052 1410 1326 1463 προσκτωμένη.

269 1474 331 1512 Δεῖ
353 1464 413 1511 οῧν
433 1471 519 1525 πρὸς
547 1471 677 1520 ταύτην
697 1470 760 1518 τὴν
797 1471 1014 1522 ἐπιστήμην,
1044 1469 1108 1518 τὴν
1129 1470 1330 1520 μέλλουσαν

266 1533 364 1583 ἡμᾶς
382 1530 555 1583 καθαροὺς
575 1530 636 1570 καὶ
656 1529 809 1574 τελείους
829 1535 961 1578 ποιεῖν,
985 1529 1134 1573 κανόνας
1161 1529 1254 1582 ἔχειν
1276 1545 1329 1568 τι-

267 1590 329 1635 νὰς
355 1592 390 1630 ἐν
423 1591 552 1645 βραχεῖ
581 1589 853 1643 διωρισμένους,
881 1583 952 1630 οἷον
984 1588 1200 1643 ἀφορισμούς
1231 1605 1329 1634 τινας

266 1649 467 1703 τεχνικούς,
497 1648 591 1693 ὅπως
615 1648 657 1688 ἂν
688 1651 722 1688 ἐν
758 1648 853 1694 τάξει
882 1648 942 1687 καὶ
964 1647 1158 1699 εὖμεθόδως
1186 1646 1273 1700 πρὸς
1293 1647 1332 1687 τὸ

267 1711 327 1756 τῆς
344 1709 487 1756 εὐζωίας
508 1709 605 1753 τέλος
626 1709 849 1762 ἀφικώμεθα.
907 1710 990 1748 Τῶν
1011 1707 1047 1746 δὲ
1078 1706 1243 1747 τοιούτων
1262 1723 1326 1747 κα-

266 1769 374 1809 νόνων
399 1771 468 1808 τῶν
490 1768 576 1822 πρὸς
590 1768 653 1816 τὴν
673 1767 759 1816 ὅλην
779 1768 986 1822 φιλοσοφίαν
1012 1766 1262 1807 συντεινόντῖυν
1283 1766 1328 1806 τὰ

269 1827 500 1882 Πυθαγορικὰ
534 1826 603 1876 ἔπη
633 1827 678 1867 τὰ
714 1826 825 1872 οὕτως
854 1827 1119 1877 ἐπικαλούμενα
1145 1831 1265 1879 χρυσᾶ
1296 1827 1330 1864 ἐν

267 1888 419 1942 πρώτοις
440 1887 482 1927 ἂν
512 1887 655 1939 θείημεν
688 1887 856 1940 εὐλόγως.
936 1885 1103 1940 Περιέχει
1122 1885 1192 1939 γὰρ
1216 1884 1334 1933 πάσης

269 1947 474 2002 φιλοσοφίας
505 1949 703 1998 πρακτικῆς
731 1962 768 1986 τε
790 1947 850 1986 καὶ
871 1949 1089 2000 θεωρητικῆς
1113 1945 1159 1984 τὰ
1179 1945 1332 1985 καθόλου

269 2006 431 2061 δόγματα
445 2037 455 2057 ,
478 2008 522 2046 δι’
536 2001 584 2046 ὧν
613 2006 655 2046 ἄν
675 2022 727 2050 τις
747 2006 913 2055 ἀλήθειαν
934 2006 995 2045 καὶ
1017 2005 1145 2059 ἀρετὴν
1161 2005 1333 2052 κτήσαιτο

269 2066 329 2106 καὶ
343 2065 465 2106 ἑαυτὸν
486 2065 638 2119 καθαρὸν
654 2066 830 2106 ἀπολάὸοι
845 2066 906 2105 καὶ
924 2065 990 2114 τὴν
1007 2065 1093 2118 πρὸς
1113 2064 1189 2104 θεὸν
1209 2065 1334 2116 δμοίω-

271 2141 325 2166 σιν
346 2126 556 2179 εὖτυχήσειε
569 2157 579 2177 ,
611 2126 672 2165 καὶ
697 2124 766 2178 (ὥς
786 2142 892 2180 φησιν
908 2130 926 2166 ὁ
942 2125 1135 2169 Πλάτωνος
1155 2124 1333 2175 Τίμαιος,

323 2284 572 2333 Philosophia
606 2291 660 2320 est
689 2284 775 2320 vitae
805 2284 980 2320 humanae
1009 2283 1190 2333 purgatio
1219 2289 1335 2330 atque

272 2343 478 2392 perfecti03
509 2344 687 2393 purgatio
709 2343 867 2392 quidem
895 2355 918 2380 a
942 2343 1064 2380 br'utae
1085 2342 1252 2379 materiae
1273 2340 1338 2378 af—

273 2403 436 2439 fectibus
471 2404 703 2452 mortalique
732 2416 924 2453 corpore,
959 2403 1145 2453 perfectio
1172 2415 1264 2439 vero
1294 2409 1338 2438 ut

279 2474 362 2510 quae
379 2463 465 2498 vitae
481 2462 703 2499 beatitatem
718 2463 867 2499 homini
882 2463 1082 2512 propriam
1099 2462 1274 2498 restituat
1300 2469 1338 2498 et

258 2518 327 2557 vad
345 2521 512 2557 divinam
533 2534 619 2558 eum
652 2523 943 2560 similitudinem
973 2522 1146 2559 reducat.
1169 2520 1233 2560 Ad
1257 2522 1337 2557 haec

277 2587 405 2616 autem
434 2580 636 2618 efficienda
667 2583 791 2632 virtus
806 2589 843 2619 et
874 2584 1015 2620 veritas
1047 2582 1213 2618 maxime
1249 2588 1339 2617 sunt

276 2639 444 2685 idoneae,
466 2653 629 2688 quarum
649 2642 765 2678 altera
795 2643 896 2678 tollit
915 2642 1125 2679 affectuum
1147 2640 1334 2677 immode-

274 2697 479 2743 rationem,
502 2699 622 2735 altera
656 2699 828 2738 divinam
868 2701 1032 2738 formam
1051 2701 1097 2737 iis
1135 2700 1203 2749 qui
1232 2700 1338 2736 bona

276 2755 408 2792 indole
428 2764 516 2792 sunt
538 2759 730 2795 conciliat.
751 2761 813 2796 Ad
846 2760 1062 2797 doctrinam
1089 2760 1207 2810 igitur
1236 2760 1336 2796 hanc

279 2810 576 2858 comparandam
593 2838 604 2857 ,
639 2824 723 2860 quae
757 2826 877 2863 puros
903 2821 1018 2863 atque
1040 2814 1232 2863 perfectos
1266 2826 1338 2850 nos

275 2869 431 2914 reddet,
457 2870 607 2919 regulas
632 2870 767 2908 haberi
796 2875 1000 2911 nonnullas
1027 2881 1183 2924 oportet
1205 2874 1339 2923 paucis

278 2929 468 2978 expositas
481 2956 492 2975 ‚
524 2936 706 2978 tanquam
744 2932 878 2969 brevia
910 2934 1084 2982 quaedam
1117 2935 1206 2972 artis
1238 2947 1339 2983 prae-

276 2996 388 3038 cepta
400 3015 411 3034 ,
427 2995 471 3024 ut
491 2988 628 3026 ordine
642 2997 823 3039 rectaque
839 2993 899 3028 via
917 2993 966 3029 ad
984 2993 1104 3031 beatae
1123 2995 1210 3031 vitae
1224 2993 1338 3031 finem

275 3048 556 3098 perveniamus.
569 3050 675 3086 Inter
688 3051 838 3100 regulas
851 3064 945 3089 vero
960 3052 1147 3100 ejusmodi
1163 3081 1174 3100 ,
1191 3067 1275 3102 quae
1289 3055 1338 3091 ad

276 3107 491 3143 universam
511 3108 794 3157 philosophiam
814 3112 1031 3160 pertinent,
1054 3114 1241 3162 imprimis
1256 3127 1340 3151 me—

276 3166 353 3203 rito
382 3167 669 3204 numerabimus
689 3181 818 3206 versus
838 3171 1116 3220 Pythagoricos
1136 3174 1202 3221 qui
1232 3175 1339 3211 aurei

277 3222 535 3273 appellantur.
561 3227 607 3263 Ili
628 3228 729 3264 enim
751 3230 1060 3278 complectuntur
1075 3232 1192 3268 totius
1207 3232 1339 3282 philo-

279 3284 424 3333 sophiae
454 3297 541 3321 cum
571 3285 651 3334 ejus
687 3300 770 3336 quae
806 3289 845 3324 in
873 3291 1050 3337 actione,
1084 3299 1166 3327 tum
1186 3305 1270 3340 quae
1299 3294 1339 3330 in

278 3345 604 3393 contemplatione
649 3348 774 3396 posita
808 3356 883 3396 est,
919 3349 1112 3398 generalia
1155 3351 1335 3401 decreta,

278 3415 443 3450 quorum
465 3417 539 3453 ope
568 3406 652 3454 quis
670 3407 870 3444 veritatem
899 3409 1159 3459 virtutemque
1177 3424 1338 3462 compa-

279 3474 365 3499 rare
383 3469 419 3500 et
440 3465 703 3503 castimoniam
724 3479 829 3504 suam
850 3481 1078 3519 recuperare
1097 3483 1140 3508 ac
1161 3471 1222 3509 dei
1235 3474 1338 3509 simi·

1309 3551 1386 3584 416

1393 1054 1462 1091 τῶν
1489 1051 1742 1105 Πυθαγορείων
1770 1052 1955 1104 δογμάτων
1984 1054 2003 1091 ὃ
2039 1052 2189 1106 ἀκριὸὴς
2222 1053 2456 1110 διδάσκαλος)

1394 1111 1493 1163 ὑγιής
1512 1128 1548 1150 τε
1570 1111 1630 1151 καὶ
1645 1111 1835 1165 ὁλόκληρος
1859 1110 2044 1164 γενόμενος
2058 1113 2106 1156 εἷς
2129 1112 2168 1151 τὸ
2188 1115 2251 1161 τῆς
2275 1113 2452 1169 προτέρας

1394 1170 1555 1225 ἀφίκοιτο
1571 1165 1660 1215 εἶδος
1683 1170 1801 1217 ἕξεως.
1824 1171 1896 1211 Καὶ
1916 1171 2040 1225 πρῶτά
2053 1187 2093 1224 γε
2114 1171 2159 1211 τὰ
2178 1175 2241 1220 τῆς
2259 1176 2459 1227 πρακτικῆς

1393 1232 1519 1283 ἀρετῆς
1534 1230 1768 1285 παρατίθεται
1788 1231 2090 1284 παραγγέλματα.
2151 1234 2299 1285 Πρῶτον
2317 1233 2386 1286 γὰρ
2406 1235 2459 1274 δεῖ

1393 1291 1492 1338 τάξαι
1523 1290 1587 1340 τὴν
1609 1293 1643 1331 ἐν
1667 1294 1752 1343 ἡμῖν
1787 1290 1932 1344 ἀλογίαν
1962 1307 2001 1331 τε
2032 1292 2092 1331 καὶ
2121 1291 2307 1347 ρᾳθυμίαν·
2334 1293 2457 1334 ἔπειτα

1393 1349 1502 1395 οὕτως
1532 1350 1714 1390 ἐπιὸαλεῖν
1734 1353 1779 1403 τῇ
1806 1352 1875 1389 τῶν
1897 1351 1998 1390 θείων
2023 1351 2163 1404 γνώσει.
2218 1349 2367 1408 Ἵὶσπερ
2387 1353 2457 1408 γὰρ
2516 1385 2523 1392 .

1393 1411 1564 1464 ὀφθαλμῷ
1578 1411 1742 1460 λημῶντι
1764 1410 1824 1449 καὶ
1842 1411 1881 1449 οὗ
1898 1410 2154 1465 κεκαθαρμένῳ
2171 1411 2215 1451 τὰ
2232 1412 2366 1466 σφόδρα
2386 1428 2458 1467 φω·

1392 1470 1490 1510 τεινὰ
1511 1472 1594 1510 ἰδεῖν
1616 1471 1683 1524 οὐχ
1700 1464 1770 1509 οἶόν
1785 1486 1834 1509 τε·
1851 1470 1943 1510 οὕτω
1963 1470 2024 1510 καὶ
2043 1473 2142 1525 ψυχῇ
2169 1471 2219 1523 μὴ
2248 1471 2375 1526 ἀρετὴν
2395 1488 2457 1513 κε-

1392 1531 1552 1583 κτημένῃ
1571 1530 1612 1569 τὸ
1629 1533 1691 1577 τῆς
1705 1530 1870 1578 ἀληθείας
1882 1530 2156 1586 ἐνοπτρίσασθαι
2171 1531 2301 1578 κάλλος
2314 1531 2461 1587 ἀμήχα-

1392 1607 1464 1632 νον.
1522 1590 1585 1639 Μὴ
1621 1593 1768 1644 καθαρῷ
1795 1592 1864 1644 γὰρ
1897 1594 2053 1644 καθαροῦ
2082 1591 2303 1645 ἐφάπτεσθαι
2336 1591 2388 1644 μὴ
2417 1593 2458 1632 οὗ

1393 1650 1532 1703 θεμιτὸν
1571 1645 1609 1702 ᾖ.
1676 1650 1783 1690 Ἐστι
1823 1649 1860 1689 δὲ
1889 1653 1911 1698 ἡ
1949 1651 2012 1702 μὲν
2047 1650 2228 1705 πρακτικὴ
2267 1651 2458 1706 φιλοσοφία

1394 1713 1523 1764 ἀρετῆς
1552 1709 1745 1759 ποιητική,
1775 1710 1940 1759 ἀληθείας
1973 1709 2009 1749 δὲ
2036 1714 2057 1758 ἡ
2083 1711 2303 1765 θεωρητική,
2321 1714 2368 1756 ὡς
2398 1711 2460 1751 καὶ

1394 1772 1429 1810 ἐν
1451 1772 1569 1815 αὐτοῖς
1599 1775 1673 1815 τοῖς
1702 1769 1803 1810 ἔπεσι
1832 1769 1898 1818 τὴν
1930 1769 1994 1822 μὲν
2023 1769 2225 1822 πρακτικὴν
2250 1769 2458 1825 φιλοσοφίαν

1395 1829 1617 1884 ἀνθρωπίνην
1655 1828 1782 1883 ἀρετὴν
1814 1829 2025 1883 εὑρίσκομεν
2070 1829 2290 1883 λεγομένην,
2322 1828 2387 1878 τὴν
2419 1829 2457 1869 δὲ

1394 1889 1610 1943 θεωρητικὴν
1631 1890 1728 1929 θείαν
1760 1889 1889 1944 ἀρετὴν
1920 1889 2144 1941 ὑμνουμένην
2158 1921 2170 1943 ,
2194 1892 2229 1930 ἓν
2251 1884 2301 1936 οἷς
2321 1905 2459 1942 συμπε-

1398 1950 1504 2004 ράνας
1521 1953 1539 1988 ὁ
1552 1949 1652 2003 λόγος
1663 1949 1708 1988 τὰ
1722 1952 1784 1998 τῆς
1803 1951 1989 1998 πολιτικῆς
2008 1953 2136 2004 ἀρετῆς
2155 1950 2459 2003 παραγγέλματα,

1479 2087 1580 2117 ταῦτα
1591 2084 1679 2117 πόνει
1696 2085 1707 2125 (
1719 2084 1817 2125 φησί)
1834 2085 1924 2117 ταῦτ’
1939 2085 2101 2127 ἐκμελέτα·
2114 2085 2233 2118 τούτων
2248 2085 2309 2128 χρὴ
2327 2084 2398 2127 ἐρᾶν
2414 2095 2461 2122 σε.

1423 2160 1426 2163 ,
1480 2133 1581 2166 ταῦτά
1601 2144 1638 2165 σε
1659 2136 1714 2171 τῆς
1732 2133 1813 2171 θείης
1837 2132 1946 2175 ἀρετῆς
1964 2134 2006 2170 εἰς
2018 2133 2106 2175 ἴχνια
2122 2134 2224 2172 θήσει.

1395 2280 1597 2316 'titudinem
1614 2279 1773 2316 feliciter
1791 2279 1962 2315 nancisci
1978 2280 2122 2327 possit,
2144 2286 2259 2328 atque
2284 2279 2353 2330 (ut
2372 2281 2458 2318 Pla:

1398 2340 1498 2376 tonis
1514 2340 1696 2384 Timaeus,
1724 2338 1946 2388 dogmatum
1967 2337 2461 2388 Pythagoricorumlucu-

1397 2402 1521 2436 lentus
1539 2406 1686 2446 auctor,
1708 2398 1827 2447 dicit)
1846 2411 1958 2435 sanus
1974 2405 2088 2447 atque
2108 2399 2257 2448 integer
2276 2399 2398 2437 factus
2411 2400 2460 2438 ad

1398 2460 1539 2507 prioris
1561 2458 1711 2495 habitus
1743 2458 1906 2495 formam
1938 2458 2150 2507 perveniat.
2182 2459 2310 2496 Primo
2334 2467 2462 2497 autem

1398 2521 1484 2555 loco
1507 2526 1670 2555 actuosae
1693 2519 1842 2555 virtutis
1869 2525 2062 2567 praecepta
2090 2525 2242 2568 ponunt
2264 2532 2273 2554 z
2306 2527 2463 2569 oportet

1400 2579 1501 2614 enim
1536 2579 1707 2628 primum
1731 2578 1890 2614 rationis
1919 2578 1960 2613 in
1987 2578 2098 2614 nobis
2131 2577 2462 2627 perturbationem

1399 2645 1513 2686 atque
1538 2637 1760 2675 socordiam
1780 2637 1995 2687 corrigere,
2020 2637 2160 2674 deinde
2187 2638 2241 2674 ita
2261 2650 2460 2687 compara-

1399 2702 1456 2731 tos
1477 2696 1526 2732 ad
1551 2709 1682 2733 rerum
1717 2697 1933 2733 divinarum
1959 2695 2130 2732 studium
2149 2696 2388 2733 incumbere.
2408 2697 2463 2734 Ut

1399 2756 1500 2792 enim
1529 2757 1664 2793 oculus
1683 2756 1915 2805 lippitudine
1935 2755 2115 2792 laborans
2131 2755 2297 2792 necdum
2316 2767 2461 2806 purga-

1400 2822 1459 2851 tus
1488 2828 1531 2852 ea
1552 2829 1636 2865 quae
1655 2816 1767 2852 valde
1790 2815 1921 2852 lucida
1942 2823 2030 2851 sunt
2047 2815 2187 2852 intueri
2202 2828 2284 2852 non
2301 2822 2429 2865 potest
2446 2827 2457 2854 :

1399 2874 1451 2910 ita
1471 2875 1581 2911 etiam
1609 2873 1692 2911 fieri
1715 2876 1875 2923 nequit,
1908 2882 1951 2911 ut
1979 2875 2122 2911 virtute
2149 2887 2280 2911 carens
2313 2875 2461 2912 animus

1400 2934 1570 2970 veritatis
1592 2934 1920 2983 pulchritudinem
1942 2941 2085 2972 cernat.
2107 2935 2205 2970 Nam
2221 2933 2310 2970 vide
2326 2947 2375 2971 ne
2387 2934 2460 2971 im-

1399 3005 1495 3038 puro
1517 3005 1661 3043 purum
1683 2994 1870 3043 attingere
1889 2993 1993 3030 nefas
2011 2994 2072 3030 sit.
2096 2991 2347 3042 Philosophia
2366 3006 2460 3031 vero

1401 3066 1484 3101 quae
1503 3054 1543 3089 in
1559 3054 1708 3091 actione
1722 3060 1898 3090 versatur
1910 3053 2089 3089 virtutem
2116 3053 2217 3102 parit
2230 3082 2240 3101 ‚
2260 3066 2343 3101 quae
2364 3053 2461 3090 con-

1401 3113 1651 3162 templatione
1672 3114 1892 3150 continetur
1907 3113 2108 3149 veritatem
2123 3142 2134 3160 ‚
2149 3113 2247 3148 sicut
2262 3120 2299 3149 et
2319 3113 2360 3149 in
2374 3113 2459 3163 ipso

1401 3172 1572 3208 carmine
1590 3172 1875 3222 philosophiam
1895 3174 2059 3209 activam
2079 3173 2294 3222 reperimus
2313 3172 2459 3210 dictam

1398 3231 1602 3268 humanam
1617 3232 1810 3279 virtutem,
1826 3233 2164 3281 contemplativam
2180 3239 2306 3269 autem
2322 3231 2460 3269 divinae

1399 3291 1551 3328 virtutis
1583 3292 1740 3328 nomine
1762 3292 1991 3328 celebratam
2008 3320 2017 3336 ‚
2048 3293 2088 3327 in
2117 3292 2161 3327 iis
2193 3291 2362 3328 versibus
2391 3292 2458 3341 qui

1399 3351 1521 3388 civilis
1533 3352 1684 3389 virtutis
1701 3359 1890 3402 praecepta
1912 3351 2094 3388 claudunt
2114 3365 2122 3387 :

1442 3439 1513 3479 His,
1530 3439 1658 3480 inquit,
1683 3448 1815 3481 operam
1839 3439 1897 3478 da;
1925 3440 1996 3472 hmo
2022 3439 2286 3480 meditar0311aec
2301 3446 2411 3472 amare
2427 3441 2459 3471 te

1444 3487 1513 3519 haec
1527 3489 1559 3520 te
1575 3487 1607 3520 in
1627 3487 1746 3520 divinoe
1763 3487 1892 3519 virtutis
1908 3488 2050 3528 vestigiis
2067 3486 2429 3528 collocabunt.[oportet
2446 3495 2455 3514 ε
