2612 3814
984 295 1040 340 ΙΝ,
1065 294 1136 334 AU
1146 294 1289 334 REUM
1318 293 1555 333 CARMEN.

154 389 265 440 μόνης
277 418 287 437 ,
306 385 366 425 καὶ
382 387 444 432 τῆς
465 382 527 436 μὲν
545 380 808 435 κεχωρισμένης
822 384 888 421 τῶν
905 383 1056 435 λογικῶν
1071 384 1210 433 οὐσιῶν,

151 441 225 490 οἰός
245 449 338 486 ἐστιν
356 448 375 485 ὀ
391 442 494 488 Θεός·
526 445 588 490 τῆς
619 441 656 480 δὲ
680 442 948 503 ἐνυπαρχούσης
975 443 1122 491 αὐταῖς,
1150 442 1212 482 καὶ

154 510 199 558 τῇ
215 505 293 545 κατ’
310 503 428 544 οὐσίαν
450 503 568 554 ἐπαφῇ
597 501 820 554 κυὸερνώσης
835 532 846 552 ,
878 495 948 545 οἰός
969 503 1062 541 ἐστιν
1082 504 1100 541 ὁ
1107 502 1213 563 ορθὸς

153 565 272 618 λόγος.
331 560 491 608 Τοιαύτη
513 559 576 612 μὲν
602 563 624 607 ἡ
656 562 724 598 τῶν
751 575 871 599 κακων
899 559 1080 614 διάκρισις·
1103 564 1151 599 ὧν
1174 562 1212 599 οὗ

156 623 201 663 τὰ
220 619 449 676 προαιρετικαί
463 634 567 672 φησιν
589 619 628 657 ἐκ
647 621 709 666 τῆς
730 619 912 669 δαιμονίας
929 618 1039 672 τύχης
1057 626 1127 664 τοῖς
1145 623 1214 658 ἀν-

151 682 307 736 θρώποις
341 677 599 729 ἀπονέμεσθαι,
622 677 714 716 ἀλλὰ
741 677 786 716 τὰ
819 678 1075 729 περιστατικά,
1104 679 1126 717 ἃ
1155 683 1214 718 νῦν

154 742 222 793 μὲν
240 742 274 779 ἐν
294 739 367 783 τοῖς
388 739 452 777 οὐκ
474 738 526 792 ἐφ’
558 740 642 786 ἡμῖν
663 743 799 786 κεῖται,
820 737 934 776 πάλαι
954 738 990 777 δὲ
1010 753 1215 791 προαιρετι-

152 805 235 845 καῖς
254 797 447 853 ἁμαρτίαις
468 796 749 845 ἐπηκολούθησεν
767 826 778 844 ,
804 795 948 847 ἀλγεινὰ
976 796 1039 849 μὲν
1059 797 1154 847 ὄντα,
1170 800 1216 842 ὡς

151 860 307 913 ἔφαμεν,
323 858 383 898 τὸν
403 857 440 898 δὲ
460 857 559 911 παρὰ
582 860 644 904 τῆς
660 860 786 911 ἀρετῆς
808 856 940 907 κόσμον
963 858 1212 911 ἐπιδεχόμενα.

154 920 232 960 Καὶ
263 919 331 972 γὰρ
359 917 482 957 πενίαν
505 917 683 968 ἐκόσμησε
705 916 854 970 σώφρων
874 916 989 955 δίαιτα
1010 916 1071 955 καὶ
1091 932 1214 955 ταπει-

157 979 290 1028 νότητα
321 976 440 1030 γένους
474 976 754 1028 ἐπηνωρθώσατο
780 976 956 1029 φρόνησις·
978 975 1045 1014 ’καὶ
1076 976 1215 1014 παίδων

153 1036 338 1086 ἀποὸολὴν
358 1036 478 1090 πράως
498 1036 642 1087 ἤνεγκεν
665 1037 683 1073 ὃ
704 1034 837 1078 δίκαιος
862 1034 934 1087 βίος
947 1063 957 1082 ,
990 1036 1008 1073 ὅ
1027 1033 1217 1085 δυνάμενος

152 1099 288 1147 εἰπεῖν,
323 1096 481 1144 Τέθνηκε
512 1095 552 1135 τὸ
586 1095 745 1143 παιδίον;
782 1094 906 1133 οὐκοῦν
939 1093 1108 1141 ἀπεδόθη·
1156 1092 1216 1132 καὶ

155 1156 281 1214 ῌδειν
302 1155 425 1205 θνητὸν
445 1154 675 1230 γεγεννηκώς.
749 1153 907 1205 Ὁμοίως
931 1153 967 1192 δὲ
981 1153 1042 1192 καὶ
1064 1151 1109 1191 τὰ
1125 1153 1215 1192 ἄλλα

157 1217 297 1264 πάντα,
320 1217 371 1254 τῶ
393 1217 456 1261 τῆς
486 1217 613 1267 ἀρετῆς
637 1213 761 1253 κάλλει
782 1212 974 1271 περιὸληθ’
958 1228 1060 1260 εντα,
1083 1212 1217 1264 γίνεται

152 1275 476 1329 εὐσχημονεστερα.
533 1272 638 1320 Εξῆς
657 1272 693 1313 δὲ
708 1274 804 1321 ζητεῖ
823 1274 841 1310 ὃ
861 1272 961 1322 λόγος
980 1271 1068 1316 τίνες
1084 1274 1120 1310 αἱ
1141 1272 1217 1310 δαι-

155 1333 278 1384 μόνιαι
297 1332 428 1386 τύχαι,
449 1334 527 1371 καθ’
549 1332 588 1375 ἃς
608 1334 639 1370 οἱ
667 1331 785 1383 βροτοὶ
807 1332 870 1375 τὰς
896 1331 994 1375 ἐκτὸς
1013 1331 1219 1384 δυσχερείας

154 1393 310 1445 ἔχουσιν.
371 1393 417 1432 Ei
446 1391 509 1443 μὲν
540 1391 609 1443 γὰρ
642 1390 914 1444 προηγουμένως
946 1393 968 1437 ἡ
1000 1390 1075 1429 θεία
1108 1389 1220 1442 κρίσις

152 1451 279 1490 δίδωσι
308 1451 398 1504 τῷδε
420 1449 483 1502 μὲν
500 1451 651 1489 πλοῦτον
664 1481 674 1498 ,
694 1449 802 1505 ἑτέρῳ
823 1449 859 1488 83
876 1448 1013 1489 πενίαν·
1034 1448 1218 1500 δαιμονίαν

154 1511 227 1550 ἔδει
246 1510 377 1558 ταύτην
398 1514 605 1564 προαίρεσιν
626 1512 763 1561 καλεῖν,
788 1510 848 1549 καὶ
864 1509 913 1561 μὴ
933 1510 1058 1563 τύχην.
1117 1511 1162 1549 Εἰ
1182 1508 1218 1548 δὲ

158 1570 291 1622 μηδ-ἔν’
277 1571 459 1610 επιστατεῖ
468 1577 544 1615 ταῖς
552 1573 622 1609 τῶν
629 1569 724 1609 τοιού
730 1586 796 1609 των
805 1569 959 1619 λήξεσιν,
972 1569 1079 1609 ἀλλ’(
1061 1586 1107 1614 ως
1116 1568 1220 1622 ἔτυχε
1243 1596 1248 1601 ,

155 1630 220 1669 καὶ
241 1631 450 1680 αὐτομάτως
483 1629 694 1681 συμπίπτει,
717 1629 776 1668 τὸν
807 1629 869 1680 μὲν
891 1631 1021 1682 εὐτυχη
1052 1632 1153 1679 εἰναι,
1175 1628 1221 1673 ὥς

158 1704 269 1743 φασι,
288 1705 347 1728 τον
367 1688 403 1728 δὲ
425 1690 598 1742 δυστυχη·
621 1688 732 1741 τύχην
751 1687 821 1727 ἔδει
842 1688 974 1735 ταύτην
1000 1689 1140 1737 καλεῖν,
1159 1688 1221 1727 καὶ

156 1747 210 1800 μὴ
229 1747 413 1798 δαιμονίαν
431 1747 560 1801 τύχην.
619 1750 664 1788 Εἰ
680 1747 715 1786 83
734 1748 820 1802 πρὸς
833 1746 895 1795 τὴν
912 1747 1010 1793 ἀξίαν
1025 1747 1163 1801 ἑκάστῳ
1177 1747 1221 1786 τὰ

157 1807 383 1861 προσήκοντα
404 1807 576 1858 ἀπονέμει
609 1809 627 1846 ὃ
655 1807 894 1860 ἐπιτροπεύων
916 1809 1017 1858 ἡμῶν
1047 1806 1141 1855 θεός,
1161 1806 1222 1845 καὶ

158 1870 219 1906 τοῦ
239 1866 302 1918 μὲν
325 1861 414 1906 εἶναι
442 1866 602 1906 τοιούσδε
627 1866 650 1914 ἢ
670 1866 828 1906 τοιούσδε
847 1869 942 1918 ἡμᾶς
962 1867 1024 1906 οὐκ
1044 1865 1140 1906 ἔστιν
1155 1866 1221 1905 αἴ·-

101 1925 103 1928 ⁵
156 1939 242 1973 τιος·
266 1930 326 1967 τοῦ
347 1926 384 1965 δὲ
403 1925 465 1970 τὰς
486 1925 639 1977 ἀμοιόὰς
659 1927 854 1965 ἀποδοῦναι
871 1925 964 1965 κατὰ
977 1924 1055 1971 τοὺς
1075 1924 1223 1977 θεσμοὺς

156 1989 222 2035 τ’ἧς
258 1985 355 2033 δίκης
383 1986 487 2038 μόνος
508 1985 584 2024 ἐστὶ
613 1983 753 2039 κύριος,
778 1985 920 2030 εἰκότως
953 1984 1111 2039 συνάψας
1145 1978 1221 2025 εἷπε

159 2118 374 2167 principio,
395 2119 474 2154 sive
509 2118 623 2153 insito
639 2145 649 2163 ,
671 2118 750 2153 sive
776 2123 951 2164 externo,
984 2116 1092 2165 quod
1127 2117 1224 2154 male
1247 2113 1256 2120 ’

167 2176 307 2226 agendi
326 2187 479 2212 causam
497 2176 685 2225 praebeat3
708 2176 904 2212 bonorum
924 2188 1016 2213 vero
1037 2177 1228 2225 principio

164 2236 326 2272 omnino
347 2247 444 2283 opus
467 2242 520 2271 est
550 2246 675 2283 eoque
690 2235 794 2281 solo,
809 2242 890 2271 tum
916 2235 963 2272 ab
985 2236 1227 2285 intelligenti·

165 2295 238 2331 bus
258 2295 407 2331 naturis
424 2301 601 2344 separato
617 2322 628 2340 ,
658 2295 782 2343 qualis
805 2302 861 2331 est
887 2296 1007 2340 Deus,
1029 2302 1110 2330 tum
1139 2296 1230 2344 ipsis

166 2355 279 2391 insito
291 2382 302 2400 ,
327 2354 435 2403 quod
452 2355 635 2391 interiore
651 2362 762 2391 motu
778 2367 823 2391 ea
847 2356 948 2391 ciere
965 2361 1002 2391 et
1014 2355 1230 2405 gubernare

167 2414 306 2463 possit,
328 2413 452 2462 qualis
482 2420 536 2449 est
563 2421 669 2450 recta
702 2415 818 2452 ratio.
851 2412 1088 2464 Hujusmodi
1114 2415 1231 2465 igitur

165 2480 223 2509 est
237 2473 429 2509 malorum
447 2471 643 2509 distinctio
657 2500 667 2519 ‚
687 2485 707 2509 e
733 2473 873 2521 quibus
889 2486 969 2509 non
989 2485 1034 2510 ea
1055 2486 1139 2522 quae
1165 2487 1232 2510 vo-

170 2533 335 2569 luntaria
354 2539 465 2582 sunt,
494 2531 589 2568 dicit
609 2546 631 2570 a
665 2533 797 2569 divina
825 2533 981 2570 fortuna
1011 2533 1232 2570 hominibus

167 2591 370 2638 distribui,
392 2604 526 2628 verum
547 2593 766 2629 calamitosa
785 2593 849 2629 illa
862 2621 871 2639 ,
895 2606 978 2643 quae
991 2606 1071 2629 non
1086 2599 1175 2629 sunt
1190 2594 1232 2629 in

169 2659 301 2688 nostra
319 2663 421 2687 nunc
437 2657 624 2700 potestate
637 2679 647 2697 ,
662 2651 730 2687 sed
749 2663 769 2687 e
785 2653 972 2701 peccatis,
993 2664 1076 2700 quae
1098 2652 1231 2688 volen-

167 2717 224 2748 tes
261 2711 353 2747 olim
382 2712 658 2758 commisimus,
694 2719 896 2747 manarunt
932 2723 940 2747 ε
980 2724 1064 2759 quae
1097 2711 1232 2748 dolore

169 2771 330 2820 quidem
358 2782 429 2807 nos
457 2769 651 2817 afficiunt,
673 2778 716 2806 ut
738 2770 924 2817 diximus,
946 2770 1013 2807 sed
1044 2782 1066 2806 a
1090 2771 1232 2807 virtute

170 2835 354 2865 ornatum
375 2829 582 2877 accipiunt.
610 2830 760 2866 Etenim
788 2836 1054 2879 paupertatem
1075 2837 1234 2866 exornat

170 2888 293 2925 victus
323 2888 423 2924 ratio
456 2895 691 2938 temperans,
725 2897 763 2927 et
797 2890 945 2939 generis
980 2890 1232 2927 humilitatem

176 2948 357 2985 emendat
383 2948 613 2997 prudentia,
646 2957 684 2986 et
713 2950 925 2986 liberorum
940 2948 1128 2997 jacturam
1149 2950 1232 2997 pla-

173 3007 261 3045 cide
280 3007 353 3045 fert
382 3009 439 3045 vir
464 3008 610 3056 justus,
635 3010 699 3057 qui
720 3015 850 3058 potest
875 3009 1003 3045 dicere
1027 3022 1036 3044 z
1072 3009 1164 3044 obiit
1176 3009 1235 3058 fi-

173 3069 270 3103 lius?
292 3079 385 3117 ergo
415 3068 583 3104 redditus
609 3077 686 3114 est;
709 3076 764 3117 et,
790 3067 952 3105 sciebam
975 3080 1033 3104 me
1062 3071 1235 3116 genuisse

173 3128 385 3165 mortalem.
404 3127 586 3164 Similiter
608 3141 700 3165 vero
721 3136 759 3165 et
776 3129 924 3177 reliqua
940 3126 1088 3173 omnia,
1111 3128 1235 3164 virtu-

174 3179 224 3223 'tis
245 3186 533 3235 pulchritudine
564 3188 715 3235 induta,
737 3187 834 3224 fiunt
861 3188 1094 3224 decentiora.
1119 3188 1235 3224 Dein-

175 3258 265 3295 ceps
290 3253 418 3282 autem
446 3247 670 3295 inquiritur,
701 3261 784 3296 quae
816 3248 890 3284 sint
907 3244 1137 3283 illae'divinae
1154 3247 1233 3283 for-

178 3313 300 3352 tunae,
332 3317 404 3354 per
441 3317 535 3354 quas
568 3307 742 3343 homines
774 3307 939 3344 externis
981 3306 1236 3343 incommodis

177 3365 436 3414 implicantur.
456 3363 497 3402 Si
509 3377 598 3403 sane
615 3366 786 3403 divinum
798 3366 988 3414 judicium
1005 3378 1050 3402 ex
1064 3365 1234 3414 professo

178 3425 268 3460 huic
285 3423 436 3462 divitias
449 3454 459 3471 ,
481 3425 535 3461 illi
550 3433 815 3475 paupertatem
843 3427 967 3472 daret,
984 3425 1150 3462 divinam
1165 3437 1236 3473 par

143 3506 144 3509 =
180 3490 263 3520 erat
278 3483 374 3520 hanc
388 3485 622 3521 voluntatem
636 3486 872 3532 vocari,non
889 3493 1014 3522 autem
1029 3484 1233 3522 fortunam.

181 3541 247 3579 Sin
278 3548 404 3579 autem
424 3541 519 3579 nihil
551 3543 683 3580 talium
714 3543 995 3590 distributioni,
1018 3556 1101 3593 quae
1134 3550 1235 3580 sorte

2254 299 2331 333 ⁴39

1273 380 1457 431 δαιμονίας
1484 379 1595 431 τύχας
1628 379 1691 423 τὰς
1715 381 1776 426 τῆς
1804 382 1950 432 κρίσεως
1972 379 2192 433 ἀποφάνσεις·
2214 376 2238 433 ᾗ
2267 396 2330 431 μεν

1273 444 1360 480 θεῖον
1372 440 1431 478 καὶ
1445 438 1562 492 νοερόν
1574 441 1647 478 ἐστι
1663 437 1702 477 τὸ
1719 443 1849 491 κρῖνον,
1869 439 2052 489 δαιμονίας
2069 438 2129 477 καὶ
2141 441 2335 490 ἐπιστημο-

1272 499 1369 544 νικὰς
1391 497 1500 543 αὐτὰς
1511 496 1727 551 προσειπών·
1749 492 1773 550 ᾗ
1792 497 1827 536 δὲ
1844 497 1956 551 οἰκεία
1970 497 2172 550 προαιρέσει
2187 498 2337 538 κακύνε-

1273 574 1332 598 ται
1351 557 1392 597 τὸ
1407 557 1626 611 κρινόμενον,
1646 556 1705 596 καὶ
1723 556 1782 596 διὰ
1796 561 1898 596 τοῦτο
1911 557 2045 609 γίνεται
2062 559 2131 595 τῶν
2152 559 2333 611 δυσχερῶν

1274 617 1405 657 τούτων
1425 616 1531 666 ἄξιον,
1552 616 1715 670 προσθεὶς
1734 616 1774 654 τὸ
1793 615 1903 669 τύχας
1915 646 1925 665 ,
1942 615 1995 655 ὅτι
2009 618 2046 655 οὐ
2062 617 2335 668 προηγουμένως

1276 677 1372 717 τόνδε
1389 676 1468 716 τινὰ
1487 676 1637 717 κολάσαι
1659 676 1682 724 ἢ
1703 678 1853 728 τιμῆσαι
1873 675 2058 731 πρόκειται
2077 679 2128 730 τῷ
2151 679 2230 730 θεῷ,
2256 677 2345 716 ἀλλ”

1277 737 1330 775 ἀεὶ
1353 737 1410 776 τὸν
1442 734 1574 775 τοιόνδε
1602 734 1625 783 ἢ
1659 735 1791 775 τοιόνδε
1825 735 2023 788 γενόμενον·
2046 735 2168 775 τούτου
2202 735 2238 774 83
2274 741 2339 786 τὴν

1277 797 1391 837 αἰτίαν
1412 799 1446 836 ἐν
1475 798 1561 849 ἡμῖν
1582 800 1736 837 κεῖσθαι.
1793 796 1868 844 Τὴν
1891 795 1955 847 μὲν
1976 799 2034 835 οὖν
2056 794 2253 842 ἐπιπλοκὴν
2277 812 2340 843 της

1276 857 1450 911 ἡμετέρας
1466 855 1704 919 προαιρέσεως
1723 855 1784 896 καὶ
1803 859 1865 904 τῆς
1889 856 2021 896 ἐκείνου
2051 855 2199 908 κρίσεως
2226 854 2338 908 τύχην

1277 919 1493 969 ἀπογεννᾶν,
1523 915 1615 956 ὥστε
1636 910 1783 956 εἶναιτὸ
1803 915 1882 956 ὅλον
1908 919 2034 964 τοῦτο,
2059 914 2244 966 δαιμονίαν
2274 915 2338 954 τύ-

1277 992 1368 1029 χην,
1391 975 1454 1023 τὴν
1475 976 1532 1014 ἐπι
1552 978 1621 1019 τοῖς
1636 973 1901 1028 ἡμαρτημένοις
1922 974 2018 1013 θείαν
2037 975 2164 1029 ψηφον·
2180 972 2240 1012 καὶ
2262 989 2343 1013 συν-

1278 1035 1428 1087 εισάγειν
1457 1035 1548 1074 οὕτω
1577 1035 1640 1083 τὴν
1675 1037 1744 1073 τῶν
1785 1034 1966 1086 ὀνομάτων
1995 1032 2158 1087 τεχνικὴν
2187 1033 2343 1086 εὕρεσιν,

1277 1095 1339 1142 τήν
1355 1111 1393 1133 τε
1405 1095 1500 1134 θείαν
1523 1093 1748 1143 ἐπιστασίαν,
1767 1093 1828 1133 καὶ
1844 1094 1884 1132 τὸ
1899 1092 2118 1139 αὐτεξούσιον
2134 1096 2196 1140 τ’ῆς
2210 1094 2342 1147 ψυχῆς,

1278 1153 1338 1192 καὶ
1358 1153 1544 1192 ἀθάνατον·
1570 1153 1630 1192 καὶ
1661 1152 1750 1204 μήτε
1778 1153 1856 1191 καθ’
1885 1150 2101 1204 εἱμαρμένην
2130 1151 2153 1199 ἢ
2180 1150 2344 1204 πρόνοιαν

1278 1213 1395 1252 πάντα
1421 1212 1591 1263 γίνεσθαι,
1612 1212 1703 1263 μήτε
1720 1214 1766 1257 ὡς
1783 1211 1883 1263 ἔτυχε
1897 1241 1907 1259 ,
1924 1214 1984 1251 καὶ
2004 1211 2074 1249 ἀπὸ
2094 1210 2317 1262 ταύτομάτου
2331 1239 2342 1259 ,

1281 1273 1370 1324 μήτε
1384 1273 1475 1312 κατὰ
1489 1273 1527 1311 τὸ
1542 1271 1835 1325 αὖτοπροαίρετον
1851 1274 1937 1322 ἡμῖν
1962 1270 2019 1310 τὸν
2039 1270 2113 1323 βίον
2130 1270 2345 1310 διατίθεσθαι

1279 1333 1408 1372 πάντα.
1466 1332 1562 1372 Ἀλλ’
1583 1332 1649 1371 ὅσα
1668 1330 1732 1383 μὲν
1750 1332 1785 1370 ἐν
1803 1336 1874 1376 τοῖς
1892 1330 1944 1385 ἐφ’
1967 1333 2051 1382 ἡμῖν
2075 1330 2345 1382 ἁμαρτάνομεν,

1279 1396 1391 1431 ταῦτα
1403 1394 1450 1437 εἷς
1462 1392 1666 1446 προαίρεσιν
1682 1391 1928 1444 ἀναφέρεσθαι·
1941 1389 2008 1429 ὅσα
2025 1389 2062 1428 83
2078 1389 2136 1429 ἐπὶ
2153 1389 2213 1429 καὶ
2226 1392 2345 1442 ἡμαρ-

1279 1452 1442 1502 τημένοις
1461 1451 1554 1491 κατὰ
1572 1451 1650 1496 τοὺς
1662 1454 1722 1499 τῆς
1736 1451 1836 1500 δίκης
1849 1448 1974 1489 ἕπεται
1994 1449 2134 1501 νόμους,
2148 1452 2197 1493 εἷς
2213 1450 2348 1502 εἱμαρ-

1282 1512 1403 1562 μένην·
1424 1510 1469 1550 τὰ
1486 1510 1524 1550 δὲ
1545 1509 1820 1565 προηγουμένως
1842 1509 1942 1563 παρὰ
1963 1512 2024 1548 τοῦ
2043 1512 2121 1548 θεοῦ
2136 1507 2345 1559 ἐνδιδόμενα

1285 1570 1417 1621 ἀγαθά,
1443 1571 1489 1614 εἷς
1508 1570 1688 1623 πρόνοιαν·
1704 1571 1751 1614 εἷς
1765 1567 1858 1607 δὲτὸ
1878 1570 1968 1616 εἰκῆ,
1988 1567 2048 1607 καὶ
2068 1569 2115 1612 ὡς
2134 1566 2271 1620 ἔτυχεν,
2288 1569 2348 1607 οὔ·

1282 1630 1336 1669 δὲν
1355 1631 1424 1667 τῶν
1441 1628 1550 1668 ὄντων
1560 1628 1744 1684 ἀναφέρειν
1755 1627 1818 1676 τὴν
1830 1627 1960 1666 αἰτίαν·
1977 1627 2058 1666 ἀλλ’
2076 1627 2155 1665 οὐδὲ
2169 1629 2238 1665 τῶν
2254 1642 2349 1680 γινο-

1283 1689 1409 1739 μένων·
1429 1691 1459 1728 εἰ
1474 1689 1523 1740 μὴ
1540 1688 1609 1742 ἄρα
1625 1688 1717 1728 κατὰ
1735 1687 1972 1739 συμὸεὸηκός,
1994 1687 2054 1725 καὶ
2072 1686 2150 1726 κατ’
2162 1685 2347 1737 ἐμπλοκὴν

1281 1751 1349 1787 τῶν
1374 1749 1442 1787 ἀπὸ
1466 1747 1631 1802 προνοίας
1667 1747 1727 1787 καὶ
1757 1747 1974 1800 εἱμαρμένης
2007 1745 2069 1784 καὶ
2107 1746 2349 1799 προαιρέσεως

1282 1807 1555 1861 προηγουμένως
1566 1805 1835 1860 ἐνεργουμένων,
1851 1805 2127 1853 ἐπακολουθήσει
2139 1805 2179 1844 τὸ
2189 1807 2234 1849 ὡς
2244 1804 2349 1858 ἔτυχε

1283 1873 1356 1911 τοῖς
1377 1874 1613 1920 πρωτουργοῖς
1634 1866 1769 1912 αἰτίοις.
1828 1860 1914 1907 Οἷον
1940 1866 2047 1920 φέρε,
2068 1868 2086 1904 ὁ
2106 1866 2274 1915 δικαστὴς
2290 1866 2349 1905 τὸν

1285 1927 1391 1980 φονέα
1415 1927 1573 1973 κολάζειν
1590 1925 1782 1979 βούλεται,
1800 1926 1862 1966 καὶ
1882 1927 1919 1964 οὖ
1943 1926 2042 1964 τόνδε
2060 1941 2119 1964 τον
2145 1925 2346 1979 ἄνθρωπον·

1283 1986 1424 2031 κολάζει
1458 1985 1495 2025 δὲ
1523 1985 1583 2025 καὶ
1611 1989 1752 2034 τοῦτον,
1786 1985 1823 2025 ὃν
1844 1987 1906 2025 οὒκ
1925 1984 2110 2035 ’ἐδούλετο,
2131 1984 2214 2024 ὅταν
2246 1985 2351 2030 αὖτὸς

1286 2115 1349 2163 fit,
1370 2123 1528 2165 praeest,
1544 2116 1613 2153 sed
1633 2116 1793 2153 fortuito
1811 2123 1850 2153 et
1862 2128 1952 2152 casu
1967 2116 2114 2162 evenit,
2130 2122 2174 2151 ut
2190 2116 2252 2151 hic
2273 2115 2351 2152 for-

1288 2183 1461 2221 tunatus,
1483 2176 1540 2211 uti
1577 2175 1734 2222 dicunt,
1764 2176 1828 2212 ille
1871 2187 1964 2212 vero
2000 2174 2258 2211 infortunatus
2277 2175 2349 2223 sit,

1288 2235 1484 2272 fortunam
1513 2235 1638 2271 solum
1668 2247 1810 2272 vocare
1842 2235 1940 2271 hanc
1974 2235 2169 2283 oportuit,
2192 2241 2230 2270 et
2272 2248 2354 2272 non

1289 2295 1459 2331 divinam
1475 2294 1685 2332 fortunam.
1702 2294 1848 2341 Quodsi
1863 2295 1978 2338 Deus,
1995 2294 2062 2343 qui
2076 2294 2189 2330 nobis
2203 2302 2352 2343 praeest,

1290 2355 1500 2402 unicuique
1531 2366 1576 2390 ea
1615 2354 1750 2390 tribuit
1789 2365 1872 2402 quae
1907 2353 2050 2388 meritis
2086 2352 2165 2399 ejus
2205 2366 2354 2391 conve-

1290 2415 1420 2460 niunt,
1446 2426 1571 2462 neque
1591 2414 1671 2462 ipse
1703 2420 1759 2449 est
1789 2424 1922 2459 causa,
1943 2425 2011 2448 cur
2033 2410 2128 2448 boni
2162 2420 2228 2449 aut
2261 2414 2354 2450 mali

1289 2474 1425 2521 simus,
1447 2472 1513 2509 sed
1548 2472 1867 2509 remunerationis
1896 2479 2069 2518 tantum,
2093 2485 2177 2520 quae
2213 2485 2352 2509 secun-

1293 2532 1384 2569 dum
1405 2533 1505 2582 leges
1521 2530 1676 2580 justitiae
1696 2531 1762 2578 fit,
1785 2539 1920 2568 auctor
1940 2539 2014 2578 est,
2035 2532 2174 2568 merito
2200 2545 2355 2570 carmen

1293 2593 1505 2640 conjunctis
1522 2592 1743 2628 nominibus
1763 2591 1901 2640 judicii
1920 2591 2032 2639 hujus
2059 2591 2214 2629 decreta
2230 2592 2355 2629 forta--

1291 2664 1360 2688 nas
1384 2652 1530 2687 divinas
1547 2652 1779 2700 appellavit3
1803 2658 1990 2699 quatenus
2013 2651 2172 2699 quidem
2203 2651 2354 2690 divinus

1292 2718 1347 2747 est
1369 2710 1491 2758 judex
1510 2717 1547 2746 et
1566 2711 1763 2746 intellectu
1789 2709 1997 2758 praeditus,
2023 2721 2083 2745 eas
2112 2709 2258 2745 divinas
2287 2721 2355 2745 vo-

1293 2783 1380 2806 cans
1414 2776 1451 2806 et
1482 2770 1648 2806 scientiae
1677 2770 1826 2819 plenas,
1860 2775 2048 2817 quatenus
2068 2781 2160 2805 vero
2191 2768 2255 2805 ille
2285 2768 2353 2816 qui

1288 2829 1485 2877 judicatur
1509 2836 1646 2878 sponte
1664 2841 1732 2865 sua
1751 2829 1791 2865 in
1809 2829 1948 2865 vitium
1967 2827 2187 2877 prolabitur
2207 2834 2244 2864 et
2265 2827 2352 2863 ideo

1295 2888 1573 2925 calamitatibus
1591 2889 1668 2925 istis
1687 2879 1825 2938 dignus
1842 2895 1915 2935 est,
1936 2888 2108 2925 fortunas
2130 2886 2353 2936 adjungens,

1295 2949 1384 2996 quia
1402 2950 1485 2984 Deo
1504 2961 1585 2984 non
1619 2961 1664 2984 ex
1695 2948 1869 2997 professo
1897 2948 2044 2985 huncce
2067 2948 2262 2983 hominem
2291 2946 2355 2982 vel

1292 3007 1484 3056 supplicio
1507 3008 1567 3043 vel
1587 3009 1745 3056 praemio
1767 3006 1918 3044 afficere
1936 3008 2179 3056 propositum
2197 3013 2270 3051 est,
2287 3005 2355 3041 sed

1295 3079 1380 3103 eum
1397 3078 1546 3116 semper
1561 3068 1628 3115 qui
1649 3067 1732 3103 talis
1753 3068 1815 3104 vel
1835 3068 1917 3103 talis
1934 3067 2048 3103 fuerit
2064 3078 2073 3104 :
2097 3065 2208 3113 hujus
2227 3071 2354 3101 autem

1294 3127 1350 3162 rei
1373 3139 1524 3163 eausam
1555 3127 1596 3162 in
1615 3127 1808 3163 nobismet
1829 3127 1918 3176 ipsis
1942 3126 2052 3162 sitam
2086 3137 2178 3161 esse.
2207 3125 2355 3160 Nostrae

1292 3198 1384 3221 vero
1403 3186 1609 3222 voluntatis
1624 3193 1662 3222 et
1686 3185 1824 3234 judicii
1850 3185 1928 3233 ejus
1955 3184 2256 3233 implicationem
2277 3182 2355 3219 for·-

1296 3252 1394 3282 tunae
1414 3245 1604 3282 beneficio
1625 3244 1725 3282 effici
1739 3273 1749 3291 ‚
1769 3246 1821 3282 ita
1840 3251 1883 3281 ut
1902 3251 2026 3281 totum
2042 3245 2116 3281 hoc
2129 3245 2256 3280 divina
2264 3241 2354 3289 for—

1296 3312 1387 3341 tuna
1410 3306 1458 3340 sit
1477 3305 1548 3341 Dei
1569 3304 1617 3341 de
1636 3305 1805 3354 peccatis
1837 3306 2024 3341 sententia
2057 3316 2176 3352 eaque
2205 3305 2356 3340 ratione

1294 3364 1499 3402 artificiosa
1510 3364 1573 3401 illa
1586 3365 1869 3402 vocabulorum
1883 3366 2054 3401 inventio
2066 3365 2136 3401 Dei
2150 3364 2355 3412 imperium

1295 3432 1333 3461 et
1353 3425 1471 3461 animi
1495 3432 1575 3461 tum
1594 3425 1807 3461 libertatem
1826 3431 1906 3460 tum
1931 3424 2256 3460 immortalitatem
2269 3422 2353 3470 jun-

1294 3485 1384 3520 ctim
1398 3484 1570 3529 inducat,
1585 3496 1628 3520 ac
1644 3496 1769 3533 neque
1786 3484 1863 3520 fato
1882 3490 1948 3519 aut
1965 3482 2209 3532 providentia
2225 3482 2353 3519 omnia

1263 3588 1266 3590 q
1294 3542 1402 3589 fiant,
1434 3556 1558 3592 neque
1580 3543 1738 3579 fortuito
1771 3550 1808 3579 et
1827 3555 1914 3578 casu
1935 3554 1996 3578 res
2015 3542 2202 3586 eveniant,
2228 3553 2353 3590 neque
