2612 3814
293 278 340 312 40
1160 249 1577 295 COMMENTARIUS

289 358 383 410 γένος
408 356 456 395 ab
472 356 680 406 interprete
699 364 781 390 esse
802 349 993 401 adjectum
1016 347 1085 398 qui
1106 357 1260 383 versum
1282 343 1338 381 sic

291 418 443 456 videtur
462 414 693 452 constituere
718 411 887 448 voluisse
909 423 916 446 :

350 503 481 550 Νῆστίς
512 504 541 540 0·
574 500 596 548 ἣ
632 499 791 551 δακρύοις
819 513 857 548 γε
884 495 1019 548 πικροῖς
1054 499 1155 546 νωμᾷ
1187 491 1235 602 ἡ
1256 489 1340 542 βρό·

1240 565 1340 588 remit.

299 652 487 692 Arsenius
527 649 723 699 denique,
766 644 879 695 cujus
916 642 1121 681 lectionem
1158 637 1343 691 probavit

298 710 524 750 Karstenius
547 722 555 745 :

353 799 485 844 Νῆστίς
515 790 731 845 δακρυόεσσα
759 789 804 840 τ’,
838 785 1087 840 ἔπικρούνωμα
1117 783 1242 835 (vulg.
1265 783 1343 819 ἐπι-

938 844 1153 898 [κρούνομα)
1175 842 1342 894 βρότειον.

296 945 359 982 Sic
369 943 483 981 etiam
496 938 709 977 Violarium
727 948 798 973 ms.
810 933 1058 972 bibliotheca:
1076 930 1346 969 Laurentianae

298 1003 385 1041 cod.
406 999 520 1039 xxv}
552 996 671 1049 plutei
694 995 760 1034 lv.
784 1006 872 1045 pag.
901 993 973 1030 128
998 992 1189 1029 adversa:

1278 1032 1293 1042 ,ι

353 1091 526 1135 Nic-sug...
552 1082 725 1137 κρυόεσσοί
746 1081 775 1119 τ’
793 1079 1039 1133 ἐπικρούνωμα
1063 1077 1232 1131 βρότειον.

300 1175 381 1213 lluc
404 1172 550 1212 accedit
568 1169 786 1209 versiculus
805 1167 853 1206 ab
875 1168 991 1206 llenr.
1011 1166 1208 1218 Stephano
1231 1164 1346 1202 Poes.

299 1233 396 1285 phil.
421 1246 460 1283 p.
486 1244 557 1268 221
579 1236 814 1267 memoratus
834 1240 841 1263 :

355 1318 488 1367 Νῆστίς
508 1318 536 1356 0'
555 1316 578 1365 ἢ
594 1315 756 1369 δακρύοις
773 1316 933 1367 ἐκπικροῖ
948 1314 1049 1364 ὄμμα
1071 1312 1239 1365 βρότειον,

304 1420 417 1459 quem
434 1420 455 1444 a
478 1404 666 1454 Diogenis
688 1410 794 1440 textu
816 1414 893 1438 non
912 1399 1121 1437 admodum
1152 1399 1350 1438 diversum

303 1478 324 1504 e
344 1465 546 1503 codicibus
573 1460 861 1500 Parisiensibus
882 1460 1044 1511 petitum
1062 1471 1145 1496 esse
1168 1471 1271 1499 reor,
1291 1461 1354 1497 At-

304 1538 379 1576 que
417 1523 582 1572 intelligi
621 1521 778 1572 quidem
817 1532 932 1571 posse
961 1518 1034 1556 hos
1069 1531 1168 1568 quos
1190 1531 1211 1556 e
1230 1520 1354 1558 variis

305 1582 566 1636 scriptoribus
593 1580 828 1633 protulimus
849 1591 987 1617 versus
1016 1591 1150 1616 omnes
1172 1580 1353 1617 confiten-

306 1651 383 1689 tur,
406 1641 632 1681 sententiam
660 1652 753 1677 vero
774 1651 852 1675 non
879 1650 962 1675 esse
983 1649 1067 1676 eam
1091 1651 1177 1688 quae
1202 1638 1265 1676 hic
1287 1652 1354 1690 po-

308 1703 497 1741 tissimum
526 1700 749 1750 requiratur
779 1710 894 1735 nemo
926 1710 1005 1734 non
1039 1698 1159 1736 videt.
1191 1697 1286 1735 Nam
1310 1698 1356 1735 de

307 1769 489 1812 quattuor
538 1771 668 1796 rerum
709 1757 884 1796 omnium
936 1756 1137 1795 radicibus
1181 1758 1240 1795 vel
1281 1757 1355 1795 ele·

310 1820 448 1858 mentis
465 1832 551 1869 quae
575 1816 756 1870 ῥιζώματα
778 1818 787 1868 (
802 1816 829 1855 i.
847 1829 883 1854 e.
901 1815 1116 1868 interprete
1136 1816 1358 1867 Philopono

309 1879 426 1929 Phys.
446 1878 477 1925 1,
501 1878 559 1916 lit.
575 1876 638 1923 C.,
658 1890 696 1928 p.
717 1889 758 1922 2,
780 1874 824 1912 τὰ
845 1873 949 1912 ὓλικὰ
967 1874 1082 1926 αἴτια)
1105 1885 1219 1914 vocat
1235 1876 1356 1914 ‹lictu-

316 1951 382 1976 rns
421 1936 560 1975 Jovem
591 1948 675 1974 esse
709 1934 963 1986 Empedocles
999 1936 1134 1973 statuit
1180 1935 1358 1973 aetlierem

312 1997 393 2036 sive
411 1997 555 2046 ignem,
576 1994 744 2033 ,Iunonis
765 1994 923 2031 nomine
944 1994 1151 2032 Plutarcho
1176 2003 1271 2033 teste
1303 1996 1365 2032 ac-

312 2069 393 2094 rem
416 2055 549 2102 aflicit,
568 2054 710 2093 Orcum
736 2062 875 2091 terram
898 2066 981 2092 esse
999 2054 1082 2091 vult
1102 2054 1114 2105 (
1131 2054 1179 2094 cf.
1197 2067 1274 2093 vss.
1298 2056 1360 2102 16,

317 2130 331 2153 1
342 2129 379 2163 7,
396 2116 458 2162 18,
479 2118 560 2164 293,
577 2114 667 2151 licet
683 2113 918 2160 Heraclitus,
929 2112 1106 2151 Stobaeus
1119 2114 1264 2164 aliique
1273 2128 1364 2152 con-

313 2174 474 2213 trarium
494 2185 697 2225 perperam
715 2172 1013 2219 affirmaverint,
1033 2171 1227 2210 Nestidem
1253 2173 1360 2211 deni-

314 2246 389 2284 que
407 2232 516 2271 deam
535 2244 722 2283 aquarum
746 2229 955 2283 praesidem
977 2241 1190 2284 nuncupat.
1223 2232 1298 2271 Sed
1326 2235 1364 2270 in

314 2291 386 2330 hac
400 2291 661 2343 descriptione
681 2291 779 2342 quid
795 2291 932 2329 attinet
947 2292 1129 2332 lacrimas
1150 2305 1172 2330 a
1189 2294 1365 2331 mortali-

316 2350 390 2389 bus
415 2350 515 2388 fusas
535 2351 866 2390 commemorare?
889 2349 1002 2396 Quod
1035 2365 1154 2403 quum
1179 2352 1364 2402 frigidum

318 2410 381 2456 sit,
398 2410 553 2448 diversa
569 2409 718 2447 ratione
735 2409 815 2447 viri
823 2408 927 2447 docti
939 2419 1062 2462 poetae
1079 2425 1236 2449 manum
1255 2413 1367 2450 resti·

326 2475 433 2505 tuere
453 2467 580 2504 conati
598 2475 701 2508 sunt.
721 2467 856 2518 ltaque
875 2468 1057 2508 Sti-uvius
1075 2470 1117 2508 in
1138 2470 1291 2510 dissert.
1319 2471 1367 2509 de

323 2525 444 2564 Elem.
467 2525 713 2577 Empedoclis
745 2527 932 2578 (Dorpati
967 2530 1093 2582 1805)
1124 2543 1280 2568 versum
1315 2531 1371 2569 ita

325 2593 495 2622 correxit
517 2598 525 2622 :

379 2665 512 2713 Νῆστίς
533 2665 597 2713 θ’ἣ
616 2666 813 2719 δακρύουσα
828 2667 926 2705 πέλει
941 2668 1127 2721 κρούνωμα
1146 2673 1315 2723 βροτοῖσι,

328 2754 646 2793 Panzerbieterus
669 2769 677 2792 :
699 2757 744 2795 N.
769 2755 796 2793 θ’
816 2754 839 2803 ἢ
861 2755 1023 2807 δακρύοις
1049 2756 1163 2810 τέγγει
1184 2761 1374 2811 κρουνωπὰ

332 2815 524 2866 βροτοῖσιν,
543 2813 862 2854 Schneidewinus
881 2814 1025 2856 Philol.
1047 2816 1096 2854 vl
1118 2832 1158 2869 p.
1188 2820 1260 2857 156
1279 2813 1289 2858 ἑ

419 2900 515 2949 ἦστίς
534 2901 564 2940 Θ’
584 2902 895 2956 ἣδακρυοστακτεῖ
921 2903 1109 2957 κρούνωμα
1133 2908 1296 2960 ῥυτοῖσιν.

333 2990 392 3028 Ex
419 2989 481 3028 his
500 3002 614 3027 nemo
634 2990 789 3028 videtur
808 2991 1129 3032 animadvertisse
1145 3024 1154 3042 ,
1175 2996 1372 3047 ambigui-

336 3057 451 3087 tatem
468 3047 651 3086 vocabuli
672 3048 819 3100 δάκρυον
839 3050 881 3087 in
901 3063 1016 3088 causa
1037 3051 1171 3100 fuisse,
1202 3067 1272 3092 cur
1290 3069 1376 3094 ver-

338 3123 403 3148 sus
423 3122 445 3147 a
459 3108 634 3148 librariis
667 3119 893 3151 mutaretur.
924 3112 1072 3151 Etenim
1106 3123 1147 3152 ut
1179 3114 1306 3155 Latini
1328 3118 1364 3155 la

340 3168 480 3206 crimas
511 3181 590 3205 non
617 3167 844 3208 hominibus
880 3179 1045 3218 tantum,
1077 3172 1142 3210 sed
1176 3174 1382 3214 arboribus

340 3227 454 3264 etiam
469 3235 506 3264 et
519 3227 660 3277 plantis
674 3228 864 3276 tribuunt,
888 3243 1025 3280 resque
1045 3230 1276 3271 inanimatas
1293 3234 1384 3273 flere

341 3292 379 3321 et
396 3284 599 3323 lacrimare
618 3284 779 3335 dicunt,
812 3288 917 3326 velut
949 3288 1150 3328 Lucretius
1180 3290 1250 3331 lib.
1279 3295 1295 3329 Ι
1324 3306 1382 3333 τε.

347 3342 532 3392 349-350,
555 3348 594 3380 in
611 3349 718 3381 saxis
735 3359 781 3382 ac
793 3349 975 3395 speluncis
987 3352 1189 3397 permanat
1205 3364 1384 3400 aquarum

345 3403 506 3451 liquidus
530 3403 679 3449 humor,
709 3413 745 3441 et
771 3407 943 3443 uberibus
961 3408 1062 3454 flent
1088 3413 1215 3445 omnia
1235 3415 1350 3458 gultis
1377 3427 1384 3434 ·

1405 341 1502 379 sime
1539 346 1671 390 patere
1707 335 1930 373 voluerunt.
1979 331 2242 380 Quamobrem
2280 336 2460 384 quemvis

1406 400 1608 437 humorem
1644 404 1681 434 et
1707 407 1867 433 succum
1901 405 1948 432 eo
1974 393 2134 431 nomine
2165 401 2370 430 vocarunt.
2394 392 2460 432 Sic

1406 457 1525 495 Anth.
1554 455 1621 505 xl,
1647 455 1749 505 298:
1775 451 1937 504 ἀμπέλου
1959 451 2134 499 ἡδυτάτης
2156 450 2239 490 τάδε
2255 450 2390 504 δάκρυα
2405 452 2462 496 δός

1408 531 1467 566 μοι
1499 515 1683 568 ἀφύσσειν.
1710 514 1806 559 Quae
1839 524 1962 563 quum
1991 513 2044 549 ita
2073 510 2169 556 sint,
2208 509 2459 550 scribendum

1408 575 1543 627 putavi
1566 587 1575 614 :
1595 571 1728 619 Νῆστίς
1747 573 1778 610 0'
1805 570 1827 619 ἢ
1851 569 2011 623 δακρύων
2033 569 2148 622 τέγγει
2168 567 2358 622 κρούνωμα
2379 571 2464 624 βρό-

1407 649 1511 684 τειον,
1532 633 1636 685 quod
1659 631 1808 683 duplici
1831 629 1947 668 modo
1964 629 2333 681 licetinterpretari,
2351 638 2395 668 ut
2413 630 2465 668 sit

1407 693 1469 731 vel
1501 706 1509 730 :
1543 694 1665 730 Nestis
1698 705 1786 741 quoe
1819 693 2061 727 lacrimarum
2086 688 2239 737 sontem
2274 690 2466 727 humectat

1409 754 1640 797 mortah'bus,
1663 751 1724 788 vel
1744 752 1817 787 dea
1839 763 1927 799 quae
1947 750 2190 794 mutabilem,
2225 757 2269 785 ut
2295 757 2384 786 sunt
2406 761 2466 786 res

1409 813 1598 857 lmmanoe,
1635 823 1821 861 aquarum
1841 808 1995 857 fontem
2036 812 2182 858 irrigat.
2218 806 2310 858 Ipsa
2343 807 2466 857 igitur

1409 870 1536 909 Nestis
1557 872 1741 921 quoniam
1768 868 1897 905 locum
1923 867 2027 904 inter
2054 866 2218 903 numina
2237 864 2340 917 apud
2360 865 2468 904 Sicu-

1411 930 1468 967 los
1483 938 1586 968 tenet
1604 929 1681 980 (Cf.
1700 926 1875 966 Eustath.
1894 926 1936 964 in
1952 924 2064 964 lliad.
2081 925 2128 971 T,
2147 937 2185 976 p.
2210 938 2225 961 1
2238 925 2326 972 180,
2344 937 2380 972 1,
2402 929 2466 972 14,

1411 987 1471 1027 καὶ
1503 988 1672 1034 Σικελικὴ
1705 987 1741 1026 δέ
1771 1002 1844 1036 τις,
1879 983 1988 1039 φασί,
2018 982 2092 1027 θεὸς
2126 984 2261 1030 Νῆστις
2289 982 2466 1034 ἐλέγετο),

1411 1048 1578 1099 ideoque
1590 1057 1770 1086 aeternam
1793 1054 1905 1085 nacta
1918 1053 1976 1083 est
1989 1046 2106 1081 vitam
2121 1072 2131 1091 ‚
2152 1043 2206 1081 ita
2219 1042 2338 1081 rebus
2352 1042 2470 1082 fluxis

1413 1116 1450 1144 et
1471 1107 1629 1146 caducis
1645 1109 1733 1160 (τοῖς
1752 1104 1941 1159 βροτείοις)
1961 1111 2116 1156 praeest,
2139 1110 2181 1140 ut
2194 1101 2311 1140 modo
2322 1102 2472 1153 aperiat

1415 1167 1539 1205 sontes
1563 1167 1679 1205 modo
1710 1166 1865 1204 claudat
1900 1175 2134 1213 omnemque
2161 1174 2353 1212 aquarum
2388 1162 2470 1200 vim

1415 1239 1487 1264 suo
1506 1226 1673 1278 imperio
1698 1234 1819 1276 regat.

1468 1283 1532 1323 Vs.
1561 1286 1645 1323 162.
1666 1285 1811 1324 Sensus
1831 1292 1890 1322 est
1917 1297 1925 1321 :
1951 1300 1967 1316 α
1990 1282 2051 1320 his
2071 1281 2273 1319 elementis
2291 1282 2473 1320 amicitiae

1416 1342 1607 1384 beneficio
1637 1344 1885 1391 coeuntibus,
1909 1341 2117 1381 Discordia
2137 1341 2184 1379 ad
2207 1349 2381 1379 extrema
2412 1355 2474 1380 re·

1417 1406 1544 1444 cessit.
1565 1422 1582 1440 »
1606 1406 1652 1445 In
1674 1419 1753 1456 quo
1775 1403 1989 1442 notandum
2018 1401 2214 1439 vocabulo
2233 1400 2383 1453 ἔσχατον
2408 1401 2475 1440 de-

1417 1464 1567 1513 signari
1584 1465 1764 1503 effectum
1786 1467 1846 1502 τοῦ
1866 1461 2078 1506 ἐξίστασθαι.
2102 1461 2161 1498 Cf.
2180 1460 2283 1498 infra
2297 1474 2337 1498 v.
2359 1462 2433 1511 198
2463 1474 2472 1498 ε

1417 1522 1598 1570 ἐξέστηκεν
1634 1524 1689 1561 ἐπ’
1707 1522 1844 1576 ἔσχατα
1876 1520 2037 1574 τέρματα
2065 1519 2210 1559 κύκλου.
2232 1519 2362 1558 Verba
2393 1519 2477 1558 haec

1418 1582 1608 1632 spectavit
1642 1581 1873 1620 Aristoteles
1903 1579 2071 1630 Metaph.
2101 1578 2154 1626 11,
2189 1585 2209 1624 ί.
2245 1591 2334 1630 pag.
2370 1591 2473 1617 1000

1421 1640 1534 1680 Bekk.
1558 1643 1614 1681 εεί
1637 1640 1706 1694 γὰρ
1736 1639 1784 1692 μὴ
1823 1634 1867 1688 ἦν
1899 1638 1938 1677 τὸ
1964 1641 2076 1682 νεῖκος
2096 1640 2131 1676 ἐν
2153 1640 2224 1682 τοῖς
2252 1637 2476 1691 πράγμασιν,

1421 1699 1456 1737 ἓν
1478 1699 1520 1738 ἂν
1541 1694 1583 1749 ἧν
1605 1699 1770 1748 ἅπαντα,
1793 1698 1839 1742 ὥς
1869 1713 1987 1752 φησιν·
2019 1697 2103 1734 ὅταν
2121 1696 2190 1749 γὰρ
2211 1698 2376 1750 συνέλθῃ,
2398 1696 2477 1736 τότε

1422 1760 1450 1797 δ’
1468 1758 1619 1813 ἔσχατον
1640 1758 1765 1799 ἵστατο
1782 1764 1906 1801 νεῖκος.

1476 1819 1560 1858 Vss.
1599 1819 1786 1858 163·165.
1812 1816 1935 1868 Αὐτὰρ
1963 1816 2039 1854 ἐπεὶ
2065 1813 2338 1868 νεῖκος-μόνον
2364 1808 2479 1869 εἶναι]

1423 1877 1514 1915 citat
1532 1878 1760 1930 Simplicius
1771 1878 1820 1915 de
1835 1876 1946 1914 Coelo
1968 1874 2001 1914 ll
2018 1888 2082 1926 ap.
2101 1873 2326 1924 Peyronum
2348 1888 2387 1927 p.
2404 1889 2478 1924 273

1424 1936 1540 1974 iidem
1577 1950 1726 1988 versus*
1746 1935 1923 1988 corrupti
1960 1934 2178 1983 allegantur
2216 1933 2259 1971 in
2291 1933 2356 1974 ed.
2387 1934 2478 1974 Ald.

1428 1995 1454 2032 f.
1477 1996 1548 2033 128
1571 1995 1610 2033 b.
1628 1996 1737 2034 Adde
1757 1994 2005 2047 Simplicium
2026 1993 2068 2032 in
2083 1993 2201 2031 Arist.
2223 1992 2343 2044 Phys.
2361 1992 2395 2041 l,
2417 1994 2440 2032 f.
2459 2009 2479 2043 7

1425 2054 1466 2094 b.
1489 2055 1677 2093 Caeterum
1715 2055 1834 2093 iidem
1860 2066 1998 2092 versus
2019 2053 2124 2091 infra
2153 2051 2348 2091 habentur
2381 2053 2481 2105 (vss.

1431 2117 1604 2164 191-193
1623 2113 1647 2167 ).
1662 2114 1792 2160 Quum
1811 2113 1915 2151 enim
1937 2112 1989 2151 ob
2006 2125 2052 2150 ea
2070 2125 2157 2163 quae
2177 2111 2225 2149 ab
2246 2110 2482 2162 Empedocle

1426 2174 1610 2212 dicuntur
1634 2173 1841 2226 probabile
1870 2172 1921 2210 sit
1949 2171 2110 2210 eandem
2143 2170 2375 2209 sententiam
2398 2183 2484 2210 esse

1427 2236 1630 2286 repetitam
1647 2264 1656 2281 ‚
1679 2234 1742 2272 bis
1759 2247 1860 2281 eam,
1893 2231 2221 2284 quemadmodum
2250 2229 2484 2270 Panzerbie·

1429 2301 1511 2331 tero
1532 2293 1758 2345 placuerat,
1788 2293 1829 2331 in
1861 2293 1923 2330 his
1961 2291 2267 2341 fragmentorum
2301 2291 2485 2342 reliquiis

1429 2365 1576 2404 ponere
1595 2354 1724 2391 visum
1746 2361 1816 2393 est.
1839 2352 2070 2390 Accuratius
2086 2360 2215 2390 autem
2243 2351 2292 2388 de
2311 2350 2363 2389 iis
2383 2351 2486 2390 infra

1433 2411 1685 2450 disseremus.

1486 2470 1545 2510 Vs.
1574 2472 1660 2508 166.
1678 2469 1756 2508 οὐδέ
1775 2485 1808 2508 τι
1827 2470 1926 2521 κτλ]
1949 2470 2191 2510 Memoratur
2208 2468 2257 2507 ab
2274 2468 2488 2509 Aristotele

1434 2529 1482 2566 de
1508 2529 1690 2577 Melisso,
1721 2529 1820 2568 Xen.
1853 2538 1890 2567 et
1921 2531 2038 2579 Gorg.
2074 2542 2158 2580 cap.
2189 2542 2210 2565 2
2247 2540 2335 2579 pag.
2363 2529 2441 2578 976
2462 2527 2488 2566 b

1434 2588 1493 2627 ed.
1515 2589 1629 2642 Bekk.
1654 2590 1761 2640 (pag.
1787 2589 1834 2627 35
1856 2601 1935 2640 seq.
1956 2588 2018 2627 ed.
2046 2588 2198 2638 nostr.)
2229 2586 2384 2625 Stobaeo
2405 2586 2486 2628 Ecl.

1437 2647 1465 2693 l,
1501 2662 1546 2698 ¹9
1575 2662 1662 2700 pag.
1687 2649 1762 2696 378
1787 2647 1918 2698 (Tom.
1944 2648 2020 2699 lp.
2047 2648 2120 2694 146
2135 2647 2196 2686 ed.
2218 2646 2341 2686 Gaisf.
2358 2646 2488 2698 ),Plu·

1437 2707 1570 2745 tarcho
1590 2707 1636 2745 de
1652 2707 1755 2746 Plac.
1773 2707 1871 2758 phil.
1891 2709 1925 2754 I,
1950 2708 2018 2756 183
2043 2707 2192 2745 Galeno
2207 2706 2301 2746 hist.
2323 2705 2422 2758 phil.
2435 2704 2489 2755 X,

1437 2765 1685 2804 'l'heodoreto
1705 2766 1874 2818 Tlierap.
1898 2767 2022 2807 Serm.
2051 2766 2116 2814 IV,
2139 2775 2235 2806 tom.
2265 2764 2315 2803 lv
2345 2779 2384 2817 p.
2413 2765 2491 2817 529

1439 2825 1480 2863 C.
1503 2825 1702 2864 Pertinent
1733 2839 1779 2864 ea
1816 2840 1903 2877 quae
1930 2827 1996 2866 hic
2026 2826 2211 2864 dicuntur
2241 2825 2290 2864 ad
2313 2825 2491 2864 universi

1441 2885 1760 2937 aequabilitatem,
1777 2887 1904 2936 qualis
1927 2887 1966 2924 in
1987 2885 2106 2936 globo
2125 2885 2376 2938 potissimum
2400 2898 2495 2924 con·

1441 2945 1621 2996 spicssur,
1635 2954 1676 2982 ut
1691 2945 1864 2982 indicant
1878 2946 1992 2983 etiam
2006 2945 2229 2985 Aristotelis
2246 2943 2367 2983 verba
2383 2945 2410 2985 Ι.
2427 2958 2462 2984 c.
2481 2958 2491 2984 ε

1441 3000 1524 3040 ὅταν
1544 3002 1611 3055 γὰρ
1631 3004 1678 3046 εἷς
1695 3002 1779 3053 μίαν
1797 3003 1932 3056 μορφὴν
1953 3007 2122 3057 συγκριθῇ
2141 3002 2227 3043 ὥσθ’
2247 3002 2284 3042 ἓν
2303 2992 2408 3051 εἶναι,
2431 3005 2490 3042 οὖ-

1443 3061 1499 3100 δέν
1520 3077 1606 3114 φησι
1628 3061 1668 3100 τό
1691 3077 1730 3113 γε
1749 3062 1864 3101 κενεὸν
1881 3064 1980 3102 πέλει
1998 3062 2077 3103 οὐδὲ
2097 3062 2276 3117 περισσόν.
2299 3063 2493 3110 Quocirca

1447 3121 1698 3173 Empedocles
1735 3122 1984 3162 Parmenidis
2023 3125 2202 3174 vestigiis
2239 3123 2314 3175 (cs.
2361 3123 2494 3163 Parm.

1447 3193 1504 3218 vs.
1527 3181 1575 3227 78
1595 3185 1666 3217 πᾶν
1685 3182 1778 3219 ἐστιν
1798 3182 1927 3231 ὁμοῖον,
1956 3195 2016 3220 vs.
2042 3197 2111 3230 107
2131 3180 2250 3235 τὸγὰρ
2269 3180 2347 3229 οὔτε
2368 3197 2402 3219 τι
2417 3185 2494 3234 μεῖ-

1445 3240 1501 3282 ζον
1522 3237 1601 3276 οὔτε
1623 3253 1657 3276 τι
1688 3238 1866 3292 βαιότερον
1890 3239 2036 3278 πελέναι
2065 3239 2181 3293 χρεών
2217 3242 2291 3279 ἐστι
2311 3243 2355 3295 τῇ
2385 3239 2408 3288 ἢ
2432 3240 2496 3294 τῇ)

1449 3297 1647 3347 ingressus
1665 3298 1764 3336 nihil
1783 3298 1824 3336 in
1845 3311 1974 3337 rerum
1997 3300 2254 3339 universitate
2271 3313 2342 3338 nec
2358 3314 2496 3353 parum

1449 3367 1519 3394 nec
1541 3357 1706 3395 nimium
1727 3370 1811 3396 esse
1828 3357 1894 3395 ait.
1915 3357 2049 3396 Variat
2069 3359 2185 3398 lectio
2209 3359 2312 3411 apud
2333 3360 2496 3412 scripto-

349 3458 356 3465 ·
453 3461 460 3468 ·
565 3461 574 3470 γ
662 3462 669 3468 -
715 3463 722 3470 ·
784 3464 790 3471 Ι
1372 3441 1381 3448 .
1415 3444 1420 3474 Ι
1450 3427 1510 3453 res
1527 3415 1596 3466 qui
1616 3415 1720 3454 hunc
1741 3429 1898 3455 versum
1920 3426 2140 3456 servarunt.
2166 3418 2342 3469 Namque
2356 3419 2398 3457 in
2414 3418 2499 3456 Sto·

347 3467 398 3497 tta
412 3469 525 3498 etiam
546 3462 671 3500 (nraeci
692 3464 950 3513 significatum
974 3466 1082 3504 vocis
1109 3467 1257 3520 δάκρυον
1279 3469 1387 3509 latis·
1416 3482 1421 3498 ¹
1451 3473 1523 3511 baei
1545 3474 1659 3513 libris
1675 3484 1731 3514 est
1745 3475 1843 3514 κενόν
1863 3476 1966 3527 qnod
1990 3477 2202 3516 Heri-euius
2223 3477 2262 3516 in
2281 3476 2397 3516 κενεόν
2411 3491 2499 3515 mu·
