<?xml version="1.0" encoding="UTF-8"?>
<!DOCTYPE html PUBLIC "-//W3C//DTD XHTML 1.0 Transitional//EN"
    "http://www.w3.org/TR/xhtml1/DTD/xhtml1-transitional.dtd">
<html xmlns="http://www.w3.org/1999/xhtml" xml:lang="en" lang="en">
 <head>
  <title>
</title>
<meta http-equiv="Content-Type" content="text/html;charset=utf-8" />
  <meta name='ocr-system' content='tesseract 3.04.00' />
  <meta name='ocr-capabilities' content='ocr_page ocr_carea ocr_par ocr_line ocrx_word'/>
</head>
<body>
  <div class='ocr_page' id='page_1' title='image "./fragmentaphiloso01mulluoft_0477.png"; bbox 0 0 2612 3814; ppageno 0'>
   <div class='ocr_carea' id='block_1_1' title="bbox 0 0 127 3814">
    <p class='ocr_par' dir='ltr' id='par_1_1' title="bbox 0 0 127 3814">
     <span class='ocr_line' id='line_1_1' title="bbox 0 0 127 3814; baseline 0 0"><span class='ocrx_word' id='word_1_1' title='bbox 0 0 127 3814; x_wconf 95' lang='lat' dir='ltr'> </span> 
     </span>
    </p>
   </div>
   <div class='ocr_carea' id='block_1_2' title="bbox 993 280 1559 322">
    <p class='ocr_par' dir='ltr' id='par_1_2' title="bbox 993 280 1559 322">
     <span class='ocr_line' id='line_1_2' title="bbox 993 280 1559 322; baseline -0.002 -2"><span class='ocrx_word' id='word_1_2' title='bbox 993 281 1048 321; x_wconf 86' lang='lat' dir='ltr'>IN</span> <span class='ocrx_word' id='word_1_3' title='bbox 1078 280 1300 322; x_wconf 79' lang='lat' dir='ltr'><strong>AUREUM</strong></span> <span class='ocrx_word' id='word_1_4' title='bbox 1328 281 1474 321; x_wconf 80' lang='lat' dir='ltr'>CARM</span> <span class='ocrx_word' id='word_1_5' title='bbox 1481 281 1559 321; x_wconf 83' lang='lat' dir='ltr'>EN.</span> 
     </span>
    </p>
   </div>
   <div class='ocr_carea' id='block_1_3' title="bbox 160 368 1244 1072">
    <p class='ocr_par' dir='ltr' id='par_1_3' title="bbox 160 368 1244 1072">
     <span class='ocr_line' id='line_1_3' title="bbox 169 368 1217 422; baseline -0.003 -13"><span class='ocrx_word' id='word_1_6' title='bbox 169 369 247 422; x_wconf 77' lang='grc' dir='ltr'>ἄγει</span> <span class='ocrx_word' id='word_1_7' title='bbox 263 368 484 421; x_wconf 76' lang='grc' dir='ltr'>σωματικάς,</span> <span class='ocrx_word' id='word_1_8' title='bbox 500 369 618 407; x_wconf 80' lang='grc' dir='ltr'>ὁποῖαί</span> <span class='ocrx_word' id='word_1_9' title='bbox 637 371 716 408; x_wconf 83' lang='grc' dir='ltr'>ποτ’</span> <span class='ocrx_word' id='word_1_10' title='bbox 738 385 778 408; x_wconf 92' lang='grc' dir='ltr'>αν</span> <span class='ocrx_word' id='word_1_11' title='bbox 795 385 881 408; x_wconf 89' lang='grc' dir='ltr'>ωσιν</span> <span class='ocrx_word' id='word_1_12' title='bbox 897 370 1019 420; x_wconf 85' lang='grc' dir='ltr'>αὗταί,</span> <span class='ocrx_word' id='word_1_13' title='bbox 1036 386 1096 408; x_wconf 92' lang='grc' dir='ltr'>και</span> <span class='ocrx_word' id='word_1_14' title='bbox 1114 369 1217 409; x_wconf 88' lang='grc' dir='ltr'>πόθεν</span> 
     </span>
     <span class='ocr_line' id='line_1_4' title="bbox 167 427 1219 482; baseline -0.003 -13"><span class='ocrx_word' id='word_1_15' title='bbox 167 430 209 469; x_wconf 83' lang='grc' dir='ltr'>ἂν</span> <span class='ocrx_word' id='word_1_16' title='bbox 243 429 445 482; x_wconf 85' lang='grc' dir='ltr'>πορίζεσθαι</span> <span class='ocrx_word' id='word_1_17' title='bbox 470 427 653 467; x_wconf 73' lang='grc' dir='ltr'>δύνωνται.</span> <span class='ocrx_word' id='word_1_18' title='bbox 710 431 796 472; x_wconf 85' lang='grc' dir='ltr'>Πῶς</span> <span class='ocrx_word' id='word_1_19' title='bbox 824 428 891 482; x_wconf 81' lang='grc' dir='ltr'>γὰρ</span> <span class='ocrx_word' id='word_1_20' title='bbox 925 428 1016 474; x_wconf 80' lang='grc' dir='ltr'>δόξει</span> <span class='ocrx_word' id='word_1_21' title='bbox 1052 428 1219 482; x_wconf 86' lang='grc' dir='ltr'>ἔμφρονος</span> 
     </span>
     <span class='ocr_line' id='line_1_5' title="bbox 165 481 1217 540; baseline -0.002 -13"><span class='ocrx_word' id='word_1_22' title='bbox 165 481 276 536; x_wconf 67' lang='grc' dir='ltr'>εἶναι,</span> <span class='ocrx_word' id='word_1_23' title='bbox 293 489 370 527; x_wconf 88' lang='grc' dir='ltr'>κατ’</span> <span class='ocrx_word' id='word_1_24' title='bbox 385 486 528 535; x_wconf 79' lang='grc' dir='ltr'>αὐτούς,</span> <span class='ocrx_word' id='word_1_25' title='bbox 547 485 569 533; x_wconf 79' lang='grc' dir='ltr'>ἢ</span> <span class='ocrx_word' id='word_1_26' title='bbox 585 485 734 540; x_wconf 83' lang='grc' dir='ltr'>μετρίως</span> <span class='ocrx_word' id='word_1_27' title='bbox 749 487 1084 539; x_wconf 89' lang='grc' dir='ltr'>καθεστηκότος,μὴ</span> <span class='ocrx_word' id='word_1_28' title='bbox 1101 488 1217 527; x_wconf 80' lang='grc' dir='ltr'>πάντα</span> 
     </span>
     <span class='ocr_line' id='line_1_6' title="bbox 162 545 1217 602; baseline -0.002 -16"><span class='ocrx_word' id='word_1_29' title='bbox 162 546 367 602; x_wconf 83' lang='grc' dir='ltr'>χαρίζεσθαι</span> <span class='ocrx_word' id='word_1_30' title='bbox 398 548 448 600; x_wconf 77' lang='grc' dir='ltr'>τῷ</span> <span class='ocrx_word' id='word_1_31' title='bbox 469 545 626 597; x_wconf 76' lang='grc' dir='ltr'>σώματι,</span> <span class='ocrx_word' id='word_1_32' title='bbox 647 545 692 584; x_wconf 83' lang='grc' dir='ltr'>δι’</span> <span class='ocrx_word' id='word_1_33' title='bbox 716 545 734 585; x_wconf 84' lang='grc' dir='ltr'>ὃ</span> <span class='ocrx_word' id='word_1_34' title='bbox 764 546 824 585; x_wconf 83' lang='grc' dir='ltr'>καὶ</span> <span class='ocrx_word' id='word_1_35' title='bbox 852 549 874 594; x_wconf 81' lang='grc' dir='ltr'>ἡ</span> <span class='ocrx_word' id='word_1_36' title='bbox 905 564 967 595; x_wconf 89' lang='grc' dir='ltr'>της</span> <span class='ocrx_word' id='word_1_37' title='bbox 989 549 1104 601; x_wconf 74' lang='grc' dir='ltr'>ψυχῆς</span> <span class='ocrx_word' id='word_1_38' title='bbox 1133 546 1217 585; x_wconf 78' lang='grc' dir='ltr'>ὑπό-</span> 
     </span>
     <span class='ocr_line' id='line_1_7' title="bbox 163 603 1219 657; baseline -0.001 -13"><span class='ocrx_word' id='word_1_39' title='bbox 163 621 283 651; x_wconf 87' lang='grc' dir='ltr'>στασις</span> <span class='ocrx_word' id='word_1_40' title='bbox 302 605 471 655; x_wconf 83' lang='grc' dir='ltr'>σώζεται,</span> <span class='ocrx_word' id='word_1_41' title='bbox 493 605 554 643; x_wconf 78' lang='grc' dir='ltr'>οὐκ</span> <span class='ocrx_word' id='word_1_42' title='bbox 569 603 674 652; x_wconf 82' lang='grc' dir='ltr'>οὔσης</span> <span class='ocrx_word' id='word_1_43' title='bbox 698 604 760 655; x_wconf 85' lang='grc' dir='ltr'>μὲν</span> <span class='ocrx_word' id='word_1_44' title='bbox 779 607 859 644; x_wconf 89' lang='grc' dir='ltr'>καθ’</span> <span class='ocrx_word' id='word_1_45' title='bbox 876 605 1007 653; x_wconf 70' lang='grc' dir='ltr'>αὑτήν,</span> <span class='ocrx_word' id='word_1_46' title='bbox 1023 604 1219 657; x_wconf 83' lang='grc' dir='ltr'>ἐπιγινομέ-</span> 
     </span>
     <span class='ocr_line' id='line_1_8' title="bbox 165 662 1218 717; baseline -0.001 -14"><span class='ocrx_word' id='word_1_47' title='bbox 165 681 224 713; x_wconf 92' lang='grc' dir='ltr'>νης</span> <span class='ocrx_word' id='word_1_48' title='bbox 249 663 285 702; x_wconf 83' lang='grc' dir='ltr'>δὲ</span> <span class='ocrx_word' id='word_1_49' title='bbox 302 667 346 717; x_wconf 83' lang='grc' dir='ltr'>τῇ</span> <span class='ocrx_word' id='word_1_50' title='bbox 362 669 447 716; x_wconf 78' lang='grc' dir='ltr'>ποιᾷ</span> <span class='ocrx_word' id='word_1_51' title='bbox 469 663 658 702; x_wconf 84' lang='grc' dir='ltr'>διαπλάσει</span> <span class='ocrx_word' id='word_1_52' title='bbox 678 667 739 702; x_wconf 83' lang='grc' dir='ltr'>τοῦ</span> <span class='ocrx_word' id='word_1_53' title='bbox 762 662 947 715; x_wconf 84' lang='grc' dir='ltr'>σώματος;</span> <span class='ocrx_word' id='word_1_54' title='bbox 966 666 1050 709; x_wconf 89' lang='grc' dir='ltr'>Πῶς</span> <span class='ocrx_word' id='word_1_55' title='bbox 1072 663 1108 702; x_wconf 79' lang='grc' dir='ltr'>δὲ</span> <span class='ocrx_word' id='word_1_56' title='bbox 1133 679 1218 716; x_wconf 82' lang='grc' dir='ltr'>προ·</span> 
     </span>
     <span class='ocr_line' id='line_1_9' title="bbox 162 721 1216 775; baseline -0.003 -13"><span class='ocrx_word' id='word_1_57' title='bbox 162 722 323 774; x_wconf 86' lang='grc' dir='ltr'>ησόμεθα</span> <span class='ocrx_word' id='word_1_58' title='bbox 345 723 387 760; x_wconf 92' lang='grc' dir='ltr'>δι’</span> <span class='ocrx_word' id='word_1_59' title='bbox 402 721 529 775; x_wconf 80' lang='grc' dir='ltr'>ἀρετὴν</span> <span class='ocrx_word' id='word_1_60' title='bbox 549 721 589 760; x_wconf 81' lang='grc' dir='ltr'>τὸ</span> <span class='ocrx_word' id='word_1_61' title='bbox 606 724 731 774; x_wconf 88' lang='grc' dir='ltr'>σῶμα,</span> <span class='ocrx_word' id='word_1_62' title='bbox 746 723 931 773; x_wconf 84' lang='grc' dir='ltr'>μέλλοντες</span> <span class='ocrx_word' id='word_1_63' title='bbox 947 738 1008 761; x_wconf 90' lang='grc' dir='ltr'>και</span> <span class='ocrx_word' id='word_1_64' title='bbox 1021 722 1084 770; x_wconf 82' lang='grc' dir='ltr'>τὴν</span> <span class='ocrx_word' id='word_1_65' title='bbox 1100 722 1216 775; x_wconf 72' lang='grc' dir='ltr'>ψυχὴν</span> 
     </span>
     <span class='ocr_line' id='line_1_10' title="bbox 162 779 1244 835; baseline -0.002 -14"><span class='ocrx_word' id='word_1_66' title='bbox 162 780 271 829; x_wconf 77' lang='grc' dir='ltr'>αὐτὴν</span> <span class='ocrx_word' id='word_1_67' title='bbox 296 779 374 832; x_wconf 85' lang='grc' dir='ltr'>ἅμα</span> <span class='ocrx_word' id='word_1_68' title='bbox 403 783 453 833; x_wconf 85' lang='grc' dir='ltr'>τῷ</span> <span class='ocrx_word' id='word_1_69' title='bbox 488 780 629 831; x_wconf 83' lang='grc' dir='ltr'>σώματι</span> <span class='ocrx_word' id='word_1_70' title='bbox 661 781 891 835; x_wconf 78' lang='grc' dir='ltr'>διαφθείρειν,</span> <span class='ocrx_word' id='word_1_71' title='bbox 925 781 1016 821; x_wconf 90' lang='grc' dir='ltr'>ωστε</span> <span class='ocrx_word' id='word_1_72' title='bbox 1050 784 1244 835; x_wconf 60' lang='grc' dir='ltr'>μηδαμοῧῐ</span> 
     </span>
     <span class='ocr_line' id='line_1_11' title="bbox 161 834 1216 894; baseline -0.002 -14"><span class='ocrx_word' id='word_1_73' title='bbox 161 834 251 880; x_wconf 69' lang='grc' dir='ltr'>εἶναι</span> <span class='ocrx_word' id='word_1_74' title='bbox 267 839 370 887; x_wconf 80' lang='grc' dir='ltr'>τὴν’</span> <span class='ocrx_word' id='word_1_75' title='bbox 351 839 500 894; x_wconf 81' lang='grc' dir='ltr'>αρετήν,</span> <span class='ocrx_word' id='word_1_76' title='bbox 518 845 559 888; x_wconf 78' lang='grc' dir='ltr'>ἧς</span> <span class='ocrx_word' id='word_1_77' title='bbox 580 840 695 894; x_wconf 82' lang='grc' dir='ltr'>ἐφέσει</span> <span class='ocrx_word' id='word_1_78' title='bbox 714 841 771 879; x_wconf 86' lang='grc' dir='ltr'>τὸν</span> <span class='ocrx_word' id='word_1_79' title='bbox 792 841 969 881; x_wconf 51' lang='grc' dir='ltr'>θάνατον(</span> <span class='ocrx_word' id='word_1_80' title='bbox 957 840 1214 893; x_wconf 88' lang='grc' dir='ltr'>υπεμείναμεν·</span> <span class='ocrx_word' id='word_1_81' title='bbox 1207 871 1216 888; x_wconf 90' lang='grc'>,</span> 
     </span>
     <span class='ocr_line' id='line_1_12' title="bbox 161 898 1215 953; baseline -0.003 -12.977"><span class='ocrx_word' id='word_1_82' title='bbox 161 898 269 941; x_wconf 77' lang='grc' dir='ltr'>Ἀλλὰ</span> <span class='ocrx_word' id='word_1_83' title='bbox 294 915 375 952; x_wconf 89' lang='grc' dir='ltr'>περι</span> <span class='ocrx_word' id='word_1_84' title='bbox 399 899 464 951; x_wconf 84' lang='grc' dir='ltr'>μὲν</span> <span class='ocrx_word' id='word_1_85' title='bbox 497 899 629 939; x_wconf 84' lang='grc' dir='ltr'>τούτων</span> <span class='ocrx_word' id='word_1_86' title='bbox 667 902 795 945; x_wconf 82' lang='grc' dir='ltr'>ἱκανῶς</span> <span class='ocrx_word' id='word_1_87' title='bbox 820 906 893 944; x_wconf 88' lang='grc' dir='ltr'>τοῖς</span> <span class='ocrx_word' id='word_1_88' title='bbox 924 899 1026 944; x_wconf 88' lang='grc' dir='ltr'>θείοις</span> <span class='ocrx_word' id='word_1_89' title='bbox 1051 900 1215 953; x_wconf 79' lang='grc' dir='ltr'>ἀνδράσιν</span> 
     </span>
     <span class='ocr_line' id='line_1_13' title="bbox 160 958 1215 1013; baseline -0.003 -14"><span class='ocrx_word' id='word_1_90' title='bbox 160 958 428 1011; x_wconf 78' lang='grc' dir='ltr'>ἀποδέδεικται,</span> <span class='ocrx_word' id='word_1_91' title='bbox 453 960 506 998; x_wconf 80' lang='grc' dir='ltr'>ὅτι</span> <span class='ocrx_word' id='word_1_92' title='bbox 535 975 574 998; x_wconf 88' lang='grc' dir='ltr'>τε</span> <span class='ocrx_word' id='word_1_93' title='bbox 596 959 769 1004; x_wconf 75' lang='grc' dir='ltr'>ἀθάνατος</span> <span class='ocrx_word' id='word_1_94' title='bbox 797 963 818 1008; x_wconf 85' lang='grc' dir='ltr'>ἡ</span> <span class='ocrx_word' id='word_1_95' title='bbox 842 959 961 1013; x_wconf 77' lang='grc' dir='ltr'>ψύχή,</span> <span class='ocrx_word' id='word_1_96' title='bbox 983 959 1044 998; x_wconf 78' lang='grc' dir='ltr'>καὶ</span> <span class='ocrx_word' id='word_1_97' title='bbox 1076 958 1130 1000; x_wconf 79' lang='grc' dir='ltr'>ὅτι</span> <span class='ocrx_word' id='word_1_98' title='bbox 1159 958 1215 997; x_wconf 88' lang='grc' dir='ltr'>διὰ</span> 
     </span>
     <span class='ocr_line' id='line_1_14' title="bbox 162 1017 1216 1072; baseline -0.004 -14"><span class='ocrx_word' id='word_1_99' title='bbox 162 1018 270 1070; x_wconf 88' lang='grc' dir='ltr'>μόνης</span> <span class='ocrx_word' id='word_1_100' title='bbox 291 1021 418 1072; x_wconf 88' lang='grc' dir='ltr'>ἀρετης</span> <span class='ocrx_word' id='word_1_101' title='bbox 434 1022 642 1070; x_wconf 84' lang='grc' dir='ltr'>κοσμεῖσθαι</span> <span class='ocrx_word' id='word_1_102' title='bbox 659 1018 809 1072; x_wconf 83' lang='grc' dir='ltr'>πέφυκε</span> <span class='ocrx_word' id='word_1_103' title='bbox 866 1021 942 1058; x_wconf 75' lang='grc' dir='ltr'>Νῦν</span> <span class='ocrx_word' id='word_1_104' title='bbox 971 1018 1007 1056; x_wconf 81' lang='grc' dir='ltr'>δὲ</span> <span class='ocrx_word' id='word_1_105' title='bbox 1037 1018 1076 1056; x_wconf 84' lang='grc' dir='ltr'>τὸ</span> <span class='ocrx_word' id='word_1_106' title='bbox 1105 1017 1216 1070; x_wconf 84' lang='grc' dir='ltr'>παρὸν</span> 
     </span>
    </p>
   </div>
   <div class='ocr_carea' id='block_1_4' title="bbox 161 1076 1215 1205">
    <p class='ocr_par' dir='ltr' id='par_1_4' title="bbox 161 1076 1215 1184">
     <span class='ocr_line' id='line_1_15' title="bbox 163 1076 1215 1145; baseline -0.003 -28"><span class='ocrx_word' id='word_1_107' title='bbox 163 1076 502 1131; x_wconf 83' lang='grc' dir='ltr'>ἐπισφραγισάμενοι</span> <span class='ocrx_word' id='word_1_108' title='bbox 527 1077 665 1128; x_wconf 82' lang='grc' dir='ltr'>δόγμα,</span> <span class='ocrx_word' id='word_1_109' title='bbox 686 1076 744 1117; x_wconf 81' lang='grc' dir='ltr'>ἐπὶ</span> <span class='ocrx_word' id='word_1_110' title='bbox 760 1077 804 1115; x_wconf 82' lang='grc' dir='ltr'>τὰ</span> <span class='ocrx_word' id='word_1_111' title='bbox 826 1076 902 1125; x_wconf 80' lang='grc' dir='ltr'>ἑξῆς</span> <span class='ocrx_word' id='word_1_112' title='bbox 923 1076 1192 1145; x_wconf 74' lang='grc' dir='ltr'>μεταὸαίνωμεν</span> <span class='ocrx_word' id='word_1_113' title='bbox 1206 1107 1215 1123; x_wconf 89' lang='grc'>,</span> 
     </span>
     <span class='ocr_line' id='line_1_16' title="bbox 161 1128 1215 1205; baseline -0.003 -34"><span class='ocrx_word' id='word_1_114' title='bbox 161 1146 321 1171; x_wconf 85' lang='grc' dir='ltr'>τοσουτον</span> <span class='ocrx_word' id='word_1_115' title='bbox 345 1136 416 1175; x_wconf 84' lang='grc' dir='ltr'>τοῖς</span> <span class='ocrx_word' id='word_1_116' title='bbox 421 1130 698 1205; x_wconf 77' lang='grc' dir='ltr'>προειρημένοις</span> <span class='ocrx_word' id='word_1_117' title='bbox 718 1129 935 1178; x_wconf 83' lang='grc' dir='ltr'>ἐπειπόντες,</span> <span class='ocrx_word' id='word_1_118' title='bbox 954 1129 1006 1168; x_wconf 80' lang='grc' dir='ltr'>ὅτι</span> <span class='ocrx_word' id='word_1_119' title='bbox 1031 1128 1151 1182; x_wconf 78' lang='grc' dir='ltr'>ὥσπερ</span> <span class='ocrx_word' id='word_1_120' title='bbox 1172 1133 1215 1183; x_wconf 85' lang='grc' dir='ltr'>τῇ</span> 
     </span>
    </p>
   </div>
   <div class='ocr_carea' id='block_1_5' title="bbox 158 1188 1246 2072">
    <p class='ocr_par' dir='ltr' id='par_1_5' title="bbox 158 1188 1246 2072">
     <span class='ocr_line' id='line_1_17' title="bbox 163 1188 1215 1244; baseline -0.001 -15"><span class='ocrx_word' id='word_1_121' title='bbox 163 1189 287 1244; x_wconf 87' lang='grc' dir='ltr'>ἀγνοία</span> <span class='ocrx_word' id='word_1_122' title='bbox 304 1192 367 1237; x_wconf 75' lang='grc' dir='ltr'>τῆς</span> <span class='ocrx_word' id='word_1_123' title='bbox 399 1191 519 1235; x_wconf 79' lang='grc' dir='ltr'>οὐσίας</span> <span class='ocrx_word' id='word_1_124' title='bbox 550 1193 649 1238; x_wconf 82' lang='grc' dir='ltr'>ἡμῶν</span> <span class='ocrx_word' id='word_1_125' title='bbox 670 1195 770 1229; x_wconf 89' lang='grc' dir='ltr'>πασα</span> <span class='ocrx_word' id='word_1_126' title='bbox 791 1192 945 1242; x_wconf 84' lang='grc' dir='ltr'>ἐπεισρεῖ</span> <span class='ocrx_word' id='word_1_127' title='bbox 966 1189 1096 1237; x_wconf 91' lang='grc' dir='ltr'>κακία,</span> <span class='ocrx_word' id='word_1_128' title='bbox 1125 1188 1215 1228; x_wconf 80' lang='grc' dir='ltr'>οὕτω</span> 
     </span>
     <span class='ocr_line' id='line_1_18' title="bbox 160 1247 1215 1303; baseline -0.001 -15"><span class='ocrx_word' id='word_1_129' title='bbox 160 1252 205 1303; x_wconf 84' lang='grc' dir='ltr'>τῇ</span> <span class='ocrx_word' id='word_1_130' title='bbox 226 1251 359 1288; x_wconf 79' lang='grc' dir='ltr'>ἑαυτῶν</span> <span class='ocrx_word' id='word_1_131' title='bbox 380 1248 531 1300; x_wconf 83' lang='grc' dir='ltr'>γνώσει,</span> <span class='ocrx_word' id='word_1_132' title='bbox 556 1249 616 1287; x_wconf 82' lang='grc' dir='ltr'>καὶ</span> <span class='ocrx_word' id='word_1_133' title='bbox 637 1248 914 1294; x_wconf 85' lang='grc' dir='ltr'>ἀπαξιώσει’τῶν</span> <span class='ocrx_word' id='word_1_134' title='bbox 944 1247 994 1299; x_wconf 80' lang='grc' dir='ltr'>μὴ</span> <span class='ocrx_word' id='word_1_135' title='bbox 1009 1249 1215 1301; x_wconf 85' lang='grc' dir='ltr'>πρεπόντων</span> 
     </span>
     <span class='ocr_line' id='line_1_19' title="bbox 161 1308 1217 1363; baseline 0.002 -16"><span class='ocrx_word' id='word_1_136' title='bbox 161 1312 206 1361; x_wconf 85' lang='grc' dir='ltr'>τῇ</span> <span class='ocrx_word' id='word_1_137' title='bbox 236 1310 361 1361; x_wconf 81' lang='grc' dir='ltr'>λογικῇ</span> <span class='ocrx_word' id='word_1_138' title='bbox 384 1308 509 1362; x_wconf 79' lang='grc' dir='ltr'>φύσει,</span> <span class='ocrx_word' id='word_1_139' title='bbox 532 1312 554 1356; x_wconf 89' lang='grc' dir='ltr'>ἡ</span> <span class='ocrx_word' id='word_1_140' title='bbox 581 1311 650 1347; x_wconf 90' lang='grc' dir='ltr'>τῶν</span> <span class='ocrx_word' id='word_1_141' title='bbox 685 1308 908 1356; x_wconf 82' lang='grc' dir='ltr'>καθηκόντων</span> <span class='ocrx_word' id='word_1_142' title='bbox 934 1310 1217 1363; x_wconf 87' lang='grc' dir='ltr'>ἀπαραλόγιστος</span> 
     </span>
     <span class='ocr_line' id='line_1_20' title="bbox 159 1366 1216 1421; baseline 0.003 -16"><span class='ocrx_word' id='word_1_143' title='bbox 159 1366 308 1419; x_wconf 79' lang='grc' dir='ltr'>τήρησις</span> <span class='ocrx_word' id='word_1_144' title='bbox 342 1368 540 1421; x_wconf 81' lang='grc' dir='ltr'>εὑρίσκεται</span> <span class='ocrx_word' id='word_1_145' title='bbox 585 1372 788 1420; x_wconf 77' lang='grc' dir='ltr'>πανταχοῦ·</span> <span class='ocrx_word' id='word_1_146' title='bbox 819 1372 921 1407; x_wconf 78' lang='grc' dir='ltr'>τοῦτο</span> <span class='ocrx_word' id='word_1_147' title='bbox 956 1367 993 1407; x_wconf 80' lang='grc' dir='ltr'>δὲ</span> <span class='ocrx_word' id='word_1_148' title='bbox 1019 1371 1089 1408; x_wconf 90' lang='grc' dir='ltr'>τῶν</span> <span class='ocrx_word' id='word_1_149' title='bbox 1124 1369 1216 1408; x_wconf 86' lang='grc' dir='ltr'>κατὰ</span> 
     </span>
     <span class='ocr_line' id='line_1_21' title="bbox 159 1424 1215 1482; baseline 0.003 -17"><span class='ocrx_word' id='word_1_150' title='bbox 159 1424 266 1479; x_wconf 76' lang='grc' dir='ltr'>μέρος</span> <span class='ocrx_word' id='word_1_151' title='bbox 288 1427 424 1479; x_wconf 80' lang='grc' dir='ltr'>ἀρετῶν</span> <span class='ocrx_word' id='word_1_152' title='bbox 450 1425 583 1477; x_wconf 87' lang='grc' dir='ltr'>γίνεται</span> <span class='ocrx_word' id='word_1_153' title='bbox 605 1426 746 1480; x_wconf 81' lang='grc' dir='ltr'>μέτρον.</span> <span class='ocrx_word' id='word_1_154' title='bbox 805 1426 868 1471; x_wconf 88' lang='grc' dir='ltr'>Ὡς</span> <span class='ocrx_word' id='word_1_155' title='bbox 887 1426 956 1481; x_wconf 84' lang='grc' dir='ltr'>γὰρ</span> <span class='ocrx_word' id='word_1_156' title='bbox 981 1428 1066 1482; x_wconf 78' lang='grc' dir='ltr'>πρὸς</span> <span class='ocrx_word' id='word_1_157' title='bbox 1086 1429 1215 1469; x_wconf 82' lang='grc' dir='ltr'>κανόνα</span> 
     </span>
     <span class='ocr_line' id='line_1_22' title="bbox 158 1485 1217 1536; baseline 0.003 -12"><span class='ocrx_word' id='word_1_158' title='bbox 158 1485 224 1534; x_wconf 79' lang='grc' dir='ltr'>τὴν</span> <span class='ocrx_word' id='word_1_159' title='bbox 251 1485 370 1524; x_wconf 80' lang='grc' dir='ltr'>οὐσίαν</span> <span class='ocrx_word' id='word_1_160' title='bbox 396 1487 498 1536; x_wconf 81' lang='grc' dir='ltr'>ἡμῶν</span> <span class='ocrx_word' id='word_1_161' title='bbox 514 1485 796 1535; x_wconf 70' lang='grc' dir='ltr'>ἀποὸλέποντες,</span> <span class='ocrx_word' id='word_1_162' title='bbox 816 1486 854 1525; x_wconf 82' lang='grc' dir='ltr'>τὸ</span> <span class='ocrx_word' id='word_1_163' title='bbox 876 1487 950 1526; x_wconf 88' lang='grc' dir='ltr'>δέον</span> <span class='ocrx_word' id='word_1_164' title='bbox 966 1489 1002 1526; x_wconf 81' lang='grc' dir='ltr'>ἐν</span> <span class='ocrx_word' id='word_1_165' title='bbox 1030 1495 1137 1527; x_wconf 83' lang='grc' dir='ltr'>πᾶσιν</span> <span class='ocrx_word' id='word_1_166' title='bbox 1159 1491 1217 1527; x_wconf 79' lang='grc' dir='ltr'>εὕ-</span> 
     </span>
     <span class='ocr_line' id='line_1_23' title="bbox 160 1543 1217 1599; baseline 0.002 -15"><span class='ocrx_word' id='word_1_167' title='bbox 160 1543 347 1598; x_wconf 81' lang='grc' dir='ltr'>ρίσκομεν,</span> <span class='ocrx_word' id='word_1_168' title='bbox 368 1543 461 1584; x_wconf 88' lang='grc' dir='ltr'>κατὰ</span> <span class='ocrx_word' id='word_1_169' title='bbox 480 1544 539 1584; x_wconf 87' lang='grc' dir='ltr'>τὸν</span> <span class='ocrx_word' id='word_1_170' title='bbox 559 1545 660 1597; x_wconf 81' lang='grc' dir='ltr'>ὀρθὸν</span> <span class='ocrx_word' id='word_1_171' title='bbox 679 1546 781 1598; x_wconf 85' lang='grc' dir='ltr'>λόγον</span> <span class='ocrx_word' id='word_1_172' title='bbox 802 1545 998 1596; x_wconf 83' lang='grc' dir='ltr'>συμφώνως</span> <span class='ocrx_word' id='word_1_173' title='bbox 1018 1549 1062 1599; x_wconf 80' lang='grc' dir='ltr'>τῇ</span> <span class='ocrx_word' id='word_1_174' title='bbox 1083 1549 1217 1587; x_wconf 81' lang='grc' dir='ltr'>ἑαυτῶν</span> 
     </span>
     <span class='ocr_line' id='line_1_24' title="bbox 160 1601 1217 1660; baseline 0.001 -17"><span class='ocrx_word' id='word_1_175' title='bbox 160 1601 263 1657; x_wconf 79' lang='grc' dir='ltr'>οὐσία</span> <span class='ocrx_word' id='word_1_176' title='bbox 287 1604 488 1650; x_wconf 83' lang='grc' dir='ltr'>διαζῶντες.</span> <span class='ocrx_word' id='word_1_177' title='bbox 547 1606 629 1644; x_wconf 82' lang='grc' dir='ltr'>Πᾶν</span> <span class='ocrx_word' id='word_1_178' title='bbox 658 1604 726 1658; x_wconf 83' lang='grc' dir='ltr'>γὰρ</span> <span class='ocrx_word' id='word_1_179' title='bbox 756 1603 774 1643; x_wconf 81' lang='grc' dir='ltr'>ὃ</span> <span class='ocrx_word' id='word_1_180' title='bbox 809 1604 976 1656; x_wconf 89' lang='grc' dir='ltr'>ἀμείνονα</span> <span class='ocrx_word' id='word_1_181' title='bbox 1002 1605 1066 1653; x_wconf 83' lang='grc' dir='ltr'>τὴν</span> <span class='ocrx_word' id='word_1_182' title='bbox 1100 1605 1217 1660; x_wconf 79' lang='grc' dir='ltr'>ψυχὴν</span> 
     </span>
     <span class='ocr_line' id='line_1_25' title="bbox 160 1663 1246 1716; baseline 0.002 -14"><span class='ocrx_word' id='word_1_183' title='bbox 160 1663 271 1713; x_wconf 84' lang='grc' dir='ltr'>ποιεῖ,</span> <span class='ocrx_word' id='word_1_184' title='bbox 292 1663 353 1702; x_wconf 84' lang='grc' dir='ltr'>καὶ</span> <span class='ocrx_word' id='word_1_185' title='bbox 376 1663 465 1716; x_wconf 83' lang='grc' dir='ltr'>πρὸς</span> <span class='ocrx_word' id='word_1_186' title='bbox 491 1663 556 1711; x_wconf 71' lang='grc' dir='ltr'>τὴν</span> <span class='ocrx_word' id='word_1_187' title='bbox 579 1664 681 1716; x_wconf 84' lang='grc' dir='ltr'>φύσει</span> <span class='ocrx_word' id='word_1_188' title='bbox 712 1663 914 1716; x_wconf 85' lang='grc' dir='ltr'>πρέπουσαν</span> <span class='ocrx_word' id='word_1_189' title='bbox 935 1665 1081 1711; x_wconf 81' lang='grc' dir='ltr'>εὖζωΐαν</span> <span class='ocrx_word' id='word_1_190' title='bbox 1108 1665 1217 1714; x_wconf 79' lang='grc' dir='ltr'>αὐτὴν</span> <span class='ocrx_word' id='word_1_191' title='bbox 1241 1697 1246 1716; x_wconf 61' lang='lat'><strong>¹</strong></span> 
     </span>
     <span class='ocr_line' id='line_1_26' title="bbox 161 1721 1217 1777; baseline 0.004 -17"><span class='ocrx_word' id='word_1_192' title='bbox 161 1721 306 1775; x_wconf 80' lang='grc' dir='ltr'>ἀνάγει,</span> <span class='ocrx_word' id='word_1_193' title='bbox 328 1726 430 1762; x_wconf 73' lang='grc' dir='ltr'>τοῦτο</span> <span class='ocrx_word' id='word_1_194' title='bbox 452 1723 561 1768; x_wconf 84' lang='grc' dir='ltr'>ὅντως</span> <span class='ocrx_word' id='word_1_195' title='bbox 579 1722 685 1776; x_wconf 82' lang='grc' dir='ltr'>ἀρετὴ</span> <span class='ocrx_word' id='word_1_196' title='bbox 712 1723 773 1763; x_wconf 88' lang='grc' dir='ltr'>καὶ</span> <span class='ocrx_word' id='word_1_197' title='bbox 794 1724 998 1777; x_wconf 78' lang='grc' dir='ltr'>φιλοσοφίας</span> <span class='ocrx_word' id='word_1_198' title='bbox 1021 1725 1144 1777; x_wconf 88' lang='grc' dir='ltr'>νόμος·</span> <span class='ocrx_word' id='word_1_199' title='bbox 1171 1725 1217 1764; x_wconf 89' lang='grc' dir='ltr'>τὰ</span> 
     </span>
     <span class='ocr_line' id='line_1_27' title="bbox 161 1780 1215 1836; baseline 0.002 -15"><span class='ocrx_word' id='word_1_200' title='bbox 161 1780 198 1821; x_wconf 81' lang='grc' dir='ltr'>δὲ</span> <span class='ocrx_word' id='word_1_201' title='bbox 231 1780 335 1831; x_wconf 88' lang='grc' dir='ltr'>μόνον</span> <span class='ocrx_word' id='word_1_202' title='bbox 373 1781 459 1835; x_wconf 86' lang='grc' dir='ltr'>πρὸς</span> <span class='ocrx_word' id='word_1_203' title='bbox 482 1781 702 1834; x_wconf 81' lang='grc' dir='ltr'>ἀνθρωπίνην</span> <span class='ocrx_word' id='word_1_204' title='bbox 734 1783 1003 1835; x_wconf 75' lang='grc' dir='ltr'>εὐσχημοσύνην</span> <span class='ocrx_word' id='word_1_205' title='bbox 1036 1783 1215 1836; x_wconf 80' lang='grc' dir='ltr'>τείνοντα,</span> 
     </span>
     <span class='ocr_line' id='line_1_28' title="bbox 161 1840 1214 1912; baseline 0.005 -34"><span class='ocrx_word' id='word_1_206' title='bbox 161 1840 385 1912; x_wconf 84' lang='grc' dir='ltr'>δουλοπρεπη</span> <span class='ocrx_word' id='word_1_207' title='bbox 416 1844 490 1880; x_wconf 83' lang='grc' dir='ltr'>ἐστι</span> <span class='ocrx_word' id='word_1_208' title='bbox 511 1840 713 1893; x_wconf 79' lang='grc' dir='ltr'>σοφίσματα</span> <span class='ocrx_word' id='word_1_209' title='bbox 733 1840 794 1879; x_wconf 82' lang='grc' dir='ltr'>καὶ</span> <span class='ocrx_word' id='word_1_210' title='bbox 823 1841 1039 1896; x_wconf 85' lang='grc' dir='ltr'>σκιαγραφία</span> <span class='ocrx_word' id='word_1_211' title='bbox 1059 1845 1129 1882; x_wconf 89' lang='grc' dir='ltr'>τῶν</span> <span class='ocrx_word' id='word_1_212' title='bbox 1150 1859 1214 1882; x_wconf 85' lang='grc' dir='ltr'>κα-</span> 
     </span>
     <span class='ocr_line' id='line_1_29' title="bbox 159 1898 1217 1954; baseline 0.001 -16"><span class='ocrx_word' id='word_1_213' title='bbox 159 1899 253 1951; x_wconf 85' lang='grc' dir='ltr'>λῶν,</span> <span class='ocrx_word' id='word_1_214' title='bbox 275 1899 332 1938; x_wconf 84' lang='grc' dir='ltr'>τὸν</span> <span class='ocrx_word' id='word_1_215' title='bbox 357 1898 454 1953; x_wconf 88' lang='grc' dir='ltr'>παρὰ</span> <span class='ocrx_word' id='word_1_216' title='bbox 489 1902 558 1939; x_wconf 85' lang='grc' dir='ltr'>τῶν</span> <span class='ocrx_word' id='word_1_217' title='bbox 579 1901 718 1938; x_wconf 83' lang='grc' dir='ltr'>πολλῶν</span> <span class='ocrx_word' id='word_1_218' title='bbox 748 1900 888 1939; x_wconf 87' lang='grc' dir='ltr'>ἔπαινον</span> <span class='ocrx_word' id='word_1_219' title='bbox 921 1900 1128 1954; x_wconf 82' lang='grc' dir='ltr'>θηρωμένη,</span> <span class='ocrx_word' id='word_1_220' title='bbox 1158 1901 1217 1941; x_wconf 89' lang='grc' dir='ltr'>καὶ</span> 
     </span>
     <span class='ocr_line' id='line_1_30' title="bbox 160 1959 1215 2011; baseline 0 -13"><span class='ocrx_word' id='word_1_221' title='bbox 160 1962 222 1998; x_wconf 77' lang='grc' dir='ltr'>τοῦ</span> <span class='ocrx_word' id='word_1_222' title='bbox 252 1960 364 1998; x_wconf 83' lang='grc' dir='ltr'>δοκεῖν</span> <span class='ocrx_word' id='word_1_223' title='bbox 397 1959 520 2010; x_wconf 89' lang='grc' dir='ltr'>μόνον,</span> <span class='ocrx_word' id='word_1_224' title='bbox 545 1960 584 1997; x_wconf 80' lang='grc' dir='ltr'>οὗ</span> <span class='ocrx_word' id='word_1_225' title='bbox 613 1963 672 1998; x_wconf 79' lang='grc' dir='ltr'>τοῦ</span> <span class='ocrx_word' id='word_1_226' title='bbox 700 1963 811 2007; x_wconf 80' lang='grc' dir='ltr'>εἶναι,</span> <span class='ocrx_word' id='word_1_227' title='bbox 836 1959 967 2011; x_wconf 86' lang='grc' dir='ltr'>ἀγαθὸν</span> <span class='ocrx_word' id='word_1_228' title='bbox 999 1961 1063 2007; x_wconf 84' lang='grc' dir='ltr'>τὴν</span> <span class='ocrx_word' id='word_1_229' title='bbox 1098 1967 1215 2000; x_wconf 82' lang='grc' dir='ltr'>πᾶσαν</span> 
     </span>
     <span class='ocr_line' id='line_1_31' title="bbox 161 2017 1212 2072; baseline 0.003 -16"><span class='ocrx_word' id='word_1_230' title='bbox 161 2018 355 2068; x_wconf 82' lang='grc' dir='ltr'>ποιουμένη</span> <span class='ocrx_word' id='word_1_231' title='bbox 385 2017 565 2072; x_wconf 85' lang='grc' dir='ltr'>φροντίδα.</span> <span class='ocrx_word' id='word_1_232' title='bbox 626 2018 696 2057; x_wconf 84' lang='grc' dir='ltr'>Καὶ</span> <span class='ocrx_word' id='word_1_233' title='bbox 723 2021 835 2056; x_wconf 83' lang='grc' dir='ltr'>ταῦτα</span> <span class='ocrx_word' id='word_1_234' title='bbox 873 2017 935 2068; x_wconf 82' lang='grc' dir='ltr'>μὲν</span> <span class='ocrx_word' id='word_1_235' title='bbox 957 2019 1038 2072; x_wconf 88' lang='grc' dir='ltr'>περι</span> <span class='ocrx_word' id='word_1_236' title='bbox 1065 2020 1212 2060; x_wconf 83' lang='grc' dir='ltr'>τούτων.</span> 
     </span>
    </p>
   </div>
   <div class='ocr_carea' id='block_1_6' title="bbox 163 2184 1219 2235">
    <p class='ocr_par' dir='ltr' id='par_1_6' title="bbox 163 2184 1219 2235">
     <span class='ocr_line' id='line_1_32' title="bbox 163 2184 1219 2235; baseline 0 -13"><span class='ocrx_word' id='word_1_237' title='bbox 163 2185 366 2235; x_wconf 77' lang='lat' dir='ltr'>dignemur</span> <span class='ocrx_word' id='word_1_238' title='bbox 413 2197 496 2234; x_wconf 86' lang='lat' dir='ltr'>quae</span> <span class='ocrx_word' id='word_1_239' title='bbox 536 2191 710 2221; x_wconf 87' lang='lat' dir='ltr'>naturam</span> <span class='ocrx_word' id='word_1_240' title='bbox 753 2185 981 2220; x_wconf 85' lang='lat' dir='ltr'>rationalem</span> <span class='ocrx_word' id='word_1_241' title='bbox 1013 2184 1219 2233; x_wconf 89' lang='lat' dir='ltr'><strong>dedecent,</strong></span> 
     </span>
    </p>
   </div>
   <div class='ocr_carea' id='block_1_7' title="bbox 160 2249 1234 3541">
    <p class='ocr_par' dir='ltr' id='par_1_7' title="bbox 160 2249 1234 3541">
     <span class='ocr_line' id='line_1_33' title="bbox 160 2249 1216 2299; baseline 0 -13"><span class='ocrx_word' id='word_1_242' title='bbox 160 2249 302 2298; x_wconf 87' lang='lat' dir='ltr'>justam</span> <span class='ocrx_word' id='word_1_243' title='bbox 323 2249 542 2286; x_wconf 82' lang='lat' dir='ltr'>officiorum</span> <span class='ocrx_word' id='word_1_244' title='bbox 557 2249 861 2286; x_wconf 86' lang='lat' dir='ltr'>observationem</span> <span class='ocrx_word' id='word_1_245' title='bbox 879 2249 1025 2298; x_wconf 88' lang='lat' dir='ltr'>ubique</span> <span class='ocrx_word' id='word_1_246' title='bbox 1041 2251 1216 2299; x_wconf 78' lang='lat' dir='ltr'>reperiri.</span> 
     </span>
     <span class='ocr_line' id='line_1_34' title="bbox 165 2309 1219 2359; baseline 0.001 -12"><span class='ocrx_word' id='word_1_247' title='bbox 165 2310 254 2348; x_wconf 80' lang='lat' dir='ltr'>Haeo</span> <span class='ocrx_word' id='word_1_248' title='bbox 293 2316 420 2346; x_wconf 88' lang='lat' dir='ltr'>autem</span> <span class='ocrx_word' id='word_1_249' title='bbox 458 2310 694 2359; x_wconf 86' lang='lat' dir='ltr'>singularum</span> <span class='ocrx_word' id='word_1_250' title='bbox 729 2309 915 2346; x_wconf 84' lang='lat' dir='ltr'>virtutum</span> <span class='ocrx_word' id='word_1_251' title='bbox 942 2322 1117 2347; x_wconf 90' lang='lat' dir='ltr'>mensura</span> <span class='ocrx_word' id='word_1_252' title='bbox 1153 2319 1219 2349; x_wconf 91' lang='lat' dir='ltr'>est.</span> 
     </span>
     <span class='ocr_line' id='line_1_35' title="bbox 163 2367 1220 2417; baseline 0.001 -14"><span class='ocrx_word' id='word_1_253' title='bbox 163 2367 262 2404; x_wconf 89' lang='lat' dir='ltr'>Nam</span> <span class='ocrx_word' id='word_1_254' title='bbox 288 2368 319 2404; x_wconf 91' lang='lat' dir='ltr'>si</span> <span class='ocrx_word' id='word_1_255' title='bbox 345 2374 521 2404; x_wconf 88' lang='lat' dir='ltr'>naturam</span> <span class='ocrx_word' id='word_1_256' title='bbox 545 2375 713 2404; x_wconf 89' lang='lat' dir='ltr'>nostram</span> <span class='ocrx_word' id='word_1_257' title='bbox 737 2374 918 2416; x_wconf 84' lang='lat' dir='ltr'><strong>tanquam</strong></span> <span class='ocrx_word' id='word_1_258' title='bbox 938 2369 1109 2416; x_wconf 85' lang='lat' dir='ltr'>regulam</span> <span class='ocrx_word' id='word_1_259' title='bbox 1133 2381 1220 2417; x_wconf 90' lang='lat' dir='ltr'>spe-</span> 
     </span>
     <span class='ocr_line' id='line_1_36' title="bbox 167 2426 1220 2476; baseline 0.001 -14"><span class='ocrx_word' id='word_1_260' title='bbox 167 2434 333 2471; x_wconf 79' lang='lat' dir='ltr'>ctamus,</span> <span class='ocrx_word' id='word_1_261' title='bbox 354 2426 396 2463; x_wconf 90' lang='lat' dir='ltr'>id</span> <span class='ocrx_word' id='word_1_262' title='bbox 424 2426 531 2476; x_wconf 88' lang='lat' dir='ltr'>quod</span> <span class='ocrx_word' id='word_1_263' title='bbox 563 2426 672 2463; x_wconf 86' lang='lat' dir='ltr'>decet</span> <span class='ocrx_word' id='word_1_264' title='bbox 702 2427 742 2462; x_wconf 91' lang='lat' dir='ltr'>in</span> <span class='ocrx_word' id='word_1_265' title='bbox 768 2427 945 2463; x_wconf 90' lang='lat' dir='ltr'>omnibus</span> <span class='ocrx_word' id='word_1_266' title='bbox 982 2427 1220 2472; x_wconf 85' lang='lat' dir='ltr'>invenimus,</span> 
     </span>
     <span class='ocr_line' id='line_1_37' title="bbox 167 2484 1223 2522; baseline -0.001 0"><span class='ocrx_word' id='word_1_267' title='bbox 167 2484 379 2522; x_wconf 87' lang='lat' dir='ltr'>secundum</span> <span class='ocrx_word' id='word_1_268' title='bbox 402 2492 546 2522; x_wconf 88' lang='lat' dir='ltr'>rectam</span> <span class='ocrx_word' id='word_1_269' title='bbox 564 2486 753 2521; x_wconf 85' lang='lat' dir='ltr'>rationem</span> <span class='ocrx_word' id='word_1_270' title='bbox 785 2491 920 2522; x_wconf 83' lang='lat' dir='ltr'>nostrae</span> <span class='ocrx_word' id='word_1_271' title='bbox 947 2491 1091 2521; x_wconf 87' lang='lat' dir='ltr'>naturae</span> <span class='ocrx_word' id='word_1_272' title='bbox 1121 2498 1223 2521; x_wconf 90' lang='lat' dir='ltr'>con—</span> 
     </span>
     <span class='ocr_line' id='line_1_38' title="bbox 167 2543 1223 2595; baseline -0.001 -14"><span class='ocrx_word' id='word_1_273' title='bbox 167 2551 348 2595; x_wconf 85' lang='lat' dir='ltr'>gruenter</span> <span class='ocrx_word' id='word_1_274' title='bbox 366 2545 548 2582; x_wconf 85' lang='lat' dir='ltr'>viventes.</span> <span class='ocrx_word' id='word_1_275' title='bbox 569 2543 768 2592; x_wconf 83' lang='lat' dir='ltr'>Quidquid</span> <span class='ocrx_word' id='word_1_276' title='bbox 787 2545 886 2580; x_wconf 89' lang='lat' dir='ltr'>enim</span> <span class='ocrx_word' id='word_1_277' title='bbox 906 2545 1073 2581; x_wconf 88' lang='lat' dir='ltr'>animum</span> <span class='ocrx_word' id='word_1_278' title='bbox 1091 2545 1223 2581; x_wconf 91' lang='lat' dir='ltr'>melio-</span> 
     </span>
     <span class='ocr_line' id='line_1_39' title="bbox 167 2602 1224 2651; baseline -0.001 -11"><span class='ocrx_word' id='word_1_279' title='bbox 167 2615 251 2640; x_wconf 88' lang='lat' dir='ltr'>rem</span> <span class='ocrx_word' id='word_1_280' title='bbox 269 2603 400 2639; x_wconf 87' lang='lat' dir='ltr'>reddit</span> <span class='ocrx_word' id='word_1_281' title='bbox 423 2614 589 2651; x_wconf 91' lang='lat' dir='ltr'>eumque</span> <span class='ocrx_word' id='word_1_282' title='bbox 607 2602 656 2639; x_wconf 90' lang='lat' dir='ltr'>ad</span> <span class='ocrx_word' id='word_1_283' title='bbox 674 2603 761 2638; x_wconf 86' lang='lat' dir='ltr'>vitae</span> <span class='ocrx_word' id='word_1_284' title='bbox 781 2602 1057 2639; x_wconf 83' lang='lat' dir='ltr'>beatitudinem</span> <span class='ocrx_word' id='word_1_285' title='bbox 1077 2610 1224 2640; x_wconf 83' lang='lat' dir='ltr'>naturae</span> 
     </span>
     <span class='ocr_line' id='line_1_40' title="bbox 170 2661 1223 2711; baseline -0.001 -12"><span class='ocrx_word' id='word_1_286' title='bbox 170 2662 460 2700; x_wconf 88' lang='lat' dir='ltr'>convenientem</span> <span class='ocrx_word' id='word_1_287' title='bbox 479 2662 604 2698; x_wconf 86' lang='lat' dir='ltr'>evehit</span> <span class='ocrx_word' id='word_1_288' title='bbox 616 2690 628 2711; x_wconf 85' lang='lat'>,</span> <span class='ocrx_word' id='word_1_289' title='bbox 649 2661 690 2697; x_wconf 91' lang='lat' dir='ltr'>id</span> <span class='ocrx_word' id='word_1_290' title='bbox 710 2673 842 2698; x_wconf 85' lang='lat' dir='ltr'>revera</span> <span class='ocrx_word' id='word_1_291' title='bbox 864 2662 984 2698; x_wconf 82' lang='lat' dir='ltr'>virtus</span> <span class='ocrx_word' id='word_1_292' title='bbox 1003 2669 1058 2698; x_wconf 91' lang='lat' dir='ltr'>est</span> <span class='ocrx_word' id='word_1_293' title='bbox 1077 2669 1115 2698; x_wconf 93' lang='lat' dir='ltr'>et</span> <span class='ocrx_word' id='word_1_294' title='bbox 1134 2663 1223 2711; x_wconf 92' lang='lat' dir='ltr'>phi-</span> 
     </span>
     <span class='ocr_line' id='line_1_41' title="bbox 168 2720 1225 2769; baseline 0 -12"><span class='ocrx_word' id='word_1_295' title='bbox 168 2720 353 2769; x_wconf 86' lang='lat' dir='ltr'>losophiae</span> <span class='ocrx_word' id='word_1_296' title='bbox 379 2721 440 2756; x_wconf 86' lang='lat' dir='ltr'>lex</span> <span class='ocrx_word' id='word_1_297' title='bbox 473 2732 483 2758; x_wconf 74' lang='grc' dir='ltr'>ε</span> <span class='ocrx_word' id='word_1_298' title='bbox 518 2731 756 2768; x_wconf 75' lang='lat' dir='ltr'>quaecunque</span> <span class='ocrx_word' id='word_1_299' title='bbox 791 2727 918 2756; x_wconf 83' lang='lat' dir='ltr'>autem</span> <span class='ocrx_word' id='word_1_300' title='bbox 953 2720 1002 2756; x_wconf 89' lang='lat' dir='ltr'>ad</span> <span class='ocrx_word' id='word_1_301' title='bbox 1033 2721 1225 2757; x_wconf 89' lang='lat' dir='ltr'>hominem</span> 
     </span>
     <span class='ocr_line' id='line_1_42' title="bbox 169 2778 1226 2827; baseline 0 -12"><span class='ocrx_word' id='word_1_302' title='bbox 169 2779 291 2816; x_wconf 85' lang='lat' dir='ltr'>solum</span> <span class='ocrx_word' id='word_1_303' title='bbox 315 2778 576 2815; x_wconf 83' lang='lat' dir='ltr'>decorandum</span> <span class='ocrx_word' id='word_1_304' title='bbox 596 2779 787 2827; x_wconf 86' lang='lat' dir='ltr'>pertinent</span> <span class='ocrx_word' id='word_1_305' title='bbox 807 2778 959 2815; x_wconf 87' lang='lat' dir='ltr'>serviles</span> <span class='ocrx_word' id='word_1_306' title='bbox 976 2780 1121 2815; x_wconf 77' lang='lat' dir='ltr'>astutiae</span> <span class='ocrx_word' id='word_1_307' title='bbox 1139 2788 1226 2816; x_wconf 90' lang='lat' dir='ltr'>sunt</span> 
     </span>
     <span class='ocr_line' id='line_1_43' title="bbox 170 2838 1226 2888; baseline 0.001 -14"><span class='ocrx_word' id='word_1_308' title='bbox 170 2845 208 2875; x_wconf 92' lang='lat' dir='ltr'>et</span> <span class='ocrx_word' id='word_1_309' title='bbox 220 2838 342 2874; x_wconf 89' lang='lat' dir='ltr'>inanis</span> <span class='ocrx_word' id='word_1_310' title='bbox 358 2839 542 2874; x_wconf 89' lang='lat' dir='ltr'>virtutum</span> <span class='ocrx_word' id='word_1_311' title='bbox 561 2838 705 2887; x_wconf 89' lang='lat' dir='ltr'>species</span> <span class='ocrx_word' id='word_1_312' title='bbox 717 2863 728 2883; x_wconf 93' lang='lat'>,</span> <span class='ocrx_word' id='word_1_313' title='bbox 750 2849 832 2887; x_wconf 88' lang='lat' dir='ltr'>quae</span> <span class='ocrx_word' id='word_1_314' title='bbox 852 2838 1005 2875; x_wconf 90' lang='lat' dir='ltr'>laudem</span> <span class='ocrx_word' id='word_1_315' title='bbox 1025 2838 1129 2888; x_wconf 88' lang='lat' dir='ltr'>apud</span> <span class='ocrx_word' id='word_1_316' title='bbox 1140 2840 1226 2875; x_wconf 87' lang='lat' dir='ltr'>vul-</span> 
     </span>
     <span class='ocr_line' id='line_1_44' title="bbox 170 2896 1227 2946; baseline 0 -14"><span class='ocrx_word' id='word_1_317' title='bbox 170 2908 240 2946; x_wconf 85' lang='lat' dir='ltr'>gus</span> <span class='ocrx_word' id='word_1_318' title='bbox 258 2903 419 2932; x_wconf 80' lang='lat' dir='ltr'>venatur</span> <span class='ocrx_word' id='word_1_319' title='bbox 438 2903 552 2945; x_wconf 86' lang='lat' dir='ltr'>atque</span> <span class='ocrx_word' id='word_1_320' title='bbox 566 2897 604 2931; x_wconf 90' lang='lat' dir='ltr'>in</span> <span class='ocrx_word' id='word_1_321' title='bbox 619 2896 693 2932; x_wconf 89' lang='lat' dir='ltr'>hoc</span> <span class='ocrx_word' id='word_1_322' title='bbox 715 2908 866 2932; x_wconf 89' lang='lat' dir='ltr'>omnem</span> <span class='ocrx_word' id='word_1_323' title='bbox 884 2897 996 2946; x_wconf 89' lang='lat' dir='ltr'>ponit</span> <span class='ocrx_word' id='word_1_324' title='bbox 1014 2908 1143 2932; x_wconf 91' lang='lat' dir='ltr'>curam</span> <span class='ocrx_word' id='word_1_325' title='bbox 1155 2926 1164 2943; x_wconf 90' lang='lat'>‚</span> <span class='ocrx_word' id='word_1_326' title='bbox 1184 2903 1227 2932; x_wconf 90' lang='lat' dir='ltr'>ut</span> 
     </span>
     <span class='ocr_line' id='line_1_45' title="bbox 172 2952 1227 3004; baseline 0.001 -12"><span class='ocrx_word' id='word_1_327' title='bbox 172 2956 258 3004; x_wconf 88' lang='lat' dir='ltr'>quis</span> <span class='ocrx_word' id='word_1_328' title='bbox 287 2955 462 2992; x_wconf 83' lang='lat' dir='ltr'>videatur</span> <span class='ocrx_word' id='word_1_329' title='bbox 489 2962 636 2991; x_wconf 83' lang='lat' dir='ltr'>tantum</span> <span class='ocrx_word' id='word_1_330' title='bbox 652 2983 663 3001; x_wconf 91' lang='lat'>,</span> <span class='ocrx_word' id='word_1_331' title='bbox 682 2967 762 2991; x_wconf 91' lang='lat' dir='ltr'>non</span> <span class='ocrx_word' id='word_1_332' title='bbox 781 2962 825 2991; x_wconf 91' lang='lat' dir='ltr'>ut</span> <span class='ocrx_word' id='word_1_333' title='bbox 843 2956 891 2991; x_wconf 88' lang='lat' dir='ltr'>sit</span> <span class='ocrx_word' id='word_1_334' title='bbox 923 2955 1065 2993; x_wconf 88' lang='lat' dir='ltr'>bonus.</span> <span class='ocrx_word' id='word_1_335' title='bbox 1101 2952 1227 3004; x_wconf 82' lang='lat' dir='ltr'>Atque</span> 
     </span>
     <span class='ocr_line' id='line_1_46' title="bbox 171 3013 1227 3064; baseline 0 -12"><span class='ocrx_word' id='word_1_336' title='bbox 171 3016 251 3052; x_wconf 71' lang='lat' dir='ltr'>h&#39;aec</span> <span class='ocrx_word' id='word_1_337' title='bbox 267 3015 423 3064; x_wconf 88' lang='lat' dir='ltr'>quidem</span> <span class='ocrx_word' id='word_1_338' title='bbox 439 3016 485 3052; x_wconf 89' lang='lat' dir='ltr'>de</span> <span class='ocrx_word' id='word_1_339' title='bbox 500 3015 560 3051; x_wconf 90' lang='lat' dir='ltr'>his</span> <span class='ocrx_word' id='word_1_340' title='bbox 573 3015 675 3051; x_wconf 89' lang='lat' dir='ltr'>dicta</span> <span class='ocrx_word' id='word_1_341' title='bbox 689 3013 890 3052; x_wconf 86' lang='lat' dir='ltr'>sufficiant.</span> <span class='ocrx_word' id='word_1_342' title='bbox 910 3017 966 3052; x_wconf 87' lang='lat' dir='ltr'>Ex</span> <span class='ocrx_word' id='word_1_343' title='bbox 984 3022 1089 3052; x_wconf 84' lang='lat' dir='ltr'>recta</span> <span class='ocrx_word' id='word_1_344' title='bbox 1102 3023 1227 3052; x_wconf 88' lang='lat' dir='ltr'>autem</span> 
     </span>
     <span class='ocr_line' id='line_1_47' title="bbox 173 3074 1228 3124; baseline 0.001 -14"><span class='ocrx_word' id='word_1_345' title='bbox 173 3086 303 3111; x_wconf 86' lang='lat' dir='ltr'>rerum</span> <span class='ocrx_word' id='word_1_346' title='bbox 317 3074 619 3111; x_wconf 86' lang='lat' dir='ltr'>consideratione</span> <span class='ocrx_word' id='word_1_347' title='bbox 632 3075 806 3124; x_wconf 80' lang='lat' dir='ltr'>sequitur</span> <span class='ocrx_word' id='word_1_348' title='bbox 819 3075 1032 3111; x_wconf 88' lang='lat' dir='ltr'>necessario</span> <span class='ocrx_word' id='word_1_349' title='bbox 1045 3102 1055 3120; x_wconf 91' lang='lat'><strong>,</strong></span> <span class='ocrx_word' id='word_1_350' title='bbox 1069 3082 1112 3111; x_wconf 92' lang='lat' dir='ltr'>ut</span> <span class='ocrx_word' id='word_1_351' title='bbox 1128 3076 1228 3112; x_wconf 90' lang='lat' dir='ltr'>circa</span> 
     </span>
     <span class='ocr_line' id='line_1_48' title="bbox 176 3134 1230 3182; baseline 0 -12"><span class='ocrx_word' id='word_1_352' title='bbox 176 3145 219 3170; x_wconf 87' lang='lat' dir='ltr'>ea</span> <span class='ocrx_word' id='word_1_353' title='bbox 233 3145 390 3182; x_wconf 89' lang='lat' dir='ltr'>quoque</span> <span class='ocrx_word' id='word_1_354' title='bbox 400 3163 411 3181; x_wconf 91' lang='lat'>‚</span> <span class='ocrx_word' id='word_1_355' title='bbox 433 3146 516 3182; x_wconf 87' lang='lat' dir='ltr'>quae</span> <span class='ocrx_word' id='word_1_356' title='bbox 530 3135 569 3170; x_wconf 92' lang='lat' dir='ltr'>in</span> <span class='ocrx_word' id='word_1_357' title='bbox 582 3135 659 3171; x_wconf 88' lang='lat' dir='ltr'>vita</span> <span class='ocrx_word' id='word_1_358' title='bbox 676 3135 783 3170; x_wconf 91' lang='lat' dir='ltr'>nullo</span> <span class='ocrx_word' id='word_1_359' title='bbox 795 3134 931 3171; x_wconf 89' lang='lat' dir='ltr'>ordine</span> <span class='ocrx_word' id='word_1_360' title='bbox 947 3135 1128 3171; x_wconf 88' lang='lat' dir='ltr'>videntur</span> <span class='ocrx_word' id='word_1_361' title='bbox 1141 3147 1230 3171; x_wconf 91' lang='lat' dir='ltr'>con-</span> 
     </span>
     <span class='ocr_line' id='line_1_49' title="bbox 176 3192 1230 3243; baseline 0.002 -16"><span class='ocrx_word' id='word_1_362' title='bbox 176 3192 344 3241; x_wconf 85' lang='lat' dir='ltr'>tingere,</span> <span class='ocrx_word' id='word_1_363' title='bbox 371 3204 452 3228; x_wconf 91' lang='lat' dir='ltr'>non</span> <span class='ocrx_word' id='word_1_364' title='bbox 477 3193 758 3230; x_wconf 84' lang='lat' dir='ltr'>inconsiderate</span> <span class='ocrx_word' id='word_1_365' title='bbox 782 3206 853 3230; x_wconf 90' lang='lat' dir='ltr'>nos</span> <span class='ocrx_word' id='word_1_366' title='bbox 889 3206 1082 3243; x_wconf 79' lang='lat' dir='ltr'>geramuS‚</span> <span class='ocrx_word' id='word_1_367' title='bbox 1103 3194 1168 3229; x_wconf 92' lang='lat' dir='ltr'>sed</span> <span class='ocrx_word' id='word_1_368' title='bbox 1188 3202 1230 3230; x_wconf 93' lang='lat' dir='ltr'>ut</span> 
     </span>
     <span class='ocr_line' id='line_1_50' title="bbox 178 3250 1232 3300; baseline 0.004 -14"><span class='ocrx_word' id='word_1_369' title='bbox 178 3250 304 3300; x_wconf 88' lang='lat' dir='ltr'>probe</span> <span class='ocrx_word' id='word_1_370' title='bbox 324 3257 362 3287; x_wconf 92' lang='lat' dir='ltr'>et</span> <span class='ocrx_word' id='word_1_371' title='bbox 377 3252 540 3300; x_wconf 84' lang='lat' dir='ltr'>ingenue</span> <span class='ocrx_word' id='word_1_372' title='bbox 561 3253 872 3289; x_wconf 89' lang='lat' dir='ltr'>commemoratis</span> <span class='ocrx_word' id='word_1_373' title='bbox 895 3253 1014 3289; x_wconf 85' lang='lat' dir='ltr'>causis</span> <span class='ocrx_word' id='word_1_374' title='bbox 1033 3253 1098 3288; x_wconf 91' lang='lat' dir='ltr'>illa</span> <span class='ocrx_word' id='word_1_375' title='bbox 1127 3254 1232 3290; x_wconf 90' lang='lat' dir='ltr'>tole-</span> 
     </span>
     <span class='ocr_line' id='line_1_51' title="bbox 181 3310 1232 3358; baseline 0.002 -12"><span class='ocrx_word' id='word_1_376' title='bbox 181 3321 327 3356; x_wconf 88' lang='lat' dir='ltr'>remus,</span> <span class='ocrx_word' id='word_1_377' title='bbox 343 3310 421 3346; x_wconf 88' lang='lat' dir='ltr'>sinc</span> <span class='ocrx_word' id='word_1_378' title='bbox 431 3311 508 3347; x_wconf 88' lang='lat' dir='ltr'>ulla</span> <span class='ocrx_word' id='word_1_379' title='bbox 522 3319 743 3348; x_wconf 87' lang='lat' dir='ltr'>curatorum</span> <span class='ocrx_word' id='word_1_380' title='bbox 755 3319 976 3349; x_wconf 87' lang='lat' dir='ltr'>nostrorum</span> <span class='ocrx_word' id='word_1_381' title='bbox 986 3312 1232 3358; x_wconf 85' lang='lat' dir='ltr'>incusatione,</span> 
     </span>
     <span class='ocr_line' id='line_1_52' title="bbox 181 3369 1232 3421; baseline 0.003 -17"><span class='ocrx_word' id='word_1_382' title='bbox 181 3369 248 3418; x_wconf 89' lang='lat' dir='ltr'>qui</span> <span class='ocrx_word' id='word_1_383' title='bbox 265 3381 340 3418; x_wconf 85' lang='lat' dir='ltr'>pro</span> <span class='ocrx_word' id='word_1_384' title='bbox 360 3369 543 3418; x_wconf 84' lang='lat' dir='ltr'>dignitate</span> <span class='ocrx_word' id='word_1_385' title='bbox 562 3383 672 3407; x_wconf 92' lang='lat' dir='ltr'>suum</span> <span class='ocrx_word' id='word_1_386' title='bbox 692 3372 831 3421; x_wconf 90' lang='lat' dir='ltr'>cuique</span> <span class='ocrx_word' id='word_1_387' title='bbox 851 3372 1059 3408; x_wconf 86' lang='lat' dir='ltr'>tribuentes</span> <span class='ocrx_word' id='word_1_388' title='bbox 1073 3384 1153 3408; x_wconf 88' lang='lat' dir='ltr'>non</span> <span class='ocrx_word' id='word_1_389' title='bbox 1165 3384 1232 3420; x_wconf 89' lang='lat' dir='ltr'>pa-</span> 
     </span>
     <span class='ocr_line' id='line_1_53' title="bbox 181 3428 1234 3480; baseline 0.005 -17"><span class='ocrx_word' id='word_1_390' title='bbox 181 3428 288 3464; x_wconf 89' lang='lat' dir='ltr'>ribus</span> <span class='ocrx_word' id='word_1_391' title='bbox 301 3429 463 3476; x_wconf 81' lang='lat' dir='ltr'>praemiis</span> <span class='ocrx_word' id='word_1_392' title='bbox 480 3441 610 3466; x_wconf 90' lang='lat' dir='ltr'>omnes</span> <span class='ocrx_word' id='word_1_393' title='bbox 621 3459 632 3478; x_wconf 85' lang='lat'>‚</span> <span class='ocrx_word' id='word_1_394' title='bbox 652 3443 817 3479; x_wconf 89' lang='lat' dir='ltr'>quorum</span> <span class='ocrx_word' id='word_1_395' title='bbox 836 3431 964 3480; x_wconf 87' lang='lat' dir='ltr'>dispar</span> <span class='ocrx_word' id='word_1_396' title='bbox 979 3431 1051 3467; x_wconf 89' lang='lat' dir='ltr'>fuit</span> <span class='ocrx_word' id='word_1_397' title='bbox 1063 3438 1234 3468; x_wconf 84' lang='lat' dir='ltr'>anteacta</span> 
     </span>
     <span class='ocr_line' id='line_1_54' title="bbox 183 3487 1232 3541; baseline 0.006 -19"><span class='ocrx_word' id='word_1_398' title='bbox 183 3487 284 3533; x_wconf 83' lang='lat' dir='ltr'>vita,</span> <span class='ocrx_word' id='word_1_399' title='bbox 309 3487 452 3537; x_wconf 83' lang='lat' dir='ltr'>dignati</span> <span class='ocrx_word' id='word_1_400' title='bbox 473 3496 572 3527; x_wconf 89' lang='lat' dir='ltr'>sunt.</span> <span class='ocrx_word' id='word_1_401' title='bbox 598 3491 693 3527; x_wconf 89' lang='lat' dir='ltr'>Nam</span> <span class='ocrx_word' id='word_1_402' title='bbox 709 3503 828 3540; x_wconf 88' lang='lat' dir='ltr'>quum</span> <span class='ocrx_word' id='word_1_403' title='bbox 847 3491 1012 3528; x_wconf 89' lang='lat' dir='ltr'>mundus</span> <span class='ocrx_word' id='word_1_404' title='bbox 1027 3491 1232 3541; x_wconf 87' lang='lat' dir='ltr'>providen-</span> 
     </span>
    </p>
   </div>
   <div class='ocr_carea' id='block_1_8' title="bbox 2251 291 2327 323">
    <p class='ocr_par' dir='ltr' id='par_1_8' title="bbox 2251 291 2327 323">
     <span class='ocr_line' id='line_1_55' title="bbox 2251 291 2327 323; baseline 0 0"><span class='ocrx_word' id='word_1_405' title='bbox 2251 291 2327 323; x_wconf 80' lang='lat'>437</span> 
     </span>
    </p>
   </div>
   <div class='ocr_carea' id='block_1_9' title="bbox 1276 369 2341 2079">
    <p class='ocr_par' dir='ltr' id='par_1_9' title="bbox 1276 369 2334 1012">
     <span class='ocr_line' id='line_1_56' title="bbox 1282 369 2331 425; baseline 0.001 -16"><span class='ocrx_word' id='word_1_406' title='bbox 1282 370 1366 413; x_wconf 85' lang='grc' dir='ltr'>Τοῖς</span> <span class='ocrx_word' id='word_1_407' title='bbox 1384 369 1420 408; x_wconf 81' lang='grc' dir='ltr'>δὲ</span> <span class='ocrx_word' id='word_1_408' title='bbox 1440 371 1551 423; x_wconf 80' lang='grc' dir='ltr'>ὀρθοῖς</span> <span class='ocrx_word' id='word_1_409' title='bbox 1579 371 1761 420; x_wconf 84' lang='grc' dir='ltr'>λογισμοῖς</span> <span class='ocrx_word' id='word_1_410' title='bbox 1786 370 1820 415; x_wconf 83' lang='grc' dir='ltr'>ἐξ</span> <span class='ocrx_word' id='word_1_411' title='bbox 1843 371 1998 422; x_wconf 83' lang='grc' dir='ltr'>ἀνάγκης</span> <span class='ocrx_word' id='word_1_412' title='bbox 2015 370 2138 410; x_wconf 80' lang='grc' dir='ltr'>ἕπεται</span> <span class='ocrx_word' id='word_1_413' title='bbox 2164 371 2224 410; x_wconf 78' lang='grc' dir='ltr'>καὶ</span> <span class='ocrx_word' id='word_1_414' title='bbox 2251 373 2331 425; x_wconf 86' lang='grc' dir='ltr'>περὶ</span> 
     </span>
     <span class='ocr_line' id='line_1_57' title="bbox 1278 427 2328 482; baseline 0.002 -17"><span class='ocrx_word' id='word_1_415' title='bbox 1278 430 1346 466; x_wconf 88' lang='grc' dir='ltr'>τῶν</span> <span class='ocrx_word' id='word_1_416' title='bbox 1368 427 1561 466; x_wconf 81' lang='grc' dir='ltr'>δοκούντων</span> <span class='ocrx_word' id='word_1_417' title='bbox 1581 427 1742 473; x_wconf 79' lang='grc' dir='ltr'>ἀτάκτως</span> <span class='ocrx_word' id='word_1_418' title='bbox 1759 428 1850 467; x_wconf 85' lang='grc' dir='ltr'>κατὰ</span> <span class='ocrx_word' id='word_1_419' title='bbox 1870 428 1929 467; x_wconf 82' lang='grc' dir='ltr'>τὸν</span> <span class='ocrx_word' id='word_1_420' title='bbox 1954 429 2026 482; x_wconf 90' lang='grc' dir='ltr'>βίον</span> <span class='ocrx_word' id='word_1_421' title='bbox 2052 429 2260 479; x_wconf 74' lang='grc' dir='ltr'>συμὸαίνειν</span> <span class='ocrx_word' id='word_1_422' title='bbox 2279 428 2328 479; x_wconf 86' lang='grc' dir='ltr'>μὴ</span> 
     </span>
     <span class='ocr_line' id='line_1_58' title="bbox 1279 482 2331 540; baseline 0.002 -16"><span class='ocrx_word' id='word_1_423' title='bbox 1279 486 1473 538; x_wconf 84' lang='grc' dir='ltr'>ἀλογίστως</span> <span class='ocrx_word' id='word_1_424' title='bbox 1493 485 1608 539; x_wconf 78' lang='grc' dir='ltr'>ἔχειν,</span> <span class='ocrx_word' id='word_1_425' title='bbox 1625 488 1703 525; x_wconf 88' lang='grc' dir='ltr'>ἀλλ’</span> <span class='ocrx_word' id='word_1_426' title='bbox 1732 482 1770 526; x_wconf 70' lang='grc' dir='ltr'>εῧ</span> <span class='ocrx_word' id='word_1_427' title='bbox 1798 487 1859 526; x_wconf 79' lang='grc' dir='ltr'>καὶ</span> <span class='ocrx_word' id='word_1_428' title='bbox 1878 487 2042 539; x_wconf 84' lang='grc' dir='ltr'>γενναίως</span> <span class='ocrx_word' id='word_1_429' title='bbox 2063 488 2331 540; x_wconf 88' lang='grc' dir='ltr'>ἀπολελογίσθαι</span> 
     </span>
     <span class='ocr_line' id='line_1_59' title="bbox 1277 544 2331 600; baseline 0.001 -17"><span class='ocrx_word' id='word_1_430' title='bbox 1277 545 1339 589; x_wconf 74' lang='grc' dir='ltr'>τὰς</span> <span class='ocrx_word' id='word_1_431' title='bbox 1358 544 1490 584; x_wconf 84' lang='grc' dir='ltr'>τούτων</span> <span class='ocrx_word' id='word_1_432' title='bbox 1511 545 1646 594; x_wconf 88' lang='grc' dir='ltr'>αἰτίας,</span> <span class='ocrx_word' id='word_1_433' title='bbox 1668 546 1729 584; x_wconf 79' lang='grc' dir='ltr'>καὶ</span> <span class='ocrx_word' id='word_1_434' title='bbox 1756 545 1870 600; x_wconf 82' lang='grc' dir='ltr'>φέρειν</span> <span class='ocrx_word' id='word_1_435' title='bbox 1898 545 1988 585; x_wconf 82' lang='grc' dir='ltr'>αὐτὰ</span> <span class='ocrx_word' id='word_1_436' title='bbox 2010 546 2118 596; x_wconf 84' lang='grc' dir='ltr'>μηδὲν</span> <span class='ocrx_word' id='word_1_437' title='bbox 2142 548 2331 597; x_wconf 80' lang='grc' dir='ltr'>ἐγκαλοῦν-</span> 
     </span>
     <span class='ocr_line' id='line_1_60' title="bbox 1277 604 2334 658; baseline -0.001 -15"><span class='ocrx_word' id='word_1_438' title='bbox 1277 620 1339 647; x_wconf 89' lang='grc' dir='ltr'>τας</span> <span class='ocrx_word' id='word_1_439' title='bbox 1355 609 1424 648; x_wconf 86' lang='grc' dir='ltr'>τοῖς</span> <span class='ocrx_word' id='word_1_440' title='bbox 1446 605 1676 655; x_wconf 83' lang='grc' dir='ltr'>ἐπιμεληταῖς</span> <span class='ocrx_word' id='word_1_441' title='bbox 1694 608 1795 656; x_wconf 79' lang='grc' dir='ltr'>ἡμῶν</span> <span class='ocrx_word' id='word_1_442' title='bbox 1806 637 1815 653; x_wconf 92' lang='grc'>,</span> <span class='ocrx_word' id='word_1_443' title='bbox 1832 604 1865 643; x_wconf 85' lang='grc' dir='ltr'>οἳ</span> <span class='ocrx_word' id='word_1_444' title='bbox 1883 605 1970 658; x_wconf 88' lang='grc' dir='ltr'>πρὸς</span> <span class='ocrx_word' id='word_1_445' title='bbox 1986 605 2083 650; x_wconf 79' lang='grc' dir='ltr'>ἀξίαν</span> <span class='ocrx_word' id='word_1_446' title='bbox 2100 604 2334 656; x_wconf 86' lang='grc' dir='ltr'>ἀπονέμοντες</span> 
     </span>
     <span class='ocr_line' id='line_1_61' title="bbox 1279 661 2333 716; baseline -0.001 -14"><span class='ocrx_word' id='word_1_447' title='bbox 1279 663 1418 716; x_wconf 79' lang='grc' dir='ltr'>ἑκάστῳ</span> <span class='ocrx_word' id='word_1_448' title='bbox 1439 661 1484 702; x_wconf 77' lang='grc' dir='ltr'>τὰ</span> <span class='ocrx_word' id='word_1_449' title='bbox 1499 664 1723 716; x_wconf 86' lang='grc' dir='ltr'>προσήκοντα</span> <span class='ocrx_word' id='word_1_450' title='bbox 1736 693 1747 712; x_wconf 89' lang='grc'>,</span> <span class='ocrx_word' id='word_1_451' title='bbox 1763 665 1800 702; x_wconf 83' lang='grc' dir='ltr'>οὐ</span> <span class='ocrx_word' id='word_1_452' title='bbox 1818 666 1886 702; x_wconf 86' lang='grc' dir='ltr'>τῶν</span> <span class='ocrx_word' id='word_1_453' title='bbox 1901 663 1986 702; x_wconf 83' lang='grc' dir='ltr'>ἴσων</span> <span class='ocrx_word' id='word_1_454' title='bbox 2003 664 2157 711; x_wconf 82' lang='grc' dir='ltr'>ἠξίωσαν</span> <span class='ocrx_word' id='word_1_455' title='bbox 2175 664 2333 707; x_wconf 86' lang='grc' dir='ltr'>ἅπαντας</span> 
     </span>
     <span class='ocr_line' id='line_1_62' title="bbox 1277 721 2334 776; baseline 0.001 -16"><span class='ocrx_word' id='word_1_456' title='bbox 1277 721 1354 766; x_wconf 82' lang='grc' dir='ltr'>τοὺς</span> <span class='ocrx_word' id='word_1_457' title='bbox 1374 721 1424 773; x_wconf 78' lang='grc' dir='ltr'>μὴ</span> <span class='ocrx_word' id='word_1_458' title='bbox 1456 723 1584 773; x_wconf 81' lang='grc' dir='ltr'>ὁμοίως</span> <span class='ocrx_word' id='word_1_459' title='bbox 1611 722 1911 776; x_wconf 72' lang='grc' dir='ltr'>προὸεὸιωκότας.</span> <span class='ocrx_word' id='word_1_460' title='bbox 1971 723 2054 767; x_wconf 85' lang='grc' dir='ltr'>Πῶς</span> <span class='ocrx_word' id='word_1_461' title='bbox 2084 721 2153 776; x_wconf 82' lang='grc' dir='ltr'>γὰρ</span> <span class='ocrx_word' id='word_1_462' title='bbox 2184 722 2224 760; x_wconf 81' lang='grc' dir='ltr'>ἂν</span> <span class='ocrx_word' id='word_1_463' title='bbox 2251 737 2334 774; x_wconf 88' lang='grc' dir='ltr'>προ-</span> 
     </span>
     <span class='ocr_line' id='line_1_63' title="bbox 1276 779 2330 836; baseline -0.001 -17"><span class='ocrx_word' id='word_1_464' title='bbox 1276 782 1369 826; x_wconf 90' lang='grc' dir='ltr'>νοίας</span> <span class='ocrx_word' id='word_1_465' title='bbox 1390 782 1453 833; x_wconf 81' lang='grc' dir='ltr'>μὲν</span> <span class='ocrx_word' id='word_1_466' title='bbox 1483 781 1609 831; x_wconf 86' lang='grc' dir='ltr'>οὔσης,</span> <span class='ocrx_word' id='word_1_467' title='bbox 1639 783 1700 821; x_wconf 79' lang='grc' dir='ltr'>καὶ</span> <span class='ocrx_word' id='word_1_468' title='bbox 1721 786 1781 829; x_wconf 70' lang='grc' dir='ltr'>τῆς</span> <span class='ocrx_word' id='word_1_469' title='bbox 1800 785 1915 836; x_wconf 72' lang='grc' dir='ltr'>ψυχῆς</span> <span class='ocrx_word' id='word_1_470' title='bbox 1947 785 2049 832; x_wconf 78' lang='grc' dir='ltr'>ἡμῶν</span> <span class='ocrx_word' id='word_1_471' title='bbox 2067 781 2245 836; x_wconf 78' lang='grc' dir='ltr'>ἀφθάρτου</span> <span class='ocrx_word' id='word_1_472' title='bbox 2266 779 2330 831; x_wconf 81' lang='grc' dir='ltr'>μὲν</span> 
     </span>
     <span class='ocr_line' id='line_1_64' title="bbox 1277 838 2331 895; baseline -0.001 -16"><span class='ocrx_word' id='word_1_473' title='bbox 1277 841 1356 879; x_wconf 88' lang='grc' dir='ltr'>κατ’</span> <span class='ocrx_word' id='word_1_474' title='bbox 1377 840 1520 890; x_wconf 85' lang='grc' dir='ltr'>οὐσίαν,</span> <span class='ocrx_word' id='word_1_475' title='bbox 1542 842 1743 894; x_wconf 85' lang='grc' dir='ltr'>προαιρέσει</span> <span class='ocrx_word' id='word_1_476' title='bbox 1764 841 1799 880; x_wconf 85' lang='grc' dir='ltr'>δὲ</span> <span class='ocrx_word' id='word_1_477' title='bbox 1821 842 2039 895; x_wconf 79' lang='grc' dir='ltr'>αὐτοκινήτῳ</span> <span class='ocrx_word' id='word_1_478' title='bbox 2055 841 2140 893; x_wconf 78' lang='grc' dir='ltr'>πρὸς</span> <span class='ocrx_word' id='word_1_479' title='bbox 2160 839 2288 893; x_wconf 78' lang='grc' dir='ltr'>ἀρετὴν</span> <span class='ocrx_word' id='word_1_480' title='bbox 2308 838 2331 886; x_wconf 81' lang='grc' dir='ltr'>ἢ</span> 
     </span>
     <span class='ocr_line' id='line_1_65' title="bbox 1276 898 2333 953; baseline -0.001 -15"><span class='ocrx_word' id='word_1_481' title='bbox 1276 899 1403 939; x_wconf 88' lang='grc' dir='ltr'>κακίαν</span> <span class='ocrx_word' id='word_1_482' title='bbox 1431 900 1616 953; x_wconf 83' lang='grc' dir='ltr'>ὁρμώσης,</span> <span class='ocrx_word' id='word_1_483' title='bbox 1633 903 1713 949; x_wconf 80' lang='grc' dir='ltr'>ε’νῆν</span> <span class='ocrx_word' id='word_1_484' title='bbox 1742 901 1785 940; x_wconf 82' lang='grc' dir='ltr'>τὰ</span> <span class='ocrx_word' id='word_1_485' title='bbox 1805 900 1865 940; x_wconf 86' lang='grc' dir='ltr'>ἴσα</span> <span class='ocrx_word' id='word_1_486' title='bbox 1893 906 1965 945; x_wconf 87' lang='grc' dir='ltr'>τοῖς</span> <span class='ocrx_word' id='word_1_487' title='bbox 1991 900 2041 952; x_wconf 83' lang='grc' dir='ltr'>μὴ</span> <span class='ocrx_word' id='word_1_488' title='bbox 2061 900 2149 944; x_wconf 84' lang='grc' dir='ltr'>ἴσοις</span> <span class='ocrx_word' id='word_1_489' title='bbox 2174 898 2254 942; x_wconf 75' lang='grc' dir='ltr'>τοὺς</span> <span class='ocrx_word' id='word_1_490' title='bbox 2273 901 2333 938; x_wconf 76' lang='grc' dir='ltr'>τοῦ</span> 
     </span>
     <span class='ocr_line' id='line_1_66' title="bbox 1276 957 2333 1012; baseline -0.001 -16"><span class='ocrx_word' id='word_1_491' title='bbox 1276 959 1363 1012; x_wconf 81' lang='grc' dir='ltr'>πρὸν</span> <span class='ocrx_word' id='word_1_492' title='bbox 1397 959 1496 1005; x_wconf 85' lang='grc' dir='ltr'>ἀξίαν</span> <span class='ocrx_word' id='word_1_493' title='bbox 1518 959 1674 1012; x_wconf 79' lang='grc' dir='ltr'>φύλακας</span> <span class='ocrx_word' id='word_1_494' title='bbox 1695 959 1803 1010; x_wconf 90' lang='grc' dir='ltr'>νόμου</span> <span class='ocrx_word' id='word_1_495' title='bbox 1829 959 2053 1008; x_wconf 85' lang='grc' dir='ltr'>ἀποδιδόναι,</span> <span class='ocrx_word' id='word_1_496' title='bbox 2075 957 2167 998; x_wconf 81' lang='grc' dir='ltr'>ἀλλὰ</span> <span class='ocrx_word' id='word_1_497' title='bbox 2197 957 2246 1009; x_wconf 88' lang='grc' dir='ltr'>μὴ</span> <span class='ocrx_word' id='word_1_498' title='bbox 2269 957 2333 1005; x_wconf 77' lang='grc' dir='ltr'>τὴν</span> 
     </span>
    </p>

    <p class='ocr_par' dir='ltr' id='par_1_10' title="bbox 1277 1015 2341 2079">
     <span class='ocr_line' id='line_1_67' title="bbox 1278 1015 2333 1072; baseline -0.001 -16"><span class='ocrx_word' id='word_1_499' title='bbox 1278 1019 1526 1069; x_wconf 83' lang='grc' dir='ltr'>προσήκουσαν</span> <span class='ocrx_word' id='word_1_500' title='bbox 1550 1018 1735 1069; x_wconf 86' lang='grc' dir='ltr'>ἀπονέμειν</span> <span class='ocrx_word' id='word_1_501' title='bbox 1755 1019 1894 1072; x_wconf 80' lang='grc' dir='ltr'>ἑκάστῳ</span> <span class='ocrx_word' id='word_1_502' title='bbox 1914 1018 2043 1071; x_wconf 86' lang='grc' dir='ltr'>τυχην,</span> <span class='ocrx_word' id='word_1_503' title='bbox 2064 1018 2106 1065; x_wconf 82' lang='grc' dir='ltr'>ἣν</span> <span class='ocrx_word' id='word_1_504' title='bbox 2122 1017 2182 1056; x_wconf 91' lang='grc' dir='ltr'>καὶ</span> <span class='ocrx_word' id='word_1_505' title='bbox 2198 1015 2333 1067; x_wconf 81' lang='grc' dir='ltr'>προϊὼν</span> 
     </span>
     <span class='ocr_line' id='line_1_68' title="bbox 1277 1076 2332 1131; baseline 0 -16"><span class='ocrx_word' id='word_1_506' title='bbox 1277 1079 1325 1121; x_wconf 87' lang='grc' dir='ltr'>εἷς</span> <span class='ocrx_word' id='word_1_507' title='bbox 1344 1078 1477 1129; x_wconf 85' lang='grc' dir='ltr'>γένεσιν</span> <span class='ocrx_word' id='word_1_508' title='bbox 1494 1080 1512 1116; x_wconf 84' lang='grc' dir='ltr'>ὁ</span> <span class='ocrx_word' id='word_1_509' title='bbox 1534 1076 1711 1130; x_wconf 83' lang='grc' dir='ltr'>ἄνθρωπος</span> <span class='ocrx_word' id='word_1_510' title='bbox 1731 1080 1947 1131; x_wconf 86' lang='grc' dir='ltr'>κληρουσθαι</span> <span class='ocrx_word' id='word_1_511' title='bbox 1971 1078 2128 1129; x_wconf 67' lang='grc' dir='ltr'>λέγεται,</span> <span class='ocrx_word' id='word_1_512' title='bbox 2146 1079 2188 1117; x_wconf 83' lang='grc' dir='ltr'>Εἰ</span> <span class='ocrx_word' id='word_1_513' title='bbox 2205 1081 2265 1116; x_wconf 81' lang='grc' dir='ltr'>οὖν</span> <span class='ocrx_word' id='word_1_514' title='bbox 2283 1076 2332 1128; x_wconf 89' lang='grc' dir='ltr'>μὴ</span> 
     </span>
     <span class='ocr_line' id='line_1_69' title="bbox 1278 1130 2337 1190; baseline 0.002 -17"><span class='ocrx_word' id='word_1_515' title='bbox 1278 1139 1383 1186; x_wconf 92' lang='grc' dir='ltr'>μυθος</span> <span class='ocrx_word' id='word_1_516' title='bbox 1398 1136 1437 1175; x_wconf 84' lang='grc' dir='ltr'>τὸ</span> <span class='ocrx_word' id='word_1_517' title='bbox 1452 1130 1540 1175; x_wconf 66' lang='grc' dir='ltr'>εἶναι</span> <span class='ocrx_word' id='word_1_518' title='bbox 1559 1135 1746 1190; x_wconf 88' lang='grc' dir='ltr'>πρόνοιαν,</span> <span class='ocrx_word' id='word_1_519' title='bbox 1769 1136 2014 1188; x_wconf 85' lang='grc' dir='ltr'>ἀπονέμουσαν</span> <span class='ocrx_word' id='word_1_520' title='bbox 2035 1137 2176 1176; x_wconf 80' lang='grc' dir='ltr'>ἑκάστω</span> <span class='ocrx_word' id='word_1_521' title='bbox 2191 1135 2237 1175; x_wconf 81' lang='grc' dir='ltr'>τὰ</span> <span class='ocrx_word' id='word_1_522' title='bbox 2252 1136 2337 1190; x_wconf 88' lang='grc' dir='ltr'>πρέ-</span> 
     </span>
     <span class='ocr_line' id='line_1_70' title="bbox 1278 1195 2334 1249; baseline 0 -14"><span class='ocrx_word' id='word_1_523' title='bbox 1278 1211 1413 1243; x_wconf 87' lang='grc' dir='ltr'>ποντα,</span> <span class='ocrx_word' id='word_1_524' title='bbox 1444 1195 1502 1234; x_wconf 69' lang='lat' dir='ltr'>&gt;eal</span> <span class='ocrx_word' id='word_1_525' title='bbox 1526 1195 1589 1242; x_wconf 81' lang='grc' dir='ltr'>τὴν</span> <span class='ocrx_word' id='word_1_526' title='bbox 1610 1195 1728 1249; x_wconf 83' lang='grc' dir='ltr'>ψυχὴν</span> <span class='ocrx_word' id='word_1_527' title='bbox 1748 1197 1850 1246; x_wconf 81' lang='grc' dir='ltr'>ἡμῶν</span> <span class='ocrx_word' id='word_1_528' title='bbox 1872 1196 2043 1235; x_wconf 82' lang='grc' dir='ltr'>ἀθάνατον</span> <span class='ocrx_word' id='word_1_529' title='bbox 2070 1199 2182 1245; x_wconf 82' lang='grc' dir='ltr'>εἶναι,</span> <span class='ocrx_word' id='word_1_530' title='bbox 2208 1197 2334 1245; x_wconf 73' lang='grc' dir='ltr'>δῆλον,</span> 
     </span>
     <span class='ocr_line' id='line_1_71' title="bbox 1277 1253 2334 1307; baseline 0.002 -15.033"><span class='ocrx_word' id='word_1_531' title='bbox 1277 1257 1324 1298; x_wconf 72' lang='grc' dir='ltr'>ὣς</span> <span class='ocrx_word' id='word_1_532' title='bbox 1343 1257 1565 1304; x_wconf 80' lang='grc' dir='ltr'>μεταστῆσαι</span> <span class='ocrx_word' id='word_1_533' title='bbox 1599 1255 1650 1293; x_wconf 86' lang='grc' dir='ltr'>δεῖ</span> <span class='ocrx_word' id='word_1_534' title='bbox 1669 1254 1733 1301; x_wconf 83' lang='grc' dir='ltr'>τὴν</span> <span class='ocrx_word' id='word_1_535' title='bbox 1759 1253 1875 1292; x_wconf 81' lang='grc' dir='ltr'>αἰτίαν</span> <span class='ocrx_word' id='word_1_536' title='bbox 1890 1257 1958 1293; x_wconf 87' lang='grc' dir='ltr'>τῶν</span> <span class='ocrx_word' id='word_1_537' title='bbox 1986 1257 2192 1307; x_wconf 79' lang='grc' dir='ltr'>ἀλγεινῶν’</span> <span class='ocrx_word' id='word_1_538' title='bbox 2174 1270 2244 1293; x_wconf 89' lang='grc' dir='ltr'>απο</span> <span class='ocrx_word' id='word_1_539' title='bbox 2271 1271 2334 1294; x_wconf 85' lang='grc' dir='ltr'>του</span> 
     </span>
     <span class='ocr_line' id='line_1_72' title="bbox 1279 1308 2335 1367; baseline 0.001 -16"><span class='ocrx_word' id='word_1_540' title='bbox 1279 1314 1489 1357; x_wconf 78' lang='grc' dir='ltr'>διοικοῦντος</span> <span class='ocrx_word' id='word_1_541' title='bbox 1516 1314 1569 1367; x_wconf 82' lang='grc' dir='ltr'>ἐφ’</span> <span class='ocrx_word' id='word_1_542' title='bbox 1597 1317 1693 1365; x_wconf 81' lang='grc' dir='ltr'>ἡμᾶς</span> <span class='ocrx_word' id='word_1_543' title='bbox 1714 1313 1859 1364; x_wconf 84' lang='grc' dir='ltr'>αὐτούς,</span> <span class='ocrx_word' id='word_1_544' title='bbox 1881 1313 1916 1358; x_wconf 81' lang='grc' dir='ltr'>ἐξ</span> <span class='ocrx_word' id='word_1_545' title='bbox 1947 1308 1987 1353; x_wconf 92' lang='grc' dir='ltr'>ου</span> <span class='ocrx_word' id='word_1_546' title='bbox 2005 1330 2065 1353; x_wconf 85' lang='grc' dir='ltr'>και</span> <span class='ocrx_word' id='word_1_547' title='bbox 2088 1314 2127 1352; x_wconf 83' lang='grc' dir='ltr'>τὸ</span> <span class='ocrx_word' id='word_1_548' title='bbox 2146 1316 2268 1352; x_wconf 81' lang='grc' dir='ltr'>ἰᾶσθαι</span> <span class='ocrx_word' id='word_1_549' title='bbox 2289 1313 2335 1352; x_wconf 82' lang='grc' dir='ltr'>τὰ</span> 
     </span>
     <span class='ocr_line' id='line_1_73' title="bbox 1278 1372 2336 1426; baseline 0.002 -15"><span class='ocrx_word' id='word_1_550' title='bbox 1278 1374 1431 1426; x_wconf 78' lang='grc' dir='ltr'>δυσχερῆ</span> <span class='ocrx_word' id='word_1_551' title='bbox 1465 1373 1634 1412; x_wconf 81' lang='grc' dir='ltr'>δύνασθαι</span> <span class='ocrx_word' id='word_1_552' title='bbox 1665 1373 1770 1412; x_wconf 86' lang='grc' dir='ltr'>δωσει</span> <span class='ocrx_word' id='word_1_553' title='bbox 1798 1377 1815 1413; x_wconf 84' lang='grc' dir='ltr'>ὁ</span> <span class='ocrx_word' id='word_1_554' title='bbox 1847 1372 1958 1425; x_wconf 86' lang='grc' dir='ltr'>λόγος.</span> <span class='ocrx_word' id='word_1_555' title='bbox 2020 1373 2082 1413; x_wconf 86' lang='grc' dir='ltr'>Ἔν</span> <span class='ocrx_word' id='word_1_556' title='bbox 2112 1375 2246 1417; x_wconf 85' lang='grc' dir='ltr'>ἑαυτοῖς</span> <span class='ocrx_word' id='word_1_557' title='bbox 2269 1374 2336 1426; x_wconf 82' lang='grc' dir='ltr'>γὰρ</span> 
     </span>
     <span class='ocr_line' id='line_1_74' title="bbox 1277 1430 2334 1485; baseline -0.002 -14"><span class='ocrx_word' id='word_1_558' title='bbox 1277 1434 1435 1485; x_wconf 78' lang='grc' dir='ltr'>εὑρόντες</span> <span class='ocrx_word' id='word_1_559' title='bbox 1455 1432 1516 1477; x_wconf 85' lang='grc' dir='ltr'>τὰς</span> <span class='ocrx_word' id='word_1_560' title='bbox 1534 1432 1650 1476; x_wconf 87' lang='grc' dir='ltr'>αἰτίας</span> <span class='ocrx_word' id='word_1_561' title='bbox 1670 1435 1733 1479; x_wconf 78' lang='grc' dir='ltr'>τῆς</span> <span class='ocrx_word' id='word_1_562' title='bbox 1758 1431 1930 1481; x_wconf 82' lang='grc' dir='ltr'>τοσαύτης</span> <span class='ocrx_word' id='word_1_563' title='bbox 1947 1430 2154 1483; x_wconf 88' lang='grc' dir='ltr'>ἀνωμαλίας</span> <span class='ocrx_word' id='word_1_564' title='bbox 2168 1461 2179 1480; x_wconf 91' lang='grc'>,</span> <span class='ocrx_word' id='word_1_565' title='bbox 2195 1447 2334 1483; x_wconf 87' lang='grc' dir='ltr'>πρωτον</span> 
     </span>
     <span class='ocr_line' id='line_1_75' title="bbox 1279 1492 2336 1546; baseline -0.002 -15"><span class='ocrx_word' id='word_1_566' title='bbox 1279 1492 1342 1543; x_wconf 84' lang='grc' dir='ltr'>μὲν</span> <span class='ocrx_word' id='word_1_567' title='bbox 1367 1495 1417 1545; x_wconf 79' lang='grc' dir='ltr'>τῷ</span> <span class='ocrx_word' id='word_1_568' title='bbox 1449 1494 1539 1545; x_wconf 85' lang='grc' dir='ltr'>ὃρθω</span> <span class='ocrx_word' id='word_1_569' title='bbox 1559 1509 1622 1541; x_wconf 89' lang='grc' dir='ltr'>της</span> <span class='ocrx_word' id='word_1_570' title='bbox 1644 1493 1792 1545; x_wconf 88' lang='grc' dir='ltr'>κρίσεως</span> <span class='ocrx_word' id='word_1_571' title='bbox 1819 1493 2126 1546; x_wconf 79' lang='grc' dir='ltr'>ἐπελαφρυνοῦμεν</span> <span class='ocrx_word' id='word_1_572' title='bbox 2147 1507 2216 1530; x_wconf 79' lang='grc' dir='ltr'>των</span> <span class='ocrx_word' id='word_1_573' title='bbox 2243 1506 2336 1540; x_wconf 83' lang='grc' dir='ltr'>συμ-</span> 
     </span>
     <span class='ocr_line' id='line_1_76' title="bbox 1278 1549 2338 1605; baseline -0.002 -15"><span class='ocrx_word' id='word_1_574' title='bbox 1278 1551 1467 1590; x_wconf 76' lang='grc' dir='ltr'>ὅαινόντων</span> <span class='ocrx_word' id='word_1_575' title='bbox 1489 1551 1528 1589; x_wconf 83' lang='grc' dir='ltr'>τὸ</span> <span class='ocrx_word' id='word_1_576' title='bbox 1559 1550 1758 1605; x_wconf 82' lang='grc' dir='ltr'>μοχθηρόν·</span> <span class='ocrx_word' id='word_1_577' title='bbox 1788 1550 1910 1590; x_wconf 83' lang='grc' dir='ltr'>ἔπειτα</span> <span class='ocrx_word' id='word_1_578' title='bbox 1935 1557 2012 1595; x_wconf 83' lang='grc' dir='ltr'>ταῖς</span> <span class='ocrx_word' id='word_1_579' title='bbox 2040 1553 2150 1604; x_wconf 79' lang='grc' dir='ltr'>ἱεραῖς</span> <span class='ocrx_word' id='word_1_580' title='bbox 2182 1549 2338 1602; x_wconf 88' lang='grc' dir='ltr'>μεθόδοις</span> 
     </span>
     <span class='ocr_line' id='line_1_77' title="bbox 1277 1609 2335 1663; baseline -0.002 -14"><span class='ocrx_word' id='word_1_581' title='bbox 1277 1612 1337 1650; x_wconf 76' lang='grc' dir='ltr'>καὶ</span> <span class='ocrx_word' id='word_1_582' title='bbox 1357 1617 1433 1655; x_wconf 86' lang='grc' dir='ltr'>ταῖς</span> <span class='ocrx_word' id='word_1_583' title='bbox 1450 1613 1567 1662; x_wconf 84' lang='grc' dir='ltr'>ὀρθαῖς</span> <span class='ocrx_word' id='word_1_584' title='bbox 1584 1610 1809 1657; x_wconf 82' lang='grc' dir='ltr'>νουθετήσεσι</span> <span class='ocrx_word' id='word_1_585' title='bbox 1832 1611 2109 1663; x_wconf 80' lang='grc' dir='ltr'>μεθαρμόζοντες</span> <span class='ocrx_word' id='word_1_586' title='bbox 2137 1609 2201 1657; x_wconf 81' lang='grc' dir='ltr'>τὴν</span> <span class='ocrx_word' id='word_1_587' title='bbox 2217 1609 2335 1663; x_wconf 80' lang='grc' dir='ltr'>ψυχὴν</span> 
     </span>
     <span class='ocr_line' id='line_1_78' title="bbox 1278 1668 2337 1723; baseline -0.002 -14"><span class='ocrx_word' id='word_1_588' title='bbox 1278 1671 1365 1723; x_wconf 84' lang='grc' dir='ltr'>πρὸς</span> <span class='ocrx_word' id='word_1_589' title='bbox 1400 1671 1440 1710; x_wconf 82' lang='grc' dir='ltr'>τὸ</span> <span class='ocrx_word' id='word_1_590' title='bbox 1473 1671 1616 1721; x_wconf 82' lang='grc' dir='ltr'>ἄμεινον</span> <span class='ocrx_word' id='word_1_591' title='bbox 1629 1699 1640 1718; x_wconf 87' lang='grc'>,</span> <span class='ocrx_word' id='word_1_592' title='bbox 1673 1672 1856 1714; x_wconf 84' lang='grc' dir='ltr'>παντελῶς</span> <span class='ocrx_word' id='word_1_593' title='bbox 1887 1668 2032 1714; x_wconf 73' lang='grc' dir='ltr'>ἑαυτοὺς</span> <span class='ocrx_word' id='word_1_594' title='bbox 2066 1671 2135 1708; x_wconf 88' lang='grc' dir='ltr'>τῶν</span> <span class='ocrx_word' id='word_1_595' title='bbox 2168 1671 2337 1721; x_wconf 88' lang='grc' dir='ltr'>ἀλγεινῶν</span> 
     </span>
     <span class='ocr_line' id='line_1_79' title="bbox 1280 1726 2338 1782; baseline -0.002 -15"><span class='ocrx_word' id='word_1_596' title='bbox 1280 1729 1573 1782; x_wconf 85' lang='grc' dir='ltr'>ἐλευθερώσομεν.</span> <span class='ocrx_word' id='word_1_597' title='bbox 1629 1730 1683 1770; x_wconf 84' lang='grc' dir='ltr'>Τὸ</span> <span class='ocrx_word' id='word_1_598' title='bbox 1705 1729 1742 1768; x_wconf 84' lang='grc' dir='ltr'>δὲ</span> <span class='ocrx_word' id='word_1_599' title='bbox 1763 1729 1949 1781; x_wconf 82' lang='grc' dir='ltr'>πάσχοντα</span> <span class='ocrx_word' id='word_1_600' title='bbox 1970 1731 2087 1773; x_wconf 87' lang='grc' dir='ltr'>κακῶς</span> <span class='ocrx_word' id='word_1_601' title='bbox 2106 1726 2338 1780; x_wconf 68' lang='grc' dir='ltr'>μηδ”αἷσθοί-</span> 
     </span>
     <span class='ocr_line' id='line_1_80' title="bbox 1279 1785 2339 1839; baseline -0.002 -12"><span class='ocrx_word' id='word_1_602' title='bbox 1279 1792 1400 1827; x_wconf 86' lang='grc' dir='ltr'>νεσθαι</span> <span class='ocrx_word' id='word_1_603' title='bbox 1418 1788 1480 1833; x_wconf 82' lang='grc' dir='ltr'>τὰς</span> <span class='ocrx_word' id='word_1_604' title='bbox 1499 1788 1616 1832; x_wconf 80' lang='grc' dir='ltr'>αἰτίας</span> <span class='ocrx_word' id='word_1_605' title='bbox 1629 1818 1640 1836; x_wconf 87' lang='grc'>,</span> <span class='ocrx_word' id='word_1_606' title='bbox 1659 1789 1749 1839; x_wconf 78' lang='grc' dir='ltr'>μηδὲ</span> <span class='ocrx_word' id='word_1_607' title='bbox 1770 1788 2099 1838; x_wconf 83' lang='grc' dir='ltr'>καταμαντεύεσθαι</span> <span class='ocrx_word' id='word_1_608' title='bbox 2119 1790 2179 1826; x_wconf 76' lang='grc' dir='ltr'>τοῦ</span> <span class='ocrx_word' id='word_1_609' title='bbox 2197 1785 2339 1829; x_wconf 82' lang='grc' dir='ltr'>εἰκότως</span> 
     </span>
     <span class='ocr_line' id='line_1_81' title="bbox 1285 1842 2338 1900; baseline -0.005 -13"><span class='ocrx_word' id='word_1_610' title='bbox 1285 1847 1561 1897; x_wconf 75' lang='grc' dir='ltr'>συμὸαίνοντος,</span> <span class='ocrx_word' id='word_1_611' title='bbox 1584 1848 1707 1887; x_wconf 80' lang='grc' dir='ltr'>ἑαυτὸν</span> <span class='ocrx_word' id='word_1_612' title='bbox 1740 1842 1782 1895; x_wconf 67' lang='grc' dir='ltr'>ἦν</span> <span class='ocrx_word' id='word_1_613' title='bbox 1814 1847 1990 1891; x_wconf 82' lang='grc' dir='ltr'>ἐθίσαντος</span> <span class='ocrx_word' id='word_1_614' title='bbox 2026 1845 2219 1900; x_wconf 89' lang='grc' dir='ltr'>ἀλογίστως</span> <span class='ocrx_word' id='word_1_615' title='bbox 2245 1845 2338 1898; x_wconf 78' lang='grc' dir='ltr'>ἔχειν</span> 
     </span>
     <span class='ocr_line' id='line_1_82' title="bbox 1283 1904 2338 1960; baseline -0.003 -15"><span class='ocrx_word' id='word_1_616' title='bbox 1283 1907 1363 1960; x_wconf 87' lang='grc' dir='ltr'>περὶ</span> <span class='ocrx_word' id='word_1_617' title='bbox 1385 1906 1536 1955; x_wconf 90' lang='grc' dir='ltr'>παντός,</span> <span class='ocrx_word' id='word_1_618' title='bbox 1569 1906 1587 1946; x_wconf 83' lang='grc' dir='ltr'>ὃ</span> <span class='ocrx_word' id='word_1_619' title='bbox 1617 1911 1675 1946; x_wconf 55' lang='lat' dir='ltr'>»vv</span> <span class='ocrx_word' id='word_1_620' title='bbox 1709 1906 1949 1958; x_wconf 88' lang='grc' dir='ltr'>ἀπηγόρευσεν</span> <span class='ocrx_word' id='word_1_621' title='bbox 1978 1905 2129 1956; x_wconf 86' lang='grc' dir='ltr'>ὃλόγος.</span> <span class='ocrx_word' id='word_1_622' title='bbox 2189 1904 2338 1956; x_wconf 78' lang='grc' dir='ltr'>Ἀνάγκη</span> 
     </span>
     <span class='ocr_line' id='line_1_83' title="bbox 1283 1962 2339 2020; baseline -0.005 -15"><span class='ocrx_word' id='word_1_623' title='bbox 1283 1966 1350 2020; x_wconf 82' lang='grc' dir='ltr'>γὰρ</span> <span class='ocrx_word' id='word_1_624' title='bbox 1370 1966 1428 2004; x_wconf 85' lang='grc' dir='ltr'>τὸν</span> <span class='ocrx_word' id='word_1_625' title='bbox 1455 1965 1636 2014; x_wconf 80' lang='grc' dir='ltr'>ἀζητήτως</span> <span class='ocrx_word' id='word_1_626' title='bbox 1662 1966 1788 2019; x_wconf 85' lang='grc' dir='ltr'>ἔχοντα</span> <span class='ocrx_word' id='word_1_627' title='bbox 1818 1969 1880 2013; x_wconf 72' lang='grc' dir='ltr'>τῆς</span> <span class='ocrx_word' id='word_1_628' title='bbox 1903 1966 2051 2012; x_wconf 83' lang='grc' dir='ltr'>ἀληθοῦς</span> <span class='ocrx_word' id='word_1_629' title='bbox 2070 1963 2183 2008; x_wconf 89' lang='grc' dir='ltr'>αἷτίας</span> <span class='ocrx_word' id='word_1_630' title='bbox 2201 1964 2259 2002; x_wconf 82' lang='grc' dir='ltr'>ἐπὶ</span> <span class='ocrx_word' id='word_1_631' title='bbox 2275 1962 2339 2010; x_wconf 85' lang='grc' dir='ltr'>τὴν</span> 
     </span>
     <span class='ocr_line' id='line_1_84' title="bbox 1277 2022 2341 2079; baseline -0.002 -16"><span class='ocrx_word' id='word_1_632' title='bbox 1277 2024 1459 2078; x_wconf 89' lang='grc' dir='ltr'>κρείττονα</span> <span class='ocrx_word' id='word_1_633' title='bbox 1491 2025 1612 2065; x_wconf 86' lang='grc' dir='ltr'>οὐσίαν</span> <span class='ocrx_word' id='word_1_634' title='bbox 1643 2025 1849 2079; x_wconf 80' lang='grc' dir='ltr'>μεταφέρειν</span> <span class='ocrx_word' id='word_1_635' title='bbox 1877 2024 1919 2064; x_wconf 81' lang='grc' dir='ltr'>τὸ</span> <span class='ocrx_word' id='word_1_636' title='bbox 1942 2024 2128 2076; x_wconf 85' lang='grc' dir='ltr'>ἔγκλημα,</span> <span class='ocrx_word' id='word_1_637' title='bbox 2145 2022 2169 2070; x_wconf 84' lang='grc' dir='ltr'>ἢ</span> <span class='ocrx_word' id='word_1_638' title='bbox 2196 2022 2249 2062; x_wconf 77' lang='grc' dir='ltr'>ὅτι</span> <span class='ocrx_word' id='word_1_639' title='bbox 2278 2024 2341 2061; x_wconf 77' lang='grc' dir='ltr'>οὐκ</span> 
     </span>
    </p>
   </div>
   <div class='ocr_carea' id='block_1_10' title="bbox 1332 2125 1379 2133">
    <p class='ocr_par' dir='ltr' id='par_1_11' title="bbox 1332 2125 1379 2133">
     <span class='ocr_line' id='line_1_85' title="bbox 1332 2125 1379 2133; baseline 0 -3"><span class='ocrx_word' id='word_1_640' title='bbox 1332 2125 1379 2133; x_wconf 68' lang='grc'>,-,-</span> 
     </span>
    </p>
   </div>
   <div class='ocr_carea' id='block_1_11' title="bbox 1282 2185 2345 3541">
    <p class='ocr_par' dir='ltr' id='par_1_12' title="bbox 1282 2185 2345 3541">
     <span class='ocr_line' id='line_1_86' title="bbox 1282 2185 2340 2234; baseline -0.001 -11"><span class='ocrx_word' id='word_1_641' title='bbox 1282 2188 1333 2224; x_wconf 92' lang='lat' dir='ltr'>tia</span> <span class='ocrx_word' id='word_1_642' title='bbox 1353 2188 1638 2225; x_wconf 86' lang='lat' dir='ltr'>administretur</span> <span class='ocrx_word' id='word_1_643' title='bbox 1655 2195 1692 2224; x_wconf 91' lang='lat' dir='ltr'>et</span> <span class='ocrx_word' id='word_1_644' title='bbox 1711 2188 1858 2223; x_wconf 90' lang='lat' dir='ltr'>animus</span> <span class='ocrx_word' id='word_1_645' title='bbox 1874 2194 2003 2223; x_wconf 89' lang='lat' dir='ltr'>noster</span> <span class='ocrx_word' id='word_1_646' title='bbox 2030 2194 2167 2223; x_wconf 88' lang='lat' dir='ltr'>natura</span> <span class='ocrx_word' id='word_1_647' title='bbox 2184 2185 2340 2234; x_wconf 88' lang='lat' dir='ltr'>quidem</span> 
     </span>
     <span class='ocr_line' id='line_1_87' title="bbox 1282 2245 2338 2296; baseline 0 -15"><span class='ocrx_word' id='word_1_648' title='bbox 1282 2246 1531 2293; x_wconf 87' lang='lat' dir='ltr'>immortalis,</span> <span class='ocrx_word' id='word_1_649' title='bbox 1562 2247 1628 2283; x_wconf 89' lang='lat' dir='ltr'>sed</span> <span class='ocrx_word' id='word_1_650' title='bbox 1665 2255 1876 2296; x_wconf 81' lang='lat' dir='ltr'>spontaneo</span> <span class='ocrx_word' id='word_1_651' title='bbox 1909 2247 2114 2282; x_wconf 81' lang='lat' dir='ltr'>voluntatis</span> <span class='ocrx_word' id='word_1_652' title='bbox 2148 2252 2257 2281; x_wconf 88' lang='lat' dir='ltr'>motu</span> <span class='ocrx_word' id='word_1_653' title='bbox 2289 2245 2338 2281; x_wconf 87' lang='lat' dir='ltr'>ad</span> 
     </span>
     <span class='ocr_line' id='line_1_88' title="bbox 1283 2303 2340 2355; baseline -0.001 -15"><span class='ocrx_word' id='word_1_654' title='bbox 1283 2305 1462 2341; x_wconf 84' lang='lat' dir='ltr'>virtutem</span> <span class='ocrx_word' id='word_1_655' title='bbox 1483 2313 1549 2342; x_wconf 86' lang='lat' dir='ltr'>aut</span> <span class='ocrx_word' id='word_1_656' title='bbox 1572 2307 1704 2342; x_wconf 86' lang='lat' dir='ltr'>vitium</span> <span class='ocrx_word' id='word_1_657' title='bbox 1726 2318 1940 2355; x_wconf 89' lang='lat' dir='ltr'>propensus</span> <span class='ocrx_word' id='word_1_658' title='bbox 1961 2306 2029 2351; x_wconf 90' lang='lat' dir='ltr'>sit,</span> <span class='ocrx_word' id='word_1_659' title='bbox 2051 2306 2118 2353; x_wconf 88' lang='lat' dir='ltr'>qui</span> <span class='ocrx_word' id='word_1_660' title='bbox 2145 2303 2229 2340; x_wconf 87' lang='lat' dir='ltr'>fieri</span> <span class='ocrx_word' id='word_1_661' title='bbox 2263 2317 2340 2352; x_wconf 92' lang='lat' dir='ltr'>po-</span> 
     </span>
     <span class='ocr_line' id='line_1_89' title="bbox 1284 2364 2340 2414; baseline 0 -15"><span class='ocrx_word' id='word_1_662' title='bbox 1284 2365 1356 2399; x_wconf 89' lang='lat' dir='ltr'>tuit</span> <span class='ocrx_word' id='word_1_663' title='bbox 1371 2393 1382 2413; x_wconf 87' lang='lat'>‚</span> <span class='ocrx_word' id='word_1_664' title='bbox 1400 2372 1443 2400; x_wconf 92' lang='lat' dir='ltr'>ut</span> <span class='ocrx_word' id='word_1_665' title='bbox 1462 2365 1517 2400; x_wconf 89' lang='lat' dir='ltr'>illi</span> <span class='ocrx_word' id='word_1_666' title='bbox 1537 2366 1603 2413; x_wconf 91' lang='lat' dir='ltr'>qui</span> <span class='ocrx_word' id='word_1_667' title='bbox 1620 2366 1711 2414; x_wconf 86' lang='lat' dir='ltr'>legis</span> <span class='ocrx_word' id='word_1_668' title='bbox 1731 2366 1780 2401; x_wconf 89' lang='lat' dir='ltr'>ad</span> <span class='ocrx_word' id='word_1_669' title='bbox 1792 2366 1927 2402; x_wconf 89' lang='lat' dir='ltr'>merita</span> <span class='ocrx_word' id='word_1_670' title='bbox 1942 2364 2145 2414; x_wconf 85' lang='lat' dir='ltr'>spectantis</span> <span class='ocrx_word' id='word_1_671' title='bbox 2165 2364 2340 2400; x_wconf 89' lang='lat' dir='ltr'>custodes</span> 
     </span>
     <span class='ocr_line' id='line_1_90' title="bbox 1284 2423 2342 2472; baseline 0 -14"><span class='ocrx_word' id='word_1_672' title='bbox 1284 2430 1391 2469; x_wconf 90' lang='lat' dir='ltr'>sunt,</span> <span class='ocrx_word' id='word_1_673' title='bbox 1421 2425 1531 2472; x_wconf 88' lang='lat' dir='ltr'>paria</span> <span class='ocrx_word' id='word_1_674' title='bbox 1557 2437 1637 2460; x_wconf 87' lang='lat' dir='ltr'>non</span> <span class='ocrx_word' id='word_1_675' title='bbox 1663 2425 1822 2472; x_wconf 87' lang='lat' dir='ltr'>paribus</span> <span class='ocrx_word' id='word_1_676' title='bbox 1850 2424 2056 2460; x_wconf 85' lang='lat' dir='ltr'>redderent</span> <span class='ocrx_word' id='word_1_677' title='bbox 2083 2435 2126 2460; x_wconf 90' lang='lat' dir='ltr'>ac</span> <span class='ocrx_word' id='word_1_678' title='bbox 2156 2435 2236 2458; x_wconf 91' lang='lat' dir='ltr'>non</span> <span class='ocrx_word' id='word_1_679' title='bbox 2254 2423 2342 2458; x_wconf 81' lang='lat' dir='ltr'>uni—</span> 
     </span>
     <span class='ocr_line' id='line_1_91' title="bbox 1285 2483 2338 2530; baseline -0.001 -12"><span class='ocrx_word' id='word_1_680' title='bbox 1285 2483 1423 2530; x_wconf 88' lang='lat' dir='ltr'>cuique</span> <span class='ocrx_word' id='word_1_681' title='bbox 1443 2485 1734 2519; x_wconf 87' lang='lat' dir='ltr'>convenientem</span> <span class='ocrx_word' id='word_1_682' title='bbox 1753 2484 1946 2519; x_wconf 85' lang='lat' dir='ltr'>fortunam</span> <span class='ocrx_word' id='word_1_683' title='bbox 1966 2483 2200 2527; x_wconf 87' lang='lat' dir='ltr'>tribuerent,</span> <span class='ocrx_word' id='word_1_684' title='bbox 2223 2494 2338 2530; x_wconf 90' lang='lat' dir='ltr'>quam</span> 
     </span>
     <span class='ocr_line' id='line_1_92' title="bbox 1286 2541 2341 2591; baseline -0.002 -14"><span class='ocrx_word' id='word_1_685' title='bbox 1286 2549 1323 2577; x_wconf 88' lang='lat' dir='ltr'>et</span> <span class='ocrx_word' id='word_1_686' title='bbox 1339 2542 1419 2589; x_wconf 90' lang='lat' dir='ltr'>ipse</span> <span class='ocrx_word' id='word_1_687' title='bbox 1438 2542 1556 2578; x_wconf 92' lang='lat' dir='ltr'>homo</span> <span class='ocrx_word' id='word_1_688' title='bbox 1574 2543 1611 2577; x_wconf 92' lang='lat' dir='ltr'>in</span> <span class='ocrx_word' id='word_1_689' title='bbox 1631 2543 1733 2578; x_wconf 90' lang='lat' dir='ltr'>hunc</span> <span class='ocrx_word' id='word_1_690' title='bbox 1749 2542 1936 2578; x_wconf 91' lang='lat' dir='ltr'>mundum</span> <span class='ocrx_word' id='word_1_691' title='bbox 1949 2541 2196 2591; x_wconf 87' lang='lat' dir='ltr'>proficiscens</span> <span class='ocrx_word' id='word_1_692' title='bbox 2212 2541 2341 2576; x_wconf 87' lang='lat' dir='ltr'>sortiri</span> 
     </span>
     <span class='ocr_line' id='line_1_93' title="bbox 1287 2600 2340 2650; baseline -0.001 -14"><span class='ocrx_word' id='word_1_693' title='bbox 1287 2600 1454 2637; x_wconf 79' lang='lat' dir='ltr'>dicitur?</span> <span class='ocrx_word' id='word_1_694' title='bbox 1490 2602 1528 2638; x_wconf 92' lang='lat' dir='ltr'>Si</span> <span class='ocrx_word' id='word_1_695' title='bbox 1563 2613 1654 2650; x_wconf 86' lang='lat' dir='ltr'>ergo</span> <span class='ocrx_word' id='word_1_696' title='bbox 1683 2601 1966 2650; x_wconf 87' lang='lat' dir='ltr'>providentiam</span> <span class='ocrx_word' id='word_1_697' title='bbox 1996 2613 2092 2649; x_wconf 86' lang='lat' dir='ltr'>esse,</span> <span class='ocrx_word' id='word_1_698' title='bbox 2120 2612 2203 2648; x_wconf 87' lang='lat' dir='ltr'>quae</span> <span class='ocrx_word' id='word_1_699' title='bbox 2231 2611 2340 2636; x_wconf 88' lang='lat' dir='ltr'>suum</span> 
     </span>
     <span class='ocr_line' id='line_1_94' title="bbox 1287 2661 2341 2709; baseline 0 -13"><span class='ocrx_word' id='word_1_700' title='bbox 1287 2662 1424 2709; x_wconf 88' lang='lat' dir='ltr'>cuique</span> <span class='ocrx_word' id='word_1_701' title='bbox 1435 2661 1590 2707; x_wconf 86' lang='lat' dir='ltr'>tribuit,</span> <span class='ocrx_word' id='word_1_702' title='bbox 1607 2669 1644 2698; x_wconf 92' lang='lat' dir='ltr'>et</span> <span class='ocrx_word' id='word_1_703' title='bbox 1666 2662 1834 2697; x_wconf 89' lang='lat' dir='ltr'>animum</span> <span class='ocrx_word' id='word_1_704' title='bbox 1856 2669 2030 2698; x_wconf 89' lang='lat' dir='ltr'>nostrum</span> <span class='ocrx_word' id='word_1_705' title='bbox 2048 2673 2125 2698; x_wconf 91' lang='lat' dir='ltr'>esse</span> <span class='ocrx_word' id='word_1_706' title='bbox 2146 2662 2341 2696; x_wconf 89' lang='lat' dir='ltr'>immorta-</span> 
     </span>
     <span class='ocr_line' id='line_1_95' title="bbox 1286 2721 2341 2769; baseline 0.001 -13"><span class='ocrx_word' id='word_1_707' title='bbox 1286 2721 1360 2756; x_wconf 91' lang='lat' dir='ltr'>lem</span> <span class='ocrx_word' id='word_1_708' title='bbox 1373 2749 1382 2766; x_wconf 97' lang='lat'>‚</span> <span class='ocrx_word' id='word_1_709' title='bbox 1398 2733 1477 2757; x_wconf 92' lang='lat' dir='ltr'>non</span> <span class='ocrx_word' id='word_1_710' title='bbox 1497 2722 1543 2757; x_wconf 90' lang='lat' dir='ltr'>sit</span> <span class='ocrx_word' id='word_1_711' title='bbox 1574 2721 1723 2767; x_wconf 85' lang='lat' dir='ltr'>fabula,</span> <span class='ocrx_word' id='word_1_712' title='bbox 1741 2721 1981 2757; x_wconf 76' lang='lat' dir='ltr'>manifestum</span> <span class='ocrx_word' id='word_1_713' title='bbox 2012 2728 2064 2757; x_wconf 90' lang='lat' dir='ltr'>est</span> <span class='ocrx_word' id='word_1_714' title='bbox 2091 2733 2226 2757; x_wconf 85' lang='lat' dir='ltr'>eorum</span> <span class='ocrx_word' id='word_1_715' title='bbox 2256 2733 2341 2769; x_wconf 89' lang='lat' dir='ltr'>quae</span> 
     </span>
     <span class='ocr_line' id='line_1_96' title="bbox 1286 2779 2342 2816; baseline 0.001 -2"><span class='ocrx_word' id='word_1_716' title='bbox 1286 2779 1398 2815; x_wconf 89' lang='lat' dir='ltr'>nobis</span> <span class='ocrx_word' id='word_1_717' title='bbox 1425 2779 1583 2816; x_wconf 90' lang='lat' dir='ltr'>molesta</span> <span class='ocrx_word' id='word_1_718' title='bbox 1613 2787 1700 2816; x_wconf 90' lang='lat' dir='ltr'>sunt</span> <span class='ocrx_word' id='word_1_719' title='bbox 1729 2792 1858 2816; x_wconf 86' lang='lat' dir='ltr'>causas</span> <span class='ocrx_word' id='word_1_720' title='bbox 1885 2780 1933 2816; x_wconf 91' lang='lat' dir='ltr'>ab</span> <span class='ocrx_word' id='word_1_721' title='bbox 1965 2779 2273 2816; x_wconf 86' lang='lat' dir='ltr'>administratore</span> <span class='ocrx_word' id='word_1_722' title='bbox 2292 2779 2342 2815; x_wconf 88' lang='lat' dir='ltr'>ad</span> 
     </span>
     <span class='ocr_line' id='line_1_97' title="bbox 1286 2838 2341 2887; baseline 0.001 -14"><span class='ocrx_word' id='word_1_723' title='bbox 1286 2845 1434 2875; x_wconf 90' lang='lat' dir='ltr'>nosmet</span> <span class='ocrx_word' id='word_1_724' title='bbox 1450 2840 1552 2887; x_wconf 90' lang='lat' dir='ltr'>ipsos</span> <span class='ocrx_word' id='word_1_725' title='bbox 1570 2851 1649 2876; x_wconf 90' lang='lat' dir='ltr'>esse</span> <span class='ocrx_word' id='word_1_726' title='bbox 1670 2838 1946 2876; x_wconf 85' lang='lat' dir='ltr'>transferendas</span> <span class='ocrx_word' id='word_1_727' title='bbox 1959 2867 1970 2885; x_wconf 87' lang='lat'>‚</span> <span class='ocrx_word' id='word_1_728' title='bbox 1992 2839 2096 2876; x_wconf 86' lang='lat' dir='ltr'>unde</span> <span class='ocrx_word' id='word_1_729' title='bbox 2118 2846 2154 2875; x_wconf 92' lang='lat' dir='ltr'>et</span> <span class='ocrx_word' id='word_1_730' title='bbox 2179 2839 2341 2875; x_wconf 89' lang='lat' dir='ltr'>sanandi</span> 
     </span>
     <span class='ocr_line' id='line_1_98' title="bbox 1288 2897 2338 2947; baseline -0.001 -15"><span class='ocrx_word' id='word_1_731' title='bbox 1288 2909 1475 2934; x_wconf 77' lang='lat' dir='ltr'>aerumnas</span> <span class='ocrx_word' id='word_1_732' title='bbox 1512 2905 1659 2934; x_wconf 89' lang='lat' dir='ltr'>nostras</span> <span class='ocrx_word' id='word_1_733' title='bbox 1691 2897 1910 2934; x_wconf 77' lang='lat' dir='ltr'>facultatem</span> <span class='ocrx_word' id='word_1_734' title='bbox 1942 2897 2131 2947; x_wconf 86' lang='lat' dir='ltr'>praebebit</span> <span class='ocrx_word' id='word_1_735' title='bbox 2171 2908 2338 2933; x_wconf 90' lang='lat' dir='ltr'>carmen.</span> 
     </span>
     <span class='ocr_line' id='line_1_99' title="bbox 1287 2956 2342 3006; baseline -0.003 -13"><span class='ocrx_word' id='word_1_736' title='bbox 1287 2957 1381 2992; x_wconf 90' lang='lat' dir='ltr'>Nam</span> <span class='ocrx_word' id='word_1_737' title='bbox 1400 2969 1519 3005; x_wconf 90' lang='lat' dir='ltr'>quum</span> <span class='ocrx_word' id='word_1_738' title='bbox 1537 2957 1576 2993; x_wconf 91' lang='lat' dir='ltr'>in</span> <span class='ocrx_word' id='word_1_739' title='bbox 1593 2956 1704 2993; x_wconf 89' lang='lat' dir='ltr'>nobis</span> <span class='ocrx_word' id='word_1_740' title='bbox 1730 2957 1819 3006; x_wconf 88' lang='lat' dir='ltr'>ipsis</span> <span class='ocrx_word' id='word_1_741' title='bbox 1834 2963 1945 2993; x_wconf 84' lang='lat' dir='ltr'>tantae</span> <span class='ocrx_word' id='word_1_742' title='bbox 1965 2956 2232 3005; x_wconf 81' lang='lat' dir='ltr'>inaequalitatis</span> <span class='ocrx_word' id='word_1_743' title='bbox 2252 2967 2342 2991; x_wconf 81' lang='lat' dir='ltr'>cau·</span> 
     </span>
     <span class='ocr_line' id='line_1_100' title="bbox 1288 3014 2343 3066; baseline -0.002 -14"><span class='ocrx_word' id='word_1_744' title='bbox 1288 3028 1343 3052; x_wconf 87' lang='lat' dir='ltr'>sas</span> <span class='ocrx_word' id='word_1_745' title='bbox 1360 3016 1750 3066; x_wconf 81' lang='lat' dir='ltr'>deprehenderimuS,</span> <span class='ocrx_word' id='word_1_746' title='bbox 1772 3018 1939 3066; x_wconf 88' lang='lat' dir='ltr'>primum</span> <span class='ocrx_word' id='word_1_747' title='bbox 1958 3023 2065 3052; x_wconf 89' lang='lat' dir='ltr'>recto</span> <span class='ocrx_word' id='word_1_748' title='bbox 2080 3015 2228 3062; x_wconf 88' lang='lat' dir='ltr'>judicio</span> <span class='ocrx_word' id='word_1_749' title='bbox 2244 3014 2343 3050; x_wconf 89' lang='lat' dir='ltr'>mala</span> 
     </span>
     <span class='ocr_line' id='line_1_101' title="bbox 1290 3073 2342 3123; baseline -0.002 -12"><span class='ocrx_word' id='word_1_750' title='bbox 1290 3088 1373 3123; x_wconf 83' lang='lat' dir='ltr'>quae</span> <span class='ocrx_word' id='word_1_751' title='bbox 1407 3076 1520 3113; x_wconf 88' lang='lat' dir='ltr'>nobis</span> <span class='ocrx_word' id='word_1_752' title='bbox 1553 3077 1734 3113; x_wconf 86' lang='lat' dir='ltr'>accidunt</span> <span class='ocrx_word' id='word_1_753' title='bbox 1765 3077 1910 3113; x_wconf 87' lang='lat' dir='ltr'>leviora</span> <span class='ocrx_word' id='word_1_754' title='bbox 1941 3074 2170 3120; x_wconf 83' lang='lat' dir='ltr'>efficiemus,</span> <span class='ocrx_word' id='word_1_755' title='bbox 2203 3073 2342 3110; x_wconf 91' lang='lat' dir='ltr'>deinde</span> 
     </span>
     <span class='ocr_line' id='line_1_102' title="bbox 1290 3134 2343 3182; baseline -0.002 -12"><span class='ocrx_word' id='word_1_756' title='bbox 1290 3135 1403 3172; x_wconf 87' lang='lat' dir='ltr'>sacris</span> <span class='ocrx_word' id='word_1_757' title='bbox 1416 3136 1562 3173; x_wconf 89' lang='lat' dir='ltr'>artibus</span> <span class='ocrx_word' id='word_1_758' title='bbox 1578 3143 1616 3173; x_wconf 91' lang='lat' dir='ltr'>et</span> <span class='ocrx_word' id='word_1_759' title='bbox 1631 3137 1743 3172; x_wconf 91' lang='lat' dir='ltr'>rectis</span> <span class='ocrx_word' id='word_1_760' title='bbox 1756 3137 1911 3172; x_wconf 87' lang='lat' dir='ltr'>monitis</span> <span class='ocrx_word' id='word_1_761' title='bbox 1925 3136 2093 3172; x_wconf 88' lang='lat' dir='ltr'>animum</span> <span class='ocrx_word' id='word_1_762' title='bbox 2108 3134 2343 3182; x_wconf 85' lang='lat' dir='ltr'>corrigentes</span> 
     </span>
     <span class='ocr_line' id='line_1_103' title="bbox 1291 3191 2344 3245; baseline -0.002 -15"><span class='ocrx_word' id='word_1_763' title='bbox 1291 3196 1466 3232; x_wconf 76' lang='lat' dir='ltr'>aerumnis</span> <span class='ocrx_word' id='word_1_764' title='bbox 1484 3209 1555 3233; x_wconf 91' lang='lat' dir='ltr'>nos</span> <span class='ocrx_word' id='word_1_765' title='bbox 1571 3207 1727 3245; x_wconf 85' lang='lat' dir='ltr'>prorsus</span> <span class='ocrx_word' id='word_1_766' title='bbox 1745 3195 2007 3232; x_wconf 84' lang='lat' dir='ltr'>liberabimus.</span> <span class='ocrx_word' id='word_1_767' title='bbox 2026 3193 2100 3231; x_wconf 90' lang='lat' dir='ltr'>Sed</span> <span class='ocrx_word' id='word_1_768' title='bbox 2126 3193 2224 3229; x_wconf 89' lang='lat' dir='ltr'>male</span> <span class='ocrx_word' id='word_1_769' title='bbox 2254 3191 2344 3229; x_wconf 79' lang='lat' dir='ltr'>affe-</span> 
     </span>
     <span class='ocr_line' id='line_1_104' title="bbox 1294 3253 2343 3292; baseline -0.004 -2"><span class='ocrx_word' id='word_1_770' title='bbox 1294 3261 1398 3291; x_wconf 81' lang='lat' dir='ltr'>ctum</span> <span class='ocrx_word' id='word_1_771' title='bbox 1413 3268 1484 3292; x_wconf 86' lang='lat' dir='ltr'>nec</span> <span class='ocrx_word' id='word_1_772' title='bbox 1497 3257 1553 3292; x_wconf 87' lang='lat' dir='ltr'>rei</span> <span class='ocrx_word' id='word_1_773' title='bbox 1567 3268 1698 3292; x_wconf 84' lang='lat' dir='ltr'>causas</span> <span class='ocrx_word' id='word_1_774' title='bbox 1711 3256 1850 3292; x_wconf 89' lang='lat' dir='ltr'>sentire</span> <span class='ocrx_word' id='word_1_775' title='bbox 1868 3266 1938 3290; x_wconf 91' lang='lat' dir='ltr'>nec</span> <span class='ocrx_word' id='word_1_776' title='bbox 1960 3253 2008 3290; x_wconf 90' lang='lat' dir='ltr'>de</span> <span class='ocrx_word' id='word_1_777' title='bbox 2027 3266 2069 3290; x_wconf 91' lang='lat' dir='ltr'>re</span> <span class='ocrx_word' id='word_1_778' title='bbox 2090 3253 2227 3289; x_wconf 89' lang='lat' dir='ltr'>merito</span> <span class='ocrx_word' id='word_1_779' title='bbox 2252 3263 2343 3287; x_wconf 90' lang='lat' dir='ltr'>eve-</span> 
     </span>
     <span class='ocr_line' id='line_1_105' title="bbox 1293 3310 2341 3363; baseline -0.005 -14"><span class='ocrx_word' id='word_1_780' title='bbox 1293 3315 1421 3351; x_wconf 90' lang='lat' dir='ltr'>niente</span> <span class='ocrx_word' id='word_1_781' title='bbox 1451 3315 1641 3363; x_wconf 88' lang='lat' dir='ltr'>conjicere</span> <span class='ocrx_word' id='word_1_782' title='bbox 1661 3315 1826 3351; x_wconf 88' lang='lat' dir='ltr'>hominis</span> <span class='ocrx_word' id='word_1_783' title='bbox 1846 3322 1902 3350; x_wconf 91' lang='lat' dir='ltr'>est</span> <span class='ocrx_word' id='word_1_784' title='bbox 1924 3314 1963 3350; x_wconf 89' lang='lat' dir='ltr'>in</span> <span class='ocrx_word' id='word_1_785' title='bbox 1985 3314 2090 3351; x_wconf 86' lang='lat' dir='ltr'>omni</span> <span class='ocrx_word' id='word_1_786' title='bbox 2113 3325 2155 3348; x_wconf 91' lang='lat' dir='ltr'>re</span> <span class='ocrx_word' id='word_1_787' title='bbox 2174 3310 2341 3347; x_wconf 83' lang='lat' dir='ltr'>inconsi-</span> 
     </span>
     <span class='ocr_line' id='line_1_106' title="bbox 1295 3369 2344 3424; baseline -0.007 -13"><span class='ocrx_word' id='word_1_788' title='bbox 1295 3374 1423 3410; x_wconf 85' lang='lat' dir='ltr'>derate</span> <span class='ocrx_word' id='word_1_789' title='bbox 1467 3387 1506 3411; x_wconf 90' lang='lat' dir='ltr'>se</span> <span class='ocrx_word' id='word_1_790' title='bbox 1551 3387 1683 3424; x_wconf 84' lang='lat' dir='ltr'>gerere</span> <span class='ocrx_word' id='word_1_791' title='bbox 1711 3375 1838 3420; x_wconf 90' lang='lat' dir='ltr'>soliti,</span> <span class='ocrx_word' id='word_1_792' title='bbox 1880 3373 1987 3422; x_wconf 90' lang='lat' dir='ltr'>quod</span> <span class='ocrx_word' id='word_1_793' title='bbox 2025 3385 2127 3408; x_wconf 90' lang='lat' dir='ltr'>nunc</span> <span class='ocrx_word' id='word_1_794' title='bbox 2163 3369 2344 3419; x_wconf 89' lang='lat' dir='ltr'>prohibet</span> 
     </span>
     <span class='ocr_line' id='line_1_107' title="bbox 1296 3432 2345 3480; baseline -0.007 -11"><span class='ocrx_word' id='word_1_795' title='bbox 1296 3445 1461 3472; x_wconf 86' lang='lat' dir='ltr'>carmen.</span> <span class='ocrx_word' id='word_1_796' title='bbox 1485 3435 1548 3470; x_wconf 90' lang='lat' dir='ltr'>Est</span> <span class='ocrx_word' id='word_1_797' title='bbox 1561 3435 1659 3470; x_wconf 88' lang='lat' dir='ltr'>enim</span> <span class='ocrx_word' id='word_1_798' title='bbox 1674 3446 1822 3470; x_wconf 90' lang='lat' dir='ltr'>necesse</span> <span class='ocrx_word' id='word_1_799' title='bbox 1840 3445 1946 3477; x_wconf 88' lang='lat' dir='ltr'>eum,</span> <span class='ocrx_word' id='word_1_800' title='bbox 1967 3432 2031 3480; x_wconf 90' lang='lat' dir='ltr'>qui</span> <span class='ocrx_word' id='word_1_801' title='bbox 2045 3441 2172 3467; x_wconf 86' lang='lat' dir='ltr'>veram</span> <span class='ocrx_word' id='word_1_802' title='bbox 2193 3439 2345 3464; x_wconf 87' lang='lat' dir='ltr'>causam</span> 
     </span>
     <span class='ocr_line' id='line_1_108' title="bbox 1296 3490 2345 3541; baseline -0.006 -14"><span class='ocrx_word' id='word_1_803' title='bbox 1296 3503 1374 3527; x_wconf 88' lang='lat' dir='ltr'>non</span> <span class='ocrx_word' id='word_1_804' title='bbox 1398 3499 1603 3538; x_wconf 84' lang='lat' dir='ltr'>scrutatur,</span> <span class='ocrx_word' id='word_1_805' title='bbox 1635 3492 1786 3541; x_wconf 89' lang='lat' dir='ltr'>culpam</span> <span class='ocrx_word' id='word_1_806' title='bbox 1818 3492 1856 3526; x_wconf 91' lang='lat' dir='ltr'>in</span> <span class='ocrx_word' id='word_1_807' title='bbox 1903 3490 2139 3539; x_wconf 89' lang='lat' dir='ltr'>superiorem</span> <span class='ocrx_word' id='word_1_808' title='bbox 2170 3493 2345 3523; x_wconf 86' lang='lat' dir='ltr'>naturam</span> 
     </span>
    </p>
   </div>
  </div>
 </body>
</html>
