2612 3814
250 300 332 336 566

248 384 324 432 νόος
344 385 413 421 τῶν
432 381 658 432 τιμιωτάτων
678 380 750 420 ἐντὶ
780 380 922 435 κριτάς,
950 382 973 420 ἁ
993 380 1021 419 δ’
1049 380 1208 425 αἴσθασις
1235 382 1306 419 τῶν

247 441 549 495 χρησιμωτάτων.
609 438 646 479 ‘A
676 438 740 491 μὲν
767 439 834 493 γὰρ
869 440 1028 484 αἴσθασις
1060 442 1110 479 τῶ
1142 439 1306 490 σώματος

244 501 362 540 ἕνεκεν
395 499 587 539 συνέστακε
617 498 678 538 καὶ
705 505 765 543 τᾶς
786 501 819 543 ἐς
850 503 950 538 τοῦτο
970 498 1206 552 λειτουργίας,
1231 502 1249 537 ὁ
1268 499 1303 537 δὲ

247 560 321 604 νόος
340 561 400 598 καὶ
426 565 488 602 τᾶς
509 560 542 603 ἐς
563 561 674 598 ταῦτα
696 557 1052 611 πολυφραδμοσύνας.
1111 558 1185 598 Καὶ
1206 560 1223 595 ὁ
1242 557 1304 608 μὲν

246 619 323 663 νόος
344 618 413 657 ἐντὶ
437 619 535 672 ἀρχὰ
562 624 624 662 τᾶς
644 618 864 669 ἐπιστάμας,
886 618 907 655 ἁ
928 619 957 655 δ’
982 617 1142 662 αἴσθασις
1161 623 1222 661 τᾶς
1243 617 1304 656 δό-

245 679 307 724 ξας
325 695 333 703 ·
356 680 377 717 ἁ
398 677 460 730 μὲν
480 677 548 730 γὰρ
569 677 641 730 ἔχει
661 677 723 715 τὰν
743 679 781 716 ἐκ
806 679 876 715 τῶν
903 677 1078 716 αἷσθατῶν
1105 677 1300 729 ἐνέργειαν,

242 740 264 776 ὁ
285 737 319 776 δὲ
341 737 404 776 τὰν
422 739 461 776 ἐκ
481 740 550 775 τῶν
570 738 718 776 νοατῶν.
781 735 1006 788 Τυῃιοὶνοντι
1023 735 1059 776 δὲ
1093 735 1137 774 τὰ
1157 735 1219 787 μὲν
1247 737 1302 774 αἰ·

244 796 360 836 σθατὰ
375 798 444 835 τῶν
461 795 682 848 πραγμάτων
698 793 850 837 κινοίσιος
867 793 1187 845 μεταλαμὸάνοντα
1205 794 1302 834 κοινὰ

242 857 369 905 ἐόντα,
398 855 442 895 τὰ
464 855 499 893 δὲ
531 854 640 894 νοατὰ
663 853 805 897 στάσιος
838 853 898 892 καὶ
930 854 1112 898 ἷδιότατος.
1176 855 1301 907 Παρα·

240 915 402 958 πλασίως
419 913 453 952 δὲ
474 913 532 954 καὶ
552 914 574 952 ἁ
595 912 754 956 αἴσθασις
776 912 835 951 καὶ
857 915 873 951 ὁ
901 912 975 957 νόος
991 913 1121 965 ἔχοντι.
1180 912 1214 952 Ἄ
1240 913 1303 964 μὲν

241 974 312 1028 γὰρ
334 974 492 1016 αἴσθασις
514 974 563 1026 τῷ
585 973 765 1025 αἰσθατῷ,
783 971 822 1010 τὸ
839 973 869 1010 δ’
892 973 996 1011 αἰσθα
1005 973 1057 1011 τὸν
1076 972 1136 1011 καὶ
1156 973 1301 1011 κινεῖται

241 1032 303 1071 καὶ
328 1031 542 1083 μεταὸἄλλει
571 1030 631 1070 καὶ
655 1031 820 1070 οὐδέποτε
854 1035 888 1071 ἐν
918 1035 1037 1085 ταυτῷ
1070 1035 1232 1085 ἀτρεμεῖ·
1251 1034 1303 1073 διὸ

237 1092 302 1131 καὶ
323 1093 456 1143 μᾶλλον
478 1091 537 1129 καὶ
563 1085 668 1139 ἧττον
699 1091 758 1129 καὶ
784 1091 921 1143 βέλτιον
949 1091 1009 1130 καὶ
1030 1097 1147 1145 χεῖρον
1169 1091 1301 1143 γίνεται

241 1154 324 1202 ὁρῆν
339 1166 346 1174 ·
367 1152 385 1188 ὁ
411 1149 447 1189 δὲ
466 1150 541 1194 νόος
562 1153 612 1204 τῷ
642 1152 778 1204 νοατῷ,
805 1150 844 1189 τὸ
864 1149 899 1189 δὲ
930 1151 1052 1190 νοατὸν
1074 1151 1237 1190 ἀκίνατον
1267 1152 1302 1198 ἐξ

238 1208 378 1253 οὐσίας·
407 1208 459 1247 διὸ
487 1207 567 1248 οὔτε
591 1210 725 1258 μᾶλλον
740 1238 750 1257 ,
773 1208 852 1248 οὔτε
881 1203 1010 1257 ἧττον,
1036 1208 1115 1248 οὔτε
1138 1209 1298 1262 βέλτιον,

236 1269 319 1308 οὔτε
335 1270 452 1322 χεῖρόν
475 1271 543 1308 ἐντι
564 1274 656 1308 νοεῖν
685 1269 723 1307 τὸ
742 1269 881 1309 νοατόν.
944 1269 1017 1309 Καὶ
1041 1269 1201 1322 καθάπερ
1226 1270 1300 1314 νόος

240 1328 279 1368 τὸ
300 1335 433 1382 πρᾶτον
457 1328 578 1381 βλέπει
596 1327 656 1367 καὶ
675 1328 714 1367 τὸ
736 1329 966 1381 παράδειγμα
981 1359 991 1377 ,
1012 1327 1121 1373 οὕτως
1138 1330 1160 1368 ἁ
1177 1328 1301 1368 αἴσθοι-

237 1403 293 1432 σις
311 1391 376 1427 τὰν
397 1387 515 1426 εἰκόνα
537 1387 597 1427 καὶ
618 1388 658 1427 τὸ
680 1387 855 1441 δεύτερον.
914 1387 959 1428 Ὁ
982 1387 1045 1437 μὲν
1061 1387 1130 1441 γὰρ
1146 1388 1220 1432 νόος
1239 1391 1299 1427 οὐκ

240 1448 422 1500 ἄνθρωπον
457 1448 595 1495 ἁπλῶς,
625 1449 647 1486 ἁ
671 1447 702 1485 δ’
726 1447 886 1491 αἴσθασις
912 1448 1032 1490 ἁπλῶς
1052 1447 1115 1484 τὰν
1138 1449 1189 1486 τῶ
1211 1448 1299 1486 ἁλίω

238 1513 392 1561 σφαῖραν
411 1506 433 1554 ἢ
454 1506 515 1551 τὰς
538 1513 765 1560 χειροτεχνᾶν
799 1506 965 1559 ἐργασίας
987 1506 1109 1558 βλέπει
1128 1510 1156 1544 ⁰.
1215 1506 1299 1546 Ἔτι

238 1567 303 1618 μὲν
324 1566 398 1611 νόος
419 1566 553 1618 ἀμερὴς
581 1566 640 1604 καὶ
675 1565 891 1618 ἀδιαίρετος,
921 1564 1081 1618 καθάπερ
1105 1565 1213 1617 μονὰς
1237 1567 1297 1604 καὶ

237 1627 390 1679 στιγμοί·
411 1624 671 1678 παραπλασίως
691 1624 726 1664 δὲ
748 1625 809 1664 καὶ
832 1625 871 1663 τὸ
891 1624 1029 1664 νοατόν.
1085 1625 1139 1664 Τὸ
1157 1625 1226 1679 γὰρ
1247 1618 1296 1663 εἶ-

236 1688 293 1730 δος
314 1685 394 1724 οὔτε
414 1685 524 1738 πέρας
552 1683 718 1736 σώματός
739 1686 810 1723 ἐντι
830 1683 909 1723 οὔτε
941 1684 1041 1738 ὅρος,
1074 1684 1165 1724 ἀλλὰ
1194 1685 1298 1737 μόνον

235 1746 389 1790 τύπωσις
419 1747 469 1784 τῶ
491 1744 607 1793 ὄντος,
636 1739 659 1799 ᾇ
682 1745 718 1784 όν
740 1746 832 1795 ἐντι,
863 1745 885 1783 ἁ
908 1745 937 1783 δ’
958 1743 1117 1789 αἴσθασις
1149 1746 1297 1798 μεριστὰ

235 1806 296 1844 καὶ
319 1804 490 1858 διαιρετά.
516 1852 519 1854 η
546 1807 627 1844 Τῶν
655 1804 723 1857 γὰρ
746 1804 855 1843 ὄντων
879 1804 950 1844 ἐντὶ
967 1802 1011 1842 τὰ
1035 1804 1097 1856 μὲν
1121 1804 1294 1852 αἷσθατά,

235 1866 281 1904 τὰ
302 1864 338 1904 δὲ
360 1863 534 1912 δοξαστά,
561 1863 606 1903 τὰ
632 1863 669 1903 δὲ
698 1863 895 1911 ἐπιστατά,
916 1863 962 1902 τὰ
983 1864 1017 1902 δὲ
1038 1866 1162 1903 νοατά.
1224 1865 1295 1903 Καὶ

235 1926 282 1965 τὰ
308 1926 370 1976 μὲν
390 1924 540 1974 σώματα
554 1954 564 1974 ,
581 1917 628 1962 ὧν
650 1923 721 1962 ἐντί
737 1939 787 1968 τις
814 1922 1020 1971 ἀντιτυπία,
1043 1923 1214 1961 αἰσθατά·
1235 1925 1295 1963 δο-

237 2062 271 2091 ct
287 2069 343 2091 sua
359 2061 473 2091 natura
491 2058 722 2092 secundarum.
769 2060 918 2100 Namque
933 2061 970 2091 ut
992 2059 1044 2091 illa
1066 2059 1157 2091 nobis
1181 2059 1300 2092 animae

240 2118 433 2160 principium
451 2120 516 2160 est,
534 2119 577 2151 ita
595 2118 648 2150 hic
662 2117 818 2159 corporis.
863 2120 961 2151 Porro
986 2126 1078 2150 mens
1095 2117 1134 2150 de
1152 2120 1300 2159 praestan-

240 2177 375 2210 tissimis
417 2177 515 2210 rebus
546 2177 691 2218 judicat,
721 2185 833 2209 sensus
865 2176 906 2209 de
937 2175 1127 2209 utilissimis.
1175 2176 1300 2217 Quippe

237 2237 406 2278 quomodo
425 2245 541 2270 sensus
558 2236 702 2278 corporis
719 2245 817 2268 causa
839 2237 938 2278 atque
959 2235 999 2267 ad
1026 2235 1102 2268 illud
1119 2235 1299 2276 juvandum

238 2300 424 2336 procreatus
444 2297 492 2328 est
514 2308 522 2328 :
541 2295 589 2328 sic
601 2304 693 2328 mens
709 2294 750 2327 ad
768 2294 825 2327 lias
842 2303 891 2327 res
908 2294 1083 2336 prudenter
1097 2294 1300 2327 consideran-

244 2355 301 2388 das
321 2355 505 2387 adhibetur.
553 2357 710 2388 Praeterea
728 2363 819 2387 mens
848 2354 991 2387 scientiae
1014 2354 1208 2395 principium
1228 2355 1298 2394 est,

237 2423 353 2446 seusus
372 2414 529 2456 opinionis
557 2423 566 2446 ε
605 2414 762 2455 siquidem
791 2413 879 2446 haud
902 2413 996 2446 aliter
1019 2413 1070 2446 liic
1098 2413 1160 2445 sub
1185 2422 1298 2446 sensus

239 2475 426 2508 cadentium
449 2475 548 2508 habet
572 2474 829 2517 perfunctionem
844 2475 943 2516 atque
964 2475 1019 2507 illa
1036 2474 1297 2516 intelligibilium.

247 2536 319 2567 Jam
340 2544 416 2567 vero
434 2534 597 2567 sensibilia
614 2537 788 2567 moventur
804 2536 836 2567 et
851 2534 1040 2567 communia
1055 2536 1131 2567 sunt
1144 2558 1153 2574 ,
1183 2534 1301 2567 intelli-

236 2593 348 2633 gibilia
363 2595 545 2626 consistunt
560 2603 598 2626 ac
615 2593 785 2634 singularia
803 2594 968 2634 apparent.
1015 2594 1169 2626 Similiter
1187 2602 1301 2626 sensus

236 2660 370 2692 quoque
386 2661 423 2684 ac
443 2662 534 2684 mens
554 2661 588 2684 se
607 2652 736 2685 liabent.
782 2653 912 2685 Etenim
928 2661 1045 2685 sensus
1061 2652 1192 2693 quidem
1209 2653 1249 2685 ad
1267 2652 1300 2685 id

240 2710 329 2751 quod
354 2711 464 2743 sentiri
493 2713 599 2751 potest
628 2712 780 2753 refertum
813 2711 875 2744 lioc
896 2713 1006 2744 autem
1037 2714 1069 2744 et
1096 2715 1246 2744 movetur
1268 2713 1300 2744 et

241 2771 403 2808 mutatur,
421 2778 526 2810 neque
548 2779 690 2810 unquam
711 2770 868 2811 quiescit,
886 2770 1026 2812 ideoque
1040 2771 1122 2804 forte
1139 2774 1207 2803 tum
1233 2780 1300 2803 ma·

237 2828 289 2868 gis
309 2837 347 2860 ac
383 2828 511 2868 minus,
542 2831 610 2859 tum
637 2829 751 2861 melius
771 2838 809 2862 ac
834 2829 977 2862 deterius
1006 2830 1146 2863 sentitur
1171 2843 1180 2863 ε
1208 2839 1299 2863 mens

243 2897 320 2921 vero
339 2887 379 2919 ad
393 2887 423 2919 id
439 2887 524 2928 quod
543 2886 676 2927 intelligi
692 2890 795 2928 potest
811 2889 959 2930 refertur,
973 2889 1035 2921 hoc
1048 2891 1158 2922 autem
1174 2890 1299 2922 naturae

239 2956 309 2979 suae
332 2947 564 2979 convenienter
593 2950 682 2978 motu
716 2949 821 2988 caret,
858 2947 996 2990 ideoque
1023 2957 1083 2981 nec
1111 2949 1210 2991 magis
1241 2958 1301 2982 nec

242 3006 369 3046 minus,
388 3014 494 3047 neque
532 3005 648 3038 melius
677 3014 782 3047 neque
808 3006 950 3039 deterius
983 3007 1181 3049 intelligitur.
1226 3010 1298 3041 Jam

236 3068 515 3109 quemadmodum
533 3075 624 3099 mens
643 3066 783 3108 primum
803 3069 836 3100 et
851 3068 1035 3109 exemplum
1053 3069 1235 3111 conspicit,
1252 3070 1298 3103 sic

239 3136 356 3159 seusus
378 3127 588 3159 simulacrum
610 3127 643 3159 et
660 3125 853 3159 secundum.
898 3126 1058 3160 Nimirum
1075 3129 1109 3160 ut
1130 3137 1220 3161 mens
1233 3138 1299 3163 non

241 3185 429 3227 simpliciter
458 3186 621 3218 hominem
660 3185 841 3219 considerat
872 3198 879 3218 ε
905 3185 949 3219 ita
977 3187 1163 3228 simpliciter
1189 3196 1300 3220 sensus

238 3245 319 3277 solis
337 3244 449 3277 orbem
471 3244 522 3276 vel
540 3244 698 3276 artificum
714 3253 822 3285 opera.
867 3244 998 3277 Accedit
1014 3245 1099 3286 quod
1119 3254 1209 3278 mens
1225 3246 1299 3287 qui·

241 3304 318 3336 dem
337 3303 469 3335 unitatis
486 3304 519 3336 et
544 3303 654 3344 puncti
672 3303 772 3335 instar
794 3302 959 3336 individua
977 3305 1008 3335 et
1025 3303 1196 3336 indiscreta
1221 3305 1270 3337 est
1288 3317 1296 3337 ε

240 3362 391 3395 similiter
403 3362 508 3396 omnis
524 3371 575 3395 res
591 3362 810 3403 intelligibilis.
855 3364 972 3396 Forma
988 3362 1074 3396 enim
1099 3372 1204 3403 neque
1224 3363 1297 3396 finis

245 3431 352 3463 neque
365 3422 521 3455 terminus
533 3421 675 3464 corporis
690 3423 752 3464 est,
769 3421 825 3455 sed
842 3423 970 3455 tantum
984 3421 1131 3463 figuratio
1146 3422 1204 3463 rei,
1218 3431 1301 3464 qua-

243 3483 340 3513 tenns
360 3492 407 3512 res
425 3483 497 3514 est:
519 3483 553 3514 at
562 3490 673 3514 sensus
687 3481 786 3514 dividi
809 3490 847 3514 ac
866 3481 1006 3524 separari
1023 3482 1141 3523 potest.
1174 3483 1298 3522 Nempe

241 3549 356 3572 ‹oz-um
373 3549 446 3582 quae
459 3542 535 3574 sunt
548 3540 607 3573 alia
618 3549 727 3581 sensu,
742 3539 803 3572 alia
818 3540 980 3581 opinione,
997 3539 1058 3571 alia
1075 3539 1223 3580 scientia,
1239 3538 1301 3571 alia

1220 293 1482 332 ARCHYTAE

1372 379 1482 425 ξαστὰ
1504 379 1540 418 δὲ
1556 378 1600 419 τὰ
1618 379 1813 432 μετέχοντα
1837 384 1906 421 τῶν
1927 381 2044 422 εἰδέων
2063 385 2109 427 ὡς
2127 384 2163 421 αἱ
2190 383 2337 432 εἰκόνες,
2354 386 2425 423 οἷον

1369 442 1387 477 ὁ
1407 439 1458 484 τὶς
1476 439 1656 491 ἄνθρωπος
1676 442 1726 478 τῶ
1761 440 1954 493 ἀνθρώπω,
1972 442 2032 480 καὶ
2061 442 2100 481 τὸ
2118 443 2152 481 τὶ
2182 443 2349 495 τρίγωνον
2373 445 2425 483 τῶ

1368 497 1526 550 τριγώνω
1539 512 1548 522 ·
1565 499 1739 538 ἐπιστατὰ
1769 498 1806 538 δὲ
1826 499 1870 538 τὰ
1891 506 1964 545 τοῖς
1983 499 2093 540 εἴδεσι
2117 501 2370 551 συμὸεὸακότα
2391 501 2426 547 ἐξ

1368 557 1543 608 ἀνάγκας,
1564 559 1610 601 ὡς
1641 559 1676 597 ἐν
1696 559 1872 613 γαμετρίᾳ
1902 559 1947 598 τὰ
1967 561 2038 605 τοῖς
2057 560 2236 613 σχήμασι·
2259 559 2368 600 νοατὰ
2387 559 2425 600 δὲ

1367 616 1457 654 αὐτὰ
1477 616 1522 655 τὰ
1540 616 1656 668 εἴδεα,
1677 617 1738 655 καὶ
1754 620 1789 656 αἱ
1810 618 1919 671 ἀρχαὶ
1935 621 2005 657 τῶν
2022 621 2220 659 ἐπιστατῶν
2233 636 2241 644 ·
2263 613 2335 659 οἷον
2356 620 2424 658 αὖ·

1366 676 1452 720 τὸςὺ
1473 675 1623 727 κύκλος,
1644 675 1705 715 καὶ
1717 677 1884 731 τρίγωνον
1898 708 1908 726 ,
1921 678 1981 717 καὶ
1999 684 2146 731 σφαῖρα.
2202 681 2235 719 Τ
2237 679 2426 732 υγχοίνοντι

1366 735 1401 774 δὲ
1425 734 1486 773 καὶ
1506 736 1541 773 ἐν
1562 734 1647 786 ἁμῖν
1670 736 1790 780 αὐτοῖς
1821 736 1915 776 κατὰ
1933 738 2051 791 ψυχὰν
2072 737 2217 788 γνώσιες
2244 738 2425 792 τέτταρες,

1365 794 1439 838 νόος
1454 824 1464 842 ,
1487 794 1693 848 ἐπιστάμα,
1721 795 1826 848 δόξα,
1850 795 2028 841 αἴσθασις·
2052 791 2100 835 ὧν
2130 799 2167 836 αἱ
2197 796 2260 849 μὲν
2284 796 2344 837 δύο
2371 799 2423 837 τῶ

1366 857 1458 910 λόγω
1480 858 1592 911 ἀρχαί
1620 859 1708 907 ἐντι,
1745 853 1814 898 οἷον
1835 859 1911 904 νόος
1930 859 1991 899 καὶ
2026 859 2199 909 αἴσθασις,
2228 859 2271 898 τὰ
2302 859 2339 899 δὲ
2360 859 2419 900 δύό

1366 918 1450 964 τέλη
1467 911 1536 957 οἷον
1556 918 1735 968 ἐπιστᾶμα
1763 918 1823 957 καὶ
1845 918 1941 964 δόξα.
2016 920 2070 959 Τὸ
2090 919 2125 959 δὲ
2154 919 2272 969 ὅμοιον
2300 918 2356 958 ἀεὶ
2374 920 2425 958 τῶ

1366 977 1478 1026 ὁμοίω
1497 976 1704 1030 γνωστικόν,
1725 976 1801 1017 ὅθεν
1821 978 1969 1032 φανερὸν
1988 978 2043 1017 ὅτι
2059 981 2077 1017 ὁ
2105 977 2168 1028 μὲν
2186 978 2262 1022 νόος
2283 979 2318 1017 ἐν
2339 977 2425 1029 ἇμῖν

1365 1039 1433 1075 τῶν
1455 1039 1586 1075 νοατῶν
1604 1037 1813 1088 γνωστικός,
1831 1038 1853 1076 ἁ
1874 1038 1903 1076 δ’
1921 1036 2104 1089 ἐπισταίμα
2124 1039 2193 1075 τῶν
2209 1039 2422 1088 ἐπιστατῶν,

1365 1097 1388 1134 ἁ
1410 1096 1444 1134 δὲ
1467 1096 1547 1141 δόξα
1564 1098 1632 1134 τῶν
1654 1095 1852 1144 δοξαστῶν,
1870 1097 1892 1135 ἆ
1914 1096 1943 1135 δ’
1962 1095 2123 1141 αἴσθασις
2138 1098 2209 1135 τῶν
2230 1098 2422 1138 αἰσθατῶν.

1365 1155 1496 1207 Διόπερ
1515 1148 1563 1194 ὧν
1585 1155 1636 1193 δεῖ
1657 1155 1884 1206 μεταδαίνειν
1907 1155 1976 1194 ἀπὸ
1998 1155 2060 1207 μὲν
2081 1158 2148 1194 τῶν
2170 1158 2346 1195 αἰσθατῶν
2363 1156 2422 1197 ἐπὶ

1364 1212 1408 1251 τὰ
1427 1212 1579 1258 δοξαστὰ
1595 1213 1657 1252 τὰν
1678 1215 1855 1263 διάνοιαν,
1874 1215 1944 1253 ἀπὸ
1966 1215 2001 1253 δὲ
2022 1218 2092 1254 τῶν
2107 1215 2283 1261 δοξαστῶν
2300 1215 2359 1256 ἐπὶ
2378 1216 2425 1256 τὰ

1365 1273 1560 1322 ἐπιστατά,
1594 1273 1654 1312 καὶ
1683 1272 1753 1313 ἀπὸ
1772 1273 1903 1313 τούτων
1932 1273 1989 1313 ἐπὶ
2015 1274 2060 1313 τὰ
2089 1275 2219 1315 νοατά·
2244 1279 2356 1315 ταῦτα
2387 1275 2424 1316 δὲ

1363 1332 1535 1386 σύμφωνα
1564 1333 1711 1381 ποιητέα
1746 1337 1941 1388 θεωροῦντα
1978 1333 1994 1357 ‘²
2021 1334 2065 1373 δι’
2093 1336 2208 1374 αὐτῶν
2238 1336 2421 1377 ἀλάθειαν.

1363 1391 1612 1443 Διωρισμένως
1635 1392 1670 1430 δὲ
1692 1391 1825 1431 τούτων
1846 1392 1891 1432 τὰ
1910 1391 2020 1432 νοατὰ
2039 1397 2054 1416 ⁸
2078 1395 2132 1432 δεῖ
2152 1397 2297 1444 νοῆσαι,
2316 1394 2425 1434 καθά·

1362 1465 1428 1501 περ
1452 1449 1622 1503 γραμμὰν
1650 1449 1733 1504 δίχα
1760 1452 1983 1502 τετμαμέναν
2003 1451 2064 1490 καὶ
2091 1452 2151 1491 ἴσα
2170 1452 2278 1492 πάλιν
2299 1453 2424 1492 ἑκατέ-

1364 1525 1432 1561 ρων
1469 1510 1641 1561 τμάματα
1675 1511 1880 1562 τετμαμένα
1916 1509 2066 1563 ἔχουσαν
2097 1511 2108 1537 ¹
2129 1510 2196 1550 ἀνὰ
2227 1511 2286 1550 τὸν
2320 1511 2423 1551 αὐτὸν

1361 1569 1463 1620 λόγον
1481 1569 1542 1607 καὶ
1561 1570 1652 1608 οὕτω
1681 1570 1859 1622 διῃρήσθω
1879 1569 1972 1609 κατὰ
2001 1570 2058 1609 τὸν
2080 1571 2182 1610 αὐτὸν
2205 1571 2313 1621 ποττὸ
2337 1574 2422 1626 ὁρα-

1362 1628 1440 1674 τόν,
1459 1627 1520 1667 καὶ
1550 1628 1658 1668 πάλιν
1682 1630 1846 1682 ἑκάτερον
1867 1630 1959 1668 οὕτω
1979 1628 2170 1683 διωρίσθω,
2192 1629 2285 1670 ὥστε
2302 1635 2320 1662 ⁸
2339 1632 2422 1670 δια-

1364 1686 1471 1739 φέρεν-
1494 1688 1667 1743 σαφηνείᾳ
1695 1705 1732 1728 τε
1762 1688 1823 1728 καὶ
1854 1690 2007 1744 ἀσαφείᾳ
2039 1692 2118 1729 ποτ’
2140 1690 2294 1730 ἄλλαλα.
2318 1733 2321 1735 ,
2350 1690 2421 1732 Τὸν

1364 1747 1468 1786 αὐτὸν
1493 1746 1534 1794 δὴ
1557 1747 1683 1801 τρόπον
1715 1750 1766 1787 τῶ
1798 1748 1862 1798 μὲν
1891 1749 1933 1796 δὴ
1964 1751 2121 1788 αἰσθατῶ
2146 1751 2186 1789 τὸ
2204 1749 2269 1801 μὲν
2298 1748 2420 1804 ἅτερον

1363 1805 1492 1858 τμᾶμά
1512 1808 1582 1845 ε’ντι
1595 1837 1606 1856 ,
1629 1808 1675 1846 τά
1695 1824 1732 1846 τε
1751 1807 1879 1847 εἴδωλα
1894 1804 1990 1848 τὰὲν
2011 1814 2082 1853 τοῖς
2103 1808 2206 1848 ὕδασι
2221 1809 2284 1850 καὶ
2296 1810 2334 1850 ἐν
2349 1815 2422 1855 τοῖς

1359 1865 1587 1920 κατόπτροις,
1617 1866 1656 1906 τὸ
1684 1868 1713 1905 δ’
1740 1866 1860 1921 ἅτερον
1882 1866 1900 1890 ¹¹
1920 1867 2042 1920 μέρος,
2063 1862 2113 1908 ὧν
2145 1863 2249 1908 αὗται
2281 1870 2319 1909 αἱ
2339 1868 2349 1894 ¹
2366 1872 2422 1909 εἷ-

1361 1925 1479 1973 κόνες,
1501 1924 1593 1977 φυτᾶ
1612 1925 1672 1965 καὶ
1692 1928 1783 1980 ζῷα·
1802 1929 1851 1965 τῶ
1873 1926 1908 1966 δὲ
1937 1929 2051 1966 νοατῶ
2077 1927 2116 1966 τὸ
2149 1927 2212 1979 μὲν
2250 1928 2420 1982 ἀνάλογον

1362 2059 1502 2100 denique
1523 2059 1687 2092 intelle-tu
1707 2060 2038 2101 comprehenduntur.
2083 2062 2124 2094 Et
2141 2069 2277 2102 corpora
2289 2048 2420 2103 quidem

1363 2127 1437 2159 quoe
1464 2118 1618 2151 resistunt
1643 2128 1739 2152 sensu
1771 2119 2111 2162 comprehenduntur;
2132 2119 2284 2161 opinione
2310 2122 2420 2152 autem

1362 2187 1436 2219 quae
1470 2179 1588 2211 formas
1619 2179 1765 2220 liabent,
1793 2183 1828 2212 ut
1851 2180 2022 2221 imagines,
2049 2180 2137 2212 velut
2162 2179 2260 2212 horno
2285 2180 2419 2222 quidam

1362 2237 1520 2278 hominis,
1535 2238 1568 2270 et
1590 2238 1783 2279 triangulum
1805 2239 1970 2280 quoddam
1990 2238 2159 2280 trianguli3
2187 2239 2321 2272 scientia
2342 2247 2420 2272 vero

1363 2307 1437 2337 quae
1454 2297 1631 2330 necessario
1650 2297 1761 2335 formis
1781 2298 1954 2337 eveniunt,
1978 2299 2016 2330 ut
2035 2298 2069 2330 iu
2092 2299 2267 2339 geometria
2288 2298 2418 2340 tiguri83

1362 2357 1527 2389 intellectu
1554 2357 1692 2399 denique
1720 2365 1795 2390 cum
1826 2356 1905 2398 ipsae
1932 2357 2064 2398 formae,
2093 2358 2164 2389 tum
2196 2357 2420 2390 doctrinarum

1364 2417 1540 2459 principia,
1573 2420 1610 2449 ut
1656 2417 1725 2458 ipse
1761 2416 1922 2457 circulus,
1961 2416 2069 2457 ipsum
2103 2417 2317 2458 triangulum,
2350 2417 2419 2459 ipsa

1361 2476 1499 2517 sphaera.
1543 2477 1618 2509 Jam
1633 2475 1666 2508 iu
1683 2475 1789 2508 anima
1805 2483 1936 2516 quoque
1953 2476 2061 2508 nostra
2077 2475 2229 2517 quattuor
2243 2477 2420 2508 cernuntur

1363 2534 1576 2576 cognoscendi
1601 2534 1793 2574 racuttates,
1817 2543 1930 2575 mens,
1955 2534 2112 2575 scientia,
2138 2533 2265 2576 opinio,
2283 2543 2418 2575 seusus3

1362 2603 1379 2627 e
1395 2594 1512 2636 quibus
1530 2594 1595 2627 duo
1612 2594 1745 2627 rationis
1758 2593 1913 2635 principia
1928 2595 2021 2634 sunt,
2043 2602 2134 2626 mens
2149 2602 2186 2626 ac
2199 2602 2335 2634 sensus,
2351 2593 2419 2626 duo

1363 2655 1462 2694 lines,
1483 2653 1617 2687 scientia
1646 2655 1679 2686 et
1708 2652 1828 2695 opinio.
1875 2654 1986 2691 Quum
2006 2662 2099 2694 porro
2121 2653 2225 2685 simile
2246 2661 2374 2694 semper
2399 2661 2419 2685 a

1360 2713 1456 2745 simili
1477 2714 1699 2754 cognoscatur,
1719 2711 1858 2745 eflicitur
1883 2714 1920 2744 ut
1938 2720 2028 2744 mens
2055 2712 2162 2744 nostra
2186 2720 2260 2754 quae
2277 2711 2339 2744 sub
2366 2711 2417 2744 in-

1361 2773 1528 2812 tellectum
1540 2772 1662 2805 cadunt
1681 2773 1854 2813 cognoscat
1867 2795 1876 2812 ,
1893 2771 2027 2804 scientia
2051 2779 2126 2812 quae
2150 2771 2211 2803 sub
2229 2770 2417 2811 scientiam,

1360 2831 1469 2872 opinio
1494 2839 1569 2872 quae
1602 2830 1664 2863 sub
1695 2829 1899 2872 opinionem,
1930 2837 2044 2861 sensus
2075 2837 2149 2870 quae
2176 2827 2237 2861 sub
2272 2836 2415 2861 sensum.

1362 2891 1585 2929 Quamobrem
1603 2889 1839 2923 transeundum
1855 2890 1905 2922 est
1923 2897 1942 2920 a
1959 2888 2162 2920 sensibilibus
2175 2887 2215 2920 ad
2232 2886 2416 2929 opinabilia,

1361 2950 1401 2982 ab
1417 2949 1632 2992 opinabilibus
1649 2949 1689 2982 ad
1707 2958 1744 2982 ea
1761 2957 1834 2990 quae
1851 2948 1913 2981 sub
1931 2948 2100 2980 scientiam
2119 2946 2240 2979 cadunt
2260 2946 2359 2987 atque
2373 2945 2416 2978 ab

1362 3010 1411 3043 liis
1426 3010 1465 3042 ad
1486 3009 1696 3050 intelligibilia
1716 3018 1725 3041 ε
1744 3008 1814 3041 llaec
1830 3009 1939 3041 autem
1957 3008 2032 3048 apte
2048 3007 2130 3039 inter
2142 3014 2177 3038 se
2190 3003 2414 3046 conjungenda

1361 3072 1436 3102 sunt
1453 3077 1509 3110 per
1525 3077 1563 3101 ea
1583 3068 1753 3100 veritatem
1769 3066 1936 3109 spectanti.
1981 3067 2027 3098 Ex
2044 3065 2094 3096 his
2113 3063 2323 3105 intelligibilia
2339 3064 2416 3097 deli-

1359 3127 1426 3160 nite
1442 3126 1574 3168 cogitari
1593 3126 1740 3168 oportet,
1757 3126 1910 3166 tanquam
1925 3123 2040 3156 lineam
2059 3122 2205 3167 bifariam
2221 3122 2360 3155 divisam
2381 3124 2415 3156 et

1360 3186 1498 3228 aequalia
1512 3194 1624 3218 rursus
1642 3185 1812 3225 utriusque
1826 3183 1924 3224 partis
1937 3183 2102 3223 segmenta
2117 3190 2173 3221 pro
2187 3181 2254 3223 pari
2268 3180 2415 3223 portione

1360 3243 1533 3276 habentem
1551 3250 1560 3271 ε
1578 3243 1676 3283 alque
1692 3241 1736 3274 ita
1751 3240 1919 3282 dispertita
1938 3240 1978 3272 sit
1996 3240 2077 3271 linea
2096 3248 2153 3280 pro
2175 3238 2321 3280 portione
2335 3245 2412 3270 ocu-

1360 3302 1399 3335 lis
1415 3302 1590 3343 conspicua
1603 3325 1612 3342 ‚
1629 3308 1808 3342 rursusque
1822 3301 1960 3340 utraque
1979 3307 2052 3340 pars
2067 3298 2114 3330 sic
2132 3297 2284 3330 distincta
2298 3297 2340 3330 sit
2352 3320 2362 3336 ‚
2375 3297 2414 3329 ut

1360 3360 1591 3403 perspicuitate
1618 3362 1650 3392 et
1679 3358 1882 3391 obscuritate
1918 3357 1999 3389 inter
2021 3365 2056 3389 se
2083 3355 2247 3388 differant.
2292 3353 2413 3387 Eodem

1362 3421 1462 3466 rnodo
1477 3419 1677 3454 sensibilium
1692 3418 1831 3452 alterum
1853 3418 2055 3458 segmentum
2079 3415 2222 3449 continet
2242 3414 2413 3447 simulacra

1365 3482 1397 3513 in
1418 3481 1511 3522 aquis
1539 3480 1572 3512 et
1600 3477 1740 3521 speculis
1761 3476 1965 3518 repercussa,
1994 3474 2130 3507 alterum
2151 3473 2275 3515 plantas
2293 3474 2326 3505 et
2351 3471 2415 3504 ani·

1362 3539 1457 3571 malla
1470 3563 1479 3579 ,
1508 3546 1648 3579 quorum
1665 3537 1743 3570 sunt
1762 3535 1832 3568 istae
1858 3534 2012 3575 imagines
2032 3542 2040 3564 :
2067 3531 2316 3573 intelligibilium
2338 3538 2414 3563 vero
