2612 3814
267 217 344 250 560

1221 207 1487 247 ARCHYTAE

266 299 469 343 Ἀκόλουθος
489 297 552 350 μὲν
572 291 622 336 ὧν
644 313 689 336 κα
710 296 764 345 εἴη
787 302 831 352 τᾷ
853 296 954 351 φύσει
976 296 1189 348 μιμεόμενος
1206 296 1245 335 τὸ
1265 303 1328 341 τᾶς
1393 296 1427 341 ἐξ
1449 295 1514 335 ἴσω
1535 296 1809 350 δαμοκρατικόν,
1830 297 1869 335 τὸ
1886 296 1923 336 δὲ
1945 295 1980 342 ἐξ
2001 296 2112 336 ἀνίσω
2129 296 2453 351 ἆριστοκρατικὸνῆ

263 358 384 412 φύσιος
407 357 550 396 δίκαιον·
564 361 666 396 τοῦτο
685 356 721 396 δέ
743 358 814 396 ἐντι
830 361 845 380 ³
861 356 901 395 τὸ
923 357 1093 408 ἀνάλογον
1113 356 1174 395 καὶ
1189 356 1234 406 ,τὸ
1255 358 1328 395 ἐπι-

267 418 397 457 6άλλον
415 417 554 470 ἑκάστῳ
575 416 708 456 καττὰν
729 416 871 455 ἑκάστω
889 414 1004 460 ἀξίαν.
1036 414 1192 459 Δυνατὸς
1211 415 1249 454 δέ
1259 444 1270 462 ,
1292 417 1329 453 αἷ

266 479 346 517 ποτὶ
363 477 430 522 τὼς
448 476 753 529 νομοθετευμένως
768 475 840 529 ἔχει
855 475 919 514 τὰν
946 474 1183 529 συναρμογᾶν·
1205 475 1329 514 πολλοὶ

265 537 332 591 γὰρ
342 537 432 591 τὸτᾷ
445 536 546 590 φύσει
559 537 620 575 καὶ
634 542 766 589 πρᾶτον
783 534 913 587 ἀγαθὸν
925 533 1138 587 οὗχῧῖκανοὶ
1151 534 1327 581 δέξασθαι,

266 595 305 634 τὸ
322 595 358 634 δὲ
379 597 458 635 ποθ’
477 594 591 641 αὑτὼς
610 599 671 634 καὶ
688 595 727 634 τὸ
742 595 980 647 ἐνδεχόμενον·
997 593 1090 633 οὕτω
1109 594 1179 648 γὰρ
1196 594 1257 632 καὶ
1277 593 1327 632 τοὶ

265 654 440 698 νοσέοντες
461 654 523 693 καὶ
540 655 594 694 τοὶ
622 654 811 704 κάμνοντες
824 659 840 678 ⁰
861 653 1071 705 τυγχάνοντι
1102 652 1322 703 ἐπιμελείας.

266 714 461 767 Συμφέρων
485 713 519 752 δὲ
539 719 585 768 τᾷ
601 715 766 766 πολιτικᾷ
786 713 947 766 κοινωνίᾳ
962 743 973 764 ⁷
995 712 1080 751 αἴκα
1110 712 1160 763 μὴ
1188 712 1327 765 μόναρ-

265 789 326 827 χος
345 768 368 825 ἦ
397 775 456 812 καὶ
490 775 674 827 ἷδιωφελὴς
695 776 713 812 ὁ
733 773 859 823 νόμος,
882 772 1099 826 κοινωφελὴς
1119 772 1155 811 δὲ
1177 771 1238 811 καὶ
1268 771 1325 810 διὰ

265 833 406 872 πάντων
428 832 620 872 διατείνων.
681 835 743 871 Δεῖ
771 831 807 871 δὲ
833 832 894 871 καὶ
915 831 997 871 ποτὶ
1018 831 1082 871 τὰν
1114 831 1235 885 χώραν
1266 831 1328 870 καὶ

266 893 347 934 ποτὶ
374 893 441 937 τὼς
466 892 582 936 τόπως
611 891 813 931 ἀποὸλέπεν
832 891 891 930 τὸν
911 890 1027 943 νόμον·
1050 891 1129 932 οὔτε
1146 892 1215 945 γὰρ
1231 898 1330 931 πᾶσα

266 960 314 1003 γᾶ
345 952 412 997 τὼς
432 952 544 996 αὖτὼς
570 951 737 1004 καρπώς,
756 951 835 991 οὔτε
863 957 961 992 πᾶσα
978 951 995 976 d
1014 952 1113 1007 ψυχὰ
1135 951 1329 1005 ἀνθρώπων

266 1013 330 1051 τὰν
351 1013 460 1051 αὐτὰν
484 1010 611 1063 ἀρετὰν
632 1011 894 1065 παραδέξασθαι
913 1011 1074 1052 δύναται.
1134 1011 1198 1051 Διὸ
1213 1012 1254 1052 τὸ
1274 1011 1330 1051 δί-

267 1086 367 1110 καιον
387 1071 440 1109 τοὶ
462 1070 525 1121 μὲν
546 1069 838 1123 ἀριστοκρατικὸν
857 1069 910 1110 τοὶ
930 1069 965 1109 δὲ
987 1069 1249 1122 δαμοκρατικὸν
1277 1069 1330 1110 τοὶ

267 1130 303 1169 δὲ
324 1129 550 1182 ὀλιγαρχικὸν
565 1133 738 1169 ποιεῦντι·
752 1129 812 1168 καὶ
827 1129 868 1169 τὸ
885 1129 1177 1184 ἀριστοκρατικὸν
1193 1129 1330 1170 καττὰν

268 1189 479 1227 ὑπεναντίαν
509 1187 708 1239 μεσότατα·
735 1193 806 1233 τοῖς
835 1187 897 1240 μὲν
928 1189 998 1242 γὰρ
1030 1188 1152 1240 μέζοσι
1185 1190 1332 1239 μέζονας

268 1246 336 1291 τὼς
364 1246 476 1299 λόγως
490 1277 499 1293 ,
519 1249 589 1291 τοῖς
607 1247 643 1286 δὲ
665 1246 774 1301 μῇοσι
795 1247 928 1301 μῇονας
945 1248 1100 1299 διανέμει
1120 1248 1143 1288 ἁ
1161 1248 1332 1300 ἀναλογία

269 1308 380 1347 αὕτα·
413 1308 453 1347 τὸ
488 1306 524 1347 δὲ
554 1307 814 1360 δαμοκρατικὸν
843 1307 975 1347 καττὰν
1005 1307 1263 1361 γεωμετρικάψ
1296 1309 1331 1347 ἐν

268 1367 337 1422 γὰρ
352 1368 465 1421 ταύτᾳ
485 1367 539 1406 τοὶ
558 1367 656 1420 λόγοι
672 1367 741 1407 ἴσοι
760 1370 830 1407 τῶν
853 1369 1006 1420 μεζόνων
1026 1369 1086 1408 καὶ
1107 1369 1247 1422 μῃόνων
1266 1384 1332 1415 με-

268 1426 410 1480 γεθέων·
430 1428 471 1466 τὸ
492 1427 527 1466 δὲ
549 1427 778 1480 ὀλιγαρχικὸν
796 1428 857 1467 καὶ
873 1427 1077 1480 τυραννικὸν
1098 1426 1231 1466 καττὰν
1254 1428 1334 1479 ἀρι-

271 1487 458 1538 θμητικάν·
488 1486 641 1533 ἀντιάξει
666 1487 735 1540 γὰρ
758 1486 850 1526 αὐτὰ
870 1493 915 1540 τᾷ
935 1487 1148 1540 ὑπεναντία·
1167 1493 1239 1532 τοῖς
1264 1487 1333 1540 γὰρ

271 1546 381 1600 μῄοσι
403 1547 549 1598 μέζονας
573 1539 640 1590 τὼς
658 1547 790 1598 λόγως,
808 1549 879 1590 τοῖς
897 1545 933 1585 δὲ
954 1546 1073 1597 μέζοσι
1092 1546 1239 1600 μῇονας.
1260 1547 1333 1587 Ταὶ

272 1606 335 1657 μὲν
356 1600 405 1646 ὧν
423 1606 512 1644 ἰδέαι
531 1612 594 1650 τᾶς
611 1607 779 1657 διανομᾶς
803 1608 991 1645 τοσαῦται·
1009 1605 1068 1644 ταὶ
1091 1606 1127 1645 δὲ
1149 1606 1277 1647 εἰκόνες
1298 1609 1333 1645 ἐν

270 1668 348 1710 ταῖς
367 1665 560 1709 πολιτείαις
588 1664 650 1703 καὶ
682 1666 753 1708 τοῖς
773 1663 880 1704 οἴκοις
912 1664 1139 1717 θεωρέονται·
1167 1665 1271 1715 τιμαί
1296 1682 1334 1704 τε

270 1725 338 1777 γὰρ
357 1724 417 1764 καὶ
435 1723 597 1768 κολάσιες
621 1723 681 1763 καὶ
700 1724 809 1778 ἀρχαὶ
831 1723 853 1771 ἢ
873 1723 907 1769 ἐξ
927 1724 993 1763 ἴσω
1021 1727 1092 1768 τοῖς
1121 1723 1243 1776 μέζοσι
1273 1724 1335 1763 καὶ

272 1784 380 1838 μῄοσι
415 1783 658 1835 διανέμονται,
679 1782 702 1831 ἢ
732 1783 767 1829 ἐξ
791 1783 902 1823 ἀνίσω
921 1782 945 1832 ἢ
965 1789 1036 1829 τοῖς
1066 1786 1176 1839 ἀρετᾷ
1206 1786 1333 1837 ὑπερε-

270 1845 435 1897 χόντεσσι
452 1848 466 1866 ⁸
486 1842 509 1890 ἢ
528 1846 580 1897 τῷ
599 1842 743 1897 πλούτῳ
770 1844 793 1891 ἢ
821 1844 882 1883 καὶ
908 1844 1066 1896 δυνάμει.
1124 1844 1178 1884 Τὸ
1201 1844 1266 1897 μὲν
1285 1837 1334 1883 ὧν

274 2002 347 2026 rum
363 2002 472 2026 rerum
494 1994 562 2026 sive
579 1993 724 2035 pluribus
742 1993 811 2027 sive
833 1994 986 2026 omnibus
1011 2004 1076 2027 non
1098 1995 1258 2035 sufficiat,
1281 1996 1338 2028 aut

273 2052 405 2086 omnino
421 2062 486 2085 non
502 2053 564 2086 erit
581 2053 653 2094 lex,
673 2053 811 2086 autnon
828 2054 970 2095 perfecta
987 2054 1052 2087 lex.
1096 2056 1228 2087 Naturae
1242 2055 1339 2096 igitur

274 2116 488 2147 consentanea
514 2113 627 2153 tuerit,
647 2113 674 2146 si
702 2112 758 2154 jus
779 2115 909 2147 naturae
925 2114 1073 2147 imitetur
1090 2124 1098 2147 :
1117 2115 1178 2147 hoc
1194 2124 1271 2148 vero
1290 2118 1339 2147 est

275 2172 363 2214 quod
390 2182 450 2215 pro
469 2181 527 2205 sua
551 2173 711 2214 cuiusque
729 2173 886 2215 dignitate
903 2174 931 2207 ei
953 2174 1102 2215 congruit
1121 2183 1261 2216 eumque
1287 2177 1338 2207 at-

274 2232 378 2274 tingit.
424 2232 540 2265 valida
557 2233 637 2275 erit,
653 2233 679 2265 si
693 2242 767 2265 cum
785 2234 910 2267 caeteris
929 2234 1051 2276 legibus
1066 2234 1253 2267 constitutIs
1266 2234 1340 2276 apte

274 2292 438 2325 cohaereat
469 2306 477 2325 ι
508 2292 602 2325 multi
631 2293 718 2326 enim
747 2292 788 2325 ad
806 2294 1029 2335 accipiendum
1054 2294 1085 2326 id
1109 2294 1197 2336 quod
1226 2297 1340 2328 natura

276 2351 415 2392 primum
435 2352 484 2385 est
500 2352 623 2384 bonum
649 2353 783 2385 minime
804 2353 912 2386 idonei
928 2355 1026 2395 sunt,
1044 2353 1101 2387 sed
1127 2354 1235 2395 potius
1251 2354 1292 2386 ad
1307 2354 1339 2386 id

276 2411 363 2453 quod
385 2411 470 2453 ipsos
487 2411 615 2453 attingit
632 2421 670 2445 ac
698 2412 766 2445 fieri
788 2414 893 2455 potest
919 2422 928 2445 ε
957 2413 1001 2446 ita
1017 2413 1103 2446 enim
1122 2417 1155 2447 et
1178 2414 1291 2454 aegroti
1309 2417 1342 2447 et

278 2469 503 2502 valetudinarii
521 2472 688 2503 curantur.
712 2471 860 2504 Proderit
880 2471 965 2504 civili
984 2471 1152 2513 societati,
1165 2472 1192 2505 si
1211 2472 1261 2505 lex
1276 2481 1342 2505 non

279 2528 320 2561 ad
337 2529 434 2564 unius
453 2529 657 2564 dominatum
678 2533 883 2574 comparata,
897 2541 1004 2574 neque
1020 2532 1060 2565 ad
1084 2532 1243 2574 privatam
1263 2543 1344 2576 quo-

281 2588 438 2630 rundam,
460 2590 516 2622 sed
535 2590 576 2622 ad
596 2599 805 2624 communem
826 2592 998 2626 utilitatem
1014 2592 1145 2626 condita
1169 2593 1283 2634 tuerit,
1302 2602 1343 2626 ex

282 2656 378 2688 aequo
399 2648 438 2680 ad
462 2658 573 2683 omnes
597 2650 771 2691 pertinens.
816 2653 916 2685 Decet
932 2652 1030 2685 etiam
1048 2652 1153 2694 legem
1173 2653 1213 2685 ad
1238 2653 1344 2694 regio-

280 2714 355 2739 nem
374 2707 526 2748 locosque
547 2711 692 2750 spectare
708 2723 717 2743 ι
740 2719 846 2752 neque
863 2712 949 2744 enim
969 2721 1066 2745 omne
1085 2713 1191 2745 solum
1213 2712 1345 2745 eosdem

281 2765 343 2798 fert
361 2765 504 2807 fructus,
523 2777 628 2809 neque
644 2778 759 2803 omnes
776 2770 948 2803 hominum
965 2771 1064 2804 animi
1085 2771 1230 2812 ejusdem
1247 2772 1346 2805 virtu-

279 2827 322 2859 tis
344 2835 477 2868 capaces
499 2828 587 2860 sunt.
639 2831 841 2871 Quapropter
865 2830 918 2872 jus
937 2831 1069 2873 qnidam
1090 2831 1130 2864 ad
1149 2832 1346 2874 optimatum

281 2885 515 2927 principatum,
542 2886 594 2919 alii
615 2887 654 2920 ad
676 2889 787 2930 populi
813 2890 1005 2932 imperium,
1023 2891 1077 2924 alii
1099 2892 1140 2924 ad
1170 2900 1347 2934 paucorum

283 2945 460 2987 potentiam
477 2946 757 2980 accommodatum
774 2953 976 2991 componunt
994 2960 1002 2983 :
1023 2954 1056 2984 et
1081 2951 1122 2984 ad
1151 2952 1346 2994 optimatum

284 3004 414 3046 quidem
437 3005 651 3047 principatum
673 3007 852 3040 secundum
881 3010 1080 3043 contrarium
1107 3019 1249 3053 eumque
1277 3021 1346 3045 me-

283 3064 374 3096 dium
404 3074 600 3107 numerum3
621 3074 699 3098 nam
728 3066 890 3108 maiorum
923 3069 1015 3111 plus,
1043 3070 1208 3104 minorum
1243 3071 1350 3105 minus

284 3132 372 3157 curae
388 3125 458 3158 baec
476 3126 674 3168 comparatio
692 3127 757 3169 agit
774 3137 783 3159 ε
802 3127 842 3160 ad
865 3129 975 3170 populi
995 3139 1072 3163 vero
1094 3131 1268 3174 imperium
1291 3141 1349 3175 pro

284 3185 448 3224 portione;
466 3185 499 3217 in
517 3185 577 3218 hac
594 3186 680 3219 enim
700 3186 812 3220 eadem
835 3188 916 3221 ratio
941 3189 1072 3230 majoris
1090 3192 1122 3224 et
1142 3191 1276 3225 minoris
1298 3192 1349 3225 di-

285 3242 414 3283 gnitatis
439 3243 601 3279 habetur:
624 3245 763 3288 denique
779 3246 818 3280 ad
842 3255 1020 3289 paucorum
1042 3250 1217 3291 potentiam
1242 3253 1274 3285 et
1298 3253 1349 3293 ty·

285 3302 454 3336 rannidem
474 3305 590 3346 aequali
612 3314 748 3339 numero
770 3306 941 3341 observato
954 3332 963 3348 ,
984 3309 1040 3350 qui
1057 3311 1216 3344 contrario
1236 3321 1351 3345 occur-

286 3361 346 3402 rit,
364 3363 522 3404 siquidem
538 3365 610 3406 plus
626 3374 712 3399 curae
729 3366 908 3400 minoribus
919 3393 928 3408 ‚
943 3368 1052 3401 minus
1065 3378 1152 3402 curae
1171 3371 1349 3411 majoribus

288 3420 495 3462 impenditur.
541 3424 604 3458 Tot
615 3424 711 3466 igitur
723 3425 889 3460 divisionis
902 3427 1023 3469 species
1034 3430 1111 3462 sunt
1126 3438 1134 3461 :
1147 3432 1180 3462 at
1193 3430 1349 3472 imagines

1391 356 1635 408 ὀλιγαρχικόν.

1447 415 1581 468 (Posui
1610 418 1626 437 ¹¹
1657 416 1747 463 ἐντι;
1784 416 1901 456 codd.
1934 417 2041 456 ἐστιν.
2068 415 2085 440 ¹³
2117 416 2183 468 οὐχ
2219 417 2334 455 ἱκανοὶ
2368 431 2457 458 cum

1391 475 1628 525 Gaissord03
1649 475 1742 514 libri
1763 476 1890 516 ἱκανοὶ.
1907 481 1922 500 ⁰
1940 477 1993 515 τοὶ
2015 475 2190 520 νοσέοντες
2207 476 2268 516 καὶ
2287 478 2340 516 τοὶ
2361 477 2460 530 κοίμ-

1391 551 1507 580 νοντες
1533 548 1622 573 cum
1651 534 1869 583 Meinekio3
1893 535 2009 576 codd.
2045 534 2100 574 τοὶ
2135 535 2288 575 νοσέοντι
2313 536 2375 575 καὶ
2403 538 2459 576 τοὶ

1392 596 1578 646 κάμνοντι.
1601 592 1618 616 ‘¹
1638 593 1718 633 οὔτε
1737 593 1808 647 γὰρ
1834 600 1934 634 πᾶσα
1965 601 2013 646 γᾶ
2046 594 2115 639 τὼς
2151 594 2263 639 αὖτὼς
2293 595 2459 647 καρπώς,

1392 649 1471 688 οὔτε
1492 654 1592 688 πᾶσα
1612 648 1737 701 ψυχάς
1759 648 1875 687 codd.
1898 647 1977 688 οὔτε
1996 646 2064 701 γὰρ
2083 654 2130 701 γᾶ
2149 647 2217 694 τὼς
2237 648 2352 694 αὐτὼς
2369 665 2459 702 καρ-

1391 708 1486 756 πώς;
1512 707 1591 747 οὔτε
1619 707 1762 760 ψυχά.εξ
1780 714 1852 754 τοῖς
1883 708 1991 761 ἀρετᾷ
2021 707 2314 761 ὑπερεχόντεσσι;
2343 709 2458 749 codd.

1393 775 1437 823 τᾷ
1459 770 1570 822 ἀρετᾷ
1588 767 1792 821 ὑπερέχεν.)

1448 827 1503 874 ιζ’.
1537 828 1600 869 Δεῖ
1625 827 1667 876 δὴ
1685 829 1744 867 τὸν
1760 828 1867 879 νόμον
1883 827 1942 868 τὸν
1964 827 2119 883 κοίρῤονα
2140 828 2202 868 καὶ
2221 828 2284 868 τὰν
2304 829 2406 870 πόλιν
2421 830 2461 869 ἐκ

1392 895 1513 929 πασᾶν
1539 887 1703 928 σύνθετον
1725 882 1816 940 ἦμεν
1838 894 1902 927 τᾶν
1925 888 2038 927 ἀλλᾶν
2071 889 2268 936 πολιτειᾶν,
2289 889 2351 928 καὶ
2380 889 2460 942 ἔχεν

1359 961 1364 1008 Ι
1393 965 1426 988 τι
1448 949 1704 1002 δαμοκρατίας,
1725 948 1805 1002 ἔχεν
1822 965 1856 987 τι
1878 947 2106 1001 ὀλιγαρχίας,
2130 947 2210 1002 ἔχεν
2228 963 2263 986 τι
2285 948 2461 1003 βασιλῄας

1393 1008 1454 1048 καὶ
1480 1008 1764 1062 ἀριστοκρατίας.
1822 1007 1968 1061 υΩσπερ
1987 1007 2049 1046 καὶ
2069 1008 2104 1046 ἐν
2131 1014 2176 1061 τᾷ
2198 1007 2458 1060 Λακεδαίμονι·

1394 1069 1447 1107 τοὶ
1469 1068 1532 1120 μὲν
1553 1067 1622 1121 γὰρ
1652 1067 1814 1122 βασιλέες
1833 1075 1897 1112 τᾶς
1927 1067 2145 1120 μοναρχίας,
2169 1066 2221 1107 τοὶ
2241 1067 2278 1107 δὲ
2299 1066 2460 1121 γέροντες

1394 1135 1456 1173 τᾶς
1476 1128 1770 1182 ἀριστοκρατίας,
1787 1127 1840 1167 τοὶ
1857 1127 1892 1168 δὲ
1914 1126 2033 1181 ἔφοροι
2053 1133 2116 1171 τᾶς
2141 1126 2372 1182 ὀλιγαρχίας,
2394 1129 2460 1167 ἱπ-

1394 1188 1572 1241 παγρέται
1604 1188 1640 1227 δὲ
1670 1188 1729 1227 καὶ
1749 1188 1848 1242 κόροι
1873 1193 1935 1232 τᾶς
1955 1187 2208 1240 δαμοκρατίας.
2265 1187 2331 1227 Δεῖ
2347 1187 2462 1228 τοίνυν

1394 1249 1453 1288 τὸν
1473 1247 1580 1300 νόμον
1602 1248 1651 1300 μὴ
1671 1249 1775 1300 μόνον
1797 1247 1926 1300 ἀγαθὸν
1943 1246 2004 1286 καὶ
2023 1246 2133 1286 καλὸν
2153 1241 2258 1299 ἦμεν,
2278 1247 2371 1286 ἀλλὰ
2401 1247 2463 1287 καὶ

1396 1309 1686 1348 ἀντιπεπονθέναι
1705 1314 1778 1352 τοῖς
1795 1310 1892 1346 αὑτῶ
1910 1307 2106 1360 μερέεσσιν·
2118 1306 2227 1352 οὕτως
2237 1305 2306 1361 γὰρ
2320 1306 2464 1361 ἰσχυρὸς

1394 1368 1455 1408 καὶ
1488 1367 1642 1422 βέὸαιος.
1698 1368 1753 1407 Τὸ
1772 1367 1809 1406 δὲ
1837 1365 2129 1407 ἀντιπεπονθέναι
2155 1366 2250 1420 λέγω
2278 1368 2376 1408 αὐτῶ
2401 1368 2463 1407 καὶ

1396 1428 1504 1482 ἄρχεν
1524 1427 1584 1466 καὶ
1611 1428 1784 1480 ἄρχεσθαι
1808 1426 1872 1464 τὰν
1900 1425 2010 1465 αὐτὰν
2037 1426 2167 1479 ἀρχάν,
2188 1424 2310 1479 ὥσπερ
2337 1426 2399 1465 καὶ
2427 1428 2463 1465 ἐν

1395 1493 1439 1541 τᾷ
1457 1487 1686 1541 εὖνομωτάτα
1703 1485 1959 1537 Λακεδαίμονι.
2015 1486 2100 1530 Τοῖς
2121 1485 2185 1537 μὲν
2204 1485 2273 1539 γὰρ
2298 1486 2464 1539 βασιλεῦ-

1396 1563 1451 1585 σιν
1481 1548 1512 1585 οἳ
1546 1545 1665 1600 ἔφοροι
1697 1546 1973 1595 ἀντικάθηνται,
1995 1545 2128 1590 τούτοις
2159 1545 2188 1584 δ’
2215 1548 2247 1585 οἱ
2277 1546 2462 1600 γέροντες,

1397 1606 1498 1657 μέσοι
1520 1606 1549 1644 δ’
1570 1607 1602 1645 οἱ
1621 1605 1718 1658 κόροι
1733 1605 1794 1645 καὶ
1814 1604 2044 1658 ἳππαγρέται.
2103 1605 2182 1658 Ἐφ’
2199 1604 2218 1644 ὃ
2240 1604 2309 1658 γὰρ
2330 1604 2373 1644 ἃν
2403 1606 2461 1660 ῥέ-

1395 1668 1506 1719 ψωντι
1535 1664 1588 1704 τοὶ
1626 1664 1910 1710 πλεονεκτέοντες
1941 1667 2010 1704 τῶν
2043 1664 2241 1719 ἀρχόντων,
2268 1659 2363 1705 οὗτοι
2393 1671 2464 1711 τοῖς

1397 1726 1515 1769 ἄλλοις
1536 1724 1775 1763 ὑποτίθενται.

1453 1784 1515 1832 ιη’.
1547 1786 1610 1823 Δεῖ
1638 1783 1697 1822 τὸν
1723 1783 1830 1836 νόμον
1850 1783 1894 1822 τὰ
1922 1783 2003 1838 περὶ
2027 1782 2112 1828 θεὼς
2134 1783 2195 1823 καὶ
2215 1783 2383 1836 δαίμονας
2403 1784 2463 1824 καὶ

1396 1843 1517 1896 γονέας
1537 1844 1598 1882 καὶ
1621 1842 1710 1888 ὅλως
1730 1843 1774 1882 τὰ
1802 1843 1896 1882 καλὰ
1915 1843 1977 1882 καὶ
1998 1843 2099 1894 τίμια
2128 1848 2250 1897 πρᾶτα
2279 1842 2462 1891 τίθεσθαι,

1399 1994 1433 2027 in
1455 1994 1644 2027 civitatibus
1662 1995 1694 2027 et
1710 1993 1861 2027 domibus
1885 1995 2074 2035 spectantur
2093 2006 2100 2027 :
2119 2003 2260 2036 namque
2279 1994 2418 2027 honores
2433 1998 2466 2028 et

1400 2063 1506 2095 poenoe
1522 2056 1554 2087 et
1571 2054 1779 2096 magistratus
1791 2057 1849 2086 aut
1869 2054 2039 2095 aequaliter
2051 2054 2227 2095 maioribus
2240 2055 2273 2087 et
2285 2053 2467 2087 minoribus

1400 2117 1652 2157 distribuuntur,
1671 2117 1729 2149 aut
1750 2115 1954 2158 inaequaliter
1977 2116 2030 2149 vel
2055 2116 2178 2150 virtute
2198 2117 2250 2149 vel
2276 2115 2464 2149 divitiarum

1400 2177 1598 2219 potentiaeve
1633 2176 1847 2219 amplitudine
1877 2177 2120 2218 praestantibus.
2179 2177 2343 2211 Convenit
2367 2176 2467 2219 igitur

1400 2236 1537 2278 aequalis
1556 2236 1741 2269 distributio
1758 2236 1905 2276 populari
1923 2236 2128 2278 reipublicae,
2143 2236 2313 2279 inaequalis
2328 2237 2465 2279 optima·

1400 2297 1472 2329 tum
1492 2294 1684 2337 principatui
1701 2296 1757 2328 aut
1773 2303 1951 2336 paucorum
1965 2295 2132 2336 potentiae.

1443 2355 1549 2387 xvn.
1575 2353 1711 2395 Oportet
1724 2362 1801 2386 sane
1814 2353 2023 2386 excellentem
2036 2354 2068 2386 et
2082 2353 2184 2394 legem
2198 2353 2231 2387 et
2245 2353 2410 2387 civitatem
2425 2363 2469 2388 ex

1403 2413 1528 2446 caeteris
1544 2413 1696 2445 omnibus
1713 2422 1820 2446 rerum
1837 2412 2041 2454 publicarum
2056 2412 2169 2446 formis
2182 2399 2352 2455 constare,
2369 2414 2416 2447 ita
2432 2417 2470 2448 ut

1405 2475 1434 2508 ei
1451 2474 1570 2517 aliquid
1589 2474 1667 2508 insit
1682 2474 1815 2508 rationis
1834 2474 1998 2516 popularis
2013 2476 2047 2508 et
2072 2483 2250 2516 paucorum
2267 2476 2470 2518 potentiaret

1405 2534 1503 2576 regiae
1529 2534 1696 2576 potestatis
1716 2535 1749 2567 et
1767 2534 1962 2576 optimatum
1986 2534 2198 2576 principatus.
2243 2535 2296 2569 Sic
2318 2535 2471 2570 Lacedae-

1406 2594 1589 2627 moniorum
1620 2594 1800 2636 respublica
1819 2594 1998 2635 composita
2026 2596 2092 2635 est,
2114 2595 2147 2627 in
2172 2603 2237 2637 qua
2258 2604 2348 2637 reges
2373 2596 2471 2630 unius

1406 2654 1608 2687 dominatum
1639 2654 1778 2695 habent,
1812 2658 1976 2688 senatores
2004 2655 2202 2696 optimatum
2232 2655 2447 2698 principatum
2459 2681 2471 2696 ,

1405 2715 1518 2757 ephori
1538 2724 1715 2757 paucorum
1733 2715 1930 2756 potentiam,
1949 2714 2092 2757 praefecti
2109 2714 2258 2757 equitum
2276 2719 2310 2748 et
2333 2715 2472 2758 iuvenes

1408 2773 1562 2817 (equites)
1583 2775 1695 2817 populi
1711 2774 1896 2816 imperium.
1943 2776 2058 2816 Legem
2080 2773 2178 2816 igitur
2194 2783 2259 2808 non
2279 2775 2387 2809 solum
2411 2775 2471 2809 bo-

1406 2844 1482 2868 nam
1498 2835 1532 2868 et
1554 2835 1725 2881 honestam
1742 2843 1812 2869 esse
1825 2835 1974 2877 oportet,
1989 2835 2044 2869 sed
2062 2825 2160 2868 etiam
2179 2835 2314 2877 singulis
2325 2836 2393 2868 suis
2403 2835 2474 2869 sive

1407 2895 1595 2938 reipublicae
1616 2895 1760 2938 partibus
1776 2895 1956 2938 oppositam
1977 2907 1986 2928 ε
2006 2894 2054 2928 sic
2066 2895 2152 2928 enim
2166 2895 2260 2928 firma
2275 2894 2308 2928 et
2323 2895 2474 2928 constans

1409 2955 1516 2988 futura
1546 2958 1606 2989 oet.
1652 2955 1804 2989 Partibus
1824 2955 1959 2997 singulis
1982 2963 2053 2988 eam
2074 2955 2255 2997 oppositam
2284 2963 2354 2987 oese
2376 2954 2472 2996 dico,

1409 3014 1453 3047 ita
1473 3017 1508 3047 ut
1525 3014 1610 3048 idem
1626 3015 1835 3057 magistratus
1855 3015 1924 3047 aliis
1941 3014 2077 3056 imperet
2096 3013 2165 3046 aliis
2183 3013 2330 3053 obediat,
2354 3021 2470 3055 quem-

1408 3074 1588 3108 admodum
1614 3075 1648 3108 in
1678 3074 2000 3108 Lacedaemoniorum
2032 3073 2163 3106 civitate
2188 3072 2320 3115 optimis
2347 3072 2474 3115 legibus

1408 3134 1588 3177 temperata
1605 3134 1652 3168 fit.
1699 3134 1840 3175 Regibus
1860 3133 1946 3167 enim
1966 3135 2175 3175 opponuntur
2194 3133 2326 3174 ephori,
2347 3133 2396 3166 his
2419 3143 2471 3167 se·

1412 3197 1541 3229 natores
1550 3220 1562 3237 ,
1579 3195 1678 3229 medii
1698 3204 1775 3229 vero
1791 3199 1868 3229 sunt
1881 3196 2016 3237 Juvenes
2034 3199 2066 3228 et
2085 3195 2228 3236 praet'ecti
2247 3195 2408 3238 equitum.
2432 3198 2471 3229 In

1410 3263 1639 3297 quamcunque
1649 3255 1734 3288 enim
1758 3256 1882 3296 partem
1899 3253 2024 3296 imperii
2041 3258 2244 3287 momentum
2261 3254 2358 3287 nimis
2377 3254 2471 3287 incli-

1411 3315 1488 3356 nat,
1505 3314 1539 3347 hi
1554 3323 1588 3347 se
1603 3314 1643 3346 ad
1659 3314 1739 3347 alias
1755 3313 1934 3355 adjungunt
1951 3315 2070 3355 partes.

1451 3375 1576 3407 XVHl.
1601 3374 1741 3415 Oportet
1761 3382 1798 3406 ea
1819 3373 1959 3414 primum
1980 3374 2047 3414 lege
2072 3373 2187 3406 sanciri
2212 3382 2286 3415 quae
2313 3373 2352 3405 ad
2372 3372 2469 3414 deos,

1411 3431 1522 3473 genios
1541 3433 1573 3464 et
1596 3433 1745 3474 parentes
1763 3433 1910 3473 spectant
1930 3432 2126 3473 omninoque
2145 3441 2218 3474 quae
2235 3432 2370 3466 honesta
2393 3433 2471 3465 sunt
