2612 3814
0 3580 13 3604 -.·“
0 3416 16 3573 ,ΧΞΡἿΕΑᾞΓΡΤὟῘ
1 3405 2 3408 ⁴
0 3374 2 3394 “⁴
0 3356 5 3365 Υ
0 3330 2 3333 ”
0 3311 2 3314 ’
0 3290 1 3294 ⁴
0 3264 2 3279 ⁷⁴

957 205 1373 246 DlSPUTATIONES
1405 208 1667 249 MORALES.
2320 225 2396 260 545

223 292 349 339 Ἄλλος
370 292 406 332 δὲ
436 293 477 333 λό
501 309 536 338 ος
559 292 722 346 λέγεται,
750 294 796 338 ὥς
827 294 913 333 ἄλλο
933 294 997 344 μὲν
1027 295 1179 347 τάγαθὸν
1200 294 1253 343 εἴη
1271 327 1282 346 ,

225 348 313 387 ἄλλο
332 347 370 387 δὲ
402 362 530 395 κακον,
557 346 740 400 διαφέρον,
768 346 888 400 ὥσπερ
909 347 970 386 καὶ
992 346 1162 399 τῶνυμα,
1192 349 1284 388 οὕτω

227 408 289 447 καὶ
309 407 349 446 τὸ
365 412 531 459 πρᾶγμα.
592 405 690 458 Ἐγὼ
705 406 741 445 δὲ
758 406 819 445 καὶ
838 406 921 446 αὐτὸ
940 411 1061 447 τοῦτον
1083 409 1284 461 διαιρεῦμαι

225 468 283 506 τὸν
309 466 457 519 τρόπον·
475 467 566 505 δοκῶ
583 465 650 518 γὰρ
665 467 703 505 οὖ
724 466 887 505 διάδαλον
906 461 1016 517 ἦμεν,
1031 473 1131 506 ποῖον
1155 468 1284 519 ἀγαθὸν

227 526 287 566 καὶ
304 531 403 564 ποῖον
419 525 527 563 κακόν
541 554 550 571 ,
569 527 605 564 αἰ
625 524 665 564 τὸ
683 525 768 564 αὐτὸ
783 525 843 564 καὶ
858 527 907 576 μὴ
930 526 1016 565 ἄλλο
1037 527 1199 578 ἑκάτερον
1217 526 1284 574 εἴη·

227 586 287 624 καὶ
306 584 375 637 γὰρ
394 584 596 635 Θαυμαστόν
611 585 643 622 κ’
666 584 734 631 εἴη.
789 578 904 635 Οἶμαι
935 585 971 623 δὲ
998 585 1094 624 οὐδέν
1121 587 1154 623 κ’
1181 586 1285 624 αὐτὸν

227 645 307 698 ἔχεν
330 643 607 698 ἀποκρίνασθαι,
628 643 666 682 αἴ
678 659 730 688 τις
749 644 851 683 αὐτὸν
880 643 992 697 ἔροιτο
1015 644 1073 683 τὸν
1097 649 1207 684 ταῦτα
1226 644 1286 682 λέ-

225 719 351 758 γοντα·
383 702 530 743 Εἰπὸν
570 703 621 750 δή
661 720 753 755 μοι,
797 703 884 751 ἤδη
929 719 973 742 τι
1011 701 1096 748 τὼς
1128 703 1286 755 γονέας

226 762 394 816 ἀγαθὸν
426 762 672 811 ἐποίησας;
706 761 793 815 φαίη
822 762 987 810 κα,καὶ
1030 761 1178 801 πολλὰ
1210 765 1285 801 καὶ

227 822 416 874 μεγάλα.
476 820 540 861 Tb
582 821 664 875 ἄρα
706 821 818 860 κακὰ
863 823 934 860 καὶ
987 823 1167 874 μεγάλα
1210 822 1287 860 καὶ

226 881 376 921 πολλὰ
425 880 608 924 τούτοις
659 880 886 932 ὀφείλεις,
930 880 1064 934 αἴπερ
1119 880 1284 920 τωυτόν

227 943 323 980 ἐστι
358 940 403 980 τὸ
426 940 596 992 ἀγαθὸν
629 942 688 992 τῷ
715 942 851 993 κακῷ.
910 939 1046 989 Τίδέ,
1082 940 1168 985 τὼς
1194 957 1287 992 συγ-

225 1000 386 1052 γενέας
424 1000 504 1048 ἤδη
537 1015 580 1038 τι
618 999 789 1052 ἀγαθὸν
821 1000 1058 1049 ἐποίησας;
1088 1001 1170 1045 τὼς
1201 1001 1286 1051 ἄρα

227 1059 479 1111 συγγενέας
514 1058 651 1099 κακὸν
695 1058 879 1102 ἐποίεις.
936 1058 991 1099 Τί
1017 1060 1081 1109 δέ,
1113 1059 1196 1104 τὼς
1223 1062 1286 1112 ἐχ-

226 1118 336 1173 θρὼς
382 1118 468 1166 ἤδη
524 1120 670 1162 κακῶς
718 1117 961 1166 ἐποίησας;
1012 1118 1087 1165 καὶ
1136 1118 1285 1158 πολλὰ

226 1179 303 1217 καὶ
335 1177 533 1230 μεγάλα.
595 1174 700 1231 Ἄρα
736 1178 883 1229 ἀγαθὰ
912 1177 1146 1225 ἐποίησας.
1203 1180 1286 1228 Ἄγε

227 1237 287 1276 καὶ
320 1237 364 1285 δή
407 1253 465 1288 μοι
499 1236 561 1276 καὶ
600 1237 679 1276 τόδε
717 1237 923 1290 ἀπόκριναι·
964 1237 1077 1276 ἄλλο
1124 1254 1167 1276 τι
1198 1237 1222 1284 ἢ
1263 1244 1277 1262 ‘²

227 1295 307 1341 τὼς
328 1298 406 1345 μὲν
436 1295 625 1350 πτωχὼς
658 1296 926 1350 οἰκτείρεις,
956 1297 1185 1338 ὅτιπολλὰ
1210 1299 1286 1338 καὶ

227 1356 409 1408 μεγάλά
457 1356 611 1409 ἔχοντι
658 1355 798 1403 κακοί,
844 1355 924 1400 τὼς
968 1356 1013 1395 δὲ
1059 1358 1286 1403 πλουσίως

226 1416 365 1455 πάλιν
387 1414 754 1466 εὐδαιμονίζεις,
778 1414 846 1454 ὅτι
869 1415 1017 1454 πολλὰ
1043 1415 1118 1455 καὶ
1137 1417 1286 1469 ἀγαθὰ

226 1476 509 1529 πράσσοντι,
533 1474 639 1529 αἴπερ
659 1473 792 1513 τωυτὸν
813 1476 874 1513 καὶ
907 1474 1015 1514 κακὸν
1047 1475 1108 1514 καὶ
1132 1475 1284 1529 ἀγαθόν;

225 1536 299 1576 Τὸν
330 1535 368 1576 δὲ
399 1535 551 1589 βασιλέα
570 1534 630 1574 τὸν
651 1534 762 1586 μέγαν
783 1535 880 1574 οὐδὲν
899 1535 1029 1574 κωλύει
1051 1535 1180 1587 ὁμοίως
1211 1538 1287 1575 δια-

225 1600 364 1636 κεῖσθαι
396 1598 468 1640 τοῖς
491 1595 664 1648 πτωχοῖς.
722 1594 781 1634 Τὰ
811 1594 881 1648 γὰρ
916 1595 1031 1634 πολλὰ
1063 1595 1123 1634 καὶ
1150 1596 1287 1647 μεγάλα

228 1654 344 1707 ἀγαθὰ
365 1656 460 1708 αὐτῷ
480 1654 597 1694 πολλὰ
618 1653 712 1694 κακὰ
731 1654 792 1693 καὶ
811 1654 949 1706 μεγάλα
963 1654 1077 1703 ἐστίν,
1093 1654 1177 1694 αἴκα
1194 1672 1288 1694 τωυ-

226 1719 285 1755 τόν
306 1718 381 1755 ἔστι
401 1714 553 1767 τάγαθὸν
574 1713 636 1754 καὶ
665 1714 788 1755 κακόν.
848 1715 922 1755 Καὶ
940 1714 1026 1755 τάδε
1048 1713 1110 1766 μὲν
1130 1714 1211 1767 περὶ
1238 1717 1288 1752 τῶ

227 1775 357 1820 παντὸς
375 1774 539 1828 εἰρήσθω.
601 1767 689 1824 Εῗμι
707 1773 744 1812 δὲ
769 1772 828 1812 καὶ
849 1773 928 1812 καθ’
945 1774 1113 1821 ἕκαστον,
1136 1773 1287 1826 ἀρξάμε-

225 1851 281 1880 νος
301 1836 371 1878 ἀπὸ
391 1837 440 1873 τῶ
470 1835 581 1874 ἐσθίεν
603 1833 664 1872 καὶ
682 1833 778 1872 πίνεν
802 1834 862 1872 καὶ
883 1833 1138 1887 ἀφροδισιάζεν.
1161 1835 1285 1872 Ταῦτα

225 1894 293 1948 γὰρ
312 1892 330 1918 ‘¹
353 1899 422 1938 τοῖς
450 1894 650 1932 ἀσθενέουσι
669 1892 786 1932 πάντα
807 1897 823 1916 e
844 1893 940 1934 ποιὲν
957 1892 1086 1944 ἀγαθόν
1108 1894 1200 1932 ἐστιν
1224 1894 1286 1930 αὐ-

225 1954 297 1998 τοῖς
331 1953 392 1991 καὶ
426 1952 536 1992 κακόν
563 1951 597 2000 ¹,
632 1951 738 2005 αἴπερ
774 1952 903 1992 τωυτόν
936 1954 1029 1992 ἐστιν
1064 1953 1192 2004 ἀγαθὸν
1225 1951 1286 1989 καὶ

226 2013 334 2053 κακόν
347 2029 354 2037 ·
374 2013 435 2051 καὶ
454 2018 526 2058 τοῖς
545 2011 703 2054 νοσέουσι
724 2013 832 2052 κακόν
851 2015 926 2053 ἔστι
944 2012 983 2051 τὸ
1002 2012 1100 2051 νοσὲν
1123 2013 1185 2051 καὶ
1202 2014 1286 2063 ἀγα-

1348 297 1424 344 θόν,
1446 297 1550 350 αἴπερ
1574 297 1706 337 τωυτόν
1725 299 1797 336 ἐστι
1819 298 1857 337 τὸ
1890 301 2019 351 ἀγαθὸν
2037 304 2086 354 τῷ
2108 305 2222 356 κακῷ.
2283 307 2401 346 Καδδὲ

1345 357 1424 395 τόδε
1445 357 1505 396 καὶ
1533 357 1625 396 ἄλλα
1653 358 1771 396 πάντα
1790 359 1835 397 τὰ
1860 361 1894 398 ἐν
1914 362 1962 413 τῷ
1983 360 2176 412 ἔμπροσθεν
2194 363 2288 418 λόγῳ
2307 366 2403 419 εἴρῃ-

1347 431 1421 454 ται.
1480 415 1554 455 Καὶ
1576 418 1614 455 οὐ
1635 418 1750 469 λέγω,
1778 418 1811 456 τί
1842 420 1915 458 ἐστι
1942 421 1981 459 τὸ
2010 421 2159 472 ἀγαθόν,
2181 425 2272 463 ἀλλὰ
2300 430 2403 466 τοῦτο

1346 478 1524 529 πειρῶμαι
1545 477 1742 526 διδάσκειν,
1762 479 1809 522 ὡς
1829 480 1866 517 οὐ
1888 479 2021 519 τωυτὸν
2039 481 2091 530 εἴη
2108 483 2215 522 κακὸν
2235 483 2295 522 καὶ
2313 487 2404 538 ἀγα-

1348 536 1404 575 θόν
1418 568 1429 588 ,
1447 538 1526 576 ἀλλ’
1547 536 1729 590 ἑκάτερον.
1788 536 1792 541 ’

1403 597 1575 648 (Scripsi
1603 611 1612 636 ε
1649 601 1663 619 ⁸
1686 597 1747 635 καὶ
1776 596 1820 636 τὰ
1854 597 2013 636 νεώτατα
2042 602 2180 650 πρῶτον
2214 603 2281 655 ἐρῶ
2316 618 2402 642 curn

1348 656 1491 694 Koenio
1509 656 1556 694 ad
1576 656 1696 706 Greg.
1718 656 1810 696 Cor.
1825 671 1863 708 p.
1880 659 1957 706 239
1978 657 2039 695 ed.
2061 658 2263 709 Schaeser.;
2288 664 2401 701 codd.

1346 715 1406 752 καὶ
1440 721 1486 768 τᾷ
1517 715 1656 754 νεότατι
1699 719 1838 768 πρῶτον
1873 717 1954 768 ἐρῶ.
1989 715 2006 740 ¹'
2049 715 2091 754 ἃν
2124 718 2177 757 τοὶ
2209 718 2404 769 “Έλλανες;

1347 774 1462 814 codd.
1490 773 1532 813 ἅν
1553 791 1589 814 τε
1609 774 1794 819 ἽΞλλανες.
1827 780 1842 799 ⁰
1871 775 1958 814 ἄλλο
1982 792 2015 814 τι
2034 775 2056 823 ἢ
2078 776 2145 822 τὼς
2165 778 2228 828 μὲν
2255 780 2406 832 πτωχὼς

1348 833 1548 885 οἰκτείρεις,
1569 833 1621 872 ὅτι
1637 834 1752 873 πολλὰ
1773 833 1834 873 καὶ
1860 834 1998 885 μεγάλα
2018 834 2134 888 ἔχοντι
2156 838 2250 882 κακοί
2263 837 2350 886 ,τὼς
2368 840 2404 877 δὲ

1350 893 1526 936 πλουσίως
1555 894 1662 931 πάλιν
1690 894 1960 945 εὐδαιμονίζεις
1983 895 2079 933 libri
2107 896 2195 935 ἄλλο
2224 914 2258 936 τι
2283 897 2305 946 ἢ
2337 898 2406 943 τὼς

1349 951 1501 1004 πτωχὼς
1519 951 1717 1005 οἰκτείρεις,
1739 952 1790 991 ὅτι
1808 952 1923 991 πολλὰ
1943 952 2002 991 καὶ
2025 955 2163 1006 μεγάλα
2180 956 2314 1008 ἔχοντι·
2334 958 2407 997 ποί-

1346 1011 1399 1049 λιν
1435 1011 1694 1062 εὗδαιμονίζεις.
1727 1009 1745 1035 d
1774 1015 1887 1050 ταῦτα
1924 1011 2017 1064 γὰρ;
2069 1014 2156 1054 cod.
2188 1019 2292 1055 τοῦτο
2318 1016 2401 1070 γὰρ.

1347 1071 1362 1089 ‘³
1377 1070 1493 1109 πάντα
1514 1071 1635 1118 ποιὲν;
1657 1070 1772 1111 codd.
1795 1075 1908 1109 ταῦτα
1929 1071 2042 1113 ποιὲν.
2069 1071 2080 1096 ¹
2099 1074 2215 1119 αὐτοῖς
2244 1076 2305 1114 καὶ
2335 1091 2404 1114 κα-

1346 1129 1408 1168 κόν
1423 1159 1433 1176 ,
1453 1128 1579 1183 αἴπερ;
1599 1130 1710 1168 codd.
1731 1131 1846 1174 αὐτοῖς
1859 1160 1868 1178 ,
1887 1129 2026 1183 αἴπερ.)

1717 1233 1958 1272 ΔΙΑΛΕΞΙΣ
1989 1234 2032 1272 Β.

1685 1325 1775 1379 Περὶ
1795 1328 1894 1365 καλῶ
1914 1325 1974 1365 καὶ
1995 1328 2148 1380 αἰσχρῶ.

1402 1413 1575 1467 Λέγονται
1598 1413 1634 1452 δὲ
1660 1414 1721 1452 καὶ
1746 1413 1826 1466 περὶ
1846 1416 1898 1452 τῶ
1923 1415 2023 1468 καλῶ
2046 1415 2106 1454 καὶ
2135 1416 2271 1469 αἷσχρῶ
2294 1418 2405 1457 δισσοὶ

1346 1473 1458 1524 λόγοι.
1516 1472 1583 1513 Tot
1605 1472 1669 1522 μὲν
1693 1473 1760 1526 γὰρ
1778 1474 1903 1526 φαντί,
1926 1473 2013 1512 ἄλλο
2033 1473 2095 1523 μὲν
2113 1468 2203 1526 ἦμεν
2220 1475 2260 1514 τὸ
2279 1471 2402 1525 καλόν,

1349 1534 1435 1573 ἄλλο
1456 1532 1551 1572 δὲτὸ
1582 1532 1727 1586 αἰσχρόν
1737 1563 1748 1579 ,
1777 1530 1963 1586 διαφέρον,
1989 1531 2110 1587 ὥσπερ
2139 1533 2200 1572 καὶ
2233 1533 2376 1586 τῶνυμα
2392 1567 2402 1583 ,

1348 1593 1440 1632 οὕτω
1466 1591 1528 1631 καὶ
1562 1591 1603 1630 τὸ
1630 1597 1801 1645 πρᾶγμα·
1821 1592 1875 1630 τοὶ
1909 1591 1945 1630 δὲ
1976 1591 2091 1630 τωυτὸ
2119 1592 2225 1631 καλὸν
2255 1594 2315 1632 καὶ
2346 1596 2405 1631 αἷ-

1349 1652 1472 1706 σχρόν.
1532 1651 1644 1703 Κάγὼ
1663 1654 1901 1703 πειρασοῧμαι
1919 1649 2017 1689 τόνδε
2037 1651 2095 1689 τὸν
2114 1651 2242 1703 τρόπον
2264 1652 2404 1703 ἐξαγεύ-

1349 1727 1464 1763 μενος.
1520 1710 1659 1752 Αὐτίκα
1683 1710 1750 1763 γὰρ
1772 1710 1905 1763 παιδίῳ
1925 1709 2044 1763 ὡραίῳ
2064 1711 2196 1764 ἐραστᾷ
2227 1710 2290 1762 μὲν
2309 1728 2403 1766 χρη-

1350 1775 1422 1824 στῷ
1443 1770 1650 1825 χαρίζεσθαι
1671 1770 1802 1821 καλόν,
1823 1770 1872 1821 μὴ
1896 1772 2030 1824 ἐραστᾷ
2056 1770 2091 1809 δὲ
2115 1772 2214 1824 καλῷ
2243 1772 2402 1826 αἰσχρόν.

1351 1831 1422 1871 Καὶ
1445 1830 1507 1875 τὰς
1532 1833 1699 1881 γυναῖκας
1718 1830 1863 1867 λοῦσθαι
1883 1827 1978 1867 ἔνδον
1993 1829 2101 1868 καλόν
2115 1861 2125 1878 ,
2145 1831 2178 1868 ἔν
2200 1830 2403 1884 παλαίστρᾳ

1348 1891 1384 1929 δὲ
1414 1889 1580 1943 αἰσχρόν·
1603 1888 1694 1928 ἀλλὰ
1712 1893 1782 1933 τοῖς
1810 1887 1975 1940 ἀνδράσιν
1995 1889 2029 1927 ἐν
2055 1888 2259 1943 παλαίστρᾳ
2278 1890 2338 1928 καὶ
2367 1893 2401 1929 ἐν

1347 1948 1534 2003 γυμνασίῳ
1559 1947 1681 1987 καλόν.
1745 1947 1816 1986 Καὶ
1836 1947 1977 1998 συνίμεν
1998 1949 2048 2000 τῷ
2076 1947 2198 2000 ἀνδρί,
2220 1951 2252 1987 ἐν
2272 1949 2403 2002 ἁσυχία

1349 2009 1411 2061 μὲν
1434 2009 1541 2047 καλόν
1557 2037 1567 2056 ,
1589 2006 1676 2046 ὅπου
1693 2006 1823 2060 τοίχοις
1833 2006 2084 2060 κρυφθήσεται·
2101 2007 2166 2052 ἔξω
2181 2007 2217 2047 δὲ
2234 2009 2379 2062 αἰσχρόν
2391 2040 2401 2055 ,

225 2150 368 2181 certasse
398 2147 504 2180 serunt
535 2148 568 2181 et
596 2148 687 2188 parta
713 2147 846 2179 victoria
872 2146 934 2178 diis
960 2155 1037 2179 sane
1065 2146 1207 2186 bonnm,
1225 2145 1280 2178 sed
1345 2143 1451 2183 Atque
1474 2141 1544 2174 baec
1555 2141 1685 2183 quidem
1703 2140 1743 2173 de
1759 2150 1886 2173 summa
1904 2150 2011 2174 rerum
2026 2141 2110 2173 dicta
2123 2141 2294 2174 sufficiant.
2339 2141 2402 2175 Sed

226 2207 410 2249 gigantibus
426 2206 562 2239 malum.
606 2207 717 2239 Altera
742 2206 902 2239 sententia
918 2205 1110 2238 affirmantis
1127 2209 1174 2238 est
1196 2205 1283 2237 aliud

226 2258 304 2309 quid
320 2266 442 2299 bonum
453 2290 462 2306 ,
484 2266 572 2298 atiud
587 2265 709 2298 maium
730 2274 800 2299 esse
811 2289 821 2306 ,
838 2274 902 2298 nou
922 2265 1051 2297 nomine
1065 2265 1166 2305 magis
1185 2273 1283 2305 quam

226 2335 260 2360 re
282 2327 352 2368 ipsa
370 2326 548 2359 diversum.
596 2328 665 2366 Ego
686 2333 764 2358 vero
785 2325 818 2358 et
838 2324 917 2357 iliud
941 2324 1003 2356 hoe
1019 2323 1114 2356 modo
1133 2323 1259 2364 explico
1276 2331 1283 2352 ι

170 2424 176 2429 ,
227 2386 324 2419 credo
342 2385 494 2427 equidem
511 2385 605 2417 nobis
625 2393 690 2417 non
716 2385 866 2417 constare
887 2392 997 2425 posse,
1021 2391 1095 2424 quae
1124 2391 1176 2415 res
1202 2381 1285 2413 bona

226 2455 342 2489 quaeve
369 2446 455 2479 mala
471 2446 534 2487 sit,
558 2446 584 2478 si
605 2445 689 2478 idem
707 2448 793 2478 esset
819 2446 1014 2486 utrumque,
1034 2454 1099 2477 non
1121 2444 1284 2477 diversum

227 2505 305 2547 quid
324 2514 332 2534 :
351 2506 470 2537 mirum
494 2505 579 2538 enim
601 2505 664 2536 hoc
680 2504 774 2537 soret.
818 2506 886 2537 Nee
903 2506 980 2545 puto
997 2504 1184 2536 habiturum
1199 2505 1284 2544 quod

227 2563 439 2607 respoudeat,
465 2562 492 2595 si
523 2563 599 2604 quis
622 2563 692 2595 haec
718 2562 879 2594 dicentem
906 2562 951 2594 ita
980 2561 1153 2602 interroget
1179 2570 1188 2592 ε
1223 2562 1286 2593 Dic

228 2622 337 2659 mihi,
360 2631 476 2664 quasso
489 2646 498 2662 ‚
519 2630 605 2654 num
626 2621 713 2663 quid
733 2621 812 2654 bom·
827 2621 1038 2662 parentibus
1050 2620 1131 2660 jam
1146 2621 1285 2661 proesti-

227 2683 339 2715 teris?
352 2683 498 2722 Reponet
516 2681 648 2713 forsitan
672 2693 680 2712 ε
700 2682 748 2712 Et
766 2679 877 2712 multa
897 2682 930 2712 et
941 2679 1131 2720 praeclara.
1155 2681 1204 2712 Τιι
1220 2679 1284 2719 iqi-

228 2743 289 2774 tur
305 2742 495 2783 propterea
515 2741 667 2772 vicissim
681 2747 803 2780 qraves
819 2747 941 2780 poenas
962 2738 1037 2771 illis
1057 2737 1144 2770 dare
1163 2737 1262 2771 debes
1275 2763 1284 2777 ‚

227 2802 257 2834 si
270 2799 362 2833 idem
379 2800 505 2832 bonum
518 2799 722 2841 malumque
731 2797 933 2840 putandum
948 2800 1012 2830 est.
1033 2797 1124 2836 Quid
1137 2799 1255 2830 autem
1267 2800 1286 2829 Ρ

228 2861 443 2902 propinquos
468 2858 554 2891 bono
577 2859 741 2900 quopiam
758 2857 839 2898 jam
862 2857 1046 2898 affecisti?
1061 2856 1208 2889 Eosdem
1225 2858 1285 2897 iqi-

228 2921 290 2953 tur
309 2921 343 2952 et
363 2918 469 2951 malo.
499 2917 589 2956 Quid
612 2920 716 2950 vero?
723 2916 849 2958 jamne
871 2918 1024 2949 inimicis
1044 2916 1285 2949 calamitatem

228 2978 408 3011 intulisti?
430 2979 479 3011 Et
507 2978 681 3018 insiqnem
701 2976 853 3019 quidem.
880 2978 972 3017 Erqo
1000 2975 1125 3008 multis
1147 2977 1182 3008 et
1198 2983 1285 3018 prae-

227 3036 334 3069 claris
355 3035 450 3068 bonis
475 3043 530 3068 eos
549 3034 754 3068 cumulasti.
797 3036 864 3075 Age
881 3042 957 3066 vero
978 3035 1010 3065 et
1031 3032 1113 3065 iilud
1131 3033 1212 3065 mihi
1239 3041 1286 3066 re-

227 3095 351 3135 sponde
365 3088 568 3137 {Numquid
580 3102 778 3136 pauperum
792 3096 825 3127 te
840 3094 996 3133 miseret,
1011 3091 1103 3134 quod
1117 3092 1236 3125 multis
1253 3094 1286 3126 et

228 3154 428 3194 anyentibus
456 3154 685 3187 incommodis
714 3153 979 3196 conflictantur,
1011 3152 1136 3185 divites
1163 3154 1286 3184 contra

230 3213 346 3247 beatos
374 3215 573 3256 praeostcas,
602 3214 697 3257 quod
725 3214 845 3256 opibus
873 3216 906 3246 et
926 3214 1031 3254 copiis
1051 3212 1232 3254 affluunt,
1253 3214 1285 3245 si

228 3273 321 3305 idem
343 3274 486 3306 matum
510 3276 543 3307 et
567 3274 723 3307 bonum?
749 3274 896 3307 Profecto
920 3272 997 3305 nibil
1015 3272 1139 3312 obstat,
1159 3272 1285 3314 quomi-

229 3341 292 3364 nus
325 3341 460 3372 magnus
494 3335 666 3366 Persarum
696 3342 750 3366 rex
779 3333 892 3366 eadem
923 3333 965 3365 sit
1004 3331 1189 3364 conditione
1220 3340 1284 3373 qua

229 3391 330 3432 egeni.
375 3393 456 3424 Nam
475 3391 577 3423 muita
589 3395 622 3425 et
635 3400 750 3434 magna
764 3393 849 3425 bona
864 3391 983 3434 quibus
997 3391 1138 3424 abundat
1155 3390 1185 3423 in
1204 3390 1286 3422 mala

229 3459 292 3482 non
317 3451 440 3482 minora
475 3452 657 3494 mutantur,
689 3453 715 3485 si
747 3452 832 3486 idem
863 3456 912 3485 est
941 3451 1063 3484 bonum
1091 3454 1123 3483 et
1148 3449 1282 3482 malum.

344 3514 464 3539 enims.
490 3514 587 3539 cumc-

1346 2203 1379 2234 et
1398 2200 1522 2241 singula
1540 2200 1593 2232 iila
1621 2209 1824 2242 percurram,
1842 2209 1861 2232 a
1880 2198 1971 2241 cibo,
1996 2201 2070 2241 potu
2095 2204 2126 2232 et
2152 2209 2268 2233 venere
2295 2209 2400 2233 orsus.

1348 2264 1472 2294 Harum
1489 2262 1577 2294 enim
1601 2261 1748 2293 omnium
1778 2269 1884 2293 rerum
1905 2270 1983 2295 usus
2004 2261 2137 2294 infirmis
2160 2262 2191 2294 et
2216 2261 2338 2294 bonum
2355 2264 2403 2294 est

1345 2325 1377 2354 et
1405 2321 1550 2360 malum,
1577 2319 1735 2360 siquidem
1766 2320 1851 2352 idem
1880 2319 2019 2352 habetur
2038 2319 2160 2352 honum
2180 2323 2211 2352 et
2243 2320 2367 2353 malum
2393 2333 2401 2352 ε

1346 2380 1478 2422 parique
1495 2379 1617 2412 ratione
1633 2379 1867 2420 aegrotantibus
1884 2379 2016 2412 morbus
2038 2379 2131 2411 simul
2152 2382 2201 2412 est
2227 2378 2349 2411 malum
2370 2381 2403 2412 et

1347 2441 1488 2480 bonum,
1506 2438 1664 2480 siquidem
1693 2438 1814 2471 bonum
1838 2447 1901 2471 non
1924 2439 2032 2471 dissert
2051 2447 2070 2471 a
2106 2438 2203 2471 malo.
2250 2441 2287 2471 In
2318 2438 2402 2470 hano

1346 2499 1539 2532 sententiam
1560 2499 1670 2530 autem
1689 2498 1786 2531 etiam
1808 2499 1924 2531 caetera
1944 2498 2053 2530 omnia
2071 2507 2143 2539 quae
2160 2497 2316 2539 superiori
2333 2506 2401 2529 ser-

1348 2567 1444 2591 mone
1457 2557 1667 2590 continentur
1680 2557 1767 2590 dicta
1783 2561 1869 2590 sunt.
1915 2557 2048 2590 Interim
2065 2558 2172 2590 tamen
2189 2557 2266 2599 quid
2280 2557 2401 2589 bonnm

1346 2617 1387 2649 sit
1410 2626 1474 2649 non
1495 2616 1614 2649 definio
1627 2639 1635 2655 ‚
1654 2616 1686 2647 id
1704 2616 1810 2648 solum
1828 2616 1943 2648 docere
1967 2619 2122 2657 conatus,
2139 2625 2203 2649 non
2224 2625 2290 2648 csse
2316 2615 2402 2648 idem

1346 2676 1466 2709 bonum
1486 2677 1519 2709 et
1535 2675 1670 2716 malum,
1687 2675 1742 2708 sed
1757 2675 1962 2708 atterutrum.

1670 2769 1673 2771 ’
1712 2765 1965 2797 DlSPUTATlO
1990 2766 2031 2797 11.

1679 2843 1726 2874 De
1749 2841 1886 2873 honesto
1913 2842 1946 2874 et
1970 2842 2067 2883 turpi.

1389 2919 1459 2949 Duo
1490 2916 1587 2949 etiam
1622 2917 1766 2949 seruntur
1803 2926 1965 2950 sermones
2000 2917 2040 2950 de
2070 2917 2204 2949 honesto
2230 2925 2266 2949 ac
2299 2917 2399 2958 turpi.

1349 2978 1426 3008 Nam
1453 2976 1585 3017 quidam
1609 2975 1697 3008 aliud
1727 2984 1796 3009 esse
1829 2976 2000 3009 honestum
2028 2975 2138 3014 aiunt,
2168 2975 2255 3007 aliud
2287 2977 2400 3017 turpe,

1347 3037 1414 3068 tam
1445 3044 1478 3068 re
1496 3044 1596 3077 quarn
1613 3035 1743 3068 nomine
1762 3034 1927 3067 diversum
1951 3043 1959 3066 :
1980 3033 2129 3066 nonnulli
2146 3041 2221 3065 vero
2238 3031 2323 3064 idem
2345 3032 2400 3065 ho-

1346 3095 1473 3127 nestum
1490 3103 1528 3127 ac
1541 3096 1646 3137 turpe.
1690 3095 1795 3136 Atque
1811 3103 1868 3135 ego
1885 3093 2014 3135 quidem
2031 3101 2098 3125 rem
2117 3091 2148 3124 in
2168 3091 2254 3124 hunc
2268 3091 2399 3124 modum

1347 3154 1508 3195 explicare
1531 3154 1671 3187 tentabo.
1715 3153 1813 3187 Verbi
1834 3161 1929 3185 causa
1954 3160 2090 3193 puerum
2112 3151 2287 3183 formosum
2307 3159 2397 3183 ama-

1349 3213 1524 3254 tori‘probo
1538 3213 1709 3255 gratificari
1723 3213 1875 3246 decorum
1891 3212 1953 3252 est,
1968 3219 2034 3243 non
2046 3209 2147 3252 probo
2161 3213 2269 3242 autem
2286 3212 2398 3251 turpe:

1348 3274 1422 3305 item
1443 3273 1596 3306 mulieres
1626 3273 1714 3306 domi
1743 3272 1842 3305 lavari
1868 3271 2041 3311 decorum,
2058 3269 2090 3303 in
2114 3269 2259 3311 palaestra
2284 3270 2399 3309 turpe;

1348 3332 1405 3364 sed
1434 3333 1522 3365 viros
1550 3333 1582 3365 id
1615 3333 1647 3364 in
1676 3332 1824 3374 palaestra
1844 3333 1876 3363 et
1902 3329 2068 3371 gymnasio
2100 3329 2201 3361 facere
2232 3327 2398 3360 decorum.

1353 3393 1453 3424 Porro
1483 3391 1650 3424 mulierem
1670 3400 1746 3424 eum
1774 3390 1844 3422 viro
1876 3388 1981 3429 coire,
2015 3387 2146 3420 remotis
2169 3386 2315 3425 arbitro,
2345 3385 2401 3418 ubi

1351 3451 1589 3493 intra·parietes
1610 3451 1730 3492 lateat,
1759 3449 1912 3483 decorum
1931 3450 2049 3481 :extra
2072 3455 2147 3480 vero
2169 3447 2199 3478 in
2217 3445 2397 3487 cujuspiam

2258 3504 2293 3530 55
