2612 3814
290 244 363 279 112
1156 229 1225 269 DE
1254 228 1580 269 PARMENIDE.

332 328 503 364 Fuerunt
537 323 603 373 qui
643 322 810 373 pedestri
847 333 1005 371 quoque
1037 332 1212 358 sermone
1251 332 1337 356 eum

279 385 420 434 scripta
437 382 610 432 quaedam
624 382 793 430 vulgasse
807 381 1074 431 opinarentur.
1091 380 1186 417 Nam
1203 378 1338 416 Suidas

280 443 358 480 haec
376 443 422 480 de
443 454 489 479 eo
503 441 619 478 refert
639 435 828 492 ι”Εγραψι
844 437 938 478 δὲ....
954 436 1015 476 καὶ
1029 437 1120 476 ἄλλα
1136 435 1215 475 τινὰ
1232 451 1338 475 κατα-

281 500 449 552 Λογάδην,
464 492 513 538 ὧν
529 498 709 550 μέμνηται
732 498 885 538 Πλάτων
907 498 1000 549 (3ο).
1020 499 1092 546 Qui
1111 510 1221 534 error
1236 496 1339 533 haud

279 562 360 609 scio
380 573 430 598 an
459 567 565 597 ortus
582 561 630 597 sit
646 572 666 596 e
684 560 852 596 Platonis
874 560 962 595 loco
982 559 1023 595 in
1044 558 1218 607 Sophista
1237 554 1338 607 (31),

282 621 350 658 ubi
366 620 430 658 ille
448 619 684 658 Parmenidis
695 620 835 669 placita
851 630 1073 668 proponens
1091 617 1182 654 dicit
1200 628 1209 654 :
1225 616 1340 654 Τοῦτο

281 678 555 732 «ἐπεμαρτύρατο
569 707 579 726 ,
601 679 691 731 πεζῇ
708 693 744 716 τε
766 671 834 716 ὧδε
856 676 1024 716 ἑκάστοτε
1043 674 1154 727 λέγων
1171 674 1232 713 καὶ
1249 673 1340 725 μετὰ

281 739 433 793 μέτρων.
454 741 500 778 At
521 741 627 777 Plato
648 739 802 775 videtur
825 738 914 790 πεζῇ
939 736 989 773 ad
1007 736 1224 786 pedestrem
1249 747 1339 771 ver-

280 813 391 837 suum
411 800 612 848 incessum,
634 796 723 844 μετὰ
744 795 882 849 μέτρων
905 796 954 833 ad
977 796 1189 833 orationem
1205 807 1337 831 nume-

280 861 332 897 ris
349 860 515 896 vinctam
535 858 736 895 rettulisse.
774 856 915 895 Fertur
941 856 1055 892 etiam
1081 854 1336 904 fragmentum

280 920 404 956 soluta
423 919 592 955 oratione
614 916 869 966 compositum
890 915 997 964 quod
1012 915 1229 964 Simplicius
1248 926 1338 950 ver-

279 977 382 1014 sibus
397 975 655 1024 interjectum,
675 982 855 1023 tanquam
875 975 991 1024 ipsius
1017 972 1276 1021 Parmenidis,
1301 985 1340 1009 se

280 1036 490 1086 repperisse
508 1041 677 1072 testatur.
692 1032 768 1070 Sed
781 1033 878 1069 illud
895 1040 1076 1083 tanquam
1097 1044 1120 1068 a
1137 1030 1339 1080 Simplicio

280 1095 453 1133 additum
460 1094 599 1143 probat
608 1093 802 1130 dubitasse
810 1105 897 1130 eum
909 1091 1040 1129 deloci
1050 1092 1155 1128 istius
1167 1097 1338 1129 auctore.

281 1153 374 1191 Vide
396 1165 479 1202 quae
500 1151 578 1188 dixi
595 1151 643 1188 ad
659 1152 826 1201 primum
846 1151 1151 1201 fragmentorum
1171 1151 1339 1187 incerto-

280 1225 380 1251 rum.
413 1213 598 1248 Praeterea
623 1223 744 1247 unum
773 1210 894 1247 modo
928 1210 1167 1246 Parmenidis
1198 1209 1338 1246 librum

279 1274 356 1309 sive
373 1284 492 1308 unum
510 1282 648 1320 poema
663 1270 846 1307 exstitisse
867 1281 890 1306 a
915 1270 1047 1307 multis
1068 1269 1224 1307 testibus
1241 1282 1339 1319 pro-

281 1332 401 1368 ditum
421 1338 475 1368 est
493 1330 585 1381 (32).

332 1390 495 1428 Carmen
514 1390 562 1427 de
580 1383 842 1442 natura'sslspl
861 1386 1008 1442 φύσεως)
1030 1389 1222 1438 inscripsit
1242 1387 1337 1439 (33),

280 1463 360 1487 non
381 1457 456 1487 tam
475 1462 604 1486 rerum
625 1456 798 1486 ortarum
816 1448 1105 1485 multitudinem
1125 1455 1162 1484 et
1181 1448 1339 1484 varieta-

284 1517 356 1547 tem
388 1509 459 1546 hac
487 1509 744 1558 appellatione
775 1507 1048 1558 designandam
1077 1514 1203 1554 ratus,
1239 1505 1342 1558 (licet

280 1581 363 1606 eam
389 1580 546 1618 quoque
576 1565 772 1619 attigerit),
796 1579 912 1616 quam
947 1574 1126 1605 naturam
1157 1573 1339 1604 aeternam

279 1634 393 1677 atque
406 1627 453 1664 ab
471 1627 577 1663 omni
594 1627 842 1663 concretione
855 1626 1018 1663 liberam
1035 1626 1208 1672 intuitus,
1224 1638 1340 1675 quam

279 1687 376 1723 entis
394 1686 549 1722 nomine
561 1687 715 1722 vocavit
731 1683 826 1736 (34).
841 1686 995 1735 Duplex
1013 1693 1139 1722 autem
1153 1686 1342 1735 poematis

278 1752 544 1796 argumentum
574 1751 647 1792 est,
671 1744 719 1782 de
750 1745 911 1782 veritate
942 1757 985 1782 ac
1017 1745 1065 1782 de
1091 1745 1341 1794 opinionibus

279 1819 344 1843 seu
359 1806 467 1855 visis,
488 1805 593 1842 unde
619 1806 768 1854 antiqui
786 1806 827 1842 in
854 1805 949 1842 duas
974 1812 1103 1855 partes
1130 1805 1341 1841 diviserunt

279 1873 316 1902 et
333 1865 495 1916 proprio
509 1871 715 1914 utramque
730 1864 887 1901 nomine
902 1865 1163 1915 appellarunt,
1180 1862 1339 1900 alteram

277 1922 323 1963 τὰ
355 1924 445 1976 πρὸς
480 1921 648 1970 ἀλήθειαν
686 1924 765 1961 sive
798 1922 880 1976 περὶ
911 1926 971 1961 τοῦ
1001 1925 1126 1970 νοητοῦ
1138 1952 1149 1973 ,
1182 1923 1340 1960 alteram

278 1982 322 2022 τὰ
355 1982 441 2034 πρὸς
477 1980 578 2026 δόξαν
609 1983 686 2020 sive
715 1980 796 2034 περὶ
830 1985 892 2020 τοῦ
924 1983 1094 2030 αἰσθητοῦ
1122 1982 1340 2019 inscriben-

280 2050 333 2079 tes
353 2041 443 2092 (35).
476 2043 587 2079 Falso
612 2050 741 2080 autem
766 2042 943 2079 nonnulli
968 2042 1108 2078 horum
1137 2042 1340 2078 titulorum

279 2109 316 2139 ct
332 2101 542 2151 argumenti
564 2101 782 2139 diversitate
799 2101 953 2151 decepti
971 2109 1157 2152 putarunt
1184 2101 1338 2138 Parme-

278 2161 405 2198 nidem
419 2160 516 2198 duos
526 2161 714 2211 scripsisse
727 2162 848 2198 libros
864 2162 965 2198 inter
974 2173 1012 2198 se
1027 2161 1227 2198 dissimiles
1244 2160 1338 2212 (36).

320 2311 386 2353 (30)
401 2313 437 2344 In
459 2311 607 2344 eamdem
624 2311 816 2344 sententiam
837 2311 979 2343 Eudocia
1002 2321 1034 2353 p.
1063 2313 1122 2344 149
1139 2311 1191 2345 ed.
1215 2312 1341 2345 Villois.

322 2360 390 2400 (31)
412 2358 501 2391 Plato
520 2358 661 2400 Sophist.
682 2368 714 2401 p.
734 2361 810 2400 237,
828 2363 866 2394 A.

323 2405 388 2447 (32)
412 2406 569 2447 Diogenes
589 2407 734 2439 Laertius
755 2409 894 2440 Prooem.
917 2410 981 2440 16:
1012 2407 1075 2440 Καὶ
1095 2408 1125 2440 οἱ
1156 2407 1211 2449 μὲν
1236 2407 1341 2439 αὐτῶν

283 2451 357 2494 [τῶν
376 2453 566 2496 φιλοσόφων]
589 2455 757 2487 κατέλιπον
773 2456 998 2498 ὑπομνήματα,
1020 2458 1049 2488 οἱ
1074 2456 1101 2488 δ’
1116 2456 1196 2493 ὅλως
1213 2456 1250 2488 οὐ
1270 2467 1340 2488 συν-

283 2502 430 2543 έγραψαν.
449 2525 459 2534 .
484 2526 493 2536 .
519 2527 528 2535 .
547 2525 558 2535 .
581 2527 590 2536 .
625 2505 655 2536 ot
686 2504 719 2536 δὲ
747 2503 808 2536 ἀνὰ
838 2505 870 2537 ἓν
898 2505 1134 2548 συγγράψαντες
1165 2505 1341 2545 Μέλισσος,

282 2549 478 2590 Παρμενίδης
490 2574 497 2586 v
517 2549 721 2592 Ἀναξαγόρας
731 2575 741 2591 ,
755 2552 857 2584 πολλὰ
870 2553 901 2585 δὲ
919 2554 1040 2594 Ζήνων,
1051 2553 1151 2585 πλείω
1164 2553 1342 2594 Ξενοφάνης

282 2597 350 2628 κτλ.
369 2596 458 2628 Plato
475 2599 622 2630 Parmen.
638 2607 672 2640 p.
690 2600 762 2640 128,
788 2603 829 2639 A,
844 2602 869 2634 C
891 2613 899 2632 ε
919 2602 961 2633 Σὺ
979 2601 1033 2643 μὲν
1050 2601 1109 2642 γὰρ
1125 2602 1157 2633 ἐν
1171 2604 1236 2638 τοῖς
1249 2601 1340 2640 ποιή-

284 2654 380 2685 μασιν
397 2644 428 2676 ἓν
444 2644 500 2685 φὴς
519 2644 597 2677 εἶναι
614 2645 649 2677 τὸ
664 2648 745 2685 πᾶν,
760 2647 906 2680 similiter
927 2657 966 2680 ac
987 2648 1231 2689 Theophrastus
1255 2648 1340 2689 apud

285 2692 446 2725 Laertium
459 2694 546 2734 vm,
559 2696 597 2726 55
611 2705 618 2726 ε
634 2694 695 2725 Καὶ
707 2694 766 2737 γὰρ
777 2694 892 2728 ἐκεῖνον
902 2695 970 2738 [τὸν
979 2695 1189 2739 Παρμενίδην]
1207 2696 1239 2728 ἐν
1252 2696 1341 2728 ἔπεσι

283 2741 337 2773 τὸν
365 2740 433 2782 περὶ
465 2740 586 2782 φύσεως
612 2741 705 2782 λόγον
734 2742 910 2782 ἐξενεγκεῖν.
932 2744 1081 2776 Clemens
1107 2743 1343 2777 Alexandrinus

285 2789 405 2822 Strom.
434 2789 476 2820 V.
501 2797 533 2828 p.
562 2791 635 2829 552,
652 2790 678 2821 C
693 2802 701 2822 ε
715 2790 914 2830 Παρμενίδης
937 2791 968 2823 ἐν
984 2794 1030 2834 τῷ
1059 2792 1157 2824 αὐτοῦ
1177 2792 1341 2833 ποιήματι.

285 2835 468 2876 Simplicius
481 2836 579 2876 Phys,
602 2836 623 2868 f.
641 2839 694 2875 31,
708 2846 726 2869 a
743 2847 750 2869 :
766 2839 826 2871 Διὰ
836 2839 891 2877 τὴν
907 2839 1019 2871 σπάνιν
1039 2843 1095 2872 τοῦ
1118 2841 1343 2882 Παρμενιδείου

285 2882 542 2925 συγγράμματος.
563 2883 725 2916 Caeterum
747 2885 910 2925 ποιήματα
929 2888 962 2918 et
985 2886 1046 2924 ἔπη
1071 2887 1157 2927 apud
1176 2888 1342 2920 Platonem

285 2933 317 2964 et
325 2931 590 2971 Theophrastum
610 2930 650 2963 de
670 2940 735 2963 uno
752 2932 894 2965 carmine
908 2933 1120 2974 accipiuntur.

328 2977 395 3020 (33)
409 2978 652 3018 Theophrastus
668 2978 754 3018 apud
771 2980 932 3012 Laertium
945 2982 1036 3021 VIII,
1058 2986 1110 3022 553
1126 2982 1247 3015 Sextus
1264 2986 1341 3015 Ema

287 3025 406 3067 piricus
426 3024 504 3058 adv.
523 3025 626 3057 Math.
640 3027 716 3067 vn,
733 3029 804 3059 111.
822 3027 884 3060 Sed
898 3028 1093 3069 Porphyrius
1103 3031 1194 3062 Antr.
1207 3030 1342 3071 nymph.

287 3075 324 3106 C.
346 3076 386 3105 22
408 3072 539 3114 φυσικὸν
556 3074 666 3113 vocat5
683 3071 799 3106 suidas
811 3075 843 3106 et
857 3074 1000 3108 Eudocia
1021 3084 1051 3116 p.
1070 3080 1127 3109 361
1143 3077 1344 3118 φυσιολογίαν

288 3120 402 3153 eodem
420 3128 528 3152 sensu.

330 3168 397 3210 (34)
419 3166 572 3200 Similiter
590 3166 711 3200 Melissi
726 3167 806 3201 liber
819 3168 859 3202 de
878 3170 994 3203 natura
1010 3169 1080 3203 sive
1098 3172 1172 3203 ente
1192 3170 1273 3212 (περὶ
1290 3172 1344 3214 φύ-

288 3227 356 3253 σιος
372 3217 391 3254 ἢ
409 3214 477 3256 περὶ
493 3214 609 3256 ἐόντος)
627 3216 798 3258 inscriptus
816 3219 885 3250 erat
904 3219 985 3251 teste
1003 3218 1167 3260 Simplicio
1192 3221 1232 3252 de
1248 3220 1345 3252 Coelo

290 3265 349 3303 111,
370 3263 392 3297 f.
413 3265 484 3303 138,
503 3271 532 3296 a.

333 3310 399 3353 (35)
416 3310 582 3343 Proclusin
594 3313 699 3344 Parm.
714 3315 751 3346 T.
766 3314 808 3354 V,
827 3322 858 3354 p.
874 3315 935 3346 310
948 3322 995 3354 sq.
1012 3327 1020 3346 :
1035 3314 1099 3346 Καὶ
1110 3313 1202 3350 αὐτὸς
1217 3315 1343 3356 Παρμε-

289 3357 373 3396 νίδης
398 3357 438 3389 τὰ
467 3357 522 3399 μὲν
547 3359 622 3399 πρὸς
648 3358 793 3397 ἀλήθειαν
818 3360 950 3402 ἔγραψε,
964 3361 1005 3392 τὰ
1023 3361 1055 3393 δὲ
1073 3361 1147 3401 πρὸς
1168 3361 1270 3398 δόξαν.
1291 3364 1343 3393 J0.

292 3405 488 3446 Philoponus
505 3405 603 3447 Phys.
614 3407 640 3439 1.
662 3406 711 3440 lit.
729 3410 767 3448 A,
788 3417 820 3450 p.
839 3410 871 3448 95
890 3409 987 3451 lit.C‚
1006 3418 1036 3451 p.
1059 3413 1091 3441 11
1108 3409 1160 3441 ed.
1183 3408 1339 3443 Trincaxn

295 3453 479 3495 Simplicius
495 3453 590 3494 Phys.
608 3455 634 3486 Ι.
652 3453 673 3485 f.
690 3456 721 3494 7,
737 3453 768 3486 b.

338 3506 404 3547 (36)
429 3506 479 3538 Sic
505 3506 698 3539 recentiores
726 3508 776 3539 Jo.
793 3506 957 3540 Camotins
976 3507 1006 3539 in
1031 3507 1242 3549 'theophrasti
1267 3511 1344 3542 Met.

1401 318 1546 357 Verum
1566 330 1644 354 uno
1664 315 1882 366 eodemque
1902 317 2003 354 libro
2020 316 2294 366 philosophum
2314 323 2466 354 utram-

1401 390 1476 426 que
1491 376 1679 426 poematis
1698 381 1846 425 partem
1863 374 2110 426 complexum
2127 388 2205 412 esse
2219 387 2266 412 ex
2283 375 2363 424 ejus
2378 376 2464 414 reli-

1401 437 1499 485 quiis
1511 441 1632 486 patet.
1648 436 1788 471 Earum
1804 436 1971 484 partium
1988 436 2121 485 priore
2138 435 2186 472 de
2203 441 2290 472 ente
2309 442 2348 472 et
2363 436 2463 473 veri·

1403 503 1491 541 tate,
1506 495 1720 544 posteriore
1742 493 1791 531 de
1804 494 1920 531 rebus
1937 493 2049 532 fluxis
2063 495 2141 532 sive
2157 494 2204 531 de
2219 494 2356 531 mundi
2374 502 2463 533 ortu

1402 562 1437 591 ct
1457 562 1593 591 natura
1613 554 1704 604 agit,
1721 554 1825 591 unde
1840 566 1861 591 a
1883 555 2087 591 Plutarcho
2111 552 2334 603 Κοσμογονία
2348 566 2465 592 voca·

1403 621 1466 650 tur
1491 612 1591 665 (37).
1617 614 1662 649 ln
1687 612 1820 650 eadem
1839 620 1949 662 parte
1970 613 2019 651 de
2038 613 2110 651 diis
2135 626 2293 664 quoque
2311 614 2466 652 videtur

1402 673 1614 723 disputasse
1625 680 1908 723 poetarumque
1919 673 1967 710 de
1982 673 2114 711 divina
2127 675 2312 724 progenie
2321 675 2467 713 fabulas

1401 740 1436 770 et
1466 740 1682 770 commenta
1717 745 1887 771 narrasse
1918 740 2034 783 atque
2063 734 2307 783 explicuisse,
2342 735 2395 772 ita
2422 742 2466 772 ut

1402 791 1564 828 deorum
1580 791 1657 827 vim
1679 803 1722 828 ac
1739 803 1880 828 numen
1897 803 1977 827 non
1995 792 2164 839 tolleret,
2178 790 2246 828 sed
2262 792 2311 829 ad
2330 793 2466 842 physi-

1402 863 1465 887 cas
1480 851 1646 888 rationes
1661 857 1862 888 revocaret
1877 849 1970 901 (38).

1455 910 1692 948 Parmenidis
1720 910 1819 946 ratio
1862 921 1906 946 ac
1944 909 2144 958 disciplina
2177 921 2292 958 quam
2325 910 2468 948 nobilis

1402 976 1517 1019 atque
1534 970 1689 1006 illustris
1709 969 1811 1019 apud
1828 969 2006 1018 antiquos
2025 969 2160 1018 fuerit,
2177 969 2297 1007 multa
2317 977 2468 1009 exstant

1405 1029 1647 1067 documenta.
1676 1029 1827 1066 Etenim
1853 1028 1964 1077 hujus
1980 1028 2133 1066 dicendi
2154 1040 2272 1079 genus
2297 1030 2467 1069 imitatus

1401 1096 1458 1125 est
1479 1088 1734 1138 Empedocles
1764 1087 1863 1138 (39),
1882 1087 1995 1136 hujus
2014 1087 2196 1138 dogmata
2208 1089 2314 1126 Zeno
2330 1101 2467 1141 magna

1402 1147 1622 1197 disputandi
1638 1148 1849 1185 subtilitate
1870 1155 2004 1184 contra
2029 1147 2268 1185 adversarios
2297 1148 2467 1188 defendit

1403 1204 1506 1257 (4ο);
1526 1207 1629 1243 hunc
1645 1219 1765 1257 porro
1779 1220 1867 1244 cum
1886 1209 2040 1244 Zenone
2062 1214 2105 1243 ut
2124 1219 2189 1243 sua
2211 1213 2321 1245 aetate
2341 1207 2468 1247 claros

1400 1267 1629 1303 memoravit
1658 1267 1901 1304 Democritus
1932 1263 2009 1318 (41)
2022 1294 2032 1312 ,
2069 1267 2172 1304 hunc
2215 1268 2331 1304 etiam
2375 1282 2463 1306 cum

1405 1327 1554 1363 caeteris
1576 1327 1751 1364 Eleaticis
1767 1326 1988 1376 frequenter
2000 1326 2300 1375 disputationum
2311 1340 2465 1366 suarum

1401 1387 1600 1423 materiam
1619 1387 1798 1436 sophistae
1817 1393 2034 1423 sumserunt
2045 1399 2055 1432 3
2077 1386 2181 1423 hunc
2200 1386 2368 1437 denique
2387 1389 2470 1426 Me-

1401 1446 1521 1494 garici
1549 1446 1728 1483 admirati
1755 1454 1867 1494 sunt,
1901 1459 2067 1496 quorum
2088 1447 2268 1496 princeps
2290 1449 2467 1487 Euclides

1401 1506 1636 1543 Parmenidis
1662 1505 1902 1543 dialecticam
1935 1519 2023 1542 cum
2048 1506 2185 1542 morali
2218 1506 2384 1545 Socratis
2408 1508 2466 1547 di-

1400 1564 1559 1614 sciplina
1598 1565 1782 1614 copulare
1816 1566 1981 1602 instituit
2003 1564 2101 1615 (42).
2134 1566 2329 1616 Imprimis
2372 1580 2466 1605 vero

1402 1624 1642 1661 Parmenidis
1671 1624 1957 1676 philosophiam
1990 1625 2193 1661 illustravit
2221 1625 2332 1675 Plato
2362 1639 2467 1677 prae-

1403 1683 1509 1720 claro
1529 1683 1596 1720 illo
1625 1683 1782 1733 dialogo
1815 1696 1894 1732 quo
1914 1682 1994 1732 ejus
2010 1683 2165 1720 laudem
2185 1683 2234 1720 ab
2265 1684 2465 1724 hominum

1406 1741 1602 1779 oblivione
1635 1743 1859 1780 vindicavit.
1901 1743 2031 1791 Quid?
2062 1743 2171 1792 quod
2204 1756 2293 1781 cum
2328 1745 2467 1796 reliqui

1402 1815 1534 1839 omnes
1549 1803 1796 1852 philosophi,
1816 1810 1899 1839 tum
1919 1803 2191 1853 Neoplatonici
2211 1803 2317 1842 hunc
2341 1804 2467 1842 dialo-

1402 1876 1491 1913 gum
1509 1863 1751 1909 lectitarunt,
1771 1874 2008 1912 quamquam
2026 1874 2163 1899 eorum
2180 1863 2292 1912 culpa
2308 1864 2467 1916 accidit,

1401 1930 1444 1959 ut
1478 1923 1677 1959 Platonica
1714 1934 1803 1959 cum
1835 1921 2096 1959 Parmenideis
2124 1924 2464 1972 permiscerentur.

1402 1983 1592 2022 Accurate
1607 1980 1849 2020 Parmenidis
1862 1983 1954 2020 scita
1972 1983 2190 2032 exploravit
2203 1996 2247 2020 ac
2264 1996 2364 2035 saepe
2378 1997 2467 2022 cum

1401 2043 1564 2080 aliorum
1587 2042 1751 2079 decretis
1771 2042 1972 2080 contendit
1999 2043 2240 2095 Aristoteles,
2263 2055 2380 2093 quem
2404 2051 2466 2082 ta-

1399 2115 1489 2139 men
1523 2102 1711 2152 peculiari
1753 2102 2078 2139 commentatione
2109 2103 2212 2140 illius
2243 2103 2463 2141 doctrinam

1399 2162 1579 2199 refutasse
1600 2161 1692 2198 falso
1712 2162 1889 2198 nonnulli
1909 2161 2088 2199 dixerunt
2109 2161 2142 2213 (4
2151 2162 2200 2211 3).

1404 2312 1426 2343 f.
1446 2314 1498 2350 44,
1518 2311 1538 2343 b
1555 2322 1562 2343 :
1579 2311 1775 2353 Παρμενίδης
1793 2311 1914 2353 γράψας
1929 2311 1983 2343 δύο
2004 2311 2111 2353 βιὸλία
2122 2337 2131 2351 ,
2146 2312 2178 2344 ἓν
2193 2312 2277 2346 κατὰ
2289 2313 2346 2349 τὴν
2357 2314 2466 2352 κοινὴν

1403 2359 1506 2398 δόξαν,
1523 2359 1627 2401 ἕτερον
1644 2359 1676 2392 δὲ
1692 2359 1775 2391 κατὰ
1789 2360 1846 2397 τήν
1866 2359 2024 2397 ἀλήθειαν.
2041 2359 2090 2391 Cf.
2114 2359 2284 2392 Bessarion
2305 2360 2382 2392 adv.
2401 2361 2465 2394 Ga·

1404 2406 1506 2437 lumn.
1524 2405 1649 2438 Platon.
1668 2407 1708 2444 ll,
1727 2410 1776 2438 11.
1793 2405 1815 2438 s.
1843 2407 1896 2446 31,
1914 2405 1947 2438 b.
1971 2406 2214 2446 Lescaloperins
2238 2407 2278 2440 ad
2301 2407 2408 2441 Cicer.
2425 2408 2467 2442 de

1401 2453 1475 2485 Nat.
1485 2452 1575 2485 deor.
1588 2454 1605 2485 1
1620 2463 1651 2495 p.
1668 2455 1719 2486 45.

1445 2500 1512 2543 (37)
1537 2500 1702 2533 Plutarch.
1723 2503 1866 2534 Amator.
1889 2510 1922 2542 p.
1946 2501 2020 2540 756,
2046 2502 2083 2534 F.

1445 2548 1511 2590 (38)
1536 2548 1634 2581 Plato·
1651 2550 1762 2590 Symp.
1788 2558 1819 2590 p.
1846 2552 1917 2588 195,
1939 2549 1964 2581 C
1986 2549 2061 2581 :sz
2089 2548 2121 2581 δὲ
2148 2548 2270 2582 παλαιᾶι
2296 2550 2465 2593 πράγματα

1401 2597 1471 2638 περὶ
1491 2596 1577 2634 Θεοὺς
1587 2621 1597 2638 ,
1616 2597 1636 2629 ἃ
1652 2597 1801 2634 Ἡσίοδος
1820 2597 1874 2628 καὶ
1891 2596 2090 2639 Παρμενίδης
2107 2596 2266 2637 λέγουσιν.
2283 2598 2465 2631 Macrobius

1402 2644 1433 2675 in
1448 2647 1558 2677 somn.
1576 2644 1662 2686 Scip.
1688 2645 1704 2677 1
1729 2653 1799 2686 cap.
1831 2648 1850 2677 2
1868 2647 1951 2677 extr.
1982 2653 1990 2676 :
2018 2657 2034 2673 α
2062 2644 2260 2686 Pythagoras
2277 2645 2345 2687 ipse
2365 2647 2466 2687 atque

1402 2691 1632 2734 Empedocles,
1648 2692 1858 2725 Parmenides
1875 2701 2007 2734 quoque
2026 2695 2059 2725 et
2079 2693 2262 2726 Heraclitus
2279 2694 2320 2726 de
2340 2693 2407 2726 Diis
2420 2694 2464 2726 fa-

1403 2739 1504 2772 bulati
1524 2741 1617 2773 sunt.
1635 2753 1652 2769 n
1671 2740 1845 2776 Menander
1863 2739 1904 2772 dc
1921 2741 2056 2772 Eneom.
2079 2741 2106 2779 I,
2128 2748 2158 2773 c.
2171 2742 2200 2772 V
2223 2749 2254 2781 p.
2277 2743 2332 2779 39,
2350 2741 2466 2782 ὕμνους

1402 2788 1642 2829 φυσιολογικοὺς
1661 2788 1689 2820 ei
1705 2788 1830 2829 tribuit,
1845 2787 1967 2820 addens
1982 2797 1990 2818 :
2006 2789 2151 2829 Χρῶνται
2165 2787 2199 2820 δὲ
2213 2788 2347 2830 τοιούτῳ
2358 2788 2466 2831 τρόπῳ

1404 2836 1600 2878 Παρμενίδης
1616 2846 1651 2867 τε
1672 2836 1726 2867 καὶ
1743 2835 1958 2876 Ἐμπεδοκλῆς
1985 2823 2119 2876 ἀκριὲὤς
2130 2845 2139 2853 ·
2153 2835 2304 2878 κέχρηται
2329 2836 2362 2868 δὲ
2378 2837 2432 2868 καὶ
2447 2838 2466 2869 ὁ

1405 2883 1538 2915 Πλάτων
1560 2882 1592 2915 ἐν
1611 2886 1657 2924 τῷ
1673 2882 1815 2924 Φαίδρῳ.
1894 2882 2090 2923 Παρμενίδης
2117 2882 2173 2923 μὲν
2195 2882 2251 2915 οὖν
2274 2882 2329 2915 καὶ
2349 2882 2465 2925 Ἐμπε-

1403 2931 1515 2970 δοκλῆς
1535 2931 1736 2971 ἐξηγοῦνται,
1755 2930 1891 2963 Πλάτων
1908 2929 1935 2962 δ’
1952 2930 1984 2962 ἐν
2008 2929 2215 2972 βραχυτάτοις
2234 2930 2374 2972 ἀνυμνεῖ.
2396 2955 2406 2964 .
2424 2956 2432 2964 .
2455 2957 2463 2965 .

1403 2981 1457 3013 καὶ
1475 2981 1504 3013 οἱ
1523 2978 1669 3020 ποιηταί,
1693 2979 1738 3011 ὧν
1763 2978 2013 3019 ἐπεμνήσθημεν,
2040 2977 2255 3019 πραγματείας
2277 2977 2351 3015 ὅλας
2374 2980 2464 3012 καθε-

1403 3030 1502 3060 θεντο.

1447 3076 1514 3117 (39)
1540 3075 1699 3116 Diogenes
1714 3073 1767 3106 lib.
1781 3073 1872 3111 VIII,
1889 3075 1938 3104 55.

1447 3124 1513 3166 (40)
1538 3123 1630 3156 Plato
1649 3123 1757 3154 Parm.
1779 3130 1811 3161 p.
1831 3124 1902 3160 128,
1922 3121 1960 3152 C.

1448 3172 1513 3213 (41)
1537 3171 1627 3212 Diog.
1645 3170 1750 3204 Laert.
1766 3170 1822 3208 IX,
1837 3171 1890 3201 42.

1448 3220 1513 3260 (42)
1537 3219 1587 3253 Id.
1602 3220 1647 3258 ΙΙ,
1666 3220 1812 3252 106-107.
1825 3216 1947 3248 cneio.
1967 3218 2023 3248 Ac.
2043 3217 2099 3254 tv,
2119 3217 2177 3259 42.>

1448 3267 1513 3308 (43)
1534 3269 1587 3299 Jo.
1608 3265 1805 3306 Philoponus
1822 3263 1915 3304 Phys.
1926 3262 1987 3295 Lit.
2005 3264 2039 3295 B.
2060 3271 2130 3303 pag.
2147 3265 2166 3294 9
2182 3262 2289 3294 :craesi
2303 3262 2335 3295 δὲ
2354 3260 2463 3305 γεγρά-

1404 3316 1475 3356 φθαι
1493 3315 1579 3356 αὐτῷ
1594 3313 1659 3354 ἰδίᾳ
1676 3312 1794 3355 βιὸλίον
1810 3311 1884 3352 πρὸς
1903 3311 1959 3349 τήν
1980 3309 2179 3351 Παρμενίδου
2195 3308 2298 3350 δόξαν,
2314 3309 2332 3342 ὃ
2344 3313 2399 3343 νῦν
2415 3312 2462 3343 αἱ·

1403 3363 1536 3395 νίττεται
1553 3362 1604 3395 διὰ
1622 3364 1678 3394 τοῦ
1699 3362 1808 3399 εἰπεῖν,
1828 3360 1881 3391 καὶ
1906 3359 1933 3391 εἷ
1954 3369 2032 3395 τινες
2048 3359 2136 3391 ἄλλοι
2154 3359 2252 3400 ἕτεροι
2279 3359 2351 3400 (leg.
2375 3358 2462 3399 ἴδιοι)

1405 3419 1468 3442 non
1482 3410 1643 3442 intellecto
1662 3408 1841 3440 Aristotelis
1858 3407 1928 3439 loco
1942 3406 1975 3438 in
2000 3407 2111 3447 Phys.,
2136 3407 2164 3445 Ι,
2181 3409 2200 3438 3
2220 3414 2292 3447 pag.
2310 3410 2383 3440 255.
2398 3407 2436 3438 E.
2453 3417 2462 3439 ι

1406 3458 1468 3489 Καὶ
1488 3457 1562 3498 πρὸς
1579 3455 1775 3498 Παρμενίδην
1794 3455 1826 3487 δὲ
1843 3455 1860 3487 ὁ
1886 3455 1980 3492 αὐτὸς
2004 3453 2115 3496 τρόπος
2143 3457 2206 3487 τῶν
2222 3453 2337 3496 λόγων,
2354 3453 2410 3485 καὶ
2435 3453 2463 3485 εἷ

1404 3515 1482 3542 τινες
1498 3504 1586 3536 ἄλλοι
1601 3503 1675 3536 want
1692 3504 1782 3536 εἰσιν.
