2612 3814
281 234 355 269 196

355 317 406 362 πῆ
425 313 608 367 παρέὸην;
625 313 659 353 τί
671 314 699 354 δ’
715 312 816 368 ἔρεξα
829 328 839 362 ;
853 311 887 353 τί
907 327 968 365 μοι
985 311 1061 351 δέον
1073 314 1135 353 οὐκ
1148 311 1334 360 ἐτελέσθης

357 373 552 427 ἀρξάμενος
572 374 602 412 δ’
623 372 694 412 ἀπὸ
712 372 856 427 πρώτου
874 371 1016 419 ἐπέξιθι·
1035 371 1097 411 καὶ
1119 371 1311 424 μετέπειτα

357 433 456 474 δειλὰ
466 433 529 486 μὲν
539 432 716 487 ἐκπρήξας
725 431 960 485 ἐπιπλήσσω,
975 431 1118 487 χρηστὰ
1133 432 1183 481 δέ,
1191 430 1336 485 τέρπευ.

292 509 329 535 45
356 496 484 535 Ταῦτα
502 493 616 543 πόνει,
632 495 733 533 ταῦτ’
747 492 936 546 ἐκμελέτα·
947 491 1080 532 τούτων
1099 492 1170 546 χρὴ
1186 494 1268 547 ἐρᾷν
1283 507 1337 544 σε,

356 553 470 594 ταῦτά
490 569 530 593 σε
546 556 607 602 τῆς
624 553 719 601 θείης
739 548 867 608 ἀρετῆς
884 553 933 597 εἷς
952 551 1051 607 ἴχνια
1073 555 1185 602 θήσει·

356 614 414 654 ναὶ
435 614 487 666 μὰ
509 613 568 654 τὸν
591 612 748 667 ἁμετέρα
769 615 869 667 ψυχᾷ
897 612 1104 667 παραδόντα
1124 611 1338 666 τετρακτύν,

359 674 477 726 παγὰν
498 673 624 713 ἀενάου
642 672 792 727 φύσεως.
814 673 910 712 Ἀλλ’
927 671 1031 725 ἔρχευ
1059 674 1113 710 ἐπ’
1133 672 1231 725 ἔργον
1246 702 1256 722 ‚

358 737 487 773 θεοῖσιν
507 731 742 783 ἐπευξάμενος
758 730 913 770 τελέσαι.
929 730 1075 770 Τούτων
1091 730 1127 769 δὲ
1144 730 1338 784 κρατήσας,

295 810 331 835 50
351 792 505 845 γνώτεαι
523 792 708 832 ἀθανάτων
726 807 762 830 τε
780 793 867 830 θεῶν
889 792 1023 838 θνητῶν
1043 789 1075 828 τ’
1094 789 1287 842 ἀνθρώπων

349 851 517 894 σύστασιν
530 883 541 905 ,
563 847 588 903 ᾗ
607 867 644 890 τε
664 850 797 890 ἕκαστα
819 849 997 904 διέρχεται
1017 844 1041 901 ἧ
1060 865 1099 888 τε
1119 849 1315 902 κρατεῖται·

897 223 1118 264 AUREUM
1149 223 1631 265 PYTHAGOREORUM
1662 223 1891 264 CARMEN.

1407 323 1480 359 Qua
1497 320 1530 352 in
1550 328 1585 352 re
1603 319 1756 360 peccavi?
1779 319 1859 361 quid
1877 319 1959 353 feci?
1980 318 2058 362 quid
2085 320 2182 353 omisi
2207 320 2297 362 quod
2318 320 2388 354 lieri
2410 321 2469 355 de·

1402 377 1428 406 Α
1448 372 1554 414 primo
1568 371 1726 413 incipiens
1746 371 1873 414 singula
1890 380 2086 415 percurras3
2103 373 2136 406 et
2150 375 2261 414 postea
2274 397 2286 414 ,
2331 372 2472 416 [bebatr

1401 425 1497 458 malis
1515 423 1667 457 admissis
1680 448 1690 465 ,
1707 426 1740 457 te
1761 424 1870 467 ipsum
1889 433 2048 466 coargue‚
2073 425 2167 458 bonis
2189 426 2316 467 autem,
2341 426 2468 460 loetare.

1403 480 1439 511 ln
1458 477 1507 510 his
1522 476 1582 510 tibi
1603 476 1838 510 elaborandum
1855 477 1923 518 θείς
1940 477 2012 511 haec
2030 477 2192 511 meditare
2203 488 2213 519 ;
2231 477 2307 510 haec
2325 478 2468 511 amanda

1404 531 1475 564 haec
1489 533 1521 565 te
1538 531 1571 564 in
1593 529 1712 564 divinae
1729 531 1862 564 virtutis
1884 531 1938 565 via
1961 532 2078 565 sistent
2098 545 2106 565 ι
2339 530 2442 574 [suut
2459 541 2469 565 :

1404 595 1463 627 per
1480 594 1556 619 eum
1578 586 1667 618 certe
1684 584 1740 627 qui
1762 585 1857 618 nobis
1885 584 2135 628 quaternarium
2165 594 2342 619 numerum
2364 585 2471 620 tradi·

1405 638 1527 671 sontem
1546 637 1697 680 perennis
1716 639 1854 671 naturae.
1873 638 1935 671 Sed
1951 639 2119 681 accingere
2135 638 2175 672 ad
2190 648 2287 681 opus,
2387 638 2467 681 [dit,

1404 700 1423 723 a
1443 691 1514 724 diis
1533 693 1684 733 precatus
1709 693 1747 724 ut
1766 690 1946 732 perficiant.
1965 692 1998 724 Si
2013 699 2089 724 vero
2106 691 2178 725 hoec
2202 694 2331 732 teneas,
2359 690 2466 735 [tium

1406 753 1584 787 cognosces
1606 747 1639 778 et
1665 744 1901 778 immortalium
1923 744 2061 778 deorum
2095 745 2130 778 et
2155 745 2328 778 hominum
2349 746 2472 779 morta·

1407 797 1677 832 constitutionem
1691 822 1701 839 ,
1721 799 1887 840 qnatenus
1908 797 2035 839 singula
2068 796 2225 831 disserant
2249 799 2283 831 et
2303 798 2472 840 quatenus

1804 848 2053 892 [communione
2067 849 2210 891 quadam
2228 850 2470 884 contineantur.

277 1000 299 1030 S
316 1000 347 1030 et
371 998 399 1030 G
416 998 449 1029 et
464 996 623 1029 editiones
635 997 730 1028 Curt.
748 995 862 1036 steph.
882 993 1019 1026 salmas.
1034 992 1176 1026 Brunck.
1195 994 1228 1026 et
1241 992 1342 1025 Gaisi.

277 1045 412 1078 exhibet
435 1043 635 1085 Porphyrius
666 1043 698 1075 in
728 1042 795 1075 vita
827 1042 1023 1084 Pythagorae
1054 1051 1087 1074 n.
1128 1043 1180 1074 40.
1217 1040 1343 1074 Arrian.

1411 991 1535 1032 Reliqui
1554 994 1703 1023 auctores
1732 998 1906 1022 commune
1933 988 2212 1030 Pythagoreorum
2238 987 2471 1029 jusjurandum

1407 1047 1478 1071 esse
1497 1039 1599 1080 aJunt.
1623 1036 1819 1070 Plutarchus
1837 1035 1878 1068 de
1896 1036 1981 1068 Plac.
2005 1035 2122 1077 philos.
2138 1035 2205 1067 vol.
2222 1036 2270 1068 lx
2289 1044 2322 1078 p.
2338 1036 2402 1069 470
2416 1035 2468 1068 ed.

277 1094 364 1126 Diss.
395 1088 537 1134 Epictet.
564 1093 628 1132 111,
676 1095 712 1123 10
742 1090 842 1124 habet
862 1089 1000 1132 ἡμερίων
1029 1089 1129 1132 ἔργων
1157 1089 1345 1130 λογίσασθαι
1407 1085 1537 1119 Reisk.:
1557 1086 1604 1118 διὸ
1619 1085 1673 1118 καὶ
1683 1084 1866 1126 ἐφθέγγοντο
1883 1084 1912 1115 ot
1926 1083 2139 1125 Πυθαγορικοὶ
2153 1084 2196 1120 ὡς
2209 1082 2363 1124 μεγίστου
2375 1082 2472 1126 ὅρκου

277 1142 410 1174 ἕκαστα.

319 1191 365 1222 V.
382 1191 437 1221 42.
452 1191 497 1230 πῇ
513 1186 736 1230 παρέὸην]5ἰο
749 1185 823 1219 edd.
846 1194 978 1227 omnes,
997 1185 1097 1218 etiam
1117 1186 1210 1226 Diog.
1232 1186 1344 1222 Laert.

277 1239 367 1277 Vnt,
386 1241 425 1270 22
437 1239 468 1268 et
486 1236 650 1268 Plutarch.
669 1235 710 1267 de
722 1233 952 1276 superstitione
966 1236 1048 1275 Opp.
1069 1243 1101 1275 p.
1124 1236 1182 1266 168
1198 1234 1284 1275 (vol.
1301 1235 1343 1265 vl

279 1295 309 1326 p.
331 1287 391 1318 642
411 1284 463 1317 ed.
485 1283 619 1324 Reisk.).
641 1282 756 1317 suidas
777 1282 810 1314 in
830 1290 902 1314 voc.
922 1283 1046 1323 Πυθαγ.
1069 1282 1144 1322 legit
1161 1285 1228 1313 ποῖ.
1247 1280 1348 1313 Arabs

279 1331 433 1373 exprimit
450 1334 514 1364 ποῦ
533 1343 541 1363 :
566 1343 582 1359 ι(
601 1329 750 1372 expende
769 1330 841 1362 loca
866 1329 899 1362 in
920 1329 1041 1371 quibus
1065 1328 1187 1370 aliquid
1218 1331 1348 1370 praeter-

280 1388 411 1422 gressus
425 1388 471 1412 es.
489 1391 506 1407 ι»
528 1379 600 1412 Non
618 1379 730 1411 tamen
752 1378 936 1419 putaverim
951 1386 1026 1409 eum
1050 1376 1166 1417 legisse
1190 1378 1274 1417 ποῦ,
1292 1374 1347 1407 sed

281 1437 345 1461 non
364 1431 451 1461 recte
473 1427 727 1469 interpretatum
741 1434 811 1458 esse
833 1429 878 1468 πῇ
890 1450 898 1466 ,
916 1424 1003 1467 qnod
1025 1424 1133 1465 potius
1148 1432 1223 1455 cum
1242 1426 1348 1455 Auso-

280 1477 334 1509 nio
357 1485 416 1518 pro
425 1479 494 1513 πῶς
507 1484 606 1517 quam
627 1484 703 1507 cum
724 1476 886 1507 saraceno
903 1473 1080 1513 interprete
1096 1480 1153 1513 pro
1164 1473 1227 1503 ποῦ
1247 1469 1347 1511 accipi

281 1524 444 1558 convenit.
463 1523 644 1565 Hesychius
659 1526 704 1564 πῇ
717 1547 725 1563 ,
737 1525 819 1563 πῶς,
834 1530 900 1562 quo
913 1522 1008 1562 pacto
1021 1520 1043 1552 i.
1062 1528 1089 1552 e.
1107 1520 1290 1559 quatenus;
1305 1517 1347 1550 ci.

280 1571 397 1604 Tliom.
412 1572 497 1611 Mag.
514 1579 546 1612 p.
565 1573 638 1603 652.
657 1568 817 1602 Ausonius
832 1567 931 1610 Idyll.
950 1567 1039 1608 xvl,
1057 1571 1116 1599 16:

354 1641 420 1676 Qua
432 1639 690 1678 praetergressus?
710 1638 782 1676 quid
798 1640 918 1675 gestum
937 1636 969 1666 in
990 1635 1150 1673 tempore?
1168 1634 1242 1672 quid
1261 1633 1349 1664 non?

282 1700 336 1733 nbi
357 1708 430 1744 qua
450 1699 538 1732 valet
551 1707 623 1741 qua
640 1699 794 1738 racione,
810 1698 1002 1740 quatenus.
1023 1695 1201 1729 Salmasius
1217 1694 1351 1736 exponit

282 1758 354 1792 qua
374 1751 412 1782 in
433 1756 472 1781 re
495 1748 556 1780 loci
575 1747 684 1789 potius
702 1755 834 1779 sensum
851 1771 860 1787 ‚
875 1754 974 1787 quam
997 1744 1150 1777 vocabuli
1168 1743 1234 1775 vim
1252 1743 1348 1775 intui-

280 1801 348 1830 tus.
367 1796 491 1830 Ari-ian.
519 1795 611 1828 Diss.
629 1794 768 1835 Epictet.
784 1793 808 1825 1.
832 1802 861 1826 c.
877 1792 1091 1825 ἐκτετέλεσται
1112 1800 1171 1833 pro
1197 1791 1258 1823 οὐκ
1283 1790 1350 1822 ἐτε-

281 1845 397 1884 λέσθη,
418 1842 506 1884 quod
527 1842 736 1874 librariorum
753 1840 910 1873 mendum
928 1839 1070 1872 videtur.
1083 1840 1162 1871 Nam
1177 1838 1264 1871 Diss.
1287 1838 1348 1877 IV,

282 1897 301 1925 6
323 1892 437 1933 legitur
459 1899 467 1919 τ
487 1890 637 1923 ἆναπόλει
657 1890 697 1921 τὰ
723 1888 929 1931 πεπραγμένα
941 1897 950 1905 ·
966 1890 1012 1930 πῇ
1031 1887 1170 1930 παρέὸην
1186 1889 1250 1917 τῶν
1275 1885 1351 1926 πρὸς

282 1940 422 1983 εὔροιαν;
445 1938 475 1970 τί
502 1937 589 1979 ἔρεξα
606 1938 626 1976 ἢ
653 1937 760 1978 ἄφιλον
777 1938 797 1975 ἢ
821 1936 1053 1976 ἄκοινώνητον;
1079 1934 1108 1966 τί
1133 1945 1185 1975 μοι
1202 1933 1271 1965 δέον
1290 1933 1351 1964 οὐκ

282 1987 427 2025 ἐτελέσθη
448 1985 524 2027 πρὸς
538 1987 636 2016 ταῦτα
646 1995 656 2024 ;

325 2037 368 2068 V.
392 2036 444 2067 43.
465 2033 633 2076 ἀρξάμενος
646 2030 674 2064 δ’
687 2031 751 2065 ἀπὸ
764 2029 911 2074 πρώτου]
923 2029 1081 2063 Arrianus
1096 2028 1119 2061 1.
1139 2036 1167 2060 c.
1184 2026 1351 2071 ἀρξάμενος

282 2082 310 2116 δ’
327 2082 391 2115 ἀπὸ
404 2081 508 2114 τοῦδε.
924 2109 929 2115 ,

324 2131 366 2163 V.
382 2132 434 2162 44.
451 2127 683 2170 &enimomnes
697 2125 772 2159 edd.
789 2126 907 2168 praeter
919 2125 1070 2158 Wechel.
1087 2124 1215 2157 Curter.
1228 2121 1351 2155 Omeis.

283 2181 399 2211 Dacer.
420 2176 544 2210 Needh.
559 2176 698 2208 Ashton.
709 2174 834 2207 Schier.
849 2174 950 2207 Gaisi'.
966 2174 1021 2216 qui
1038 2174 1149 2214 legunt
1162 2171 1248 2205 δεινὰ
1264 2170 1351 2213 quod

284 2228 334 2260 cst
348 2226 444 2259 etiam
462 2223 546 2265 apud
570 2223 699 2256 Arrian.
716 2223 801 2255 Diss.
819 2222 959 2264 Epictet.
980 2222 1001 2254 1.
1017 2231 1051 2253 c.
1073 2222 1170 2262 atque
1184 2221 1216 2252 in
1240 2218 1350 2261 pleris-

283 2283 348 2316 que
362 2273 458 2307 codd.
473 2270 522 2315 [Ο
533 2274 566 2304 et
582 2274 603 2304 S
617 2270 630 2314 ]
644 2270 801 2303 Hieroclis
818 2279 850 2311 p.
869 2273 928 2302 152
947 2269 1032 2310 (nisi
1049 2269 1136 2309 quod
1154 2267 1353 2300 membranae

284 2323 415 2355 Gallicae
435 2322 466 2353 in
492 2321 635 2361 margine
658 2319 745 2353 δειλὰ
759 2317 919 2360 habent),
941 2317 1081 2358 denique
1098 2316 1183 2359 apud
1200 2315 1351 2348 Clemen-

285 2376 350 2404 tem
369 2371 463 2404 Alex.
501 2371 668 2410 Paedagog.
689 2368 747 2400 lib.
770 2369 800 2407 l,
826 2369 865 2399 10
884 2375 921 2407 p.
945 2366 1003 2399 154
1024 2365 1075 2398 ed.
1093 2367 1200 2397 Oxon.
1231 2365 1352 2396 Contra

285 2417 371 2450 δειλὰ
387 2416 547 2458 reperitur
567 2415 601 2447 in
621 2413 754 2455 reliquis
776 2412 975 2446 editionibus
1000 2412 1114 2453 Steph.
1145 2413 1245 2444 Poes.
1272 2410 1350 2451 phil.

286 2474 317 2505 p.
343 2467 412 2496 116.
427 2462 551 2496 Marcii.
567 2461 705 2495 Salmas.
724 2459 868 2494 Brunck.
886 2459 1055 2493 Glandori'.
1073 2459 1175 2492 Orell.
1188 2458 1350 2492 Gaissord.

288 2510 452 2552 Schwepi'.
478 2511 616 2543 Praestat
636 2508 722 2542 δειλὰ
741 2508 828 2550 quod
855 2508 916 2540 hoc
931 2517 1027 2540 sensu
1045 2506 1130 2548 apud
1147 2508 1329 2539 Homerum
1343 2530 1352 2545 ,

286 2558 463 2592 Hesiodum
476 2581 484 2597 ,
498 2558 717 2598 Theognidem
729 2556 906 2590 invenitur.
918 2555 1037 2597 odyss.
1055 2556 1143 2595 vm,
1157 2558 1213 2587 351
1232 2567 1240 2587 :
1255 2553 1352 2586 δειλαί

287 2618 338 2639 τοι
352 2607 462 2638 δειλῶν
476 2616 511 2646 γε
527 2605 581 2637 καὶ
599 2605 707 2645 ἐγγύαι
731 2602 944 2644 ἐγγυάασθαι,
964 2603 1022 2635 ubi
1040 2602 1230 2635 Eustathius
1249 2611 1258 2634 :
1285 2601 1352 2633 ἀντὶ

286 2657 362 2694 τοῦ,
377 2656 441 2685 τῶν
460 2656 568 2685 κακῶν
586 2653 640 2684 καὶ
665 2652 774 2693 ἐγγύαι
792 2651 889 2683 κακαὶ
912 2652 996 2683 ὥστε
1019 2651 1206 2691 ἐγγυᾶσθαι.
1228 2652 1352 2689 Quam-

289 2709 387 2742 quam
401 2700 487 2733 δεινὰ
502 2700 575 2732 terri
590 2707 681 2741 posse
699 2707 763 2730 non
784 2697 933 2739 estquod
955 2697 1088 2729 uberius
1107 2697 1290 2730 ostendam.
1312 2713 1353 2720 —-

289 2747 422 2791 τέρπευ]
444 2747 526 2780 eod.
549 2749 646 2788 Ven.;
669 2746 782 2788 reliqui
806 2746 920 2787 τέρπου
942 2746 1002 2786 (ut
1026 2747 1058 2778 S.
1090 2746 1122 2777 in
1156 2745 1353 2786 comment.)

290 2795 378 2838 quod
396 2799 446 2828 est
463 2795 495 2827 in
512 2794 664 2827 omnibus
683 2793 757 2826 edd.
774 2795 849 2825 ante
873 2793 1148 2826 Needhamianam
1171 2791 1351 2834 promulga-

290 2845 350 2877 tis.
371 2843 534 2875 Praeterea
558 2842 674 2884 τέρπου
694 2840 893 2882 scripserunt
915 2839 1053 2872 Brunck.
1077 2839 1176 2872 orell.
1199 2838 1299 2872 Gaisi.
1319 2839 1353 2870 in

291 2889 400 2923 Poetis
420 2889 619 2929 minoribus,
644 2887 820 2929 Schwepi'.;
839 2888 951 2931 τέρπευ
973 2888 1108 2920 tuentur
1125 2886 1248 2919 Needh.
1273 2885 1355 2919 Ash-

292 2941 361 2972 ton.
377 2937 501 2971 Schier.
516 2935 634 2969 Gland.
655 2937 694 2968 ut
715 2935 817 2975 magis
835 2935 1008 2976 poeticum.
1021 2936 1099 2967 Post
1116 2934 1204 2966 hunc
1225 2942 1354 2966 versum

293 2988 326 3021 in
340 2987 445 3022 codd.
465 2983 706 3020 oxoniensibus
720 2986 759 3016 A.
780 2985 818 3015 c.
834 2984 877 3014 D.
892 2983 925 3015 in
934 2985 1025 3016 ven.
1042 2984 1075 3015 et
1092 2983 1280 3024 augustano
1297 2981 1353 3014 ite·

293 3045 364 3069 rum
382 3035 490 3068 exstat
509 3031 694 3065 versiculus
720 3030 875 3072 spurius:

377 3104 444 3136 ταῖς
458 3099 565 3135 αὐταῖς
579 3097 701 3138 ἀρεταῖς
714 3098 804 3127 ποιεῦ
816 3094 915 3136 φίλον,
930 3094 965 3126 ὅν
978 3093 1008 3126 κ’
1023 3095 1186 3136 ἐθέλῃσθα,

293 3183 391 3217 quem
410 3170 574 3205 Harlesius
594 3170 679 3200 recte
696 3166 1020 3207 interpretamentum
1035 3173 1148 3197 versus
1165 3165 1269 3205 quinti
1287 3173 1357 3196 esse

296 3225 533 3302 “aggith-48
557 3262 742 3305 Empedocli
764 3261 953 3294 tribuuntur
970 3260 1001 3292 in
1021 3260 1235 3300 Theologum.
1256 3260 1357 3292 arith-

297 3319 375 3352 met.
394 3326 426 3358 p.
444 3318 483 3348 20
499 3324 507 3346 :
525 3311 678 3348 Τοιαύτης
695 3310 727 3342 δὲ
741 3309 853 3348 οὔσης,
864 3308 1028 3350 ἐπώνυμον
1045 3308 1150 3347 (corr.
1173 3307 1356 3348 ἐπώμνυον)

295 3365 335 3399 δι’
361 3365 455 3402 αὐτῆς
471 3362 511 3394 τὰ
537 3358 725 3400 Πυθαγόρου
747 3358 776 3389 οἱ
797 3357 901 3397 ἄνδρες
922 3355 1127 3398 θαυμάζοντες
1144 3355 1285 3392 δηλονότι
1303 3357 1357 3387 καὶ

294 3413 539 3455 ἀνευφημοῦντες
554 3408 603 3440 ἐπὶ
617 3410 655 3448 τῇ
670 3404 794 3447 εὑρήσει
805 3429 814 3444 ,
829 3403 912 3436 καθά
927 3414 988 3435 που
1007 3403 1060 3435 καὶ
1073 3401 1284 3444 Ἐμπεδοκλῆς
1295 3411 1303 3419 “

381 3483 429 3516 Οὐ
448 3481 492 3524 μὰ
512 3480 566 3512 τὸν
583 3476 718 3519 ἁμετέρᾳ
735 3477 828 3517 γενεᾷ
845 3473 1026 3515 παραδόντα
1040 3472 1208 3515 τετρακτύν
1221 3496 1230 3512 ,

380 3528 485 3566 παγὰν
502 3525 615 3558 ἀενάου
634 3523 754 3564 φύσεως
772 3519 920 3562 ριζώματ’
934 3520 1082 3560 ἔχουσαν.

1407 1134 1495 1172 ὄντος
1507 1137 1561 1173 τῆς
1578 1133 1722 1176 τετράδος
1733 1142 1741 1149 ·
1764 1133 1801 1164 οὐ
1829 1131 1873 1174 μὰ
1896 1131 1949 1164 τὸν
1967 1132 2103 1174 ἁμετέρᾳ
2120 1132 2209 1175 ψυχᾷ
2225 1131 2406 1174 παραδόντα
2423 1141 2471 1163 τε·

1406 1183 1552 1224 τρακτύν,
1567 1182 1680 1222 Παγὰν
1694 1180 1808 1213 ἀενάου
1825 1179 1946 1222 φύσεως
1961 1178 2108 1222 ῥιζώματ“
2122 1179 2261 1222 ἔχουσαν
2273 1203 2283 1219 ,
2298 1178 2355 1212 ubi
2373 1179 2471 1220 wyt-
2488 1209 2493 1215 ,

1408 1230 1602 1263 tenbachius
1625 1233 1657 1262 et
1675 1229 1842 1262 Huttenus
1862 1230 1951 1260 recte
1969 1229 2147 1269 posuerunt
2165 1226 2287 1274 ρίζωμά
2309 1228 2339 1260 τ’
2353 1228 2471 1269 pariter

1407 1281 1504 1321 atque
1517 1279 1635 1311 Sextus
1649 1276 1830 1318 Empiricus
1840 1275 1915 1308 adv.
1931 1275 2086 1308 Mathem.
2096 1277 2172 1316 vn,
2183 1278 2223 1309 94
2234 1277 2346 1308 ετοῦτο
2358 1273 2472 1318 appat-
2486 1276 2491 1281 '

1406 1337 1508 1363 νοντες
1524 1327 1554 1358 οἵ.
1569 1323 1783 1366 Πυθαγορικοί
1791 1348 1800 1364 ,
1821 1323 1897 1356 ποτὲ
1918 1323 1972 1366 μὲν
1990 1324 2120 1356 εἰώθασι
2133 1324 2233 1366 λέγειν
2247 1323 2284 1357 τὸ
2297 1341 2339 1347 -
2350 1323 2472 1366 ἀριθμῷ

1407 1375 1440 1407 δέ
1457 1385 1491 1406 τε
1509 1372 1598 1406 πᾶντ’
1612 1374 1754 1406 ἐπέοικεν
1766 1380 1775 1390 ·
1791 1372 1868 1404 ποτὲ
1882 1372 1915 1403 δὲ
1931 1371 1984 1404 τὸν
2001 1371 2218 1413 φυσικώτατον
2237 1371 2367 1414 ὀμνύναι
2380 1371 2473 1414 ὅρκον

1408 1421 1543 1462 οὕτωσί,
1563 1422 1599 1453 οὐ
1622 1421 1666 1461 μὰ
1685 1421 1740 1452 τὸν
1774 1420 1911 1462 ἁμετέρᾳ
1930 1420 2050 1461 κεφαλᾷ
2077 1418 2260 1461 παραδόντα
2282 1418 2471 1462 τετρακτύν,

1408 1469 1521 1511 Παγὰν
1535 1469 1649 1501 ἀενάου
1665 1469 1786 1511 φύσεως
1801 1466 1922 1510 ῥίζωμά
1935 1465 1962 1498 τ’
1976 1467 2125 1509 ἔχουσαν.
2142 1466 2232 1499 idem
2249 1466 2363 1500 eodem
2375 1465 2474 1500 modo

1408 1518 1483 1551 adv.
1502 1517 1643 1550 Arithm.
1655 1516 1712 1548 lib.
1725 1517 1783 1556 IV,
1801 1519 1818 1548 2
1832 1525 1862 1556 p.
1879 1517 1939 1548 332
1951 1539 1961 1556 ,
1977 1514 2039 1547 nisi
2056 1513 2142 1556 quod
2160 1515 2249 1558 ψυχᾷ
2258 1515 2291 1548 et
2303 1515 2407 1557 πηγὴν
2417 1514 2475 1547 ha-

1411 1565 1477 1597 bet.
1496 1563 1702 1597 Jamblichus
1717 1562 1757 1595 de
1773 1562 1833 1594 vit.
1848 1562 1986 1603 Pythag.
2003 1561 2022 1604 §
2042 1564 2102 1594 150
2124 1563 2157 1594 et
2173 1566 2232 1595 102
2249 1561 2363 1595 itidem
2382 1564 2474 1598 exhi·

1410 1613 1464 1645 bet
1484 1610 1606 1655 ῥίζωμά
1632 1622 1651 1643 τ
1686 1613 1784 1652 atque
1809 1609 1842 1642 in
1864 1609 1971 1650 priore
1991 1618 2087 1641 versu
2113 1608 2250 1653 ἁμετέρᾳ
2276 1611 2369 1653 γενεᾷ
2396 1619 2472 1646 cum

1408 1660 1521 1693 codice
1535 1659 1712 1693 vaticano.
1730 1657 1825 1699 Apud
1843 1657 2047 1690 Macrobium
2063 1657 2095 1689 in
2112 1658 2223 1690 somn.
2247 1656 2334 1699 scip.
2350 1656 2388 1698 ’1,
2403 1663 2422 1692 6
2441 1664 2474 1694 et

1411 1708 1567 1750 Porphyr.
1590 1707 1650 1740 vii.
1668 1706 1803 1748 Pythag.
1830 1705 1850 1748 §
1880 1710 1919 1738 2ο
1946 1705 2096 1738 scribitur
2110 1704 2202 1737 initio
2221 1713 2334 1738 versus
2360 1707 2474 1748 prioris

1408 1756 1445 1787 οὐ
1466 1755 1509 1798 μὰ
1527 1765 1535 1786 :
1552 1757 1667 1787 contra
1682 1751 1919 1794 Jambliclius§
1936 1753 1995 1784 150
2013 1752 2058 1784 ita
2075 1751 2151 1792 legit
2166 1762 2175 1784 ι
2202 1751 2253 1784 ναὶ
2265 1752 2311 1795 μὰ
2326 1753 2380 1786 τὸν
2396 1755 2471 1798 ἁμε-

1409 1805 1498 1846 τέρας
1515 1802 1627 1845 σορίας
1641 1801 1770 1845 εὑρόντα
1786 1799 1967 1842 τετρακτύν,
1981 1798 2069 1842 sed§
2088 1802 2147 1833 162
2164 1799 2200 1832 οὗ
2213 1799 2260 1842 μὰ
2269 1799 2322 1833 τὸν
2338 1801 2473 1846 ἁμετέρῃ

1409 1855 1499 1894 γενεῇ
1518 1850 1699 1893 παραδόντα
1711 1860 1793 1891 τετρ.
1819 1847 2033 1889 Plutarchus,
2049 1847 2251 1887 Macrobius,
2275 1848 2474 1891 Porphyrius

1410 1903 1442 1933 ct
1473 1900 1563 1932 Theo
1584 1900 1773 1940 Smyrnoeus
1793 1896 1826 1929 in
1856 1904 1970 1929 eorum
1992 1903 2066 1936 quae
2107 1895 2142 1928 in
2174 1895 2412 1931 Mathematicis
2431 1897 2474 1931 ad

1411 1946 1552 1979 Platonis
1567 1946 1738 1978 lectionem
1757 1943 1847 1977 utilia
1865 1944 1962 1983 sunt,
1977 1942 2179 1984 expositione
2190 1941 2241 1976 ed.
2260 1942 2380 1978 Ismael
2396 1945 2474 1978 Bul-

1409 1994 1497 2027 liald.
1518 1992 1640 2036 (Paris.
1663 1991 1767 2034 1644)
1783 1993 1909 2033 cap.>38
1925 2000 1957 2032 p.
1978 1992 2034 2023 147
2052 1990 2198 2032 praebent
2215 1991 2315 2034 ψυχᾷ,
2332 1991 2420 2033 qnod
2437 1992 2470 2025 in

1410 2042 1570 2075 Carminis
1585 2040 1674 2074 aurei
1690 2039 1785 2072 codd.
1799 2040 1925 2079 exstat,
1944 2046 2002 2080 pro
2014 2040 2107 2081 γενεᾷ
2119 2060 2128 2076 ,
2151 2037 2208 2070 sed
2221 2039 2339 2071 Sextus
2356 2037 2379 2072 1.
2399 2047 2428 2072 c.
2441 2041 2474 2073 et

1409 2089 1559 2122 stobaeus
1576 2089 1644 2122 Ecl.
1667 2088 1764 2129 phys.
1780 2095 1813 2128 p.
1835 2089 1896 2119 302
1913 2085 2034 2128 κεφαλᾷ
2047 2109 2056 2124 ,
2077 2084 2111 2117 111
2130 2083 2226 2125 cuius
2244 2083 2334 2117 libris
2350 2084 2474 2119 neere-

1409 2139 1483 2171 nius
1499 2139 1532 2170 et
1546 2135 1748 2171 Gaist'ordius
1764 2134 1863 2167 etiam
1880 2133 2026 2166 ἐπιθέντα
2036 2142 2098 2174 pro
2112 2131 2297 2175 παραδόντα
2313 2132 2473 2174 scriplum

1410 2187 1609 2226 repererunt.
1642 2183 1792 2216 Julianus
1818 2182 1911 2214 Orat.
1941 2185 1960 2213 6
1984 2190 2015 2222 p.
2049 2183 2120 2213 196.
2152 2181 2179 2212 C
2213 2179 2266 2213 ed.
2296 2180 2473 2222 spanhem.

1410 2233 1447 2265 οὐ
1465 2232 1509 2275 μὰ
1518 2233 1571 2265 τὸν
1587 2232 1620 2264 ἐν
1636 2232 1809 2272 στέρνοισιν
1820 2228 1905 2270 ἐμοῖς
1917 2228 2032 2271 παραδ.
2048 2238 2128 2269 τετρ.
2141 2225 2326 2259 Methodius
2341 2226 2373 2258 in
2390 2227 2473 2260 Gon·

1411 2280 1497 2312 vivio
1518 2280 1629 2312 decem
1649 2277 1811 2319 virginum
1829 2277 1920 2309 Orat.
1949 2280 1967 2308 6
1997 2278 2084 2308 extr.
2103 2283 2135 2315 p.
2154 2277 2192 2306 81
2214 2273 2366 2306 editionis
2385 2274 2472 2307 Petr.

1411 2328 1534 2360 possin.
1554 2327 1566 2368 (
1581 2326 1679 2359 Paris.
1700 2323 1802 2367 1657)
1819 2324 1870 2356 ναὶ
1886 2322 1930 2365 μὰ
1940 2323 1992 2355 τὸν
2006 2322 2159 2364 ἁμετέρας
2171 2323 2254 2360 ζωᾶς
2269 2320 2411 2359 δείξαντα
2419 2331 2475 2355 κε·

1410 2375 1545 2412 λεύοους.
1564 2376 1628 2407 Ρτο
1641 2373 1755 2406 ἀενάου
1776 2372 1859 2404 male
1877 2371 1911 2403 in
1933 2369 2101 2402 Plutarch.
2120 2372 2214 2402 textu
2231 2367 2362 2401 ἀεννάου
2373 2367 2472 2402 dede-

1411 2426 1487 2455 runt
1508 2422 1646 2455 Beckius
1675 2424 1707 2455 et
1740 2421 1922 2459 Huttenus,
1949 2417 2033 2450 idem
2064 2416 2207 2450 fecerunt
2238 2415 2416 2449 Heerenius
2437 2417 2470 2450 et

1410 2470 1613 2503 Gaissordius
1630 2468 1662 2501 in
1679 2467 1799 2501 stobaei
1820 2466 1929 2506 Eclog.
1946 2464 2097 2505 Denique
2111 2472 2169 2505 pro
2187 2462 2309 2505 φύσεως
2323 2463 2472 2506 Porphy-

1410 2518 1447 2550 rii
1464 2519 1497 2550 et
1513 2516 1635 2550 Stobaei
1651 2514 1747 2549 codd.
1759 2513 1879 2546 habent
1896 2513 2016 2555 φύσιος.
2031 2513 2097 2545 Nos
2108 2510 2257 2543 codicum
2268 2510 2324 2552 qui
2336 2518 2473 2543 aureum

1411 2573 1539 2598 carmen
1558 2563 1726 2597 continent
1745 2561 1941 2602 scripturam
1961 2558 2178 2591 servavimus.
2203 2557 2299 2591 Nulla
2313 2559 2424 2590 alitem
2441 2557 2475 2590 in

1411 2613 1462 2645 his
1484 2616 1583 2654 atque
1607 2611 1640 2644 in
1670 2608 1866 2643 editionibus
1895 2606 2040 2640 lectionis
2073 2604 2288 2647 discrepantia
2313 2606 2361 2638 est
2373 2628 2383 2644 ,
2415 2604 2475 2638 nisi

1414 2660 1501 2702 quod
1520 2659 1654 2693 Juntina
1675 2664 1751 2690 cnm
1773 2655 1876 2689 Codd.
1897 2654 1981 2688 Gall.
2001 2662 2060 2695 pro
2077 2651 2191 2686 ἀενάου
2212 2652 2359 2694 neglecto
2372 2655 2476 2686 metro

1412 2709 1509 2741 habet
1523 2706 1666 2740 ἀεννάου.
1681 2706 1842 2738 Praeterea
1860 2702 1932 2735 libri
1949 2701 2062 2735 Gallici
2075 2710 2131 2743 pro
2142 2701 2208 2734 ἀλλ’
2223 2701 2315 2744 ἔρχευ
2325 2698 2372 2733 ἐπ’
2386 2700 2475 2743 ἔργον

1412 2756 1566 2789 exhibent
1581 2754 1648 2788 ἀλλ’
1668 2755 1754 2796 ἔργον
1766 2751 1814 2784 ἐπ’
1834 2751 1928 2793 ἔργῳ.

1453 2805 1495 2837 V.
1513 2807 1566 2837 50.
1584 2800 1739 2844 γνώσεαι]
1757 2802 1790 2833 S.
1806 2801 1846 2832 G.
1871 2802 1917 2838 ος
1937 2797 2015 2829 item
2030 2798 2194 2829 Camerar.
2213 2794 2337 2828 Neand.
2353 2794 2467 2835 Steph.

1412 2852 1445 2885 in
1472 2852 1562 2885 Poet.
1580 2858 1628 2891 gr.
1658 2849 1762 2890 princ.
1786 2847 1878 2880 Curt.
1912 2845 2000 2886 sylb.
2024 2843 2150 2882 Needh‚
2176 2842 2315 2875 Ashton.
2349 2841 2473 2874 Scliier.

1412 2898 1543 2938 Gland.;
1562 2897 1671 2938 γνώσῃ
1692 2894 1764 2928 Ald.
1783 2893 1897 2934 Steph.
1922 2893 1953 2924 in
1970 2893 2062 2924 Poes.
2084 2889 2164 2932 phil.
2183 2898 2215 2930 p.
2241 2891 2311 2922 116.
2331 2888 2470 2922 Salmas.

1413 2944 1552 2980 Brunck.
1565 2944 1664 2977 orell.
1683 2941 1844 2982 Schwepf.

1454 2995 1495 3027 V.
1521 2996 1654 3026 50—51.
1667 2990 1805 3031 γνώσεαι
1821 2987 1982 3021 ἀθανάτων
1995 2997 2029 3018 τε
2040 2986 2117 3018 θεῶν
2133 2985 2251 3022 θνητῶν
2263 2983 2290 3015 τ’
2303 2982 2478 3026 ἀνθρώπων

1413 3042 1578 3082 σύστασιν,
1595 3039 1617 3082 ἦ
1636 3049 1669 3071 τε
1687 3039 1806 3071 ἕκαστα
1835 3035 1988 3076 διέρχεται
2013 3032 2034 3074 ἦ
2062 3043 2096 3064 τε
2114 3029 2287 3074 κρατεῖται]
2313 3029 2477 3062 Hierocles

1413 3099 1446 3132 p.
1465 3091 1522 3123 174
1536 3087 1765 3129 interpretatur
1782 3097 1790 3117 ι
1807 3087 1930 3126 πρῶτον
1945 3082 1999 3120 μὲν
2013 3080 2203 3121 θεογνωτίαν
2226 3079 2280 3111 καὶ
2297 3076 2479 3118 θεολογικὴν

1414 3138 1591 3180 ἐπιστήμην
1601 3134 1793 3178 παρέσεσθαι
1802 3134 1864 3167 τοῖς
1877 3131 1975 3166 οὕτως
1988 3129 2108 3170 ἁχῡεῖσι
2122 3126 2273 3168 προλέγει,
2284 3125 2338 3157 καὶ
2351 3123 2478 3156 πάντων

1413 3189 1476 3219 τῶν
1491 3186 1553 3218 ἀπὸ
1566 3188 1619 3223 τῆς
1634 3185 1716 3225 ἱερᾶς
1730 3178 1913 3222 τετρακτύος
1927 3177 2130 3210 ὑποστάντων
2145 3175 2200 3213 τὴν
2215 3174 2384 3213 ἐπίγνωσιν
2397 3170 2478 3213 μετὰ

1414 3239 1468 3273 τῆς
1482 3232 1566 3266 κατὰ
1581 3231 1667 3272 γένος
1683 3229 1786 3261 αὐτῶν
1805 3226 1988 3268 διακρίσεως
2001 3226 2054 3257 καὶ
2068 3228 2122 3262 τῆς
2138 3225 2180 3260 εἷς
2198 3223 2252 3255 ἕνα
2267 3221 2389 3261 κόσμον
2402 3220 2477 3254 ἐνώ-

1415 3292 1507 3318 σεως.
1534 3279 1599 3318 Τὴν
1618 3278 1673 3320 μὲν
1691 3276 1750 3317 γὰρ
1764 3274 1951 3309 σύνταξιν
1979 3272 2082 3303 αὐτῶν
2107 3270 2239 3302 ἐνταῦθα
2268 3269 2304 3301 τὸ
2328 3271 2384 3306 τῆς
2408 3278 2477 3304 σν·

1417 3327 1558 3363 στάσεως
1579 3326 1678 3366 ὄνομα
1694 3324 1797 3361 δηλοῖ·
1809 3321 1846 3353 τὸ
1864 3320 1896 3352 δὲ
1910 3319 1930 3361 ᾗ
1944 3320 2146 3360 διέρχεται
2159 3318 2214 3355 τὴν
2229 3315 2299 3347 κατ’
2311 3315 2392 3351 εἶδος
2409 3314 2479 3346 δια-

1416 3374 1522 3417 φοράν·
1537 3373 1590 3405 καὶ
1604 3372 1640 3404 τὸ
1656 3370 1677 3412 ’ᾖ
1690 3381 1763 3412 κρα
1773 3380 1791 3401 τ
1801 3371 1890 3400 εἶτα
1902 3379 1911 3399 ι
1926 3367 1981 3405 τὴν
1991 3366 2074 3397 κατὰ
2087 3365 2174 3404 γένος
2189 3361 2363 3394 κοινωνίαν.
2376 3360 2478 3394 Φύσει

1416 3422 1476 3464 γὰρ
1496 3421 1651 3454 διεστῶτα
1672 3421 1736 3451 τῶν
1751 3418 1889 3457 λογικῶν
1908 3415 2024 3446 οὐσιῶν
2041 3412 2081 3444 τὰ
2096 3412 2169 3452 γένη
2191 3409 2274 3441 κατὰ
2288 3408 2405 3445 ταύτην
2422 3407 2478 3444 τὴν

1418 3469 1580 3501 διάστασιν
1597 3468 1639 3503 εἷς
1657 3466 1730 3507 μίαν
1747 3461 1912 3496 κοινωνίαν
1925 3461 2119 3502 συνέρχεται.
2138 3460 2193 3499 Τῷ
2207 3457 2266 3498 γὰρ
2280 3454 2411 3487 εἶναιτὰ
2423 3453 2478 3493 μὲν

1418 3519 1547 3558 πρῶτα,
1563 3515 1603 3547 τὰ
1621 3515 1651 3547 δὲ
1670 3513 1751 3555 μέσα
1764 3536 1773 3553 ,
1794 3510 1834 3543 τὰ
1848 3510 1881 3542 δὲ
1898 3509 2020 3550 ἔσχατα
2037 3507 2228 3547 διακέκριται
2242 3505 2307 3544 ἅμα
2324 3503 2378 3534 καὶ
2394 3502 2478 3539 ἥνω-
