2612 3814
55 332 73 417 ,ι’
99 333 182 375 δὲ’
158 348 290 373 ατοπον
310 348 371 372 και
386 331 426 370 τὸ
441 330 660 386 προσάπτειν
681 346 731 384 τῳ
749 328 799 381 μὴ
818 331 891 370 ὄντι
905 330 1083 384 ἀπειρίαν.
1104 332 1159 372 Οὗ

59 393 167 447 γὰρ
187 398 275 440 πᾶν,
300 393 330 431 εἷ
359 391 410 443 μὴ
432 389 507 444 ἔχει
526 389 656 444 πέρας,
687 389 829 443 ἄπειρον
853 389 1066 442 λέγομεν,“’
1021 406 1162 463 ,ωσπερ

54 454 169 505 :aava
186 451 306 492 ἄνισον
335 453 399 490 οὐκ
431 448 472 489 ἂν
494 454 652 524 φαῖμενω
650 442 740 488 εἶναι
770 449 811 488 τὸ
840 449 930 499 μὴ”
909 465 961 491 ον.
1021 446 1107 490 Ἔτι
1127 450 1162 488 τί

63 514 158 554 οὐκ
174 510 217 551 ἂν
238 510 313 564 ἔχοι
333 512 352 549 ὁ
368 508 443 554 θεὸς
476 507 585 564 πέρας
618 502 666 554 εἱς
695 507 767 557 ὤν;
803 509 881 548 ἀλλ’
903 510 941 548 οὗ
958 508 1045 561 πρὸς
1069 509 1158 549 θεόν.

94 573 139 612 Εἰ
156 569 193 610 δὲ
214 569 250 610 ἓν
262 568 366 622 μόνον
386 568 481 608 ἐστὶν
499 570 518 607 ὁ
532 568 621 617 θεός,
637 568 712 608 ἓν
694 585 737 608 αν
756 567 810 617 εἴη
832 568 937 620 μόνον
958 569 1019 608 καὶ
1038 568 1083 608 τὰ
1096 572 1159 609 τοῦ

54 646 81 669 κ·
95 635 174 671 θεοῦ
186 630 291 684 μέρη·
305 628 381 669 ἐπεὶ
394 628 455 668 καὶ
469 628 562 669 τοῦτ’
581 628 727 680 ἄτοπον,
742 630 772 668 εἷ
786 634 855 674 τοῖς
869 630 1012 674 πολλοῖς
1027 628 1158 679 ξυμὸέ-

52 690 78 738 ff
95 690 186 763 ὅηκε
205 688 424 741 πεπεράνθαι
437 687 525 741 πρὸς
536 688 687 738 ἄλληλα,
706 687 763 728 διὰ
777 704 878 728 τουτο
897 687 936 727 τὸ
947 687 984 727 ἓν
996 687 1084 740 μὴ’
1064 703 1158 741 εχειν

47 799 49 802 Ι
51 749 220 825 ἐέπέρας.
246 748 406 788 Πολλὰ
437 749 505 802 γὰρ
526 751 599 793 τοῖς
621 749 766 793 πολλοῖς
784 748 846 788 καὶ
865 764 915 802 τω
935 748 1019 787 ἑνὶε
1005 747 1158 801 υπάρχει

48 821 77 855 >z
95 809 230 858 ταύτά,
251 808 326 848 ἐπει
346 808 407 848 καὶ
429 808 470 848 τὸ
490 803 578 848 εἶναι
597 808 711 848 κοινὸν
737 809 853 853 αὐτοῖς
871 809 979 848 ἐστιν.
1011 805 1159 847 Ἄτοπον

46 863 71 922 J,
94 863 154 909 ουν
174 867 295 914 ἴσως
277 885 318 907 αν
336 868 404 918 εἴη,
425 871 455 908 εἷ
476 867 532 907 διὰ
548 883 651 908 τουτο
669 867 719 921 μὴ
735 883 864 922 φαιμεν
884 861 973 907 εἶναι
994 867 1051 906 τὸν
1071 865 1159 916 θεόν,

93 930 124 968 εἷ
140 928 187 967 τὰ
205 927 322 968 πολλὰ
336 928 444 977 ἔστιν,
466 926 561 972 ὅπως
581 926 630 979 μὴ
644 927 762 980 ὅμοιον
775 927 875 967 ἔσται
895 929 1011 971 αὐτοῖς
1027 925 1156 979 ταύτῃ.

47 980 61 985 ’Ἴ
94 987 180 1028 Ἔτι
203 988 237 1026 τί
258 987 387 1028 κωλύει
407 987 625 1042 πεπεράνθαι
643 987 704 1027 καὶ
737 987 832 1041 ἔχειν
851 987 988 1039 πέρατα
1016 985 1052 1024 ἓν
1072 984 1156 1024 ὄντα

91 1103 173 1146 ρίαν.
190 1105 361 1145 Perperam
377 1103 522 1137 hocloco
535 1104 607 1136 cod.
623 1103 710 1146 Lips.
724 1103 805 1140 ἴσως
821 1103 854 1135 δὲ
869 1102 905 1134 τὸ
921 1101 1039 1134 ἄτοπον
1054 1101 1091 1134 τὸ
1104 1101 1158 1134 καὶ

47 1160 52 1189 7
88 1151 298 1194 προσάπτειν.

89 1247 143 1279 Sic
161 1246 346 1288 Bekkerus3
363 1250 476 1279 contra
493 1246 677 1280 Brandisius
697 1245 826 1278 rescribi
848 1245 919 1277 vult
935 1245 979 1277 ἔτι
995 1245 1025 1278 τί
1046 1245 1103 1277 οὐκ
1121 1246 1158 1278 ἂν

36 1303 45 1322 ,·
92 1296 160 1336 ἔχοι
180 1295 198 1327 ὁ
215 1294 282 1331 θεὸς
299 1295 394 1336 πέρας
407 1293 449 1330 εἷς
462 1293 518 1335 ὤν,
531 1293 597 1326 ἀλλ’
610 1294 647 1326 οὐ
661 1293 736 1336 πρὸς
753 1293 835 1332 θεόν,
851 1292 939 1334 quod
953 1293 1030 1325 satis
1045 1294 1158 1333 aptum

90 1344 151 1380 est.
175 1344 213 1375 In
234 1341 316 1373 libro
339 1341 497 1382 Lipsiensi
522 1341 679 1382 reperitur
693 1341 735 1378 είς
757 1341 801 1373 ὢν
817 1340 911 1372 ἄλλου
929 1339 1005 1382 πρὸς
1021 1340 1102 1381 θεόν,
1126 1340 1158 1372 in

35 1389 41 1399 ²
92 1396 159 1429 quo
179 1388 260 1421 latet
276 1388 371 1421 lectio
387 1387 480 1420 ἄλλον
496 1388 572 1431 πρὸς
589 1387 671 1427 θεόν,
697 1396 797 1429 quam
814 1387 863 1419 bis
881 1387 987 1420 verbis
1005 1387 1159 1429 exprimit

38 1435 43 1462 l
92 1435 272 1469 Felicianus
292 1444 300 1468 :
325 1448 338 1465 ι
365 1435 495 1469 accedit
517 1434 605 1477 quod
632 1434 736 1473 deus,
754 1444 837 1467 unus
855 1444 958 1477 quum
978 1434 1039 1474 sit,
1061 1434 1157 1467 tinem

93 1486 255 1525 quantum
271 1482 311 1515 ad
327 1482 427 1516 alium
441 1481 539 1515 deum
554 1484 678 1524 spectat
690 1492 753 1515 non
767 1483 875 1515 habet.
892 1495 908 1512 n
921 1482 982 1516 sed
1000 1482 1157 1516 Brandisii

90 1530 312 1573 conjecturam
329 1539 438 1563 veram
452 1539 523 1564 esse
535 1540 610 1564 cum
624 1540 643 1564 e
660 1530 854 1573 praecedenti
870 1532 1059 1573 capitatum
1075 1540 1094 1565 e
1106 1540 1157 1564 se-

91 1577 268 1619 quentibus
286 1578 394 1611 verbis
407 1578 557 1613 efficitur.

134 1625 167 1658 b.
192 1629 221 1658 1.
247 1626 273 1658 εί
291 1625 324 1659 δὲ
339 1626 371 1666 ἓν
391 1625 486 1668 μόνον
503 1626 599 1667 ἐστίν,
617 1627 634 1659 ὁ
654 1626 720 1663 θεὸς
737 1626 774 1659 ἂν
795 1626 844 1665 εἴη
861 1626 956 1669 μόνον
972 1627 1025 1659 καὶ
1046 1626 1086 1659 τὰ
1101 1630 1156 1658 τοῦ

90 1675 163 1706 θεοῦ
183 1674 273 1717 μέρη.
294 1674 360 1707 ἐπεὶ
379 1674 432 1706 καὶ
448 1672 533 1706 τοῦτ’
549 1674 679 1714 ἄτοπον,
698 1675 725 1706 εἰ
746 1677 812 1711 τοῖς
831 1675 958 1711 πολλοῖς
975 1675 1157 1716 συμόέὸηκε

27 1719 57 1759 5'·
90 1721 282 1765 πεπεράνθαι
294 1722 369 1765 πρὸς
382 1721 518 1762 ἄλληλα,
535 1721 587 1754 διὰ
603 1725 695 1754 τοῦτο
709 1721 746 1754 τὸ
761 1722 793 1754 ἓν
813 1722 857 1762 μή
874 1721 957 1764 ἔχειν
973 1723 1081 1764 πέρας.
1098 1723 1155 1766 Ni-

27 1774 36 1814 Q
93 1770 138 1803 ΙιῐΙ
160 1770 213 1803 Ιιίο
234 1770 338 1803 variat
352 1769 426 1803 cod.
451 1770 551 1811 Lips.,
565 1769 629 1801 nisi
652 1768 739 1811 quod
766 1769 940 1810 ξυμὸέὸηκε
958 1770 1092 1811 praebet.
1116 1772 1157 1803 At

32 1822 33 1825 ’
89 1820 281 1860 corruptum
299 1826 367 1851 esse
383 1817 471 1850 bunc
486 1817 594 1850 locum
609 1817 729 1850 omissa
741 1825 806 1849 una
820 1819 944 1849 tantum
964 1817 1021 1850 sed
1038 1818 1157 1858 gravis·

91 1866 174 1898 sima
194 1866 310 1899 vocula
327 1865 459 1898 minime
474 1865 564 1898 latet.
578 1866 660 1898 Nam
680 1865 967 1906 argumentationis
987 1865 1068 1898 ratio
1097 1875 1155 1907 po-

62 1916 66 1920 '
91 1914 192 1950 stulat
209 1915 245 1946 ut
266 1913 426 1946 scribatur
435 1914 461 1946 εἰ
477 1914 510 1946 δὲ
527 1914 559 1946 ἓν
574 1913 669 1955 μόνον
684 1913 768 1945 ἐστὶν
779 1914 796 1945 ὁ
810 1913 876 1950 θεός
886 1938 895 1954 ,
907 1913 939 1946 ἓν
952 1913 989 1945 ἂν
1001 1913 1048 1951 εἵη
1061 1914 1155 1954 μόνον

89 1962 144 1994 καὶ
167 1962 207 1994 τὰ
221 1965 278 1994 τοῦ
296 1963 368 1994 Θεοῦ
386 1963 475 2004 μέρη.
505 1963 542 1994 ln
562 1961 698 1994 eandem
725 1962 917 1994 sententiam
937 1962 1119 1994 Felicianus
1145 1975 1153 1995 :

22 2007 50 2053 ’ζ’
92 2022 108 2036 «ι
123 2009 149 2042 si
162 2017 239 2042 vero
251 2018 351 2042 unum
366 2012 492 2042 tantum
506 2012 555 2042 est
568 2008 661 2051 deus,
675 2018 779 2042 unum
793 2010 891 2043 etiam
908 2011 1035 2042 tantum
1049 2012 1156 2052 partes

22 2072 38 2086 ,ι-
91 2055 191 2098 ipsius
208 2056 259 2089 dei
273 2057 379 2089 erunt.
395 2069 412 2086 u

34 2103 39 2146 s
133 2108 165 2138 5.
188 2104 305 2137 ἄτοπον
321 2104 376 2137 οὗν
400 2104 478 2142 ἴσως
497 2104 534 2137 ἂν
551 2103 618 2145 εῐη,
640 2104 667 2137 εἶ
691 2104 744 2138 διὰ
760 2108 852 2138 τοῦτο
878 2106 920 2148 μὴ
941 2108 1053 2148 φαῖμεν
1076 2106 1155 2139 εἶναι

24 2151 36 2195 J
91 2151 144 2184 τὸν
171 2151 253 2192 θεὸν,
273 2153 300 2186 εἰ
318 2153 358 2185 τὰ
375 2152 477 2186 πολλά
501 2153 598 2193 ἐστιν,
616 2152 703 2190 ὅπως
733 2153 776 2194 μὴ
803 2153 911 2194 ὅμοιον
936 2154 1024 2186 ἔσται
1051 2155 1154 2192 αὐτοῖς

32 2194 36 2199 ’
91 2200 201 2242 ταύτῃ.
218 2201 256 2232 In
275 2200 325 2232 liis
338 2200 415 2233 nihil
431 2199 624 2232 mutandum
638 2201 756 2241 praeter
777 2200 878 2233 πολλά
899 2201 983 2234 ἐστιν
1007 2202 1038 2233 ἰη
1054 2202 1155 2235 πολλὰ

91 2247 177 2280 ἔστιν
196 2248 327 2290 propter
345 2246 434 2280 verbi
453 2247 619 2289 emphasin
631 2271 641 2288 ,
660 2256 759 2289 quam
790 2248 946 2281 miramur
964 2259 983 2281 a
1010 2249 1153 2283 Bekkero

34 2334 36 2338 y
91 2303 156 2327 non
177 2303 246 2328 esse
267 2294 462 2327 intellectam
479 2303 521 2328 ex
538 2294 578 2327 iis
596 2303 672 2337 quae
695 2296 848 2337 praefatur
868 2297 1004 2339 scriptor
1023 2311 1030 2331 :
1053 2299 1154 2331 πολλὰ

31 2345 42 2369 fi
91 2342 152 2385 γὰο
166 2345 229 2380 τοῖς
247 2343 359 2375 πολὶοῖ
348 2353 374 2379 ς
392 2353 445 2374 και
462 2344 507 2384 τῷ
525 2342 598 2375 ἑνὶ*
584 2342 707 2385 υπάρχε
711 2344 850 2384 ιταῦτά,
868 2345 933 2377 ἐπεὶ
952 2346 1005 2378 καὶ
1020 2346 1056 2378 τὸ
1075 2347 1153 2378 εἶναι

22 2396 34 2430 f
91 2389 196 2423 κοινὸν
212 2390 317 2427 αὐτοῖς
332 2390 429 2422 ἐστιν.
451 2373 592 2431 Vulgata
610 2390 706 2423 lectio
723 2395 835 2434 φαῖμεν
853 2395 986 2433 praestat
1000 2394 1154 2436 Lipsiensi

26 2448 42 2478 4
92 2436 214 2478 φαμὲνς
232 2445 291 2477 pro
312 2436 423 2478 ὅμοιον
440 2436 528 2477 quod
549 2436 591 2470 ad
612 2431 710 2471 deum
731 2439 870 2472 retertur
888 2440 1068 2473 Felicianus
1092 2441 1155 2474 for-

27 2482 37 2522 ἶ,
91 2486 178 2516 tasse
191 2484 267 2525 legit
281 2483 390 2526 ὅμοιος
408 2484 453 2517 ita
475 2485 625 2518 vertens·
641 2498 657 2514 «
675 2495 716 2519 ne
736 2486 767 2519 in
785 2486 847 2520 boc
862 2487 975 2521 similis
991 2498 1060 2522 esse
1078 2489 1155 2531 ipsis

33 2530 36 2534 ’
93 2531 270 2564 videretur.
299 2544 316 2561 a»
343 2533 411 2565 Nec
438 2533 547 2565 tamen
578 2532 787 2573 rejiciendum
813 2535 922 2576 ὅμοιον
946 2545 1153 2571 communem

92 2578 227 2611 unitatis
237 2587 311 2620 quae
324 2578 355 2611 in
363 2578 461 2612 deum
475 2578 560 2612 cadit
571 2581 602 2612 et
612 2580 826 2614 multitudinis
838 2584 986 2615 naturam
1001 2584 1154 2619 universe

16 2654 29 2675 ι.
91 2626 289 2668 exprimens.
312 2627 381 2660 Etsi
402 2627 493 2660 vocis
517 2627 615 2669 ταύτῃ
639 2629 798 2669 posterior
813 2630 935 2671 syllaba
954 2631 1155 2665 desideratur

40 2680 58 2717 sp
92 2673 126 2706 in
142 2674 253 2707 codice
267 2674 419 2716 Lipsiensi
436 2676 570 2716 ejusque
584 2675 654 2708 loco
670 2676 782 2709 lacuna
801 2685 856 2710 sex
878 2681 1045 2719 septemve
1067 2680 1154 2713 litte·

93 2731 203 2756 rarum
217 2732 317 2765 capax
334 2723 509 2763 invenitur,
526 2723 605 2756 nibil
620 2727 727 2757 tamen
742 2725 829 2758 aliud
842 2734 939 2767 quam
955 2726 1039 2760 hanc
1052 2728 1154 2769 ipsam

36 2790 37 2793 =
92 2769 250 2811 syllabam
267 2770 377 2803 deesse
396 2769 564 2812 probabile
581 2770 744 2804 ducimus.

53 2816 57 2818 ’
136 2822 168 2851 8.
191 2819 209 2851 ὁ
225 2818 421 2861 Παρμενίδης
436 2819 517 2860 λέγει
531 2818 563 2851 ἓν
579 2818 615 2851 ὃν
636 2819 716 2852 εἶναι
729 2819 841 2861 αὐτὸν,
857 2820 931 2855 cod.
947 2822 1033 2864 Lips.
1049 2823 1155 2857 minus

93 2865 181 2898 recte
199 2865 288 2899 αὐτὸ.

135 2914 167 2946 9.
190 2913 342 2946 εὗκῦκὶου
366 2914 498 2957 σφαίρας
518 2914 736 2948 mutandum·
728 2925 760 2948 in
780 2916 847 2949 ευκ.
871 2917 1015 2959 σφαίρης.
1043 2919 1154 2960 Ipsum

95 2967 221 2993 versum
240 2961 360 2994 videm
377 2963 487 2995 Parm.
507 2961 658 3003 tragmm.
683 2966 754 2996 103.

139 3006 189 3035 10.
209 3003 245 3035 τὸ
261 3003 321 3045 γὰρ
340 3003 436 3046 πέρας
460 3004 543 3042 τινὸς
559 3005 614 3046 μὲν
633 3005 754 3046 ἀνάγκη
775 3004 853 3043 ίσως
875 3007 1028 3047 εἶναι,οὐ
1049 3009 1153 3048 μέντοι

54 3090 56 3095 ‚
94 3049 170 3090 πρός
184 3060 214 3082 τι
230 3061 277 3090 γε.
302 3051 361 3083 llic
382 3050 462 3088 ῐσως
488 3051 622 3085 Bekkeri
647 3053 831 3094 conjectura
850 3057 920 3094 est,
938 3054 971 3086 in
989 3055 1154 3087 veteribus

95 3096 171 3175 edld.
191 3106 322 3139 unoque
337 3098 449 3132 codice
465 3101 573 3133 exstat
590 3100 673 3134 ἶσον.
695 3102 734 3134 In
751 3101 906 3144 Lipsiensi
927 3102 997 3135 baec
1020 3112 1082 3135 vox
1101 3103 1156 3136 de

56 3173 58 3176 ,
94 3151 120 3176 ει
145 3145 266 3178 eretur.

143 3195 189 3224 ¹2.
212 3193 255 3229 ὡς
271 3194 505 3236 πεπερασμενον
519 3195 594 3238 πρὸς
610 3195 646 3228 τὸ
663 3197 706 3238 μὴ
726 3197 832 3240 ἑφεξης
849 3198 922 3230 ἀπεί
913 3209 990 3240 ρ.ου
1019 3198 1154 3231 Brandi-

95 3239 164 3271 sius
188 3238 272 3280 conj.
296 3240 340 3281 μὴ
359 3241 435 3284 πρὸς
457 3242 494 3275 τὸ
509 3242 575 3284 ἑφεξ
576 3247 612 3282 ἧς
629 3244 772 3287 ἀπείρου,
790 3247 845 3278 sed
863 3246 1010 3288 corrige:
1027 3248 1101 3291 πρὸς
1119 3247 1154 3279 τὸ

97 3287 200 3328 ἐφεξῆς
220 3286 346 3328 ἄπειρον
359 3288 410 3321 vel
425 3289 462 3322 τὸ
479 3289 582 3332 ἐφεξῆς
597 3295 653 3324 τοῦ
667 3292 806 3335 ἀπείρου.
825 3293 1034 3327 Felicianus:
1052 3308 1068 3323 a
1087 3297 1154 3327 tan-

95 3341 194 3412 qusam
220 3334 348 3368 linitum
368 3335 408 3368 ad
435 3335 467 3369 id
493 3337 640 3379 retertur,
657 3340 744 3381 quod
770 3339 919 3382 deinceps
946 3342 1155 3384 subsequitur

98 3382 308 3413 intuitum.»

144 3431 192 3462 13
217 3429 338 3471 ἔσχατα
362 3429 389 3461 δ’
404 3430 475 3471 ἕχον
500 3432 557 3464 οὐκ
574 3432 694 3474 ἀνάγκη
711 3434 787 3478 πρός
801 3447 830 3467 τι
848 3435 943 3478 ἔχειν.
961 3436 1039 3470 cod.
1063 3437 1151 3477 Lips.

98 3474 183 3509 inter
197 3477 255 3509 οὐκ
277 3478 309 3509 et
330 3477 449 3519 ἀνάγκη
472 3478 610 3513 inserit*
594 3492 632 3513 αν
657 3482 979 3525 particulam,qnoe'
971 3494 1002 3516 ιιι
1022 3485 1153 3525 reliquis

98 3524 262 3564 sequentis
277 3525 424 3557 vocabu-⁵
416 3535 424 3558 ι
440 3525 529 3559 initio
547 3527 638 3561 facile
651 3529 816 3563 absorberi
836 3532 951 3572 potuit.

134 1202 188 1232 37.
210 1199 255 1232 ἔτι
277 1199 336 1232 οὺκ
352 1199 389 1232 ἂν
405 1199 473 1241 ἔχοι
488 1199 505 1231 ὁ
525 1199 592 1236 θεὸς
607 1199 702 1241 πέρας
721 1198 765 1233 εἷς
783 1196 918 1237 ἄν,’ὄιλλ“
934 1196 972 1230 οὐ
986 1197 1062 1239 πρὸς
1076 1195 1158 1229 θεὸν.

1031 244 1100 284 ΒΕ
1127 245 1348 284 MELlsso
1378 244 1491 284 ETC.

2210 262 2286 296 299

1222 332 1281 372 τὸν
1296 334 1387 382 θεόν;
1410 333 1456 377 ὡς
1475 332 1535 372 καὶ
1559 335 1577 371 ὁ
1598 333 1826 386 Παρμενίδης
1844 335 1940 386 λέγει
1960 336 1996 375 ἓν
2014 335 2052 375 ὂν
2069 330 2159 375 εἶναι
2183 338 2288 379 αὖτὸν

1331 415 1501 454 πάντοθεν
1517 414 1686 454 εὐκύκλου
1710 415 1871 470 σφαίρης
1888 416 2085 469 ἐναλίγκιον
2113 419 2208 473 ὄγκῳ

1333 474 1502 527 μεσσόθεν
1521 474 1700 520 ἷσοπαλές.

1223 565 1275 606 Τὸ
1294 565 1363 620 γὰρ
1381 564 1490 620 πέρας
1505 564 1595 610 τινὸς
1617 565 1680 616 μὲν
1702 565 1840 618 ἀνάγκη
1868 564 1953 611 ἴσως
1977 559 2086 615 εἶναι,
2105 568 2143 606 οὗ
2165 567 2283 620 μέντοι
2308 578 2342 604 10

1222 625 1308 678 πρὸς
1329 624 1363 664 τί
1377 641 1434 678 γε,
1455 625 1534 664 οὐδὲ
1559 625 1696 677 ἀνάγκη
1723 625 1764 665 τὸ
1790 624 1872 678 ἔχον
1891 629 2001 680 πέρας
2019 627 2106 679 πρός
2134 643 2169 666 τι
2189 626 2283 679 ἔχειν

1221 685 1344 739 πέρας,
1364 688 1410 730 ὡς
1429 684 1697 738 πεπερασμένον
1714 684 1800 739 πρὸς
1816 685 1856 724 τὸ
1875 685 1998 739 ἐφεξῆς
2027 685 2190 740 ἄπειρον,
2207 686 2286 726 ἀλλ’

1222 745 1297 784 ἐστὶ
1314 744 1354 784 τὸ
1374 744 1592 797 πεπεράνθαι
1609 743 1746 799 ἔσχατα
1782 744 1891 798 ἔχειν,
1919 744 2055 798 ἔσχατα
2077 746 2106 784 δ’
2129 745 2210 799 ἔχον
2223 748 2287 785 οὐκ

1223 803 1265 843 ἂν
1286 804 1425 858 ἀνάγκη
1441 803 1528 858 πρός
1553 819 1587 843 τι
1607 802 1717 858 ἔχειν.
1776 803 1907 849 Ἐνίοις
1927 803 1991 856 μὲν
2018 800 2077 843 οὖν
2099 805 2288 858 συμὸαίνει

1223 880 1310 916 παν,
1334 863 1396 902 καὶ
1415 862 1654 918 πεπεράνθαι,
1678 879 1738 903 και
1760 863 1846 917 πρός
1872 879 1908 903 τι
1929 864 2135 913 συνάπτειν,
2156 870 2227 909 τοῖς
2250 864 2287 905 δὲ

1220 924 1436 977 πεπεράνθαι
1461 924 1540 975 μέν,
1562 923 1611 976 μὴ
1631 922 1749 975 μέντοι
1772 924 1858 974 πρός
1880 940 1914 963 τι
1929 924 2165 978 πεπεράνθαι.
2198 924 2284 966 Πά-
2311 933 2342 959 ¹⁵

1220 986 1274 1023 )ιν
1294 984 1375 1037 περὶ
1405 987 1466 1023 τοῦ
1498 983 1548 1035 μὴ
1580 983 1745 1031 ἀκίνητον
1777 978 1866 1022 εἶναι
1896 983 1957 1023 καὶ
1981 983 2030 1035 μὴ
2049 985 2220 1026 κινεῖσθαι
2249 1001 2289 1026 το

1265 1101 1314 1133 14.
1339 1099 1430 1136 ἐνίοις
1447 1101 1503 1140 μὲν
1519 1100 1556 1132 οὐ
1572 1099 1738 1141 συμὸαίνει
1751 1102 1813 1132 πᾶν
1826 1100 1880 1132 καὶ
1891 1100 2093 1142 πεπεράνθαι.
2108 1101 2289 1133 Felicianns

1220 1147 1350 1180 videtur
1371 1147 1484 1187 legisse
1501 1147 1591 1184 ἐνίοις
1609 1147 1664 1188 μὲν
1680 1147 1716 1179 οὐ
1731 1147 1894 1187 συμὸαίνει
1911 1148 1987 1189 πρὸς
2004 1148 2122 1186 ἄλληλα
2139 1149 2297 1190 πεπεράν·

1220 1195 1286 1235 θαι,
1303 1194 1459 1236 quoniam
1474 1195 1571 1227 vertit
1585 1204 1593 1226 :
1609 1194 1803 1236 «aliquibus
1818 1195 1904 1227 enim
1921 1203 1986 1227 non
2000 1195 2135 1237 accidit,
2149 1199 2185 1228 ut
2198 1196 2289 1228 finita

1219 1242 1260 1274 ad
1278 1251 1348 1275 sese
1358 1245 1474 1274 mutuo
1485 1242 1557 1274 sint.
1579 1255 1596 1271 ι»
1611 1242 1744 1283 Egregie
1755 1242 1825 1275 haec
1842 1242 2033 1283 supplentur
2043 1244 2074 1275 et
2083 1243 2286 1284 corriguntur

1219 1289 1331 1322 codice
1347 1289 1519 1331 Lipsiensi,
1538 1289 1592 1322 ubi
1608 1290 1765 1332 scriptum
1784 1291 1832 1322 est
1848 1302 1856 1322 z
1873 1290 1963 1327 ἐνίοις
1980 1290 2035 1331 μὲν
2052 1289 2106 1323 οὖν
2122 1291 2287 1332 συμὸαίνει

1218 1341 1280 1370 πᾶν
1307 1338 1361 1370 καὶ
1379 1336 1568 1380 πεπεράνθαι
1598 1338 1674 1380 πρὸς
1699 1349 1728 1370 τι
1753 1338 1934 1378 συνάπτειν,
1958 1342 2022 1375 τοῖς
2044 1338 2077 1370 δὲ
2099 1338 2286 1381 πεπεράνθαι

1220 1386 1287 1426 μέν,
1309 1387 1352 1428 μή
1375 1386 1479 1427 μέντοι
1493 1385 1569 1428 πρὸς
1584 1397 1612 1417 τι
1630 1385 1829 1428 πεπεράνθαι.
1847 1387 1970 1418 Verum
1997 1385 2080 1418 inter
2097 1386 2285 1428 πεπεράνθαι

1219 1436 1251 1466 et
1267 1434 1344 1476 πρός
1356 1446 1385 1466 τι
1401 1434 1567 1467 συνάπτειν
1583 1433 1854 1475 interponendum
1870 1434 1923 1466 καὶ
1940 1441 2016 1465 cum
2035 1433 2214 1466 Brandisio.
2286 1430 2288 1432 ’

1263 1484 1313 1514 15.
1336 1481 1429 1514 πάλιν
1446 1482 1515 1524 περὶ
1532 1484 1588 1514 τοῦ
1604 1481 1750 1520 ἀκίνητον
1774 1481 1852 1513 εἷναι
1867 1481 1904 1513 τὸ
1923 1481 1955 1514 ἓν
1970 1481 2024 1513 καὶ
2049 1481 2086 1514 τὸ
2102 1481 2150 1521 ὄν,
2167 1481 2215 1513 ὅτι
2232 1481 2285 1513 καὶ

1216 1529 1254 1562 τὸ
1280 1529 1315 1562 ὃν
1341 1532 1491 1570 κινεῖται,
1513 1529 1594 1566 ἴσως
1618 1529 1734 1570 ὁμοίως
1752 1531 1816 1566 τοῖς
1836 1528 2010 1572 ἔμπροσθεν
2024 1529 2153 1562 ἄτοπον·
2171 1529 2225 1561 καὶ
2242 1529 2286 1561 ἔτι

1218 1576 1277 1619 ἆρά
1291 1588 1328 1620 γε
1341 1577 1377 1610 οὗ
1394 1577 1489 1610 ταύτὸ
1507 1577 1543 1610 ἄν
1561 1588 1606 1614 τις
1625 1577 1777 1610 ὑπολάὸοι
1794 1577 1829 1609 τὸ
1850 1578 1893 1619 μὴ
1912 1579 2066 1610 κινεῖσθαι
2090 1578 2144 1610 καὶ
2160 1578 2196 1610 τὸ
2214 1578 2286 1610 ἀκί-

1218 1675 1261 1714 μή
1286 1674 1370 1716 ἴσον,
1396 1674 1472 1716 ὅπερ
1495 1674 1549 1706 καὶ
1572 1673 1654 1705 κατὰ
1677 1677 1732 1706 τοῦ
1758 1674 1800 1715 μὴ
1820 1673 1928 1714 ὄντος,
1947 1673 2032 1716 εἷπερ
2050 1674 2178 1712 ἀληθές,
2198 1675 2234 1707 τὸ
2253 1675 2286 1707 δὲ

1217 1720 1363 1758 ἀκίνητον
1379 1723 1424 1762 τῷ
1441 1721 1523 1762 ἔχειν
1537 1732 1604 1758 πως
1617 1720 1676 1760 ἤδη
1690 1720 1848 1761 λέγεσθαι,
1863 1721 1970 1763 ὥσπερ
1986 1721 2023 1753 τὸ
2037 1721 2157 1763 ἄνισον,
2166 1723 2219 1754 καὶ
2235 1722 2285 1754 ἐπὶ

1216 1771 1262 1809 τῷ
1276 1768 1405 1811 ἐναντίῳ
1418 1771 1474 1801 τοῦ
1487 1769 1641 1801 κινεῖσθαι
1657 1771 1704 1810 τῷ
1716 1768 1852 1810 ἠρεμεῖν,
1863 1769 1905 1805 ὡς
1918 1768 1970 1800 καὶ
1985 1768 2098 1809 σχεδὸν
2113 1770 2142 1801 οἱ
2156 1769 2217 1801 ἀπὸ
2230 1773 2286 1801 τοῦ

1216 1819 1237 1848 ᾶ
1256 1816 1426 1859 ἀποφάσεις
1448 1817 1498 1849 ἐπὶ
1515 1816 1663 1854 ἐναντίοις
1685 1817 1838 1857 λέγονται.
1859 1818 1893 1848 ln
1913 1817 2106 1857 praecedenti
2126 1817 2230 1857 capite
2249 1817 2285 1849 τὸ

1216 1864 1316 1897 ἓνκαὶ
1339 1865 1375 1897 τὸ
1397 1864 1432 1897 ὃν
1460 1865 1630 1897 dicebatur
1652 1864 1724 1897 οὔτε
1740 1864 1887 1902 ἀκίνητον
1914 1864 1993 1896 εἶναι
2012 1863 2084 1896 οὔτε
2108 1865 2283 1904 κινεῖσθαι,

1216 1914 1329 1945 contra
1350 1913 1385 1945 τὸ
1403 1913 1446 1954 μὴ
1470 1911 1505 1945 ὃν
1531 1911 1676 1950 ἀκίνητον
1694 1911 1771 1944 εἶναι
1796 1922 1803 1942 :
1820 1911 1894 1943 liinc
1918 1911 2072 1952 Bergkius
2092 1911 2221 1944 initium
2239 1912 2286 1944 sic

1215 1960 1356 1993 correxit
1374 1973 1382 1993 ι
1398 1960 1490 1993 πάλιν
1512 1960 1580 2002 περὶ
1593 1963 1650 1992 τοῦ
1666 1960 1709 2001 μὴ
1725 1959 1871 1998 ἀκίνητον
1888 1959 1967 1992 εἶναι
1991 1959 2027 1991 τὸ
2049 1959 2084 1992 ὃν
2101 1959 2154 1992 καὶ
2178 1960 2214 1992 τὸ
2239 1960 2284 1999 ἕν,

1218 2009 1283 2049 (liic
1301 2009 1388 2041 enim
1402 2008 1576 2041 verborum
1591 2007 1672 2040 ordo
1693 2006 1914 2040 restituendus
1928 2006 2084 2040 videture
2095 2008 2167 2040 cod.
2185 2007 2219 2040 Li
2224 2008 2283 2049 ps.)

1216 2057 1263 2088 ὅτι
1280 2057 1316 2089 τὸ
1334 2057 1377 2098 μὴ
1400 2056 1435 2089 ὃν
1448 2057 1485 2089 οὐ
1502 2059 1651 2095 κινεῖται,
1663 2055 1741 2093 ῐσως
1756 2055 1874 2097 ὁμοίως
1889 2058 1952 2092 τοῖς
1966 2055 2140 2097 ἔμπροσθεν
2154 2055 2284 2095 ἄτοπον,

1217 2104 1270 2136 ubi
1289 2105 1342 2136 καὶ
1356 2104 1547 2146 particulam
1567 2103 1704 2136 alienam
1730 2112 1749 2135 a
1772 2103 1938 2144 scriptoris
1962 2104 2121 2136 sententia
2144 2103 2281 2145 abJecit,

1216 2153 1403 2193 negationes
1427 2155 1536 2185 autem
1558 2151 1760 2185 Brandisium
1785 2152 1919 2184 secutus
1944 2151 2079 2184 addidit.
2106 2154 2143 2184 In
2167 2151 2286 2193 quibus

1214 2201 1367 2234 omnibus
1387 2201 1466 2234 nihil
1487 2202 1536 2234 est
1568 2199 1655 2241 quod
1684 2199 1918 2241 improbemus.
1939 2200 2111 2242 sequentia
2141 2201 2172 2232 in
2197 2199 2285 2233 hunc

1217 2248 1350 2280 modum
1372 2248 1555 2290 retingenda
1577 2247 1754 2280 arbitratur
1773 2260 1781 2280 ι
1802 2248 1856 2280 καὶ
1878 2247 1962 2280 ἐστὶν
1979 2248 2040 2291 ἄρα
2055 2259 2091 2289 γε
2111 2248 2148 2281 οὐ
2167 2247 2282 2289 ταύτό,

1215 2296 1233 2329 ὃ
1250 2296 1287 2328 ἅν
1300 2308 1344 2334 τις
1357 2297 1510 2329 ὑπολάόοι
1523 2320 1533 2337 ,
1547 2296 1583 2328 τὸ
1598 2295 1641 2337 μὴ
1654 2296 1805 2328 κινεῖσθαι
1818 2296 1872 2327 καὶ
1886 2295 1923 2328 τὸ
1937 2296 2082 2334 ἀκίνητον
2096 2296 2174 2328 εἶναι
2183 2320 2192 2337 ,
2208 2296 2284 2329 ἀλλὰ

1214 2344 1250 2376 τὸ
1272 2344 1328 2384 μὲν
1349 2344 1508 2386 ἀπόφασιν
1531 2348 1586 2376 τοῦ
1605 2345 1778 2383 κινεῖσθαι,
1797 2343 1905 2387 ὥσπερ
1921 2344 1957 2377 τὸ
1978 2345 2021 2386 μὴ
2035 2344 2120 2385 ἴσον,
2137 2345 2214 2387 ὅπερ
2230 2347 2282 2377 καὶ

1214 2391 1297 2424 κατὰ
1316 2395 1373 2424 τοῦ
1389 2392 1433 2433 μή
1453 2391 1540 2429 ὄντος
1557 2391 1686 2431 ἀληθές,
1703 2392 1738 2424 τὸ
1757 2391 1789 2424 δὲ
1806 2391 1951 2430 ἀκίνητον
1968 2391 2019 2424 ἐπὶ
2040 2395 2096 2424 τοῦ
2113 2392 2195 2434 ἔχειν
2216 2405 2283 2430 πως

1214 2439 1273 2478 ἤδη
1290 2439 1452 2480 λέγεσθαι,
1467 2439 1575 2481 ὥσπερ
1590 2439 1626 2471 τὸ
1643 2438 1763 2478 ἄνισον,
1783 2438 1837 2470 καὶ
1855 2439 1905 2471 ἐπὶ
1924 2441 1981 2471 τοῦ
2003 2439 2142 2473 ἐναντίου
2164 2443 2209 2482 τῷ
2234 2452 2282 2472 κι·

1213 2487 1333 2519 νεῖσθαι
1355 2489 1410 2517 τοῦ
1435 2486 1572 2527 ἠρεμεῖν,
1593 2488 1636 2523 ὡς
1651 2486 1703 2518 καὶ
1728 2487 1841 2528 σχεδὸν
1858 2488 1890 2519 αἱ
1914 2486 1977 2519 ἀπὸ
1994 2490 2049 2519 τοῦ
2072 2490 2093 2519 ἄ
2109 2487 2283 2529 ἀποφάσεις

1215 2535 1264 2567 ἐπὶ
1285 2533 1431 2567 ἐναντίων
1445 2534 1599 2575 λέγονται.
1618 2534 1671 2566 Ait
1686 2534 1773 2566 enim
1790 2533 1979 2567 Aristoteles
1996 2543 2060 2567 non
2082 2543 2154 2567 esse
2174 2535 2280 2576 idem,

1215 2582 1302 2623 quod
1319 2581 1392 2623 quis
1410 2581 1543 2614 forsitan
1558 2581 1818 2622 existimaverit,
1838 2590 1903 2614 non
1930 2582 2051 2614 moveri
2069 2583 2102 2615 et
2119 2582 2284 2615 immobile

1215 2638 1302 2668 esse,
1315 2629 1369 2661 sed
1382 2628 1461 2661 illud
1476 2630 1603 2661 tantum
1617 2638 1688 2662 esse
1698 2628 1901 2670 negationem
1914 2629 2101 2672 (infinitivos
2114 2639 2282 2671 suspensos

1216 2686 1286 2710 esse
1306 2677 1377 2709 vult
1403 2676 1560 2717 Bergkius
1585 2685 1640 2717 per
1661 2677 1889 2710 attractionem
1906 2686 1923 2710 e
1941 2677 2048 2710 verbis
2071 2678 2223 2711 ὑπολάὸοι
2246 2679 2282 2711 ἄν

1215 2726 1273 2762 τις)
1286 2750 1294 2766 ,
1310 2724 1448 2766 ideoque
1465 2726 1563 2757 etiam
1578 2724 1618 2757 de
1636 2725 1737 2757 nihilo
1759 2725 1824 2758 dici
1842 2734 1935 2768 posse
1950 2725 2067 2769 (εἴπερ,
2084 2726 2168 2767 quod
2183 2727 2283 2759 Bran-

1216 2773 1319 2805 disius
1334 2772 1366 2804 in
1381 2773 1430 2810 εἴη
1446 2783 1505 2815 περ
1521 2773 1666 2805 converti
1685 2772 1844 2814 jusserat,
1862 2773 1982 2807 delevit
2009 2774 2197 2816 Bergkius),
2222 2775 2284 2808 lioc

1215 2829 1293 2853 vero
1308 2822 1379 2852 tum
1395 2820 1528 2852 demum
1544 2821 1629 2853 recte
1643 2821 1810 2863 usurpari,
1823 2821 1877 2854 ubi
1889 2821 2011 2864 aliquid
2028 2823 2170 2864 quodam
2182 2823 2280 2855 modo

1216 2875 1251 2900 se
1267 2867 1381 2899 babeat
1399 2867 1449 2900 vel
1467 2866 1576 2909 aliqua
1595 2867 1717 2901 ratione
1735 2871 1960 2911 comparatum
1974 2870 2014 2903 sit
2034 2883 2042 2903 :
2058 2870 2120 2903 dici
2138 2870 2225 2903 enim
2242 2870 2281 2903 de

1216 2914 1325 2955 quiete
1344 2922 1417 2955 quae
1437 2913 1479 2946 sit
1497 2915 1660 2947 contraria
1684 2917 1798 2948 motui.
1818 2916 2006 2950 Notandum
2034 2917 2132 2950 verba
2156 2917 2209 2950 illa
2228 2921 2281 2951 καὶ

1216 2961 1265 2993 ἐπὶ
1280 2965 1335 2993 τοῦ
1347 2961 1486 2993 ἐναντίου
1500 2963 1546 3004 τῷ
1559 2962 1711 2995 κινεῖσθαι
1724 2966 1781 2996 τοῦ
1796 2964 1919 3006 ἠρεμεῖν
1935 2964 2166 3006 interpretandi
2181 2966 2282 3007 gratia

1216 3017 1289 3041 esse
1305 3008 1446 3050 adjecta,
1467 3009 1594 3052 ἠρεμεῖν
1613 3012 1722 3043 autem
1754 3012 1787 3044 et
1811 3012 1958 3050 ἀκίνητον
1984 3013 2063 3045 εἶναι
2092 3012 2281 3054 philosopho

1215 3057 1300 3089 idem
1318 3056 1432 3090 videri.
1458 3057 1621 3091 Bekkerus
1635 3067 1654 3091 e
1673 3059 1748 3092 cod.
1771 3060 1859 3102 Lips.
1879 3061 2000 3101 recepit
2017 3061 2068 3093 ἐπὶ
2083 3061 2212 3103 ἐναντίῳ
2225 3065 2281 3094 τοῦ

1213 3105 1382 3146 (articulus
1397 3108 1453 3137 τοῦ
1468 3105 1563 3147 vulgo
1583 3106 1685 3149 deest)
1700 3110 1855 3141 κινεῖσθαι
1869 3111 1914 3150 τῷ
1929 3109 2067 3150 ἠρεμεῖν,
2081 3118 2182 3150 quum
2197 3109 2281 3142 alius

1215 3151 1317 3185 codex
1344 3153 1486 3193 praebeat
1506 3154 1555 3186 ἐπὶ
1576 3156 1639 3186 τῶν
1656 3154 1816 3196 ἐναντίων,
1834 3155 1980 3189 similiter
2005 3157 2104 3197 atque
2136 3158 2281 3190 extrema

1215 3200 1246 3232 in
1264 3199 1347 3232 libro
1369 3200 1528 3242 Lipsiensi
1548 3201 1737 3234 scribuntur
1752 3205 1784 3236 αἱ
1799 3203 1862 3236 ἀπὸ
1876 3207 1932 3236 τοῦ
1947 3204 2028 3244 ἄλφα
2041 3204 2212 3245 ἀποφάσεις
2229 3205 2279 3238 ἐπὶ

1215 3250 1278 3279 τῶν
1297 3247 1443 3281 ἐναντίων
1456 3249 1609 3287 λέγονται.
1623 3249 1686 3282 Sed
1699 3250 1852 3290 Bergkius
1869 3251 2084 3293 praepositioni
2099 3251 2149 3284 ἐπὶ
2163 3260 2203 3285 eo
2216 3261 2282 3292 quo

1214 3294 1268 3327 hic
1284 3295 1414 3337 ponitur
1426 3304 1519 3329 sensu
1536 3296 1716 3337 genitivum
1735 3298 1976 3339 adjungendum
1995 3302 2082 3331 ratus
2094 3300 2144 3332 ter
2162 3299 2279 3341 geniti-

1215 3351 1293 3375 vum
1308 3343 1340 3375 in
1361 3343 1461 3376 dativi
1480 3344 1586 3376 locum
1607 3343 1775 3378 substituit
1793 3353 1831 3378 ac
1850 3354 1891 3379 ne
1914 3346 2102 3379 turbaretur
2117 3348 2280 3380 structura

1214 3389 1392 3431 genitivum
1424 3400 1465 3423 ex
1496 3391 1635 3424 ἐναντίου
1664 3395 1776 3433 aptum
1806 3393 1839 3424 in
1869 3391 2019 3425 dativum
2052 3392 2206 3425 mutavit.
2238 3394 2280 3425 At

1214 3438 1365 3479 quamvis
1383 3442 1468 3472 recte
1490 3440 1617 3472 dicatur
1641 3440 1692 3472 ἐπί
1711 3452 1792 3478 τινος
1814 3442 1925 3483 λέγειν,
1952 3443 2059 3474 tamen
2083 3440 2134 3472 ἐπί
2151 3451 2208 3472 τινι
2231 3441 2279 3473 λε’-

1214 3496 1291 3525 γειν,
1310 3485 1396 3526 quod
1427 3486 1524 3528 vulgo
1553 3487 1594 3519 de
1625 3491 1830 3520 mortuorum
1858 3488 2098 3521 laudationibus
2130 3487 2278 3529 usurpari

1216 3532 1385 3580 videmusz
1399 3533 1562 3567 interdum
1583 3534 1635 3566 vix
1653 3534 1761 3568 ditsert
1778 3535 1819 3567 ab
1836 3535 1938 3568 altero
1966 3535 2118 3577 loquendi
2142 3543 2272 3576 genere.
