2612 3814
725 273 929 314 SEPTEM
956 269 1269 312 SAPIENTUM
1296 270 1781 310 APOPHTHEGMATA
2254 277 2332 312 213

149 368 260 414 οἰκίας
283 363 487 422 προστάτει.
508 387 562 395 -
580 364 627 404 ‘H
658 362 805 416 γλῶσσά
826 378 886 402 σου
908 361 957 414 μὴ
987 359 1212 415 προτρεχέτω

149 435 210 470 τοῦ
231 432 306 468 νοῦ.
323 451 368 458 —-
394 428 521 478 Θυμοῦ
546 424 684 478 κράτει.
700 446 754 454 -
770 423 832 471 Μὴ
856 424 1016 474 ἐπιθύμει
1041 421 1211 461 ἀδύνατα.

150 491 281 530 -Ἐν
303 489 372 542 ὁδῷ
401 486 450 537 μὴ
472 486 600 524 σπεῦδε
628 483 812 538 προάγειν,
834 481 924 534 μηδὲ
948 461 1011 530 τὴν
1031 488 1134 535 χεῖρα
1153 498 1212 521 κι-

151 557 238 590 νεῖν·
261 547 406 600 μανικὸν
427 544 508 598 γάρ.
529 567 579 574 -
597 543 730 594 Νόμοις
747 542 881 581 πείθου.
901 565 954 571 -
975 541 1214 592 Ἀδικούμενος

151 607 386 654 διαλλάσσον,
399 602 671 658 υὸριζόμενος“
640 618 675 641 οε
693 605 864 655 τιμωροῦ.

209 700 234 713 tv

206 714 247 738 ο.
269 693 448 740 Πιττακὸς
465 693 716 740 Μιτυληναῖος.

207 787 340 840 Καιρὸν
356 788 473 839 γνῶθι.
489 808 543 816 —
560 783 612 824 ὁΟ
636 783 774 834 μέλλεις
791 798 919 830 ποιειν,
942 780 991 833 μὴ
1002 781 1101 832 λέγε·
1120 781 1211 818 ἀπο-

151 846 269 901 τυχὼν
287 846 354 901 γὰρ
380 862 471 885 κατα
475 843 692 905 γελασθήσῃ.
716 865 768 872 -—
789 843 875 885 Τοῖς
899 838 1108 886 ἐπιτηδείοις
1119 841 1210 890 χρῶ.

151 905 319 946 -υΟσα
336 910 486 958 νεμεσᾷς
502 906 552 942 τῶ
571 902 736 950 πλησίον,
756 900 860 945 αὐτὸς
879 897 928 950 μὴ
948 898 1052 937 ποίει.
1064 921 1116 926 -
1134 900 1214 937 Κα-

151 968 400 1019 κοπραγοῦντα
415 963 465 1013 μὴ
486 962 648 1007 ὀνείδιζε·
663 960 721 1000 επὶ
738 960 805 1013 γὰρ
821 957 955 1002 τούτοις
972 957 1109 1007 νέμεσις
1126 959 1212 995 θεων

145 1025 318 1072 κάθηται.
338 1046 392 1053 ——
410 1020 739 1075 Παρακαταθήκας
746 1019 888 1063 ἀπόδος.
910 1039 965 1047 -
981 1016 1123 1069 Ἀνέχου
1147 1016 1213 1054 υπὸ

152 1087 220 1124 τῶν
254 1083 403 1131 πλησίον
436 1082 561 1135 μικρά.
588 1103 642 1112 —
671 1078 807 1133 Ἀκάπα
833 1094 892 1117 τον
925 1076 1075 1124 πλησίον
1103 1075 1212 1128 μικρα

153 1142 419 1194 ἐλαττούμενος.
441 1165 494 1172 -
511 1140 583 1180 Τὸν
604 1138 701 1193 φίλον
723 1139 840 1181 κακῶς
867 1136 916 1186 μὴ
943 1135 1046 1187 λέγε,
1072 1135 1159 1186 μηδ’
1175 1139 1212 1174 ευ

153 1203 212 1243 τὸν
227 1202 364 1256 ἐχθρόν·
390 1200 639 1252 ἀσυλλόγιστον
666 1197 734 1250 γὰρ
762 1197 802 1236 τὸ
827 1199 998 1235 τοιοῦτον
1020 1217 1075 1225 -
1094 1195 1213 1234 Δεινὸν

152 1279 192 1301 το
212 1262 361 1301 συνιδεῖν
380 1260 419 1299 τὸ
451 1258 602 1310 μέλλον··
604 1256 773 1333 m‹inci-<podes
797 1255 836 1295 τὸ
853 1255 1049 1307 γενόμενον,
1082 1253 1214 1307 ἀσαφὲς

152 1322 192 1360 τὸ
208 1320 351 1372 μέλλον.
366 1343 421 1349 -—
435 1318 568 1358 Πιστον
581 1320 626 1371 γῆ
639 1349 648 1366 ,
669 1317 817 1356 ἄπιστον
831 1314 1005 1355 θάλασσα.
1017 1337 1069 1344 -
1070 1313 1213 1363 Ἀπλη-

153 1397 233 1420 στον
256 1379 391 1432 κέρδος.
414 1402 460 1409 --
485 1381 627 1426 Κτῆσαι
640 1374 920 1429 καλοκαγαθίαν.
940 1399 991 1405 -
1008 1375 1212 1428 Θεραπείαν

154 1442 263 1490 ζήτει.
283 1465 334 1471 -
355 1439 463 1480 Φίλει
482 1437 546 1487 τὴν
567 1437 745 1486 παιδείαν,
770 1435 1014 1490 σωφροσύνην,
1031 1434 1213 1489 φρόνησιν,

153 1501 334 1549 ἀλήθειαν,
356 1500 488 1547 πίστιν,
519 1498 718 1551 ἐμπειρίαν,
740 1494 996 1545 ἐπιδεξιότητα,
1026 1495 1213 1549 ἑταιρείαν,

151 1561 366 1613 ἐπιμέλειαν,
385 1559 600 1611 οἰκονομίαν,
622 1557 761 1610 τέχνην,
782 1556 978 1596 εὐσέὸειαν.

207 1649 245 1691 ε’.
266 1651 391 1697 Θαλῆς
413 1651 429 1687 ὁ
449 1647 635 1695 Μιλήσιος.

208 1738 361 1794 Ἐγγύη,
376 1738 474 1792 πάρα
490 1739 518 1776 δ’
533 1738 616 1784 ἄτη.
630 1759 676 1766 -
695 1735 817 1776 Φίλων
830 1735 1012 1789 παρόντων
1032 1735 1091 1773 καὶ
1113 1736 1215 1774 ἀπόν-

154 1817 223 1839 των
243 1797 418 1851 μέμνησο.
443 1821 488 1827 -
519 1797 581 1844 Μὴ
611 1795 674 1844 τὴν
702 1796 779 1850 ὄψιν
802 1795 1048 1843 καλλωπίζου,
1073 1797 1150 1835 ἀλλ’
1179 1799 1212 1835 ἐν

154 1864 224 1904 τοῖς
243 1857 514 1910 ἐπιτηδεύμασιν
535 1856 607 1895 ἴσθι
626 1855 745 1899 καλός.
763 1879 817 1885 —
836 1855 899 1902 Μὴ
915 1854 1058 1894 πλούτει
1081 1859 1209 1900 κακῶς.

154 1942 208 1950 --
227 1919 288 1965 Μή
306 1934 344 1956 σε
360 1915 583 1957 διαὸαλλέτω
602 1915 701 1968 λόγος
713 1917 759 1959 εἷς
777 1931 855 1959 τους
873 1914 1023 1958 πίστεως
1046 1931 1213 1954 κεκοινω-

154 1978 315 2028 νηκότας.
334 1999 388 2007 -
403 1976 618 2016 Κολακεύειν
634 1976 743 2027 γονεῖς
759 1974 808 2026 μὴ
829 1974 934 2014 ὄκνει.
948 1998 1001 2004 —-
1022 1974 1084 2022 Μὴ
1103 1991 1212 2028 προσ-

154 2038 258 2093 δέχου
284 2054 323 2077 το
350 2039 493 2089 φαῦλον.
522 2060 572 2065 —
604 2035 754 2079 Οιους
738 2047 779 2074 αν
810 2035 952 2088 ἐράνους
980 2034 1122 2088 ἐνέγκῃς
1143 2042 1214 2080 τοῖς

154 2102 310 2151 γονεῦσι,
326 2096 502 2138 τοιούτους
520 2094 618 2139 αὐτὸς
637 2097 672 2134 ἐν
693 2111 741 2132 τω
766 2094 859 2148 γήρα
879 2093 977 2148 παρὰ
1000 2097 1068 2133 τῶν
1083 2094 1212 2133 τέκνων

152 2155 364 2209 προσδέχου.
385 2177 439 2186 -—
457 2155 625 2194 Χαλεπὸν
644 2154 683 2193 τὸ
703 2157 740 2192 εὖ
760 2156 904 2205 γνῶναι.
927 2176 977 2183 —
993 2152 1163 2193 “flemma
1175 2155 1214 2194 τὸ

154 2217 340 2268 ἐπιθυμίας
352 2215 485 2268 τυχεῖν.
505 2237 558 2244 —
573 2213 729 2267 Ἀνιαρον
750 2213 871 2266 ἀργία
889 2236 937 2242 -
962 2212 1120 2252 Κακον’
1101 2229 1214 2265 ακρα-

154 2275 226 2316 σία.
243 2298 296 2306 --
310 2275 408 2329 Βαρὺ
427 2273 654 2313 ἀπαιδευσία.
675 2295 727 2303 -
743 2273 898 2312 Δίδασκε
915 2272 978 2311 καὶ
1000 2272 1155 2323 μάνθανε
1175 2272 1214 2312 το

153 2335 307 2387 ἄμεινον.
324 2358 377 2365 -
391 2334 510 2386 Ἀργὸς
533 2333 582 2385 μὴ
603 2332 690 2381 ἴσθι,
712 2332 829 2384 μηδ’
813 2349 855 2371 αν
876 2334 1043 2386 πλουτῇς.
1065 2356 1119 2362 -
1138 2333 1215 2380 Γὴν

154 2394 317 2448 εὐτυχίαν
338 2392 471 2447 κρύπτε
491 2392 614 2451 φθόνου
645 2393 764 2446 χάριν.
786 2414 840 2422 -
866 2391 928 2438 Μὴ
950 2391 1134 2445 οἷκτείρου.
1162 2416 1213 2422 —

155 2454 284 2508 Μέτρῳ
299 2457 391 2508 χρῶ.
412 2476 466 2484 -—
488 2453 551 2500 Μὴ
565 2459 654 2491 πᾶσι
682 2452 840 2493 πίστευε.
860 2474 913 2482 -
929 2449 1068 2506 Ἄρχων
1090 2452 1216 2505 κόσμει

154 2513 297 2554 σαυτόν

209 2596 248 2642 ζ’.
271 2594 356 2639 Βίας
376 2594 598 2646 Τευταμίδου
621 2594 790 2648 Πριηνεὺς
806 2593 872 2648 ἔφη
886 2606 896 2616 ·

209 2685 255 2724 Οἱ
287 2685 448 2723 πλεῖστοι
478 2682 654 2736 ἅνθρωποι
674 2682 793 2722 κακοί.
824 2705 877 2712 ——
897 2682 957 2726 Ἐς
986 2682 1026 2721 τὸ
1046 2681 1215 2736 ἔσοπτρον

154 2742 382 2796 ἐμὸλέψαντα
405 2743 470 2792 δεῖ,
492 2744 523 2781 εἰ
550 2742 612 2794 μὲν
631 2742 736 2787 καλὸς
769 2741 895 2795 φαίνῃ,
914 2741 1008 2779 καλὰ
1037 2742 1161 2790 ποιεῖν,
1184 2746 1215 2781 εἰ

155 2803 191 2841 δὲ
212 2802 369 2855 αἰσχρός,
386 2801 425 2841 τὸ
441 2804 504 2849 τῆς
524 2801 658 2855 φύσεως
681 2801 820 2844 ἐλλιπὲς
849 2802 1068 2853 διορθοῦσθαι
1087 2804 1131 2853 τῇ
1150 2817 1216 2840 κα-

153 2861 361 2916 λοκαγαθίᾳ.
381 2884 436 2891 -
455 2861 620 2913 Βραδέως
637 2860 809 2914 ἐγχείρει·
829 2858 848 2899 ὃ
869 2860 897 2898 δ’
915 2860 956 2898 ἂν
977 2860 1079 2915 ἄρξῃ,
1096 2861 1214 2900 διαδε-

156 2920 273 2961 ὅαιοῦ.
294 2944 346 2951 -
363 2921 471 2961 Μίσει
498 2921 537 2959 τὸ
553 2919 645 2973 ταχὺ
670 2920 803 2968 λαλεῖν,
826 2921 875 2971 μὴ
900 2919 1082 2972 ἁμάρτῃς·
1100 2921 1217 2971 μετά-

155 2995 232 3020 νοια
262 2979 331 3035 γὰρ
366 2981 561 3019 ἀκολουθεῖ.
608 3004 660 3009 -
700 2979 801 3027 Μήτε
838 2979 963 3027 εὐήθης
998 2979 1085 3028 ἴσθι,
1126 2980 1215 3031 μήτε

155 3038 347 3087 κακοήθης.
367 3062 418 3069 -
439 3038 649 3092 Ἀφροσύνην
668 3037 717 3090 μὴ
739 3038 946 3092 προσδέχου.
969 3062 1018 3069 —-
1037 3038 1215 3091 Φρόνησιν

157 3097 295 3150 ἀγάπα.
314 3122 366 3129 -
384 3099 473 3152 Περὶ
490 3102 576 3137 θεῶν
591 3098 696 3151 λέγε,
718 3100 765 3142 ὡς
795 3098 862 3137 εἶσὶ
883 3099 965 3137 θεοί.
994 3121 1044 3128 -
1065 3098 1150 3137 Νόει
1177 3098 1216 3137 τὸ

156 3157 411 3211 πραττόμενον.
427 3158 618 3198 -Ἄκουε
643 3159 770 3198 πολλά.
797 3181 850 3189 —
875 3159 988 3199 Λάλει
1016 3158 1148 3210 καίρια.
1164 3183 1217 3188 -

118 3224 121 3226 ’
159 3213 276 3267 Πένης
296 3217 345 3257 ὧν
361 3219 540 3264 πλουσίοις
564 3220 614 3271 μὴ
636 3219 797 3270 ἐπιτίμα,
819 3218 862 3265 ἢν
878 3218 926 3270 μὴ
953 3218 1042 3270 μέγα
1061 3220 1212 3272 ὠφελῇς,

159 3276 377 3323 -Ἀνάξιον
396 3277 504 3331 ἄνδρα
521 3278 570 3330 μὴ
591 3279 726 3318 ἐπαίνει
747 3278 805 3317 διὰ
827 3280 993 3318 πλοῦτον.
1010 3301 1064 3308 —-
1082 3279 1215 3324 Πείσας

162 3335 266 3385 Mes,
285 3335 334 3387 μὴ
353 3336 753 3390 βιασάμενος.-“Ὀταν
771 3338 899 3390 ἀγαθὸν
911 3338 1089 3392 πράσσῃς,
1105 3339 1216 3388 θεούς,

160 3396 211 3448 μὴ
227 3396 354 3436 σαυτὸν
371 3398 546 3439 αἷτιῶ.-
561 3401 700 3446 Κτῆσαι
718 3401 753 3438 ἐν
775 3397 838 3450 μὲν
859 3399 995 3446 νεότητι
1009 3398 1214 3451 εὐπραξίαν,

160 3458 195 3494 ἐν
216 3454 251 3494 δὲ
271 3457 322 3510 τῷ
338 3455 431 3510 γήρα
446 3457 583 3512 σοφίαν.
600 3481 654 3488 -
671 3456 788 3504 (Ἐξεις
807 3457 899 3512 ἔργῳ
920 3459 1083 3510 μνήμην,
1105 3461 1217 3513 καιρῷ

160 3514 358 3564 ιῦλάὸειαν,
385 3516 503 3570 τρόπῳ
522 3517 773 3570 γενναιότητα,
792 3518 886 3571 πόνῳ
914 3518 1134 3572 ἐγκράτειαν,
1154 3519 1215 3572 φό-

1277 359 1400 401 Lingua
1429 361 1484 392 tua
1509 369 1549 392 ne
1577 360 1719 392 mentem
1742 362 1936 393 antevertat.
1957 380 1998 387 -
2025 363 2084 394 Irae
2102 361 2336 395 moderare.—

1276 422 1323 453 Ne
1341 420 1536 461 concupisce
1556 429 1630 460 quoe
1652 419 1720 452 lieri
1741 421 1916 461 nequeunt.
1933 437 1975 446 —·
1997 422 2035 452 In
2053 422 2104 453 via
2120 430 2158 453 ne
2177 421 2335 463 praegredi

1276 479 1416 520 festines,
1436 489 1518 512 neve
1536 488 1668 512 manum
1686 489 1817 518 moveas
1833 493 1839 512 :
1859 481 1907 512 est
1924 480 2008 512 enim
2027 480 2166 512 hominis
2178 481 2335 514 vecordis.

1275 556 1315 562 -
1345 538 1483 580 Legibus
1505 538 1704 580 obtempera.
1732 556 1775 562 -
1803 538 1924 579 lnjuria
1958 539 2094 570 affectus
2117 539 2336 580 reconciliare,

1276 599 1506 631 contumeliam
1527 607 1604 631 vero
1628 598 1794 631 ulciscere.
1906 594 1910 598 ’

1317 695 1347 726 4.
1371 693 1512 726 Pittacus
1528 694 1744 735 Mitylenaeus.

1317 784 1419 816 Nosce
1433 787 1561 825 tempus
1583 785 1817 825 opportunum.
1837 801 1879 807 —
1891 783 1984 822 Quod
2004 784 2150 817 facturus
2169 793 2215 825 es,
2233 793 2273 817 ne
2291 785 2336 816 di-

1275 852 1329 875 cas
1354 852 1362 875 :
1384 852 1459 875 nam
1477 852 1534 885 spe
1557 844 1730 876 frustratus
1753 843 1960 875 derideberis.
1981 861 2022 867 -
2041 843 2164 876 Amicis
2180 846 2283 876 utere.
2299 864 2339 872 -

1275 906 1357 942 Quae
1380 903 1459 936 vitio
1488 904 1588 936 vertis
1618 904 1699 944 aliis,
1721 904 1789 945 ipse
1815 914 1855 937 ne
1873 904 1980 937 facito.
2006 925 2046 931 -—
2073 905 2274 938 infortunato
2299 915 2339 937 ne

1276 963 1391 1004 probra
1414 963 1538 1004 ingeras
1560 976 1568 996 ς
1593 964 1624 995 in
1650 963 1698 995 his
1718 964 1804 996 enim
1829 964 1963 996 deorum
1992 963 2136 996 vindicta
2166 964 2269 998 sedet.
2296 982 2335 988 —-

1274 1023 1428 1064 Deposita
1446 1023 1554 1055 redde.
1575 1043 1615 1050 -
1631 1025 1692 1056 Fer
1708 1032 1823 1064 parvas
1841 1023 2002 1055 molestias
2019 1023 2059 1056 ab
2076 1023 2146 1056 aliis
2157 1025 2280 1057 allatas.
2295 1041 2334 1048 —-

1275 1085 1356 1114 Ama
1377 1082 1458 1114 alios
1475 1083 1597 1115 etiamsi
1619 1083 1713 1123 paulo
1737 1082 1867 1115 inferior
1893 1083 1948 1115 sis.
1968 1100 2009 1107 —-
2029 1085 2094 1116 Nec
2121 1083 2225 1116 amico
2241 1084 2336 1123 mate,

1275 1151 1334 1174 nec
1356 1141 1488 1174 inimico
1511 1142 1592 1174 bene
1609 1142 1698 1174 dicas
1721 1152 1729 1174 ε
1754 1142 1817 1175 hoc
1835 1142 1920 1174 enim
1950 1142 2092 1175 hominis
2110 1143 2337 1176 inconsiderati

1275 1205 1333 1234 est.
1349 1220 1392 1228 —-
1408 1203 1560 1242 Magnum
1579 1203 1628 1234 est
1643 1203 1823 1243 perspicere
1841 1202 1948 1234 sutura
1964 1212 1971 1234 :
1990 1203 2076 1243 quod
2096 1203 2251 1244 praeteriit
2271 1212 2339 1236 cer-

1274 1263 1344 1294 tum
1359 1263 1419 1302 est,
1437 1261 1525 1302 quod
1548 1261 1713 1302 futurum,
1730 1261 1917 1294 obscurum.
1930 1279 1973 1286 -
1991 1263 2067 1295 Fida
2083 1264 2132 1295 est
2147 1264 2245 1304 terra,
2264 1262 2338 1295 inti-

1275 1320 1354 1352 dum
1370 1329 1468 1353 mare.
1486 1338 1530 1344 —
1545 1321 1742 1362 inexplebile
1758 1322 1895 1355 tucrum.
1914 1340 1955 1346 —
1970 1323 2180 1355 Honestatem
2192 1324 2336 1364 acquire.

1274 1399 1311 1404 -
1339 1383 1457 1419 Quaere
1476 1380 1681 1421 obsequium.
1704 1398 1745 1404 —
1761 1382 1841 1413 Ama
1859 1381 2053 1420 doctrinam,
2077 1382 2337 1423 temperantiam,

1275 1439 1492 1482 prudentiam,
1508 1441 1689 1481 veritatem,
1710 1440 1817 1480 tidem,
1832 1441 2077 1482 experientiam,
2099 1441 2338 1482 dexteritatem,

1275 1500 1474 1539 societatem,
1489 1499 1701 1540 diligentiam,
1725 1509 1835 1536 curam
1866 1501 1910 1533 rei
1942 1501 2119 1541 familiaris,
2141 1503 2255 1542 artem,
2274 1502 2339 1543 pie-

1277 1562 1389 1592 tatem.

1319 1662 1348 1690 5.
1373 1656 1488 1689 Thales
1504 1656 1659 1688 Milesius.

1317 1752 1466 1793 Sponde;
1487 1753 1607 1793 praesto
1626 1760 1708 1783 noxa
1729 1754 1788 1783 est.
1806 1770 1846 1775 —
1874 1751 2059 1784 Amicorum
2080 1753 2288 1793 praesentium
2306 1756 2338 1786 et

1275 1811 1457 1844 absentium
1474 1815 1647 1843 memento.
1670 1831 1710 1838 -
1730 1811 1857 1844 Faciem
1871 1821 1910 1843 ne
1924 1813 2057 1852 ornato,
2077 1812 2131 1844 sed
2151 1813 2266 1845 studiis
2283 1813 2334 1844 ho·

1276 1872 1374 1904 uestis
1391 1871 1616 1903 ornatissimus
1632 1873 1714 1902 esto.
1740 1889 1782 1894 —
1809 1870 1880 1902 Noli
1902 1871 1986 1903 male
2004 1871 2169 1904 ditescere.
2198 1892 2236 1898 -
2252 1873 2338 1904 Cave

1274 1941 1379 1963 sermo
1399 1933 1474 1963 tuus
1497 1930 1639 1962 invisum
1659 1933 1690 1962 te
1707 1931 1802 1963 saciat
1820 1930 1858 1962 iis
1872 1931 1926 1971 qui
1945 1931 2007 1964 tide
2019 1931 2206 1973 interposita
2224 1941 2338 1964 earun-

1274 1991 1346 2022 dem
1367 1999 1474 2022 rerum
1491 1989 1567 2022 socii
1585 1992 1672 2022 sunt.
1687 2010 1726 2016 —
1738 1990 1932 2022 Parentibus
1950 1990 2086 2023 blandiri
2100 2000 2140 2023 ne
2155 1990 2278 2023 dubita.
2298 2009 2339 2018 .-

1275 2049 1469 2081 Maleficium
1484 2057 1525 2081 ne
1544 2048 1690 2081 admitte.
1704 2069 1743 2076 --
1758 2049 1871 2086 Qualia
1883 2048 2069 2090 parentibus
2085 2049 2220 2090 praemia
2239 2049 2338 2082 dede-

1276 2109 1329 2148 ris,
1351 2109 1426 2141 talia
1440 2110 1508 2149 ipse
1524 2117 1622 2140 senex
1643 2117 1660 2140 a
1675 2108 1784 2140 liberis
1805 2108 1869 2140 tuis
1889 2111 2053 2150 exspecta.
2077 2129 2117 2135 —
2137 2109 2275 2141 Difficile
2290 2111 2339 2142 est

1275 2177 1406 2201 noscere
1426 2168 1562 2200 bonum.
1578 2189 1619 2195 -
1635 2168 1874 2201 suavissimum
1893 2169 1942 2201 est
1958 2168 2078 2209 optatis
2095 2168 2204 2210 potiri.
2220 2186 2262 2192 —
2273 2171 2337 2201 De-

1274 2229 1354 2260 sidia
1371 2237 1421 2260 res
1445 2228 1581 2260 molesta
1605 2228 1665 2260 est.
1689 2244 1733 2251 —
1754 2227 1875 2260 Malum
1896 2227 2158 2269 intemperantia.
2181 2248 2222 2255 —
2239 2230 2335 2269 Igno-

1277 2288 1378 2319 rantia
1396 2287 1604 2319 incommoda
1621 2289 1681 2320 est.
1705 2307 1747 2315 --
1763 2280 1855 2320 Doce
1871 2296 1909 2319 ac
1936 2287 2023 2320 disce
2044 2288 2189 2320 meliora.
2207 2308 2249 2316 —
2264 2289 2338 2321 Noli

1276 2347 1390 2387 otiari,
1412 2347 1536 2379 etiamsi
1554 2346 1645 2379 dives
1660 2347 1714 2379 sis.
1729 2365 1771 2373 —
1793 2348 1857 2379 Res
1875 2346 2034 2379 secundas
2051 2347 2119 2379 cela
2135 2347 2266 2380 invidiae
2284 2347 2338 2380 de-

1276 2406 1435 2439 clinandae
1448 2415 1554 2438 causa.
1564 2407 1675 2437 -Fac
1690 2415 1730 2438 ne
1738 2405 1928 2438 miserabilis
1937 2405 2001 2438 fias.
2012 2426 2052 2433 —
2061 2406 2195 2439 Modum
2207 2406 2337 2439 adhibe.

1275 2483 1318 2489 ——
1331 2466 1417 2498 Cave
1430 2465 1584 2497 omnibus
1602 2465 1721 2497 credas.
1739 2484 1776 2492 —
1792 2467 1901 2503 Quum
1919 2465 2071 2507 imperas,
2090 2475 2163 2506 rege
2175 2467 2206 2499 te
2217 2465 2337 2508 ipsum.

1320 2611 1349 2638 6.
1368 2607 1438 2639 Bias
1457 2605 1657 2638 Teutamidae
1675 2605 1758 2637 filius
1775 2606 1956 2638 Prienensis
1971 2605 2051 2638 dixit
2067 2619 2075 2638 :

1319 2700 1624 2741 Pleriquehomines
1635 2698 1771 2740 improbi
1788 2700 1873 2731 sunt.
1891 2701 1980 2732 —In
1997 2699 2166 2739 speculum
2184 2699 2338 2732 intuitum

1276 2758 1401 2795 oportet
1415 2757 1458 2796 te,
1473 2756 1498 2787 si
1517 2756 1649 2797 pulcher
1666 2755 1723 2787 tibi
1756 2755 1888 2795 videris,
1914 2756 2049 2788 honesta
2069 2756 2187 2796 facere,
2214 2757 2263 2789 sin
2282 2758 2336 2790 de-

1279 2812 1400 2851 formis,
1420 2813 1545 2844 naturae
1568 2811 1685 2843 vitium
1713 2811 1884 2844 honestate
1907 2812 2080 2852 corrigere.
2102 2829 2147 2836 --
2163 2815 2264 2846 Lente
2282 2814 2339 2845 ali-

1278 2868 1354 2909 quid
1387 2867 1556 2908 aggredere
1589 2880 1597 2900 :
1625 2866 1710 2909 quod
1737 2869 1846 2900 autem
1881 2867 2099 2908 inchoaveris,
2123 2869 2154 2901 id
2185 2870 2337 2911 perticere

1278 2931 1514 2964 persevera.—
1534 2922 1739 2955 celeritatem
1761 2923 1792 2955 in
1814 2923 1977 2964 loquendo
2001 2924 2127 2964 oderis,
2147 2933 2187 2957 ne
2205 2934 2335 2966 pecces;

1277 2978 1421 3019 sequitur
1436 2978 1522 3010 enim
1542 2978 1742 3020 poenitentia.
1758 3000 1797 3007 —
1815 2980 1880 3012 Nec
1893 2979 2010 3012 stultus
2027 2980 2091 3020 sis,
2119 2989 2180 3013 nec
2198 2982 2340 3014 malitio-

1278 3042 1343 3066 sus.
1357 3053 1399 3061 -
1421 3033 1677 3074 Imprudentiam
1702 3043 1743 3067 ne
1768 3034 1916 3067 admitte.
1939 3054 1980 3062 —
1994 3035 2206 3068 Prudentiam
2228 3036 2338 3078 dilige.

1277 3107 1318 3113 —
1336 3091 1385 3122 De
1405 3089 1465 3122 diis
1478 3090 1541 3131 dic,
1561 3099 1632 3123 esse
1651 3090 1798 3123 numina.
1823 3108 1864 3115 —·
1894 3091 2039 3133 Intellige
2056 3091 2087 3123 id
2106 3092 2192 3133 quod
2219 3093 2340 3125 tacien-

1277 3146 1354 3178 dum
1368 3146 1428 3178 est.
1449 3165 1490 3174 --
1511 3145 1594 3178 Audi
1620 3146 1736 3178 multa.
1757 3164 1800 3170 —
1829 3148 1975 3187 Loquere
2005 3147 2212 3188 tempestiva.
2239 3169 2279 3176 .-
2306 3149 2338 3180 Si

1278 3211 1397 3243 pauper
1414 3210 1462 3241 es,
1487 3201 1553 3233 noli
1575 3201 1691 3234 divites
1710 3202 1955 3243 reprehendere,
1987 3202 2047 3234 nisi
2068 3203 2212 3242 perutilis
2230 3212 2337 3243 repre-

1277 3257 1388 3288 hensio
1402 3258 1462 3288 est.
1475 3274 1518 3283 -·
1535 3255 1651 3287 Virum
1676 3255 1845 3297 indignum
1867 3265 1908 3288 ne
1934 3256 2029 3288 lauda
2051 3257 2181 3298 propter
2198 3257 2338 3288 divitias,

1280 3331 1318 3339 -
1333 3311 1544 3343 Persuasione
1568 3318 1658 3351 cape,
1679 3319 1744 3342 non
1763 3311 1807 3342 vi.
1823 3328 1864 3334 ——
1880 3313 1989 3348 Quum
2013 3311 2088 3343 boni
2107 3311 2226 3352 aliquid
2248 3311 2336 3350 sacis,

1279 3375 1409 3398 cansam
1425 3365 1497 3405 diis,
1522 3374 1587 3398 non
1608 3365 1666 3398 tibi
1693 3366 1828 3399 ascribe.
1857 3384 1897 3389 —
1917 3366 2114 3398 Adolescens
2145 3366 2240 3398 rebus
2259 3367 2338 3399 bene

1278 3421 1437 3464 gerendiS,
1468 3430 1566 3454 senex
1599 3421 1767 3463 sapientiae
1799 3423 1942 3455 studeas.
1967 3440 2009 3446 —
2041 3422 2138 3463 Operi
2169 3422 2337 3456 adhibebis

1279 3477 1487 3518 memoriam,
1507 3477 1667 3510 occasioni
1688 3477 1892 3518 cautionem,
1921 3477 2065 3510 moribus
2094 3478 2335 3518 ingenuitatem,

1280 3531 1378 3564 labori
1400 3530 1647 3570 continentiam,
1674 3530 1783 3563 timori
1814 3531 1977 3570 pietatem,
1999 3530 2119 3562 divitiis
2149 3531 2335 3570 amicitiam,
