<?xml version="1.0" encoding="UTF-8"?>
<!DOCTYPE html PUBLIC "-//W3C//DTD XHTML 1.0 Transitional//EN"
    "http://www.w3.org/TR/xhtml1/DTD/xhtml1-transitional.dtd">
<html xmlns="http://www.w3.org/1999/xhtml" xml:lang="en" lang="en">
 <head>
  <title>
</title>
<meta http-equiv="Content-Type" content="text/html;charset=utf-8" />
  <meta name='ocr-system' content='tesseract 3.04.00' />
  <meta name='ocr-capabilities' content='ocr_page ocr_carea ocr_par ocr_line ocrx_word'/>
</head>
<body>
  <div class='ocr_page' id='page_1' title='image "./fragmentaphiloso01mulluoft_0341.png"; bbox 0 0 2612 3814; ppageno 0'>
   <div class='ocr_carea' id='block_1_1' title="bbox 0 0 109 561">
    <p class='ocr_par' dir='ltr' id='par_1_1' title="bbox 0 0 109 561">
     <span class='ocr_line' id='line_1_1' title="bbox 0 0 109 561; baseline 0 -177"><span class='ocrx_word' id='word_1_1' title='bbox 0 0 109 561; x_wconf 95' lang='lat' dir='ltr'>      </span> 
     </span>
    </p>
   </div>
   <div class='ocr_carea' id='block_1_2' title="bbox 47 300 1169 769">
    <p class='ocr_par' dir='ltr' id='par_1_2' title="bbox 46 292 1169 771">
     <span class='ocr_line' id='line_1_2' title="bbox 109 300 591 355; baseline -0.009 -10.529"><span class='ocrx_word' id='word_1_2' title='bbox 109 303 203 355; x_wconf 82' lang='grc' dir='ltr'>μηδὲ</span> <span class='ocrx_word' id='word_1_3' title='bbox 225 301 450 355; x_wconf 73' lang='grc' dir='ltr'>μεταὸαίνειν</span> <span class='ocrx_word' id='word_1_4' title='bbox 480 300 591 340; x_wconf 80' lang='grc' dir='ltr'>ἐστίν.</span> 
     </span>
     <span class='ocr_line' id='line_1_3' title="bbox 57 358 1169 417; baseline -0.004 -14.021"><span class='ocrx_word' id='word_1_5' title='bbox 57 407 79 417; x_wconf 72' lang='lat'>,-</span> <span class='ocrx_word' id='word_1_6' title='bbox 113 362 260 416; x_wconf 77' lang='grc' dir='ltr'>ἐλέχθη,</span> <span class='ocrx_word' id='word_1_7' title='bbox 287 361 415 413; x_wconf 83' lang='grc' dir='ltr'>ὁμοίως</span> <span class='ocrx_word' id='word_1_8' title='bbox 444 359 502 399; x_wconf 79' lang='grc' dir='ltr'>ἐπὶ</span> <span class='ocrx_word' id='word_1_9' title='bbox 525 361 593 399; x_wconf 83' lang='grc' dir='ltr'>τῶν</span> <span class='ocrx_word' id='word_1_10' title='bbox 617 358 727 399; x_wconf 83' lang='grc' dir='ltr'>ὄντων</span> <span class='ocrx_word' id='word_1_11' title='bbox 753 360 1017 412; x_wconf 81' lang='grc' dir='ltr'>κατηγορεῖται.</span> <span class='ocrx_word' id='word_1_12' title='bbox 1073 359 1169 400; x_wconf 79' lang='grc' dir='ltr'>Οὐδὲ</span> 
     </span>
     <span class='ocr_line' id='line_1_4' title="bbox 57 416 1169 476; baseline 0.003 -19.981"><span class='ocrx_word' id='word_1_13' title='bbox 57 432 82 463; x_wconf 52' lang='grc' dir='ltr'>,ἢ</span> <span class='ocrx_word' id='word_1_14' title='bbox 109 421 178 476; x_wconf 76' lang='grc' dir='ltr'>γὰρ</span> <span class='ocrx_word' id='word_1_15' title='bbox 193 420 233 461; x_wconf 79' lang='grc' dir='ltr'>ἂν</span> <span class='ocrx_word' id='word_1_16' title='bbox 252 420 368 460; x_wconf 79' lang='grc' dir='ltr'>πολλὰ</span> <span class='ocrx_word' id='word_1_17' title='bbox 386 418 512 466; x_wconf 79' lang='grc' dir='ltr'>ἀληθὲς</span> <span class='ocrx_word' id='word_1_18' title='bbox 529 420 636 458; x_wconf 83' lang='grc' dir='ltr'>εἰπεῖν</span> <span class='ocrx_word' id='word_1_19' title='bbox 651 416 704 466; x_wconf 84' lang='grc' dir='ltr'>εἴη</span> <span class='ocrx_word' id='word_1_20' title='bbox 727 418 777 469; x_wconf 79' lang='grc' dir='ltr'>μὴ</span> <span class='ocrx_word' id='word_1_21' title='bbox 789 417 841 469; x_wconf 77' lang='grc' dir='ltr'>ἕν,</span> <span class='ocrx_word' id='word_1_22' title='bbox 864 417 960 472; x_wconf 86' lang='grc' dir='ltr'>εἴπερ</span> <span class='ocrx_word' id='word_1_23' title='bbox 978 418 1039 459; x_wconf 80' lang='grc' dir='ltr'>καὶ</span> <span class='ocrx_word' id='word_1_24' title='bbox 1059 419 1099 459; x_wconf 75' lang='grc' dir='ltr'>τὸ</span> <span class='ocrx_word' id='word_1_25' title='bbox 1120 419 1169 470; x_wconf 79' lang='grc' dir='ltr'>μὴ</span> 
     </span>
     <span class='ocr_line' id='line_1_5' title="bbox 52 471 1168 531; baseline 0.001 -16"><span class='ocrx_word' id='word_1_26' title='bbox 52 490 77 531; x_wconf 42' lang='grc' dir='ltr'>,ᾖ</span> <span class='ocrx_word' id='word_1_27' title='bbox 109 481 148 522; x_wconf 85' lang='grc' dir='ltr'>ὄν</span> <span class='ocrx_word' id='word_1_28' title='bbox 167 483 243 521; x_wconf 83' lang='grc' dir='ltr'>ἐστι</span> <span class='ocrx_word' id='word_1_29' title='bbox 263 479 313 531; x_wconf 85' lang='grc' dir='ltr'>μὴ</span> <span class='ocrx_word' id='word_1_30' title='bbox 335 479 385 520; x_wconf 80' lang='grc' dir='ltr'>ἔν.</span> <span class='ocrx_word' id='word_1_31' title='bbox 444 471 537 518; x_wconf 72' lang='grc' dir='ltr'>Εἶτα</span> <span class='ocrx_word' id='word_1_32' title='bbox 563 479 620 516; x_wconf 85' lang='grc' dir='ltr'>ἐπ’</span> <span class='ocrx_word' id='word_1_33' title='bbox 647 476 747 516; x_wconf 85' lang='grc' dir='ltr'>ἐνίων</span> <span class='ocrx_word' id='word_1_34' title='bbox 770 476 938 515; x_wconf 87' lang='grc' dir='ltr'>τάναντία</span> <span class='ocrx_word' id='word_1_35' title='bbox 967 477 1168 530; x_wconf 76' lang='grc' dir='ltr'>ξυμὸαίνειν</span> 
     </span>
     <span class='ocr_line' id='line_1_6' title="bbox 58 530 1168 590; baseline -0.005 -10"><span class='ocrx_word' id='word_1_36' title='bbox 58 546 73 585; x_wconf 59' lang='grc' dir='ltr'>Γ,</span> <span class='ocrx_word' id='word_1_37' title='bbox 114 541 208 580; x_wconf 83' lang='grc' dir='ltr'>δοκεῖ</span> <span class='ocrx_word' id='word_1_38' title='bbox 230 538 323 579; x_wconf 78' lang='grc' dir='ltr'>κατὰ</span> <span class='ocrx_word' id='word_1_39' title='bbox 342 539 403 583; x_wconf 85' lang='grc' dir='ltr'>τὰς</span> <span class='ocrx_word' id='word_1_40' title='bbox 423 536 528 582; x_wconf 79' lang='grc' dir='ltr'>αὐτὰς</span> <span class='ocrx_word' id='word_1_41' title='bbox 550 535 760 590; x_wconf 76' lang='grc' dir='ltr'>ἀποφάσεις·</span> <span class='ocrx_word' id='word_1_42' title='bbox 778 535 813 582; x_wconf 83' lang='grc' dir='ltr'>ἐξ</span> <span class='ocrx_word' id='word_1_43' title='bbox 829 530 878 575; x_wconf 67' lang='grc' dir='ltr'>ὧν</span> <span class='ocrx_word' id='word_1_44' title='bbox 896 536 1033 589; x_wconf 83' lang='grc' dir='ltr'>ἀνάγκη</span> <span class='ocrx_word' id='word_1_45' title='bbox 1051 537 1074 585; x_wconf 87' lang='grc' dir='ltr'>ἢ</span> <span class='ocrx_word' id='word_1_46' title='bbox 1093 535 1168 576; x_wconf 86' lang='grc' dir='ltr'>ἴσον</span> 
     </span>
     <span class='ocr_line' id='line_1_7' title="bbox 47 590 1169 651; baseline -0.005 -11"><span class='ocrx_word' id='word_1_47' title='bbox 47 621 61 646; x_wconf 73' lang='grc' dir='ltr'>ς,</span> <span class='ocrx_word' id='word_1_48' title='bbox 83 631 85 635; x_wconf 89' lang='grc'><em>.</em></span> <span class='ocrx_word' id='word_1_49' title='bbox 115 592 204 640; x_wconf 76' lang='grc' dir='ltr'>εἶναι</span> <span class='ocrx_word' id='word_1_50' title='bbox 223 598 246 647; x_wconf 82' lang='grc' dir='ltr'>ἣ</span> <span class='ocrx_word' id='word_1_51' title='bbox 273 598 407 647; x_wconf 82' lang='grc' dir='ltr'>ἄνισον,</span> <span class='ocrx_word' id='word_1_52' title='bbox 438 597 480 637; x_wconf 85' lang='grc' dir='ltr'>ἄν</span> <span class='ocrx_word' id='word_1_53' title='bbox 494 614 528 636; x_wconf 88' lang='grc' dir='ltr'>τι</span> <span class='ocrx_word' id='word_1_54' title='bbox 550 599 682 645; x_wconf 77' lang='grc' dir='ltr'>πλῆθος</span> <span class='ocrx_word' id='word_1_55' title='bbox 701 590 748 650; x_wconf 72' lang='grc' dir='ltr'>ᾗ,</span> <span class='ocrx_word' id='word_1_56' title='bbox 775 595 835 635; x_wconf 81' lang='grc' dir='ltr'>καὶ</span> <span class='ocrx_word' id='word_1_57' title='bbox 861 596 988 647; x_wconf 80' lang='grc' dir='ltr'>ὁμοίως</span> <span class='ocrx_word' id='word_1_58' title='bbox 1008 595 1030 645; x_wconf 86' lang='grc' dir='ltr'>ἢ</span> <span class='ocrx_word' id='word_1_59' title='bbox 1051 597 1169 651; x_wconf 83' lang='grc' dir='ltr'>ἄρτιον</span> 
     </span>
     <span class='ocr_line' id='line_1_8' title="bbox 111 650 1169 713; baseline -0.004 -15.215"><span class='ocrx_word' id='word_1_60' title='bbox 111 657 135 707; x_wconf 72' lang='grc' dir='ltr'>ἢ</span> <span class='ocrx_word' id='word_1_61' title='bbox 157 656 336 713; x_wconf 86' lang='grc' dir='ltr'>περιττόν,</span> <span class='ocrx_word' id='word_1_62' title='bbox 349 656 391 696; x_wconf 77' lang='grc' dir='ltr'>ἂν</span> <span class='ocrx_word' id='word_1_63' title='bbox 420 656 564 711; x_wconf 78' lang='grc' dir='ltr'>ἀριθμὸς</span> <span class='ocrx_word' id='word_1_64' title='bbox 586 650 627 709; x_wconf 70' lang='grc' dir='ltr'>ᾗ·</span> <span class='ocrx_word' id='word_1_65' title='bbox 650 655 777 705; x_wconf 81' lang='grc' dir='ltr'>ὁμοίως</span> <span class='ocrx_word' id='word_1_66' title='bbox 797 655 833 696; x_wconf 81' lang='grc' dir='ltr'>δὲ</span> <span class='ocrx_word' id='word_1_67' title='bbox 852 655 912 695; x_wconf 78' lang='grc' dir='ltr'>καὶ</span> <span class='ocrx_word' id='word_1_68' title='bbox 929 656 969 696; x_wconf 81' lang='grc' dir='ltr'>τὸ</span> <span class='ocrx_word' id='word_1_69' title='bbox 982 658 1127 710; x_wconf 79' lang='grc' dir='ltr'>ἠρεμεῖν</span> <span class='ocrx_word' id='word_1_70' title='bbox 1146 657 1169 704; x_wconf 83' lang='grc' dir='ltr'><strong>ἢ</strong></span> 
     </span>
     <span class='ocr_line' id='line_1_9' title="bbox 112 709 709 769; baseline -0.006 -11.398"><span class='ocrx_word' id='word_1_71' title='bbox 112 721 282 757; x_wconf 85' lang='grc' dir='ltr'>κινεῖσθαι</span> <span class='ocrx_word' id='word_1_72' title='bbox 301 715 437 769; x_wconf 80' lang='grc' dir='ltr'>ἀνάγκη</span> <span class='ocrx_word' id='word_1_73' title='bbox 445 747 457 768; x_wconf 90' lang='grc'>,</span> <span class='ocrx_word' id='word_1_74' title='bbox 477 715 520 755; x_wconf 79' lang='grc' dir='ltr'>ἂν</span> <span class='ocrx_word' id='word_1_75' title='bbox 544 718 649 767; x_wconf 87' lang='grc' dir='ltr'>σῶμα</span> <span class='ocrx_word' id='word_1_76' title='bbox 672 709 709 769; x_wconf 76' lang='grc' dir='ltr'>ᾖ.</span> 
     </span>
    </p>
   </div>
   <div class='ocr_carea' id='block_1_3' title="bbox 652 298 1169 354">
    <p class='ocr_par' dir='ltr' id='par_1_3' title="bbox 652 298 1169 354">
     <span class='ocr_line' id='line_1_10' title="bbox 652 298 1169 354; baseline 0.002 -16"><span class='ocrx_word' id='word_1_77' title='bbox 652 298 775 339; x_wconf 77' lang='grc' dir='ltr'>Πολλὰ</span> <span class='ocrx_word' id='word_1_78' title='bbox 802 298 889 352; x_wconf 82' lang='grc' dir='ltr'>γάρ,</span> <span class='ocrx_word' id='word_1_79' title='bbox 918 299 1079 354; x_wconf 81' lang='grc' dir='ltr'>καθάπερ</span> <span class='ocrx_word' id='word_1_80' title='bbox 1107 299 1169 340; x_wconf 85' lang='grc' dir='ltr'>καὶ</span> 
     </span>
    </p>
   </div>
   <div class='ocr_carea' id='block_1_4' title="bbox 769 714 1170 756">
    <p class='ocr_par' dir='ltr' id='par_1_4' title="bbox 769 714 1170 756">
     <span class='ocr_line' id='line_1_11' title="bbox 769 714 1170 756; baseline -0.005 0"><span class='ocrx_word' id='word_1_81' title='bbox 769 714 851 756; x_wconf 86' lang='grc' dir='ltr'>Ἔτι</span> <span class='ocrx_word' id='word_1_82' title='bbox 871 717 901 754; x_wconf 83' lang='grc' dir='ltr'>εἰ</span> <span class='ocrx_word' id='word_1_83' title='bbox 920 715 981 754; x_wconf 80' lang='grc' dir='ltr'>καὶ</span> <span class='ocrx_word' id='word_1_84' title='bbox 995 716 1052 754; x_wconf 79' lang='grc' dir='ltr'>διὰ</span> <span class='ocrx_word' id='word_1_85' title='bbox 1069 720 1170 755; x_wconf 78' lang='grc' dir='ltr'>τοῦτο</span> 
     </span>
    </p>
   </div>
   <div class='ocr_carea' id='block_1_5' title="bbox 51 825 1172 967">
    <p class='ocr_par' dir='ltr' id='par_1_5' title="bbox 44 812 1172 975">
     <span class='ocr_line' id='line_1_12' title="bbox 111 825 1171 873; baseline -0.003 -8.178"><span class='ocrx_word' id='word_1_86' title='bbox 111 825 292 873; x_wconf 67' lang='lat' dir='ltr'>inimuate,</span> <span class='ocrx_word' id='word_1_87' title='bbox 303 831 330 864; x_wconf 83' lang='lat' dir='ltr'>si</span> <span class='ocrx_word' id='word_1_88' title='bbox 343 830 421 872; x_wconf 90' lang='lat' dir='ltr'>quid</span> <span class='ocrx_word' id='word_1_89' title='bbox 437 830 645 863; x_wconf 85' lang='lat' dir='ltr'>multitudine</span> <span class='ocrx_word' id='word_1_90' title='bbox 659 833 801 871; x_wconf 89' lang='lat' dir='ltr'>constet,</span> <span class='ocrx_word' id='word_1_91' title='bbox 817 839 874 872; x_wconf 89' lang='lat' dir='ltr'>par</span> <span class='ocrx_word' id='word_1_92' title='bbox 887 830 965 863; x_wconf 88' lang='lat' dir='ltr'>item</span> <span class='ocrx_word' id='word_1_93' title='bbox 985 833 1042 862; x_wconf 88' lang='lat' dir='ltr'>aut</span> <span class='ocrx_word' id='word_1_94' title='bbox 1056 829 1171 871; x_wconf 83' lang='lat' dir='ltr'><strong>impar,</strong></span> 
     </span>
     <span class='ocr_line' id='line_1_13' title="bbox 51 876 1172 926; baseline -0.003 -14"><span class='ocrx_word' id='word_1_95' title='bbox 51 879 69 926; x_wconf 34' lang='lat' dir='ltr'>,J</span> <span class='ocrx_word' id='word_1_96' title='bbox 113 879 143 912; x_wconf 81' lang='lat' dir='ltr'>si</span> <span class='ocrx_word' id='word_1_97' title='bbox 159 888 315 912; x_wconf 87' lang='lat' dir='ltr'>numerus</span> <span class='ocrx_word' id='word_1_98' title='bbox 333 879 393 920; x_wconf 88' lang='lat' dir='ltr'>sit,</span> <span class='ocrx_word' id='word_1_99' title='bbox 411 878 525 912; x_wconf 90' lang='lat' dir='ltr'>eadem</span> <span class='ocrx_word' id='word_1_100' title='bbox 542 878 680 919; x_wconf 90' lang='lat' dir='ltr'>denique</span> <span class='ocrx_word' id='word_1_101' title='bbox 700 877 825 910; x_wconf 89' lang='lat' dir='ltr'>ratione</span> <span class='ocrx_word' id='word_1_102' title='bbox 847 878 1016 918; x_wconf 83' lang='lat' dir='ltr'>quiescere</span> <span class='ocrx_word' id='word_1_103' title='bbox 1032 876 1084 909; x_wconf 87' lang='lat' dir='ltr'>vel</span> <span class='ocrx_word' id='word_1_104' title='bbox 1106 886 1172 909; x_wconf 90' lang='lat' dir='ltr'>mo-</span> 
     </span>
     <span class='ocr_line' id='line_1_14' title="bbox 113 925 642 967; baseline -0.002 -9.115"><span class='ocrx_word' id='word_1_105' title='bbox 113 925 182 958; x_wconf 86' lang='lat' dir='ltr'>veri</span> <span class='ocrx_word' id='word_1_106' title='bbox 198 927 347 967; x_wconf 81' lang='lat' dir='ltr'>oportet,</span> <span class='ocrx_word' id='word_1_107' title='bbox 368 925 395 958; x_wconf 90' lang='lat' dir='ltr'>si</span> <span class='ocrx_word' id='word_1_108' title='bbox 415 933 531 967; x_wconf 87' lang='lat' dir='ltr'>corpus</span> <span class='ocrx_word' id='word_1_109' title='bbox 551 925 604 958; x_wconf 90' lang='lat' dir='ltr'>sit.</span> <span class='ocrx_word' id='word_1_110' title='bbox 626 938 642 954; x_wconf 71' lang='grc' dir='ltr'>ιι</span> 
     </span>
    </p>
   </div>
   <div class='ocr_carea' id='block_1_6' title="bbox 154 972 1172 1015">
    <p class='ocr_par' dir='ltr' id='par_1_6' title="bbox 154 972 1172 1015">
     <span class='ocr_line' id='line_1_15' title="bbox 154 972 1172 1015; baseline -0.003 -8"><span class='ocrx_word' id='word_1_111' title='bbox 154 975 206 1007; x_wconf 86' lang='grc'>37.</span> <span class='ocrx_word' id='word_1_112' title='bbox 231 974 276 1007; x_wconf 84' lang='grc' dir='ltr'>ἔτι</span> <span class='ocrx_word' id='word_1_113' title='bbox 298 974 391 1007; x_wconf 81' lang='grc' dir='ltr'>εἶκαὶ</span> <span class='ocrx_word' id='word_1_114' title='bbox 407 973 459 1006; x_wconf 85' lang='grc' dir='ltr'>διὰ</span> <span class='ocrx_word' id='word_1_115' title='bbox 472 976 565 1007; x_wconf 82' lang='grc' dir='ltr'>τοῦτο</span> <span class='ocrx_word' id='word_1_116' title='bbox 587 973 633 1015; x_wconf 78' lang='grc' dir='ltr'>μὴ</span> <span class='ocrx_word' id='word_1_117' title='bbox 653 976 786 1006; x_wconf 87' lang='grc' dir='ltr'>κινεῖται</span> <span class='ocrx_word' id='word_1_118' title='bbox 811 974 829 1005; x_wconf 85' lang='grc' dir='ltr'>ὁ</span> <span class='ocrx_word' id='word_1_119' title='bbox 854 972 921 1011; x_wconf 88' lang='grc' dir='ltr'>θεός</span> <span class='ocrx_word' id='word_1_120' title='bbox 939 983 973 1005; x_wconf 88' lang='grc' dir='ltr'>τε</span> <span class='ocrx_word' id='word_1_121' title='bbox 991 973 1045 1005; x_wconf 89' lang='grc' dir='ltr'>καὶ</span> <span class='ocrx_word' id='word_1_122' title='bbox 1071 972 1108 1006; x_wconf 85' lang='grc' dir='ltr'>τὸ</span> <span class='ocrx_word' id='word_1_123' title='bbox 1128 972 1172 1011; x_wconf 80' lang='grc' dir='ltr'>ἔν,</span> 
     </span>
    </p>
   </div>
   <div class='ocr_carea' id='block_1_7' title="bbox 40 1020 1174 1110">
    <p class='ocr_par' dir='ltr' id='par_1_7' title="bbox 40 1013 1174 1110">
     <span class='ocr_line' id='line_1_16' title="bbox 40 1020 1174 1063; baseline 0 -11"><span class='ocrx_word' id='word_1_124' title='bbox 40 1021 52 1058; x_wconf 63' lang='grc' dir='ltr'>ζ-</span> <span class='ocrx_word' id='word_1_125' title='bbox 111 1021 159 1053; x_wconf 83' lang='grc' dir='ltr'>ὅτι</span> <span class='ocrx_word' id='word_1_126' title='bbox 172 1021 213 1054; x_wconf 77' lang='grc' dir='ltr'>τὰ</span> <span class='ocrx_word' id='word_1_127' title='bbox 230 1021 331 1055; x_wconf 83' lang='grc' dir='ltr'>πολλὰ</span> <span class='ocrx_word' id='word_1_128' title='bbox 345 1024 475 1055; x_wconf 82' lang='grc' dir='ltr'>κινεῖται</span> <span class='ocrx_word' id='word_1_129' title='bbox 492 1023 537 1063; x_wconf 86' lang='grc' dir='ltr'>τῷ</span> <span class='ocrx_word' id='word_1_130' title='bbox 556 1021 598 1057; x_wconf 78' lang='grc' dir='ltr'>εἷς</span> <span class='ocrx_word' id='word_1_131' title='bbox 612 1020 729 1059; x_wconf 87' lang='grc' dir='ltr'>ἄλληλα</span> <span class='ocrx_word' id='word_1_132' title='bbox 743 1021 822 1053; x_wconf 80' lang='grc' dir='ltr'>ἰέναι</span> <span class='ocrx_word' id='word_1_133' title='bbox 835 1043 843 1055; x_wconf 90' lang='grc'>,</span> <span class='ocrx_word' id='word_1_134' title='bbox 859 1020 889 1052; x_wconf 82' lang='grc' dir='ltr'>τί</span> <span class='ocrx_word' id='word_1_135' title='bbox 910 1021 1024 1053; x_wconf 88' lang='grc' dir='ltr'>κωλύει</span> <span class='ocrx_word' id='word_1_136' title='bbox 1043 1020 1096 1052; x_wconf 88' lang='grc' dir='ltr'>καὶ</span> <span class='ocrx_word' id='word_1_137' title='bbox 1121 1020 1174 1052; x_wconf 86' lang='grc' dir='ltr'>τὸν</span> 
     </span>
     <span class='ocr_line' id='line_1_17' title="bbox 40 1062 1173 1110; baseline -0.003 -8"><span class='ocrx_word' id='word_1_138' title='bbox 40 1062 82 1110; x_wconf 46' lang='grc' dir='ltr'>-Γ,</span> <span class='ocrx_word' id='word_1_139' title='bbox 110 1062 186 1102; x_wconf 81' lang='grc' dir='ltr'>θεὸν</span> <span class='ocrx_word' id='word_1_140' title='bbox 201 1069 354 1102; x_wconf 87' lang='grc' dir='ltr'>κινεῖσθαι</span> <span class='ocrx_word' id='word_1_141' title='bbox 369 1069 411 1106; x_wconf 71' lang='grc' dir='ltr'>εἰς</span> <span class='ocrx_word' id='word_1_142' title='bbox 427 1068 521 1108; x_wconf 88' lang='grc' dir='ltr'>ἄλλο;</span> <span class='ocrx_word' id='word_1_143' title='bbox 536 1068 613 1100; x_wconf 81' lang='grc' dir='ltr'>οὐδα</span> <span class='ocrx_word' id='word_1_144' title='bbox 625 1079 653 1099; x_wconf 79' lang='grc' dir='ltr'>τι</span> <span class='ocrx_word' id='word_1_145' title='bbox 668 1067 775 1109; x_wconf 84' lang='grc' dir='ltr'>μόνον,</span> <span class='ocrx_word' id='word_1_146' title='bbox 789 1067 854 1100; x_wconf 83' lang='grc' dir='ltr'>ἀλλ’</span> <span class='ocrx_word' id='word_1_147' title='bbox 871 1067 918 1100; x_wconf 86' lang='grc' dir='ltr'>ὅτι</span> <span class='ocrx_word' id='word_1_148' title='bbox 932 1067 976 1104; x_wconf 76' lang='grc' dir='ltr'>εἷς</span> <span class='ocrx_word' id='word_1_149' title='bbox 991 1067 1084 1110; x_wconf 90' lang='grc' dir='ltr'>μόνος</span> <span class='ocrx_word' id='word_1_150' title='bbox 1095 1067 1173 1104; x_wconf 84' lang='grc' dir='ltr'>θεός.</span> 
     </span>
    </p>
   </div>
   <div class='ocr_carea' id='block_1_8' title="bbox 47 1114 1174 1159">
    <p class='ocr_par' dir='ltr' id='par_1_8' title="bbox 47 1114 1174 1159">
     <span class='ocr_line' id='line_1_18' title="bbox 47 1114 1174 1159; baseline -0.004 -8"><span class='ocrx_word' id='word_1_151' title='bbox 47 1126 55 1136; x_wconf 57' lang='lat'>⁴¹</span> <span class='ocrx_word' id='word_1_152' title='bbox 110 1117 138 1148; x_wconf 82' lang='grc' dir='ltr'>εἰ</span> <span class='ocrx_word' id='word_1_153' title='bbox 155 1116 188 1148; x_wconf 83' lang='grc' dir='ltr'>δὲ</span> <span class='ocrx_word' id='word_1_154' title='bbox 200 1117 255 1150; x_wconf 85' lang='grc' dir='ltr'>καὶ</span> <span class='ocrx_word' id='word_1_155' title='bbox 272 1115 364 1154; x_wconf 76' lang='grc' dir='ltr'>αὐτός</span> <span class='ocrx_word' id='word_1_156' title='bbox 375 1140 385 1159; x_wconf 87' lang='grc'>,</span> <span class='ocrx_word' id='word_1_157' title='bbox 401 1115 431 1149; x_wconf 82' lang='grc' dir='ltr'>τί</span> <span class='ocrx_word' id='word_1_158' title='bbox 450 1114 564 1149; x_wconf 79' lang='grc' dir='ltr'>κωλύει</span> <span class='ocrx_word' id='word_1_159' title='bbox 583 1116 627 1152; x_wconf 85' lang='grc' dir='ltr'>εἷς</span> <span class='ocrx_word' id='word_1_160' title='bbox 644 1115 764 1154; x_wconf 84' lang='grc' dir='ltr'>ἄλληλα</span> <span class='ocrx_word' id='word_1_161' title='bbox 785 1115 976 1157; x_wconf 81' lang='grc' dir='ltr'>κινουμένων</span> <span class='ocrx_word' id='word_1_162' title='bbox 997 1118 1060 1147; x_wconf 88' lang='grc' dir='ltr'>τῶν</span> <span class='ocrx_word' id='word_1_163' title='bbox 1074 1118 1174 1159; x_wconf 82' lang='grc' dir='ltr'>μερῶν</span> 
     </span>
    </p>
   </div>
   <div class='ocr_carea' id='block_1_9' title="bbox 44 1161 1176 1258">
    <p class='ocr_par' dir='ltr' id='par_1_9' title="bbox 41 1161 1176 1258">
     <span class='ocr_line' id='line_1_19' title="bbox 55 1161 1175 1209; baseline 0 -14"><span class='ocrx_word' id='word_1_164' title='bbox 55 1183 64 1209; x_wconf 41' lang='lat'>5-</span> <span class='ocrx_word' id='word_1_165' title='bbox 111 1166 167 1195; x_wconf 86' lang='grc' dir='ltr'>τοῦ</span> <span class='ocrx_word' id='word_1_166' title='bbox 192 1187 378 1198; x_wconf 87' lang='grc'><strong>......</strong></span> <span class='ocrx_word' id='word_1_167' title='bbox 401 1163 508 1205; x_wconf 87' lang='grc' dir='ltr'>κύκλῳ</span> <span class='ocrx_word' id='word_1_168' title='bbox 531 1174 568 1205; x_wconf 76' lang='lat' dir='ltr'>&lt;pe</span> <span class='ocrx_word' id='word_1_169' title='bbox 591 1186 600 1196; x_wconf 94' lang='lat'><strong>.</strong></span> <span class='ocrx_word' id='word_1_170' title='bbox 625 1186 636 1196; x_wconf 91' lang='lat'><strong>.</strong></span> <span class='ocrx_word' id='word_1_171' title='bbox 659 1177 672 1195; x_wconf 88' lang='lat'>.·</span> <span class='ocrx_word' id='word_1_172' title='bbox 694 1187 704 1196; x_wconf 91' lang='lat'><strong>.</strong></span> <span class='ocrx_word' id='word_1_173' title='bbox 729 1186 738 1194; x_wconf 94' lang='lat'>.</span> <span class='ocrx_word' id='word_1_174' title='bbox 765 1185 775 1194; x_wconf 91' lang='lat'><em>.</em></span> <span class='ocrx_word' id='word_1_175' title='bbox 800 1161 879 1195; x_wconf 84' lang='grc' dir='ltr'>θεὸν.</span> <span class='ocrx_word' id='word_1_176' title='bbox 910 1162 948 1195; x_wconf 86' lang='grc' dir='ltr'>οὐ</span> <span class='ocrx_word' id='word_1_177' title='bbox 980 1162 1041 1203; x_wconf 84' lang='grc' dir='ltr'>γὰρ</span> <span class='ocrx_word' id='word_1_178' title='bbox 1070 1162 1108 1202; x_wconf 83' lang='grc' dir='ltr'>δὴ</span> <span class='ocrx_word' id='word_1_179' title='bbox 1140 1163 1175 1195; x_wconf 86' lang='grc' dir='ltr'>τὸ</span> 
     </span>
     <span class='ocr_line' id='line_1_20' title="bbox 44 1208 1176 1258; baseline -0.001 -16"><span class='ocrx_word' id='word_1_180' title='bbox 44 1231 57 1240; x_wconf 91' lang='grc'><em>.</em></span> <span class='ocrx_word' id='word_1_181' title='bbox 111 1214 234 1243; x_wconf 85' lang='grc' dir='ltr'>τοιοῦτο</span> <span class='ocrx_word' id='word_1_182' title='bbox 258 1211 302 1252; x_wconf 82' lang='grc' dir='ltr'>ἕν,</span> <span class='ocrx_word' id='word_1_183' title='bbox 325 1211 433 1253; x_wconf 88' lang='grc' dir='ltr'>ὥσπερ</span> <span class='ocrx_word' id='word_1_184' title='bbox 459 1210 477 1242; x_wconf 86' lang='grc' dir='ltr'>ό</span> <span class='ocrx_word' id='word_1_185' title='bbox 501 1209 607 1248; x_wconf 83' lang='grc' dir='ltr'>Ζήνων</span> <span class='ocrx_word' id='word_1_186' title='bbox 626 1208 728 1241; x_wconf 84' lang='grc' dir='ltr'>πολλὰ</span> <span class='ocrx_word' id='word_1_187' title='bbox 753 1208 834 1241; x_wconf 86' lang='grc' dir='ltr'>εἶναι</span> <span class='ocrx_word' id='word_1_188' title='bbox 866 1209 968 1258; x_wconf 68' lang='grc' dir='ltr'>φύσει.</span> <span class='ocrx_word' id='word_1_189' title='bbox 1001 1209 1094 1246; x_wconf 83' lang='grc' dir='ltr'>αὐτὸς</span> <span class='ocrx_word' id='word_1_190' title='bbox 1116 1209 1176 1250; x_wconf 86' lang='grc' dir='ltr'>γὰρ</span> 
     </span>
    </p>
   </div>
   <div class='ocr_carea' id='block_1_10' title="bbox 113 1255 1174 1299">
    <p class='ocr_par' dir='ltr' id='par_1_10' title="bbox 113 1255 1174 1299">
     <span class='ocr_line' id='line_1_21' title="bbox 113 1255 1174 1299; baseline 0 -9"><span class='ocrx_word' id='word_1_191' title='bbox 113 1261 208 1299; x_wconf 79' lang='grc' dir='ltr'>σῶμα</span> <span class='ocrx_word' id='word_1_192' title='bbox 238 1258 321 1299; x_wconf 80' lang='grc' dir='ltr'>λέγει</span> <span class='ocrx_word' id='word_1_193' title='bbox 358 1258 438 1290; x_wconf 88' lang='grc' dir='ltr'>εἷναι</span> <span class='ocrx_word' id='word_1_194' title='bbox 469 1257 524 1290; x_wconf 86' lang='grc' dir='ltr'>τὸν</span> <span class='ocrx_word' id='word_1_195' title='bbox 557 1256 638 1296; x_wconf 82' lang='grc' dir='ltr'>θεὸν,</span> <span class='ocrx_word' id='word_1_196' title='bbox 666 1255 728 1289; x_wconf 77' lang='grc' dir='ltr'>εἶτε</span> <span class='ocrx_word' id='word_1_197' title='bbox 758 1256 829 1289; x_wconf 83' lang='grc' dir='ltr'>τόδε</span> <span class='ocrx_word' id='word_1_198' title='bbox 867 1268 904 1289; x_wconf 89' lang='grc' dir='ltr'>το</span> <span class='ocrx_word' id='word_1_199' title='bbox 942 1259 1018 1296; x_wconf 86' lang='grc' dir='ltr'>πᾶν,</span> <span class='ocrx_word' id='word_1_200' title='bbox 1052 1256 1114 1289; x_wconf 83' lang='grc' dir='ltr'>εἶτε</span> <span class='ocrx_word' id='word_1_201' title='bbox 1135 1256 1174 1298; x_wconf 85' lang='grc' dir='ltr'>ὅ,</span> 
     </span>
    </p>
   </div>
   <div class='ocr_carea' id='block_1_11' title="bbox 42 1303 1176 1444">
    <p class='ocr_par' dir='ltr' id='par_1_11' title="bbox 36 1303 1176 1444">
     <span class='ocr_line' id='line_1_22' title="bbox 42 1303 1175 1347; baseline -0.003 -9"><span class='ocrx_word' id='word_1_202' title='bbox 42 1318 64 1342; x_wconf 54' lang='grc' dir='ltr'>«η</span> <span class='ocrx_word' id='word_1_203' title='bbox 110 1318 141 1340; x_wconf 81' lang='grc' dir='ltr'>τι</span> <span class='ocrx_word' id='word_1_204' title='bbox 170 1307 287 1346; x_wconf 83' lang='grc' dir='ltr'>δήποτε</span> <span class='ocrx_word' id='word_1_205' title='bbox 314 1305 390 1338; x_wconf 78' lang='grc' dir='ltr'>αὐτὸ</span> <span class='ocrx_word' id='word_1_206' title='bbox 420 1305 532 1347; x_wconf 84' lang='grc' dir='ltr'>λέγων.</span> <span class='ocrx_word' id='word_1_207' title='bbox 571 1303 741 1346; x_wconf 78' lang='grc' dir='ltr'>ἀσώματος</span> <span class='ocrx_word' id='word_1_208' title='bbox 771 1303 832 1346; x_wconf 84' lang='grc' dir='ltr'>γὰρ</span> <span class='ocrx_word' id='word_1_209' title='bbox 863 1303 908 1335; x_wconf 87' lang='grc' dir='ltr'>ὧν</span> <span class='ocrx_word' id='word_1_210' title='bbox 931 1307 998 1340; x_wconf 80' lang='grc' dir='ltr'>πῶς</span> <span class='ocrx_word' id='word_1_211' title='bbox 1023 1303 1059 1335; x_wconf 80' lang='grc' dir='ltr'>ἂν</span> <span class='ocrx_word' id='word_1_212' title='bbox 1084 1315 1175 1345; x_wconf 72' lang='grc' dir='ltr'>σφαι-</span> 
     </span>
     <span class='ocr_line' id='line_1_23' title="bbox 111 1350 1176 1396; baseline -0.003 -9.197"><span class='ocrx_word' id='word_1_213' title='bbox 111 1354 229 1396; x_wconf 82' lang='grc' dir='ltr'>ροειδὴς</span> <span class='ocrx_word' id='word_1_214' title='bbox 254 1352 304 1393; x_wconf 72' lang='grc' dir='ltr'>εἵη</span> <span class='ocrx_word' id='word_1_215' title='bbox 327 1351 501 1394; x_wconf 84' lang='grc' dir='ltr'>ἐπιμόνως,</span> <span class='ocrx_word' id='word_1_216' title='bbox 524 1351 599 1384; x_wconf 82' lang='grc' dir='ltr'>ὅταν</span> <span class='ocrx_word' id='word_1_217' title='bbox 628 1351 727 1388; x_wconf 87' lang='grc' dir='ltr'>οὕτως</span> <span class='ocrx_word' id='word_1_218' title='bbox 753 1350 819 1383; x_wconf 85' lang='grc' dir='ltr'>οὔτ’</span> <span class='ocrx_word' id='word_1_219' title='bbox 845 1350 883 1383; x_wconf 85' lang='grc' dir='ltr'>ἂν</span> <span class='ocrx_word' id='word_1_220' title='bbox 909 1354 1031 1384; x_wconf 81' lang='grc' dir='ltr'>κινοῖτο</span> <span class='ocrx_word' id='word_1_221' title='bbox 1055 1351 1120 1384; x_wconf 82' lang='grc' dir='ltr'>οὔτ’</span> <span class='ocrx_word' id='word_1_222' title='bbox 1139 1352 1176 1384; x_wconf 87' lang='grc' dir='ltr'>ἂν</span> 
     </span>
     <span class='ocr_line' id='line_1_24' title="bbox 44 1393 1174 1444; baseline 0 -12"><span class='ocrx_word' id='word_1_223' title='bbox 44 1393 60 1421; x_wconf 49' lang='lat' dir='ltr'>”f</span> <span class='ocrx_word' id='word_1_224' title='bbox 111 1402 224 1444; x_wconf 83' lang='grc' dir='ltr'>ἠρεμοῖ</span> <span class='ocrx_word' id='word_1_225' title='bbox 255 1401 400 1444; x_wconf 81' lang='grc' dir='ltr'>μηδαμοῦ</span> <span class='ocrx_word' id='word_1_226' title='bbox 425 1410 462 1440; x_wconf 85' lang='grc' dir='ltr'>γε</span> <span class='ocrx_word' id='word_1_227' title='bbox 484 1398 542 1439; x_wconf 84' lang='grc' dir='ltr'>ὤν;</span> <span class='ocrx_word' id='word_1_228' title='bbox 569 1398 635 1432; x_wconf 83' lang='grc' dir='ltr'>ἐπεὶ</span> <span class='ocrx_word' id='word_1_229' title='bbox 664 1398 697 1431; x_wconf 85' lang='grc' dir='ltr'>δὲ</span> <span class='ocrx_word' id='word_1_230' title='bbox 730 1397 827 1440; x_wconf 67' lang='grc' dir='ltr'>σῶμόι</span> <span class='ocrx_word' id='word_1_231' title='bbox 864 1398 951 1437; x_wconf 82' lang='grc' dir='ltr'>ἐστι,</span> <span class='ocrx_word' id='word_1_232' title='bbox 980 1399 1011 1432; x_wconf 87' lang='grc' dir='ltr'>τί</span> <span class='ocrx_word' id='word_1_233' title='bbox 1036 1399 1073 1432; x_wconf 90' lang='grc' dir='ltr'>ἂν</span> <span class='ocrx_word' id='word_1_234' title='bbox 1097 1399 1174 1432; x_wconf 80' lang='grc' dir='ltr'>αὐτὸ</span> 
     </span>
    </p>
   </div>
   <div class='ocr_carea' id='block_1_12' title="bbox 112 1447 1177 1490">
    <p class='ocr_par' dir='ltr' id='par_1_12' title="bbox 112 1447 1177 1490">
     <span class='ocr_line' id='line_1_25' title="bbox 112 1447 1177 1490; baseline -0.002 -8"><span class='ocrx_word' id='word_1_235' title='bbox 112 1449 229 1482; x_wconf 82' lang='grc' dir='ltr'>κωλύοι</span> <span class='ocrx_word' id='word_1_236' title='bbox 250 1449 404 1482; x_wconf 82' lang='grc' dir='ltr'>κινεῖσθαι</span> <span class='ocrx_word' id='word_1_237' title='bbox 424 1449 467 1485; x_wconf 79' lang='grc' dir='ltr'>ὡς</span> <span class='ocrx_word' id='word_1_238' title='bbox 489 1447 620 1490; x_wconf 78' lang='grc' dir='ltr'>ἐλέχθη;</span> <span class='ocrx_word' id='word_1_239' title='bbox 644 1448 783 1479; x_wconf 86' lang='lat' dir='ltr'>Lacunae</span> <span class='ocrx_word' id='word_1_240' title='bbox 796 1455 860 1479; x_wconf 90' lang='lat' dir='ltr'>non</span> <span class='ocrx_word' id='word_1_241' title='bbox 882 1447 1052 1488; x_wconf 78' lang='lat' dir='ltr'>explentur</span> <span class='ocrx_word' id='word_1_242' title='bbox 1066 1447 1177 1480; x_wconf 89' lang='lat' dir='ltr'>codice</span> 
     </span>
    </p>
   </div>
   <div class='ocr_carea' id='block_1_13' title="bbox 48 1490 1175 1538">
    <p class='ocr_par' dir='ltr' id='par_1_13' title="bbox 33 1479 1175 1539">
     <span class='ocr_line' id='line_1_26' title="bbox 48 1490 1175 1538; baseline 0 -11"><span class='ocrx_word' id='word_1_243' title='bbox 48 1490 58 1527; x_wconf 70' lang='grc' dir='ltr'>ἶὶ</span> <span class='ocrx_word' id='word_1_244' title='bbox 113 1496 288 1538; x_wconf 84' lang='lat' dir='ltr'>Lipsiensi,</span> <span class='ocrx_word' id='word_1_245' title='bbox 304 1495 359 1538; x_wconf 91' lang='lat' dir='ltr'>qui</span> <span class='ocrx_word' id='word_1_246' title='bbox 377 1498 448 1538; x_wconf 89' lang='lat' dir='ltr'>post</span> <span class='ocrx_word' id='word_1_247' title='bbox 463 1495 616 1528; x_wconf 86' lang='grc' dir='ltr'>κινεῖσθαι</span> <span class='ocrx_word' id='word_1_248' title='bbox 629 1494 670 1531; x_wconf 79' lang='grc' dir='ltr'>εἷς</span> <span class='ocrx_word' id='word_1_249' title='bbox 688 1493 762 1527; x_wconf 86' lang='grc' dir='ltr'>ἄλλο</span> <span class='ocrx_word' id='word_1_250' title='bbox 778 1494 857 1527; x_wconf 89' lang='lat' dir='ltr'>nihil</span> <span class='ocrx_word' id='word_1_251' title='bbox 874 1493 970 1528; x_wconf 77' lang='lat' dir='ltr'>offert</span> <span class='ocrx_word' id='word_1_252' title='bbox 985 1494 1044 1527; x_wconf 91' lang='lat' dir='ltr'>nisi</span> <span class='ocrx_word' id='word_1_253' title='bbox 1059 1494 1175 1528; x_wconf 74' lang='grc' dir='ltr'>οὐδα...</span> 
     </span>
    </p>
   </div>
   <div class='ocr_carea' id='block_1_14' title="bbox 112 1541 1178 1679">
    <p class='ocr_par' dir='ltr' id='par_1_14' title="bbox 112 1541 1178 1679">
     <span class='ocr_line' id='line_1_27' title="bbox 112 1541 1178 1587; baseline -0.002 -10"><span class='ocrx_word' id='word_1_254' title='bbox 112 1544 312 1587; x_wconf 79' lang='grc' dir='ltr'>ὅτι...μόνον,</span> <span class='ocrx_word' id='word_1_255' title='bbox 323 1543 402 1584; x_wconf 79' lang='grc' dir='ltr'>ἀλλ’,</span> <span class='ocrx_word' id='word_1_256' title='bbox 416 1542 532 1575; x_wconf 90' lang='lat' dir='ltr'>deinde</span> <span class='ocrx_word' id='word_1_257' title='bbox 553 1550 720 1584; x_wconf 83' lang='lat' dir='ltr'>perperam</span> <span class='ocrx_word' id='word_1_258' title='bbox 737 1541 834 1575; x_wconf 86' lang='lat' dir='ltr'>habet</span> <span class='ocrx_word' id='word_1_259' title='bbox 849 1543 875 1575; x_wconf 83' lang='grc' dir='ltr'>εἰ</span> <span class='ocrx_word' id='word_1_260' title='bbox 890 1542 923 1575; x_wconf 84' lang='grc' dir='ltr'>δὲ</span> <span class='ocrx_word' id='word_1_261' title='bbox 942 1542 996 1575; x_wconf 87' lang='grc' dir='ltr'>καὶ</span> <span class='ocrx_word' id='word_1_262' title='bbox 1013 1542 1103 1580; x_wconf 79' lang='grc' dir='ltr'>οὗτος</span> <span class='ocrx_word' id='word_1_263' title='bbox 1119 1552 1178 1584; x_wconf 91' lang='lat' dir='ltr'>pro</span> 
     </span>
     <span class='ocr_line' id='line_1_28' title="bbox 113 1590 1178 1632; baseline -0.002 -8"><span class='ocrx_word' id='word_1_264' title='bbox 113 1591 218 1629; x_wconf 76' lang='grc' dir='ltr'>αὖτός.</span> <span class='ocrx_word' id='word_1_265' title='bbox 233 1593 271 1624; x_wconf 88' lang='lat' dir='ltr'>In</span> <span class='ocrx_word' id='word_1_266' title='bbox 285 1591 385 1624; x_wconf 85' lang='lat' dir='ltr'>altera</span> <span class='ocrx_word' id='word_1_267' title='bbox 398 1590 514 1623; x_wconf 86' lang='lat' dir='ltr'>lacuna</span> <span class='ocrx_word' id='word_1_268' title='bbox 526 1592 589 1622; x_wconf 83' lang='grc' dir='ltr'>τῶν</span> <span class='ocrx_word' id='word_1_269' title='bbox 612 1591 713 1632; x_wconf 84' lang='grc' dir='ltr'>μερῶν</span> <span class='ocrx_word' id='word_1_270' title='bbox 734 1599 790 1621; x_wconf 87' lang='grc' dir='ltr'>του</span> <span class='ocrx_word' id='word_1_271' title='bbox 812 1613 992 1623; x_wconf 90' lang='grc'><strong>......</strong></span> <span class='ocrx_word' id='word_1_272' title='bbox 1017 1591 1124 1632; x_wconf 68' lang='grc' dir='ltr'>κύκλῳ</span> <span class='ocrx_word' id='word_1_273' title='bbox 1143 1603 1178 1632; x_wconf 54' lang='lat' dir='ltr'>pe</span> 
     </span>
     <span class='ocr_line' id='line_1_29' title="bbox 114 1636 1176 1679; baseline -0.002 -7"><span class='ocrx_word' id='word_1_274' title='bbox 114 1663 260 1672; x_wconf 88' lang='grc'><strong>.....</strong></span> <span class='ocrx_word' id='word_1_275' title='bbox 277 1638 345 1671; x_wconf 84' lang='grc' dir='ltr'>θεόν</span> <span class='ocrx_word' id='word_1_276' title='bbox 357 1637 458 1671; x_wconf 86' lang='lat' dir='ltr'>latere</span> <span class='ocrx_word' id='word_1_277' title='bbox 476 1637 584 1679; x_wconf 88' lang='grc' dir='ltr'>κύκλῳ</span> <span class='ocrx_word' id='word_1_278' title='bbox 601 1637 745 1679; x_wconf 82' lang='grc' dir='ltr'>φέρεσθαι</span> <span class='ocrx_word' id='word_1_279' title='bbox 759 1636 898 1669; x_wconf 89' lang='lat' dir='ltr'>Beckius</span> <span class='ocrx_word' id='word_1_280' title='bbox 917 1637 1101 1678; x_wconf 87' lang='lat' dir='ltr'>suspicatus</span> <span class='ocrx_word' id='word_1_281' title='bbox 1115 1639 1176 1670; x_wconf 85' lang='lat' dir='ltr'>est.</span> 
     </span>
    </p>
   </div>
   <div class='ocr_carea' id='block_1_15' title="bbox 43 1732 1179 1776">
    <p class='ocr_par' dir='ltr' id='par_1_15' title="bbox 32 1732 1179 1781">
     <span class='ocr_line' id='line_1_30' title="bbox 43 1732 1179 1776; baseline -0.003 -9.029"><span class='ocrx_word' id='word_1_282' title='bbox 43 1734 59 1754; x_wconf 82' lang='grc'>’-</span> <span class='ocrx_word' id='word_1_283' title='bbox 114 1743 208 1775; x_wconf 91' lang='lat' dir='ltr'>porro</span> <span class='ocrx_word' id='word_1_284' title='bbox 223 1734 285 1767; x_wconf 70' lang='lat' dir='ltr'>stre</span> <span class='ocrx_word' id='word_1_285' title='bbox 295 1734 365 1767; x_wconf 85' lang='grc' dir='ltr'>τόδε</span> <span class='ocrx_word' id='word_1_286' title='bbox 374 1743 434 1776; x_wconf 86' lang='lat' dir='ltr'>pro</span> <span class='ocrx_word' id='word_1_287' title='bbox 447 1733 577 1774; x_wconf 87' lang='lat' dir='ltr'>vulgato</span> <span class='ocrx_word' id='word_1_288' title='bbox 589 1733 649 1765; x_wconf 73' lang='grc' dir='ltr'>εἴτε</span> <span class='ocrx_word' id='word_1_289' title='bbox 662 1732 696 1765; x_wconf 80' lang='grc' dir='ltr'>δὲ</span> <span class='ocrx_word' id='word_1_290' title='bbox 708 1732 778 1765; x_wconf 83' lang='grc' dir='ltr'>τόδε</span> <span class='ocrx_word' id='word_1_291' title='bbox 789 1756 800 1774; x_wconf 90' lang='grc'>,</span> <span class='ocrx_word' id='word_1_292' title='bbox 815 1734 973 1774; x_wconf 85' lang='lat' dir='ltr'>practerea</span> <span class='ocrx_word' id='word_1_293' title='bbox 986 1733 1179 1775; x_wconf 80' lang='grc' dir='ltr'>σφαιροειδὴς</span> 
     </span>
    </p>
   </div>
   <div class='ocr_carea' id='block_1_16' title="bbox 114 1779 1179 1918">
    <p class='ocr_par' dir='ltr' id='par_1_16' title="bbox 114 1779 1179 1918">
     <span class='ocr_line' id='line_1_31' title="bbox 114 1779 1179 1823; baseline -0.002 -9"><span class='ocrx_word' id='word_1_294' title='bbox 114 1781 173 1820; x_wconf 75' lang='grc' dir='ltr'>εἴη.</span> <span class='ocrx_word' id='word_1_295' title='bbox 187 1782 252 1814; x_wconf 83' lang='grc' dir='ltr'>ἐπεὶ</span> <span class='ocrx_word' id='word_1_296' title='bbox 267 1781 370 1823; x_wconf 85' lang='grc' dir='ltr'>μόνως</span> <span class='ocrx_word' id='word_1_297' title='bbox 381 1781 410 1815; x_wconf 79' lang='grc' dir='ltr'>τ’</span> <span class='ocrx_word' id='word_1_298' title='bbox 426 1782 463 1814; x_wconf 85' lang='grc' dir='ltr'>ἂν</span> <span class='ocrx_word' id='word_1_299' title='bbox 479 1781 578 1818; x_wconf 80' lang='grc' dir='ltr'>οὕτως</span> <span class='ocrx_word' id='word_1_300' title='bbox 593 1781 658 1813; x_wconf 85' lang='grc' dir='ltr'>οὔτ’</span> <span class='ocrx_word' id='word_1_301' title='bbox 672 1781 710 1813; x_wconf 80' lang='grc' dir='ltr'>ἂν</span> <span class='ocrx_word' id='word_1_302' title='bbox 724 1782 855 1820; x_wconf 83' lang='grc' dir='ltr'>κινοῖτο,</span> <span class='ocrx_word' id='word_1_303' title='bbox 874 1779 1013 1822; x_wconf 86' lang='lat' dir='ltr'>denique</span> <span class='ocrx_word' id='word_1_304' title='bbox 1031 1781 1179 1821; x_wconf 76' lang='grc' dir='ltr'>μηδαμοῦ</span> 
     </span>
     <span class='ocr_line' id='line_1_32' title="bbox 114 1827 1179 1872; baseline -0.002 -10"><span class='ocrx_word' id='word_1_305' title='bbox 114 1840 149 1869; x_wconf 93' lang='grc' dir='ltr'>γε</span> <span class='ocrx_word' id='word_1_306' title='bbox 161 1829 205 1861; x_wconf 87' lang='grc' dir='ltr'>ὧν</span> <span class='ocrx_word' id='word_1_307' title='bbox 216 1838 273 1871; x_wconf 86' lang='lat' dir='ltr'>pro</span> <span class='ocrx_word' id='word_1_308' title='bbox 286 1829 372 1870; x_wconf 86' lang='lat' dir='ltr'>vulg.</span> <span class='ocrx_word' id='word_1_309' title='bbox 388 1830 532 1872; x_wconf 71' lang='grc' dir='ltr'>μηδαμοῦ</span> <span class='ocrx_word' id='word_1_310' title='bbox 542 1839 576 1862; x_wconf 82' lang='grc' dir='ltr'>τι</span> <span class='ocrx_word' id='word_1_311' title='bbox 590 1828 633 1860; x_wconf 85' lang='grc' dir='ltr'>ὧν</span> <span class='ocrx_word' id='word_1_312' title='bbox 647 1828 679 1861; x_wconf 89' lang='lat' dir='ltr'>et</span> <span class='ocrx_word' id='word_1_313' title='bbox 695 1827 810 1861; x_wconf 89' lang='grc' dir='ltr'>κωλύοι</span> <span class='ocrx_word' id='word_1_314' title='bbox 824 1829 975 1861; x_wconf 81' lang='grc' dir='ltr'>κινεῖσθαι</span> <span class='ocrx_word' id='word_1_315' title='bbox 989 1836 1049 1869; x_wconf 87' lang='lat' dir='ltr'>pro</span> <span class='ocrx_word' id='word_1_316' title='bbox 1063 1827 1179 1860; x_wconf 80' lang='lat' dir='ltr'>vitioso</span> 
     </span>
     <span class='ocr_line' id='line_1_33' title="bbox 116 1875 1178 1918; baseline 0 -10"><span class='ocrx_word' id='word_1_317' title='bbox 116 1876 158 1918; x_wconf 84' lang='grc' dir='ltr'>(τί</span> <span class='ocrx_word' id='word_1_318' title='bbox 175 1877 228 1918; x_wconf 81' lang='grc' dir='ltr'>ἂν)</span> <span class='ocrx_word' id='word_1_319' title='bbox 243 1877 358 1910; x_wconf 79' lang='grc' dir='ltr'>κωλύει</span> <span class='ocrx_word' id='word_1_320' title='bbox 373 1877 524 1909; x_wconf 78' lang='grc' dir='ltr'>κινεῖσθαι</span> <span class='ocrx_word' id='word_1_321' title='bbox 543 1876 629 1917; x_wconf 91' lang='lat' dir='ltr'>quod</span> <span class='ocrx_word' id='word_1_322' title='bbox 647 1875 679 1908; x_wconf 91' lang='lat' dir='ltr'>in</span> <span class='ocrx_word' id='word_1_323' title='bbox 695 1875 859 1908; x_wconf 87' lang='lat' dir='ltr'>veteribus</span> <span class='ocrx_word' id='word_1_324' title='bbox 875 1875 1071 1908; x_wconf 83' lang='lat' dir='ltr'>editionibus</span> <span class='ocrx_word' id='word_1_325' title='bbox 1088 1884 1178 1917; x_wconf 83' lang='lat' dir='ltr'>repe-</span> 
     </span>
    </p>
   </div>
   <div class='ocr_carea' id='block_1_17' title="bbox 67 1922 1181 1958">
    <p class='ocr_par' dir='ltr' id='par_1_17' title="bbox 27 1921 1181 1958">
     <span class='ocr_line' id='line_1_34' title="bbox 67 1922 1181 1958; baseline -0.003 -0.139"><span class='ocrx_word' id='word_1_326' title='bbox 67 1945 72 1949; x_wconf 96' lang='lat'>-</span> <span class='ocrx_word' id='word_1_327' title='bbox 115 1925 206 1957; x_wconf 84' lang='lat' dir='ltr'>ritur.</span> <span class='ocrx_word' id='word_1_328' title='bbox 228 1925 408 1958; x_wconf 88' lang='lat' dir='ltr'>Felicianus</span> <span class='ocrx_word' id='word_1_329' title='bbox 424 1924 494 1957; x_wconf 83' lang='lat' dir='ltr'>baec</span> <span class='ocrx_word' id='word_1_330' title='bbox 509 1924 557 1957; x_wconf 88' lang='lat' dir='ltr'>sic</span> <span class='ocrx_word' id='word_1_331' title='bbox 579 1923 675 1956; x_wconf 87' lang='lat' dir='ltr'>vertit</span> <span class='ocrx_word' id='word_1_332' title='bbox 693 1936 702 1956; x_wconf 77' lang='lat' dir='ltr'><strong><em>z</em></strong></span> <span class='ocrx_word' id='word_1_333' title='bbox 720 1935 736 1952; x_wconf 75' lang='grc' dir='ltr'>«ι</span> <span class='ocrx_word' id='word_1_334' title='bbox 751 1924 910 1956; x_wconf 80' lang='lat' dir='ltr'>Praeterea</span> <span class='ocrx_word' id='word_1_335' title='bbox 923 1922 950 1955; x_wconf 94' lang='lat' dir='ltr'>si</span> <span class='ocrx_word' id='word_1_336' title='bbox 972 1922 1069 1955; x_wconf 84' lang='lat' dir='ltr'>etiam</span> <span class='ocrx_word' id='word_1_337' title='bbox 1086 1930 1124 1954; x_wconf 88' lang='lat' dir='ltr'>ea</span> <span class='ocrx_word' id='word_1_338' title='bbox 1141 1922 1181 1954; x_wconf 85' lang='lat' dir='ltr'>de</span> 
     </span>
    </p>
   </div>
   <div class='ocr_carea' id='block_1_18' title="bbox 113 1967 1181 2012">
    <p class='ocr_par' dir='ltr' id='par_1_18' title="bbox 113 1967 1181 2012">
     <span class='ocr_line' id='line_1_35' title="bbox 113 1967 1181 2012; baseline -0.004 -7"><span class='ocrx_word' id='word_1_339' title='bbox 113 1980 211 2005; x_wconf 82' lang='lat' dir='ltr'>causa</span> <span class='ocrx_word' id='word_1_340' title='bbox 236 1980 302 2004; x_wconf 87' lang='lat' dir='ltr'>non</span> <span class='ocrx_word' id='word_1_341' title='bbox 330 1967 480 2005; x_wconf 82' lang='lat' dir='ltr'>movetur</span> <span class='ocrx_word' id='word_1_342' title='bbox 507 1971 608 2012; x_wconf 87' lang='lat' dir='ltr'>deus,</span> <span class='ocrx_word' id='word_1_343' title='bbox 629 1973 662 2004; x_wconf 88' lang='lat' dir='ltr'>et</span> <span class='ocrx_word' id='word_1_344' title='bbox 680 1980 801 2011; x_wconf 88' lang='lat' dir='ltr'>unum,</span> <span class='ocrx_word' id='word_1_345' title='bbox 817 1970 893 2012; x_wconf 86' lang='lat' dir='ltr'>quia</span> <span class='ocrx_word' id='word_1_346' title='bbox 925 1978 962 2002; x_wconf 88' lang='lat' dir='ltr'>ea</span> <span class='ocrx_word' id='word_1_347' title='bbox 981 1978 1056 2011; x_wconf 88' lang='lat' dir='ltr'>quae</span> <span class='ocrx_word' id='word_1_348' title='bbox 1077 1969 1181 2001; x_wconf 84' lang='lat' dir='ltr'>multa</span> 
     </span>
    </p>
   </div>
   <div class='ocr_carea' id='block_1_19' title="bbox 38 2004 1179 2061">
    <p class='ocr_par' dir='ltr' id='par_1_19' title="bbox 38 2004 1179 2061">
     <span class='ocr_line' id='line_1_36' title="bbox 38 2004 1179 2061; baseline -0.003 -10"><span class='ocrx_word' id='word_1_349' title='bbox 38 2004 62 2051; x_wconf 45' lang='lat'>³-</span> <span class='ocrx_word' id='word_1_350' title='bbox 115 2022 204 2060; x_wconf 86' lang='lat' dir='ltr'>sunt,</span> <span class='ocrx_word' id='word_1_351' title='bbox 218 2022 402 2061; x_wconf 85' lang='lat' dir='ltr'>moventur,</span> <span class='ocrx_word' id='word_1_352' title='bbox 421 2018 500 2051; x_wconf 89' lang='lat' dir='ltr'>dum</span> <span class='ocrx_word' id='word_1_353' title='bbox 515 2019 548 2051; x_wconf 91' lang='lat' dir='ltr'>in</span> <span class='ocrx_word' id='word_1_354' title='bbox 567 2027 639 2053; x_wconf 88' lang='lat' dir='ltr'>sese</span> <span class='ocrx_word' id='word_1_355' title='bbox 654 2020 767 2051; x_wconf 88' lang='lat' dir='ltr'>mutuo</span> <span class='ocrx_word' id='word_1_356' title='bbox 782 2018 968 2057; x_wconf 87' lang='lat' dir='ltr'>transeunt,</span> <span class='ocrx_word' id='word_1_357' title='bbox 985 2016 1063 2059; x_wconf 90' lang='lat' dir='ltr'>quid</span> <span class='ocrx_word' id='word_1_358' title='bbox 1079 2018 1179 2056; x_wconf 87' lang='lat' dir='ltr'>vetat,</span> 
     </span>
    </p>
   </div>
   <div class='ocr_carea' id='block_1_20' title="bbox 115 2063 1181 2109">
    <p class='ocr_par' dir='ltr' id='par_1_20' title="bbox 115 2063 1181 2109">
     <span class='ocr_line' id='line_1_37' title="bbox 115 2063 1181 2109; baseline -0.005 -9"><span class='ocrx_word' id='word_1_359' title='bbox 115 2066 292 2109; x_wconf 87' lang='lat' dir='ltr'>quominus</span> <span class='ocrx_word' id='word_1_360' title='bbox 311 2065 390 2099; x_wconf 88' lang='lat' dir='ltr'>deus</span> <span class='ocrx_word' id='word_1_361' title='bbox 409 2074 540 2107; x_wconf 88' lang='lat' dir='ltr'>quoque</span> <span class='ocrx_word' id='word_1_362' title='bbox 555 2065 588 2098; x_wconf 92' lang='lat' dir='ltr'>in</span> <span class='ocrx_word' id='word_1_363' title='bbox 604 2064 693 2098; x_wconf 84' lang='lat' dir='ltr'>aliud</span> <span class='ocrx_word' id='word_1_364' title='bbox 713 2066 910 2097; x_wconf 78' lang='lat' dir='ltr'>moveatur?</span> <span class='ocrx_word' id='word_1_365' title='bbox 926 2064 958 2096; x_wconf 87' lang='lat' dir='ltr'>Si</span> <span class='ocrx_word' id='word_1_366' title='bbox 979 2064 1089 2096; x_wconf 88' lang='lat' dir='ltr'>autem</span> <span class='ocrx_word' id='word_1_367' title='bbox 1114 2063 1181 2105; x_wconf 88' lang='lat' dir='ltr'>ipse</span> 
     </span>
    </p>
   </div>
   <div class='ocr_carea' id='block_1_21' title="bbox 59 2111 1181 2155">
    <p class='ocr_par' dir='ltr' id='par_1_21' title="bbox 56 2111 1181 2155">
     <span class='ocr_line' id='line_1_38' title="bbox 59 2111 1181 2155; baseline -0.004 -7.013"><span class='ocrx_word' id='word_1_368' title='bbox 59 2122 67 2135; x_wconf 72' lang='grc'>·’</span> <span class='ocrx_word' id='word_1_369' title='bbox 115 2123 182 2148; x_wconf 87' lang='lat' dir='ltr'>non</span> <span class='ocrx_word' id='word_1_370' title='bbox 197 2114 359 2155; x_wconf 87' lang='lat' dir='ltr'>movetur,</span> <span class='ocrx_word' id='word_1_371' title='bbox 375 2113 452 2155; x_wconf 90' lang='lat' dir='ltr'>quid</span> <span class='ocrx_word' id='word_1_372' title='bbox 469 2114 575 2154; x_wconf 87' lang='lat' dir='ltr'>vetat,</span> <span class='ocrx_word' id='word_1_373' title='bbox 586 2113 694 2154; x_wconf 86' lang='lat' dir='ltr'>partes</span> <span class='ocrx_word' id='word_1_374' title='bbox 708 2111 807 2153; x_wconf 88' lang='lat' dir='ltr'>ipsius</span> <span class='ocrx_word' id='word_1_375' title='bbox 819 2111 928 2144; x_wconf 88' lang='lat' dir='ltr'>omnia</span> <span class='ocrx_word' id='word_1_376' title='bbox 942 2111 1115 2144; x_wconf 78' lang='lat' dir='ltr'>ambientis</span> <span class='ocrx_word' id='word_1_377' title='bbox 1131 2111 1181 2144; x_wconf 90' lang='lat' dir='ltr'>dei</span> 
     </span>
    </p>
   </div>
   <div class='ocr_carea' id='block_1_22' title="bbox 116 2158 1182 2201">
    <p class='ocr_par' dir='ltr' id='par_1_22' title="bbox 21 2156 1182 2201">
     <span class='ocr_line' id='line_1_39' title="bbox 116 2158 1182 2201; baseline -0.003 -6.327"><span class='ocrx_word' id='word_1_378' title='bbox 116 2161 150 2194; x_wconf 91' lang='lat' dir='ltr'>in</span> <span class='ocrx_word' id='word_1_379' title='bbox 177 2170 248 2195; x_wconf 86' lang='lat' dir='ltr'>sese</span> <span class='ocrx_word' id='word_1_380' title='bbox 274 2162 388 2194; x_wconf 90' lang='lat' dir='ltr'>mutuo</span> <span class='ocrx_word' id='word_1_381' title='bbox 406 2160 557 2194; x_wconf 73' lang='lat' dir='ltr'>moveri‘l</span> <span class='ocrx_word' id='word_1_382' title='bbox 576 2159 694 2201; x_wconf 87' lang='lat' dir='ltr'>quippe</span> <span class='ocrx_word' id='word_1_383' title='bbox 710 2168 813 2201; x_wconf 88' lang='lat' dir='ltr'>quum</span> <span class='ocrx_word' id='word_1_384' title='bbox 832 2168 954 2200; x_wconf 89' lang='lat' dir='ltr'>unum,</span> <span class='ocrx_word' id='word_1_385' title='bbox 982 2158 1069 2200; x_wconf 89' lang='lat' dir='ltr'>quod</span> <span class='ocrx_word' id='word_1_386' title='bbox 1095 2160 1182 2192; x_wconf 88' lang='lat' dir='ltr'>Zeno</span> 
     </span>
    </p>
   </div>
   <div class='ocr_carea' id='block_1_23' title="bbox 117 2205 1182 2251">
    <p class='ocr_par' dir='ltr' id='par_1_23' title="bbox 117 2205 1182 2251">
     <span class='ocr_line' id='line_1_40' title="bbox 117 2205 1182 2251; baseline -0.003 -9"><span class='ocrx_word' id='word_1_387' title='bbox 117 2209 245 2251; x_wconf 89' lang='lat' dir='ltr'>inquit,</span> <span class='ocrx_word' id='word_1_388' title='bbox 277 2209 381 2242; x_wconf 85' lang='lat' dir='ltr'>multa</span> <span class='ocrx_word' id='word_1_389' title='bbox 403 2211 518 2241; x_wconf 86' lang='lat' dir='ltr'>natura</span> <span class='ocrx_word' id='word_1_390' title='bbox 548 2216 618 2241; x_wconf 90' lang='lat' dir='ltr'>esse</span> <span class='ocrx_word' id='word_1_391' title='bbox 645 2207 805 2240; x_wconf 85' lang='lat' dir='ltr'>videatur.</span> <span class='ocrx_word' id='word_1_392' title='bbox 834 2208 960 2248; x_wconf 75' lang='lat' dir='ltr'>Corpus</span> <span class='ocrx_word' id='word_1_393' title='bbox 979 2205 1066 2239; x_wconf 87' lang='lat' dir='ltr'>enim</span> <span class='ocrx_word' id='word_1_394' title='bbox 1084 2206 1182 2239; x_wconf 89' lang='lat' dir='ltr'>deum</span> 
     </span>
    </p>
   </div>
   <div class='ocr_carea' id='block_1_24' title="bbox 24 2252 1183 2348">
    <p class='ocr_par' dir='ltr' id='par_1_24' title="bbox 24 2249 1183 2348">
     <span class='ocr_line' id='line_1_41' title="bbox 24 2252 1182 2298; baseline -0.004 -6"><span class='ocrx_word' id='word_1_395' title='bbox 24 2254 64 2298; x_wconf 64' lang='grc' dir='ltr'>’ΪΔ</span> <span class='ocrx_word' id='word_1_396' title='bbox 116 2266 188 2291; x_wconf 89' lang='lat' dir='ltr'>esse</span> <span class='ocrx_word' id='word_1_397' title='bbox 208 2256 342 2298; x_wconf 74' lang='lat' dir='ltr'>statuit,</span> <span class='ocrx_word' id='word_1_398' title='bbox 359 2256 430 2291; x_wconf 86' lang='lat' dir='ltr'>sive</span> <span class='ocrx_word' id='word_1_399' title='bbox 448 2256 634 2289; x_wconf 88' lang='lat' dir='ltr'>universum</span> <span class='ocrx_word' id='word_1_400' title='bbox 658 2256 739 2296; x_wconf 88' lang='lat' dir='ltr'>hoc,</span> <span class='ocrx_word' id='word_1_401' title='bbox 760 2255 829 2288; x_wconf 88' lang='lat' dir='ltr'>sive</span> <span class='ocrx_word' id='word_1_402' title='bbox 854 2254 1072 2296; x_wconf 84' lang='lat' dir='ltr'>quodcunque</span> <span class='ocrx_word' id='word_1_403' title='bbox 1094 2252 1182 2288; x_wconf 90' lang='lat' dir='ltr'>aliud</span> 
     </span>
     <span class='ocr_line' id='line_1_42' title="bbox 46 2300 1183 2348; baseline -0.002 -10"><span class='ocrx_word' id='word_1_404' title='bbox 46 2300 58 2327; x_wconf 45' lang='lat'>2⁷</span> <span class='ocrx_word' id='word_1_405' title='bbox 92 2327 97 2332; x_wconf 87' lang='lat'><em>-</em></span> <span class='ocrx_word' id='word_1_406' title='bbox 119 2306 163 2339; x_wconf 88' lang='lat' dir='ltr'>ita</span> <span class='ocrx_word' id='word_1_407' title='bbox 178 2305 327 2348; x_wconf 84' lang='lat' dir='ltr'>appellet.</span> <span class='ocrx_word' id='word_1_408' title='bbox 347 2306 428 2338; x_wconf 87' lang='lat' dir='ltr'>Nam</span> <span class='ocrx_word' id='word_1_409' title='bbox 447 2304 473 2337; x_wconf 91' lang='lat' dir='ltr'>si</span> <span class='ocrx_word' id='word_1_410' title='bbox 490 2307 573 2338; x_wconf 84' lang='lat' dir='ltr'>esset</span> <span class='ocrx_word' id='word_1_411' title='bbox 592 2304 798 2345; x_wconf 89' lang='lat' dir='ltr'>incorporeus</span> <span class='ocrx_word' id='word_1_412' title='bbox 815 2302 913 2344; x_wconf 68' lang='lat' dir='ltr'>dem,</span> <span class='ocrx_word' id='word_1_413' title='bbox 936 2302 1092 2344; x_wconf 83' lang='lat' dir='ltr'>globosus</span> <span class='ocrx_word' id='word_1_414' title='bbox 1113 2311 1183 2336; x_wconf 85' lang='lat' dir='ltr'>esse</span> 
     </span>
    </p>
   </div>
   <div class='ocr_carea' id='block_1_25' title="bbox 115 2350 1184 2395">
    <p class='ocr_par' dir='ltr' id='par_1_25' title="bbox 115 2350 1184 2395">
     <span class='ocr_line' id='line_1_43' title="bbox 115 2350 1184 2395; baseline -0.005 -8"><span class='ocrx_word' id='word_1_415' title='bbox 115 2353 174 2395; x_wconf 83' lang='lat' dir='ltr'>qut</span> <span class='ocrx_word' id='word_1_416' title='bbox 190 2355 320 2395; x_wconf 78' lang='lat' dir='ltr'>posset?</span> <span class='ocrx_word' id='word_1_417' title='bbox 338 2353 387 2386; x_wconf 80' lang='lat' dir='ltr'>lta</span> <span class='ocrx_word' id='word_1_418' title='bbox 404 2351 537 2394; x_wconf 88' lang='lat' dir='ltr'>quidem</span> <span class='ocrx_word' id='word_1_419' title='bbox 553 2360 629 2384; x_wconf 84' lang='lat' dir='ltr'>sane</span> <span class='ocrx_word' id='word_1_420' title='bbox 640 2375 649 2391; x_wconf 95' lang='lat'>,</span> <span class='ocrx_word' id='word_1_421' title='bbox 668 2360 770 2393; x_wconf 90' lang='lat' dir='ltr'>quum</span> <span class='ocrx_word' id='word_1_422' title='bbox 783 2358 945 2392; x_wconf 83' lang='lat' dir='ltr'>nusquam</span> <span class='ocrx_word' id='word_1_423' title='bbox 959 2350 1061 2390; x_wconf 85' lang='lat' dir='ltr'>esset,</span> <span class='ocrx_word' id='word_1_424' title='bbox 1076 2359 1184 2391; x_wconf 87' lang='lat' dir='ltr'>neque</span> 
     </span>
    </p>
   </div>
   <div class='ocr_carea' id='block_1_26' title="bbox 41 2398 1183 2500">
    <p class='ocr_par' dir='ltr' id='par_1_26' title="bbox 33 2387 1183 2500">
     <span class='ocr_line' id='line_1_44' title="bbox 117 2398 1182 2440; baseline -0.003 -7.219"><span class='ocrx_word' id='word_1_425' title='bbox 117 2399 215 2433; x_wconf 85' lang='lat' dir='ltr'>etiam</span> <span class='ocrx_word' id='word_1_426' title='bbox 235 2399 434 2438; x_wconf 85' lang='lat' dir='ltr'>moveretur,</span> <span class='ocrx_word' id='word_1_427' title='bbox 456 2407 560 2440; x_wconf 91' lang='lat' dir='ltr'>neque</span> <span class='ocrx_word' id='word_1_428' title='bbox 584 2398 786 2439; x_wconf 78' lang='lat' dir='ltr'>quiesceret?</span> <span class='ocrx_word' id='word_1_429' title='bbox 805 2398 844 2431; x_wconf 85' lang='lat' dir='ltr'>At</span> <span class='ocrx_word' id='word_1_430' title='bbox 863 2407 966 2439; x_wconf 78' lang='lat' dir='ltr'>quum</span> <span class='ocrx_word' id='word_1_431' title='bbox 985 2398 1028 2431; x_wconf 89' lang='lat' dir='ltr'>sit</span> <span class='ocrx_word' id='word_1_432' title='bbox 1044 2407 1182 2440; x_wconf 84' lang='lat' dir='ltr'>corpus,</span> 
     </span>
     <span class='ocr_line' id='line_1_45' title="bbox 41 2445 1183 2500; baseline 0.001 -19.993"><span class='ocrx_word' id='word_1_433' title='bbox 41 2456 61 2500; x_wconf 49' lang='lat' dir='ltr'>s·</span> <span class='ocrx_word' id='word_1_434' title='bbox 116 2447 196 2489; x_wconf 88' lang='lat' dir='ltr'>quin</span> <span class='ocrx_word' id='word_1_435' title='bbox 224 2448 407 2487; x_wconf 87' lang='lat' dir='ltr'>moveatur,</span> <span class='ocrx_word' id='word_1_436' title='bbox 425 2445 509 2478; x_wconf 89' lang='lat' dir='ltr'>sicut</span> <span class='ocrx_word' id='word_1_437' title='bbox 527 2446 653 2479; x_wconf 89' lang='lat' dir='ltr'>dictum</span> <span class='ocrx_word' id='word_1_438' title='bbox 671 2448 738 2487; x_wconf 89' lang='lat' dir='ltr'>est,</span> <span class='ocrx_word' id='word_1_439' title='bbox 757 2446 836 2478; x_wconf 71' lang='lat' dir='ltr'>nillil</span> <span class='ocrx_word' id='word_1_440' title='bbox 856 2446 1052 2487; x_wconf 56' lang='lat' dir='ltr'>prohibet.»</span> <span class='ocrx_word' id='word_1_441' title='bbox 1077 2449 1113 2480; x_wconf 88' lang='lat' dir='ltr'>ln</span> <span class='ocrx_word' id='word_1_442' title='bbox 1132 2448 1183 2481; x_wconf 89' lang='lat' dir='ltr'>his</span> 
     </span>
    </p>
   </div>
   <div class='ocr_carea' id='block_1_27' title="bbox 117 2493 1183 2584">
    <p class='ocr_par' dir='ltr' id='par_1_27' title="bbox 117 2493 1183 2584">
     <span class='ocr_line' id='line_1_46' title="bbox 117 2493 1183 2535; baseline 0.004 -9"><span class='ocrx_word' id='word_1_443' title='bbox 117 2494 181 2527; x_wconf 84' lang='lat' dir='ltr'>alia</span> <span class='ocrx_word' id='word_1_444' title='bbox 199 2495 278 2526; x_wconf 86' lang='lat' dir='ltr'>sunt</span> <span class='ocrx_word' id='word_1_445' title='bbox 309 2493 509 2535; x_wconf 82' lang='lat' dir='ltr'>probabilia,</span> <span class='ocrx_word' id='word_1_446' title='bbox 527 2493 590 2526; x_wconf 83' lang='lat' dir='ltr'>alia</span> <span class='ocrx_word' id='word_1_447' title='bbox 615 2493 800 2535; x_wconf 87' lang='lat' dir='ltr'>rejicienda.</span> <span class='ocrx_word' id='word_1_448' title='bbox 822 2494 976 2535; x_wconf 82' lang='lat' dir='ltr'>Bergkius</span> <span class='ocrx_word' id='word_1_449' title='bbox 1004 2495 1112 2529; x_wconf 90' lang='lat' dir='ltr'>locum</span> <span class='ocrx_word' id='word_1_450' title='bbox 1139 2497 1183 2530; x_wconf 91' lang='lat' dir='ltr'>ita</span> 
     </span>
     <span class='ocr_line' id='line_1_47' title="bbox 118 2541 1182 2584; baseline 0.002 -9"><span class='ocrx_word' id='word_1_451' title='bbox 118 2551 232 2576; x_wconf 83' lang='lat' dir='ltr'>sanare</span> <span class='ocrx_word' id='word_1_452' title='bbox 242 2542 313 2575; x_wconf 82' lang='lat' dir='ltr'>vult.</span> <span class='ocrx_word' id='word_1_453' title='bbox 330 2555 338 2575; x_wconf 71' lang='grc' dir='ltr'>ι</span> <span class='ocrx_word' id='word_1_454' title='bbox 359 2555 375 2571; x_wconf 86' lang='lat'>«</span> <span class='ocrx_word' id='word_1_455' title='bbox 390 2541 447 2581; x_wconf 79' lang='grc' dir='ltr'>ἔτι,</span> <span class='ocrx_word' id='word_1_456' title='bbox 459 2542 486 2575; x_wconf 81' lang='grc' dir='ltr'>εἰ</span> <span class='ocrx_word' id='word_1_457' title='bbox 505 2542 557 2575; x_wconf 84' lang='grc' dir='ltr'>καὶ</span> <span class='ocrx_word' id='word_1_458' title='bbox 574 2542 627 2575; x_wconf 81' lang='grc' dir='ltr'>διὰ</span> <span class='ocrx_word' id='word_1_459' title='bbox 637 2545 730 2574; x_wconf 83' lang='grc' dir='ltr'>τοῦτο</span> <span class='ocrx_word' id='word_1_460' title='bbox 748 2543 791 2584; x_wconf 82' lang='grc' dir='ltr'>μὴ</span> <span class='ocrx_word' id='word_1_461' title='bbox 809 2545 938 2575; x_wconf 84' lang='grc' dir='ltr'>κινεῖται</span> <span class='ocrx_word' id='word_1_462' title='bbox 956 2544 974 2576; x_wconf 84' lang='grc' dir='ltr'>ό</span> <span class='ocrx_word' id='word_1_463' title='bbox 991 2543 1058 2582; x_wconf 87' lang='grc' dir='ltr'>θεός</span> <span class='ocrx_word' id='word_1_464' title='bbox 1076 2556 1110 2577; x_wconf 91' lang='grc' dir='ltr'>τε</span> <span class='ocrx_word' id='word_1_465' title='bbox 1128 2546 1182 2578; x_wconf 80' lang='grc' dir='ltr'>καὶ</span> 
     </span>
    </p>
   </div>
   <div class='ocr_carea' id='block_1_28' title="bbox 36 2586 1182 2652">
    <p class='ocr_par' dir='ltr' id='par_1_28' title="bbox 36 2586 1182 2652">
     <span class='ocr_line' id='line_1_48' title="bbox 36 2586 1182 2632; baseline 0.002 -9"><span class='ocrx_word' id='word_1_466' title='bbox 36 2586 52 2595; x_wconf 72' lang='grc'>“’</span> <span class='ocrx_word' id='word_1_467' title='bbox 82 2598 85 2601; x_wconf 89' lang='grc'><strong>’</strong></span> <span class='ocrx_word' id='word_1_468' title='bbox 118 2590 157 2623; x_wconf 85' lang='grc' dir='ltr'>τὸ</span> <span class='ocrx_word' id='word_1_469' title='bbox 170 2592 247 2630; x_wconf 72' lang='grc' dir='ltr'>πᾶν,</span> <span class='ocrx_word' id='word_1_470' title='bbox 267 2589 314 2622; x_wconf 82' lang='grc' dir='ltr'>ὅτι</span> <span class='ocrx_word' id='word_1_471' title='bbox 329 2589 371 2622; x_wconf 82' lang='grc' dir='ltr'>τὰ</span> <span class='ocrx_word' id='word_1_472' title='bbox 388 2589 489 2622; x_wconf 81' lang='grc' dir='ltr'>πολλὰ</span> <span class='ocrx_word' id='word_1_473' title='bbox 507 2592 638 2622; x_wconf 81' lang='grc' dir='ltr'>κινεῖται</span> <span class='ocrx_word' id='word_1_474' title='bbox 656 2592 701 2631; x_wconf 88' lang='grc' dir='ltr'>τῷ</span> <span class='ocrx_word' id='word_1_475' title='bbox 716 2590 758 2627; x_wconf 77' lang='grc' dir='ltr'>εἷς</span> <span class='ocrx_word' id='word_1_476' title='bbox 771 2590 890 2628; x_wconf 78' lang='grc' dir='ltr'>ἄλληλα</span> <span class='ocrx_word' id='word_1_477' title='bbox 908 2590 1007 2632; x_wconf 83' lang='grc' dir='ltr'>ἰέναι,</span> <span class='ocrx_word' id='word_1_478' title='bbox 1019 2591 1050 2624; x_wconf 87' lang='grc' dir='ltr'>τί</span> <span class='ocrx_word' id='word_1_479' title='bbox 1069 2592 1182 2625; x_wconf 88' lang='grc' dir='ltr'>κωλύει</span> 
     </span>
     <span class='ocr_line' id='line_1_49' title="bbox 43 2641 50 2652; baseline 0 0"><span class='ocrx_word' id='word_1_480' title='bbox 43 2641 50 2652; x_wconf 54' lang='lat' dir='ltr'>f</span> 
     </span>
    </p>
   </div>
   <div class='ocr_carea' id='block_1_29' title="bbox 119 2637 1182 2678">
    <p class='ocr_par' dir='ltr' id='par_1_29' title="bbox 119 2637 1182 2678">
     <span class='ocr_line' id='line_1_50' title="bbox 119 2637 1182 2678; baseline 0.003 -8"><span class='ocrx_word' id='word_1_481' title='bbox 119 2637 244 2670; x_wconf 83' lang='grc' dir='ltr'>καὶτὸν</span> <span class='ocrx_word' id='word_1_482' title='bbox 259 2637 328 2670; x_wconf 85' lang='grc' dir='ltr'>θεὸν</span> <span class='ocrx_word' id='word_1_483' title='bbox 344 2638 502 2670; x_wconf 85' lang='grc' dir='ltr'>κινεῖσθαι</span> <span class='ocrx_word' id='word_1_484' title='bbox 528 2638 571 2674; x_wconf 81' lang='grc' dir='ltr'>εἰς</span> <span class='ocrx_word' id='word_1_485' title='bbox 599 2637 692 2677; x_wconf 59' lang='lat' dir='ltr'>&amp;Dm</span> <span class='ocrx_word' id='word_1_486' title='bbox 722 2637 912 2678; x_wconf 80' lang='grc' dir='ltr'>οὐδαμῶς</span> <span class='ocrx_word' id='word_1_487' title='bbox 928 2649 992 2678; x_wconf 90' lang='grc' dir='ltr'>γε,</span> <span class='ocrx_word' id='word_1_488' title='bbox 1016 2638 1075 2672; x_wconf 84' lang='grc' dir='ltr'>ὅτι</span> <span class='ocrx_word' id='word_1_489' title='bbox 1093 2640 1182 2673; x_wconf 85' lang='grc' dir='ltr'>ἀνό-</span> 
     </span>
    </p>
   </div>
   <div class='ocr_carea' id='block_1_30' title="bbox 19 2683 1183 2777">
    <p class='ocr_par' dir='ltr' id='par_1_30' title="bbox 19 2670 1183 2777">
     <span class='ocr_line' id='line_1_51' title="bbox 19 2683 1183 2728; baseline 0.003 -10"><span class='ocrx_word' id='word_1_490' title='bbox 19 2707 39 2726; x_wconf 24' lang='grc' dir='ltr'>,ι</span> <span class='ocrx_word' id='word_1_491' title='bbox 52 2688 76 2727; x_wconf 43' lang='lat' dir='ltr'>:ff</span> <span class='ocrx_word' id='word_1_492' title='bbox 120 2697 186 2726; x_wconf 88' lang='grc' dir='ltr'>μοι</span> <span class='ocrx_word' id='word_1_493' title='bbox 198 2696 255 2725; x_wconf 90' lang='grc' dir='ltr'>ος,</span> <span class='ocrx_word' id='word_1_494' title='bbox 271 2684 338 2718; x_wconf 84' lang='grc' dir='ltr'>ἀλλ’</span> <span class='ocrx_word' id='word_1_495' title='bbox 350 2683 398 2717; x_wconf 86' lang='grc' dir='ltr'>ὅτι</span> <span class='ocrx_word' id='word_1_496' title='bbox 418 2684 461 2722; x_wconf 76' lang='grc' dir='ltr'>εἶς</span> <span class='ocrx_word' id='word_1_497' title='bbox 480 2684 573 2726; x_wconf 82' lang='grc' dir='ltr'>μόνος</span> <span class='ocrx_word' id='word_1_498' title='bbox 589 2683 671 2722; x_wconf 85' lang='grc' dir='ltr'>θεός·</span> <span class='ocrx_word' id='word_1_499' title='bbox 686 2686 714 2717; x_wconf 83' lang='grc' dir='ltr'>εἰ</span> <span class='ocrx_word' id='word_1_500' title='bbox 729 2684 762 2718; x_wconf 86' lang='grc' dir='ltr'>δὲ</span> <span class='ocrx_word' id='word_1_501' title='bbox 776 2685 830 2717; x_wconf 81' lang='grc' dir='ltr'>καὶ</span> <span class='ocrx_word' id='word_1_502' title='bbox 844 2685 887 2726; x_wconf 83' lang='grc' dir='ltr'>μὴ</span> <span class='ocrx_word' id='word_1_503' title='bbox 901 2685 1010 2728; x_wconf 77' lang='grc' dir='ltr'>αὐτὸς,</span> <span class='ocrx_word' id='word_1_504' title='bbox 1026 2686 1055 2719; x_wconf 87' lang='grc' dir='ltr'>τί</span> <span class='ocrx_word' id='word_1_505' title='bbox 1069 2687 1183 2721; x_wconf 85' lang='grc' dir='ltr'>κωλύει</span> 
     </span>
     <span class='ocr_line' id='line_1_52' title="bbox 23 2728 1183 2777; baseline 0.003 -12"><span class='ocrx_word' id='word_1_506' title='bbox 23 2735 30 2738; x_wconf 74' lang='grc'>“</span> <span class='ocrx_word' id='word_1_507' title='bbox 41 2728 65 2771; x_wconf 55' lang='lat' dir='ltr'>j</span> <span class='ocrx_word' id='word_1_508' title='bbox 119 2733 161 2770; x_wconf 83' lang='grc' dir='ltr'>εἰς</span> <span class='ocrx_word' id='word_1_509' title='bbox 175 2732 295 2771; x_wconf 85' lang='grc' dir='ltr'>ἄλληλα</span> <span class='ocrx_word' id='word_1_510' title='bbox 307 2732 500 2774; x_wconf 84' lang='grc' dir='ltr'>κινουμένων</span> <span class='ocrx_word' id='word_1_511' title='bbox 513 2735 576 2764; x_wconf 85' lang='grc' dir='ltr'>τῶν</span> <span class='ocrx_word' id='word_1_512' title='bbox 592 2735 692 2775; x_wconf 86' lang='grc' dir='ltr'>μερῶν</span> <span class='ocrx_word' id='word_1_513' title='bbox 705 2735 760 2765; x_wconf 85' lang='grc' dir='ltr'>τοῦ</span> <span class='ocrx_word' id='word_1_514' title='bbox 774 2733 845 2765; x_wconf 82' lang='grc' dir='ltr'>θεοῦ</span> <span class='ocrx_word' id='word_1_515' title='bbox 861 2732 970 2774; x_wconf 83' lang='grc' dir='ltr'>κύκλῳ</span> <span class='ocrx_word' id='word_1_516' title='bbox 993 2734 1060 2777; x_wconf 72' lang='grc' dir='ltr'>φέρ</span> <span class='ocrx_word' id='word_1_517' title='bbox 1070 2736 1136 2768; x_wconf 87' lang='grc' dir='ltr'>εσθ</span> <span class='ocrx_word' id='word_1_518' title='bbox 1145 2746 1183 2768; x_wconf 89' lang='grc' dir='ltr'>αι</span> 
     </span>
    </p>
   </div>
   <div class='ocr_carea' id='block_1_31' title="bbox 119 2778 1184 3107">
    <p class='ocr_par' dir='ltr' id='par_1_31' title="bbox 119 2778 1184 3107">
     <span class='ocr_line' id='line_1_53' title="bbox 120 2778 1184 2822; baseline 0.002 -10"><span class='ocrx_word' id='word_1_519' title='bbox 120 2779 188 2812; x_wconf 83' lang='grc' dir='ltr'>τὸν</span> <span class='ocrx_word' id='word_1_520' title='bbox 207 2778 287 2812; x_wconf 80' lang='grc' dir='ltr'>Θεόν·</span> <span class='ocrx_word' id='word_1_521' title='bbox 306 2778 343 2812; x_wconf 80' lang='grc' dir='ltr'>οὗ</span> <span class='ocrx_word' id='word_1_522' title='bbox 360 2779 421 2822; x_wconf 86' lang='grc' dir='ltr'>γὰρ</span> <span class='ocrx_word' id='word_1_523' title='bbox 443 2779 481 2818; x_wconf 79' lang='grc' dir='ltr'>δὴ</span> <span class='ocrx_word' id='word_1_524' title='bbox 497 2780 534 2812; x_wconf 87' lang='grc' dir='ltr'>τὸ</span> <span class='ocrx_word' id='word_1_525' title='bbox 555 2782 678 2812; x_wconf 88' lang='grc' dir='ltr'>τοιοῦτο</span> <span class='ocrx_word' id='word_1_526' title='bbox 698 2780 741 2821; x_wconf 79' lang='grc' dir='ltr'>ἐν,</span> <span class='ocrx_word' id='word_1_527' title='bbox 770 2780 878 2822; x_wconf 85' lang='grc' dir='ltr'>ὥσπερ</span> <span class='ocrx_word' id='word_1_528' title='bbox 899 2779 916 2811; x_wconf 83' lang='grc' dir='ltr'><strong>ὁ</strong></span> <span class='ocrx_word' id='word_1_529' title='bbox 939 2780 1061 2822; x_wconf 77' lang='grc' dir='ltr'>Ζήνων,</span> <span class='ocrx_word' id='word_1_530' title='bbox 1083 2782 1184 2814; x_wconf 84' lang='grc' dir='ltr'>πολλὰ</span> 
     </span>
     <span class='ocr_line' id='line_1_54' title="bbox 119 2824 1183 2869; baseline 0.002 -11"><span class='ocrx_word' id='word_1_531' title='bbox 119 2824 198 2858; x_wconf 80' lang='grc' dir='ltr'>εἶναί</span> <span class='ocrx_word' id='word_1_532' title='bbox 216 2835 322 2867; x_wconf 72' lang='grc' dir='ltr'>φησιν·</span> <span class='ocrx_word' id='word_1_533' title='bbox 342 2824 433 2863; x_wconf 70' lang='grc' dir='ltr'>οὗτος</span> <span class='ocrx_word' id='word_1_534' title='bbox 452 2825 514 2869; x_wconf 86' lang='grc' dir='ltr'>γὰρ</span> <span class='ocrx_word' id='word_1_535' title='bbox 537 2828 631 2867; x_wconf 89' lang='grc' dir='ltr'>σῶμα</span> <span class='ocrx_word' id='word_1_536' title='bbox 652 2826 735 2867; x_wconf 87' lang='grc' dir='ltr'>λέγει</span> <span class='ocrx_word' id='word_1_537' title='bbox 761 2826 840 2859; x_wconf 77' lang='grc' dir='ltr'>εἴναι</span> <span class='ocrx_word' id='word_1_538' title='bbox 857 2827 910 2860; x_wconf 88' lang='grc' dir='ltr'>τὸν</span> <span class='ocrx_word' id='word_1_539' title='bbox 936 2826 1014 2863; x_wconf 61' lang='grc' dir='ltr'>θεόν;</span> <span class='ocrx_word' id='word_1_540' title='bbox 1033 2827 1095 2860; x_wconf 81' lang='grc' dir='ltr'>εἴτε</span> <span class='ocrx_word' id='word_1_541' title='bbox 1114 2829 1183 2861; x_wconf 81' lang='grc' dir='ltr'>τόδε</span> 
     </span>
     <span class='ocr_line' id='line_1_55' title="bbox 119 2871 1183 2916; baseline 0.002 -12"><span class='ocrx_word' id='word_1_542' title='bbox 119 2872 155 2904; x_wconf 84' lang='grc' dir='ltr'>τὸ</span> <span class='ocrx_word' id='word_1_543' title='bbox 174 2875 247 2914; x_wconf 84' lang='grc' dir='ltr'>πᾶν,</span> <span class='ocrx_word' id='word_1_544' title='bbox 263 2871 324 2905; x_wconf 75' lang='grc' dir='ltr'>εἴτε</span> <span class='ocrx_word' id='word_1_545' title='bbox 343 2871 390 2905; x_wconf 82' lang='grc' dir='ltr'>ὅτι</span> <span class='ocrx_word' id='word_1_546' title='bbox 407 2871 445 2911; x_wconf 86' lang='grc' dir='ltr'>δή</span> <span class='ocrx_word' id='word_1_547' title='bbox 462 2883 539 2905; x_wconf 87' lang='grc' dir='ltr'>ποτε</span> <span class='ocrx_word' id='word_1_548' title='bbox 555 2873 632 2905; x_wconf 85' lang='grc' dir='ltr'>αὐτὸ</span> <span class='ocrx_word' id='word_1_549' title='bbox 650 2873 761 2914; x_wconf 85' lang='grc' dir='ltr'>λέγων·</span> <span class='ocrx_word' id='word_1_550' title='bbox 778 2873 946 2916; x_wconf 84' lang='grc' dir='ltr'>ἀσώματος</span> <span class='ocrx_word' id='word_1_551' title='bbox 963 2874 1021 2916; x_wconf 78' lang='grc' dir='ltr'>γὰρ</span> <span class='ocrx_word' id='word_1_552' title='bbox 1040 2874 1097 2916; x_wconf 86' lang='grc' dir='ltr'>ὧν,</span> <span class='ocrx_word' id='word_1_553' title='bbox 1117 2879 1183 2913; x_wconf 85' lang='grc' dir='ltr'>πῶς</span> 
     </span>
     <span class='ocr_line' id='line_1_56' title="bbox 120 2919 1183 2962; baseline 0.003 -11"><span class='ocrx_word' id='word_1_554' title='bbox 120 2919 159 2951; x_wconf 84' lang='grc' dir='ltr'>ἂν</span> <span class='ocrx_word' id='word_1_555' title='bbox 174 2919 370 2962; x_wconf 80' lang='grc' dir='ltr'>σφαιροειδὴς</span> <span class='ocrx_word' id='word_1_556' title='bbox 383 2919 450 2959; x_wconf 72' lang='grc' dir='ltr'>εἴης</span> <span class='ocrx_word' id='word_1_557' title='bbox 465 2920 550 2952; x_wconf 89' lang='grc' dir='ltr'>ἐπεὶ</span> <span class='ocrx_word' id='word_1_558' title='bbox 565 2919 668 2960; x_wconf 87' lang='grc' dir='ltr'>μόνω</span> <span class='ocrx_word' id='word_1_559' title='bbox 678 2932 691 2958; x_wconf 86' lang='grc' dir='ltr'>ς</span> <span class='ocrx_word' id='word_1_560' title='bbox 704 2921 733 2960; x_wconf 87' lang='grc' dir='ltr'>γ’</span> <span class='ocrx_word' id='word_1_561' title='bbox 747 2921 785 2953; x_wconf 84' lang='grc' dir='ltr'>ἂν</span> <span class='ocrx_word' id='word_1_562' title='bbox 799 2921 914 2958; x_wconf 79' lang='grc' dir='ltr'>οὕτως·</span> <span class='ocrx_word' id='word_1_563' title='bbox 930 2921 996 2953; x_wconf 80' lang='grc' dir='ltr'>οὔτ’</span> <span class='ocrx_word' id='word_1_564' title='bbox 1011 2923 1049 2954; x_wconf 79' lang='grc' dir='ltr'>ἂν</span> <span class='ocrx_word' id='word_1_565' title='bbox 1064 2926 1183 2955; x_wconf 68' lang='grc' dir='ltr'>κινοῖτο</span> 
     </span>
     <span class='ocr_line' id='line_1_57' title="bbox 121 2965 1183 3011; baseline 0.005 -13"><span class='ocrx_word' id='word_1_566' title='bbox 121 2965 187 2998; x_wconf 82' lang='grc' dir='ltr'>οὔτ’</span> <span class='ocrx_word' id='word_1_567' title='bbox 209 2967 247 3000; x_wconf 85' lang='grc' dir='ltr'>ἂν</span> <span class='ocrx_word' id='word_1_568' title='bbox 270 2967 402 3009; x_wconf 84' lang='grc' dir='ltr'>ἠρεμοῖ,</span> <span class='ocrx_word' id='word_1_569' title='bbox 420 2968 566 3010; x_wconf 80' lang='grc' dir='ltr'>μηδαμοῦ</span> <span class='ocrx_word' id='word_1_570' title='bbox 588 2979 623 3010; x_wconf 85' lang='grc' dir='ltr'>γε</span> <span class='ocrx_word' id='word_1_571' title='bbox 643 2968 698 3001; x_wconf 88' lang='grc' dir='ltr'>ὧν·</span> <span class='ocrx_word' id='word_1_572' title='bbox 722 2968 788 3002; x_wconf 85' lang='grc' dir='ltr'>ἐπεὶ</span> <span class='ocrx_word' id='word_1_573' title='bbox 815 2969 848 3002; x_wconf 82' lang='grc' dir='ltr'>δὲ</span> <span class='ocrx_word' id='word_1_574' title='bbox 874 2969 970 3011; x_wconf 85' lang='grc' dir='ltr'>σῶμά</span> <span class='ocrx_word' id='word_1_575' title='bbox 989 2970 1075 3010; x_wconf 86' lang='grc' dir='ltr'>ἐστι,</span> <span class='ocrx_word' id='word_1_576' title='bbox 1098 2970 1127 3003; x_wconf 87' lang='grc' dir='ltr'>τί</span> <span class='ocrx_word' id='word_1_577' title='bbox 1146 2972 1183 3003; x_wconf 85' lang='grc' dir='ltr'>ἂν</span> 
     </span>
     <span class='ocr_line' id='line_1_58' title="bbox 121 3013 1182 3059; baseline 0.006 -13"><span class='ocrx_word' id='word_1_578' title='bbox 121 3013 240 3047; x_wconf 71' lang='grc' dir='ltr'>αὐτὸν</span> <span class='ocrx_word' id='word_1_579' title='bbox 257 3015 375 3048; x_wconf 87' lang='grc' dir='ltr'>κωλύοι</span> <span class='ocrx_word' id='word_1_580' title='bbox 393 3017 563 3056; x_wconf 82' lang='grc' dir='ltr'>κινεῖσθαι,</span> <span class='ocrx_word' id='word_1_581' title='bbox 580 3018 622 3054; x_wconf 79' lang='grc' dir='ltr'>ὡς</span> <span class='ocrx_word' id='word_1_582' title='bbox 645 3016 756 3059; x_wconf 73' lang='grc' dir='ltr'>ἐλέχθη</span> <span class='ocrx_word' id='word_1_583' title='bbox 768 3028 779 3057; x_wconf 88' lang='lat'>;</span> <span class='ocrx_word' id='word_1_584' title='bbox 800 3018 838 3051; x_wconf 92' lang='lat' dir='ltr'>In</span> <span class='ocrx_word' id='word_1_585' title='bbox 859 3018 963 3059; x_wconf 85' lang='lat' dir='ltr'>priore</span> <span class='ocrx_word' id='word_1_586' title='bbox 979 3018 1096 3051; x_wconf 87' lang='lat' dir='ltr'>lacuna</span> <span class='ocrx_word' id='word_1_587' title='bbox 1123 3028 1182 3052; x_wconf 86' lang='lat' dir='ltr'>ex·</span> 
     </span>
     <span class='ocr_line' id='line_1_59' title="bbox 122 3060 1183 3107; baseline 0.007 -14"><span class='ocrx_word' id='word_1_588' title='bbox 122 3060 240 3102; x_wconf 86' lang='lat' dir='ltr'>plenda</span> <span class='ocrx_word' id='word_1_589' title='bbox 256 3061 441 3096; x_wconf 77' lang='lat' dir='ltr'>dubitanter</span> <span class='ocrx_word' id='word_1_590' title='bbox 456 3064 584 3105; x_wconf 84' lang='lat' dir='ltr'>scripsit</span> <span class='ocrx_word' id='word_1_591' title='bbox 599 3064 646 3097; x_wconf 82' lang='grc' dir='ltr'>ὅτι</span> <span class='ocrx_word' id='word_1_592' title='bbox 660 3065 817 3105; x_wconf 81' lang='grc' dir='ltr'>ἀνόμοιος.</span> <span class='ocrx_word' id='word_1_593' title='bbox 836 3065 889 3099; x_wconf 82' lang='lat' dir='ltr'>Cf.</span> <span class='ocrx_word' id='word_1_594' title='bbox 912 3065 1062 3107; x_wconf 87' lang='lat' dir='ltr'>inprimis</span> <span class='ocrx_word' id='word_1_595' title='bbox 1085 3065 1183 3100; x_wconf 86' lang='lat' dir='ltr'>verba</span> 
     </span>
    </p>
   </div>
   <div class='ocr_carea' id='block_1_32' title="bbox 35 3109 1182 3178">
    <p class='ocr_par' dir='ltr' id='par_1_32' title="bbox 28 3102 1182 3178">
     <span class='ocr_line' id='line_1_60' title="bbox 67 3109 1182 3156; baseline 0.005 -15.797"><span class='ocrx_word' id='word_1_596' title='bbox 67 3119 70 3125; x_wconf 61' lang='lat'>³</span> <span class='ocrx_word' id='word_1_597' title='bbox 122 3115 193 3149; x_wconf 77' lang='lat' dir='ltr'>cap.</span> <span class='ocrx_word' id='word_1_598' title='bbox 214 3111 234 3142; x_wconf 87' lang='grc'><strong>3</strong></span> <span class='ocrx_word' id='word_1_599' title='bbox 249 3117 258 3138; x_wconf 75' lang='lat'>²</span> <span class='ocrx_word' id='word_1_600' title='bbox 275 3109 327 3142; x_wconf 77' lang='grc' dir='ltr'>διὰ</span> <span class='ocrx_word' id='word_1_601' title='bbox 339 3113 439 3143; x_wconf 87' lang='grc' dir='ltr'>ταῦτα</span> <span class='ocrx_word' id='word_1_602' title='bbox 454 3111 492 3152; x_wconf 83' lang='grc' dir='ltr'>δὴ</span> <span class='ocrx_word' id='word_1_603' title='bbox 508 3113 659 3145; x_wconf 87' lang='grc' dir='ltr'>κινεῖσθαι</span> <span class='ocrx_word' id='word_1_604' title='bbox 680 3111 735 3156; x_wconf 81' lang='grc' dir='ltr'>μὲν</span> <span class='ocrx_word' id='word_1_605' title='bbox 757 3113 795 3146; x_wconf 83' lang='grc' dir='ltr'>ἂν</span> <span class='ocrx_word' id='word_1_606' title='bbox 811 3112 851 3145; x_wconf 85' lang='grc' dir='ltr'>τὰ</span> <span class='ocrx_word' id='word_1_607' title='bbox 869 3112 924 3145; x_wconf 86' lang='grc' dir='ltr'>δύο</span> <span class='ocrx_word' id='word_1_608' title='bbox 942 3113 962 3152; x_wconf 81' lang='grc' dir='ltr'>ἢ</span> <span class='ocrx_word' id='word_1_609' title='bbox 982 3112 1080 3145; x_wconf 82' lang='grc' dir='ltr'>πλείω</span> <span class='ocrx_word' id='word_1_610' title='bbox 1095 3112 1160 3151; x_wconf 83' lang='grc' dir='ltr'>ἑνός</span> <span class='ocrx_word' id='word_1_611' title='bbox 1172 3136 1182 3153; x_wconf 88' lang='grc'>,</span> 
     </span>
     <span class='ocr_line' id='line_1_61' title="bbox 35 3167 48 3178; baseline 0 -8"><span class='ocrx_word' id='word_1_612' title='bbox 35 3167 48 3178; x_wconf 41' lang='grc' dir='ltr'>Ἰ</span> 
     </span>
    </p>
   </div>
   <div class='ocr_carea' id='block_1_33' title="bbox 0 561 124 3576">
    <p class='ocr_par' dir='ltr' id='par_1_33' title="bbox 0 561 124 3576">
     <span class='ocr_line' id='line_1_62' title="bbox 0 561 124 3576; baseline 0 0"><span class='ocrx_word' id='word_1_613' title='bbox 0 561 124 3576; x_wconf 95' lang='lat' dir='ltr'> </span> 
     </span>
    </p>
   </div>
   <div class='ocr_carea' id='block_1_34' title="bbox 122 3156 1185 3536">
    <p class='ocr_par' dir='ltr' id='par_1_34' title="bbox 122 3156 1185 3536">
     <span class='ocr_line' id='line_1_63' title="bbox 123 3156 1183 3205; baseline 0.005 -17"><span class='ocrx_word' id='word_1_614' title='bbox 123 3156 246 3198; x_wconf 80' lang='grc' dir='ltr'>ἠρεμεῖν</span> <span class='ocrx_word' id='word_1_615' title='bbox 261 3157 294 3191; x_wconf 76' lang='grc' dir='ltr'>δὲ</span> <span class='ocrx_word' id='word_1_616' title='bbox 305 3159 359 3192; x_wconf 81' lang='grc' dir='ltr'>καὶ</span> <span class='ocrx_word' id='word_1_617' title='bbox 375 3159 522 3199; x_wconf 82' lang='grc' dir='ltr'>ἀκίνητον</span> <span class='ocrx_word' id='word_1_618' title='bbox 538 3160 616 3194; x_wconf 82' lang='grc' dir='ltr'>εἶναι</span> <span class='ocrx_word' id='word_1_619' title='bbox 631 3161 666 3194; x_wconf 85' lang='grc' dir='ltr'>τὸ</span> <span class='ocrx_word' id='word_1_620' title='bbox 683 3161 781 3194; x_wconf 85' lang='grc' dir='ltr'>οὐδέν.</span> <span class='ocrx_word' id='word_1_621' title='bbox 806 3162 852 3195; x_wconf 88' lang='grc' dir='ltr'>Τὸ</span> <span class='ocrx_word' id='word_1_622' title='bbox 868 3161 901 3194; x_wconf 85' lang='grc' dir='ltr'>δὲ</span> <span class='ocrx_word' id='word_1_623' title='bbox 917 3161 948 3194; x_wconf 79' lang='grc' dir='ltr'>ἓν</span> <span class='ocrx_word' id='word_1_624' title='bbox 966 3161 1038 3194; x_wconf 82' lang='grc' dir='ltr'>οὔτε</span> <span class='ocrx_word' id='word_1_625' title='bbox 1057 3162 1183 3205; x_wconf 82' lang='grc' dir='ltr'>ἠρεμεῖν</span> 
     </span>
     <span class='ocr_line' id='line_1_64' title="bbox 123 3202 1184 3251; baseline 0.008 -17"><span class='ocrx_word' id='word_1_626' title='bbox 123 3202 195 3235; x_wconf 82' lang='grc' dir='ltr'>οὔτε</span> <span class='ocrx_word' id='word_1_627' title='bbox 209 3205 360 3238; x_wconf 80' lang='grc' dir='ltr'>κινεῖσθαι</span> <span class='ocrx_word' id='word_1_628' title='bbox 370 3214 379 3223; x_wconf 88' lang='grc'>·</span> <span class='ocrx_word' id='word_1_629' title='bbox 399 3206 472 3240; x_wconf 81' lang='grc' dir='ltr'>οὔτε</span> <span class='ocrx_word' id='word_1_630' title='bbox 486 3207 546 3251; x_wconf 86' lang='grc' dir='ltr'>γὰρ</span> <span class='ocrx_word' id='word_1_631' title='bbox 560 3211 605 3251; x_wconf 85' lang='grc' dir='ltr'>τῷ</span> <span class='ocrx_word' id='word_1_632' title='bbox 623 3210 666 3249; x_wconf 90' lang='grc' dir='ltr'>μὴ</span> <span class='ocrx_word' id='word_1_633' title='bbox 682 3208 748 3241; x_wconf 79' lang='grc' dir='ltr'>ὄντι</span> <span class='ocrx_word' id='word_1_634' title='bbox 767 3208 838 3242; x_wconf 80' lang='grc' dir='ltr'>οὔτε</span> <span class='ocrx_word' id='word_1_635' title='bbox 853 3212 917 3247; x_wconf 84' lang='grc' dir='ltr'>τοῖς</span> <span class='ocrx_word' id='word_1_636' title='bbox 937 3210 1061 3247; x_wconf 84' lang='grc' dir='ltr'>πολλοῖς</span> <span class='ocrx_word' id='word_1_637' title='bbox 1075 3209 1184 3251; x_wconf 82' lang='grc' dir='ltr'>ὅμοιον</span> 
     </span>
     <span class='ocr_line' id='line_1_65' title="bbox 124 3250 1181 3299; baseline 0.008 -17"><span class='ocrx_word' id='word_1_638' title='bbox 124 3250 216 3285; x_wconf 79' lang='grc' dir='ltr'>εἶναι.</span> <span class='ocrx_word' id='word_1_639' title='bbox 234 3252 324 3285; x_wconf 82' lang='grc' dir='ltr'>Κατὰ</span> <span class='ocrx_word' id='word_1_640' title='bbox 334 3252 437 3287; x_wconf 80' lang='grc' dir='ltr'>πάντα</span> <span class='ocrx_word' id='word_1_641' title='bbox 452 3254 486 3288; x_wconf 87' lang='grc' dir='ltr'>δὲ</span> <span class='ocrx_word' id='word_1_642' title='bbox 502 3255 600 3294; x_wconf 77' lang='grc' dir='ltr'>οὕτως</span> <span class='ocrx_word' id='word_1_643' title='bbox 614 3256 696 3299; x_wconf 83' lang='grc' dir='ltr'>ἔχειν</span> <span class='ocrx_word' id='word_1_644' title='bbox 710 3257 764 3290; x_wconf 87' lang='grc' dir='ltr'>τὸν</span> <span class='ocrx_word' id='word_1_645' title='bbox 775 3256 856 3299; x_wconf 78' lang='grc' dir='ltr'>θεόν,</span> <span class='ocrx_word' id='word_1_646' title='bbox 871 3257 972 3290; x_wconf 78' lang='grc' dir='ltr'>ἀΐδιόν</span> <span class='ocrx_word' id='word_1_647' title='bbox 991 3268 1024 3290; x_wconf 88' lang='grc' dir='ltr'>τε</span> <span class='ocrx_word' id='word_1_648' title='bbox 1040 3257 1093 3290; x_wconf 87' lang='grc' dir='ltr'>καὶ</span> <span class='ocrx_word' id='word_1_649' title='bbox 1108 3257 1181 3299; x_wconf 76' lang='grc' dir='ltr'>ἕνα,</span> 
     </span>
     <span class='ocr_line' id='line_1_66' title="bbox 122 3295 1185 3348; baseline 0.008 -19"><span class='ocrx_word' id='word_1_650' title='bbox 122 3295 232 3338; x_wconf 82' lang='grc' dir='ltr'>ὅμοιόν</span> <span class='ocrx_word' id='word_1_651' title='bbox 248 3310 283 3332; x_wconf 81' lang='grc' dir='ltr'>τε</span> <span class='ocrx_word' id='word_1_652' title='bbox 294 3299 348 3333; x_wconf 79' lang='grc' dir='ltr'>καὶ</span> <span class='ocrx_word' id='word_1_653' title='bbox 366 3303 546 3344; x_wconf 73' lang='grc' dir='ltr'>σφαιροειδῆ</span> <span class='ocrx_word' id='word_1_654' title='bbox 561 3303 652 3346; x_wconf 82' lang='grc' dir='ltr'>ὄντα,</span> <span class='ocrx_word' id='word_1_655' title='bbox 669 3304 740 3338; x_wconf 86' lang='grc' dir='ltr'>οὗτε</span> <span class='ocrx_word' id='word_1_656' title='bbox 756 3305 882 3348; x_wconf 84' lang='grc' dir='ltr'>ἄπειρον</span> <span class='ocrx_word' id='word_1_657' title='bbox 896 3305 970 3339; x_wconf 83' lang='grc' dir='ltr'>οὔτε</span> <span class='ocrx_word' id='word_1_658' title='bbox 986 3307 1185 3347; x_wconf 79' lang='grc' dir='ltr'>πεπερασμέ-</span> 
     </span>
     <span class='ocr_line' id='line_1_67' title="bbox 124 3345 1182 3394; baseline 0.009 -19"><span class='ocrx_word' id='word_1_659' title='bbox 124 3354 192 3386; x_wconf 85' lang='grc' dir='ltr'>νον,</span> <span class='ocrx_word' id='word_1_660' title='bbox 209 3345 282 3379; x_wconf 84' lang='grc' dir='ltr'>ούτε</span> <span class='ocrx_word' id='word_1_661' title='bbox 296 3346 419 3389; x_wconf 77' lang='grc' dir='ltr'>ἠρεμεῖν</span> <span class='ocrx_word' id='word_1_662' title='bbox 436 3347 508 3382; x_wconf 84' lang='grc' dir='ltr'>οὔτε</span> <span class='ocrx_word' id='word_1_663' title='bbox 524 3350 647 3389; x_wconf 85' lang='grc' dir='ltr'>κινητὸν</span> <span class='ocrx_word' id='word_1_664' title='bbox 658 3351 748 3385; x_wconf 84' lang='grc' dir='ltr'>εἶναι.</span> <span class='ocrx_word' id='word_1_665' title='bbox 763 3352 842 3385; x_wconf 83' lang='lat' dir='ltr'>Mihi</span> <span class='ocrx_word' id='word_1_666' title='bbox 858 3353 964 3394; x_wconf 83' lang='lat' dir='ltr'>potius</span> <span class='ocrx_word' id='word_1_667' title='bbox 976 3353 1182 3386; x_wconf 80' lang='lat' dir='ltr'>scribendum</span> 
     </span>
     <span class='ocr_line' id='line_1_68' title="bbox 125 3390 1185 3439; baseline 0.008 -17"><span class='ocrx_word' id='word_1_668' title='bbox 125 3390 252 3424; x_wconf 79' lang='lat' dir='ltr'>videtur</span> <span class='ocrx_word' id='word_1_669' title='bbox 269 3392 413 3435; x_wconf 82' lang='grc' dir='ltr'>οὐδαμῶς</span> <span class='ocrx_word' id='word_1_670' title='bbox 430 3406 466 3435; x_wconf 84' lang='grc' dir='ltr'>γε</span> <span class='ocrx_word' id='word_1_671' title='bbox 482 3394 529 3428; x_wconf 86' lang='grc' dir='ltr'>ὅτι</span> <span class='ocrx_word' id='word_1_672' title='bbox 549 3397 615 3434; x_wconf 85' lang='grc' dir='ltr'>θεὸς</span> <span class='ocrx_word' id='word_1_673' title='bbox 633 3397 739 3439; x_wconf 88' lang='grc' dir='ltr'>μόνον,</span> <span class='ocrx_word' id='word_1_674' title='bbox 754 3398 823 3432; x_wconf 87' lang='grc' dir='ltr'>ἀλλ’</span> <span class='ocrx_word' id='word_1_675' title='bbox 842 3399 902 3432; x_wconf 83' lang='grc' dir='ltr'>ὅτι.</span> <span class='ocrx_word' id='word_1_676' title='bbox 926 3401 1009 3432; x_wconf 87' lang='lat' dir='ltr'>&#39;rum</span> <span class='ocrx_word' id='word_1_677' title='bbox 1026 3400 1057 3431; x_wconf 88' lang='lat' dir='ltr'>in</span> <span class='ocrx_word' id='word_1_678' title='bbox 1075 3399 1185 3432; x_wconf 85' lang='lat' dir='ltr'>verbis</span> 
     </span>
     <span class='ocr_line' id='line_1_69' title="bbox 126 3439 1184 3488; baseline 0.009 -18"><span class='ocrx_word' id='word_1_679' title='bbox 126 3439 153 3472; x_wconf 67' lang='lat' dir='ltr'>:t</span> <span class='ocrx_word' id='word_1_680' title='bbox 176 3439 208 3471; x_wconf 85' lang='grc' dir='ltr'>δὲ</span> <span class='ocrx_word' id='word_1_681' title='bbox 234 3440 277 3482; x_wconf 83' lang='grc' dir='ltr'>μὴ</span> <span class='ocrx_word' id='word_1_682' title='bbox 295 3440 388 3478; x_wconf 82' lang='grc' dir='ltr'>αὐτὸς</span> <span class='ocrx_word' id='word_1_683' title='bbox 413 3444 500 3475; x_wconf 86' lang='lat' dir='ltr'>recte</span> <span class='ocrx_word' id='word_1_684' title='bbox 530 3444 647 3484; x_wconf 84' lang='lat' dir='ltr'>adjecit</span> <span class='ocrx_word' id='word_1_685' title='bbox 670 3445 824 3487; x_wconf 69' lang='lat' dir='ltr'>Bergkius</span> <span class='ocrx_word' id='word_1_686' title='bbox 849 3448 909 3488; x_wconf 86' lang='grc' dir='ltr'>μή,</span> <span class='ocrx_word' id='word_1_687' title='bbox 928 3446 985 3480; x_wconf 87' lang='lat' dir='ltr'>sed</span> <span class='ocrx_word' id='word_1_688' title='bbox 1013 3447 1184 3488; x_wconf 81' lang='lat' dir='ltr'>requiritur</span> 
     </span>
     <span class='ocr_line' id='line_1_70' title="bbox 125 3485 1183 3536; baseline 0.009 -19"><span class='ocrx_word' id='word_1_689' title='bbox 125 3485 232 3519; x_wconf 79' lang='lat' dir='ltr'>adhuc</span> <span class='ocrx_word' id='word_1_690' title='bbox 264 3490 404 3522; x_wconf 77' lang='grc' dir='ltr'>κινεῖται.</span> <span class='ocrx_word' id='word_1_691' title='bbox 440 3489 652 3525; x_wconf 73' lang='lat' dir='ltr'>posteriorem</span> <span class='ocrx_word' id='word_1_692' title='bbox 685 3492 831 3526; x_wconf 80' lang='lat' dir='ltr'>lacunam</span> <span class='ocrx_word' id='word_1_693' title='bbox 864 3494 907 3527; x_wconf 88' lang='lat' dir='ltr'>ita</span> <span class='ocrx_word' id='word_1_694' title='bbox 936 3494 1183 3536; x_wconf 86' lang='lat' dir='ltr'>redintegravit,</span> 
     </span>
    </p>
   </div>
   <div class='ocr_carea' id='block_1_35' title="bbox 980 217 1435 279">
    <p class='ocr_par' dir='ltr' id='par_1_35' title="bbox 980 217 1435 279">
     <span class='ocr_line' id='line_1_71' title="bbox 980 217 1435 279; baseline 0 -23"><span class='ocrx_word' id='word_1_695' title='bbox 980 218 1046 279; x_wconf 65' lang='lat' dir='ltr'>ne</span> <span class='ocrx_word' id='word_1_696' title='bbox 1079 217 1306 258; x_wconf 73' lang='lat' dir='ltr'>Meusso-</span> <span class='ocrx_word' id='word_1_697' title='bbox 1325 217 1435 258; x_wconf 80' lang='lat' dir='ltr'>ETc.</span> 
     </span>
    </p>
   </div>
   <div class='ocr_carea' id='block_1_36' title="bbox 111 1684 1223 1728">
    <p class='ocr_par' dir='ltr' id='par_1_36' title="bbox 111 1684 1223 1728">
     <span class='ocr_line' id='line_1_72' title="bbox 111 1684 1223 1728; baseline -0.001 -9"><span class='ocrx_word' id='word_1_698' title='bbox 111 1688 195 1720; x_wconf 81' lang='lat' dir='ltr'>Tum</span> <span class='ocrx_word' id='word_1_699' title='bbox 210 1694 268 1727; x_wconf 89' lang='lat' dir='ltr'>pro</span> <span class='ocrx_word' id='word_1_700' title='bbox 281 1685 381 1719; x_wconf 86' lang='grc' dir='ltr'>πολλὰ</span> <span class='ocrx_word' id='word_1_701' title='bbox 394 1685 473 1718; x_wconf 86' lang='grc' dir='ltr'>εἶναι</span> <span class='ocrx_word' id='word_1_702' title='bbox 493 1685 582 1728; x_wconf 83' lang='grc' dir='ltr'>φύσει</span> <span class='ocrx_word' id='word_1_703' title='bbox 599 1684 729 1717; x_wconf 77' lang='lat' dir='ltr'>exhibet</span> <span class='ocrx_word' id='word_1_704' title='bbox 742 1684 846 1717; x_wconf 81' lang='lat' dir='ltr'>codex</span> <span class='ocrx_word' id='word_1_705' title='bbox 858 1685 959 1718; x_wconf 85' lang='grc' dir='ltr'>πολλὰ</span> <span class='ocrx_word' id='word_1_706' title='bbox 971 1685 1049 1718; x_wconf 85' lang='grc' dir='ltr'>εἶναι</span> <span class='ocrx_word' id='word_1_707' title='bbox 1065 1686 1178 1727; x_wconf 84' lang='grc' dir='ltr'>φήσει,</span> <span class='ocrx_word' id='word_1_708' title='bbox 1216 1689 1223 1699; x_wconf 86' lang='grc'><em>“</em></span> 
     </span>
    </p>
   </div>
   <div class='ocr_carea' id='block_1_37' title="bbox 1233 234 2292 351">
    <p class='ocr_par' dir='ltr' id='par_1_37' title="bbox 1233 234 2292 351">
     <span class='ocr_line' id='line_1_73' title="bbox 2219 234 2291 268; baseline 0.014 -1"><span class='ocrx_word' id='word_1_709' title='bbox 2219 234 2291 268; x_wconf 81' lang='grc'>301</span> 
     </span>
     <span class='ocr_line' id='line_1_74' title="bbox 1233 296 2292 351; baseline -0.005 -12"><span class='ocrx_word' id='word_1_710' title='bbox 1233 300 1283 351; x_wconf 78' lang='grc' dir='ltr'>μὴ</span> <span class='ocrx_word' id='word_1_711' title='bbox 1309 303 1457 339; x_wconf 82' lang='grc' dir='ltr'>κινεῖται</span> <span class='ocrx_word' id='word_1_712' title='bbox 1476 299 1494 336; x_wconf 82' lang='grc' dir='ltr'>ὁ</span> <span class='ocrx_word' id='word_1_713' title='bbox 1514 297 1588 343; x_wconf 85' lang='grc' dir='ltr'>θεός</span> <span class='ocrx_word' id='word_1_714' title='bbox 1602 313 1640 336; x_wconf 92' lang='grc' dir='ltr'>τε</span> <span class='ocrx_word' id='word_1_715' title='bbox 1660 297 1721 336; x_wconf 74' lang='grc' dir='ltr'>καὶ</span> <span class='ocrx_word' id='word_1_716' title='bbox 1740 298 1779 337; x_wconf 81' lang='grc' dir='ltr'>τὸ</span> <span class='ocrx_word' id='word_1_717' title='bbox 1803 297 1855 350; x_wconf 69' lang='grc' dir='ltr'>ἕν,</span> <span class='ocrx_word' id='word_1_718' title='bbox 1873 297 1927 337; x_wconf 76' lang='grc' dir='ltr'>ὅτι</span> <span class='ocrx_word' id='word_1_719' title='bbox 1947 296 1990 336; x_wconf 80' lang='grc' dir='ltr'>τὰ</span> <span class='ocrx_word' id='word_1_720' title='bbox 2007 297 2124 337; x_wconf 81' lang='grc' dir='ltr'>πολλὰ</span> <span class='ocrx_word' id='word_1_721' title='bbox 2145 303 2292 336; x_wconf 84' lang='grc' dir='ltr'>κινεῖται</span> 
     </span>
    </p>
   </div>
   <div class='ocr_carea' id='block_1_38' title="bbox 1233 355 2384 411">
    <p class='ocr_par' dir='ltr' id='par_1_38' title="bbox 1233 355 2384 411">
     <span class='ocr_line' id='line_1_75' title="bbox 1233 355 2384 411; baseline 0 -13"><span class='ocrx_word' id='word_1_722' title='bbox 1233 360 1281 411; x_wconf 81' lang='grc' dir='ltr'>τῷ</span> <span class='ocrx_word' id='word_1_723' title='bbox 1298 359 1346 402; x_wconf 82' lang='grc' dir='ltr'>εἶς</span> <span class='ocrx_word' id='word_1_724' title='bbox 1366 356 1505 405; x_wconf 85' lang='grc' dir='ltr'>ἄλληλα</span> <span class='ocrx_word' id='word_1_725' title='bbox 1519 356 1607 395; x_wconf 81' lang='grc' dir='ltr'>ἰέναι</span> <span class='ocrx_word' id='word_1_726' title='bbox 1620 386 1632 405; x_wconf 90' lang='grc'>,</span> <span class='ocrx_word' id='word_1_727' title='bbox 1651 356 1686 395; x_wconf 77' lang='grc' dir='ltr'>τί</span> <span class='ocrx_word' id='word_1_728' title='bbox 1705 355 1834 396; x_wconf 84' lang='grc' dir='ltr'>κωλύει</span> <span class='ocrx_word' id='word_1_729' title='bbox 1858 356 1918 394; x_wconf 80' lang='grc' dir='ltr'>καὶ</span> <span class='ocrx_word' id='word_1_730' title='bbox 1939 355 1996 395; x_wconf 80' lang='grc' dir='ltr'>τὸν</span> <span class='ocrx_word' id='word_1_731' title='bbox 2021 356 2096 395; x_wconf 82' lang='grc' dir='ltr'>θεὸν</span> <span class='ocrx_word' id='word_1_732' title='bbox 2120 357 2291 395; x_wconf 79' lang='grc' dir='ltr'>κινεῖσθαι</span> <span class='ocrx_word' id='word_1_733' title='bbox 2314 362 2384 397; x_wconf 73' lang='lat'>979</span> 
     </span>
    </p>
   </div>
   <div class='ocr_carea' id='block_1_39' title="bbox 1233 409 2299 767">
    <p class='ocr_par' dir='ltr' id='par_1_39' title="bbox 1233 409 2299 767">
     <span class='ocr_line' id='line_1_76' title="bbox 1233 409 2295 468; baseline -0.005 -10"><span class='ocrx_word' id='word_1_734' title='bbox 1233 420 1280 462; x_wconf 88' lang='grc' dir='ltr'>εἷς</span> <span class='ocrx_word' id='word_1_735' title='bbox 1309 417 1418 465; x_wconf 83' lang='grc' dir='ltr'>ἄλλο;</span> <span class='ocrx_word' id='word_1_736' title='bbox 1447 417 1608 466; x_wconf 75' lang='grc' dir='ltr'>οὐδαμῶς</span> <span class='ocrx_word' id='word_1_737' title='bbox 1633 431 1696 468; x_wconf 90' lang='grc' dir='ltr'>γε,</span> <span class='ocrx_word' id='word_1_738' title='bbox 1724 414 1777 454; x_wconf 76' lang='grc' dir='ltr'>ὅτι</span> <span class='ocrx_word' id='word_1_739' title='bbox 1812 415 1887 460; x_wconf 78' lang='grc' dir='ltr'>θεὸς</span> <span class='ocrx_word' id='word_1_740' title='bbox 1915 413 2032 466; x_wconf 85' lang='grc' dir='ltr'>μόνον,</span> <span class='ocrx_word' id='word_1_741' title='bbox 2060 416 2138 453; x_wconf 86' lang='grc' dir='ltr'>ἀλλ’</span> <span class='ocrx_word' id='word_1_742' title='bbox 2165 414 2219 454; x_wconf 79' lang='grc' dir='ltr'>ὅτι</span> <span class='ocrx_word' id='word_1_743' title='bbox 2247 409 2295 459; x_wconf 70' lang='grc' dir='ltr'>εἷς</span> 
     </span>
     <span class='ocr_line' id='line_1_77' title="bbox 1234 473 2295 528; baseline -0.003 -12"><span class='ocrx_word' id='word_1_744' title='bbox 1234 475 1454 528; x_wconf 86' lang='grc' dir='ltr'>μόνος-θεός·</span> <span class='ocrx_word' id='word_1_745' title='bbox 1477 477 1507 514; x_wconf 88' lang='grc' dir='ltr'>εἶ</span> <span class='ocrx_word' id='word_1_746' title='bbox 1528 474 1563 513; x_wconf 82' lang='grc' dir='ltr'>δὲ</span> <span class='ocrx_word' id='word_1_747' title='bbox 1583 474 1642 513; x_wconf 72' lang='grc' dir='ltr'>καὶ</span> <span class='ocrx_word' id='word_1_748' title='bbox 1663 473 1713 525; x_wconf 81' lang='grc' dir='ltr'>μὴ</span> <span class='ocrx_word' id='word_1_749' title='bbox 1733 474 1836 519; x_wconf 75' lang='grc' dir='ltr'>αὐτὸς</span> <span class='ocrx_word' id='word_1_750' title='bbox 1859 474 2019 521; x_wconf 83' lang='grc' dir='ltr'>κινεῖται,</span> <span class='ocrx_word' id='word_1_751' title='bbox 2039 473 2072 512; x_wconf 88' lang='grc' dir='ltr'>τί</span> <span class='ocrx_word' id='word_1_752' title='bbox 2097 473 2227 513; x_wconf 86' lang='grc' dir='ltr'>κωλύει</span> <span class='ocrx_word' id='word_1_753' title='bbox 2248 476 2295 518; x_wconf 85' lang='grc' dir='ltr'>εἰς</span> 
     </span>
     <span class='ocr_line' id='line_1_78' title="bbox 1234 532 2296 587; baseline -0.004 -11"><span class='ocrx_word' id='word_1_754' title='bbox 1234 537 1372 584; x_wconf 80' lang='grc' dir='ltr'>ἄλληλα</span> <span class='ocrx_word' id='word_1_755' title='bbox 1397 534 1613 586; x_wconf 87' lang='grc' dir='ltr'>κινουμένων</span> <span class='ocrx_word' id='word_1_756' title='bbox 1635 536 1706 573; x_wconf 86' lang='grc' dir='ltr'>τῶν</span> <span class='ocrx_word' id='word_1_757' title='bbox 1727 536 1843 587; x_wconf 82' lang='grc' dir='ltr'>μερῶν</span> <span class='ocrx_word' id='word_1_758' title='bbox 1864 538 1924 573; x_wconf 81' lang='grc' dir='ltr'>τοῦ</span> <span class='ocrx_word' id='word_1_759' title='bbox 1945 536 2023 572; x_wconf 77' lang='grc' dir='ltr'>θεοῦ</span> <span class='ocrx_word' id='word_1_760' title='bbox 2046 532 2167 587; x_wconf 87' lang='grc' dir='ltr'>κύκλῳ</span> <span class='ocrx_word' id='word_1_761' title='bbox 2191 533 2296 587; x_wconf 83' lang='grc' dir='ltr'>φέρε-</span> 
     </span>
     <span class='ocr_line' id='line_1_79' title="bbox 1237 592 2298 647; baseline -0.004 -11"><span class='ocrx_word' id='word_1_762' title='bbox 1237 600 1319 636; x_wconf 87' lang='grc' dir='ltr'>σθαι</span> <span class='ocrx_word' id='word_1_763' title='bbox 1335 595 1394 634; x_wconf 83' lang='grc' dir='ltr'>τὸν</span> <span class='ocrx_word' id='word_1_764' title='bbox 1416 596 1515 642; x_wconf 86' lang='grc' dir='ltr'>θεόν;</span> <span class='ocrx_word' id='word_1_765' title='bbox 1539 595 1576 633; x_wconf 79' lang='grc' dir='ltr'>οὗ</span> <span class='ocrx_word' id='word_1_766' title='bbox 1595 593 1663 647; x_wconf 84' lang='grc' dir='ltr'>γὰρ</span> <span class='ocrx_word' id='word_1_767' title='bbox 1684 593 1726 641; x_wconf 75' lang='grc' dir='ltr'>δὴ</span> <span class='ocrx_word' id='word_1_768' title='bbox 1745 593 1784 632; x_wconf 84' lang='grc' dir='ltr'>τὸ</span> <span class='ocrx_word' id='word_1_769' title='bbox 1801 597 1956 632; x_wconf 74' lang='grc' dir='ltr'>τοιοῦτον</span> <span class='ocrx_word' id='word_1_770' title='bbox 1977 592 2027 642; x_wconf 80' lang='grc' dir='ltr'>ἕν,</span> <span class='ocrx_word' id='word_1_771' title='bbox 2048 592 2168 645; x_wconf 80' lang='grc' dir='ltr'>ὥσπερ</span> <span class='ocrx_word' id='word_1_772' title='bbox 2186 595 2204 631; x_wconf 83' lang='grc' dir='ltr'><strong>ὁ</strong></span> <span class='ocrx_word' id='word_1_773' title='bbox 2225 592 2298 641; x_wconf 80' lang='grc' dir='ltr'>Ζή-</span> 
     </span>
     <span class='ocr_line' id='line_1_80' title="bbox 1235 648 2298 708; baseline -0.002 -14"><span class='ocrx_word' id='word_1_774' title='bbox 1235 672 1315 703; x_wconf 83' lang='grc' dir='ltr'>νων,</span> <span class='ocrx_word' id='word_1_775' title='bbox 1336 657 1427 695; x_wconf 80' lang='grc' dir='ltr'>ἀλλὰ</span> <span class='ocrx_word' id='word_1_776' title='bbox 1448 655 1562 694; x_wconf 77' lang='grc' dir='ltr'>πολλὰ</span> <span class='ocrx_word' id='word_1_777' title='bbox 1585 649 1674 693; x_wconf 67' lang='grc' dir='ltr'>εἶναί</span> <span class='ocrx_word' id='word_1_778' title='bbox 1695 669 1820 708; x_wconf 67' lang='grc' dir='ltr'>φησιν·</span> <span class='ocrx_word' id='word_1_779' title='bbox 1853 648 1949 697; x_wconf 60' lang='grc' dir='ltr'>οὗτος</span> <span class='ocrx_word' id='word_1_780' title='bbox 1977 653 2046 707; x_wconf 83' lang='grc' dir='ltr'>γὰρ</span> <span class='ocrx_word' id='word_1_781' title='bbox 2071 656 2177 704; x_wconf 86' lang='grc' dir='ltr'>σῶμα</span> <span class='ocrx_word' id='word_1_782' title='bbox 2205 653 2298 705; x_wconf 84' lang='grc' dir='ltr'>λέγει</span> 
     </span>
     <span class='ocr_line' id='line_1_81' title="bbox 1236 709 2299 767; baseline -0.002 -13"><span class='ocrx_word' id='word_1_783' title='bbox 1236 709 1325 755; x_wconf 73' lang='grc' dir='ltr'>εἶναι</span> <span class='ocrx_word' id='word_1_784' title='bbox 1348 716 1406 755; x_wconf 79' lang='grc' dir='ltr'>τὸν</span> <span class='ocrx_word' id='word_1_785' title='bbox 1425 715 1516 767; x_wconf 83' lang='grc' dir='ltr'>θεόν,</span> <span class='ocrx_word' id='word_1_786' title='bbox 1533 714 1602 754; x_wconf 84' lang='grc' dir='ltr'>εἴτε</span> <span class='ocrx_word' id='word_1_787' title='bbox 1621 715 1699 755; x_wconf 77' lang='grc' dir='ltr'>τόδε</span> <span class='ocrx_word' id='word_1_788' title='bbox 1720 714 1759 753; x_wconf 80' lang='grc' dir='ltr'>τὸ</span> <span class='ocrx_word' id='word_1_789' title='bbox 1779 718 1865 763; x_wconf 82' lang='grc' dir='ltr'>πᾶν,</span> <span class='ocrx_word' id='word_1_790' title='bbox 1882 713 1949 753; x_wconf 82' lang='grc' dir='ltr'>εἴτε</span> <span class='ocrx_word' id='word_1_791' title='bbox 1967 713 2038 763; x_wconf 79' lang='grc' dir='ltr'>ὅ,τι</span> <span class='ocrx_word' id='word_1_792' title='bbox 2063 713 2194 761; x_wconf 80' lang='grc' dir='ltr'>δήποτε</span> <span class='ocrx_word' id='word_1_793' title='bbox 2214 712 2299 752; x_wconf 80' lang='grc' dir='ltr'>αὐτὸ</span> 
     </span>
    </p>
   </div>
   <div class='ocr_carea' id='block_1_40' title="bbox 1236 828 2316 3541">
    <p class='ocr_par' dir='ltr' id='par_1_40' title="bbox 1236 828 2316 3541">
     <span class='ocr_line' id='line_1_82' title="bbox 1236 828 2299 872; baseline -0.003 -9"><span class='ocrx_word' id='word_1_794' title='bbox 1236 830 1343 863; x_wconf 84' lang='lat' dir='ltr'>Beckii</span> <span class='ocrx_word' id='word_1_795' title='bbox 1360 830 1580 872; x_wconf 87' lang='lat' dir='ltr'>conjecturam</span> <span class='ocrx_word' id='word_1_796' title='bbox 1601 831 1751 871; x_wconf 67' lang='lat' dir='ltr'>secutum,</span> <span class='ocrx_word' id='word_1_797' title='bbox 1770 831 1806 863; x_wconf 91' lang='lat' dir='ltr'>ut</span> <span class='ocrx_word' id='word_1_798' title='bbox 1832 829 1898 870; x_wconf 83' lang='lat' dir='ltr'>jam</span> <span class='ocrx_word' id='word_1_799' title='bbox 1921 828 2094 861; x_wconf 88' lang='lat' dir='ltr'>commoda</span> <span class='ocrx_word' id='word_1_800' title='bbox 2110 828 2185 861; x_wconf 82' lang='lat' dir='ltr'>huic</span> <span class='ocrx_word' id='word_1_801' title='bbox 2209 837 2299 861; x_wconf 89' lang='lat' dir='ltr'>com·</span> 
     </span>
     <span class='ocr_line' id='line_1_83' title="bbox 1236 875 2301 921; baseline -0.004 -10"><span class='ocrx_word' id='word_1_802' title='bbox 1236 878 1458 921; x_wconf 85' lang='lat' dir='ltr'>prehensionis</span> <span class='ocrx_word' id='word_1_803' title='bbox 1479 878 1560 920; x_wconf 81' lang='lat' dir='ltr'>parti</span> <span class='ocrx_word' id='word_1_804' title='bbox 1579 877 1739 911; x_wconf 88' lang='lat' dir='ltr'>sententia</span> <span class='ocrx_word' id='word_1_805' title='bbox 1766 877 1856 910; x_wconf 88' lang='lat' dir='ltr'>insit.</span> <span class='ocrx_word' id='word_1_806' title='bbox 1889 876 2011 909; x_wconf 91' lang='lat' dir='ltr'>Deinde</span> <span class='ocrx_word' id='word_1_807' title='bbox 2031 875 2199 909; x_wconf 86' lang='lat' dir='ltr'>verissime</span> <span class='ocrx_word' id='word_1_808' title='bbox 2226 887 2301 917; x_wconf 86' lang='grc' dir='ltr'>φησι</span> 
     </span>
     <span class='ocr_line' id='line_1_84' title="bbox 1238 924 2302 969; baseline -0.004 -9"><span class='ocrx_word' id='word_1_809' title='bbox 1238 936 1294 968; x_wconf 80' lang='lat' dir='ltr'>pro</span> <span class='ocrx_word' id='word_1_810' title='bbox 1311 927 1401 969; x_wconf 87' lang='grc' dir='ltr'>φύσει</span> <span class='ocrx_word' id='word_1_811' title='bbox 1419 927 1549 968; x_wconf 83' lang='lat' dir='ltr'>propter</span> <span class='ocrx_word' id='word_1_812' title='bbox 1563 925 1635 958; x_wconf 82' lang='lat' dir='ltr'>libri</span> <span class='ocrx_word' id='word_1_813' title='bbox 1645 925 1821 967; x_wconf 83' lang='lat' dir='ltr'>Lipsiensis</span> <span class='ocrx_word' id='word_1_814' title='bbox 1832 925 1922 967; x_wconf 76' lang='grc' dir='ltr'>φήσει</span> <span class='ocrx_word' id='word_1_815' title='bbox 1938 924 2090 966; x_wconf 84' lang='lat' dir='ltr'>reposuit.</span> <span class='ocrx_word' id='word_1_816' title='bbox 2107 924 2178 956; x_wconf 85' lang='lat' dir='ltr'>Hoc</span> <span class='ocrx_word' id='word_1_817' title='bbox 2192 927 2302 956; x_wconf 88' lang='lat' dir='ltr'>autem</span> 
     </span>
     <span class='ocr_line' id='line_1_85' title="bbox 1237 972 2304 1016; baseline -0.001 -9"><span class='ocrx_word' id='word_1_818' title='bbox 1237 975 1282 1007; x_wconf 85' lang='lat' dir='ltr'>ait</span> <span class='ocrx_word' id='word_1_819' title='bbox 1317 974 1505 1007; x_wconf 83' lang='lat' dir='ltr'>Aristoteles</span> <span class='ocrx_word' id='word_1_820' title='bbox 1525 982 1534 1003; x_wconf 68' lang='grc' dir='ltr'>ε</span> <span class='ocrx_word' id='word_1_821' title='bbox 1552 973 1745 1016; x_wconf 87' lang='lat' dir='ltr'>Xenophani</span> <span class='ocrx_word' id='word_1_822' title='bbox 1778 973 1859 1006; x_wconf 87' lang='lat' dir='ltr'>deus</span> <span class='ocrx_word' id='word_1_823' title='bbox 1884 981 2002 1014; x_wconf 87' lang='lat' dir='ltr'>corpus</span> <span class='ocrx_word' id='word_1_824' title='bbox 2033 972 2161 1005; x_wconf 89' lang='lat' dir='ltr'>videtur</span> <span class='ocrx_word' id='word_1_825' title='bbox 2181 973 2218 1006; x_wconf 88' lang='lat' dir='ltr'>ut</span> <span class='ocrx_word' id='word_1_826' title='bbox 2245 972 2304 1014; x_wconf 87' lang='lat' dir='ltr'>qui</span> 
     </span>
     <span class='ocr_line' id='line_1_86' title="bbox 1238 1019 2304 1062; baseline -0.001 -9"><span class='ocrx_word' id='word_1_827' title='bbox 1238 1021 1382 1054; x_wconf 86' lang='lat' dir='ltr'>membra</span> <span class='ocrx_word' id='word_1_828' title='bbox 1394 1021 1586 1054; x_wconf 86' lang='lat' dir='ltr'>habeatsive</span> <span class='ocrx_word' id='word_1_829' title='bbox 1600 1022 1705 1062; x_wconf 91' lang='lat' dir='ltr'>partes</span> <span class='ocrx_word' id='word_1_830' title='bbox 1715 1045 1725 1061; x_wconf 93' lang='lat'>‚</span> <span class='ocrx_word' id='word_1_831' title='bbox 1743 1029 1847 1061; x_wconf 89' lang='lat' dir='ltr'>neque</span> <span class='ocrx_word' id='word_1_832' title='bbox 1860 1020 1947 1053; x_wconf 87' lang='lat' dir='ltr'>enim</span> <span class='ocrx_word' id='word_1_833' title='bbox 1963 1028 2065 1052; x_wconf 89' lang='lat' dir='ltr'>unum</span> <span class='ocrx_word' id='word_1_834' title='bbox 2076 1019 2156 1052; x_wconf 89' lang='lat' dir='ltr'>illud</span> <span class='ocrx_word' id='word_1_835' title='bbox 2172 1029 2304 1062; x_wconf 80' lang='lat' dir='ltr'>prorsus</span> 
     </span>
     <span class='ocr_line' id='line_1_87' title="bbox 1238 1067 2302 1110; baseline -0.002 -9"><span class='ocrx_word' id='word_1_836' title='bbox 1238 1069 1441 1101; x_wconf 88' lang='lat' dir='ltr'>individuum</span> <span class='ocrx_word' id='word_1_837' title='bbox 1463 1077 1534 1101; x_wconf 90' lang='lat' dir='ltr'>esse</span> <span class='ocrx_word' id='word_1_838' title='bbox 1559 1068 1704 1110; x_wconf 85' lang='lat' dir='ltr'>judicat,</span> <span class='ocrx_word' id='word_1_839' title='bbox 1724 1067 1811 1109; x_wconf 88' lang='lat' dir='ltr'>quod</span> <span class='ocrx_word' id='word_1_840' title='bbox 1845 1068 1990 1109; x_wconf 83' lang='lat' dir='ltr'>inprimis</span> <span class='ocrx_word' id='word_1_841' title='bbox 2021 1067 2143 1101; x_wconf 89' lang='lat' dir='ltr'>Zenoni</span> <span class='ocrx_word' id='word_1_842' title='bbox 2171 1068 2302 1109; x_wconf 87' lang='lat' dir='ltr'>placuit.</span> 
     </span>
     <span class='ocr_line' id='line_1_88' title="bbox 1239 1114 2305 1157; baseline 0 -10"><span class='ocrx_word' id='word_1_843' title='bbox 1239 1117 1284 1148; x_wconf 91' lang='lat' dir='ltr'>De</span> <span class='ocrx_word' id='word_1_844' title='bbox 1316 1115 1523 1157; x_wconf 81' lang='lat' dir='ltr'>Xenophanis</span> <span class='ocrx_word' id='word_1_845' title='bbox 1552 1115 1614 1148; x_wconf 84' lang='lat' dir='ltr'>deo</span> <span class='ocrx_word' id='word_1_846' title='bbox 1656 1116 1762 1155; x_wconf 85' lang='lat' dir='ltr'>partes</span> <span class='ocrx_word' id='word_1_847' title='bbox 1791 1114 1931 1148; x_wconf 85' lang='lat' dir='ltr'>habente</span> <span class='ocrx_word' id='word_1_848' title='bbox 1962 1124 2060 1157; x_wconf 84' lang='lat' dir='ltr'>snpra</span> <span class='ocrx_word' id='word_1_849' title='bbox 2087 1117 2159 1156; x_wconf 72' lang='lat' dir='ltr'>cap.</span> <span class='ocrx_word' id='word_1_850' title='bbox 2183 1119 2201 1147; x_wconf 83' lang='grc'>3</span> <span class='ocrx_word' id='word_1_851' title='bbox 2234 1115 2305 1147; x_wconf 80' lang='lat' dir='ltr'>liaec</span> 
     </span>
     <span class='ocr_line' id='line_1_89' title="bbox 1239 1162 2306 1204; baseline -0.002 -10"><span class='ocrx_word' id='word_1_852' title='bbox 1239 1163 1365 1195; x_wconf 84' lang='lat' dir='ltr'>tantum</span> <span class='ocrx_word' id='word_1_853' title='bbox 1380 1162 1568 1204; x_wconf 84' lang='lat' dir='ltr'>legebantur</span> <span class='ocrx_word' id='word_1_854' title='bbox 1586 1174 1594 1195; x_wconf 78' lang='grc' dir='ltr'>ε</span> <span class='ocrx_word' id='word_1_855' title='bbox 1614 1162 1668 1195; x_wconf 80' lang='grc' dir='ltr'>ἕνα</span> <span class='ocrx_word' id='word_1_856' title='bbox 1687 1163 1714 1194; x_wconf 86' lang='grc' dir='ltr'>δ’</span> <span class='ocrx_word' id='word_1_857' title='bbox 1730 1162 1806 1195; x_wconf 86' lang='grc' dir='ltr'>ὄντα</span> <span class='ocrx_word' id='word_1_858' title='bbox 1822 1162 1930 1204; x_wconf 84' lang='grc' dir='ltr'>ὅμοιον</span> <span class='ocrx_word' id='word_1_859' title='bbox 1946 1163 2025 1195; x_wconf 86' lang='grc' dir='ltr'>εἶναι</span> <span class='ocrx_word' id='word_1_860' title='bbox 2048 1162 2148 1203; x_wconf 81' lang='grc' dir='ltr'>πάντῃ</span> <span class='ocrx_word' id='word_1_861' title='bbox 2160 1186 2170 1203; x_wconf 90' lang='grc'>,</span> <span class='ocrx_word' id='word_1_862' title='bbox 2185 1162 2259 1204; x_wconf 79' lang='grc' dir='ltr'>ὁρᾷν</span> <span class='ocrx_word' id='word_1_863' title='bbox 2271 1171 2306 1193; x_wconf 83' lang='grc' dir='ltr'>τε</span> 
     </span>
     <span class='ocr_line' id='line_1_90' title="bbox 1238 1209 2304 1252; baseline 0 -11"><span class='ocrx_word' id='word_1_864' title='bbox 1238 1211 1290 1242; x_wconf 84' lang='grc' dir='ltr'>καὶ</span> <span class='ocrx_word' id='word_1_865' title='bbox 1308 1211 1433 1243; x_wconf 81' lang='grc' dir='ltr'>ἀκούειν</span> <span class='ocrx_word' id='word_1_866' title='bbox 1451 1210 1506 1248; x_wconf 82' lang='grc' dir='ltr'>τάς</span> <span class='ocrx_word' id='word_1_867' title='bbox 1522 1221 1556 1243; x_wconf 91' lang='grc' dir='ltr'>τε</span> <span class='ocrx_word' id='word_1_868' title='bbox 1574 1210 1668 1247; x_wconf 81' lang='grc' dir='ltr'>ἄλλας</span> <span class='ocrx_word' id='word_1_869' title='bbox 1682 1210 1842 1248; x_wconf 87' lang='grc' dir='ltr'>αἰσθήσεις</span> <span class='ocrx_word' id='word_1_870' title='bbox 1862 1209 1975 1251; x_wconf 81' lang='grc' dir='ltr'>ἔχοντα</span> <span class='ocrx_word' id='word_1_871' title='bbox 1990 1210 2093 1252; x_wconf 72' lang='grc' dir='ltr'>πάντῃ</span> <span class='ocrx_word' id='word_1_872' title='bbox 2105 1218 2112 1226; x_wconf 91' lang='grc'><em>·</em></span> <span class='ocrx_word' id='word_1_873' title='bbox 2131 1211 2157 1242; x_wconf 77' lang='grc' dir='ltr'>εἶ</span> <span class='ocrx_word' id='word_1_874' title='bbox 2172 1210 2231 1251; x_wconf 85' lang='grc' dir='ltr'>γὰρ</span> <span class='ocrx_word' id='word_1_875' title='bbox 2248 1210 2304 1250; x_wconf 86' lang='grc' dir='ltr'>μή,</span> 
     </span>
     <span class='ocr_line' id='line_1_91' title="bbox 1239 1256 2305 1300; baseline -0.002 -10"><span class='ocrx_word' id='word_1_876' title='bbox 1239 1261 1361 1300; x_wconf 83' lang='grc' dir='ltr'>κρατεῖν</span> <span class='ocrx_word' id='word_1_877' title='bbox 1378 1258 1415 1290; x_wconf 88' lang='grc' dir='ltr'>ἂν</span> <span class='ocrx_word' id='word_1_878' title='bbox 1438 1258 1492 1291; x_wconf 86' lang='grc' dir='ltr'>καὶ</span> <span class='ocrx_word' id='word_1_879' title='bbox 1511 1258 1694 1299; x_wconf 85' lang='grc' dir='ltr'>κρατεῖσθαι</span> <span class='ocrx_word' id='word_1_880' title='bbox 1723 1257 1776 1290; x_wconf 74' lang='grc' dir='ltr'>ὑπ’</span> <span class='ocrx_word' id='word_1_881' title='bbox 1791 1257 1932 1295; x_wconf 81' lang='grc' dir='ltr'>ἀλλήλων</span> <span class='ocrx_word' id='word_1_882' title='bbox 1950 1257 1990 1289; x_wconf 86' lang='grc' dir='ltr'>τὰ</span> <span class='ocrx_word' id='word_1_883' title='bbox 2014 1258 2090 1299; x_wconf 87' lang='grc' dir='ltr'>μέρη</span> <span class='ocrx_word' id='word_1_884' title='bbox 2116 1258 2187 1289; x_wconf 88' lang='grc' dir='ltr'>θεοῦ</span> <span class='ocrx_word' id='word_1_885' title='bbox 2212 1256 2305 1296; x_wconf 85' lang='grc' dir='ltr'>ὄντα,</span> 
     </span>
     <span class='ocr_line' id='line_1_92' title="bbox 1239 1303 2306 1347; baseline -0.002 -10"><span class='ocrx_word' id='word_1_886' title='bbox 1239 1306 1313 1347; x_wconf 84' lang='grc' dir='ltr'>ὅπερ</span> <span class='ocrx_word' id='word_1_887' title='bbox 1331 1304 1492 1337; x_wconf 71' lang='grc' dir='ltr'>ἀδύνατον.</span> <span class='ocrx_word' id='word_1_888' title='bbox 1510 1307 1558 1338; x_wconf 89' lang='lat' dir='ltr'>De</span> <span class='ocrx_word' id='word_1_889' title='bbox 1573 1305 1703 1336; x_wconf 85' lang='lat' dir='ltr'>Zenone</span> <span class='ocrx_word' id='word_1_890' title='bbox 1724 1303 1817 1336; x_wconf 85' lang='lat' dir='ltr'>testis</span> <span class='ocrx_word' id='word_1_891' title='bbox 1833 1305 1881 1335; x_wconf 86' lang='lat' dir='ltr'>est</span> <span class='ocrx_word' id='word_1_892' title='bbox 1896 1304 2055 1336; x_wconf 85' lang='lat' dir='ltr'>Themist.</span> <span class='ocrx_word' id='word_1_893' title='bbox 2073 1304 2094 1336; x_wconf 81' lang='lat' dir='ltr'>f.</span> <span class='ocrx_word' id='word_1_894' title='bbox 2113 1306 2149 1336; x_wconf 88' lang='lat'>18</span> <span class='ocrx_word' id='word_1_895' title='bbox 2169 1316 2177 1336; x_wconf 74' lang='grc' dir='ltr'>ι</span> <span class='ocrx_word' id='word_1_896' title='bbox 2198 1303 2306 1342; x_wconf 85' lang='grc' dir='ltr'>Ζήνων</span> 
     </span>
     <span class='ocr_line' id='line_1_93' title="bbox 1241 1351 2304 1398; baseline -0.001 -13"><span class='ocrx_word' id='word_1_897' title='bbox 1241 1353 1276 1385; x_wconf 83' lang='grc' dir='ltr'>ἐκ.</span> <span class='ocrx_word' id='word_1_898' title='bbox 1300 1355 1362 1398; x_wconf 34' lang='grc' dir='ltr'>,τοῦ</span> <span class='ocrx_word' id='word_1_899' title='bbox 1380 1353 1508 1396; x_wconf 82' lang='grc' dir='ltr'>συνεχές</span> <span class='ocrx_word' id='word_1_900' title='bbox 1527 1364 1561 1385; x_wconf 84' lang='grc' dir='ltr'>τε</span> <span class='ocrx_word' id='word_1_901' title='bbox 1578 1353 1658 1385; x_wconf 88' lang='grc' dir='ltr'>εἶναι</span> <span class='ocrx_word' id='word_1_902' title='bbox 1674 1353 1728 1385; x_wconf 84' lang='grc' dir='ltr'>καὶ</span> <span class='ocrx_word' id='word_1_903' title='bbox 1745 1351 1916 1391; x_wconf 84' lang='grc' dir='ltr'>ἀδιαίρετον</span> <span class='ocrx_word' id='word_1_904' title='bbox 1935 1352 1966 1384; x_wconf 85' lang='grc' dir='ltr'>ἓν</span> <span class='ocrx_word' id='word_1_905' title='bbox 1990 1352 2070 1385; x_wconf 86' lang='grc' dir='ltr'>εἶναι</span> <span class='ocrx_word' id='word_1_906' title='bbox 2093 1352 2128 1384; x_wconf 89' lang='grc' dir='ltr'>τὸ</span> <span class='ocrx_word' id='word_1_907' title='bbox 2153 1351 2188 1385; x_wconf 79' lang='grc' dir='ltr'>ὃν</span> <span class='ocrx_word' id='word_1_908' title='bbox 2209 1363 2304 1384; x_wconf 86' lang='grc' dir='ltr'>κατε-</span> 
     </span>
     <span class='ocr_line' id='line_1_94' title="bbox 1239 1399 2305 1446; baseline -0.003 -12"><span class='ocrx_word' id='word_1_909' title='bbox 1239 1401 1382 1441; x_wconf 82' lang='grc' dir='ltr'>σκεύαζε,</span> <span class='ocrx_word' id='word_1_910' title='bbox 1397 1402 1496 1442; x_wconf 82' lang='grc' dir='ltr'>λέγων</span> <span class='ocrx_word' id='word_1_911' title='bbox 1511 1403 1553 1439; x_wconf 87' lang='grc' dir='ltr'>ὡς</span> <span class='ocrx_word' id='word_1_912' title='bbox 1567 1401 1594 1433; x_wconf 81' lang='grc' dir='ltr'>εἷ</span> <span class='ocrx_word' id='word_1_913' title='bbox 1608 1401 1781 1443; x_wconf 85' lang='grc' dir='ltr'>διαιρεῖται,</span> <span class='ocrx_word' id='word_1_914' title='bbox 1799 1400 1870 1433; x_wconf 75' lang='grc' dir='ltr'>οὐδὲ</span> <span class='ocrx_word' id='word_1_915' title='bbox 1888 1400 1976 1433; x_wconf 82' lang='grc' dir='ltr'>ἔσται</span> <span class='ocrx_word' id='word_1_916' title='bbox 1994 1400 2130 1443; x_wconf 81' lang='grc' dir='ltr'>ἀκριὸῶς</span> <span class='ocrx_word' id='word_1_917' title='bbox 2143 1399 2175 1433; x_wconf 88' lang='grc' dir='ltr'>ἓν</span> <span class='ocrx_word' id='word_1_918' title='bbox 2185 1400 2237 1433; x_wconf 86' lang='grc' dir='ltr'>διὰ</span> <span class='ocrx_word' id='word_1_919' title='bbox 2250 1400 2305 1446; x_wconf 75' lang='grc' dir='ltr'>τὴν</span> 
     </span>
     <span class='ocr_line' id='line_1_95' title="bbox 1240 1447 2305 1491; baseline -0.003 -9"><span class='ocrx_word' id='word_1_920' title='bbox 1240 1448 1288 1481; x_wconf 82' lang='grc' dir='ltr'>ἐπ’</span> <span class='ocrx_word' id='word_1_921' title='bbox 1303 1449 1428 1491; x_wconf 81' lang='grc' dir='ltr'>ἄπειρον</span> <span class='ocrx_word' id='word_1_922' title='bbox 1442 1449 1540 1491; x_wconf 76' lang='grc' dir='ltr'>τομὴν</span> <span class='ocrx_word' id='word_1_923' title='bbox 1557 1450 1619 1480; x_wconf 84' lang='grc' dir='ltr'>τῶν</span> <span class='ocrx_word' id='word_1_924' title='bbox 1638 1447 1807 1489; x_wconf 83' lang='grc' dir='ltr'>σωμάτων.</span> <span class='ocrx_word' id='word_1_925' title='bbox 1828 1448 1982 1481; x_wconf 79' lang='lat' dir='ltr'>Similiter</span> <span class='ocrx_word' id='word_1_926' title='bbox 1995 1447 2140 1488; x_wconf 77' lang='lat' dir='ltr'>Simplic.</span> <span class='ocrx_word' id='word_1_927' title='bbox 2156 1447 2190 1480; x_wconf 85' lang='lat' dir='ltr'>in</span> <span class='ocrx_word' id='word_1_928' title='bbox 2205 1447 2305 1480; x_wconf 77' lang='lat' dir='ltr'>Arist.</span> 
     </span>
     <span class='ocr_line' id='line_1_96' title="bbox 1243 1495 2307 1538; baseline -0.002 -9"><span class='ocrx_word' id='word_1_929' title='bbox 1243 1497 1339 1538; x_wconf 80' lang='lat' dir='ltr'>Phys.</span> <span class='ocrx_word' id='word_1_930' title='bbox 1362 1498 1383 1530; x_wconf 83' lang='lat' dir='ltr'>f.</span> <span class='ocrx_word' id='word_1_931' title='bbox 1404 1500 1444 1530; x_wconf 86' lang='lat'>30</span> <span class='ocrx_word' id='word_1_932' title='bbox 1462 1509 1471 1529; x_wconf 71' lang='grc' dir='ltr'>ι</span> <span class='ocrx_word' id='word_1_933' title='bbox 1490 1496 1575 1529; x_wconf 85' lang='grc' dir='ltr'>καὶὸ</span> <span class='ocrx_word' id='word_1_934' title='bbox 1588 1495 1755 1537; x_wconf 80' lang='grc' dir='ltr'>Θεμίστιος</span> <span class='ocrx_word' id='word_1_935' title='bbox 1776 1496 1810 1529; x_wconf 83' lang='grc' dir='ltr'>δὲ</span> <span class='ocrx_word' id='word_1_936' title='bbox 1826 1496 1880 1529; x_wconf 87' lang='grc' dir='ltr'>τὸν</span> <span class='ocrx_word' id='word_1_937' title='bbox 1893 1495 2035 1534; x_wconf 81' lang='grc' dir='ltr'>Ζήνωνος</span> <span class='ocrx_word' id='word_1_938' title='bbox 2058 1496 2150 1536; x_wconf 88' lang='grc' dir='ltr'>λόγον</span> <span class='ocrx_word' id='word_1_939' title='bbox 2170 1495 2202 1528; x_wconf 86' lang='grc' dir='ltr'>ἓν</span> <span class='ocrx_word' id='word_1_940' title='bbox 2227 1496 2307 1528; x_wconf 86' lang='grc' dir='ltr'>εἶναι</span> 
     </span>
     <span class='ocr_line' id='line_1_97' title="bbox 1239 1543 2307 1586; baseline -0.001 -9"><span class='ocrx_word' id='word_1_941' title='bbox 1239 1546 1275 1577; x_wconf 87' lang='grc' dir='ltr'>τὸ</span> <span class='ocrx_word' id='word_1_942' title='bbox 1298 1545 1333 1577; x_wconf 86' lang='grc' dir='ltr'>ὃν</span> <span class='ocrx_word' id='word_1_943' title='bbox 1366 1544 1611 1583; x_wconf 84' lang='grc' dir='ltr'>κατασκευάζειν</span> <span class='ocrx_word' id='word_1_944' title='bbox 1635 1544 1726 1586; x_wconf 86' lang='grc' dir='ltr'>φησὶν</span> <span class='ocrx_word' id='word_1_945' title='bbox 1752 1543 1788 1576; x_wconf 87' lang='grc' dir='ltr'>ἐκ</span> <span class='ocrx_word' id='word_1_946' title='bbox 1805 1546 1861 1576; x_wconf 88' lang='grc' dir='ltr'>τοῦ</span> <span class='ocrx_word' id='word_1_947' title='bbox 1893 1544 2021 1586; x_wconf 83' lang='grc' dir='ltr'>συνεχὲς</span> <span class='ocrx_word' id='word_1_948' title='bbox 2044 1544 2121 1577; x_wconf 85' lang='grc' dir='ltr'>αὐτὸ</span> <span class='ocrx_word' id='word_1_949' title='bbox 2151 1544 2231 1577; x_wconf 85' lang='grc' dir='ltr'>εἶναι</span> <span class='ocrx_word' id='word_1_950' title='bbox 2252 1545 2307 1576; x_wconf 86' lang='grc' dir='ltr'>καὶ</span> 
     </span>
     <span class='ocr_line' id='line_1_98' title="bbox 1241 1592 2308 1635; baseline 0 -11"><span class='ocrx_word' id='word_1_951' title='bbox 1241 1593 1427 1634; x_wconf 73' lang='grc' dir='ltr'>ἀδιαίρετον·</span> <span class='ocrx_word' id='word_1_952' title='bbox 1451 1594 1479 1625; x_wconf 81' lang='grc' dir='ltr'>εἰ</span> <span class='ocrx_word' id='word_1_953' title='bbox 1500 1593 1560 1635; x_wconf 78' lang='grc' dir='ltr'>γὰρ</span> <span class='ocrx_word' id='word_1_954' title='bbox 1585 1593 1753 1634; x_wconf 79' lang='grc' dir='ltr'>διαιροῖτο,</span> <span class='ocrx_word' id='word_1_955' title='bbox 1769 1593 1876 1635; x_wconf 76' lang='grc' dir='ltr'>φησίν,</span> <span class='ocrx_word' id='word_1_956' title='bbox 1898 1592 1987 1625; x_wconf 77' lang='grc' dir='ltr'>οὐδὲν</span> <span class='ocrx_word' id='word_1_957' title='bbox 2011 1592 2099 1626; x_wconf 83' lang='grc' dir='ltr'>ἔσται</span> <span class='ocrx_word' id='word_1_958' title='bbox 2119 1592 2256 1635; x_wconf 79' lang='grc' dir='ltr'>ἀκριὸῶς</span> <span class='ocrx_word' id='word_1_959' title='bbox 2276 1592 2308 1624; x_wconf 88' lang='grc' dir='ltr'>ἓν</span> 
     </span>
     <span class='ocr_line' id='line_1_99' title="bbox 1241 1640 2309 1683; baseline 0 -11"><span class='ocrx_word' id='word_1_960' title='bbox 1241 1641 1292 1672; x_wconf 78' lang='grc' dir='ltr'>διὰ</span> <span class='ocrx_word' id='word_1_961' title='bbox 1303 1642 1356 1680; x_wconf 81' lang='grc' dir='ltr'>τὴν</span> <span class='ocrx_word' id='word_1_962' title='bbox 1367 1640 1416 1673; x_wconf 85' lang='grc' dir='ltr'>ἐπ’</span> <span class='ocrx_word' id='word_1_963' title='bbox 1428 1640 1554 1683; x_wconf 80' lang='grc' dir='ltr'>ἄπειρον</span> <span class='ocrx_word' id='word_1_964' title='bbox 1566 1641 1665 1680; x_wconf 79' lang='grc' dir='ltr'>τομὴν</span> <span class='ocrx_word' id='word_1_965' title='bbox 1679 1642 1741 1672; x_wconf 85' lang='grc' dir='ltr'>τῶν</span> <span class='ocrx_word' id='word_1_966' title='bbox 1756 1640 1926 1681; x_wconf 83' lang='grc' dir='ltr'>σωμάτων.</span> <span class='ocrx_word' id='word_1_967' title='bbox 1935 1641 1979 1673; x_wconf 79' lang='lat' dir='ltr'>Ut</span> <span class='ocrx_word' id='word_1_968' title='bbox 1991 1649 2122 1672; x_wconf 83' lang='lat' dir='ltr'>sensum</span> <span class='ocrx_word' id='word_1_969' title='bbox 2135 1640 2309 1672; x_wconf 81' lang='lat' dir='ltr'>verborum</span> 
     </span>
     <span class='ocr_line' id='line_1_100' title="bbox 1242 1686 2309 1728; baseline 0 -8"><span class='ocrx_word' id='word_1_970' title='bbox 1242 1689 1413 1721; x_wconf 89' lang='lat' dir='ltr'>assecutus</span> <span class='ocrx_word' id='word_1_971' title='bbox 1441 1690 1489 1721; x_wconf 85' lang='lat' dir='ltr'>est</span> <span class='ocrx_word' id='word_1_972' title='bbox 1517 1687 1693 1728; x_wconf 81' lang='lat' dir='ltr'>Bergkius,</span> <span class='ocrx_word' id='word_1_973' title='bbox 1714 1686 1759 1719; x_wconf 88' lang='lat' dir='ltr'>ita</span> <span class='ocrx_word' id='word_1_974' title='bbox 1788 1687 1895 1720; x_wconf 89' lang='lat' dir='ltr'>locum</span> <span class='ocrx_word' id='word_1_975' title='bbox 1919 1696 1983 1719; x_wconf 91' lang='lat' dir='ltr'>non</span> <span class='ocrx_word' id='word_1_976' title='bbox 2010 1687 2054 1720; x_wconf 87' lang='lat' dir='ltr'>ita</span> <span class='ocrx_word' id='word_1_977' title='bbox 2070 1688 2255 1728; x_wconf 86' lang='lat' dir='ltr'>constituit,</span> <span class='ocrx_word' id='word_1_978' title='bbox 2274 1689 2309 1721; x_wconf 88' lang='lat' dir='ltr'>ut</span> 
     </span>
     <span class='ocr_line' id='line_1_101' title="bbox 1242 1733 2310 1776; baseline 0.001 -8"><span class='ocrx_word' id='word_1_979' title='bbox 1242 1736 1320 1769; x_wconf 81' lang='lat' dir='ltr'>nihil</span> <span class='ocrx_word' id='word_1_980' title='bbox 1332 1733 1469 1768; x_wconf 84' lang='lat' dir='ltr'>desit-ad</span> <span class='ocrx_word' id='word_1_981' title='bbox 1482 1735 1651 1768; x_wconf 88' lang='lat' dir='ltr'>sententiae</span> <span class='ocrx_word' id='word_1_982' title='bbox 1666 1735 1892 1776; x_wconf 86' lang='lat' dir='ltr'>integritatem.</span> <span class='ocrx_word' id='word_1_983' title='bbox 1910 1734 2087 1776; x_wconf 74' lang='lat' dir='ltr'>flagitatur</span> <span class='ocrx_word' id='word_1_984' title='bbox 2097 1735 2182 1768; x_wconf 85' lang='lat' dir='ltr'>enirn</span> <span class='ocrx_word' id='word_1_985' title='bbox 2196 1737 2310 1769; x_wconf 89' lang='lat' dir='ltr'>vocula</span> 
     </span>
     <span class='ocr_line' id='line_1_102' title="bbox 1243 1782 2308 1826; baseline 0 -9"><span class='ocrx_word' id='word_1_986' title='bbox 1243 1793 1308 1826; x_wconf 87' lang='lat' dir='ltr'>qua</span> <span class='ocrx_word' id='word_1_987' title='bbox 1335 1783 1543 1824; x_wconf 86' lang='lat' dir='ltr'>Xenophanis</span> <span class='ocrx_word' id='word_1_988' title='bbox 1570 1783 1736 1816; x_wconf 86' lang='lat' dir='ltr'>decretum</span> <span class='ocrx_word' id='word_1_989' title='bbox 1765 1782 1902 1816; x_wconf 88' lang='lat' dir='ltr'>Zenonis</span> <span class='ocrx_word' id='word_1_990' title='bbox 1935 1783 2079 1824; x_wconf 81' lang='lat' dir='ltr'>dogmati</span> <span class='ocrx_word' id='word_1_991' title='bbox 2113 1786 2308 1825; x_wconf 89' lang='lat' dir='ltr'>opponatur.</span> 
     </span>
     <span class='ocr_line' id='line_1_103' title="bbox 1242 1830 2310 1873; baseline 0.001 -9"><span class='ocrx_word' id='word_1_992' title='bbox 1242 1834 1354 1873; x_wconf 89' lang='lat' dir='ltr'>ltaque</span> <span class='ocrx_word' id='word_1_993' title='bbox 1373 1831 1453 1864; x_wconf 86' lang='grc' dir='ltr'>ἀλλὰ</span> <span class='ocrx_word' id='word_1_994' title='bbox 1470 1830 1677 1864; x_wconf 81' lang='lat' dir='ltr'>inserendum</span> <span class='ocrx_word' id='word_1_995' title='bbox 1695 1831 1779 1863; x_wconf 87' lang='lat' dir='ltr'>inter</span> <span class='ocrx_word' id='word_1_996' title='bbox 1803 1831 1910 1869; x_wconf 81' lang='grc' dir='ltr'>Ζήνων</span> <span class='ocrx_word' id='word_1_997' title='bbox 1927 1832 1960 1864; x_wconf 86' lang='lat' dir='ltr'>et</span> <span class='ocrx_word' id='word_1_998' title='bbox 1984 1831 2097 1864; x_wconf 84' lang='grc' dir='ltr'>πολλὰ.</span> <span class='ocrx_word' id='word_1_999' title='bbox 2119 1833 2205 1865; x_wconf 87' lang='lat' dir='ltr'>Tum</span> <span class='ocrx_word' id='word_1_1000' title='bbox 2234 1841 2310 1865; x_wconf 88' lang='lat' dir='ltr'>vero</span> 
     </span>
     <span class='ocr_line' id='line_1_104' title="bbox 1243 1878 2311 1920; baseline 0 -8"><span class='ocrx_word' id='word_1_1001' title='bbox 1243 1880 1275 1912; x_wconf 88' lang='lat' dir='ltr'>in</span> <span class='ocrx_word' id='word_1_1002' title='bbox 1297 1879 1402 1912; x_wconf 84' lang='lat' dir='ltr'>verbis</span> <span class='ocrx_word' id='word_1_1003' title='bbox 1421 1879 1459 1912; x_wconf 83' lang='grc' dir='ltr'>οὐ</span> <span class='ocrx_word' id='word_1_1004' title='bbox 1481 1878 1540 1920; x_wconf 84' lang='grc' dir='ltr'>γὰρ</span> <span class='ocrx_word' id='word_1_1005' title='bbox 1559 1880 1597 1918; x_wconf 83' lang='grc' dir='ltr'>δὴ</span> <span class='ocrx_word' id='word_1_1006' title='bbox 1618 1879 1654 1911; x_wconf 89' lang='grc' dir='ltr'>τὸ</span> <span class='ocrx_word' id='word_1_1007' title='bbox 1676 1881 1816 1911; x_wconf 75' lang='grc' dir='ltr'>τοιοῦτον</span> <span class='ocrx_word' id='word_1_1008' title='bbox 1843 1879 1888 1919; x_wconf 82' lang='grc' dir='ltr'>ἔν,</span> <span class='ocrx_word' id='word_1_1009' title='bbox 1913 1879 2020 1920; x_wconf 85' lang='grc' dir='ltr'>ὥσπερ</span> <span class='ocrx_word' id='word_1_1010' title='bbox 2046 1880 2063 1911; x_wconf 85' lang='grc' dir='ltr'>ὁ</span> <span class='ocrx_word' id='word_1_1011' title='bbox 2088 1879 2209 1920; x_wconf 89' lang='grc' dir='ltr'>Ζήνων,</span> <span class='ocrx_word' id='word_1_1012' title='bbox 2232 1880 2311 1912; x_wconf 78' lang='grc' dir='ltr'>ἀλλὰ</span> 
     </span>
     <span class='ocr_line' id='line_1_105' title="bbox 1242 1921 2310 1968; baseline 0 -9"><span class='ocrx_word' id='word_1_1013' title='bbox 1242 1926 1343 1959; x_wconf 78' lang='grc' dir='ltr'>πολλὰ</span> <span class='ocrx_word' id='word_1_1014' title='bbox 1359 1925 1438 1959; x_wconf 86' lang='grc' dir='ltr'>εἷναί</span> <span class='ocrx_word' id='word_1_1015' title='bbox 1454 1937 1546 1967; x_wconf 82' lang='grc' dir='ltr'>φησιν</span> <span class='ocrx_word' id='word_1_1016' title='bbox 1560 1925 1768 1957; x_wconf 77' lang='lat' dir='ltr'>manifestum</span> <span class='ocrx_word' id='word_1_1017' title='bbox 1784 1925 1819 1958; x_wconf 89' lang='grc' dir='ltr'>τὸ</span> <span class='ocrx_word' id='word_1_1018' title='bbox 1833 1928 1975 1958; x_wconf 82' lang='grc' dir='ltr'>τοιοῦτον</span> <span class='ocrx_word' id='word_1_1019' title='bbox 1987 1921 2052 1958; x_wconf 77' lang='lat' dir='ltr'>dici</span> <span class='ocrx_word' id='word_1_1020' title='bbox 2063 1926 2103 1959; x_wconf 85' lang='lat' dir='ltr'>de</span> <span class='ocrx_word' id='word_1_1021' title='bbox 2116 1926 2177 1959; x_wconf 91' lang='lat' dir='ltr'>deo</span> <span class='ocrx_word' id='word_1_1022' title='bbox 2186 1951 2196 1967; x_wconf 92' lang='lat'>,</span> <span class='ocrx_word' id='word_1_1023' title='bbox 2212 1936 2310 1968; x_wconf 81' lang='lat' dir='ltr'>quem</span> 
     </span>
     <span class='ocr_line' id='line_1_106' title="bbox 1243 1972 2311 2015; baseline -0.001 -9"><span class='ocrx_word' id='word_1_1024' title='bbox 1243 1974 1460 2015; x_wconf 79' lang='lat' dir='ltr'>Xenophanes</span> <span class='ocrx_word' id='word_1_1025' title='bbox 1488 1982 1552 2005; x_wconf 94' lang='lat' dir='ltr'>non</span> <span class='ocrx_word' id='word_1_1026' title='bbox 1580 1981 1703 2012; x_wconf 90' lang='lat' dir='ltr'>unum,</span> <span class='ocrx_word' id='word_1_1027' title='bbox 1721 1973 1758 2005; x_wconf 88' lang='lat' dir='ltr'>ut</span> <span class='ocrx_word' id='word_1_1028' title='bbox 1782 1973 1885 2013; x_wconf 81' lang='lat' dir='ltr'>Zeno,</span> <span class='ocrx_word' id='word_1_1029' title='bbox 1905 1972 1960 2004; x_wconf 90' lang='lat' dir='ltr'>sed</span> <span class='ocrx_word' id='word_1_1030' title='bbox 1986 1973 2119 2014; x_wconf 89' lang='lat' dir='ltr'>propter</span> <span class='ocrx_word' id='word_1_1031' title='bbox 2139 1976 2245 2014; x_wconf 86' lang='lat' dir='ltr'>partes</span> <span class='ocrx_word' id='word_1_1032' title='bbox 2276 1973 2311 2004; x_wconf 89' lang='lat' dir='ltr'>in</span> 
     </span>
     <span class='ocr_line' id='line_1_107' title="bbox 1243 2020 2312 2063; baseline -0.003 -9"><span class='ocrx_word' id='word_1_1033' title='bbox 1243 2030 1397 2063; x_wconf 90' lang='lat' dir='ltr'>corporea</span> <span class='ocrx_word' id='word_1_1034' title='bbox 1423 2021 1538 2053; x_wconf 89' lang='lat' dir='ltr'>natura</span> <span class='ocrx_word' id='word_1_1035' title='bbox 1563 2020 1760 2052; x_wconf 87' lang='lat' dir='ltr'>necessarias</span> <span class='ocrx_word' id='word_1_1036' title='bbox 1785 2020 1998 2061; x_wconf 84' lang='lat' dir='ltr'>multiplicem</span> <span class='ocrx_word' id='word_1_1037' title='bbox 2022 2029 2093 2053; x_wconf 88' lang='lat' dir='ltr'>esse</span> <span class='ocrx_word' id='word_1_1038' title='bbox 2121 2022 2179 2052; x_wconf 86' lang='lat' dir='ltr'>ait.</span> <span class='ocrx_word' id='word_1_1039' title='bbox 2210 2023 2247 2053; x_wconf 92' lang='lat' dir='ltr'>In</span> <span class='ocrx_word' id='word_1_1040' title='bbox 2263 2029 2312 2052; x_wconf 89' lang='lat' dir='ltr'>se-</span> 
     </span>
     <span class='ocr_line' id='line_1_108' title="bbox 1245 2066 2310 2110; baseline -0.002 -10"><span class='ocrx_word' id='word_1_1041' title='bbox 1245 2068 1420 2110; x_wconf 86' lang='lat' dir='ltr'>quentibus</span> <span class='ocrx_word' id='word_1_1042' title='bbox 1433 2070 1519 2100; x_wconf 89' lang='lat' dir='ltr'>recte</span> <span class='ocrx_word' id='word_1_1043' title='bbox 1536 2066 1644 2108; x_wconf 88' lang='lat' dir='ltr'>posuit</span> <span class='ocrx_word' id='word_1_1044' title='bbox 1665 2066 1816 2108; x_wconf 82' lang='lat' dir='ltr'>Bergkius</span> <span class='ocrx_word' id='word_1_1045' title='bbox 1833 2066 1941 2106; x_wconf 82' lang='grc' dir='ltr'>οὗτος,</span> <span class='ocrx_word' id='word_1_1046' title='bbox 1959 2075 2018 2108; x_wconf 92' lang='lat' dir='ltr'>pro</span> <span class='ocrx_word' id='word_1_1047' title='bbox 2047 2066 2178 2108; x_wconf 79' lang='lat' dir='ltr'>vulgato</span> <span class='ocrx_word' id='word_1_1048' title='bbox 2197 2066 2310 2106; x_wconf 81' lang='grc' dir='ltr'>αὐτός,</span> 
     </span>
     <span class='ocr_line' id='line_1_109' title="bbox 1245 2113 2312 2157; baseline -0.002 -10"><span class='ocrx_word' id='word_1_1049' title='bbox 1245 2125 1345 2157; x_wconf 87' lang='lat' dir='ltr'>quum</span> <span class='ocrx_word' id='word_1_1050' title='bbox 1367 2115 1406 2148; x_wconf 90' lang='lat' dir='ltr'>de</span> <span class='ocrx_word' id='word_1_1051' title='bbox 1426 2115 1626 2156; x_wconf 82' lang='lat' dir='ltr'>Xenophane</span> <span class='ocrx_word' id='word_1_1052' title='bbox 1656 2118 1782 2155; x_wconf 83' lang='lat' dir='ltr'>agatur,</span> <span class='ocrx_word' id='word_1_1053' title='bbox 1805 2124 1901 2155; x_wconf 82' lang='lat' dir='ltr'>quem</span> <span class='ocrx_word' id='word_1_1054' title='bbox 1924 2114 2027 2147; x_wconf 86' lang='lat' dir='ltr'>altero</span> <span class='ocrx_word' id='word_1_1055' title='bbox 2047 2113 2103 2146; x_wconf 89' lang='lat' dir='ltr'>illo</span> <span class='ocrx_word' id='word_1_1056' title='bbox 2122 2114 2312 2155; x_wconf 82' lang='lat' dir='ltr'>pronomine</span> 
     </span>
     <span class='ocr_line' id='line_1_110' title="bbox 1245 2162 2312 2205; baseline -0.002 -10"><span class='ocrx_word' id='word_1_1057' title='bbox 1245 2163 1353 2196; x_wconf 90' lang='lat' dir='ltr'>minus</span> <span class='ocrx_word' id='word_1_1058' title='bbox 1370 2165 1443 2205; x_wconf 89' lang='lat' dir='ltr'>apte</span> <span class='ocrx_word' id='word_1_1059' title='bbox 1459 2163 1512 2195; x_wconf 71' lang='lat' dir='ltr'>liic</span> <span class='ocrx_word' id='word_1_1060' title='bbox 1529 2163 1696 2204; x_wconf 84' lang='lat' dir='ltr'>designare</span> <span class='ocrx_word' id='word_1_1061' title='bbox 1717 2164 1842 2204; x_wconf 87' lang='lat' dir='ltr'>poterat</span> <span class='ocrx_word' id='word_1_1062' title='bbox 1861 2162 2061 2196; x_wconf 80' lang='lat' dir='ltr'>Aristoteles.</span> <span class='ocrx_word' id='word_1_1063' title='bbox 2086 2163 2234 2203; x_wconf 90' lang='lat' dir='ltr'>Denique</span> <span class='ocrx_word' id='word_1_1064' title='bbox 2255 2172 2312 2203; x_wconf 74' lang='lat' dir='ltr'>pto</span> 
     </span>
     <span class='ocr_line' id='line_1_111' title="bbox 1245 2210 2310 2254; baseline -0.002 -10"><span class='ocrx_word' id='word_1_1065' title='bbox 1245 2211 1421 2254; x_wconf 82' lang='grc' dir='ltr'>ἐπιμόνως,</span> <span class='ocrx_word' id='word_1_1066' title='bbox 1441 2211 1515 2244; x_wconf 86' lang='grc' dir='ltr'>ὅταν</span> <span class='ocrx_word' id='word_1_1067' title='bbox 1536 2211 1680 2252; x_wconf 85' lang='lat' dir='ltr'>apposite</span> <span class='ocrx_word' id='word_1_1068' title='bbox 1697 2210 1786 2244; x_wconf 87' lang='lat' dir='ltr'>dedit</span> <span class='ocrx_word' id='word_1_1069' title='bbox 1806 2210 1959 2252; x_wconf 85' lang='lat' dir='ltr'>Bergkius</span> <span class='ocrx_word' id='word_1_1070' title='bbox 1982 2210 2049 2243; x_wconf 86' lang='grc' dir='ltr'>ἐπεὶ</span> <span class='ocrx_word' id='word_1_1071' title='bbox 2076 2210 2177 2252; x_wconf 77' lang='grc' dir='ltr'>μόνως</span> <span class='ocrx_word' id='word_1_1072' title='bbox 2203 2211 2232 2251; x_wconf 89' lang='grc' dir='ltr'>γ’</span> <span class='ocrx_word' id='word_1_1073' title='bbox 2259 2211 2310 2250; x_wconf 86' lang='grc' dir='ltr'>ἀν,</span> 
     </span>
     <span class='ocr_line' id='line_1_112' title="bbox 1246 2257 2310 2300; baseline -0.001 -9"><span class='ocrx_word' id='word_1_1074' title='bbox 1246 2259 1331 2300; x_wconf 88' lang='lat' dir='ltr'>quod</span> <span class='ocrx_word' id='word_1_1075' title='bbox 1356 2267 1456 2300; x_wconf 88' lang='lat' dir='ltr'>prope</span> <span class='ocrx_word' id='word_1_1076' title='bbox 1475 2258 1565 2290; x_wconf 88' lang='lat' dir='ltr'>abest</span> <span class='ocrx_word' id='word_1_1077' title='bbox 1583 2267 1602 2290; x_wconf 93' lang='lat' dir='ltr'>a</span> <span class='ocrx_word' id='word_1_1078' title='bbox 1620 2257 1691 2290; x_wconf 89' lang='lat' dir='ltr'>libri</span> <span class='ocrx_word' id='word_1_1079' title='bbox 1711 2257 1883 2300; x_wconf 83' lang='lat' dir='ltr'>Lipsiensis</span> <span class='ocrx_word' id='word_1_1080' title='bbox 1896 2258 2055 2299; x_wconf 87' lang='lat' dir='ltr'>scriptura</span> <span class='ocrx_word' id='word_1_1081' title='bbox 2069 2258 2136 2290; x_wconf 87' lang='grc' dir='ltr'>ἐπεὶ</span> <span class='ocrx_word' id='word_1_1082' title='bbox 2157 2257 2260 2300; x_wconf 84' lang='grc' dir='ltr'>μόνως</span> <span class='ocrx_word' id='word_1_1083' title='bbox 2282 2258 2310 2290; x_wconf 85' lang='grc' dir='ltr'>τ’</span> 
     </span>
     <span class='ocr_line' id='line_1_113' title="bbox 1245 2305 2311 2346; baseline -0.001 -7"><span class='ocrx_word' id='word_1_1084' title='bbox 1245 2307 1294 2339; x_wconf 81' lang='grc' dir='ltr'>ἄν.</span> <span class='ocrx_word' id='word_1_1085' title='bbox 1310 2306 1372 2339; x_wconf 87' lang='lat' dir='ltr'>Sed</span> <span class='ocrx_word' id='word_1_1086' title='bbox 1393 2306 1519 2338; x_wconf 88' lang='lat' dir='ltr'>etiamsi</span> <span class='ocrx_word' id='word_1_1087' title='bbox 1541 2306 1609 2346; x_wconf 89' lang='lat' dir='ltr'>ipsa</span> <span class='ocrx_word' id='word_1_1088' title='bbox 1630 2305 1728 2338; x_wconf 79' lang='lat' dir='ltr'>verba</span> <span class='ocrx_word' id='word_1_1089' title='bbox 1745 2307 1830 2339; x_wconf 89' lang='lat' dir='ltr'>recte</span> <span class='ocrx_word' id='word_1_1090' title='bbox 1844 2305 1964 2338; x_wconf 83' lang='lat' dir='ltr'>suerint</span> <span class='ocrx_word' id='word_1_1091' title='bbox 1981 2306 2128 2338; x_wconf 88' lang='lat' dir='ltr'>restituta</span> <span class='ocrx_word' id='word_1_1092' title='bbox 2141 2330 2150 2345; x_wconf 93' lang='lat'>,</span> <span class='ocrx_word' id='word_1_1093' title='bbox 2173 2315 2239 2337; x_wconf 90' lang='lat' dir='ltr'>non</span> <span class='ocrx_word' id='word_1_1094' title='bbox 2259 2307 2311 2338; x_wconf 91' lang='lat' dir='ltr'>ta-</span> 
     </span>
     <span class='ocr_line' id='line_1_114' title="bbox 1246 2352 2312 2394; baseline 0 -9"><span class='ocrx_word' id='word_1_1095' title='bbox 1246 2363 1321 2386; x_wconf 88' lang='lat' dir='ltr'>men</span> <span class='ocrx_word' id='word_1_1096' title='bbox 1349 2352 1564 2385; x_wconf 86' lang='lat' dir='ltr'>concludendi</span> <span class='ocrx_word' id='word_1_1097' title='bbox 1602 2353 1761 2385; x_wconf 89' lang='lat' dir='ltr'>rationem</span> <span class='ocrx_word' id='word_1_1098' title='bbox 1787 2352 1864 2385; x_wconf 88' lang='lat' dir='ltr'>satis</span> <span class='ocrx_word' id='word_1_1099' title='bbox 1879 2352 1965 2385; x_wconf 91' lang='lat' dir='ltr'>recte</span> <span class='ocrx_word' id='word_1_1100' title='bbox 1997 2352 2171 2394; x_wconf 84' lang='lat' dir='ltr'>procedere</span> <span class='ocrx_word' id='word_1_1101' title='bbox 2201 2354 2312 2385; x_wconf 78' lang='lat' dir='ltr'>censet</span> 
     </span>
     <span class='ocr_line' id='line_1_115' title="bbox 1247 2399 2311 2441; baseline 0 -8"><span class='ocrx_word' id='word_1_1102' title='bbox 1247 2401 1413 2441; x_wconf 69' lang='lat' dir='ltr'>Bergkius,</span> <span class='ocrx_word' id='word_1_1103' title='bbox 1430 2400 1568 2441; x_wconf 88' lang='lat' dir='ltr'>ideoque</span> <span class='ocrx_word' id='word_1_1104' title='bbox 1583 2399 1609 2432; x_wconf 90' lang='lat' dir='ltr'>si</span> <span class='ocrx_word' id='word_1_1105' title='bbox 1628 2399 1701 2440; x_wconf 90' lang='lat' dir='ltr'>quis</span> <span class='ocrx_word' id='word_1_1106' title='bbox 1721 2409 1791 2432; x_wconf 84' lang='lat' dir='ltr'>eam</span> <span class='ocrx_word' id='word_1_1107' title='bbox 1810 2399 1939 2440; x_wconf 88' lang='lat' dir='ltr'>culpam</span> <span class='ocrx_word' id='word_1_1108' title='bbox 1960 2400 1991 2432; x_wconf 90' lang='lat' dir='ltr'>in</span> <span class='ocrx_word' id='word_1_1109' title='bbox 2006 2401 2196 2441; x_wconf 88' lang='lat' dir='ltr'>scriptorem</span> <span class='ocrx_word' id='word_1_1110' title='bbox 2214 2400 2311 2441; x_wconf 72' lang='lat' dir='ltr'>liujus</span> 
     </span>
     <span class='ocr_line' id='line_1_116' title="bbox 1245 2447 2309 2491; baseline -0.001 -10"><span class='ocrx_word' id='word_1_1111' title='bbox 1245 2449 1343 2481; x_wconf 90' lang='lat' dir='ltr'>libelli</span> <span class='ocrx_word' id='word_1_1112' title='bbox 1373 2447 1546 2491; x_wconf 80' lang='lat' dir='ltr'>transferre</span> <span class='ocrx_word' id='word_1_1113' title='bbox 1573 2447 1676 2487; x_wconf 87' lang='lat' dir='ltr'>nolit,</span> <span class='ocrx_word' id='word_1_1114' title='bbox 1696 2447 1767 2479; x_wconf 86' lang='lat' dir='ltr'>haec</span> <span class='ocrx_word' id='word_1_1115' title='bbox 1786 2447 1831 2480; x_wconf 88' lang='lat' dir='ltr'>ita</span> <span class='ocrx_word' id='word_1_1116' title='bbox 1850 2456 1920 2480; x_wconf 90' lang='lat' dir='ltr'>esse</span> <span class='ocrx_word' id='word_1_1117' title='bbox 1940 2448 2177 2488; x_wconf 88' lang='lat' dir='ltr'>transponenda</span> <span class='ocrx_word' id='word_1_1118' title='bbox 2196 2449 2309 2481; x_wconf 84' lang='lat' dir='ltr'>existi-</span> 
     </span>
     <span class='ocr_line' id='line_1_117' title="bbox 1245 2494 2312 2538; baseline -0.001 -9"><span class='ocrx_word' id='word_1_1119' title='bbox 1245 2498 1313 2529; x_wconf 83' lang='lat' dir='ltr'>mat</span> <span class='ocrx_word' id='word_1_1120' title='bbox 1327 2510 1334 2529; x_wconf 91' lang='lat'><strong>:</strong></span> <span class='ocrx_word' id='word_1_1121' title='bbox 1350 2496 1519 2538; x_wconf 85' lang='grc' dir='ltr'>ἀσώματος</span> <span class='ocrx_word' id='word_1_1122' title='bbox 1531 2494 1590 2537; x_wconf 86' lang='grc' dir='ltr'>γὰρ</span> <span class='ocrx_word' id='word_1_1123' title='bbox 1608 2494 1661 2532; x_wconf 78' lang='grc' dir='ltr'>ὤν,</span> <span class='ocrx_word' id='word_1_1124' title='bbox 1675 2498 1742 2532; x_wconf 88' lang='grc' dir='ltr'>πῶς</span> <span class='ocrx_word' id='word_1_1125' title='bbox 1754 2495 1791 2527; x_wconf 87' lang='grc' dir='ltr'>ἂν</span> <span class='ocrx_word' id='word_1_1126' title='bbox 1806 2496 2000 2537; x_wconf 80' lang='grc' dir='ltr'>σφαιροειδὴς</span> <span class='ocrx_word' id='word_1_1127' title='bbox 2013 2495 2062 2534; x_wconf 76' lang='grc' dir='ltr'>εἴη</span> <span class='ocrx_word' id='word_1_1128' title='bbox 2072 2507 2081 2536; x_wconf 87' lang='grc'><strong>;</strong></span> <span class='ocrx_word' id='word_1_1129' title='bbox 2090 2496 2156 2528; x_wconf 87' lang='grc' dir='ltr'>ἐπεὶ</span> <span class='ocrx_word' id='word_1_1130' title='bbox 2169 2496 2203 2528; x_wconf 83' lang='grc' dir='ltr'>δὲ</span> <span class='ocrx_word' id='word_1_1131' title='bbox 2216 2495 2312 2538; x_wconf 83' lang='grc' dir='ltr'>σῶμά</span> 
     </span>
     <span class='ocr_line' id='line_1_118' title="bbox 1245 2543 2310 2586; baseline -0.001 -9"><span class='ocrx_word' id='word_1_1132' title='bbox 1245 2545 1310 2577; x_wconf 87' lang='grc' dir='ltr'>ἐστι</span> <span class='ocrx_word' id='word_1_1133' title='bbox 1321 2569 1328 2583; x_wconf 91' lang='grc'>,</span> <span class='ocrx_word' id='word_1_1134' title='bbox 1343 2543 1372 2576; x_wconf 86' lang='grc' dir='ltr'>τί</span> <span class='ocrx_word' id='word_1_1135' title='bbox 1386 2544 1422 2576; x_wconf 87' lang='grc' dir='ltr'>ἂν</span> <span class='ocrx_word' id='word_1_1136' title='bbox 1439 2543 1532 2576; x_wconf 80' lang='grc' dir='ltr'>αὐτὸν</span> <span class='ocrx_word' id='word_1_1137' title='bbox 1545 2543 1661 2576; x_wconf 87' lang='grc' dir='ltr'>κωλύοι</span> <span class='ocrx_word' id='word_1_1138' title='bbox 1677 2543 1829 2575; x_wconf 84' lang='grc' dir='ltr'>κινεῖσθαι</span> <span class='ocrx_word' id='word_1_1139' title='bbox 1841 2569 1849 2583; x_wconf 84' lang='grc'>,</span> <span class='ocrx_word' id='word_1_1140' title='bbox 1870 2545 1911 2580; x_wconf 89' lang='grc' dir='ltr'>ὡς</span> <span class='ocrx_word' id='word_1_1141' title='bbox 1926 2544 2035 2586; x_wconf 84' lang='grc' dir='ltr'>ἐλέχθη</span> <span class='ocrx_word' id='word_1_1142' title='bbox 2049 2555 2056 2562; x_wconf 91' lang='grc'><em>·</em></span> <span class='ocrx_word' id='word_1_1143' title='bbox 2076 2544 2141 2576; x_wconf 84' lang='grc' dir='ltr'>ἐπεὶ</span> <span class='ocrx_word' id='word_1_1144' title='bbox 2158 2544 2260 2586; x_wconf 82' lang='grc' dir='ltr'>μόνως</span> <span class='ocrx_word' id='word_1_1145' title='bbox 2280 2545 2310 2585; x_wconf 84' lang='grc' dir='ltr'>γ’</span> 
     </span>
     <span class='ocr_line' id='line_1_119' title="bbox 1245 2590 2313 2633; baseline 0.001 -8"><span class='ocrx_word' id='word_1_1146' title='bbox 1245 2593 1283 2625; x_wconf 85' lang='grc' dir='ltr'>ἀν</span> <span class='ocrx_word' id='word_1_1147' title='bbox 1299 2592 1398 2628; x_wconf 80' lang='grc' dir='ltr'>οὕτως</span> <span class='ocrx_word' id='word_1_1148' title='bbox 1417 2591 1482 2623; x_wconf 82' lang='grc' dir='ltr'>οὔτ’</span> <span class='ocrx_word' id='word_1_1149' title='bbox 1496 2591 1533 2623; x_wconf 85' lang='grc' dir='ltr'>ἂν</span> <span class='ocrx_word' id='word_1_1150' title='bbox 1551 2595 1669 2623; x_wconf 85' lang='grc' dir='ltr'>κινοῖτο</span> <span class='ocrx_word' id='word_1_1151' title='bbox 1687 2590 1753 2623; x_wconf 86' lang='grc' dir='ltr'>οὔτ’</span> <span class='ocrx_word' id='word_1_1152' title='bbox 1769 2592 1805 2623; x_wconf 77' lang='grc' dir='ltr'>ἂν</span> <span class='ocrx_word' id='word_1_1153' title='bbox 1819 2591 1946 2633; x_wconf 88' lang='grc' dir='ltr'>ἠρεμοῖ,</span> <span class='ocrx_word' id='word_1_1154' title='bbox 1962 2593 2109 2633; x_wconf 83' lang='grc' dir='ltr'>μηδαμοῦ</span> <span class='ocrx_word' id='word_1_1155' title='bbox 2132 2603 2169 2633; x_wconf 86' lang='grc' dir='ltr'>γε</span> <span class='ocrx_word' id='word_1_1156' title='bbox 2188 2592 2245 2625; x_wconf 82' lang='grc' dir='ltr'>ὧν.</span> <span class='ocrx_word' id='word_1_1157' title='bbox 2271 2594 2313 2626; x_wconf 78' lang='lat' dir='ltr'>At</span> 
     </span>
     <span class='ocr_line' id='line_1_120' title="bbox 1246 2637 2311 2680; baseline 0.001 -9"><span class='ocrx_word' id='word_1_1158' title='bbox 1246 2639 1418 2672; x_wconf 90' lang='lat' dir='ltr'>verborum</span> <span class='ocrx_word' id='word_1_1159' title='bbox 1435 2638 1516 2671; x_wconf 85' lang='lat' dir='ltr'>ordo</span> <span class='ocrx_word' id='word_1_1160' title='bbox 1530 2647 1594 2671; x_wconf 91' lang='lat' dir='ltr'>non</span> <span class='ocrx_word' id='word_1_1161' title='bbox 1609 2637 1798 2671; x_wconf 89' lang='lat' dir='ltr'>mutandus.</span> <span class='ocrx_word' id='word_1_1162' title='bbox 1819 2640 1967 2680; x_wconf 90' lang='lat' dir='ltr'>Namque</span> <span class='ocrx_word' id='word_1_1163' title='bbox 1984 2639 2043 2673; x_wconf 82' lang='lat' dir='ltr'>etsi</span> <span class='ocrx_word' id='word_1_1164' title='bbox 2060 2639 2093 2671; x_wconf 87' lang='lat' dir='ltr'>in</span> <span class='ocrx_word' id='word_1_1165' title='bbox 2108 2639 2245 2680; x_wconf 82' lang='lat' dir='ltr'>praeced.</span> <span class='ocrx_word' id='word_1_1166' title='bbox 2260 2649 2311 2672; x_wconf 91' lang='lat' dir='ltr'>ca-</span> 
     </span>
     <span class='ocr_line' id='line_1_121' title="bbox 1247 2686 2314 2728; baseline 0.001 -9"><span class='ocrx_word' id='word_1_1167' title='bbox 1247 2688 1312 2728; x_wconf 88' lang='lat' dir='ltr'>pite</span> <span class='ocrx_word' id='word_1_1168' title='bbox 1332 2687 1373 2719; x_wconf 90' lang='lat' dir='ltr'>ad</span> <span class='ocrx_word' id='word_1_1169' title='bbox 1404 2686 1628 2728; x_wconf 77' lang='lat' dir='ltr'>exponendam</span> <span class='ocrx_word' id='word_1_1170' title='bbox 1656 2686 1862 2728; x_wconf 87' lang='lat' dir='ltr'>Xenophanis</span> <span class='ocrx_word' id='word_1_1171' title='bbox 1886 2686 2198 2728; x_wconf 85' lang='lat' dir='ltr'>argumentationem</span> <span class='ocrx_word' id='word_1_1172' title='bbox 2217 2688 2314 2720; x_wconf 85' lang='lat' dir='ltr'>verba</span> 
     </span>
     <span class='ocr_line' id='line_1_122' title="bbox 1245 2729 2312 2777; baseline 0.002 -11"><span class='ocrx_word' id='word_1_1173' title='bbox 1245 2735 1317 2766; x_wconf 83' lang='grc' dir='ltr'>οὔτε</span> <span class='ocrx_word' id='word_1_1174' title='bbox 1327 2729 1450 2777; x_wconf 83' lang='grc' dir='ltr'>ἠρεμεῖν</span> <span class='ocrx_word' id='word_1_1175' title='bbox 1465 2733 1536 2766; x_wconf 82' lang='grc' dir='ltr'>οὔτε</span> <span class='ocrx_word' id='word_1_1176' title='bbox 1548 2733 1672 2772; x_wconf 83' lang='grc' dir='ltr'>κινητὸν</span> <span class='ocrx_word' id='word_1_1177' title='bbox 1680 2733 1772 2775; x_wconf 78' lang='grc' dir='ltr'>εἶναι,</span> <span class='ocrx_word' id='word_1_1178' title='bbox 1785 2743 1859 2775; x_wconf 86' lang='lat' dir='ltr'>quae</span> <span class='ocrx_word' id='word_1_1179' title='bbox 1875 2734 2118 2768; x_wconf 85' lang='lat' dir='ltr'>conclusionem</span> <span class='ocrx_word' id='word_1_1180' title='bbox 2126 2735 2312 2776; x_wconf 85' lang='lat' dir='ltr'>continent,</span> 
     </span>
     <span class='ocr_line' id='line_1_123' title="bbox 1247 2780 2316 2824; baseline 0.001 -11"><span class='ocrx_word' id='word_1_1181' title='bbox 1247 2781 1398 2814; x_wconf 88' lang='lat' dir='ltr'>ultimum</span> <span class='ocrx_word' id='word_1_1182' title='bbox 1413 2780 1522 2813; x_wconf 89' lang='lat' dir='ltr'>locum</span> <span class='ocrx_word' id='word_1_1183' title='bbox 1535 2783 1711 2822; x_wconf 88' lang='lat' dir='ltr'>occupant,</span> <span class='ocrx_word' id='word_1_1184' title='bbox 1729 2783 1836 2814; x_wconf 85' lang='lat' dir='ltr'>tamen</span> <span class='ocrx_word' id='word_1_1185' title='bbox 1852 2781 1882 2814; x_wconf 93' lang='lat' dir='ltr'>in</span> <span class='ocrx_word' id='word_1_1186' title='bbox 1904 2782 1964 2815; x_wconf 87' lang='lat' dir='ltr'>hoc</span> <span class='ocrx_word' id='word_1_1187' title='bbox 1975 2782 2098 2824; x_wconf 81' lang='lat' dir='ltr'>capite,</span> <span class='ocrx_word' id='word_1_1188' title='bbox 2117 2790 2182 2823; x_wconf 89' lang='lat' dir='ltr'>quo</span> <span class='ocrx_word' id='word_1_1189' title='bbox 2195 2782 2316 2815; x_wconf 83' lang='lat' dir='ltr'>Aristo-</span> 
     </span>
     <span class='ocr_line' id='line_1_124' title="bbox 1248 2828 2314 2872; baseline 0 -11"><span class='ocrx_word' id='word_1_1190' title='bbox 1248 2829 1324 2862; x_wconf 84' lang='lat' dir='ltr'>teles</span> <span class='ocrx_word' id='word_1_1191' title='bbox 1341 2829 1540 2862; x_wconf 88' lang='lat' dir='ltr'>contrarium</span> <span class='ocrx_word' id='word_1_1192' title='bbox 1563 2828 1784 2863; x_wconf 88' lang='lat' dir='ltr'>demonstrare</span> <span class='ocrx_word' id='word_1_1193' title='bbox 1804 2829 1932 2870; x_wconf 86' lang='lat' dir='ltr'>studet,</span> <span class='ocrx_word' id='word_1_1194' title='bbox 1950 2830 1983 2863; x_wconf 93' lang='lat' dir='ltr'>in</span> <span class='ocrx_word' id='word_1_1195' title='bbox 2004 2830 2068 2863; x_wconf 78' lang='lat' dir='ltr'>tine</span> <span class='ocrx_word' id='word_1_1196' title='bbox 2093 2830 2213 2872; x_wconf 89' lang='lat' dir='ltr'>periodi</span> <span class='ocrx_word' id='word_1_1197' title='bbox 2238 2830 2314 2871; x_wconf 91' lang='lat' dir='ltr'>poni</span> 
     </span>
     <span class='ocr_line' id='line_1_125' title="bbox 1247 2876 2316 2919; baseline 0.002 -10"><span class='ocrx_word' id='word_1_1198' title='bbox 1247 2886 1310 2909; x_wconf 89' lang='lat' dir='ltr'>non</span> <span class='ocrx_word' id='word_1_1199' title='bbox 1332 2880 1485 2919; x_wconf 84' lang='lat' dir='ltr'>possunt,</span> <span class='ocrx_word' id='word_1_1200' title='bbox 1504 2876 1560 2910; x_wconf 89' lang='lat' dir='ltr'>sed</span> <span class='ocrx_word' id='word_1_1201' title='bbox 1578 2877 1676 2919; x_wconf 72' lang='lat' dir='ltr'>liuius</span> <span class='ocrx_word' id='word_1_1202' title='bbox 1694 2877 1859 2919; x_wconf 87' lang='lat' dir='ltr'>scriptoris</span> <span class='ocrx_word' id='word_1_1203' title='bbox 1874 2887 1964 2912; x_wconf 90' lang='lat' dir='ltr'>more</span> <span class='ocrx_word' id='word_1_1204' title='bbox 1979 2877 2159 2912; x_wconf 86' lang='lat' dir='ltr'>enuntiatio</span> <span class='ocrx_word' id='word_1_1205' title='bbox 2172 2879 2210 2912; x_wconf 79' lang='lat' dir='ltr'>iis</span> <span class='ocrx_word' id='word_1_1206' title='bbox 2227 2878 2316 2912; x_wconf 88' lang='lat' dir='ltr'>clau-</span> 
     </span>
     <span class='ocr_line' id='line_1_126' title="bbox 1247 2924 2315 2968; baseline 0.001 -11"><span class='ocrx_word' id='word_1_1207' title='bbox 1247 2925 1334 2957; x_wconf 89' lang='lat' dir='ltr'>ditur</span> <span class='ocrx_word' id='word_1_1208' title='bbox 1354 2925 1482 2967; x_wconf 85' lang='lat' dir='ltr'>verbis,</span> <span class='ocrx_word' id='word_1_1209' title='bbox 1500 2924 1532 2957; x_wconf 90' lang='lat' dir='ltr'>in</span> <span class='ocrx_word' id='word_1_1210' title='bbox 1545 2924 1660 2966; x_wconf 89' lang='lat' dir='ltr'>quibus</span> <span class='ocrx_word' id='word_1_1211' title='bbox 1676 2926 1772 2967; x_wconf 85' lang='lat' dir='ltr'>caput</span> <span class='ocrx_word' id='word_1_1212' title='bbox 1786 2925 1830 2958; x_wconf 88' lang='lat' dir='ltr'>rei</span> <span class='ocrx_word' id='word_1_1213' title='bbox 1845 2926 1944 2959; x_wconf 87' lang='lat' dir='ltr'>situm</span> <span class='ocrx_word' id='word_1_1214' title='bbox 1958 2927 2017 2959; x_wconf 83' lang='lat' dir='ltr'>est.</span> <span class='ocrx_word' id='word_1_1215' title='bbox 2028 2926 2066 2959; x_wconf 94' lang='lat' dir='ltr'>Id</span> <span class='ocrx_word' id='word_1_1216' title='bbox 2084 2928 2194 2960; x_wconf 85' lang='lat' dir='ltr'>autem</span> <span class='ocrx_word' id='word_1_1217' title='bbox 2211 2927 2315 2968; x_wconf 88' lang='lat' dir='ltr'>liquet</span> 
     </span>
     <span class='ocr_line' id='line_1_127' title="bbox 1246 2971 2314 3017; baseline 0.003 -14"><span class='ocrx_word' id='word_1_1218' title='bbox 1246 2972 1334 3004; x_wconf 81' lang='lat' dir='ltr'>cerni</span> <span class='ocrx_word' id='word_1_1219' title='bbox 1352 2973 1384 3005; x_wconf 88' lang='lat' dir='ltr'>in</span> <span class='ocrx_word' id='word_1_1220' title='bbox 1397 2972 1503 3005; x_wconf 82' lang='lat' dir='ltr'>verbis</span> <span class='ocrx_word' id='word_1_1221' title='bbox 1518 2971 1548 3005; x_wconf 90' lang='grc' dir='ltr'>τί</span> <span class='ocrx_word' id='word_1_1222' title='bbox 1562 2972 1599 3004; x_wconf 87' lang='grc' dir='ltr'>ἂν</span> <span class='ocrx_word' id='word_1_1223' title='bbox 1613 2973 1706 3006; x_wconf 82' lang='grc' dir='ltr'>αὐτὸν</span> <span class='ocrx_word' id='word_1_1224' title='bbox 1720 2973 1838 3006; x_wconf 87' lang='grc' dir='ltr'>κωλύοι</span> <span class='ocrx_word' id='word_1_1225' title='bbox 1854 2974 2025 3014; x_wconf 85' lang='grc' dir='ltr'>κινεῖσθαι,</span> <span class='ocrx_word' id='word_1_1226' title='bbox 2039 2975 2082 3011; x_wconf 86' lang='grc' dir='ltr'>ὡς</span> <span class='ocrx_word' id='word_1_1227' title='bbox 2095 2975 2224 3017; x_wconf 84' lang='grc' dir='ltr'>ἐλέχθη,</span> <span class='ocrx_word' id='word_1_1228' title='bbox 2238 2975 2314 3016; x_wconf 89' lang='lat' dir='ltr'>quia</span> 
     </span>
     <span class='ocr_line' id='line_1_128' title="bbox 1247 3019 2311 3063; baseline 0 -11"><span class='ocrx_word' id='word_1_1229' title='bbox 1247 3019 1372 3052; x_wconf 84' lang='lat' dir='ltr'>efficere</span> <span class='ocrx_word' id='word_1_1230' title='bbox 1392 3021 1495 3052; x_wconf 88' lang='lat' dir='ltr'>tentat</span> <span class='ocrx_word' id='word_1_1231' title='bbox 1518 3019 1688 3062; x_wconf 83' lang='lat' dir='ltr'>Stagirita,</span> <span class='ocrx_word' id='word_1_1232' title='bbox 1707 3020 1786 3052; x_wconf 88' lang='lat' dir='ltr'>nihil</span> <span class='ocrx_word' id='word_1_1233' title='bbox 1805 3020 1950 3061; x_wconf 80' lang='lat' dir='ltr'>obstare,</span> <span class='ocrx_word' id='word_1_1234' title='bbox 1968 3021 2143 3062; x_wconf 84' lang='lat' dir='ltr'>quominus</span> <span class='ocrx_word' id='word_1_1235' title='bbox 2167 3022 2265 3063; x_wconf 88' lang='lat' dir='ltr'>deus,</span> <span class='ocrx_word' id='word_1_1236' title='bbox 2284 3022 2311 3054; x_wconf 83' lang='lat' dir='ltr'>si</span> 
     </span>
     <span class='ocr_line' id='line_1_129' title="bbox 1247 3066 2313 3109; baseline 0.001 -10"><span class='ocrx_word' id='word_1_1237' title='bbox 1247 3076 1399 3108; x_wconf 89' lang='lat' dir='ltr'>corporea</span> <span class='ocrx_word' id='word_1_1238' title='bbox 1419 3068 1534 3100; x_wconf 85' lang='lat' dir='ltr'>natura</span> <span class='ocrx_word' id='word_1_1239' title='bbox 1553 3066 1707 3109; x_wconf 88' lang='lat' dir='ltr'>praeditus</span> <span class='ocrx_word' id='word_1_1240' title='bbox 1721 3067 1781 3108; x_wconf 86' lang='lat' dir='ltr'>sit,</span> <span class='ocrx_word' id='word_1_1241' title='bbox 1799 3071 1981 3102; x_wconf 85' lang='lat' dir='ltr'>moveatur.</span> <span class='ocrx_word' id='word_1_1242' title='bbox 1997 3070 2075 3102; x_wconf 80' lang='lat' dir='ltr'>Haec</span> <span class='ocrx_word' id='word_1_1243' title='bbox 2089 3068 2130 3101; x_wconf 86' lang='lat' dir='ltr'>ad</span> <span class='ocrx_word' id='word_1_1244' title='bbox 2145 3068 2313 3102; x_wconf 88' lang='lat' dir='ltr'>illustran-</span> 
     </span>
     <span class='ocr_line' id='line_1_130' title="bbox 1246 3112 2314 3157; baseline 0.002 -11"><span class='ocrx_word' id='word_1_1245' title='bbox 1246 3112 1324 3146; x_wconf 89' lang='lat' dir='ltr'>dum</span> <span class='ocrx_word' id='word_1_1246' title='bbox 1341 3113 1450 3146; x_wconf 90' lang='lat' dir='ltr'>locum</span> <span class='ocrx_word' id='word_1_1247' title='bbox 1466 3113 1552 3146; x_wconf 88' lang='lat' dir='ltr'>dicta</span> <span class='ocrx_word' id='word_1_1248' title='bbox 1571 3113 1742 3147; x_wconf 80' lang='lat' dir='ltr'>sufficiant.</span> <span class='ocrx_word' id='word_1_1249' title='bbox 1759 3114 1907 3148; x_wconf 86' lang='lat' dir='ltr'>Probatis</span> <span class='ocrx_word' id='word_1_1250' title='bbox 1922 3115 2017 3157; x_wconf 86' lang='lat' dir='ltr'>igitur</span> <span class='ocrx_word' id='word_1_1251' title='bbox 2029 3124 2068 3148; x_wconf 87' lang='lat' dir='ltr'>ex</span> <span class='ocrx_word' id='word_1_1252' title='bbox 2086 3119 2175 3157; x_wconf 89' lang='lat' dir='ltr'>parte</span> <span class='ocrx_word' id='word_1_1253' title='bbox 2190 3116 2314 3156; x_wconf 83' lang='lat' dir='ltr'>Bergkii</span> 
     </span>
     <span class='ocr_line' id='line_1_131' title="bbox 1247 3160 2313 3204; baseline 0.003 -11"><span class='ocrx_word' id='word_1_1254' title='bbox 1247 3160 1545 3201; x_wconf 82' lang='lat' dir='ltr'>emendationibus,</span> <span class='ocrx_word' id='word_1_1255' title='bbox 1563 3161 1774 3195; x_wconf 82' lang='lat' dir='ltr'>nibilominus</span> <span class='ocrx_word' id='word_1_1256' title='bbox 1799 3162 1954 3204; x_wconf 85' lang='lat' dir='ltr'>quaedam</span> <span class='ocrx_word' id='word_1_1257' title='bbox 1973 3163 2104 3196; x_wconf 86' lang='lat' dir='ltr'>diverso</span> <span class='ocrx_word' id='word_1_1258' title='bbox 2127 3163 2224 3197; x_wconf 91' lang='lat' dir='ltr'>modo</span> <span class='ocrx_word' id='word_1_1259' title='bbox 2240 3173 2313 3197; x_wconf 92' lang='lat' dir='ltr'>cor-</span> 
     </span>
     <span class='ocr_line' id='line_1_132' title="bbox 1248 3207 2314 3254; baseline 0.005 -15"><span class='ocrx_word' id='word_1_1260' title='bbox 1248 3207 1377 3248; x_wconf 85' lang='lat' dir='ltr'>rigenda</span> <span class='ocrx_word' id='word_1_1261' title='bbox 1392 3217 1460 3242; x_wconf 88' lang='lat' dir='ltr'>esse</span> <span class='ocrx_word' id='word_1_1262' title='bbox 1478 3208 1626 3241; x_wconf 88' lang='lat' dir='ltr'>arbitror.</span> <span class='ocrx_word' id='word_1_1263' title='bbox 1648 3210 1731 3248; x_wconf 87' lang='lat' dir='ltr'>Quae</span> <span class='ocrx_word' id='word_1_1264' title='bbox 1746 3218 1813 3252; x_wconf 91' lang='lat' dir='ltr'>quo</span> <span class='ocrx_word' id='word_1_1265' title='bbox 1825 3209 1950 3243; x_wconf 78' lang='lat' dir='ltr'>facilius</span> <span class='ocrx_word' id='word_1_1266' title='bbox 1962 3210 2195 3254; x_wconf 81' lang='lat' dir='ltr'>intelligantur,</span> <span class='ocrx_word' id='word_1_1267' title='bbox 2210 3212 2314 3244; x_wconf 87' lang='lat' dir='ltr'>totam</span> 
     </span>
     <span class='ocr_line' id='line_1_133' title="bbox 1248 3254 2312 3300; baseline 0.002 -12"><span class='ocrx_word' id='word_1_1268' title='bbox 1248 3256 1338 3298; x_wconf 82' lang='grc' dir='ltr'>ῥῆσιν</span> <span class='ocrx_word' id='word_1_1269' title='bbox 1354 3254 1628 3297; x_wconf 84' lang='lat' dir='ltr'>quemadmodum</span> <span class='ocrx_word' id='word_1_1270' title='bbox 1650 3257 1870 3298; x_wconf 87' lang='lat' dir='ltr'>castigandam</span> <span class='ocrx_word' id='word_1_1271' title='bbox 1892 3261 1970 3299; x_wconf 90' lang='lat' dir='ltr'>puto</span> <span class='ocrx_word' id='word_1_1272' title='bbox 1990 3258 2042 3291; x_wconf 75' lang='lat' dir='ltr'>liic</span> <span class='ocrx_word' id='word_1_1273' title='bbox 2059 3267 2220 3300; x_wconf 88' lang='lat' dir='ltr'>apponam</span> <span class='ocrx_word' id='word_1_1274' title='bbox 2239 3271 2247 3291; x_wconf 75' lang='lat' dir='ltr'><strong><em>z</em></strong></span> <span class='ocrx_word' id='word_1_1275' title='bbox 2266 3258 2312 3291; x_wconf 81' lang='grc' dir='ltr'>ἔτι</span> 
     </span>
     <span class='ocr_line' id='line_1_134' title="bbox 1248 3304 2314 3348; baseline 0.002 -12"><span class='ocrx_word' id='word_1_1276' title='bbox 1248 3305 1274 3336; x_wconf 82' lang='grc' dir='ltr'>εἰ</span> <span class='ocrx_word' id='word_1_1277' title='bbox 1290 3304 1342 3336; x_wconf 87' lang='grc' dir='ltr'>καὶ</span> <span class='ocrx_word' id='word_1_1278' title='bbox 1357 3304 1408 3336; x_wconf 80' lang='grc' dir='ltr'>διὰ</span> <span class='ocrx_word' id='word_1_1279' title='bbox 1424 3306 1516 3337; x_wconf 89' lang='grc' dir='ltr'>τοῦτο</span> <span class='ocrx_word' id='word_1_1280' title='bbox 1535 3304 1578 3345; x_wconf 77' lang='grc' dir='ltr'>μὴ</span> <span class='ocrx_word' id='word_1_1281' title='bbox 1592 3308 1720 3338; x_wconf 85' lang='grc' dir='ltr'>κινεῖται</span> <span class='ocrx_word' id='word_1_1282' title='bbox 1735 3306 1752 3338; x_wconf 85' lang='grc' dir='ltr'><strong>ὁ</strong></span> <span class='ocrx_word' id='word_1_1283' title='bbox 1766 3305 1831 3343; x_wconf 89' lang='grc' dir='ltr'>θεός</span> <span class='ocrx_word' id='word_1_1284' title='bbox 1844 3316 1876 3338; x_wconf 82' lang='grc' dir='ltr'>τε</span> <span class='ocrx_word' id='word_1_1285' title='bbox 1892 3307 1947 3339; x_wconf 83' lang='grc' dir='ltr'>καὶ</span> <span class='ocrx_word' id='word_1_1286' title='bbox 1968 3307 2005 3339; x_wconf 87' lang='grc' dir='ltr'>τὸ</span> <span class='ocrx_word' id='word_1_1287' title='bbox 2020 3306 2065 3348; x_wconf 82' lang='grc' dir='ltr'>ἕν,</span> <span class='ocrx_word' id='word_1_1288' title='bbox 2089 3307 2137 3339; x_wconf 83' lang='grc' dir='ltr'>ὅτι</span> <span class='ocrx_word' id='word_1_1289' title='bbox 2152 3306 2192 3339; x_wconf 86' lang='grc' dir='ltr'>τὰ</span> <span class='ocrx_word' id='word_1_1290' title='bbox 2212 3307 2314 3339; x_wconf 85' lang='grc' dir='ltr'>πολλὰ</span> 
     </span>
     <span class='ocr_line' id='line_1_135' title="bbox 1248 3351 2312 3393; baseline 0.001 -9"><span class='ocrx_word' id='word_1_1291' title='bbox 1248 3354 1379 3384; x_wconf 87' lang='grc' dir='ltr'>κινεῖται</span> <span class='ocrx_word' id='word_1_1292' title='bbox 1392 3354 1438 3393; x_wconf 88' lang='grc' dir='ltr'>τῷ</span> <span class='ocrx_word' id='word_1_1293' title='bbox 1453 3353 1494 3388; x_wconf 77' lang='grc' dir='ltr'>εἰς</span> <span class='ocrx_word' id='word_1_1294' title='bbox 1507 3351 1625 3390; x_wconf 84' lang='grc' dir='ltr'>ἄλληλα</span> <span class='ocrx_word' id='word_1_1295' title='bbox 1637 3353 1716 3385; x_wconf 80' lang='grc' dir='ltr'>ἱέναι</span> <span class='ocrx_word' id='word_1_1296' title='bbox 1728 3378 1737 3393; x_wconf 89' lang='grc'>,</span> <span class='ocrx_word' id='word_1_1297' title='bbox 1753 3353 1783 3385; x_wconf 81' lang='grc' dir='ltr'>τί</span> <span class='ocrx_word' id='word_1_1298' title='bbox 1798 3353 1912 3385; x_wconf 88' lang='grc' dir='ltr'>κωλύει</span> <span class='ocrx_word' id='word_1_1299' title='bbox 1934 3354 1988 3386; x_wconf 83' lang='grc' dir='ltr'>καὶ</span> <span class='ocrx_word' id='word_1_1300' title='bbox 2005 3354 2058 3386; x_wconf 86' lang='grc' dir='ltr'>τὸν</span> <span class='ocrx_word' id='word_1_1301' title='bbox 2075 3354 2143 3387; x_wconf 85' lang='grc' dir='ltr'>θεὸν</span> <span class='ocrx_word' id='word_1_1302' title='bbox 2161 3354 2312 3386; x_wconf 81' lang='grc' dir='ltr'>κινεῖσθαι</span> 
     </span>
     <span class='ocr_line' id='line_1_136' title="bbox 1250 3399 2312 3442; baseline 0.001 -11"><span class='ocrx_word' id='word_1_1303' title='bbox 1250 3399 1292 3436; x_wconf 83' lang='grc' dir='ltr'>εἷς</span> <span class='ocrx_word' id='word_1_1304' title='bbox 1314 3399 1406 3439; x_wconf 78' lang='grc' dir='ltr'>ἄλλος</span> <span class='ocrx_word' id='word_1_1305' title='bbox 1426 3400 1584 3441; x_wconf 80' lang='grc' dir='ltr'>ούδαμῶ</span> <span class='ocrx_word' id='word_1_1306' title='bbox 1596 3412 1608 3436; x_wconf 80' lang='grc' dir='ltr'>ς</span> <span class='ocrx_word' id='word_1_1307' title='bbox 1624 3411 1666 3442; x_wconf 88' lang='grc' dir='ltr'>γε</span> <span class='ocrx_word' id='word_1_1308' title='bbox 1678 3427 1686 3442; x_wconf 89' lang='grc'>,</span> <span class='ocrx_word' id='word_1_1309' title='bbox 1708 3401 1768 3433; x_wconf 86' lang='grc' dir='ltr'>ὅτι</span> <span class='ocrx_word' id='word_1_1310' title='bbox 1787 3402 1802 3433; x_wconf 87' lang='grc' dir='ltr'>θ</span> <span class='ocrx_word' id='word_1_1311' title='bbox 1814 3412 1828 3433; x_wconf 93' lang='grc' dir='ltr'>ε</span> <span class='ocrx_word' id='word_1_1312' title='bbox 1840 3401 1857 3433; x_wconf 82' lang='grc' dir='ltr'><strong>ὸ</strong></span> <span class='ocrx_word' id='word_1_1313' title='bbox 1871 3411 1885 3436; x_wconf 80' lang='grc' dir='ltr'>ς</span> <span class='ocrx_word' id='word_1_1314' title='bbox 1899 3402 2004 3442; x_wconf 80' lang='grc' dir='ltr'>μόνον,</span> <span class='ocrx_word' id='word_1_1315' title='bbox 2019 3401 2084 3434; x_wconf 83' lang='grc' dir='ltr'>ἀλλ’</span> <span class='ocrx_word' id='word_1_1316' title='bbox 2098 3402 2144 3433; x_wconf 87' lang='grc' dir='ltr'>ὅτι</span> <span class='ocrx_word' id='word_1_1317' title='bbox 2161 3401 2204 3438; x_wconf 82' lang='grc' dir='ltr'>εἶς</span> <span class='ocrx_word' id='word_1_1318' title='bbox 2219 3400 2312 3442; x_wconf 79' lang='grc' dir='ltr'>μόνος</span> 
     </span>
     <span class='ocr_line' id='line_1_137' title="bbox 1250 3447 2312 3491; baseline 0.001 -11"><span class='ocrx_word' id='word_1_1319' title='bbox 1250 3447 1331 3485; x_wconf 82' lang='grc' dir='ltr'>θεὸς·</span> <span class='ocrx_word' id='word_1_1320' title='bbox 1350 3449 1376 3481; x_wconf 79' lang='grc' dir='ltr'>εἰ</span> <span class='ocrx_word' id='word_1_1321' title='bbox 1399 3449 1432 3481; x_wconf 83' lang='grc' dir='ltr'>δὲ</span> <span class='ocrx_word' id='word_1_1322' title='bbox 1454 3449 1506 3481; x_wconf 90' lang='grc' dir='ltr'>καὶ</span> <span class='ocrx_word' id='word_1_1323' title='bbox 1524 3450 1575 3491; x_wconf 91' lang='grc' dir='ltr'>μὴ</span> <span class='ocrx_word' id='word_1_1324' title='bbox 1592 3451 1683 3487; x_wconf 83' lang='grc' dir='ltr'>αὐτὸς</span> <span class='ocrx_word' id='word_1_1325' title='bbox 1710 3453 1912 3491; x_wconf 82' lang='grc' dir='ltr'>κινεῖται,</span> <span class='ocrx_word' id='word_1_1326' title='bbox 1933 3450 1963 3482; x_wconf 89' lang='grc' dir='ltr'>τί</span> <span class='ocrx_word' id='word_1_1327' title='bbox 1986 3451 2099 3482; x_wconf 84' lang='grc' dir='ltr'>κωλύει</span> <span class='ocrx_word' id='word_1_1328' title='bbox 2125 3451 2167 3487; x_wconf 78' lang='grc' dir='ltr'>εἰς</span> <span class='ocrx_word' id='word_1_1329' title='bbox 2195 3450 2312 3487; x_wconf 82' lang='grc' dir='ltr'>ἄλληλα</span> 
     </span>
     <span class='ocr_line' id='line_1_138' title="bbox 1255 3496 2310 3541; baseline 0.002 -14"><span class='ocrx_word' id='word_1_1330' title='bbox 1255 3496 1445 3538; x_wconf 82' lang='grc' dir='ltr'>κινουμένων</span> <span class='ocrx_word' id='word_1_1331' title='bbox 1460 3500 1521 3528; x_wconf 87' lang='grc' dir='ltr'>τῶν</span> <span class='ocrx_word' id='word_1_1332' title='bbox 1537 3502 1637 3540; x_wconf 83' lang='grc' dir='ltr'>μερῶν</span> <span class='ocrx_word' id='word_1_1333' title='bbox 1655 3501 1709 3530; x_wconf 84' lang='grc' dir='ltr'>τοῦ</span> <span class='ocrx_word' id='word_1_1334' title='bbox 1730 3499 1817 3530; x_wconf 85' lang='grc' dir='ltr'>θεοῦ</span> <span class='ocrx_word' id='word_1_1335' title='bbox 1830 3497 1936 3540; x_wconf 80' lang='grc' dir='ltr'>κύκλῳ</span> <span class='ocrx_word' id='word_1_1336' title='bbox 1954 3498 2068 3541; x_wconf 71' lang='grc' dir='ltr'>φέρεσ</span> <span class='ocrx_word' id='word_1_1337' title='bbox 2080 3499 2140 3530; x_wconf 87' lang='grc' dir='ltr'>θαι</span> <span class='ocrx_word' id='word_1_1338' title='bbox 2154 3497 2206 3530; x_wconf 77' lang='grc' dir='ltr'>τὸν</span> <span class='ocrx_word' id='word_1_1339' title='bbox 2222 3496 2310 3538; x_wconf 75' lang='grc' dir='ltr'>θεόνς</span> 
     </span>
    </p>
   </div>
  </div>
 </body>
</html>
