2612 3814
310 266 386 300 542

298 347 460 386 Γυναῖκα
482 346 518 386 δὲ
533 351 723 401 σωφρονεῖν
742 343 814 400 χρὴ
835 344 897 384 καὶ
919 343 971 396 μὴ
991 343 1252 396 προσδέχεσθαι
1279 359 1362 382 συν-

295 406 417 445 ουσίαν
447 405 558 454 ἀσεὸἧ
587 408 674 459 παρ’
694 404 811 444 ἄλλων
834 404 986 456 ἀνδρῶν,
1004 406 1050 447 ὡς
1071 402 1287 450 ἀπαντώσης
1308 417 1364 440 νε-

296 467 430 518 μέσεως
453 465 552 519 παρὰ
585 465 764 517 δαιμόνων
796 463 997 510 ἐξοικιστῶν
1030 462 1091 502 καὶ
1126 464 1358 515 ἐχθροποιῶν.

294 527 340 566 Ὁ
359 524 569 579 μητρυιὰν’
554 526 738 578 επιγοιμῶν
758 523 808 575 μὴ
828 522 1026 570 εὔδοξείτω,
1048 524 1127 561 ἀλλ’
1146 522 1364 568 ὀνειδιζέσθω

293 589 340 629 ὡς
362 584 548 638 παραίτιος
570 583 618 623 ὢν
637 584 768 628 οἰκείας
790 583 1022 627 διαστάσεως.
1084 583 1164 634 Χρὴ
1190 584 1225 621 δὲ
1253 582 1363 633 ἐμμέ·

293 659 363 682 νειν
385 644 455 687 τοῖς
475 643 688 696 εἰρημένοις,
709 643 767 682 τὸν
786 643 822 681 δὲ
839 641 1148 694 παραὸαίνοντα”
1127 657 1250 695 ενοχον
1273 645 1365 680 εἶναι

291 706 336 756 τῇ
354 703 519 756 πολιτικῇ
541 705 624 756 ἀρᾷ.
645 702 872 755 Προστοίσσει
886 701 921 740 δὲ
936 704 954 740 ὁ
966 700 1073 751 νόμος
1092 700 1303 740 ἐπίστασθαι
1319 700 1363 740 τὰ

294 761 462 815 προοίμια
488 778 568 806 τους
597 760 744 806 πολίτας
769 760 945 807 ἅπαντας,
967 759 1029 798 καὶ
1061 761 1098 798 ἐν
1126 766 1203 803 ταῖς
1228 762 1364 812 ἑορταῖς

294 821 385 871 μετὰ
408 821 486 865 τοὺς
503 827 655 864 παιᾶνας
675 820 822 873 λέγειν(
803 837 832 858 ω
849 836 891 858 αν
907 818 1116 872 προστάσσῃ
1136 821 1154 858 ὁ
1171 819 1362 873 ἑστιάτωρ,

291 881 336 920 ἵν’
359 883 579 935 ἔμφυσιωται
603 880 742 932 ἑκάστῳ
762 879 808 918 τὰ
828 879 1131 932 παραγγέλματα

351 940 540 992 (Stobaeus
565 939 668 978 Flor.
703 938 839 986 XLIV,
864 945 915 985 4⁰
948 938 1126 991 Χαρώνδα
1156 938 1363 979 Καταναίου

296 1000 463 1052 προοίμια
502 998 634 1050 νόμων.
671 998 886 1037 Emendavi
921 1013 930 1036 z
962 1003 977 1021 ‘¹
997 1000 1070 1049 τῶ,
1093 999 1207 1038 codd.
1229 998 1270 1037 τὸ
1297 999 1360 1037 vel

374 1057 561 1106 ὺῆκιστα5
588 1059 703 1098 codd.
725 1056 899 1109 μάκιστα.
919 1060 935 1080 ⁰
964 1056 1130 1129 δύναμιν,
1161 1059 1277 1099 codd.
1301 1058 1362 1096 δυ-

294 1099 436 1169 νάμίαν.
455 1116 728 1170 ᾱπροσοικειοῖς
750 1118 867 1155 codd.
891 1116 1094 1168 παροικοίη.
1102 1118 1115 1169 )

349 1191 395 1217 10.
419 1176 510 1221 Τους
538 1180 788 1221 κατοικοῦντας
815 1176 880 1226 τὴν
915 1177 1017 1215 πόλιν
1038 1193 1100 1216 και
1136 1176 1201 1225 τὴν
1236 1177 1359 1230 χώραν

292 1235 429 1280 πάντας
449 1238 587 1289 πρῶτον
606 1239 794 1275 πεπεῖσθαι
811 1235 882 1288 χρὴ
897 1235 958 1274 καὶ
973 1237 1125 1287 νομίζειν
1141 1236 1236 1281 θεους
1254 1241 1358 1286 εἶναι,

292 1295 354 1335 καὶ
374 1295 640 1340 ἀναὸλέποντας
657 1297 690 1340 ἐς
707 1296 852 1349 οὐρανὸν
867 1296 928 1336 καὶ
943 1312 1002 1335 τον
1019 1297 1152 1349 κόσμον
1171 1297 1230 1336 καὶ
1242 1297 1339 1346 τ·>ν2
1325 1314 1360 1337 εν

292 1357 411 1399 αὐτοῖς
432 1348 667 1407 διακόσμησιν
699 1356 761 1395 καὶ
786 1356 959 1402 τάξιν·οὗ
979 1356 1048 1409 γὰρ
1070 1356 1181 1410 τύχης
1202 1358 1274 1396 οὐδ’
1295 1359 1360 1397 ἀν-

292 1413 442 1467 θρώπων
471 1408 560 1453 εἶναι
599 1415 917 1469 δημιουργήματα·
959 1415 1124 1455 σεὸεσθαι
1159 1415 1195 1455 δὲ
1222 1415 1362 1461 τούτους

290 1490 350 1513 και
370 1480 499 1528 τιμᾷν
533 1476 580 1519 ὡς
617 1473 749 1519 αἰτίους
769 1474 913 1520 ὄνταςε
895 1475 1064 1515 αποίντων
1092 1478 1181 1527 ἡμῖν
1218 1478 1360 1528 ἀγαθῶν

292 1535 361 1572 τῶν
381 1534 480 1573 κατὰ·
492 1532 596 1586 λόγον
622 1533 854 1586 γιγνομένων.
912 1532 1094 1574 Ἔκαστον
1112 1529 1172 1574 οὖν
1189 1534 1283 1589 ἔχειν
1300 1536 1362 1574 καὶ

291 1593 572 1646 παρασκευάζειν
593 1593 645 1632 δεῖ
656 1591 719 1640 τὴν
738 1596 844 1633 αὑτοῦ
859 1593 977 1648 ψυχὴν
995 1593 1138 1633 πάντων
1155 1597 1225 1633 τῶν
1241 1598 1361 1635 κακῶν

293 1653 471 1707 καθαράν·
492 1655 539 1697 ὡς
563 1655 600 1692 οὐ
628 1660 776 1704 τιμᾶται
806 1653 880 1695 θεὸς
902 1655 961 1692 ὑπ’
983 1653 1169 1707 ἀνθρώπου
1201 1654 1360 1708 φαύλου,

292 1712 371 1752 οὐδὲ
403 1713 634 1767 θεραπεύεται
664 1713 838 1759 δαπάναις
858 1713 937 1754 οὐδὲ
966 1714 1181 1768 τραγῳδίαις
1218 1716 1362 1755 ἁλίσκε-

295 1787 355 1810 ται
374 1775 407 1819 3,
442 1771 603 1826 καθάπερ
625 1772 800 1826 μοχθηρός
819 1771 1027 1827 ἄνθρωπος,
1061 1773 1138 1813 ἀλλ’
1167 1775 1276 1828 ἀρετῇ
1299 1775 1362 1814 καὶ

291 1831 496 1884 προαιρεσει
515 1834 586 1871 τῶν
606 1831 766 1872 καλῶν”
746 1848 859 1886 εργων
880 1848 941 1872 και
962 1832 1124 1872 δικαίων.
1183 1833 1296 1873 Διὸ“
1276 1851 1361 1874 sm-

294 1905 375 1932 στον
393 1892 445 1931 δεῖ
462 1893 510 1937 εἷς
527 1890 676 1944 δύναμιν
697 1892 828 1946 ἀγαθὸν
854 1884 944 1931 εἶναι
963 1891 1026 1932 καὶ
1047 1892 1171 1946 πράξει
1192 1893 1253 1932 καὶ
1269 1910 1361 1948 προ-

289 2093 386 2127 dente
416 2093 504 2126 fatali
531 2101 550 2126 a
576 2093 638 2126 diis
658 2093 781 2127 ultione
807 2094 863 2136 qui
882 2094 983 2127 modo
1015 2094 1151 2136 ejiciunt
1167 2095 1314 2128 homines
1331 2097 1364 2129 et

287 2154 472 2187 simultates
490 2153 621 2186 iaciunt.
667 2153 730 2192 Qui
742 2162 915 2187 novercam
933 2154 1006 2187 [iliis
1022 2154 1147 2187 inducit
1164 2164 1228 2187 non
1247 2155 1354 2196 laude,

290 2212 347 2246 sed
373 2213 613 2254 vituperatione
632 2212 771 2254 dignus,
798 2214 836 2247 ut
857 2213 1047 2247 domesticae
1066 2214 1274 2248 dissensionis
1299 2223 1359 2247 au-

291 2275 378 2313 ctor,
400 2272 503 2305 videri
525 2272 635 2306 debet.
681 2274 730 2305 De
746 2272 872 2314 reliquo
885 2282 1019 2306 necesse
1031 2274 1079 2306 est
1093 2282 1363 2317 unumquemque

294 2333 365 2365 llaec
384 2333 549 2375 praecepta
565 2341 716 2374 servare,
734 2332 776 2365 ab
785 2332 893 2366 officio
910 2334 1018 2367 autem
1039 2333 1258 2367 discedentem
1275 2334 1363 2367 civili

291 2392 504 2426 exsecrationi
521 2392 702 2425 obnoxium
716 2401 798 2426 esse.
814 2394 833 2426 J
837 2393 915 2427 ubet
930 2396 1039 2427 autem
1054 2394 1107 2427 lex
1117 2394 1188 2427 haec
1202 2395 1362 2436 prooemia

291 2453 382 2485 cives
401 2460 515 2485 omnes
527 2451 639 2486 tenere
653 2460 756 2493 eaque
771 2451 887 2485 diebus
901 2452 989 2486 sestis
1005 2456 1078 2495 post
1094 2462 1222 2495 paeanes
1238 2462 1362 2490 memo-

291 2512 369 2544 riter
394 2511 519 2552 dicere,
549 2512 735 2553 cuicunque
764 2512 959 2545 convivator
980 2513 1013 2545 id
1036 2513 1202 2554 negotium
1225 2514 1360 2547 manda-

291 2570 391 2610 verit,
406 2571 443 2602 ut
456 2569 659 2611 singulorum
673 2570 793 2604 animis
808 2571 934 2604 monita
952 2571 1024 2605 haec
1039 2571 1232 2606 inhaereant.

338 2634 385 2663 to.
410 2632 531 2663 omnes
555 2630 611 2672 qui
638 2631 756 2665 urbem
775 2633 990 2674 etregionem
1009 2633 1193 2667 inhabitant
1214 2635 1358 2677 primum

293 2697 482 2730 persuasum
503 2690 623 2724 habere
642 2692 675 2724 et
690 2691 877 2725 existimare
890 2693 1018 2734 oportet
1039 2693 1120 2726 deos
1139 2702 1228 2735 esse,
1242 2694 1361 2727 coelum

295 2747 394 2780 etiam
409 2747 577 2782 intuentes
594 2752 627 2782 et
647 2750 810 2783 mundum
829 2759 1006 2792 rerumque
1022 2751 1056 2784 in
1083 2751 1123 2785 iis
1142 2751 1289 2785 ordinem
1310 2753 1362 2786 at-

294 2815 358 2848 que
375 2810 527 2840 ornatum
544 2817 553 2840 :
571 2817 679 2850 neque
695 2810 781 2843 enim
800 2811 935 2844 fortuita
947 2813 1005 2845 aut
1019 2812 1161 2845 humana
1175 2812 1363 2854 hujusmodi

297 2875 394 2908 opera
416 2868 532 2909 putare
550 2869 702 2902 convenit
724 2877 732 2898 =
751 2870 868 2904 deinde
889 2871 1017 2904 colendi
1046 2872 1295 2915 honorandique
1318 2872 1362 2905 dii

299 2927 376 2959 sunt
394 2927 431 2960 ut
460 2926 621 2960 bonorum
654 2928 800 2962 omnium
835 2931 986 2964 auctores
1008 2940 1085 2973 quae
1105 2931 1223 2965 rationi
1243 2941 1361 2965 conve-

300 2985 425 3019 nienter
459 2985 554 3021 nohis
581 2986 787 3028 contingunt.
833 2988 984 3029 Singulos
1014 2989 1114 3031 igitur
1144 2990 1292 3024 animum
1321 2990 1363 3024 ab

294 3043 452 3089 *omnibus
483 3044 580 3078 malis
600 3054 718 3087 purum
741 3046 860 3079 habere
882 3049 981 3089 atque
998 3049 1126 3083 efficere
1145 3051 1238 3083 decet
1258 3062 1268 3083 ε
1285 3051 1362 3093 quia

296 3104 338 3136 ab
355 3104 504 3146 improbo
521 3104 654 3138 homine
673 3114 738 3138 non
756 3105 936 3139 honoratur
949 3108 1030 3141 dens
1043 3133 1052 3149 ,
1073 3118 1180 3152 neque
1196 3111 1363 3144 sumtibus

295 3163 412 3196 colitur
427 3172 535 3205 neque
548 3164 711 3206 tragoediis
725 3165 865 3206 capitur,
884 3167 1040 3208 tanquam
1058 3168 1157 3201 homo
1172 3170 1287 3210 malus,
1305 3171 1362 3204 sed

296 3221 417 3256 virtute
435 3222 662 3266 justarumque
681 3228 713 3257 et
735 3224 946 3258 honestarum
975 3236 1083 3260 rerum
1099 3228 1224 3263 studio.
1269 3231 1361 3268 Quo-

297 3282 383 3315 circa
405 3291 674 3326 unumquemque
689 3293 772 3326 opus
790 3285 839 3318 est
856 3294 915 3327 pro
932 3285 1057 3319 viribus
1071 3286 1192 3320 bonum
1206 3297 1277 3322 esse
1291 3292 1362 3322 tum

298 3341 393 3375 iactis
426 3343 498 3375 tum
534 3343 705 3376 voluntate
733 3343 793 3385 qui
812 3344 911 3377 modo
935 3344 1068 3378 futurus
1087 3346 1131 3379 sit
1156 3346 1220 3379 deo
1250 3349 1362 3388 gratus

297 3409 402 3443 neque
432 3402 644 3443 pecuniarum
673 3402 832 3444 iacturam
862 3406 1009 3437 metuere
1030 3405 1132 3444 magis
1158 3414 1260 3447 quam
1284 3406 1362 3440 vitae

301 3462 397 3494 notas
415 3470 455 3494 ac
482 3461 644 3495 dedecora
668 3472 677 3494 :
709 3465 743 3495 et
765 3463 869 3496 civem
901 3464 1072 3497 meliorem
1092 3464 1280 3498 existimare
1305 3467 1362 3508 qui

299 3528 376 3562 opes
392 3520 500 3563 potius
516 3530 615 3566 quam
632 3521 834 3557 honestatem
850 3524 882 3556 et
895 3522 1054 3565 iustitiam
1072 3523 1214 3566 projicit.
1259 3526 1364 3559 caete·

1158 253 1634 293 PYTHAGOREORUM

1427 342 1561 395 αιρέσει
1580 341 1640 381 τὸν
1661 341 1835 393 μέλλοντα
1860 343 2001 383 ἔσεσθαι
2025 346 2169 398 θεοφιλη
2183 376 2215 416 ’..
2213 345 2275 386 καὶ
2299 345 2350 398 μὴ
2375 347 2495 401 qnest-

1427 405 1509 440 σθαι
1527 401 1590 446 τὰς
1610 403 1658 446 εἰς
1675 401 1848 474 χρήματα
1869 402 1999 455 ζημίας
2014 406 2149 478 μᾶλλον
2169 406 2237 444 τῶν
2255 406 2303 451 εἷς
2323 407 2495 461 αἰσχύνην

1427 460 1630 500 τεινόντων·
1663 461 1722 499 καὶ
1754 461 1903 509 πολίτην
1938 463 2109 514 ἀμείνονα
2137 465 2288 516 νομίζειν
2310 464 2328 489 ¹³
2350 465 2411 506 τὸν
2431 466 2498 514 τὴν

1426 520 1547 559 οὐσίαν
1581 519 1792 573 προϊέμενον
1833 522 1968 572 μᾶλλον
2007 526 2069 562 τοῦ
2102 525 2214 563 καλοῦ
2249 540 2311 565 και
2343 527 2495 566 δικαίου.

1427 580 1554 624 εὈσοις
1575 580 1611 618 δὲ
1633 579 1683 631 μὴ
1704 579 1821 633 ῥοίδιον
1843 581 1929 635 πρὸς
1944 597 2058 622 ταυτα
2082 584 2147 633 τὴν
2162 584 2276 658 ὁρμὴν
2292 590 2496 636 πεπεῖσθαι,

1425 637 1488 686 τὴν
1516 638 1553 678 δὲ
1581 638 1699 692 ψυχὴν
1731 639 1876 693 ἔχουσιν
1908 641 2091 691 εὐκίνητον
2128 645 2214 698 πρὸς
2246 645 2406 696 ἀδικίαν,
2432 640 2497 685 ωδ’

1427 699 1511 746 ἡμῖν
1528 699 1767 751 παρηγγέλθω
1787 706 1878 739 πᾶσι
1895 716 1967 745 τοις
1983 702 2150 749 τοιούτοις
2170 706 2331 751 πολίταις
2353 704 2415 746 καὶ
2433 721 2499 746 πο·

1426 757 1537 796 λίτισι
1567 773 1628 797 και
1651 757 1839 808 ξυνοίκοις,
1876 763 2080 812 μεμνῆσθαι
2106 765 2193 803 θεῶν
2227 766 2275 810 ὡς
2304 765 2415 805 ὄντων
2436 765 2499 804 καὶ

1428 817 1527 863 δίκας
1568 817 1842 869 ἐπιπεμπόντων
1875 826 1947 863 τοῖς
1978 821 2129 866 ἀδίκοις·
2160 823 2221 862 και
2238 823 2397 864 τίθεσθαι
2425 824 2495 878 πρὸ

1426 877 1600 927 ὀμμάτων
1630 877 1689 916 τὸν
1710 877 1833 931 καιρὸν
1868 895 2014 930 τουτον,
2034 883 2069 920 ἐν
2098 875 2127 935 ῳ
2163 881 2299 933 γίνεται
2331 882 2373 922 τὸ
2401 883 2501 929 τέλος

1427 937 1567 992 ἑκάστῳ
1588 940 1651 986 τῆς
1681 940 1893 991 ἀπαλλαγῇ-ς
1921 940 1983 980 τοῦ
2012 943 2095 988 ζῆν·
2116 948 2207 982 πᾶσι
2237 942 2305 997 γὰρ
2329 944 2498 996 ἐμπίπτει

1427 996 1646 1048 μεταμέλεια
1676 998 1747 1041 τοῖς
1769 997 1938 1049 μέλλουσι
1964 1001 2157 1054 τελευταν,
2180 1001 2421 1055 μεμνημένοις
2449 997 2499 1043 ὧν

1425 1056 1618 1104 ἠδικήκασι
1644 1057 1706 1096 καὶ
1725 1058 1819 1111 ὁρμὴ
1847 1062 1909 1098 τοῦ
1932 1059 2122 1112 βούλεσθαι
2147 1062 2268 1101 πάντα
2288 1067 2497 1117 πεπρᾶχθαι

1425 1116 1570 1161 δικαίως
1591 1117 1724 1162 αὐτοῖς.
1783 1118 1849 1158 Διὸ
1874 1120 1926 1158 δεῖ
1950 1118 2100 1160 ἕκαστον
2123 1121 2209 1175 παρ’
2230 1122 2385 1170 ἑκάστην
2405 1129 2503 1177 πρᾶ-

1423 1176 1473 1223 ξιν
1495 1177 1550 1216 ἀει
1579 1181 1794 1216 συνοικειοῦν
1815 1193 1874 1216 τον
1896 1179 2018 1232 καιρὸν
2039 1183 2163 1220 τοῦτον
2185 1182 2232 1226 ὡς
2252 1181 2295 1229 δὴ
2315 1181 2499 1235 παρόντα·

1423 1236 1514 1276 ου’τω
1528 1236 1597 1290 γὰρ
1618 1236 1660 1276 ἂν
1682 1238 1839 1289 μάλιστα
1860 1241 1922 1278 τοῦ
1940 1240 2052 1278 καλοῦ
2070 1256 2134 1280 και
2152 1245 2214 1281 τοῦ
2235 1241 2373 1281 δικαίου
2395 1257 2501 1296 φρον·

1422 1299 1519 1338 τιεῖν,
1576 1296 1666 1338 Ἐὰν
1699 1297 1736 1336 δέ
1766 1300 1816 1352 τῷ
1845 1302 2014 1354 παραστῇ
2047 1300 2186 1352 δαίμων
2215 1301 2325 1346 κακὸς
2356 1301 2499 1354 τρέπων

1424 1359 1511 1413 πρὸς
1533 1358 1698 1410 ἀδικίαν,
1722 1358 1912 1413 διατρίὸειν
1942 1360 2029 1413 πρὸς
2056 1366 2154 1406 ναοῖς
2177 1361 2240 1401 καὶ
2271 1364 2406 1415 βωμοῖς
2437 1361 2502 1401 καὶ

1425 1419 1608 1470 τεμένεσι,
1631 1417 1805 1471 φεύγοντα
1823 1417 1887 1467 τὴν
1917 1419 2058 1459 ἀδικίαν
2078 1423 2126 1465 ὡς
2155 1419 2345 1461 δέσποιναν
2365 1421 2501 1461 ἀσεὸε·

1424 1478 1555 1526 στάτην
1577 1477 1638 1517 καὶ
1658 1478 1941 1531 χαλεπωτάτην,
1961 1481 2164 1520 ἱκετεύοντα
2189 1480 2277 1526 τοὺς
2290 1480 2386 1525 θεοὺς
2415 1497 2500 1521 συν-

1424 1537 1634 1591 αποτρέπειν
1657 1537 1780 1585 αὐτήν.
1840 1537 1948 1578 Ἷέναι
1973 1538 2011 1577 δέ
2040 1539 2102 1578 καὶ
2134 1538 2224 1593 πρὸς
2244 1540 2373 1593 ἄνδρας
2396 1540 2502 1587 δόξαν

1426 1596 1575 1650 ἔχοντας
1594 1598 1650 1636 ἐπ’
1671 1596 1912 1650 ἀνδραγαθίᾳ,
1934 1598 2171 1649 ἀκουσόμενον
2193 1598 2276 1653 περὶ
2295 1599 2500 1652 εὐδαίμονος

1430 1656 1508 1709 βίου
1539 1656 1601 1695 καὶ
1623 1658 1743 1696 κακῶν
1780 1658 1917 1709 ἀνδρῶν
1944 1658 2138 1710 τιμωρίας,
2158 1657 2216 1698 ἵνα
2251 1659 2499 1712 ἀποτρέπῃ-ται

1427 1718 1496 1755 τῶν
1518 1715 1646 1755 ἀδίκων
1668 1715 1780 1768 ἔργων
1802 1717 2072 1768 δεισιδαιμονῶν
2098 1716 2268 1767 δαίμονας
2285 1718 2497 1772 ἀλάστορας.

1428 1774 1573 1820 Πάντας
1594 1775 1630 1815 δὲ
1650 1781 1760 1828 τιμᾷν
1798 1780 1813 1799 ⁰
1831 1774 1910 1820 τους
1940 1792 2194 1822 κατοικουντας
2220 1775 2285 1825 τὴν
2313 1777 2416 1817 πόλιν
2435 1777 2502 1821 καὶ

1426 1837 1497 1878 τοῖς
1521 1835 1638 1880 ἄλλοις
1674 1834 1836 1887 νομίμοις
1855 1851 1916 1875 και
1945 1836 2017 1881 τοῖς
2042 1835 2203 1891 πατρίοις
2218 1834 2239 1860 ⁴³
2265 1835 2348 1882 τους
2381 1835 2498 1881 θεούς·

1426 1893 1560 1948 πάτρια
1581 1894 1618 1934 δὲ
1642 1888 1731 1934 εἶναι
1751 1894 1796 1935 τὰ
1822 1895 2012 1937 κάλλιστα.
2069 1898 2270 1936 Πεπεῖσθαι
2293 1895 2329 1935 δὲ
2349 1898 2421 1942 τοῖς
2435 1895 2496 1936 νό-

1423 2105 1496 2129 rum
1520 2096 1590 2129 illos
1607 2105 1748 2138 quorum
1773 2096 1875 2129 animi
1899 2105 1965 2129 non
1987 2097 2080 2130 facile
2108 2097 2148 2130 ad
2166 2097 2239 2131 hoec
2257 2101 2498 2132 convertuntur

1425 2152 1548 2194 quique
1565 2154 1710 2186 mentem
1732 2152 1773 2185 ad
1793 2153 1987 2194 injustitiam
2015 2163 2152 2196 pronam
2170 2145 2310 2196 liabent,
2326 2155 2423 2189 simul
2440 2157 2493 2189 vi-

1422 2220 1475 2244 ros
1489 2212 1587 2245 simul
1601 2213 1752 2246 mulieres
1761 2238 1772 2254 ,
1789 2213 1878 2246 cives
1891 2213 2039 2255 aliosque
2052 2215 2225 2256 populares
2238 2215 2381 2248 monitos
2395 2214 2492 2249 velim

1425 2272 1612 2304 meminisse
1640 2272 1777 2305 deorum
1791 2296 1800 2312 ,
1819 2274 1856 2305 ut
1874 2273 1930 2314 qui
1951 2277 1984 2305 et
2000 2273 2066 2306 sint
2088 2275 2121 2307 et
2140 2283 2273 2316 poenam
2295 2275 2339 2307 ab
2360 2275 2492 2317 iniustis

1422 2334 1570 2373 repetant
1588 2333 1688 2373 atque
1708 2333 1784 2365 ante
1803 2332 1915 2365 oculos
1933 2332 1996 2365 sibi
2014 2342 2134 2374 ponere
2150 2335 2282 2376 tempus
2306 2333 2386 2367 illud
2405 2336 2492 2377 quod

1422 2391 1599 2433 unicuique
1622 2391 1693 2425 tiuis
1710 2395 1757 2424 est
1773 2392 1850 2425 vitae
1873 2392 2043 2425 futurum:
2067 2393 2245 2426 morituros
2265 2393 2354 2426 enim
2373 2403 2486 2427 omnes

1422 2450 1615 2483 delictorum
1636 2459 1772 2484 suorum
1789 2460 1950 2484 memores
1972 2452 2162 2493 poenitentia
2172 2452 2296 2486 invadit
2309 2453 2492 2496 cupiditas-

1422 2519 1487 2551 que
1530 2510 1608 2543 vitae
1648 2510 1830 2551 universae,
1860 2511 1887 2543 si
1917 2510 1984 2544 fieri
2016 2514 2146 2554 posset,
2174 2512 2351 2553 justissime
2395 2516 2493 2548 aetoe.

1422 2571 1642 2609 Quamobrem
1659 2570 1803 2612 singulos
1815 2571 1946 2612 oportet
1969 2579 2097 2612 semper
2110 2572 2144 2603 in
2159 2570 2295 2612 singulis
2310 2571 2495 2606 actionibus

1422 2629 1469 2662 illi
1483 2630 1620 2672 tempori
1633 2631 1787 2672 tanquam
1802 2630 1952 2672 praesenti
1965 2639 2150 2664 assuescere
2166 2644 2174 2664 :
2193 2631 2272 2674 quia
2284 2632 2333 2665 sic
2348 2632 2495 2666 maxime

1423 2689 1550 2723 bonesti
1567 2690 1711 2732 Justiqne
1731 2699 1844 2723 curam
1862 2692 1969 2731 agent.
2016 2690 2051 2724 Si
2071 2691 2144 2732 quis
2158 2699 2238 2724 vero
2259 2700 2279 2724 a
2301 2692 2389 2725 malo
2404 2690 2490 2734 quo-

1423 2750 1510 2791 piam
1529 2750 1623 2791 genio
1640 2751 1770 2783 astante
1790 2750 1831 2782 ad
1848 2749 2044 2799 injusti-tiam
2063 2751 2228 2792 incitetur,
2246 2751 2276 2784 is
2291 2751 2332 2784 ad
2349 2752 2494 2794 templa,

1423 2818 1496 2842 aras
1520 2811 1553 2843 et
1576 2809 1713 2842 delubra
1734 2813 1892 2850 versetur,
1915 2810 2041 2851 fugiens
2062 2810 2256 2852 injustitiam
2271 2811 2362 2844 velut
2385 2811 2492 2844 domi·

1422 2878 1498 2902 nam
1522 2869 1701 2902 admodum
1722 2869 1856 2911 impiam
1876 2871 1910 2902 et
1927 2869 2100 2911 intestam,
2121 2870 2322 2913 deorumque
2339 2879 2434 2912 opem
2447 2870 2489 2903 ad

1421 2938 1493 2962 eam
1516 2928 1759 2972 propellendam
1785 2929 1953 2971 imploret.
2013 2931 2157 2963 Accedat
2182 2939 2312 2972 quoque
2333 2929 2374 2963 ad
2403 2930 2494 2963 viros

1422 2988 1593 3031 probitatis
1622 2989 1755 3023 nomine
1779 2989 1886 3022 claros
1899 3014 1909 3031 ,
1939 2989 1980 3023 de
2001 2989 2080 3022 vitae
2108 2989 2261 3022 felicitate
2276 2990 2309 3023 et
2328 2989 2491 3023 malorum

1421 3049 1591 3082 hominum
1608 3058 1703 3091 poena
1724 3049 1921 3083 disserentes
1938 3049 2126 3088 auditurus,
2144 3050 2180 3082 ut
2199 3048 2311 3090 genios
2325 3049 2489 3083 scelerum

1423 3109 1546 3142 ultores
1566 3111 1718 3142 metuens
1734 3108 1776 3141 ab
1795 3109 1925 3150 injustis
1944 3108 2141 3141 facinoribus
2157 3110 2334 3141 avertatur.
2380 3111 2488 3143 coete·

1423 3178 1496 3202 rum
1510 3169 1566 3211 qui
1581 3169 1695 3203 urbem
1711 3168 1856 3202 habitant
1872 3177 1984 3202 omnes
1998 3168 2075 3201 deos
2091 3177 2166 3201 cum
2180 3168 2250 3202 aliis
2266 3169 2402 3211 ritibus,
2417 3170 2491 3202 turn

1424 3229 1538 3272 patriis
1569 3229 1715 3262 venerari
1743 3228 1882 3268 debent,
1908 3228 2064 3270 quoniam
2096 3228 2210 3270 optimi
2244 3229 2487 3263 existimantur.

1422 3290 1583 3322 Praeterea
1597 3290 1733 3322 cunctos
1749 3289 1877 3330 oportet
1897 3287 2022 3329 legibus
2041 3287 2174 3321 obedire
2186 3313 2196 3329 ,
2216 3288 2380 3331 principes
2399 3297 2490 3322 reve·

1424 3348 1488 3382 reri
1504 3348 1610 3390 iisque
1628 3348 1742 3382 cedere
1758 3349 1792 3381 et
1813 3347 1971 3390 imperata
1996 3347 2101 3381 facere
2116 3360 2125 3381 ι
2143 3347 2304 3390 siquidem
2321 3350 2394 3390 post
2410 3347 2491 3380 deos

1423 3411 1456 3441 et
1475 3407 1588 3449 genios
1607 3409 1640 3441 et
1659 3408 1774 3441 heroes
1789 3407 1948 3449 proximis
1967 3407 2147 3441 honoribus
2165 3407 2355 3440 afficiuntur
2370 3415 2488 3449 paren-

1424 3468 1492 3508 tes,
1510 3467 1595 3509 leges
1608 3475 1648 3500 ac
1664 3466 1825 3509 principes
1844 3466 1930 3509 apud
1951 3466 2101 3500 hominos
2122 3466 2273 3500 cordatos
2285 3467 2319 3499 et
2338 3464 2379 3498 ad
2395 3465 2489 3498 inco-

1423 3526 1608 3561 lumitatem
1628 3526 1795 3569 pervenire
1823 3527 2003 3569 cupientes.
2049 3526 2114 3560 Sed
2140 3535 2236 3559 nemo
2256 3525 2351 3558 aliam
2371 3525 2487 3557 civita-
