<?xml version="1.0" encoding="UTF-8"?>
<!DOCTYPE html PUBLIC "-//W3C//DTD XHTML 1.0 Transitional//EN"
    "http://www.w3.org/TR/xhtml1/DTD/xhtml1-transitional.dtd">
<html xmlns="http://www.w3.org/1999/xhtml" xml:lang="en" lang="en">
 <head>
  <title>
</title>
<meta http-equiv="Content-Type" content="text/html;charset=utf-8" />
  <meta name='ocr-system' content='tesseract 3.04.00' />
  <meta name='ocr-capabilities' content='ocr_page ocr_carea ocr_par ocr_line ocrx_word'/>
</head>
<body>
  <div class='ocr_page' id='page_1' title='image "./fragmentaphiloso01mulluoft_0162.png"; bbox 0 0 2612 3814; ppageno 0'>
   <div class='ocr_carea' id='block_1_1' title="bbox 294 250 363 283">
    <p class='ocr_par' dir='ltr' id='par_1_1' title="bbox 294 250 363 283">
     <span class='ocr_line' id='line_1_1' title="bbox 294 250 363 283; baseline -0.014 0"><span class='ocrx_word' id='word_1_1' title='bbox 294 250 363 283; x_wconf 78' lang='lat'>122</span> 
     </span>
    </p>
   </div>
   <div class='ocr_carea' id='block_1_2' title="bbox 307 327 1328 853">
    <p class='ocr_par' dir='ltr' id='par_1_2' title="bbox 307 327 1328 621">
     <span class='ocr_line' id='line_1_2' title="bbox 307 327 1255 383; baseline -0.006 -11"><span class='ocrx_word' id='word_1_2' title='bbox 307 346 343 373; x_wconf 84' lang='lat' dir='ltr'>so</span> <span class='ocrx_word' id='word_1_3' title='bbox 362 330 440 371; x_wconf 83' lang='grc' dir='ltr'>οὐδέ</span> <span class='ocrx_word' id='word_1_4' title='bbox 460 346 494 369; x_wconf 90' lang='grc' dir='ltr'>τι</span> <span class='ocrx_word' id='word_1_5' title='bbox 507 329 718 383; x_wconf 78' lang='grc' dir='ltr'>χειρότερον·</span> <span class='ocrx_word' id='word_1_6' title='bbox 738 334 809 367; x_wconf 80' lang='grc' dir='ltr'>πᾶν</span> <span class='ocrx_word' id='word_1_7' title='bbox 830 327 866 367; x_wconf 79' lang='grc' dir='ltr'>δὲ</span> <span class='ocrx_word' id='word_1_8' title='bbox 886 328 991 366; x_wconf 84' lang='grc' dir='ltr'>πλέον</span> <span class='ocrx_word' id='word_1_9' title='bbox 1013 328 1105 367; x_wconf 81' lang='grc' dir='ltr'>ἐστὶν</span> <span class='ocrx_word' id='word_1_10' title='bbox 1123 328 1255 372; x_wconf 82' lang='grc' dir='ltr'>ἐόντος·</span> 
     </span>
     <span class='ocr_line' id='line_1_3' title="bbox 367 387 1229 442; baseline -0.001 -13"><span class='ocrx_word' id='word_1_11' title='bbox 367 394 415 442; x_wconf 85' lang='grc' dir='ltr'>τῷ</span> <span class='ocrx_word' id='word_1_12' title='bbox 436 388 573 442; x_wconf 72' lang='grc' dir='ltr'>ξυνεχὲς</span> <span class='ocrx_word' id='word_1_13' title='bbox 592 394 663 427; x_wconf 82' lang='grc' dir='ltr'>πᾶν</span> <span class='ocrx_word' id='word_1_14' title='bbox 682 389 787 435; x_wconf 73' lang='grc' dir='ltr'>ἐστιν,</span> <span class='ocrx_word' id='word_1_15' title='bbox 809 387 863 426; x_wconf 79' lang='grc' dir='ltr'>ἐὸν</span> <span class='ocrx_word' id='word_1_16' title='bbox 880 387 948 441; x_wconf 78' lang='grc' dir='ltr'>γὰρ</span> <span class='ocrx_word' id='word_1_17' title='bbox 967 387 1055 427; x_wconf 81' lang='grc' dir='ltr'>ἐόντι</span> <span class='ocrx_word' id='word_1_18' title='bbox 1074 387 1229 433; x_wconf 81' lang='grc' dir='ltr'>πελάζει.</span> 
     </span>
     <span class='ocr_line' id='line_1_4' title="bbox 368 446 1231 502; baseline -0.007 -14"><span class='ocrx_word' id='word_1_19' title='bbox 368 449 489 502; x_wconf 74' lang='grc' dir='ltr'>Αὐτὰρ</span> <span class='ocrx_word' id='word_1_20' title='bbox 507 447 671 495; x_wconf 83' lang='grc' dir='ltr'>ἀκίνητον</span> <span class='ocrx_word' id='word_1_21' title='bbox 694 447 859 499; x_wconf 82' lang='grc' dir='ltr'>μεγάλων</span> <span class='ocrx_word' id='word_1_22' title='bbox 881 448 916 485; x_wconf 79' lang='grc' dir='ltr'>ἐν</span> <span class='ocrx_word' id='word_1_23' title='bbox 934 446 1076 499; x_wconf 83' lang='grc' dir='ltr'>πείρασι</span> <span class='ocrx_word' id='word_1_24' title='bbox 1094 447 1231 496; x_wconf 74' lang='grc' dir='ltr'>δεσμῶν</span> 
     </span>
     <span class='ocr_line' id='line_1_5' title="bbox 367 504 1310 562; baseline -0.008 -13"><span class='ocrx_word' id='word_1_25' title='bbox 367 508 462 549; x_wconf 75' lang='grc' dir='ltr'>ἐστὶν</span> <span class='ocrx_word' id='word_1_26' title='bbox 473 507 641 562; x_wconf 77' lang='grc' dir='ltr'>ἄναρχον,</span> <span class='ocrx_word' id='word_1_27' title='bbox 656 507 849 553; x_wconf 88' lang='grc' dir='ltr'>ἄπαυστον,</span> <span class='ocrx_word' id='word_1_28' title='bbox 866 506 940 544; x_wconf 74' lang='grc' dir='ltr'>ἐπεὶ</span> <span class='ocrx_word' id='word_1_29' title='bbox 954 505 1085 557; x_wconf 75' lang='grc' dir='ltr'>γένεσις</span> <span class='ocrx_word' id='word_1_30' title='bbox 1099 504 1158 543; x_wconf 81' lang='grc' dir='ltr'>καὶ</span> <span class='ocrx_word' id='word_1_31' title='bbox 1172 504 1310 556; x_wconf 84' lang='grc' dir='ltr'>ὄλεθρος</span> 
     </span>
     <span class='ocr_line' id='line_1_6' title="bbox 367 563 1328 621; baseline -0.007 -14"><span class='ocrx_word' id='word_1_32' title='bbox 367 569 450 615; x_wconf 84' lang='grc' dir='ltr'>τῆλε</span> <span class='ocrx_word' id='word_1_33' title='bbox 472 567 557 619; x_wconf 81' lang='grc' dir='ltr'>μάλ’</span> <span class='ocrx_word' id='word_1_34' title='bbox 574 567 839 621; x_wconf 73' lang='grc' dir='ltr'>ἐπλάγχθησαν,</span> <span class='ocrx_word' id='word_1_35' title='bbox 860 567 980 605; x_wconf 57' lang='lat' dir='ltr'>dumos</span> <span class='ocrx_word' id='word_1_36' title='bbox 1002 563 1036 602; x_wconf 82' lang='grc' dir='ltr'>δὲ</span> <span class='ocrx_word' id='word_1_37' title='bbox 1051 563 1166 607; x_wconf 83' lang='grc' dir='ltr'>πίστις</span> <span class='ocrx_word' id='word_1_38' title='bbox 1186 563 1328 610; x_wconf 82' lang='grc' dir='ltr'>ἀληθής·</span> 
     </span>
    </p>

    <p class='ocr_par' dir='ltr' id='par_1_3' title="bbox 308 623 1324 853">
     <span class='ocr_line' id='line_1_7' title="bbox 308 623 1324 679; baseline -0.011 -10"><span class='ocrx_word' id='word_1_39' title='bbox 308 643 343 669; x_wconf 79' lang='grc'>85</span> <span class='ocrx_word' id='word_1_40' title='bbox 364 629 496 668; x_wconf 82' lang='grc' dir='ltr'>τωύτόν</span> <span class='ocrx_word' id='word_1_41' title='bbox 514 627 544 666; x_wconf 89' lang='grc' dir='ltr'>τ’</span> <span class='ocrx_word' id='word_1_42' title='bbox 562 630 596 666; x_wconf 83' lang='grc' dir='ltr'>ἐν</span> <span class='ocrx_word' id='word_1_43' title='bbox 616 630 738 679; x_wconf 72' lang='grc' dir='ltr'>τωύτῶ</span> <span class='ocrx_word' id='word_1_44' title='bbox 752 642 790 666; x_wconf 89' lang='grc' dir='ltr'>τε</span> <span class='ocrx_word' id='word_1_45' title='bbox 809 626 910 678; x_wconf 85' lang='grc' dir='ltr'>μένον</span> <span class='ocrx_word' id='word_1_46' title='bbox 929 626 1010 664; x_wconf 81' lang='grc' dir='ltr'>καθ’</span> <span class='ocrx_word' id='word_1_47' title='bbox 1027 623 1134 662; x_wconf 79' lang='grc' dir='ltr'>ἐωυτό</span> <span class='ocrx_word' id='word_1_48' title='bbox 1148 638 1184 661; x_wconf 88' lang='grc' dir='ltr'>τε</span> <span class='ocrx_word' id='word_1_49' title='bbox 1202 627 1324 660; x_wconf 85' lang='grc' dir='ltr'>κεῖται·</span> 
     </span>
     <span class='ocr_line' id='line_1_8' title="bbox 368 680 1296 739; baseline -0.008 -13"><span class='ocrx_word' id='word_1_50' title='bbox 368 687 476 732; x_wconf 77' lang='grc' dir='ltr'>οὕτως</span> <span class='ocrx_word' id='word_1_51' title='bbox 497 686 648 739; x_wconf 79' lang='grc' dir='ltr'>ἔμπεδον</span> <span class='ocrx_word' id='word_1_52' title='bbox 669 680 747 725; x_wconf 64' lang='grc' dir='ltr'>αὖθι</span> <span class='ocrx_word' id='word_1_53' title='bbox 768 685 879 737; x_wconf 88' lang='grc' dir='ltr'>μένει·</span> <span class='ocrx_word' id='word_1_54' title='bbox 898 682 1051 737; x_wconf 81' lang='grc' dir='ltr'>κρατερὴ</span> <span class='ocrx_word' id='word_1_55' title='bbox 1072 682 1139 734; x_wconf 80' lang='grc' dir='ltr'>γὰρ</span> <span class='ocrx_word' id='word_1_56' title='bbox 1161 680 1296 733; x_wconf 78' lang='grc' dir='ltr'>ἀνάγκη</span> 
     </span>
     <span class='ocr_line' id='line_1_9' title="bbox 369 739 1293 798; baseline -0.009 -10"><span class='ocrx_word' id='word_1_57' title='bbox 369 747 532 798; x_wconf 79' lang='grc' dir='ltr'>πείρατος</span> <span class='ocrx_word' id='word_1_58' title='bbox 553 750 587 787; x_wconf 83' lang='grc' dir='ltr'>ἐν</span> <span class='ocrx_word' id='word_1_59' title='bbox 609 748 785 797; x_wconf 84' lang='grc' dir='ltr'>δεσμοῖσιν</span> <span class='ocrx_word' id='word_1_60' title='bbox 807 744 880 797; x_wconf 86' lang='grc' dir='ltr'>ἔχει</span> <span class='ocrx_word' id='word_1_61' title='bbox 899 759 937 782; x_wconf 91' lang='grc' dir='ltr'>τε</span> <span class='ocrx_word' id='word_1_62' title='bbox 959 748 1018 781; x_wconf 78' lang='grc' dir='ltr'>καὶ</span> <span class='ocrx_word' id='word_1_63' title='bbox 1042 742 1149 795; x_wconf 76' lang='grc' dir='ltr'>ἀμφὶς</span> <span class='ocrx_word' id='word_1_64' title='bbox 1168 739 1293 794; x_wconf 82' lang='grc' dir='ltr'>ἐέργει.</span> 
     </span>
     <span class='ocr_line' id='line_1_10' title="bbox 369 796 1230 853; baseline -0.009 -7"><span class='ocrx_word' id='word_1_65' title='bbox 369 808 521 847; x_wconf 76' lang='grc' dir='ltr'>Οὕνεκεν</span> <span class='ocrx_word' id='word_1_66' title='bbox 543 809 604 845; x_wconf 81' lang='grc' dir='ltr'>οὐκ</span> <span class='ocrx_word' id='word_1_67' title='bbox 626 804 856 852; x_wconf 83' lang='grc' dir='ltr'>ἀτελεύτητον</span> <span class='ocrx_word' id='word_1_68' title='bbox 875 802 914 841; x_wconf 81' lang='grc' dir='ltr'>τὸ</span> <span class='ocrx_word' id='word_1_69' title='bbox 932 802 988 841; x_wconf 84' lang='grc' dir='ltr'>ἐὸν</span> <span class='ocrx_word' id='word_1_70' title='bbox 1009 802 1106 853; x_wconf 82' lang='grc' dir='ltr'>θέμις</span> <span class='ocrx_word' id='word_1_71' title='bbox 1124 796 1230 840; x_wconf 67' lang='grc' dir='ltr'>εἶναι·</span> 
     </span>
    </p>
   </div>
   <div class='ocr_carea' id='block_1_3' title="bbox 272 976 1337 2936">
    <p class='ocr_par' dir='ltr' id='par_1_4' title="bbox 277 976 1337 1390">
     <span class='ocr_line' id='line_1_11' title="bbox 335 976 1334 1029; baseline -0.008 -8"><span class='ocrx_word' id='word_1_72' title='bbox 335 986 380 1021; x_wconf 86' lang='lat' dir='ltr'>V.</span> <span class='ocrx_word' id='word_1_73' title='bbox 406 984 466 1019; x_wconf 78' lang='lat'>80.</span> <span class='ocrx_word' id='word_1_74' title='bbox 486 987 554 1019; x_wconf 83' lang='grc' dir='ltr'>πᾶν</span> <span class='ocrx_word' id='word_1_75' title='bbox 574 980 608 1019; x_wconf 80' lang='grc' dir='ltr'>δὲ</span> <span class='ocrx_word' id='word_1_76' title='bbox 630 979 748 1029; x_wconf 81' lang='grc' dir='ltr'>πλέον)</span> <span class='ocrx_word' id='word_1_77' title='bbox 773 979 990 1029; x_wconf 81' lang='lat' dir='ltr'>Simplicius</span> <span class='ocrx_word' id='word_1_78' title='bbox 1015 976 1144 1016; x_wconf 84' lang='grc' dir='ltr'>πλέων.</span> <span class='ocrx_word' id='word_1_79' title='bbox 1176 979 1334 1014; x_wconf 86' lang='lat' dir='ltr'>Parme-</span> 
     </span>
     <span class='ocr_line' id='line_1_12' title="bbox 281 1037 1337 1080; baseline -0.007 0"><span class='ocrx_word' id='word_1_80' title='bbox 281 1044 433 1080; x_wconf 84' lang='lat' dir='ltr'>nideam</span> <span class='ocrx_word' id='word_1_81' title='bbox 460 1042 681 1079; x_wconf 81' lang='lat' dir='ltr'>sententiam</span> <span class='ocrx_word' id='word_1_82' title='bbox 712 1041 787 1077; x_wconf 89' lang='lat' dir='ltr'>alio</span> <span class='ocrx_word' id='word_1_83' title='bbox 809 1038 985 1076; x_wconf 82' lang='lat' dir='ltr'>transfert</span> <span class='ocrx_word' id='word_1_84' title='bbox 1004 1038 1106 1075; x_wconf 90' lang='lat' dir='ltr'>idem</span> <span class='ocrx_word' id='word_1_85' title='bbox 1127 1037 1337 1075; x_wconf 86' lang='lat' dir='ltr'>Aristotelis</span> 
     </span>
     <span class='ocr_line' id='line_1_13' title="bbox 277 1094 1336 1151; baseline -0.003 -14"><span class='ocrx_word' id='word_1_86' title='bbox 277 1104 504 1151; x_wconf 56' lang='lat' dir='ltr'>explanator</span> <span class='ocrx_word' id='word_1_87' title='bbox 521 1102 568 1139; x_wconf 92' lang='lat' dir='ltr'>de</span> <span class='ocrx_word' id='word_1_88' title='bbox 583 1104 657 1140; x_wconf 88' lang='lat' dir='ltr'>An.</span> <span class='ocrx_word' id='word_1_89' title='bbox 678 1098 736 1139; x_wconf 86' lang='lat'>111</span> <span class='ocrx_word' id='word_1_90' title='bbox 754 1100 781 1139; x_wconf 88' lang='lat' dir='ltr'>f.</span> <span class='ocrx_word' id='word_1_91' title='bbox 801 1112 866 1147; x_wconf 84' lang='lat'>72,</span> <span class='ocrx_word' id='word_1_92' title='bbox 881 1100 921 1138; x_wconf 89' lang='lat' dir='ltr'>b.</span> <span class='ocrx_word' id='word_1_93' title='bbox 939 1099 1002 1137; x_wconf 80' lang='lat' dir='ltr'>Ait</span> <span class='ocrx_word' id='word_1_94' title='bbox 1015 1105 1141 1135; x_wconf 91' lang='lat' dir='ltr'>autem</span> <span class='ocrx_word' id='word_1_95' title='bbox 1161 1111 1170 1135; x_wconf 73' lang='grc' dir='ltr'>ε</span> <span class='ocrx_word' id='word_1_96' title='bbox 1190 1094 1336 1148; x_wconf 68' lang='grc' dir='ltr'>’Ὠσπερ</span> 
     </span>
     <span class='ocr_line' id='line_1_14' title="bbox 281 1154 1336 1212; baseline -0.003 -15"><span class='ocrx_word' id='word_1_97' title='bbox 281 1164 349 1203; x_wconf 90' lang='grc' dir='ltr'>τοῖς</span> <span class='ocrx_word' id='word_1_98' title='bbox 366 1160 497 1205; x_wconf 75' lang='grc' dir='ltr'>νοητοῖς</span> <span class='ocrx_word' id='word_1_99' title='bbox 516 1160 650 1209; x_wconf 76' lang='grc' dir='ltr'>οὐδαμῆ</span> <span class='ocrx_word' id='word_1_100' title='bbox 671 1173 776 1212; x_wconf 86' lang='grc' dir='ltr'>φησιν</span> <span class='ocrx_word' id='word_1_101' title='bbox 799 1160 818 1196; x_wconf 85' lang='grc' dir='ltr'>ὁ</span> <span class='ocrx_word' id='word_1_102' title='bbox 845 1156 1069 1210; x_wconf 81' lang='grc' dir='ltr'>Παρμενίδης</span> <span class='ocrx_word' id='word_1_103' title='bbox 1088 1155 1127 1194; x_wconf 85' lang='grc' dir='ltr'>τὸ</span> <span class='ocrx_word' id='word_1_104' title='bbox 1147 1156 1196 1207; x_wconf 85' lang='grc' dir='ltr'>μὴ</span> <span class='ocrx_word' id='word_1_105' title='bbox 1219 1154 1256 1195; x_wconf 85' lang='grc' dir='ltr'>ὂν</span> <span class='ocrx_word' id='word_1_106' title='bbox 1278 1157 1336 1195; x_wconf 85' lang='grc' dir='ltr'>ἐν-</span> 
     </span>
     <span class='ocr_line' id='line_1_15' title="bbox 281 1215 1337 1270; baseline -0.003 -13"><span class='ocrx_word' id='word_1_107' title='bbox 281 1221 503 1270; x_wconf 80' lang='grc' dir='ltr'>θεωρεῖσθαι,</span> <span class='ocrx_word' id='word_1_108' title='bbox 524 1217 614 1257; x_wconf 82' lang='grc' dir='ltr'>οὕτω</span> <span class='ocrx_word' id='word_1_109' title='bbox 633 1218 693 1256; x_wconf 83' lang='grc' dir='ltr'>καὶ</span> <span class='ocrx_word' id='word_1_110' title='bbox 713 1220 735 1265; x_wconf 89' lang='grc' dir='ltr'>ἡ</span> <span class='ocrx_word' id='word_1_111' title='bbox 760 1216 861 1256; x_wconf 86' lang='grc' dir='ltr'>οὖσία</span> <span class='ocrx_word' id='word_1_112' title='bbox 886 1221 949 1264; x_wconf 72' lang='grc' dir='ltr'>τῆς</span> <span class='ocrx_word' id='word_1_113' title='bbox 969 1219 1085 1269; x_wconf 76' lang='grc' dir='ltr'>ψυχῆς</span> <span class='ocrx_word' id='word_1_114' title='bbox 1104 1216 1163 1254; x_wconf 81' lang='grc' dir='ltr'>καὶ</span> <span class='ocrx_word' id='word_1_115' title='bbox 1192 1219 1213 1264; x_wconf 82' lang='grc' dir='ltr'>ἡ</span> <span class='ocrx_word' id='word_1_116' title='bbox 1244 1215 1337 1254; x_wconf 85' lang='grc' dir='ltr'>κατὰ</span> 
     </span>
     <span class='ocr_line' id='line_1_16' title="bbox 278 1269 1336 1329; baseline -0.003 -14"><span class='ocrx_word' id='word_1_117' title='bbox 278 1277 343 1324; x_wconf 85' lang='grc' dir='ltr'>τὴν</span> <span class='ocrx_word' id='word_1_118' title='bbox 353 1277 472 1316; x_wconf 82' lang='grc' dir='ltr'>οὐσίαν</span> <span class='ocrx_word' id='word_1_119' title='bbox 490 1276 663 1328; x_wconf 81' lang='grc' dir='ltr'>ἱσταμένη</span> <span class='ocrx_word' id='word_1_120' title='bbox 681 1275 852 1329; x_wconf 72' lang='grc' dir='ltr'>ἐνέργεια,</span> <span class='ocrx_word' id='word_1_121' title='bbox 868 1276 1007 1328; x_wconf 77' lang='grc' dir='ltr'>πλήρης</span> <span class='ocrx_word' id='word_1_122' title='bbox 1021 1269 1109 1314; x_wconf 70' lang='grc' dir='ltr'>οῧσα</span> <span class='ocrx_word' id='word_1_123' title='bbox 1131 1277 1270 1326; x_wconf 67' lang='grc' dir='ltr'>ἑαυτῆς,</span> <span class='ocrx_word' id='word_1_124' title='bbox 1286 1277 1336 1328; x_wconf 83' lang='grc' dir='ltr'>τῷ</span> 
     </span>
     <span class='ocr_line' id='line_1_17' title="bbox 280 1335 782 1390; baseline 0 -15"><span class='ocrx_word' id='word_1_125' title='bbox 280 1336 330 1387; x_wconf 77' lang='grc' dir='ltr'>μὴ</span> <span class='ocrx_word' id='word_1_126' title='bbox 350 1336 423 1376; x_wconf 83' lang='grc' dir='ltr'>ὄντι</span> <span class='ocrx_word' id='word_1_127' title='bbox 450 1337 569 1390; x_wconf 83' lang='grc' dir='ltr'>χώραν</span> <span class='ocrx_word' id='word_1_128' title='bbox 589 1338 626 1375; x_wconf 82' lang='grc' dir='ltr'>οὐ</span> <span class='ocrx_word' id='word_1_129' title='bbox 645 1335 782 1375; x_wconf 84' lang='grc' dir='ltr'>δίδωσι.</span> 
     </span>
    </p>

    <p class='ocr_par' dir='ltr' id='par_1_5' title="bbox 276 1393 1336 1678">
     <span class='ocr_line' id='line_1_18' title="bbox 331 1393 1336 1449; baseline -0.004 -13"><span class='ocrx_word' id='word_1_130' title='bbox 331 1400 376 1439; x_wconf 88' lang='lat' dir='ltr'>V.</span> <span class='ocrx_word' id='word_1_131' title='bbox 398 1397 464 1438; x_wconf 85' lang='lat'>81.</span> <span class='ocrx_word' id='word_1_132' title='bbox 498 1398 622 1434; x_wconf 88' lang='lat' dir='ltr'>Verba</span> <span class='ocrx_word' id='word_1_133' title='bbox 657 1395 711 1434; x_wconf 76' lang='grc' dir='ltr'>ἐὸν</span> <span class='ocrx_word' id='word_1_134' title='bbox 737 1393 807 1449; x_wconf 84' lang='grc' dir='ltr'>γὰρ</span> <span class='ocrx_word' id='word_1_135' title='bbox 836 1393 929 1434; x_wconf 89' lang='grc' dir='ltr'>ἐόντι</span> <span class='ocrx_word' id='word_1_136' title='bbox 961 1394 1296 1439; x_wconf 72' lang='grc' dir='ltr'>πελάζει·εἰῑῑιηῑιιι·</span> <span class='ocrx_word' id='word_1_137' title='bbox 1315 1409 1336 1432; x_wconf 91' lang='lat' dir='ltr'>a</span> 
     </span>
     <span class='ocr_line' id='line_1_19' title="bbox 279 1455 1333 1505; baseline 0 -13"><span class='ocrx_word' id='word_1_138' title='bbox 279 1457 431 1494; x_wconf 88' lang='lat' dir='ltr'>Plotino</span> <span class='ocrx_word' id='word_1_139' title='bbox 465 1457 560 1494; x_wconf 89' lang='lat' dir='ltr'>Enn.</span> <span class='ocrx_word' id='word_1_140' title='bbox 595 1458 656 1495; x_wconf 91' lang='lat' dir='ltr'>VI.</span> <span class='ocrx_word' id='word_1_141' title='bbox 679 1456 745 1494; x_wconf 92' lang='lat' dir='ltr'>lib.</span> <span class='ocrx_word' id='word_1_142' title='bbox 769 1457 834 1505; x_wconf 81' lang='lat' dir='ltr'>lv,</span> <span class='ocrx_word' id='word_1_143' title='bbox 855 1469 886 1491; x_wconf 90' lang='lat' dir='ltr'>c.</span> <span class='ocrx_word' id='word_1_144' title='bbox 915 1461 935 1500; x_wconf 77' lang='lat'>4</span> <span class='ocrx_word' id='word_1_145' title='bbox 957 1469 994 1505; x_wconf 89' lang='lat' dir='ltr'>p.</span> <span class='ocrx_word' id='word_1_146' title='bbox 1019 1455 1184 1501; x_wconf 77' lang='lat' dir='ltr'><strong>648‚-A;</strong></span> <span class='ocrx_word' id='word_1_147' title='bbox 1208 1456 1333 1492; x_wconf 84' lang='lat' dir='ltr'>Philo-</span> 
     </span>
     <span class='ocr_line' id='line_1_20' title="bbox 277 1516 1333 1566; baseline -0.001 -13"><span class='ocrx_word' id='word_1_148' title='bbox 277 1529 383 1566; x_wconf 91' lang='lat' dir='ltr'>pono</span> <span class='ocrx_word' id='word_1_149' title='bbox 404 1516 451 1553; x_wconf 87' lang='lat' dir='ltr'>ad</span> <span class='ocrx_word' id='word_1_150' title='bbox 468 1518 582 1554; x_wconf 85' lang='lat' dir='ltr'>Arist.</span> <span class='ocrx_word' id='word_1_151' title='bbox 606 1517 715 1564; x_wconf 81' lang='lat' dir='ltr'>Phys.</span> <span class='ocrx_word' id='word_1_152' title='bbox 735 1517 776 1553; x_wconf 92' lang='lat' dir='ltr'>B.</span> <span class='ocrx_word' id='word_1_153' title='bbox 801 1529 839 1564; x_wconf 88' lang='lat' dir='ltr'>p.</span> <span class='ocrx_word' id='word_1_154' title='bbox 856 1528 879 1563; x_wconf 88' lang='lat'>9</span> <span class='ocrx_word' id='word_1_155' title='bbox 892 1523 930 1551; x_wconf 89' lang='lat' dir='ltr'>et</span> <span class='ocrx_word' id='word_1_156' title='bbox 946 1516 1083 1552; x_wconf 89' lang='lat' dir='ltr'>Proclo</span> <span class='ocrx_word' id='word_1_157' title='bbox 1103 1517 1143 1551; x_wconf 93' lang='lat' dir='ltr'>in</span> <span class='ocrx_word' id='word_1_158' title='bbox 1160 1517 1333 1553; x_wconf 87' lang='lat' dir='ltr'>Parmen.</span> 
     </span>
     <span class='ocr_line' id='line_1_21' title="bbox 276 1574 1336 1626; baseline 0 -13"><span class='ocrx_word' id='word_1_159' title='bbox 276 1578 322 1615; x_wconf 85' lang='lat' dir='ltr'>T.</span> <span class='ocrx_word' id='word_1_160' title='bbox 345 1578 394 1614; x_wconf 92' lang='lat' dir='ltr'>IV</span> <span class='ocrx_word' id='word_1_161' title='bbox 408 1589 450 1625; x_wconf 86' lang='lat' dir='ltr'>p.</span> <span class='ocrx_word' id='word_1_162' title='bbox 471 1575 520 1612; x_wconf 90' lang='grc'>62</span> <span class='ocrx_word' id='word_1_163' title='bbox 536 1583 573 1611; x_wconf 91' lang='lat' dir='ltr'>et</span> <span class='ocrx_word' id='word_1_164' title='bbox 591 1587 682 1611; x_wconf 83' lang='lat'>120.</span> <span class='ocrx_word' id='word_1_165' title='bbox 705 1574 822 1623; x_wconf 88' lang='lat' dir='ltr'>Apud</span> <span class='ocrx_word' id='word_1_166' title='bbox 839 1574 1023 1612; x_wconf 89' lang='lat' dir='ltr'>Proclum</span> <span class='ocrx_word' id='word_1_167' title='bbox 1045 1575 1226 1613; x_wconf 90' lang='lat' dir='ltr'><strong>mendose</strong></span> <span class='ocrx_word' id='word_1_168' title='bbox 1243 1577 1336 1626; x_wconf 85' lang='lat' dir='ltr'>legi-</span> 
     </span>
     <span class='ocr_line' id='line_1_22' title="bbox 278 1633 519 1678; baseline -0.008 -6"><span class='ocrx_word' id='word_1_169' title='bbox 278 1643 340 1672; x_wconf 86' lang='lat' dir='ltr'>tur</span> <span class='ocrx_word' id='word_1_170' title='bbox 355 1633 519 1678; x_wconf 81' lang='grc' dir='ltr'>πελάξαι.</span> 
     </span>
    </p>

    <p class='ocr_par' dir='ltr' id='par_1_6' title="bbox 273 1691 1334 2624">
     <span class='ocr_line' id='line_1_23' title="bbox 329 1691 1334 1745; baseline 0.003 -15"><span class='ocrx_word' id='word_1_171' title='bbox 329 1695 376 1733; x_wconf 89' lang='lat' dir='ltr'>V.</span> <span class='ocrx_word' id='word_1_172' title='bbox 407 1694 472 1731; x_wconf 82' lang='grc'>82.</span> <span class='ocrx_word' id='word_1_173' title='bbox 496 1696 634 1732; x_wconf 86' lang='lat' dir='ltr'>Versus</span> <span class='ocrx_word' id='word_1_174' title='bbox 667 1693 794 1743; x_wconf 84' lang='grc'><strong>82-89</strong></span> <span class='ocrx_word' id='word_1_175' title='bbox 813 1691 950 1745; x_wconf 75' lang='grc' dir='ltr'>(Αὐτὰρ</span> <span class='ocrx_word' id='word_1_176' title='bbox 981 1691 1334 1741; x_wconf 78' lang='grc' dir='ltr'>ἀκίνητον-παντὸς</span> 
     </span>
     <span class='ocr_line' id='line_1_24' title="bbox 276 1753 1330 1806; baseline 0.002 -15"><span class='ocrx_word' id='word_1_177' title='bbox 276 1753 397 1802; x_wconf 83' lang='grc' dir='ltr'>ἐδεῖτο)</span> <span class='ocrx_word' id='word_1_178' title='bbox 416 1761 564 1791; x_wconf 87' lang='lat' dir='ltr'>exstant</span> <span class='ocrx_word' id='word_1_179' title='bbox 594 1753 697 1802; x_wconf 83' lang='lat' dir='ltr'>apud</span> <span class='ocrx_word' id='word_1_180' title='bbox 726 1755 966 1804; x_wconf 85' lang='lat' dir='ltr'><strong>Simplicium</strong></span> <span class='ocrx_word' id='word_1_181' title='bbox 992 1755 1041 1791; x_wconf 93' lang='lat' dir='ltr'>ad</span> <span class='ocrx_word' id='word_1_182' title='bbox 1071 1756 1183 1793; x_wconf 88' lang='lat' dir='ltr'>Arist.</span> <span class='ocrx_word' id='word_1_183' title='bbox 1218 1757 1330 1806; x_wconf 88' lang='lat' dir='ltr'>Phys.</span> 
     </span>
     <span class='ocr_line' id='line_1_25' title="bbox 275 1813 1331 1864; baseline 0.003 -14"><span class='ocrx_word' id='word_1_184' title='bbox 275 1814 302 1852; x_wconf 80' lang='lat' dir='ltr'>f.</span> <span class='ocrx_word' id='word_1_185' title='bbox 324 1826 364 1863; x_wconf 88' lang='lat'>9,</span> <span class='ocrx_word' id='word_1_186' title='bbox 392 1826 429 1859; x_wconf 86' lang='lat' dir='ltr'>a,</span> <span class='ocrx_word' id='word_1_187' title='bbox 457 1814 595 1850; x_wconf 88' lang='lat' dir='ltr'>omisso</span> <span class='ocrx_word' id='word_1_188' title='bbox 625 1826 735 1850; x_wconf 91' lang='lat' dir='ltr'>versu</span> <span class='ocrx_word' id='word_1_189' title='bbox 752 1813 800 1850; x_wconf 83' lang='lat'>85</span> <span class='ocrx_word' id='word_1_190' title='bbox 830 1827 944 1863; x_wconf 86' lang='lat' dir='ltr'>quem</span> <span class='ocrx_word' id='word_1_191' title='bbox 967 1816 1086 1864; x_wconf 87' lang='lat' dir='ltr'>tangit</span> <span class='ocrx_word' id='word_1_192' title='bbox 1107 1816 1265 1854; x_wconf 83' lang='lat' dir='ltr'>Procius</span> <span class='ocrx_word' id='word_1_193' title='bbox 1294 1818 1331 1853; x_wconf 91' lang='lat' dir='ltr'>in</span> 
     </span>
     <span class='ocr_line' id='line_1_26' title="bbox 274 1872 1330 1922; baseline 0.003 -13"><span class='ocrx_word' id='word_1_194' title='bbox 274 1873 448 1912; x_wconf 90' lang='lat' dir='ltr'>Parmen.</span> <span class='ocrx_word' id='word_1_195' title='bbox 477 1874 584 1910; x_wconf 91' lang='lat' dir='ltr'>Tom.</span> <span class='ocrx_word' id='word_1_196' title='bbox 601 1874 652 1910; x_wconf 94' lang='lat' dir='ltr'>IV</span> <span class='ocrx_word' id='word_1_197' title='bbox 678 1886 717 1922; x_wconf 88' lang='lat' dir='ltr'>p.</span> <span class='ocrx_word' id='word_1_198' title='bbox 743 1872 790 1909; x_wconf 80' lang='lat'>32</span> <span class='ocrx_word' id='word_1_199' title='bbox 820 1873 883 1912; x_wconf 87' lang='lat' dir='ltr'>ed.</span> <span class='ocrx_word' id='word_1_200' title='bbox 911 1874 1024 1912; x_wconf 89' lang='lat' dir='ltr'>Cous.</span> <span class='ocrx_word' id='word_1_201' title='bbox 1047 1876 1232 1912; x_wconf 80' lang='lat' dir='ltr'>Praeterea</span> <span class='ocrx_word' id='word_1_202' title='bbox 1246 1889 1330 1913; x_wconf 87' lang='lat' dir='ltr'>ver-</span> 
     </span>
     <span class='ocr_line' id='line_1_27' title="bbox 275 1928 1331 1984; baseline 0.004 -16"><span class='ocrx_word' id='word_1_203' title='bbox 275 1943 337 1968; x_wconf 89' lang='lat' dir='ltr'>sus</span> <span class='ocrx_word' id='word_1_204' title='bbox 375 1932 494 1975; x_wconf 77' lang='lat'><strong>82·84</strong></span> <span class='ocrx_word' id='word_1_205' title='bbox 524 1928 1000 1983; x_wconf 77' lang='grc' dir='ltr'>(Αὖτὰρ-ἐπλᾶγχθησαν)</span> <span class='ocrx_word' id='word_1_206' title='bbox 1036 1934 1249 1984; x_wconf 83' lang='lat' dir='ltr'><strong>allegantur</strong></span> <span class='ocrx_word' id='word_1_207' title='bbox 1284 1936 1331 1972; x_wconf 91' lang='lat' dir='ltr'>ab</span> 
     </span>
     <span class='ocr_line' id='line_1_28' title="bbox 276 1990 1331 2044; baseline 0.005 -17"><span class='ocrx_word' id='word_1_208' title='bbox 276 1990 412 2028; x_wconf 91' lang='lat' dir='ltr'>eodem</span> <span class='ocrx_word' id='word_1_209' title='bbox 438 1991 633 2039; x_wconf 88' lang='lat' dir='ltr'>Simplicio</span> <span class='ocrx_word' id='word_1_210' title='bbox 656 1991 680 2026; x_wconf 90' lang='lat' dir='ltr'>l.</span> <span class='ocrx_word' id='word_1_211' title='bbox 701 1991 727 2027; x_wconf 92' lang='lat' dir='ltr'>l.</span> <span class='ocrx_word' id='word_1_212' title='bbox 744 1991 771 2029; x_wconf 86' lang='lat' dir='ltr'>f.</span> <span class='ocrx_word' id='word_1_213' title='bbox 797 2004 859 2038; x_wconf 92' lang='lat'>17,</span> <span class='ocrx_word' id='word_1_214' title='bbox 880 2004 913 2029; x_wconf 83' lang='lat' dir='ltr'>a.</span> <span class='ocrx_word' id='word_1_215' title='bbox 937 1999 975 2028; x_wconf 91' lang='lat' dir='ltr'>et</span> <span class='ocrx_word' id='word_1_216' title='bbox 994 2000 1193 2041; x_wconf 87' lang='lat' dir='ltr'>sequentes</span> <span class='ocrx_word' id='word_1_217' title='bbox 1210 1994 1331 2044; x_wconf 85' lang='lat'><strong>85-89</strong></span> 
     </span>
     <span class='ocr_line' id='line_1_29' title="bbox 277 2047 1332 2103; baseline 0.004 -16"><span class='ocrx_word' id='word_1_218' title='bbox 277 2047 418 2103; x_wconf 85' lang='grc' dir='ltr'>(τωῦτόν</span> <span class='ocrx_word' id='word_1_219' title='bbox 437 2049 616 2100; x_wconf 82' lang='grc' dir='ltr'>-ἐδεῒτο)</span> <span class='ocrx_word' id='word_1_220' title='bbox 636 2051 663 2087; x_wconf 90' lang='lat' dir='ltr'>f.</span> <span class='ocrx_word' id='word_1_221' title='bbox 687 2065 721 2098; x_wconf 92' lang='lat'>7.</span> <span class='ocrx_word' id='word_1_222' title='bbox 746 2053 792 2088; x_wconf 89' lang='lat' dir='ltr'>A.</span> <span class='ocrx_word' id='word_1_223' title='bbox 819 2052 1072 2088; x_wconf 88' lang='lat' dir='ltr'>Eleaticorum</span> <span class='ocrx_word' id='word_1_224' title='bbox 1095 2062 1332 2102; x_wconf 83' lang='lat' dir='ltr'>argumenta-</span> 
     </span>
     <span class='ocr_line' id='line_1_30' title="bbox 276 2110 1330 2159; baseline 0.004 -13"><span class='ocrx_word' id='word_1_225' title='bbox 276 2111 438 2158; x_wconf 82' lang='lat' dir='ltr'>tionem,</span> <span class='ocrx_word' id='word_1_226' title='bbox 459 2122 535 2159; x_wconf 86' lang='lat' dir='ltr'>qua</span> <span class='ocrx_word' id='word_1_227' title='bbox 551 2111 647 2147; x_wconf 88' lang='lat' dir='ltr'>entis</span> <span class='ocrx_word' id='word_1_228' title='bbox 675 2111 923 2147; x_wconf 80' lang='lat' dir='ltr'>immobilitas</span> <span class='ocrx_word' id='word_1_229' title='bbox 949 2110 1247 2159; x_wconf 86' lang='lat' dir='ltr'>demonstratur,</span> <span class='ocrx_word' id='word_1_230' title='bbox 1278 2115 1330 2151; x_wconf 88' lang='lat' dir='ltr'>sic</span> 
     </span>
     <span class='ocr_line' id='line_1_31' title="bbox 275 2169 1328 2223; baseline 0.005 -17"><span class='ocrx_word' id='word_1_231' title='bbox 275 2169 473 2207; x_wconf 90' lang='lat' dir='ltr'>concludit</span> <span class='ocrx_word' id='word_1_232' title='bbox 499 2170 714 2206; x_wconf 79' lang='lat' dir='ltr'>Alexander</span> <span class='ocrx_word' id='word_1_233' title='bbox 739 2170 1047 2219; x_wconf 88' lang='lat' dir='ltr'>Aphrodisiensis</span> <span class='ocrx_word' id='word_1_234' title='bbox 1074 2184 1135 2221; x_wconf 90' lang='lat' dir='ltr'>ap.</span> <span class='ocrx_word' id='word_1_235' title='bbox 1158 2173 1328 2223; x_wconf 90' lang='lat' dir='ltr'>Simplic.</span> 
     </span>
     <span class='ocr_line' id='line_1_32' title="bbox 274 2226 1330 2278; baseline 0.006 -12"><span class='ocrx_word' id='word_1_236' title='bbox 274 2228 325 2266; x_wconf 85' lang='lat' dir='ltr'>ad</span> <span class='ocrx_word' id='word_1_237' title='bbox 341 2229 453 2266; x_wconf 88' lang='lat' dir='ltr'>Arist.</span> <span class='ocrx_word' id='word_1_238' title='bbox 474 2229 583 2278; x_wconf 81' lang='lat' dir='ltr'>Phys.</span> <span class='ocrx_word' id='word_1_239' title='bbox 607 2228 633 2268; x_wconf 87' lang='lat' dir='ltr'>f.</span> <span class='ocrx_word' id='word_1_240' title='bbox 656 2242 719 2278; x_wconf 84' lang='lat'>17,</span> <span class='ocrx_word' id='word_1_241' title='bbox 742 2241 779 2274; x_wconf 87' lang='lat' dir='ltr'>a,</span> <span class='ocrx_word' id='word_1_242' title='bbox 806 2229 832 2265; x_wconf 93' lang='lat' dir='ltr'>b</span> <span class='ocrx_word' id='word_1_243' title='bbox 851 2242 859 2266; x_wconf 92' lang='lat'><strong>:</strong></span> <span class='ocrx_word' id='word_1_244' title='bbox 878 2226 1058 2276; x_wconf 84' lang='grc' dir='ltr'>Ἀκίνητον</span> <span class='ocrx_word' id='word_1_245' title='bbox 1075 2230 1271 2271; x_wconf 78' lang='grc' dir='ltr'>δεικνύουσι</span> <span class='ocrx_word' id='word_1_246' title='bbox 1290 2233 1330 2272; x_wconf 79' lang='grc' dir='ltr'>τὸ</span> 
     </span>
     <span class='ocr_line' id='line_1_33' title="bbox 274 2285 1328 2345; baseline 0.005 -20"><span class='ocrx_word' id='word_1_247' title='bbox 274 2285 324 2335; x_wconf 81' lang='grc' dir='ltr'>ὄν,</span> <span class='ocrx_word' id='word_1_248' title='bbox 340 2285 427 2326; x_wconf 84' lang='grc' dir='ltr'>διότι</span> <span class='ocrx_word' id='word_1_249' title='bbox 451 2285 493 2325; x_wconf 81' lang='grc' dir='ltr'>τὸ</span> <span class='ocrx_word' id='word_1_250' title='bbox 510 2285 710 2336; x_wconf 82' lang='grc' dir='ltr'>κινούμενον</span> <span class='ocrx_word' id='word_1_251' title='bbox 745 2285 946 2332; x_wconf 84' lang='grc' dir='ltr'>ἐξίστασθαι</span> <span class='ocrx_word' id='word_1_252' title='bbox 979 2289 1072 2327; x_wconf 81' lang='grc' dir='ltr'>δοκεῖ</span> <span class='ocrx_word' id='word_1_253' title='bbox 1099 2289 1219 2329; x_wconf 83' lang='grc' dir='ltr'>τούτου</span> <span class='ocrx_word' id='word_1_254' title='bbox 1242 2293 1276 2329; x_wconf 85' lang='grc' dir='ltr'>ἐν</span> <span class='ocrx_word' id='word_1_255' title='bbox 1299 2286 1328 2345; x_wconf 73' lang='grc' dir='ltr'>ᾧ</span> 
     </span>
     <span class='ocr_line' id='line_1_34' title="bbox 275 2338 1327 2395; baseline 0.006 -12"><span class='ocrx_word' id='word_1_256' title='bbox 275 2347 379 2384; x_wconf 84' lang='grc' dir='ltr'>ἐστιν·</span> <span class='ocrx_word' id='word_1_257' title='bbox 402 2346 431 2384; x_wconf 79' lang='grc' dir='ltr'>εἰ</span> <span class='ocrx_word' id='word_1_258' title='bbox 457 2338 515 2385; x_wconf 61' lang='grc' dir='ltr'>οὖν</span> <span class='ocrx_word' id='word_1_259' title='bbox 535 2345 648 2384; x_wconf 75' lang='grc' dir='ltr'>καὶτὸ</span> <span class='ocrx_word' id='word_1_260' title='bbox 668 2344 705 2384; x_wconf 84' lang='grc' dir='ltr'>ὂν</span> <span class='ocrx_word' id='word_1_261' title='bbox 735 2348 879 2393; x_wconf 84' lang='grc' dir='ltr'>κινοῖτο,</span> <span class='ocrx_word' id='word_1_262' title='bbox 905 2346 1052 2395; x_wconf 85' lang='grc' dir='ltr'>ἐκσταίη</span> <span class='ocrx_word' id='word_1_263' title='bbox 1082 2347 1123 2386; x_wconf 80' lang='grc' dir='ltr'>ἂν</span> <span class='ocrx_word' id='word_1_264' title='bbox 1154 2349 1277 2389; x_wconf 85' lang='grc' dir='ltr'>τούτου</span> <span class='ocrx_word' id='word_1_265' title='bbox 1293 2353 1327 2389; x_wconf 87' lang='grc' dir='ltr'>ἐν</span> 
     </span>
     <span class='ocr_line' id='line_1_35' title="bbox 274 2398 1327 2459; baseline 0.006 -17"><span class='ocrx_word' id='word_1_266' title='bbox 274 2398 302 2455; x_wconf 78' lang='grc' dir='ltr'>ᾧ</span> <span class='ocrx_word' id='word_1_267' title='bbox 322 2405 431 2451; x_wconf 83' lang='grc' dir='ltr'>ἐστιν,</span> <span class='ocrx_word' id='word_1_268' title='bbox 450 2403 542 2443; x_wconf 80' lang='grc' dir='ltr'>ἐστὶν</span> <span class='ocrx_word' id='word_1_269' title='bbox 572 2403 608 2443; x_wconf 84' lang='grc' dir='ltr'>δὲ</span> <span class='ocrx_word' id='word_1_270' title='bbox 635 2407 669 2443; x_wconf 84' lang='grc' dir='ltr'>ἐν</span> <span class='ocrx_word' id='word_1_271' title='bbox 696 2407 747 2458; x_wconf 80' lang='grc' dir='ltr'>τῷ</span> <span class='ocrx_word' id='word_1_272' title='bbox 774 2400 874 2443; x_wconf 77' lang='grc' dir='ltr'>εἶναι·</span> <span class='ocrx_word' id='word_1_273' title='bbox 897 2405 938 2444; x_wconf 87' lang='grc' dir='ltr'>τὸ</span> <span class='ocrx_word' id='word_1_274' title='bbox 958 2405 994 2444; x_wconf 81' lang='grc' dir='ltr'>δὲ</span> <span class='ocrx_word' id='word_1_275' title='bbox 1020 2406 1244 2459; x_wconf 81' lang='grc' dir='ltr'>ἐξιστάμενον</span> <span class='ocrx_word' id='word_1_276' title='bbox 1266 2414 1327 2448; x_wconf 77' lang='grc' dir='ltr'>τοῦ</span> 
     </span>
     <span class='ocr_line' id='line_1_36' title="bbox 274 2457 1327 2518; baseline 0.005 -16"><span class='ocrx_word' id='word_1_277' title='bbox 274 2457 362 2502; x_wconf 66' lang='grc' dir='ltr'>εἶναι</span> <span class='ocrx_word' id='word_1_278' title='bbox 378 2462 567 2518; x_wconf 81' lang='grc' dir='ltr'>φθείρεται,</span> <span class='ocrx_word' id='word_1_279' title='bbox 589 2463 762 2518; x_wconf 70' lang='grc' dir='ltr'>ἄφθαρτον</span> <span class='ocrx_word' id='word_1_280' title='bbox 783 2464 871 2504; x_wconf 81' lang='grc' dir='ltr'>δὲτὸ</span> <span class='ocrx_word' id='word_1_281' title='bbox 897 2465 949 2505; x_wconf 87' lang='grc' dir='ltr'>ὄν.</span> <span class='ocrx_word' id='word_1_282' title='bbox 973 2469 1099 2516; x_wconf 88' lang='lat' dir='ltr'>Quum</span> <span class='ocrx_word' id='word_1_283' title='bbox 1117 2477 1245 2506; x_wconf 89' lang='lat' dir='ltr'>autem</span> <span class='ocrx_word' id='word_1_284' title='bbox 1265 2473 1327 2509; x_wconf 87' lang='lat' dir='ltr'>illa</span> 
     </span>
     <span class='ocr_line' id='line_1_37' title="bbox 274 2524 1326 2579; baseline 0.006 -19"><span class='ocrx_word' id='word_1_285' title='bbox 274 2525 370 2561; x_wconf 89' lang='lat' dir='ltr'>entis</span> <span class='ocrx_word' id='word_1_286' title='bbox 387 2524 628 2561; x_wconf 87' lang='lat' dir='ltr'>immobilitas</span> <span class='ocrx_word' id='word_1_287' title='bbox 643 2525 691 2560; x_wconf 88' lang='lat' dir='ltr'>ad</span> <span class='ocrx_word' id='word_1_288' title='bbox 708 2532 845 2561; x_wconf 87' lang='lat' dir='ltr'>statum</span> <span class='ocrx_word' id='word_1_289' title='bbox 866 2526 1106 2577; x_wconf 86' lang='lat' dir='ltr'>formamque</span> <span class='ocrx_word' id='word_1_290' title='bbox 1123 2528 1326 2579; x_wconf 86' lang='lat' dir='ltr'>referatur,</span> 
     </span>
     <span class='ocr_line' id='line_1_38' title="bbox 273 2581 966 2624; baseline 0.009 -7"><span class='ocrx_word' id='word_1_291' title='bbox 273 2581 368 2618; x_wconf 82' lang='lat' dir='ltr'>nihil</span> <span class='ocrx_word' id='word_1_292' title='bbox 387 2589 443 2618; x_wconf 88' lang='lat' dir='ltr'>est</span> <span class='ocrx_word' id='word_1_293' title='bbox 459 2583 529 2618; x_wconf 88' lang='lat' dir='ltr'>nisi</span> <span class='ocrx_word' id='word_1_294' title='bbox 549 2583 794 2620; x_wconf 89' lang='lat' dir='ltr'>immutabilis</span> <span class='ocrx_word' id='word_1_295' title='bbox 818 2593 966 2624; x_wconf 89' lang='lat' dir='ltr'>natura.</span> 
     </span>
    </p>

    <p class='ocr_par' dir='ltr' id='par_1_7' title="bbox 273 2638 1328 2750">
     <span class='ocr_line' id='line_1_39' title="bbox 329 2638 1328 2699; baseline 0.007 -21"><span class='ocrx_word' id='word_1_296' title='bbox 329 2642 372 2679; x_wconf 89' lang='lat' dir='ltr'>V.</span> <span class='ocrx_word' id='word_1_297' title='bbox 393 2641 458 2680; x_wconf 82' lang='grc'>83.</span> <span class='ocrx_word' id='word_1_298' title='bbox 476 2638 643 2693; x_wconf 80' lang='grc' dir='ltr'>ἄναρχον,</span> <span class='ocrx_word' id='word_1_299' title='bbox 658 2640 858 2694; x_wconf 83' lang='grc' dir='ltr'>ἄπαυστον)</span> <span class='ocrx_word' id='word_1_300' title='bbox 873 2645 1088 2694; x_wconf 89' lang='lat' dir='ltr'>Simplicius</span> <span class='ocrx_word' id='word_1_301' title='bbox 1108 2646 1133 2683; x_wconf 88' lang='lat' dir='ltr'>f.</span> <span class='ocrx_word' id='word_1_302' title='bbox 1159 2660 1204 2695; x_wconf 91' lang='lat'>17</span> <span class='ocrx_word' id='word_1_303' title='bbox 1225 2645 1328 2699; x_wconf 90' lang='grc' dir='ltr'>ἄναρ-</span> 
     </span>
     <span class='ocr_line' id='line_1_40' title="bbox 273 2697 913 2750; baseline 0.006 -14"><span class='ocrx_word' id='word_1_304' title='bbox 273 2712 336 2750; x_wconf 57' lang='lat' dir='ltr'>[pv</span> <span class='ocrx_word' id='word_1_305' title='bbox 355 2697 416 2736; x_wconf 73' lang='grc' dir='ltr'>καὶ</span> <span class='ocrx_word' id='word_1_306' title='bbox 436 2697 628 2739; x_wconf 84' lang='grc' dir='ltr'>ἄπαυστον.</span> <span class='ocrx_word' id='word_1_307' title='bbox 910 2712 913 2713; x_wconf 72' lang='grc'>’</span> 
     </span>
    </p>

    <p class='ocr_par' dir='ltr' id='par_1_8' title="bbox 272 2756 1325 2936">
     <span class='ocr_line' id='line_1_41' title="bbox 325 2756 1325 2812; baseline 0.01 -17"><span class='ocrx_word' id='word_1_308' title='bbox 325 2758 374 2796; x_wconf 89' lang='lat' dir='ltr'>V.</span> <span class='ocrx_word' id='word_1_309' title='bbox 397 2756 463 2802; x_wconf 79' lang='lat'>84.</span> <span class='ocrx_word' id='word_1_310' title='bbox 475 2758 559 2804; x_wconf 79' lang='grc' dir='ltr'>τῆλε</span> <span class='ocrx_word' id='word_1_311' title='bbox 573 2757 654 2808; x_wconf 82' lang='grc' dir='ltr'>μάλ’</span> <span class='ocrx_word' id='word_1_312' title='bbox 666 2757 916 2812; x_wconf 80' lang='grc' dir='ltr'>ε’πλοίγχθησαν</span> <span class='ocrx_word' id='word_1_313' title='bbox 932 2766 1149 2803; x_wconf 79' lang='lat' dir='ltr'>emendavit</span> <span class='ocrx_word' id='word_1_314' title='bbox 1164 2768 1325 2806; x_wconf 81' lang='lat' dir='ltr'>Karste-</span> 
     </span>
     <span class='ocr_line' id='line_1_42' title="bbox 272 2815 1323 2876; baseline 0.013 -25"><span class='ocrx_word' id='word_1_315' title='bbox 272 2815 358 2852; x_wconf 90' lang='lat' dir='ltr'>nius</span> <span class='ocrx_word' id='word_1_316' title='bbox 371 2828 443 2866; x_wconf 91' lang='lat' dir='ltr'>pro</span> <span class='ocrx_word' id='word_1_317' title='bbox 463 2818 618 2867; x_wconf 85' lang='lat' dir='ltr'>vulgato</span> <span class='ocrx_word' id='word_1_318' title='bbox 639 2818 720 2869; x_wconf 84' lang='grc' dir='ltr'>τῇδε</span> <span class='ocrx_word' id='word_1_319' title='bbox 739 2820 822 2868; x_wconf 87' lang='grc' dir='ltr'>μάλ’</span> <span class='ocrx_word' id='word_1_320' title='bbox 840 2821 921 2860; x_wconf 87' lang='grc' dir='ltr'>ἐπλ.</span> <span class='ocrx_word' id='word_1_321' title='bbox 944 2824 1051 2872; x_wconf 90' lang='lat' dir='ltr'>quod</span> <span class='ocrx_word' id='word_1_322' title='bbox 1073 2825 1164 2862; x_wconf 88' lang='lat' dir='ltr'>ferri</span> <span class='ocrx_word' id='word_1_323' title='bbox 1178 2829 1323 2876; x_wconf 85' lang='lat' dir='ltr'>nequit.</span> 
     </span>
     <span class='ocr_line' id='line_1_43' title="bbox 273 2871 1325 2936; baseline 0.016 -28"><span class='ocrx_word' id='word_1_324' title='bbox 273 2871 330 2910; x_wconf 90' lang='lat' dir='ltr'>Ita</span> <span class='ocrx_word' id='word_1_325' title='bbox 351 2875 490 2923; x_wconf 81' lang='lat' dir='ltr'>procul</span> <span class='ocrx_word' id='word_1_326' title='bbox 507 2875 625 2912; x_wconf 90' lang='lat' dir='ltr'>dubio</span> <span class='ocrx_word' id='word_1_327' title='bbox 642 2877 785 2927; x_wconf 88' lang='lat' dir='ltr'>legerat</span> <span class='ocrx_word' id='word_1_328' title='bbox 803 2881 1002 2919; x_wconf 84' lang='lat' dir='ltr'>Bessarion</span> <span class='ocrx_word' id='word_1_329' title='bbox 1021 2891 1190 2924; x_wconf 87' lang='lat' dir='ltr'>vertens:</span> <span class='ocrx_word' id='word_1_330' title='bbox 1214 2888 1325 2936; x_wconf 80' lang='lat' dir='ltr'>longe</span> 
     </span>
    </p>
   </div>
   <div class='ocr_carea' id='block_1_4' title="bbox 272 2932 1352 2988">
    <p class='ocr_par' dir='ltr' id='par_1_9' title="bbox 272 2932 1352 2988">
     <span class='ocr_line' id='line_1_44' title="bbox 272 2932 1352 2988; baseline 0.016 -21"><span class='ocrx_word' id='word_1_331' title='bbox 272 2933 459 2971; x_wconf 81' lang='lat' dir='ltr'>recedunt.</span> <span class='ocrx_word' id='word_1_332' title='bbox 481 2932 588 2971; x_wconf 87' lang='lat' dir='ltr'>Idem</span> <span class='ocrx_word' id='word_1_333' title='bbox 605 2936 799 2987; x_wconf 87' lang='lat' dir='ltr'>Scaligero</span> <span class='ocrx_word' id='word_1_334' title='bbox 820 2939 1244 2988; x_wconf 65' lang='lat' dir='ltr'>placuisselKarstenius</span> <span class='ocrx_word' id='word_1_335' title='bbox 1262 2959 1326 2983; x_wconf 86' lang='lat' dir='ltr'>re-</span> <span class='ocrx_word' id='word_1_336' title='bbox 1348 2951 1352 2955; x_wconf 90' lang='lat'>&#39;</span> 
     </span>
    </p>
   </div>
   <div class='ocr_carea' id='block_1_5' title="bbox 270 2990 1325 3406">
    <p class='ocr_par' dir='ltr' id='par_1_10' title="bbox 270 2990 359 3031">
     <span class='ocr_line' id='line_1_45' title="bbox 270 2990 359 3031; baseline 0.045 -5"><span class='ocrx_word' id='word_1_337' title='bbox 270 2990 359 3031; x_wconf 84' lang='lat' dir='ltr'>fert.</span> 
     </span>
    </p>

    <p class='ocr_par' dir='ltr' id='par_1_11' title="bbox 270 3050 1325 3406">
     <span class='ocr_line' id='line_1_46' title="bbox 325 3050 1325 3109; baseline 0.015 -21"><span class='ocrx_word' id='word_1_338' title='bbox 325 3052 370 3089; x_wconf 91' lang='lat' dir='ltr'>V.</span> <span class='ocrx_word' id='word_1_339' title='bbox 396 3050 462 3091; x_wconf 84' lang='lat'>85.</span> <span class='ocrx_word' id='word_1_340' title='bbox 485 3050 616 3091; x_wconf 87' lang='grc' dir='ltr'>τωῦτόν</span> <span class='ocrx_word' id='word_1_341' title='bbox 645 3054 690 3104; x_wconf 91' lang='grc' dir='ltr'>τ’)</span> <span class='ocrx_word' id='word_1_342' title='bbox 715 3057 761 3092; x_wconf 90' lang='lat' dir='ltr'>In</span> <span class='ocrx_word' id='word_1_343' title='bbox 779 3057 895 3095; x_wconf 91' lang='lat' dir='ltr'>codd.</span> <span class='ocrx_word' id='word_1_344' title='bbox 926 3061 1118 3109; x_wconf 88' lang='lat' dir='ltr'>reperitur</span> <span class='ocrx_word' id='word_1_345' title='bbox 1144 3062 1271 3102; x_wconf 80' lang='grc' dir='ltr'>ταύτόν</span> <span class='ocrx_word' id='word_1_346' title='bbox 1287 3073 1325 3103; x_wconf 88' lang='lat' dir='ltr'>et</span> 
     </span>
     <span class='ocr_line' id='line_1_47' title="bbox 274 3108 1323 3163; baseline 0.016 -18"><span class='ocrx_word' id='word_1_347' title='bbox 274 3108 379 3147; x_wconf 83' lang='grc' dir='ltr'>ἑαυτό</span> <span class='ocrx_word' id='word_1_348' title='bbox 399 3123 473 3160; x_wconf 89' lang='lat' dir='ltr'>pro</span> <span class='ocrx_word' id='word_1_349' title='bbox 491 3112 631 3160; x_wconf 87' lang='lat' dir='ltr'>quibus</span> <span class='ocrx_word' id='word_1_350' title='bbox 650 3113 782 3153; x_wconf 86' lang='lat' dir='ltr'>formis</span> <span class='ocrx_word' id='word_1_351' title='bbox 809 3117 954 3155; x_wconf 90' lang='lat' dir='ltr'>ionicas</span> <span class='ocrx_word' id='word_1_352' title='bbox 977 3121 1140 3158; x_wconf 87' lang='lat' dir='ltr'>restituit</span> <span class='ocrx_word' id='word_1_353' title='bbox 1166 3123 1323 3163; x_wconf 86' lang='lat' dir='ltr'>Karste-</span> 
     </span>
     <span class='ocr_line' id='line_1_48' title="bbox 270 3170 1323 3233; baseline 0.016 -28"><span class='ocrx_word' id='word_1_354' title='bbox 270 3170 368 3208; x_wconf 83' lang='lat' dir='ltr'>nius.</span> <span class='ocrx_word' id='word_1_355' title='bbox 387 3170 445 3208; x_wconf 86' lang='lat' dir='ltr'>Cf.</span> <span class='ocrx_word' id='word_1_356' title='bbox 467 3183 566 3210; x_wconf 89' lang='lat' dir='ltr'>vers.</span> <span class='ocrx_word' id='word_1_357' title='bbox 595 3185 609 3210; x_wconf 87' lang='lat'>1</span> <span class='ocrx_word' id='word_1_358' title='bbox 621 3185 665 3226; x_wconf 25' lang='lat'>1¹7</span> <span class='ocrx_word' id='word_1_359' title='bbox 688 3187 796 3225; x_wconf 84' lang='lat' dir='ltr'>seqq.</span> <span class='ocrx_word' id='word_1_360' title='bbox 812 3177 919 3215; x_wconf 90' lang='lat' dir='ltr'>Idem</span> <span class='ocrx_word' id='word_1_361' title='bbox 937 3191 1011 3229; x_wconf 87' lang='lat' dir='ltr'>pro</span> <span class='ocrx_word' id='word_1_362' title='bbox 1023 3179 1154 3219; x_wconf 81' lang='grc' dir='ltr'>τωύτόν</span> <span class='ocrx_word' id='word_1_363' title='bbox 1170 3182 1201 3218; x_wconf 84' lang='grc' dir='ltr'>τ’</span> <span class='ocrx_word' id='word_1_364' title='bbox 1217 3171 1323 3233; x_wconf 84' lang='lat' dir='ltr'>quod</span> 
     </span>
     <span class='ocr_line' id='line_1_49' title="bbox 271 3228 1324 3281; baseline 0.017 -17"><span class='ocrx_word' id='word_1_365' title='bbox 271 3235 329 3265; x_wconf 87' lang='lat' dir='ltr'>est</span> <span class='ocrx_word' id='word_1_366' title='bbox 350 3228 455 3278; x_wconf 86' lang='lat' dir='ltr'>apud</span> <span class='ocrx_word' id='word_1_367' title='bbox 469 3230 708 3281; x_wconf 88' lang='lat' dir='ltr'>Simplicium</span> <span class='ocrx_word' id='word_1_368' title='bbox 728 3234 752 3270; x_wconf 87' lang='lat' dir='ltr'>f.</span> <span class='ocrx_word' id='word_1_369' title='bbox 773 3235 818 3272; x_wconf 82' lang='lat'>31</span> <span class='ocrx_word' id='word_1_370' title='bbox 837 3236 961 3275; x_wconf 90' lang='lat' dir='ltr'>edidit</span> <span class='ocrx_word' id='word_1_371' title='bbox 978 3237 1109 3278; x_wconf 79' lang='grc' dir='ltr'>τωύτὸν</span> <span class='ocrx_word' id='word_1_372' title='bbox 1136 3240 1180 3280; x_wconf 83' lang='grc' dir='ltr'>δ’.</span> <span class='ocrx_word' id='word_1_373' title='bbox 1205 3244 1324 3281; x_wconf 86' lang='lat' dir='ltr'>Recte</span> 
     </span>
     <span class='ocr_line' id='line_1_50' title="bbox 270 3287 1324 3345; baseline 0.015 -21"><span class='ocrx_word' id='word_1_374' title='bbox 270 3299 310 3325; x_wconf 87' lang='lat' dir='ltr'>se</span> <span class='ocrx_word' id='word_1_375' title='bbox 330 3287 447 3326; x_wconf 81' lang='lat' dir='ltr'>habet</span> <span class='ocrx_word' id='word_1_376' title='bbox 463 3290 651 3340; x_wconf 87' lang='lat' dir='ltr'>scriptura</span> <span class='ocrx_word' id='word_1_377' title='bbox 677 3306 715 3330; x_wconf 88' lang='grc' dir='ltr'>τε</span> <span class='ocrx_word' id='word_1_378' title='bbox 742 3291 843 3343; x_wconf 85' lang='grc' dir='ltr'>μένον</span> <span class='ocrx_word' id='word_1_379' title='bbox 872 3309 984 3345; x_wconf 88' lang='lat' dir='ltr'>quam</span> <span class='ocrx_word' id='word_1_380' title='bbox 1000 3299 1268 3339; x_wconf 85' lang='lat' dir='ltr'>Fiillebornius</span> <span class='ocrx_word' id='word_1_381' title='bbox 1287 3311 1324 3340; x_wconf 93' lang='lat' dir='ltr'>et</span> 
     </span>
     <span class='ocr_line' id='line_1_51' title="bbox 270 3346 1320 3406; baseline 0.017 -24"><span class='ocrx_word' id='word_1_382' title='bbox 270 3346 488 3384; x_wconf 82' lang='lat' dir='ltr'>Brandisius</span> <span class='ocrx_word' id='word_1_383' title='bbox 507 3361 711 3399; x_wconf 80' lang='lat' dir='ltr'>perperam</span> <span class='ocrx_word' id='word_1_384' title='bbox 727 3360 923 3392; x_wconf 86' lang='lat' dir='ltr'>mutarunt</span> <span class='ocrx_word' id='word_1_385' title='bbox 942 3357 982 3393; x_wconf 91' lang='lat' dir='ltr'>in</span> <span class='ocrx_word' id='word_1_386' title='bbox 1000 3354 1156 3406; x_wconf 82' lang='grc' dir='ltr'>θέμενον.</span> <span class='ocrx_word' id='word_1_387' title='bbox 1171 3362 1320 3399; x_wconf 85' lang='lat' dir='ltr'>Parme-</span> 
     </span>
    </p>
   </div>
   <div class='ocr_carea' id='block_1_6' title="bbox 1210 238 1530 277">
    <p class='ocr_par' dir='ltr' id='par_1_12' title="bbox 1210 238 1530 277">
     <span class='ocr_line' id='line_1_52' title="bbox 1210 238 1530 277; baseline -0.003 0"><span class='ocrx_word' id='word_1_388' title='bbox 1210 238 1530 277; x_wconf 78' lang='lat' dir='ltr'>PARMENlDlS</span> 
     </span>
    </p>
   </div>
   <div class='ocr_carea' id='block_1_7' title="bbox 1401 331 2461 844">
    <p class='ocr_par' dir='ltr' id='par_1_13' title="bbox 1402 331 2186 374">
     <span class='ocr_line' id='line_1_53' title="bbox 1402 331 2186 374; baseline 0.001 -10"><span class='ocrx_word' id='word_1_389' title='bbox 1402 341 1505 374; x_wconf 87' lang='lat' dir='ltr'>neque</span> <span class='ocrx_word' id='word_1_390' title='bbox 1525 331 1653 372; x_wconf 79' lang='lat' dir='ltr'>minus,</span> <span class='ocrx_word' id='word_1_391' title='bbox 1672 331 1728 364; x_wconf 85' lang='lat' dir='ltr'>sed</span> <span class='ocrx_word' id='word_1_392' title='bbox 1749 340 1846 364; x_wconf 87' lang='lat' dir='ltr'>omne</span> <span class='ocrx_word' id='word_1_393' title='bbox 1862 331 1994 373; x_wconf 86' lang='lat' dir='ltr'>plenum</span> <span class='ocrx_word' id='word_1_394' title='bbox 2010 332 2060 365; x_wconf 78' lang='lat' dir='ltr'>est</span> <span class='ocrx_word' id='word_1_395' title='bbox 2077 332 2161 366; x_wconf 78' lang='lat' dir='ltr'>entis</span> <span class='ocrx_word' id='word_1_396' title='bbox 2177 345 2186 365; x_wconf 68' lang='grc' dir='ltr'>ε</span> 
     </span>
    </p>

    <p class='ocr_par' dir='ltr' id='par_1_14' title="bbox 1401 390 2461 789">
     <span class='ocr_line' id='line_1_54' title="bbox 1401 390 2407 430; baseline 0.006 -7"><span class='ocrx_word' id='word_1_397' title='bbox 1401 391 1475 423; x_wconf 88' lang='lat' dir='ltr'>ideo</span> <span class='ocrx_word' id='word_1_398' title='bbox 1493 390 1684 423; x_wconf 85' lang='lat' dir='ltr'>continuum</span> <span class='ocrx_word' id='word_1_399' title='bbox 1699 391 1750 423; x_wconf 84' lang='lat' dir='ltr'>est</span> <span class='ocrx_word' id='word_1_400' title='bbox 1761 399 1875 430; x_wconf 85' lang='lat' dir='ltr'>omne;</span> <span class='ocrx_word' id='word_1_401' title='bbox 1893 399 1969 423; x_wconf 83' lang='lat' dir='ltr'>nam</span> <span class='ocrx_word' id='word_1_402' title='bbox 1986 399 2046 424; x_wconf 78' lang='lat' dir='ltr'>ens</span> <span class='ocrx_word' id='word_1_403' title='bbox 2060 399 2136 424; x_wconf 90' lang='lat' dir='ltr'>cum</span> <span class='ocrx_word' id='word_1_404' title='bbox 2152 393 2227 426; x_wconf 78' lang='lat' dir='ltr'>ente</span> <span class='ocrx_word' id='word_1_405' title='bbox 2244 395 2407 429; x_wconf 79' lang='lat' dir='ltr'>convenit.</span> 
     </span>
     <span class='ocr_line' id='line_1_55' title="bbox 1401 449 2459 490; baseline 0.007 -8"><span class='ocrx_word' id='word_1_406' title='bbox 1401 451 1456 482; x_wconf 83' lang='lat' dir='ltr'>Est</span> <span class='ocrx_word' id='word_1_407' title='bbox 1471 458 1547 482; x_wconf 83' lang='lat' dir='ltr'>vero</span> <span class='ocrx_word' id='word_1_408' title='bbox 1562 449 1733 481; x_wconf 84' lang='lat' dir='ltr'>immotum</span> <span class='ocrx_word' id='word_1_409' title='bbox 1747 458 1935 490; x_wconf 78' lang='lat' dir='ltr'>magnorum</span> <span class='ocrx_word' id='word_1_410' title='bbox 1949 449 2308 486; x_wconf 74' lang='lat' dir='ltr'>vinculorumtermiuis</span> <span class='ocrx_word' id='word_1_411' title='bbox 2315 452 2459 489; x_wconf 73' lang='lat' dir='ltr'>cinctum</span> 
     </span>
     <span class='ocr_line' id='line_1_56' title="bbox 1402 507 2349 550; baseline 0.004 -10"><span class='ocrx_word' id='word_1_412' title='bbox 1402 507 1550 550; x_wconf 79' lang='lat' dir='ltr'>principii</span> <span class='ocrx_word' id='word_1_413' title='bbox 1568 508 1704 549; x_wconf 80' lang='lat' dir='ltr'>sinisque</span> <span class='ocrx_word' id='word_1_414' title='bbox 1720 517 1854 548; x_wconf 81' lang='lat' dir='ltr'>expers,</span> <span class='ocrx_word' id='word_1_415' title='bbox 1873 509 2030 550; x_wconf 79' lang='lat' dir='ltr'>quoniam</span> <span class='ocrx_word' id='word_1_416' title='bbox 2045 513 2137 542; x_wconf 77' lang='lat' dir='ltr'>ortus</span> <span class='ocrx_word' id='word_1_417' title='bbox 2151 511 2184 543; x_wconf 85' lang='lat' dir='ltr'>et</span> <span class='ocrx_word' id='word_1_418' title='bbox 2199 510 2349 544; x_wconf 69' lang='lat' dir='ltr'>interitus</span> 
     </span>
     <span class='ocr_line' id='line_1_57' title="bbox 1403 567 2461 615; baseline 0.007 -15"><span class='ocrx_word' id='word_1_419' title='bbox 1403 568 1512 610; x_wconf 85' lang='lat' dir='ltr'>procul</span> <span class='ocrx_word' id='word_1_420' title='bbox 1535 567 1712 600; x_wconf 85' lang='lat' dir='ltr'>admodum</span> <span class='ocrx_word' id='word_1_421' title='bbox 1731 569 1950 609; x_wconf 77' lang='lat' dir='ltr'>recesserunt,</span> <span class='ocrx_word' id='word_1_422' title='bbox 1965 577 2048 609; x_wconf 82' lang='lat' dir='ltr'>quos</span> <span class='ocrx_word' id='word_1_423' title='bbox 2064 569 2180 610; x_wconf 83' lang='lat' dir='ltr'>repulit</span> <span class='ocrx_word' id='word_1_424' title='bbox 2196 572 2341 605; x_wconf 72' lang='lat' dir='ltr'>veritatis</span> <span class='ocrx_word' id='word_1_425' title='bbox 2362 571 2461 615; x_wconf 62' lang='lat' dir='ltr'>Meu</span> 
     </span>
     <span class='ocr_line' id='line_1_58' title="bbox 1401 627 2418 675; baseline 0.007 -15"><span class='ocrx_word' id='word_1_426' title='bbox 1401 630 1499 669; x_wconf 82' lang='lat' dir='ltr'>atque</span> <span class='ocrx_word' id='word_1_427' title='bbox 1520 627 1604 660; x_wconf 87' lang='lat' dir='ltr'>idem</span> <span class='ocrx_word' id='word_1_428' title='bbox 1621 627 1735 661; x_wconf 87' lang='lat' dir='ltr'>eodem</span> <span class='ocrx_word' id='word_1_429' title='bbox 1751 629 1836 660; x_wconf 74' lang='lat' dir='ltr'>statu</span> <span class='ocrx_word' id='word_1_430' title='bbox 1856 636 1989 661; x_wconf 76' lang='lat' dir='ltr'>manens</span> <span class='ocrx_word' id='word_1_431' title='bbox 2007 628 2111 670; x_wconf 87' lang='lat' dir='ltr'>ipsum</span> <span class='ocrx_word' id='word_1_432' title='bbox 2127 638 2184 671; x_wconf 81' lang='lat' dir='ltr'>per</span> <span class='ocrx_word' id='word_1_433' title='bbox 2200 639 2235 663; x_wconf 83' lang='lat' dir='ltr'>se</span> <span class='ocrx_word' id='word_1_434' title='bbox 2251 631 2418 675; x_wconf 51' lang='lat' dir='ltr'>consitum</span> 
     </span>
     <span class='ocr_line' id='line_1_59' title="bbox 1401 686 2416 725; baseline 0.006 -6"><span class='ocrx_word' id='word_1_435' title='bbox 1401 687 1447 719; x_wconf 83' lang='lat' dir='ltr'>sic</span> <span class='ocrx_word' id='word_1_436' title='bbox 1463 687 1596 720; x_wconf 79' lang='lat' dir='ltr'>firmiter</span> <span class='ocrx_word' id='word_1_437' title='bbox 1609 686 1652 719; x_wconf 87' lang='lat' dir='ltr'>ibi</span> <span class='ocrx_word' id='word_1_438' title='bbox 1668 686 1880 720; x_wconf 78' lang='lat' dir='ltr'>constitutum</span> <span class='ocrx_word' id='word_1_439' title='bbox 1894 690 2005 720; x_wconf 80' lang='lat' dir='ltr'>manet</span> <span class='ocrx_word' id='word_1_440' title='bbox 2020 700 2028 721; x_wconf 79' lang='grc' dir='ltr'><strong><em>ε</em></strong></span> <span class='ocrx_word' id='word_1_441' title='bbox 2047 687 2127 720; x_wconf 82' lang='lat' dir='ltr'>dura</span> <span class='ocrx_word' id='word_1_442' title='bbox 2143 687 2228 723; x_wconf 77' lang='lat' dir='ltr'>enim</span> <span class='ocrx_word' id='word_1_443' title='bbox 2245 692 2416 725; x_wconf 74' lang='lat' dir='ltr'>necessitas</span> 
     </span>
     <span class='ocr_line' id='line_1_60' title="bbox 1402 745 2276 789; baseline 0.005 -12"><span class='ocrx_word' id='word_1_444' title='bbox 1402 746 1616 778; x_wconf 78' lang='lat' dir='ltr'>terminorum</span> <span class='ocrx_word' id='word_1_445' title='bbox 1634 745 1773 778; x_wconf 80' lang='lat' dir='ltr'>vinculis</span> <span class='ocrx_word' id='word_1_446' title='bbox 1789 745 1919 779; x_wconf 82' lang='lat' dir='ltr'>cohibet</span> <span class='ocrx_word' id='word_1_447' title='bbox 1933 745 2122 789; x_wconf 75' lang='lat' dir='ltr'>circumque</span> <span class='ocrx_word' id='word_1_448' title='bbox 2139 751 2276 782; x_wconf 74' lang='lat' dir='ltr'>coercet.</span> 
     </span>
    </p>

    <p class='ocr_par' dir='ltr' id='par_1_15' title="bbox 1401 804 2101 844">
     <span class='ocr_line' id='line_1_61' title="bbox 1401 804 2101 844; baseline 0.003 -8"><span class='ocrx_word' id='word_1_449' title='bbox 1401 805 1560 844; x_wconf 82' lang='lat' dir='ltr'>Quocirca</span> <span class='ocrx_word' id='word_1_450' title='bbox 1579 804 1739 838; x_wconf 80' lang='lat' dir='ltr'>infinitum</span> <span class='ocrx_word' id='word_1_451' title='bbox 1756 814 1826 838; x_wconf 83' lang='lat' dir='ltr'>esse</span> <span class='ocrx_word' id='word_1_452' title='bbox 1842 814 1900 838; x_wconf 84' lang='lat' dir='ltr'>ens</span> <span class='ocrx_word' id='word_1_453' title='bbox 1921 815 1984 838; x_wconf 89' lang='lat' dir='ltr'>non</span> <span class='ocrx_word' id='word_1_454' title='bbox 2005 806 2101 839; x_wconf 79' lang='lat' dir='ltr'>licet:</span> 
     </span>
    </p>
   </div>
   <div class='ocr_carea' id='block_1_8' title="bbox 1381 974 2488 3413">
    <p class='ocr_par' dir='ltr' id='par_1_16' title="bbox 1395 974 2462 1326">
     <span class='ocr_line' id='line_1_62' title="bbox 1395 974 2460 1029; baseline 0.005 -16"><span class='ocrx_word' id='word_1_455' title='bbox 1395 984 1577 1026; x_wconf 81' lang='lat' dir='ltr'>praeterea</span> <span class='ocrx_word' id='word_1_456' title='bbox 1592 974 1646 1014; x_wconf 79' lang='grc' dir='ltr'>ὅτι</span> <span class='ocrx_word' id='word_1_457' title='bbox 1665 977 1714 1028; x_wconf 85' lang='grc' dir='ltr'>τῷ</span> <span class='ocrx_word' id='word_1_458' title='bbox 1731 974 1793 1027; x_wconf 82' lang='grc' dir='ltr'>μὲν</span> <span class='ocrx_word' id='word_1_459' title='bbox 1815 974 1923 1020; x_wconf 84' lang='grc' dir='ltr'>ὄντως</span> <span class='ocrx_word' id='word_1_460' title='bbox 1944 975 2019 1015; x_wconf 88' lang='grc' dir='ltr'>ὄντι</span> <span class='ocrx_word' id='word_1_461' title='bbox 2037 976 2209 1029; x_wconf 82' lang='grc' dir='ltr'>προσήκει</span> <span class='ocrx_word' id='word_1_462' title='bbox 2227 978 2403 1029; x_wconf 82' lang='grc' dir='ltr'>διαμένειν</span> <span class='ocrx_word' id='word_1_463' title='bbox 2423 980 2460 1019; x_wconf 80' lang='grc' dir='ltr'>ἐν</span> 
     </span>
     <span class='ocr_line' id='line_1_63' title="bbox 1396 1028 2462 1087; baseline 0.006 -15"><span class='ocrx_word' id='word_1_464' title='bbox 1396 1037 1445 1087; x_wconf 85' lang='grc' dir='ltr'>τῷ</span> <span class='ocrx_word' id='word_1_465' title='bbox 1464 1028 1566 1074; x_wconf 77' lang='grc' dir='ltr'>εἶναι.</span> <span class='ocrx_word' id='word_1_466' title='bbox 1590 1036 1649 1075; x_wconf 87' lang='lat' dir='ltr'>Cf.</span> <span class='ocrx_word' id='word_1_467' title='bbox 1671 1037 1820 1076; x_wconf 81' lang='lat' dir='ltr'>Platon.</span> <span class='ocrx_word' id='word_1_468' title='bbox 1840 1036 1978 1075; x_wconf 81' lang='lat' dir='ltr'>Theaet.</span> <span class='ocrx_word' id='word_1_469' title='bbox 1998 1049 2037 1086; x_wconf 92' lang='lat' dir='ltr'>p.</span> <span class='ocrx_word' id='word_1_470' title='bbox 2067 1037 2155 1086; x_wconf 84' lang='lat'>180,</span> <span class='ocrx_word' id='word_1_471' title='bbox 2178 1040 2218 1077; x_wconf 91' lang='lat' dir='ltr'>E.</span> <span class='ocrx_word' id='word_1_472' title='bbox 2241 1039 2353 1078; x_wconf 79' lang='lat' dir='ltr'>Adde</span> <span class='ocrx_word' id='word_1_473' title='bbox 2371 1041 2462 1078; x_wconf 88' lang='lat' dir='ltr'>Plo-</span> 
     </span>
     <span class='ocr_line' id='line_1_64' title="bbox 1398 1095 2460 1143; baseline 0.006 -11"><span class='ocrx_word' id='word_1_474' title='bbox 1398 1098 1464 1133; x_wconf 89' lang='lat' dir='ltr'>tin.</span> <span class='ocrx_word' id='word_1_475' title='bbox 1480 1099 1574 1134; x_wconf 85' lang='lat' dir='ltr'>Enn.</span> <span class='ocrx_word' id='word_1_476' title='bbox 1595 1099 1642 1142; x_wconf 86' lang='lat' dir='ltr'>V,</span> <span class='ocrx_word' id='word_1_477' title='bbox 1673 1109 1705 1143; x_wconf 86' lang='lat'>1,</span> <span class='ocrx_word' id='word_1_478' title='bbox 1734 1095 1773 1133; x_wconf 88' lang='grc'>8.</span> <span class='ocrx_word' id='word_1_479' title='bbox 1799 1103 1837 1133; x_wconf 91' lang='lat' dir='ltr'>et</span> <span class='ocrx_word' id='word_1_480' title='bbox 1857 1098 1983 1137; x_wconf 88' lang='lat' dir='ltr'>Procl.</span> <span class='ocrx_word' id='word_1_481' title='bbox 2007 1098 2048 1134; x_wconf 88' lang='lat' dir='ltr'>in</span> <span class='ocrx_word' id='word_1_482' title='bbox 2081 1099 2250 1138; x_wconf 86' lang='lat' dir='ltr'>Parmen.</span> <span class='ocrx_word' id='word_1_483' title='bbox 2275 1101 2386 1140; x_wconf 92' lang='lat' dir='ltr'>Tom.</span> <span class='ocrx_word' id='word_1_484' title='bbox 2407 1102 2460 1140; x_wconf 87' lang='lat' dir='ltr'>lv</span> 
     </span>
     <span class='ocr_line' id='line_1_65' title="bbox 1395 1155 2460 1211; baseline 0.004 -16"><span class='ocrx_word' id='word_1_485' title='bbox 1395 1170 1434 1205; x_wconf 93' lang='lat' dir='ltr'>p.</span> <span class='ocrx_word' id='word_1_486' title='bbox 1459 1157 1507 1193; x_wconf 83' lang='grc'>32</span> <span class='ocrx_word' id='word_1_487' title='bbox 1529 1157 1589 1194; x_wconf 91' lang='lat' dir='ltr'>ed.</span> <span class='ocrx_word' id='word_1_488' title='bbox 1621 1157 1732 1194; x_wconf 92' lang='lat' dir='ltr'>Cous.</span> <span class='ocrx_word' id='word_1_489' title='bbox 1752 1176 1806 1184; x_wconf 96' lang='lat'>—</span> <span class='ocrx_word' id='word_1_490' title='bbox 1827 1155 1906 1193; x_wconf 85' lang='grc' dir='ltr'>καθ’</span> <span class='ocrx_word' id='word_1_491' title='bbox 1929 1155 2040 1196; x_wconf 86' lang='grc' dir='ltr'>ἑωυτό</span> <span class='ocrx_word' id='word_1_492' title='bbox 2065 1171 2103 1195; x_wconf 89' lang='grc' dir='ltr'>τε</span> <span class='ocrx_word' id='word_1_493' title='bbox 2131 1161 2246 1196; x_wconf 83' lang='grc' dir='ltr'>κεῖται</span> <span class='ocrx_word' id='word_1_494' title='bbox 2270 1159 2460 1211; x_wconf 84' lang='lat' dir='ltr'>interpre-</span> 
     </span>
     <span class='ocr_line' id='line_1_66' title="bbox 1396 1218 2460 1267; baseline 0.004 -15"><span class='ocrx_word' id='word_1_495' title='bbox 1396 1218 1463 1253; x_wconf 88' lang='lat' dir='ltr'>tati</span> <span class='ocrx_word' id='word_1_496' title='bbox 1483 1230 1612 1254; x_wconf 91' lang='lat' dir='ltr'>sumus</span> <span class='ocrx_word' id='word_1_497' title='bbox 1629 1220 1748 1266; x_wconf 81' lang='lat' dir='ltr'>ipsum</span> <span class='ocrx_word' id='word_1_498' title='bbox 1765 1229 1839 1265; x_wconf 80' lang='lat' dir='ltr'>per</span> <span class='ocrx_word' id='word_1_499' title='bbox 1847 1229 1888 1252; x_wconf 84' lang='lat' dir='ltr'>se</span> <span class='ocrx_word' id='word_1_500' title='bbox 1906 1220 2090 1264; x_wconf 79' lang='lat' dir='ltr'>consistit,</span> <span class='ocrx_word' id='word_1_501' title='bbox 2106 1218 2228 1267; x_wconf 90' lang='lat' dir='ltr'>possis</span> <span class='ocrx_word' id='word_1_502' title='bbox 2246 1219 2358 1255; x_wconf 89' lang='lat' dir='ltr'>etiam</span> <span class='ocrx_word' id='word_1_503' title='bbox 2376 1232 2460 1257; x_wconf 83' lang='lat' dir='ltr'>ver·</span> 
     </span>
     <span class='ocr_line' id='line_1_67' title="bbox 1396 1277 2200 1326; baseline 0.005 -15"><span class='ocrx_word' id='word_1_504' title='bbox 1396 1282 1473 1312; x_wconf 89' lang='lat' dir='ltr'>tere</span> <span class='ocrx_word' id='word_1_505' title='bbox 1491 1280 1569 1312; x_wconf 81' lang='lat' dir='ltr'>suis</span> <span class='ocrx_word' id='word_1_506' title='bbox 1582 1277 1810 1326; x_wconf 82' lang='lat' dir='ltr'>ponderibus</span> <span class='ocrx_word' id='word_1_507' title='bbox 1827 1279 2003 1315; x_wconf 80' lang='lat' dir='ltr'>libratum</span> <span class='ocrx_word' id='word_1_508' title='bbox 2021 1282 2200 1317; x_wconf 78' lang='lat' dir='ltr'>consistit.</span> 
     </span>
    </p>

    <p class='ocr_par' dir='ltr' id='par_1_17' title="bbox 1385 1335 2460 2522">
     <span class='ocr_line' id='line_1_68' title="bbox 1418 1335 2460 1387; baseline 0.005 -13"><span class='ocrx_word' id='word_1_509' title='bbox 1418 1339 1420 1341; x_wconf 72' lang='grc'><strong><em>’</em></strong></span> <span class='ocrx_word' id='word_1_510' title='bbox 1449 1338 1493 1375; x_wconf 95' lang='lat' dir='ltr'>V.</span> <span class='ocrx_word' id='word_1_511' title='bbox 1513 1335 1656 1385; x_wconf 88' lang='lat'>86-89.</span> <span class='ocrx_word' id='word_1_512' title='bbox 1678 1337 1865 1374; x_wconf 87' lang='lat' dir='ltr'>Universe</span> <span class='ocrx_word' id='word_1_513' title='bbox 1881 1337 1930 1375; x_wconf 87' lang='lat' dir='ltr'>de</span> <span class='ocrx_word' id='word_1_514' title='bbox 1945 1338 2021 1375; x_wconf 89' lang='lat' dir='ltr'>hoc</span> <span class='ocrx_word' id='word_1_515' title='bbox 2038 1339 2126 1375; x_wconf 89' lang='lat' dir='ltr'>loco</span> <span class='ocrx_word' id='word_1_516' title='bbox 2139 1343 2351 1387; x_wconf 84' lang='lat' dir='ltr'>monemus,</span> <span class='ocrx_word' id='word_1_517' title='bbox 2370 1341 2460 1379; x_wconf 88' lang='lat' dir='ltr'>Par-</span> 
     </span>
     <span class='ocr_line' id='line_1_69' title="bbox 1393 1395 2460 1447; baseline 0.007 -16"><span class='ocrx_word' id='word_1_518' title='bbox 1393 1395 1556 1432; x_wconf 90' lang='lat' dir='ltr'>menidis</span> <span class='ocrx_word' id='word_1_519' title='bbox 1570 1408 1637 1432; x_wconf 88' lang='lat' dir='ltr'>ens</span> <span class='ocrx_word' id='word_1_520' title='bbox 1656 1409 1737 1433; x_wconf 89' lang='lat' dir='ltr'>non</span> <span class='ocrx_word' id='word_1_521' title='bbox 1751 1409 1827 1434; x_wconf 91' lang='lat' dir='ltr'>esse</span> <span class='ocrx_word' id='word_1_522' title='bbox 1849 1397 2057 1444; x_wconf 87' lang='lat' dir='ltr'>infinitum,</span> <span class='ocrx_word' id='word_1_523' title='bbox 2077 1406 2120 1435; x_wconf 92' lang='lat' dir='ltr'>ut</span> <span class='ocrx_word' id='word_1_524' title='bbox 2143 1399 2251 1447; x_wconf 90' lang='lat' dir='ltr'>quod</span> <span class='ocrx_word' id='word_1_525' title='bbox 2260 1401 2460 1438; x_wconf 80' lang='lat' dir='ltr'>necessita-</span> 
     </span>
     <span class='ocr_line' id='line_1_70' title="bbox 1395 1456 2460 1504; baseline 0.005 -13"><span class='ocrx_word' id='word_1_526' title='bbox 1395 1457 1441 1492; x_wconf 90' lang='lat' dir='ltr'>tis</span> <span class='ocrx_word' id='word_1_527' title='bbox 1459 1456 1622 1492; x_wconf 88' lang='lat' dir='ltr'>vinculis</span> <span class='ocrx_word' id='word_1_528' title='bbox 1641 1457 1890 1494; x_wconf 89' lang='lat' dir='ltr'>constrictum</span> <span class='ocrx_word' id='word_1_529' title='bbox 1913 1464 2099 1504; x_wconf 89' lang='lat' dir='ltr'>teneatur,</span> <span class='ocrx_word' id='word_1_530' title='bbox 2122 1458 2189 1495; x_wconf 91' lang='lat' dir='ltr'>sed</span> <span class='ocrx_word' id='word_1_531' title='bbox 2214 1457 2380 1496; x_wconf 85' lang='lat' dir='ltr'>finitum.</span> <span class='ocrx_word' id='word_1_532' title='bbox 2402 1461 2460 1498; x_wconf 76' lang='lat' dir='ltr'>S?-</span> 
     </span>
     <span class='ocr_line' id='line_1_71' title="bbox 1399 1515 2459 1564; baseline 0.006 -13"><span class='ocrx_word' id='word_1_533' title='bbox 1399 1515 1556 1564; x_wconf 87' lang='lat' dir='ltr'>quidem</span> <span class='ocrx_word' id='word_1_534' title='bbox 1578 1516 1616 1551; x_wconf 89' lang='lat' dir='ltr'>in</span> <span class='ocrx_word' id='word_1_535' title='bbox 1631 1516 1705 1552; x_wconf 85' lang='lat' dir='ltr'>hoc</span> <span class='ocrx_word' id='word_1_536' title='bbox 1723 1516 1926 1553; x_wconf 77' lang='lat' dir='ltr'>discrimen</span> <span class='ocrx_word' id='word_1_537' title='bbox 1942 1530 2020 1554; x_wconf 90' lang='lat' dir='ltr'>esse</span> <span class='ocrx_word' id='word_1_538' title='bbox 2036 1518 2150 1554; x_wconf 91' lang='lat' dir='ltr'>situm</span> <span class='ocrx_word' id='word_1_539' title='bbox 2167 1519 2220 1554; x_wconf 87' lang='lat' dir='ltr'>ait</span> <span class='ocrx_word' id='word_1_540' title='bbox 2236 1519 2459 1558; x_wconf 88' lang='lat' dir='ltr'>Aristoteles</span> 
     </span>
     <span class='ocr_line' id='line_1_72' title="bbox 1394 1574 2456 1624; baseline 0.007 -13"><span class='ocrx_word' id='word_1_541' title='bbox 1394 1575 1559 1624; x_wconf 87' lang='lat' dir='ltr'>Metaph.</span> <span class='ocrx_word' id='word_1_542' title='bbox 1578 1575 1612 1620; x_wconf 96' lang='lat' dir='ltr'>I,</span> <span class='ocrx_word' id='word_1_543' title='bbox 1639 1574 1660 1611; x_wconf 86' lang='lat'>5</span> <span class='ocrx_word' id='word_1_544' title='bbox 1694 1589 1772 1624; x_wconf 93' lang='lat' dir='ltr'>quo</span> <span class='ocrx_word' id='word_1_545' title='bbox 1794 1577 2031 1613; x_wconf 89' lang='lat' dir='ltr'>Parmenidis</span> <span class='ocrx_word' id='word_1_546' title='bbox 2057 1584 2096 1613; x_wconf 90' lang='lat' dir='ltr'>et</span> <span class='ocrx_word' id='word_1_547' title='bbox 2115 1577 2251 1615; x_wconf 86' lang='lat' dir='ltr'>Melissi</span> <span class='ocrx_word' id='word_1_548' title='bbox 2277 1577 2456 1618; x_wconf 81' lang='lat' dir='ltr'>doctrina</span> 
     </span>
     <span class='ocr_line' id='line_1_73' title="bbox 1392 1634 2452 1686; baseline 0.007 -17"><span class='ocrx_word' id='word_1_549' title='bbox 1392 1634 1625 1684; x_wconf 79' lang='lat' dir='ltr'>sejungatur,</span> <span class='ocrx_word' id='word_1_550' title='bbox 1647 1635 1755 1682; x_wconf 90' lang='lat' dir='ltr'>quod</span> <span class='ocrx_word' id='word_1_551' title='bbox 1774 1636 1867 1671; x_wconf 87' lang='lat' dir='ltr'>alter</span> <span class='ocrx_word' id='word_1_552' title='bbox 1883 1648 2003 1671; x_wconf 91' lang='lat' dir='ltr'>unum</span> <span class='ocrx_word' id='word_1_553' title='bbox 2019 1637 2232 1674; x_wconf 90' lang='lat' dir='ltr'>secundum</span> <span class='ocrx_word' id='word_1_554' title='bbox 2245 1638 2452 1686; x_wconf 78' lang='lat' dir='ltr'>rationem,</span> 
     </span>
     <span class='ocr_line' id='line_1_74' title="bbox 1395 1693 2456 1746; baseline 0.005 -16"><span class='ocrx_word' id='word_1_555' title='bbox 1395 1695 1487 1731; x_wconf 87' lang='lat' dir='ltr'>alter</span> <span class='ocrx_word' id='word_1_556' title='bbox 1521 1693 1731 1730; x_wconf 88' lang='lat' dir='ltr'>secundum</span> <span class='ocrx_word' id='word_1_557' title='bbox 1757 1696 1957 1731; x_wconf 88' lang='lat' dir='ltr'>materiam</span> <span class='ocrx_word' id='word_1_558' title='bbox 1986 1696 2167 1745; x_wconf 81' lang='lat' dir='ltr'>attigerit,</span> <span class='ocrx_word' id='word_1_559' title='bbox 2195 1696 2363 1746; x_wconf 90' lang='lat' dir='ltr'>ideoque</span> <span class='ocrx_word' id='word_1_560' title='bbox 2391 1697 2456 1736; x_wconf 86' lang='lat' dir='ltr'>ille</span> 
     </span>
     <span class='ocr_line' id='line_1_75' title="bbox 1393 1752 2453 1808; baseline 0.006 -19"><span class='ocrx_word' id='word_1_561' title='bbox 1393 1752 1559 1798; x_wconf 84' lang='lat' dir='ltr'>finitum,</span> <span class='ocrx_word' id='word_1_562' title='bbox 1581 1753 1644 1789; x_wconf 90' lang='lat' dir='ltr'>hic</span> <span class='ocrx_word' id='word_1_563' title='bbox 1663 1752 1854 1790; x_wconf 84' lang='lat' dir='ltr'>infinitum</span> <span class='ocrx_word' id='word_1_564' title='bbox 1877 1767 1955 1791; x_wconf 88' lang='lat' dir='ltr'>esse</span> <span class='ocrx_word' id='word_1_565' title='bbox 1976 1754 2203 1794; x_wconf 84' lang='lat' dir='ltr'>decreverit.</span> <span class='ocrx_word' id='word_1_566' title='bbox 2220 1757 2346 1794; x_wconf 83' lang='lat' dir='ltr'>Verba</span> <span class='ocrx_word' id='word_1_567' title='bbox 2357 1769 2453 1808; x_wconf 81' lang='lat' dir='ltr'>grae-</span> 
     </span>
     <span class='ocr_line' id='line_1_76' title="bbox 1393 1810 2455 1868; baseline 0.004 -18"><span class='ocrx_word' id='word_1_568' title='bbox 1393 1827 1435 1850; x_wconf 88' lang='lat' dir='ltr'>ca</span> <span class='ocrx_word' id='word_1_569' title='bbox 1455 1821 1540 1850; x_wconf 91' lang='lat' dir='ltr'>sunt</span> <span class='ocrx_word' id='word_1_570' title='bbox 1560 1827 1568 1850; x_wconf 91' lang='lat'>:</span> <span class='ocrx_word' id='word_1_571' title='bbox 1591 1810 1820 1864; x_wconf 84' lang='grc' dir='ltr'>Παρμενίδης</span> <span class='ocrx_word' id='word_1_572' title='bbox 1842 1811 1904 1863; x_wconf 84' lang='grc' dir='ltr'>μὲν</span> <span class='ocrx_word' id='word_1_573' title='bbox 1925 1812 1994 1868; x_wconf 86' lang='grc' dir='ltr'>γὰρ</span> <span class='ocrx_word' id='word_1_574' title='bbox 2012 1813 2102 1854; x_wconf 86' lang='grc' dir='ltr'>ἔοικε</span> <span class='ocrx_word' id='word_1_575' title='bbox 2120 1818 2182 1855; x_wconf 72' lang='grc' dir='ltr'>τοῦ</span> <span class='ocrx_word' id='word_1_576' title='bbox 2202 1814 2296 1855; x_wconf 82' lang='grc' dir='ltr'>κατὰ</span> <span class='ocrx_word' id='word_1_577' title='bbox 2311 1814 2373 1855; x_wconf 80' lang='grc' dir='ltr'>τὸν</span> <span class='ocrx_word' id='word_1_578' title='bbox 2388 1814 2455 1856; x_wconf 82' lang='grc' dir='ltr'>λό-</span> 
     </span>
     <span class='ocr_line' id='line_1_77' title="bbox 1391 1870 2452 1924; baseline 0.005 -15"><span class='ocrx_word' id='word_1_579' title='bbox 1391 1887 1451 1922; x_wconf 90' lang='grc' dir='ltr'>γον</span> <span class='ocrx_word' id='word_1_580' title='bbox 1482 1872 1554 1916; x_wconf 82' lang='grc' dir='ltr'>ἑνὸς</span> <span class='ocrx_word' id='word_1_581' title='bbox 1575 1870 1763 1921; x_wconf 87' lang='grc' dir='ltr'>ἅπτεσθαι,</span> <span class='ocrx_word' id='word_1_582' title='bbox 1792 1871 1971 1917; x_wconf 74' lang='grc' dir='ltr'>Μέλισσος</span> <span class='ocrx_word' id='word_1_583' title='bbox 1994 1872 2030 1911; x_wconf 79' lang='grc' dir='ltr'>δὲ</span> <span class='ocrx_word' id='word_1_584' title='bbox 2049 1871 2110 1913; x_wconf 78' lang='grc' dir='ltr'>τοῦ</span> <span class='ocrx_word' id='word_1_585' title='bbox 2136 1873 2230 1913; x_wconf 71' lang='grc' dir='ltr'>κατὰ</span> <span class='ocrx_word' id='word_1_586' title='bbox 2253 1873 2318 1923; x_wconf 82' lang='grc' dir='ltr'>τὴν</span> <span class='ocrx_word' id='word_1_587' title='bbox 2351 1875 2452 1924; x_wconf 76' lang='grc' dir='ltr'>ὕλην·</span> 
     </span>
     <span class='ocr_line' id='line_1_78' title="bbox 1395 1927 2454 1988; baseline 0.005 -19"><span class='ocrx_word' id='word_1_588' title='bbox 1395 1930 1448 1969; x_wconf 86' lang='grc' dir='ltr'>διὸ</span> <span class='ocrx_word' id='word_1_589' title='bbox 1469 1930 1530 1970; x_wconf 80' lang='grc' dir='ltr'>καὶ</span> <span class='ocrx_word' id='word_1_590' title='bbox 1555 1933 1574 1969; x_wconf 85' lang='grc' dir='ltr'>ὁ</span> <span class='ocrx_word' id='word_1_591' title='bbox 1591 1929 1655 1981; x_wconf 82' lang='grc' dir='ltr'>μὲν</span> <span class='ocrx_word' id='word_1_592' title='bbox 1673 1931 1955 1983; x_wconf 81' lang='grc' dir='ltr'>πεπερασμένον,</span> <span class='ocrx_word' id='word_1_593' title='bbox 1976 1934 1994 1971; x_wconf 86' lang='grc' dir='ltr'>ὁ</span> <span class='ocrx_word' id='word_1_594' title='bbox 2022 1931 2052 1971; x_wconf 85' lang='grc' dir='ltr'>δ’</span> <span class='ocrx_word' id='word_1_595' title='bbox 2073 1932 2217 1987; x_wconf 82' lang='grc' dir='ltr'>ἄπειρόν</span> <span class='ocrx_word' id='word_1_596' title='bbox 2232 1949 2338 1988; x_wconf 80' lang='grc' dir='ltr'>φησιν</span> <span class='ocrx_word' id='word_1_597' title='bbox 2361 1927 2454 1974; x_wconf 72' lang='grc' dir='ltr'>εἶναι</span> 
     </span>
     <span class='ocr_line' id='line_1_79' title="bbox 1391 1990 2454 2050; baseline 0.005 -22"><span class='ocrx_word' id='word_1_598' title='bbox 1391 1990 1492 2030; x_wconf 80' lang='grc' dir='ltr'>αὐτό.</span> <span class='ocrx_word' id='word_1_599' title='bbox 1516 1990 1700 2029; x_wconf 88' lang='lat' dir='ltr'>Similiter</span> <span class='ocrx_word' id='word_1_600' title='bbox 1719 1992 1830 2041; x_wconf 87' lang='lat' dir='ltr'>Phys.</span> <span class='ocrx_word' id='word_1_601' title='bbox 1850 1994 1883 2037; x_wconf 82' lang='grc' dir='ltr'>Ι,</span> <span class='ocrx_word' id='word_1_602' title='bbox 1908 2005 1930 2029; x_wconf 89' lang='grc'><strong>2</strong></span> <span class='ocrx_word' id='word_1_603' title='bbox 1951 2000 1990 2029; x_wconf 93' lang='lat' dir='ltr'>et</span> <span class='ocrx_word' id='word_1_604' title='bbox 2005 1992 2077 2038; x_wconf 87' lang='lat'>111,</span> <span class='ocrx_word' id='word_1_605' title='bbox 2096 1993 2119 2031; x_wconf 87' lang='lat'>6</span> <span class='ocrx_word' id='word_1_606' title='bbox 2138 2006 2148 2030; x_wconf 90' lang='lat'>:</span> <span class='ocrx_word' id='word_1_607' title='bbox 2165 1991 2211 2033; x_wconf 82' lang='lat'>‘0</span> <span class='ocrx_word' id='word_1_608' title='bbox 2226 1992 2263 2032; x_wconf 83' lang='grc' dir='ltr'>δὲ</span> <span class='ocrx_word' id='word_1_609' title='bbox 2285 1994 2454 2050; x_wconf 81' lang='grc' dir='ltr'>(Παρμε-</span> 
     </span>
     <span class='ocr_line' id='line_1_80' title="bbox 1389 2049 2451 2104; baseline 0.005 -17"><span class='ocrx_word' id='word_1_610' title='bbox 1389 2049 1496 2102; x_wconf 79' lang='grc' dir='ltr'>νίδης)</span> <span class='ocrx_word' id='word_1_611' title='bbox 1521 2050 1563 2088; x_wconf 80' lang='grc' dir='ltr'>τὸ</span> <span class='ocrx_word' id='word_1_612' title='bbox 1582 2049 1661 2088; x_wconf 83' lang='grc' dir='ltr'>ὅλον</span> <span class='ocrx_word' id='word_1_613' title='bbox 1677 2049 1895 2104; x_wconf 83' lang='grc' dir='ltr'>πεπεράνθαι</span> <span class='ocrx_word' id='word_1_614' title='bbox 1915 2049 2085 2101; x_wconf 88' lang='grc' dir='ltr'>μεσσόθεν</span> <span class='ocrx_word' id='word_1_615' title='bbox 2107 2051 2288 2097; x_wconf 87' lang='grc' dir='ltr'>ἷσοπαλές.</span> <span class='ocrx_word' id='word_1_616' title='bbox 2313 2056 2451 2092; x_wconf 81' lang='lat' dir='ltr'>Merito</span> 
     </span>
     <span class='ocr_line' id='line_1_81' title="bbox 1390 2109 2452 2166; baseline 0.005 -17"><span class='ocrx_word' id='word_1_617' title='bbox 1390 2119 1514 2149; x_wconf 87' lang='lat' dir='ltr'>autem</span> <span class='ocrx_word' id='word_1_618' title='bbox 1551 2109 1770 2160; x_wconf 88' lang='lat' dir='ltr'>Simplicius</span> <span class='ocrx_word' id='word_1_619' title='bbox 1797 2112 1823 2150; x_wconf 88' lang='lat' dir='ltr'>f.</span> <span class='ocrx_word' id='word_1_620' title='bbox 1847 2125 1885 2158; x_wconf 93' lang='lat'>7,</span> <span class='ocrx_word' id='word_1_621' title='bbox 1910 2124 1946 2159; x_wconf 87' lang='lat' dir='ltr'>a,</span> <span class='ocrx_word' id='word_1_622' title='bbox 1976 2113 2019 2159; x_wconf 89' lang='lat' dir='ltr'>b,</span> <span class='ocrx_word' id='word_1_623' title='bbox 2042 2121 2173 2150; x_wconf 89' lang='lat' dir='ltr'>nostro</span> <span class='ocrx_word' id='word_1_624' title='bbox 2199 2116 2322 2152; x_wconf 90' lang='lat' dir='ltr'>utitur</span> <span class='ocrx_word' id='word_1_625' title='bbox 2348 2116 2452 2166; x_wconf 82' lang='lat' dir='ltr'>loco,</span> 
     </span>
     <span class='ocr_line' id='line_1_82' title="bbox 1389 2170 2452 2228; baseline 0.006 -21"><span class='ocrx_word' id='word_1_626' title='bbox 1389 2184 1467 2220; x_wconf 94' lang='lat' dir='ltr'>quo</span> <span class='ocrx_word' id='word_1_627' title='bbox 1486 2171 1660 2208; x_wconf 89' lang='lat' dir='ltr'>ostendat</span> <span class='ocrx_word' id='word_1_628' title='bbox 1673 2170 1893 2208; x_wconf 90' lang='lat' dir='ltr'>Parmenidi</span> <span class='ocrx_word' id='word_1_629' title='bbox 1907 2184 1972 2208; x_wconf 90' lang='lat' dir='ltr'>ens</span> <span class='ocrx_word' id='word_1_630' title='bbox 1988 2172 2114 2209; x_wconf 89' lang='lat' dir='ltr'>visum</span> <span class='ocrx_word' id='word_1_631' title='bbox 2127 2185 2207 2210; x_wconf 88' lang='lat' dir='ltr'>esse</span> <span class='ocrx_word' id='word_1_632' title='bbox 2220 2171 2452 2228; x_wconf 74' lang='grc' dir='ltr'>πεπερασμέ-</span> 
     </span>
     <span class='ocr_line' id='line_1_83' title="bbox 1388 2230 2450 2282; baseline 0.006 -15"><span class='ocrx_word' id='word_1_633' title='bbox 1388 2245 1458 2276; x_wconf 91' lang='grc' dir='ltr'>νον,</span> <span class='ocrx_word' id='word_1_634' title='bbox 1480 2231 1599 2281; x_wconf 89' lang='lat' dir='ltr'>idque</span> <span class='ocrx_word' id='word_1_635' title='bbox 1625 2231 1700 2268; x_wconf 91' lang='lat' dir='ltr'>hoc</span> <span class='ocrx_word' id='word_1_636' title='bbox 1715 2230 1935 2281; x_wconf 83' lang='lat' dir='ltr'>syllogismo</span> <span class='ocrx_word' id='word_1_637' title='bbox 1955 2245 1976 2269; x_wconf 89' lang='lat' dir='ltr'>e</span> <span class='ocrx_word' id='word_1_638' title='bbox 1995 2240 2119 2282; x_wconf 90' lang='lat' dir='ltr'>poetae</span> <span class='ocrx_word' id='word_1_639' title='bbox 2135 2234 2261 2271; x_wconf 84' lang='lat' dir='ltr'>verbis</span> <span class='ocrx_word' id='word_1_640' title='bbox 2284 2236 2450 2273; x_wconf 89' lang='lat' dir='ltr'>collecto</span> 
     </span>
     <span class='ocr_line' id='line_1_84' title="bbox 1388 2289 2453 2345; baseline 0.004 -17"><span class='ocrx_word' id='word_1_641' title='bbox 1388 2290 1540 2328; x_wconf 87' lang='lat' dir='ltr'>efficere</span> <span class='ocrx_word' id='word_1_642' title='bbox 1556 2291 1710 2329; x_wconf 86' lang='lat' dir='ltr'>studet:</span> <span class='ocrx_word' id='word_1_643' title='bbox 1730 2291 1775 2329; x_wconf 85' lang='grc' dir='ltr'>Εἰ</span> <span class='ocrx_word' id='word_1_644' title='bbox 1794 2290 1863 2343; x_wconf 85' lang='grc' dir='ltr'>γὰρ</span> <span class='ocrx_word' id='word_1_645' title='bbox 1878 2289 1915 2329; x_wconf 84' lang='grc' dir='ltr'>ὂν</span> <span class='ocrx_word' id='word_1_646' title='bbox 1936 2290 2011 2330; x_wconf 83' lang='grc' dir='ltr'>ἔστι</span> <span class='ocrx_word' id='word_1_647' title='bbox 2027 2291 2087 2330; x_wconf 85' lang='grc' dir='ltr'>καὶ</span> <span class='ocrx_word' id='word_1_648' title='bbox 2110 2291 2188 2345; x_wconf 78' lang='grc' dir='ltr'>οὐχὶ</span> <span class='ocrx_word' id='word_1_649' title='bbox 2208 2292 2258 2344; x_wconf 79' lang='grc' dir='ltr'>μὴ</span> <span class='ocrx_word' id='word_1_650' title='bbox 2279 2292 2333 2342; x_wconf 84' lang='grc' dir='ltr'>ὅν,</span> <span class='ocrx_word' id='word_1_651' title='bbox 2354 2295 2453 2332; x_wconf 79' lang='grc' dir='ltr'>ἀνεν·</span> 
     </span>
     <span class='ocr_line' id='line_1_85' title="bbox 1388 2348 2450 2401; baseline 0.006 -14"><span class='ocrx_word' id='word_1_652' title='bbox 1388 2349 1461 2394; x_wconf 85' lang='grc' dir='ltr'>δεές</span> <span class='ocrx_word' id='word_1_653' title='bbox 1476 2351 1592 2388; x_wconf 85' lang='grc' dir='ltr'>ἐστιν·</span> <span class='ocrx_word' id='word_1_654' title='bbox 1613 2349 1768 2394; x_wconf 78' lang='grc' dir='ltr'>ἀνενδεὲς</span> <span class='ocrx_word' id='word_1_655' title='bbox 1789 2349 1825 2389; x_wconf 81' lang='grc' dir='ltr'>δὲ</span> <span class='ocrx_word' id='word_1_656' title='bbox 1854 2348 1892 2389; x_wconf 84' lang='grc' dir='ltr'>ὂν</span> <span class='ocrx_word' id='word_1_657' title='bbox 1922 2350 2054 2390; x_wconf 86' lang='grc' dir='ltr'>τέλειόν</span> <span class='ocrx_word' id='word_1_658' title='bbox 2078 2351 2168 2401; x_wconf 81' lang='grc' dir='ltr'>ἐστι,</span> <span class='ocrx_word' id='word_1_659' title='bbox 2199 2352 2332 2392; x_wconf 85' lang='grc' dir='ltr'>τέλειον</span> <span class='ocrx_word' id='word_1_660' title='bbox 2349 2352 2387 2392; x_wconf 80' lang='grc' dir='ltr'>δὲ</span> <span class='ocrx_word' id='word_1_661' title='bbox 2411 2353 2450 2393; x_wconf 78' lang='grc' dir='ltr'>ὃν</span> 
     </span>
     <span class='ocr_line' id='line_1_86' title="bbox 1388 2407 2451 2468; baseline 0.008 -23"><span class='ocrx_word' id='word_1_662' title='bbox 1388 2407 1462 2460; x_wconf 85' lang='grc' dir='ltr'>ἔχει</span> <span class='ocrx_word' id='word_1_663' title='bbox 1488 2408 1598 2460; x_wconf 88' lang='grc' dir='ltr'>τέλος,</span> <span class='ocrx_word' id='word_1_664' title='bbox 1627 2409 1688 2448; x_wconf 87' lang='grc' dir='ltr'>καὶ</span> <span class='ocrx_word' id='word_1_665' title='bbox 1709 2411 1772 2448; x_wconf 81' lang='grc' dir='ltr'>οὐκ</span> <span class='ocrx_word' id='word_1_666' title='bbox 1791 2408 1884 2449; x_wconf 86' lang='grc' dir='ltr'>ἔστι-ν</span> <span class='ocrx_word' id='word_1_667' title='bbox 1908 2411 2157 2458; x_wconf 81' lang='grc' dir='ltr'>ἀτελεύτητον·</span> <span class='ocrx_word' id='word_1_668' title='bbox 2189 2412 2288 2457; x_wconf 85' lang='grc' dir='ltr'>τέλος</span> <span class='ocrx_word' id='word_1_669' title='bbox 2307 2411 2345 2452; x_wconf 80' lang='grc' dir='ltr'>δὲ</span> <span class='ocrx_word' id='word_1_670' title='bbox 2368 2412 2451 2468; x_wconf 72' lang='grc' dir='ltr'>ἔχον</span> 
     </span>
     <span class='ocr_line' id='line_1_87' title="bbox 1385 2467 1764 2522; baseline 0.003 -15"><span class='ocrx_word' id='word_1_671' title='bbox 1385 2467 1495 2521; x_wconf 85' lang='grc' dir='ltr'>πέρας</span> <span class='ocrx_word' id='word_1_672' title='bbox 1510 2468 1583 2521; x_wconf 75' lang='grc' dir='ltr'>ἔχει</span> <span class='ocrx_word' id='word_1_673' title='bbox 1599 2468 1659 2507; x_wconf 85' lang='grc' dir='ltr'>καὶ</span> <span class='ocrx_word' id='word_1_674' title='bbox 1673 2467 1764 2522; x_wconf 80' lang='grc' dir='ltr'>ὅρον.</span> 
     </span>
    </p>

    <p class='ocr_par' dir='ltr' id='par_1_18' title="bbox 1384 2530 2451 2924">
     <span class='ocr_line' id='line_1_88' title="bbox 1443 2530 2451 2586; baseline 0.009 -21"><span class='ocrx_word' id='word_1_675' title='bbox 1443 2531 1484 2566; x_wconf 93' lang='lat' dir='ltr'>V.</span> <span class='ocrx_word' id='word_1_676' title='bbox 1501 2531 1565 2576; x_wconf 94' lang='lat'>87.</span> <span class='ocrx_word' id='word_1_677' title='bbox 1577 2530 1761 2567; x_wconf 67' lang='lat' dir='ltr'>&#39;Dedimus</span> <span class='ocrx_word' id='word_1_678' title='bbox 1778 2544 1798 2568; x_wconf 90' lang='lat' dir='ltr'>e</span> <span class='ocrx_word' id='word_1_679' title='bbox 1812 2532 2000 2569; x_wconf 88' lang='lat' dir='ltr'>Karstenii</span> <span class='ocrx_word' id='word_1_680' title='bbox 2014 2532 2235 2586; x_wconf 87' lang='lat' dir='ltr'>conjectura</span> <span class='ocrx_word' id='word_1_681' title='bbox 2250 2531 2324 2586; x_wconf 83' lang='grc' dir='ltr'>ἔχει</span> <span class='ocrx_word' id='word_1_682' title='bbox 2334 2549 2374 2573; x_wconf 87' lang='grc' dir='ltr'>τε</span> <span class='ocrx_word' id='word_1_683' title='bbox 2389 2534 2451 2574; x_wconf 79' lang='grc' dir='ltr'>καὶ</span> 
     </span>
     <span class='ocr_line' id='line_1_89' title="bbox 1389 2585 2448 2647; baseline 0.009 -24"><span class='ocrx_word' id='word_1_684' title='bbox 1389 2585 1497 2639; x_wconf 76' lang='grc' dir='ltr'>ἀμφὶς</span> <span class='ocrx_word' id='word_1_685' title='bbox 1514 2586 1624 2640; x_wconf 80' lang='grc' dir='ltr'>ἐέργει</span> <span class='ocrx_word' id='word_1_686' title='bbox 1643 2602 1717 2638; x_wconf 82' lang='lat' dir='ltr'>pro</span> <span class='ocrx_word' id='word_1_687' title='bbox 1733 2591 1890 2640; x_wconf 85' lang='lat' dir='ltr'>vulgato</span> <span class='ocrx_word' id='word_1_688' title='bbox 1908 2589 1982 2644; x_wconf 79' lang='grc' dir='ltr'>ἔχει</span> <span class='ocrx_word' id='word_1_689' title='bbox 1999 2589 2038 2629; x_wconf 86' lang='grc' dir='ltr'>τέ</span> <span class='ocrx_word' id='word_1_690' title='bbox 2057 2607 2116 2643; x_wconf 85' lang='grc' dir='ltr'>μιν</span> <span class='ocrx_word' id='word_1_691' title='bbox 2136 2594 2197 2630; x_wconf 82' lang='lat' dir='ltr'>vel</span> <span class='ocrx_word' id='word_1_692' title='bbox 2211 2601 2254 2630; x_wconf 90' lang='lat' dir='ltr'>ut</span> <span class='ocrx_word' id='word_1_693' title='bbox 2267 2602 2323 2632; x_wconf 90' lang='lat' dir='ltr'>est</span> <span class='ocrx_word' id='word_1_694' title='bbox 2342 2596 2448 2647; x_wconf 84' lang='lat' dir='ltr'>apud</span> 
     </span>
     <span class='ocr_line' id='line_1_90' title="bbox 1393 2645 2449 2705; baseline 0.01 -23"><span class='ocrx_word' id='word_1_695' title='bbox 1393 2645 1567 2696; x_wconf 89' lang='lat' dir='ltr'>Simplic.</span> <span class='ocrx_word' id='word_1_696' title='bbox 1588 2649 1615 2687; x_wconf 85' lang='lat' dir='ltr'>f.</span> <span class='ocrx_word' id='word_1_697' title='bbox 1638 2662 1662 2698; x_wconf 93' lang='lat'><strong>9</strong></span> <span class='ocrx_word' id='word_1_698' title='bbox 1688 2646 1764 2701; x_wconf 86' lang='grc' dir='ltr'>ἔχει</span> <span class='ocrx_word' id='word_1_699' title='bbox 1783 2647 1824 2686; x_wconf 90' lang='grc' dir='ltr'>τό</span> <span class='ocrx_word' id='word_1_700' title='bbox 1845 2664 1919 2700; x_wconf 88' lang='grc' dir='ltr'>μιν.</span> <span class='ocrx_word' id='word_1_701' title='bbox 1946 2652 2042 2689; x_wconf 90' lang='lat' dir='ltr'>Nam</span> <span class='ocrx_word' id='word_1_702' title='bbox 2065 2665 2185 2701; x_wconf 90' lang='lat' dir='ltr'>quum</span> <span class='ocrx_word' id='word_1_703' title='bbox 2204 2667 2243 2691; x_wconf 91' lang='grc' dir='ltr'>τε</span> <span class='ocrx_word' id='word_1_704' title='bbox 2263 2667 2345 2691; x_wconf 89' lang='lat' dir='ltr'>non</span> <span class='ocrx_word' id='word_1_705' title='bbox 2356 2667 2449 2705; x_wconf 89' lang='lat' dir='ltr'>pos-</span> 
     </span>
     <span class='ocr_line' id='line_1_91' title="bbox 1385 2707 2448 2761; baseline 0.009 -19"><span class='ocrx_word' id='word_1_706' title='bbox 1385 2707 1432 2742; x_wconf 89' lang='lat' dir='ltr'>sit</span> <span class='ocrx_word' id='word_1_707' title='bbox 1450 2715 1493 2744; x_wconf 91' lang='lat' dir='ltr'>ut</span> <span class='ocrx_word' id='word_1_708' title='bbox 1511 2708 1572 2745; x_wconf 82' lang='grc' dir='ltr'>καὶ</span> <span class='ocrx_word' id='word_1_709' title='bbox 1601 2708 1819 2757; x_wconf 88' lang='lat' dir='ltr'>praecedere</span> <span class='ocrx_word' id='word_1_710' title='bbox 1851 2722 1908 2756; x_wconf 87' lang='lat' dir='ltr'>ea,</span> <span class='ocrx_word' id='word_1_711' title='bbox 1928 2711 1978 2747; x_wconf 87' lang='lat' dir='ltr'>ad</span> <span class='ocrx_word' id='word_1_712' title='bbox 1998 2724 2083 2760; x_wconf 85' lang='lat' dir='ltr'>quae</span> <span class='ocrx_word' id='word_1_713' title='bbox 2114 2713 2298 2761; x_wconf 89' lang='lat' dir='ltr'>pertinet,</span> <span class='ocrx_word' id='word_1_714' title='bbox 2325 2727 2448 2752; x_wconf 84' lang='lat' dir='ltr'>voca-</span> 
     </span>
     <span class='ocr_line' id='line_1_92' title="bbox 1385 2763 2448 2818; baseline 0.009 -16"><span class='ocrx_word' id='word_1_715' title='bbox 1385 2766 1489 2813; x_wconf 91' lang='lat' dir='ltr'>bula,</span> <span class='ocrx_word' id='word_1_716' title='bbox 1520 2775 1585 2804; x_wconf 85' lang='lat' dir='ltr'>aut</span> <span class='ocrx_word' id='word_1_717' title='bbox 1610 2769 1839 2818; x_wconf 85' lang='lat' dir='ltr'>transposito</span> <span class='ocrx_word' id='word_1_718' title='bbox 1859 2782 1956 2818; x_wconf 90' lang='lat' dir='ltr'>opus</span> <span class='ocrx_word' id='word_1_719' title='bbox 1967 2778 2021 2807; x_wconf 90' lang='lat' dir='ltr'>est</span> <span class='ocrx_word' id='word_1_720' title='bbox 2037 2785 2075 2808; x_wconf 91' lang='grc' dir='ltr'>τε</span> <span class='ocrx_word' id='word_1_721' title='bbox 2087 2779 2152 2808; x_wconf 90' lang='lat' dir='ltr'>aut</span> <span class='ocrx_word' id='word_1_722' title='bbox 2175 2763 2249 2810; x_wconf 85' lang='lat' dir='ltr'>alia</span> <span class='ocrx_word' id='word_1_723' title='bbox 2267 2773 2448 2812; x_wconf 83' lang='lat' dir='ltr'>emenda-</span> 
     </span>
     <span class='ocr_line' id='line_1_93' title="bbox 1387 2824 2446 2883; baseline 0.008 -21"><span class='ocrx_word' id='word_1_724' title='bbox 1387 2826 1505 2872; x_wconf 84' lang='lat' dir='ltr'>tione,</span> <span class='ocrx_word' id='word_1_725' title='bbox 1537 2824 1577 2863; x_wconf 85' lang='grc' dir='ltr'>τὸ</span> <span class='ocrx_word' id='word_1_726' title='bbox 1603 2835 1732 2864; x_wconf 89' lang='lat' dir='ltr'>autem</span> <span class='ocrx_word' id='word_1_727' title='bbox 1765 2828 1961 2877; x_wconf 80' lang='lat' dir='ltr'>scripturae</span> <span class='ocrx_word' id='word_1_728' title='bbox 1992 2831 2176 2868; x_wconf 91' lang='lat' dir='ltr'>mendum</span> <span class='ocrx_word' id='word_1_729' title='bbox 2206 2844 2446 2883; x_wconf 27' lang='lat' dir='ltr'>essevappa·</span> 
     </span>
     <span class='ocr_line' id='line_1_94' title="bbox 1384 2892 1456 2924; baseline 0.042 -3"><span class='ocrx_word' id='word_1_730' title='bbox 1384 2892 1456 2924; x_wconf 89' lang='lat' dir='ltr'>ret.</span> 
     </span>
    </p>

    <p class='ocr_par' dir='ltr' id='par_1_19' title="bbox 1381 2945 2488 3413">
     <span class='ocr_line' id='line_1_95' title="bbox 1439 2945 2443 3001; baseline 0.007 -19"><span class='ocrx_word' id='word_1_731' title='bbox 1439 2947 1480 2982; x_wconf 92' lang='lat' dir='ltr'>V.</span> <span class='ocrx_word' id='word_1_732' title='bbox 1499 2945 1562 2984; x_wconf 81' lang='lat'>88.</span> <span class='ocrx_word' id='word_1_733' title='bbox 1581 2947 1700 2983; x_wconf 87' lang='lat' dir='ltr'>Recte</span> <span class='ocrx_word' id='word_1_734' title='bbox 1719 2945 1940 2996; x_wconf 88' lang='lat' dir='ltr'>Simplicius</span> <span class='ocrx_word' id='word_1_735' title='bbox 1958 2945 2188 2995; x_wconf 81' lang='grc' dir='ltr'>ἀτελεύτητον</span> <span class='ocrx_word' id='word_1_736' title='bbox 2207 2951 2311 3001; x_wconf 83' lang='lat' dir='ltr'>capit</span> <span class='ocrx_word' id='word_1_737' title='bbox 2329 2952 2377 2989; x_wconf 90' lang='lat' dir='ltr'>de</span> <span class='ocrx_word' id='word_1_738' title='bbox 2396 2964 2443 2990; x_wconf 91' lang='lat' dir='ltr'>eo</span> 
     </span>
     <span class='ocr_line' id='line_1_96' title="bbox 1385 3004 2443 3058; baseline 0.009 -18"><span class='ocrx_word' id='word_1_739' title='bbox 1385 3004 1494 3054; x_wconf 89' lang='lat' dir='ltr'>quod</span> <span class='ocrx_word' id='word_1_740' title='bbox 1525 3012 1580 3041; x_wconf 87' lang='lat' dir='ltr'>est</span> <span class='ocrx_word' id='word_1_741' title='bbox 1612 3004 1770 3056; x_wconf 87' lang='grc' dir='ltr'>ἄπειρον,</span> <span class='ocrx_word' id='word_1_742' title='bbox 1791 3004 1910 3050; x_wconf 88' lang='grc' dir='ltr'>ἀτελές</span> <span class='ocrx_word' id='word_1_743' title='bbox 1937 3019 1946 3043; x_wconf 77' lang='lat' dir='ltr'><em>z</em></span> <span class='ocrx_word' id='word_1_744' title='bbox 1975 3020 2095 3058; x_wconf 85' lang='lat' dir='ltr'>quare</span> <span class='ocrx_word' id='word_1_745' title='bbox 2123 3008 2187 3046; x_wconf 83' lang='grc' dir='ltr'>οὐκ</span> <span class='ocrx_word' id='word_1_746' title='bbox 2212 3007 2443 3058; x_wconf 77' lang='grc' dir='ltr'>ἀτελεύτητον</span> 
     </span>
     <span class='ocr_line' id='line_1_97' title="bbox 1385 3063 2444 3121; baseline 0.008 -21"><span class='ocrx_word' id='word_1_747' title='bbox 1385 3065 1545 3114; x_wconf 89' lang='lat' dir='ltr'>exponit</span> <span class='ocrx_word' id='word_1_748' title='bbox 1556 3063 1689 3102; x_wconf 87' lang='grc' dir='ltr'>τέλειον</span> <span class='ocrx_word' id='word_1_749' title='bbox 1703 3067 1782 3103; x_wconf 90' lang='lat' dir='ltr'>sive</span> <span class='ocrx_word' id='word_1_750' title='bbox 1792 3066 2071 3119; x_wconf 85' lang='grc' dir='ltr'>πεπερασμένον.</span> <span class='ocrx_word' id='word_1_751' title='bbox 2087 3070 2220 3118; x_wconf 87' lang='lat' dir='ltr'>Neque</span> <span class='ocrx_word' id='word_1_752' title='bbox 2238 3070 2313 3107; x_wconf 88' lang='lat' dir='ltr'>hoc</span> <span class='ocrx_word' id='word_1_753' title='bbox 2328 3083 2444 3121; x_wconf 84' lang='lat' dir='ltr'>repu-</span> 
     </span>
     <span class='ocr_line' id='line_1_98' title="bbox 1384 3124 2488 3180; baseline 0.007 -20"><span class='ocrx_word' id='word_1_754' title='bbox 1384 3131 1476 3173; x_wconf 84' lang='lat' dir='ltr'>gnat</span> <span class='ocrx_word' id='word_1_755' title='bbox 1493 3125 1618 3162; x_wconf 78' lang='lat' dir='ltr'>versui</span> <span class='ocrx_word' id='word_1_756' title='bbox 1633 3124 1698 3172; x_wconf 81' lang='lat'>83,</span> <span class='ocrx_word' id='word_1_757' title='bbox 1714 3126 1782 3162; x_wconf 91' lang='lat' dir='ltr'>ubi</span> <span class='ocrx_word' id='word_1_758' title='bbox 1798 3139 1863 3163; x_wconf 88' lang='lat' dir='ltr'>ens</span> <span class='ocrx_word' id='word_1_759' title='bbox 1876 3128 2090 3176; x_wconf 87' lang='lat' dir='ltr'>appellatur</span> <span class='ocrx_word' id='word_1_760' title='bbox 2103 3126 2285 3166; x_wconf 86' lang='grc' dir='ltr'>ἄπαυστον</span> <span class='ocrx_word' id='word_1_761' title='bbox 2299 3131 2445 3180; x_wconf 74' lang='lat' dir='ltr'>pariter</span> <span class='ocrx_word' id='word_1_762' title='bbox 2484 3145 2488 3148; x_wconf 53' lang='lat'><strong><em>⁴</em></strong></span> 
     </span>
     <span class='ocr_line' id='line_1_99' title="bbox 1383 3182 2444 3237; baseline 0.007 -17"><span class='ocrx_word' id='word_1_763' title='bbox 1383 3191 1498 3233; x_wconf 89' lang='lat' dir='ltr'>atque</span> <span class='ocrx_word' id='word_1_764' title='bbox 1515 3182 1680 3236; x_wconf 80' lang='grc' dir='ltr'>ἄναρχον,</span> <span class='ocrx_word' id='word_1_765' title='bbox 1691 3189 1875 3235; x_wconf 80' lang='lat' dir='ltr'>principii</span> <span class='ocrx_word' id='word_1_766' title='bbox 1884 3187 2047 3236; x_wconf 78' lang='lat' dir='ltr'>finisque</span> <span class='ocrx_word' id='word_1_767' title='bbox 2075 3200 2223 3237; x_wconf 71' lang='lat' dir='ltr'>expers·</span> <span class='ocrx_word' id='word_1_768' title='bbox 2252 3189 2444 3227; x_wconf 87' lang='lat' dir='ltr'>Nimirum</span> 
     </span>
     <span class='ocr_line' id='line_1_100' title="bbox 1384 3243 2440 3295; baseline 0.007 -17"><span class='ocrx_word' id='word_1_769' title='bbox 1384 3243 1436 3278; x_wconf 90' lang='lat' dir='ltr'>ibi</span> <span class='ocrx_word' id='word_1_770' title='bbox 1459 3244 1695 3293; x_wconf 89' lang='lat' dir='ltr'>principium</span> <span class='ocrx_word' id='word_1_771' title='bbox 1713 3257 1787 3293; x_wconf 87' lang='lat' dir='ltr'>pro</span> <span class='ocrx_word' id='word_1_772' title='bbox 1805 3252 1906 3291; x_wconf 91' lang='lat' dir='ltr'>ortu,</span> <span class='ocrx_word' id='word_1_773' title='bbox 1927 3244 2042 3282; x_wconf 86' lang='lat' dir='ltr'>finem</span> <span class='ocrx_word' id='word_1_774' title='bbox 2060 3259 2133 3295; x_wconf 86' lang='lat' dir='ltr'>pro</span> <span class='ocrx_word' id='word_1_775' title='bbox 2153 3247 2311 3283; x_wconf 89' lang='lat' dir='ltr'>interitu</span> <span class='ocrx_word' id='word_1_776' title='bbox 2329 3247 2440 3287; x_wconf 85' lang='lat' dir='ltr'>dixit.</span> 
     </span>
     <span class='ocr_line' id='line_1_101' title="bbox 1383 3302 2442 3356; baseline 0.006 -18"><span class='ocrx_word' id='word_1_777' title='bbox 1383 3302 1439 3338; x_wconf 86' lang='lat' dir='ltr'>Cf.</span> <span class='ocrx_word' id='word_1_778' title='bbox 1462 3315 1580 3353; x_wconf 85' lang='lat' dir='ltr'>supra</span> <span class='ocrx_word' id='word_1_779' title='bbox 1615 3304 1664 3341; x_wconf 87' lang='lat' dir='ltr'>ad</span> <span class='ocrx_word' id='word_1_780' title='bbox 1697 3316 1793 3341; x_wconf 82' lang='lat' dir='ltr'>vers.</span> <span class='ocrx_word' id='word_1_781' title='bbox 1827 3305 1890 3341; x_wconf 84' lang='lat'>60.</span> <span class='ocrx_word' id='word_1_782' title='bbox 1922 3306 2020 3342; x_wconf 85' lang='lat' dir='ltr'>Hinc</span> <span class='ocrx_word' id='word_1_783' title='bbox 2048 3307 2139 3343; x_wconf 90' lang='lat' dir='ltr'>satis</span> <span class='ocrx_word' id='word_1_784' title='bbox 2170 3314 2275 3356; x_wconf 86' lang='lat' dir='ltr'>patet</span> <span class='ocrx_word' id='word_1_785' title='bbox 2301 3318 2442 3344; x_wconf 79' lang='lat' dir='ltr'>errasse</span> 
     </span>
     <span class='ocr_line' id='line_1_102' title="bbox 1381 3363 2445 3413; baseline 0.006 -15"><span class='ocrx_word' id='word_1_786' title='bbox 1381 3363 1628 3400; x_wconf 89' lang='lat' dir='ltr'>Karstenium</span> <span class='ocrx_word' id='word_1_787' title='bbox 1657 3364 1724 3412; x_wconf 91' lang='lat' dir='ltr'>qui</span> <span class='ocrx_word' id='word_1_788' title='bbox 1743 3376 1863 3413; x_wconf 87' lang='lat' dir='ltr'>quum</span> <span class='ocrx_word' id='word_1_789' title='bbox 1885 3363 2126 3413; x_wconf 84' lang='grc' dir='ltr'>ἀτελεύτητον,</span> <span class='ocrx_word' id='word_1_790' title='bbox 2140 3375 2339 3412; x_wconf 84' lang='lat' dir='ltr'>aetemum,</span> <span class='ocrx_word' id='word_1_791' title='bbox 2363 3378 2445 3404; x_wconf 84' lang='lat' dir='ltr'>esse</span> 
     </span>
    </p>
   </div>
   <div class='ocr_carea' id='block_1_9' title="bbox 268 3404 2447 3531">
    <p class='ocr_par' dir='ltr' id='par_1_20' title="bbox 268 3404 2447 3531">
     <span class='ocr_line' id='line_1_103' title="bbox 269 3404 2447 3475; baseline 0.01 -35"><span class='ocrx_word' id='word_1_792' title='bbox 269 3404 377 3442; x_wconf 89' lang='lat' dir='ltr'>nides</span> <span class='ocrx_word' id='word_1_793' title='bbox 394 3407 494 3443; x_wconf 89' lang='lat' dir='ltr'>enim</span> <span class='ocrx_word' id='word_1_794' title='bbox 515 3408 718 3447; x_wconf 84' lang='lat' dir='ltr'>Plutarcho</span> <span class='ocrx_word' id='word_1_795' title='bbox 738 3418 828 3449; x_wconf 88' lang='lat' dir='ltr'>teste</span> <span class='ocrx_word' id='word_1_796' title='bbox 847 3413 934 3452; x_wconf 83' lang='lat' dir='ltr'>adv.</span> <span class='ocrx_word' id='word_1_797' title='bbox 959 3415 1082 3455; x_wconf 89' lang='lat' dir='ltr'>Colot.</span> <span class='ocrx_word' id='word_1_798' title='bbox 1098 3431 1139 3468; x_wconf 90' lang='lat' dir='ltr'>p.</span> <span class='ocrx_word' id='word_1_799' title='bbox 1163 3432 1177 3456; x_wconf 86' lang='lat'>1</span> <span class='ocrx_word' id='word_1_800' title='bbox 1191 3425 1261 3464; x_wconf 70' lang='lat'>114</span> <span class='ocrx_word' id='word_1_801' title='bbox 1283 3419 1322 3458; x_wconf 85' lang='grc' dir='ltr'>τὸ</span> <span class='ocrx_word' id='word_1_802' title='bbox 1381 3422 1495 3458; x_wconf 89' lang='lat' dir='ltr'>vellet</span> <span class='ocrx_word' id='word_1_803' title='bbox 1525 3422 1791 3459; x_wconf 89' lang='lat' dir='ltr'>Parmenidem</span> <span class='ocrx_word' id='word_1_804' title='bbox 1817 3423 1881 3460; x_wconf 81' lang='lat' dir='ltr'>hic</span> <span class='ocrx_word' id='word_1_805' title='bbox 1910 3420 1987 3461; x_wconf 81' lang='grc' dir='ltr'>οὐδὲ</span> <span class='ocrx_word' id='word_1_806' title='bbox 2016 3422 2223 3471; x_wconf 85' lang='grc' dir='ltr'>τελευτητὸν</span> <span class='ocrx_word' id='word_1_807' title='bbox 2250 3424 2447 3475; x_wconf 54' lang='lat' dir='ltr'>scripsisse,</span> 
     </span>
     <span class='ocr_line' id='line_1_104' title="bbox 268 3462 1680 3531; baseline 0.014 -31"><span class='ocrx_word' id='word_1_808' title='bbox 268 3462 304 3500; x_wconf 68' lang='grc' dir='ltr'>ἂν</span> <span class='ocrx_word' id='word_1_809' title='bbox 326 3466 471 3504; x_wconf 71' lang='lat' dir='ltr'>‹ii-&lt;erat</span> <span class='ocrx_word' id='word_1_810' title='bbox 496 3463 615 3518; x_wconf 82' lang='grc' dir='ltr'>ὅμοιον</span> <span class='ocrx_word' id='word_1_811' title='bbox 638 3467 753 3522; x_wconf 80' lang='grc' dir='ltr'>ἑαυτῷ</span> <span class='ocrx_word' id='word_1_812' title='bbox 771 3468 832 3508; x_wconf 81' lang='grc' dir='ltr'>καὶ</span> <span class='ocrx_word' id='word_1_813' title='bbox 867 3469 1058 3524; x_wconf 84' lang='grc' dir='ltr'>μόνιμον</span> <span class='ocrx_word' id='word_1_814' title='bbox 1083 3475 1119 3513; x_wconf 85' lang='grc' dir='ltr'>ἐν</span> <span class='ocrx_word' id='word_1_815' title='bbox 1137 3477 1187 3514; x_wconf 86' lang='grc' dir='ltr'>τῶ</span> <span class='ocrx_word' id='word_1_816' title='bbox 1216 3470 1319 3529; x_wconf 71' lang='grc' dir='ltr'>εἶναι,</span> <span class='ocrx_word' id='word_1_817' title='bbox 1381 3481 1591 3531; x_wconf 88' lang='lat' dir='ltr'>suspicatus</span> <span class='ocrx_word' id='word_1_818' title='bbox 1611 3489 1680 3522; x_wconf 87' lang='lat' dir='ltr'>est.</span> 
     </span>
    </p>
   </div>
   <div class='ocr_carea' id='block_1_10' title="bbox 2540 0 2612 3814">
    <p class='ocr_par' dir='ltr' id='par_1_21' title="bbox 2540 0 2612 3814">
     <span class='ocr_line' id='line_1_105' title="bbox 2540 0 2612 3814; baseline 0 0"><span class='ocrx_word' id='word_1_819' title='bbox 2540 0 2612 3814; x_wconf 95' lang='lat' dir='ltr'> </span> 
     </span>
    </p>
   </div>
  </div>
 </body>
</html>
