2612 3814
1027 212 1097 252 m:
1127 182 1346 251 iisstrsso
1379 210 1490 249 are.

168 294 301 345 οὕτως,
320 295 442 349 φησίν,
462 293 561 335 οὐδὲν
581 293 623 332 ἂν
647 293 715 344 εἴη,
746 294 776 332 εἷ
797 293 846 344 μὴ
865 292 991 333 ταύτόν
1013 294 1107 333 ἐστιν
1143 286 1231 332 εἶναί

131 354 142 364 '
166 370 205 393 τε
223 353 285 393 καὶ
310 354 361 405 μὴ
388 348 493 395 εἶναι.
549 351 657 393 Ἔστι
687 351 724 392 δὲ
739 351 847 392 ταύτό
861 383 871 401 ,
892 352 953 392 καὶ
974 352 1084 398 οὕτως
1108 351 1151 392 ἂν
1176 351 1230 400 εἴη

167 412 286 452 οὐδέν·
303 414 344 453 τό
369 430 408 453 τε
435 412 503 466 γὰρ
524 411 575 465 μὴ
601 411 640 451 ὂν
661 414 723 451 οὐκ
751 410 839 461 ἔστι,
859 412 919 450 καὶ
939 411 978 451 τὸ
996 411 1050 460 ὅν,
1087 410 1230 465 ἐπείπερ

168 489 209 526 γε
229 472 338 513 ταύτὸ
360 474 408 526 τῷ
428 472 479 525 μὴ
504 471 590 513 ὄντι.
648 465 761 517 Οὗτος
781 470 844 524 μὲν
872 464 931 510 οὖν
965 471 1067 517 αὐτὸς
1085 474 1104 511 ὃ
1130 471 1232 524 λόγος

170 530 317 572 ἐκείνου.

599 618 724 660 ΚΕΦ,
745 618 796 662 ς’.

222 705 429 757 Οὗδαμόθεν
449 704 485 746 δὲ
495 705 688 761 ’συμὸαίνει
710 705 744 752 ἐξ
765 700 813 745 ὧν
833 706 952 759 εἴρηκε
965 737 975 756 ,
993 706 1103 758 μηδὲν
1123 699 1228 745 εἶναι·

171 765 194 804 ἃ
211 764 281 820 γὰρ
297 766 357 804 καὶ
374 756 631 814 ἀποδείκνυσιν,
652 765 763 811 οὕτως
782 766 998 819 διαλέγεται.
1058 766 1102 806 Ei
1118 765 1158 804 τὸ
1179 763 1229 816 μὴ

170 946 302 987 reliquis
335 945 533 979 membranis
556 946 680 988 legatur
707 946 775 979 ἔστι
805 946 839 979 δὲ
862 946 971 978 ταύτὸ.
995 946 1037 978 At
1055 945 1231 985 utrumque

170 994 281 1029 fefellit
307 995 462 1028 mendosa
483 1003 558 1036 quae
586 995 661 1028 inde
689 995 794 1028 oritur
817 994 993 1027 verborum
1021 993 1230 1026 constructio.

169 1043 279 1080 Quum
301 1043 388 1076 euim
409 1042 536 1075 efficere
559 1042 683 1075 nitatur
705 1042 839 1083 Gorgias
865 1041 945 1075 niiiil
965 1049 1036 1074 esse
1070 1043 1170 1082 atque
1198 1041 1231 1073 id

169 1089 298 1131 colligat
316 1099 359 1123 ex
371 1091 558 1133 aequalitate
573 1090 658 1123 entis
679 1093 712 1124 et
727 1099 793 1123 nou
806 1090 908 1130 entis,
920 1089 1163 1122 conclusionem
1177 1089 1232 1121 καὶ

169 1137 268 1175 οὕτως
297 1139 355 1172 οὐκ
376 1138 414 1171 ἂν
445 1138 494 1178 εἴη
528 1138 616 1171 οὐδέν
639 1137 764 1171 mendis
783 1147 850 1171 non
873 1145 988 1171 vacare
1008 1137 1141 1178 pianum
1161 1137 1232 1176 est,

169 1185 289 1227 quippe
310 1195 375 1228 qua
391 1189 424 1219 et
443 1185 642 1219 contrarium
664 1185 791 1218 dicatur
808 1186 842 1218 et
864 1185 937 1226 plus
956 1192 1057 1226 quam
1079 1183 1232 1217 affirmari

169 1235 329 1266 convenit.
347 1233 562 1266 contrarium
586 1232 649 1266 dici
666 1232 920 1275 praecedentium
946 1232 1123 1266 verborum
1144 1233 1230 1266 ὥστε

172 1281 232 1314 οὐκ
250 1280 288 1313 ἂν
304 1280 403 1319 οὕτως
427 1279 546 1323 (φησίν)
575 1280 663 1313 οὐδὲν
687 1280 725 1313 ἂν
754 1280 804 1320 εἴη
830 1279 1031 1321 comparatio
1059 1280 1174 1321 docet,
1201 1282 1232 1314 in

169 1328 288 1371 qtiibus
304 1327 425 1370 duplex
444 1327 574 1369 negatio
595 1327 771 1369 flagitatur,
793 1337 868 1370 quae
887 1327 940 1360 iiic
953 1336 971 1360 a
986 1327 1113 1369 Gorgiae
1125 1331 1235 1362 mente

168 1376 314 1410 dissidet.
334 1374 458 1409 Deinde
471 1375 527 1408 καὶ
542 1374 631 1417 quod
646 1384 711 1409 uon
726 1375 824 1408 habet
841 1384 906 1417 quo
927 1375 1084 1409 referatur
1104 1385 1235 1418 prorsus

168 1422 322 1457 abundat.
335 1424 540 1465 Quapropter
557 1423 585 1456 si
607 1423 636 1457 et
652 1423 686 1456 δὲ
705 1423 802 1456 ταὺτὸ
823 1432 903 1456 vera
926 1423 1023 1456 lectio
1039 1422 1145 1465 foret,
1162 1423 1236 1465 legi·

168 1472 250 1505 tima
267 1471 420 1513 epodosis
439 1480 506 1504 non
522 1474 606 1505 esset
619 1471 681 1504 uisi
694 1471 823 1504 duabus
837 1471 974 1504 vocibus
991 1471 1121 1505 omissis
1136 1473 1235 1510 οὕτως

169 1521 209 1553 ἂν
233 1518 284 1559 εῐη
308 1519 410 1561 οὐδέν,
437 1528 636 1561 quamquam
659 1528 724 1552 non
748 1519 955 1552 diffitendum
981 1519 1081 1557 οὕτως
1106 1529 1236 1562 quoque

169 1566 260 1601 nullo
283 1567 454 1600 sententiae
475 1566 596 1599 damno
618 1567 821 1608 transpositis
840 1567 972 1608 reliquis
991 1566 1096 1599 verbis
1122 1567 1234 1600 abesse

171 1617 278 1651 posse.
294 1610 337 1641 At
349 1607 377 1641 si
388 1607 589 1642 restituimus
602 1607 670 1642 ἔστι
686 1609 719 1641 δὲ
731 1608 828 1642 ταύτό
837 1633 846 1648 ,
864 1609 974 1641 omnia
985 1610 1060 1649 apte
1073 1608 1236 1642 cohaerent

169 1665 276 1697 neque
290 1654 464 1688 delendum
481 1656 531 1688 est
550 1654 610 1688 nisi
626 1655 687 1688 οὐκ
704 1658 775 1697 post
791 1656 902 1694 οὕτως.
918 1658 1019 1689 Porro
1033 1656 1066 1688 in
1081 1656 1186 1690 verbis
1199 1657 1235 1690 τό

169 1715 205 1737 τε
219 1703 280 1745 γὰρ
301 1703 346 1745 μὴ
361 1703 396 1736 δν
413 1703 473 1736 οὐκ
487 1702 555 1736 ἔστι
574 1704 628 1735 καὶ
643 1704 678 1736 τὸ
692 1703 727 1736 ὄν
745 1704 871 1745 virgula
891 1703 1079 1737 collocanda
1095 1708 1145 1738 est
1165 1709 1236 1747 post

119 1777 123 1781 .
171 1749 238 1784 ἔστι
253 1750 349 1784 etad
368 1751 514 1784 extrema
529 1752 583 1783 καὶ
601 1751 638 1784 τὸ
657 1750 692 1784 ὄν
710 1751 954 1792 intelligendum
981 1751 1040 1785 οὐκ
1065 1751 1145 1785 ἐστι.
1170 1754 1237 1786 De-

170 1798 268 1840 nique
296 1807 354 1840 pro
382 1797 508 1842 ἑπείπερ
535 1798 631 1832 ταύτὸ
661 1798 734 1832 cod.
765 1799 856 1842 Lips.
891 1798 1014 1841 praebet
1045 1800 1170 1843 ἐπείπερ
1201 1811 1236 1843 γε

170 1846 278 1879 ταύτό.

217 1895 269 1927 33.
295 1892 399 1931 Οὗτος
415 1892 470 1935 μὲν
481 1892 536 1926 οὖν
551 1894 569 1927 ὁ
582 1893 674 1932 αὐτὸς
691 1894 782 1936 λόγος
798 1894 929 1928 ἐκείνου.
937 1896 986 1929 Ita
994 1904 1069 1928 cum
1077 1896 1238 1930 veteribus

172 1941 246 1974 edd.
261 1940 437 1975 Bekkerus.
455 1941 540 1974 Cod.
558 1942 645 1983 Lips.
663 1942 760 1975 habet
776 1943 895 1985 οὕτως;
921 1945 956 1977 at
981 1944 1071 1982 οὗτος
1098 1953 1165 1977 non
1189 1947 1238 1978 est

172 1989 425 2022 sollicitandum.
439 1990 502 2022 Sed
516 1998 575 2031 pro
589 1991 607 2023 ὁ
620 1990 712 2028 αὐτὸς
725 1990 815 2032 λόγος
829 1993 916 2025 recte
925 1991 1094 2025 substituit
1107 1991 1238 2025 Fossius

173 2037 265 2074 αὐτὸς
283 2037 301 2069 ὁ
315 2036 419 2078 λόγος.
437 2039 549 2079 Neque
565 2037 651 2070 enim
669 2038 805 2071 eandem
818 2063 829 2080 ,
846 2039 903 2072 sed
921 2039 1025 2082 ipsam
1041 2039 1168 2082 Gorgiae
1188 2049 1236 2072 ra-

174 2083 295 2118 tionem
307 2084 457 2118 attulisse
473 2093 509 2118 se
521 2085 708 2119 Aristoteles
723 2086 780 2119 ait.
1049 2096 1057 2103 ·

528 2155 668 2188 CAPUT
691 2157 859 2189 SEXTUM
866 2181 874 2189 .

214 2221 267 2254 34.
293 2219 460 2254 Bekkerus
479 2220 609 2254 initium
627 2221 674 2254 sic
689 2222 815 2264 scripsit
831 2235 839 2255 ε
860 2223 1042 2264 Οὐδαμόθεν
1055 2223 1088 2256 δὲ
1101 2223 1238 2265 συμὸαί-

172 2279 216 2301 νει
231 2269 262 2306 ἐξ
276 2269 320 2301 ὧν
335 2268 468 2312 εἴρηκεν,
484 2270 578 2311 μηδὲν
594 2270 686 2303 εἶναι.
702 2271 723 2304 ἃ
739 2271 798 2313 γὰρ
817 2272 871 2304 καὶ
889 2271 1123 2312 ἀποδείκνυσιν,
1139 2272 1239 2311 οὕτως

173 2317 361 2357 διαλέγεται.
385 2317 412 2349 εἱ
429 2317 467 2350 τὸ
484 2318 527 2359 μή
547 2317 581 2351 ὄν
596 2318 680 2351 ἐστιν
696 2319 716 2357 ἢ
729 2318 828 2357 ἔστιν,
844 2319 951 2356 ἁπλῶς
973 2320 1072 2352 εἰπεῖν
1095 2319 1162 2358 εἴη,
1184 2321 1238 2352 καὶ

172 2364 256 2396 ἔστιν
270 2364 379 2406 ὅμοιον
397 2364 441 2406 μή
458 2364 504 2398 ὄν.
519 2369 612 2398 τοῦτο
625 2366 658 2398 δὲ
672 2366 743 2398 οὔτε
757 2365 897 2409 φαίνεται
910 2366 1008 2404 οὕτως
1019 2366 1091 2400 οὔτε
1105 2367 1237 2409 ἀνάγκη,

173 2410 239 2444 ἀλλ’
255 2412 391 2454 ὡσπερεὶ
410 2412 508 2454 δυοῖν,
523 2412 609 2450 ὄντος
620 2437 631 2453 ,
648 2416 704 2446 τοῦ
723 2412 750 2446 δ’
765 2413 823 2446 οὐκ
838 2413 925 2450 ὄντος
936 2438 946 2455 ,
965 2414 1002 2447 τὸ
1024 2413 1080 2457 μὲν
1098 2414 1166 2448 ἔστι
1178 2439 1188 2454 ,
1203 2416 1239 2447 τὸ

173 2457 201 2490 δ’
220 2458 277 2491 οὐκ
292 2458 421 2500 ἀληθές,
437 2459 485 2492 ὅτι
502 2459 568 2492 ἐστὶ
584 2460 621 2493 τὸ
648 2460 703 2502 μὲν
721 2461 764 2502 μὴ
791 2460 837 2494 ὄν.
862 2462 983 2493 Parum
1013 2461 1154 2503 praesidii
1179 2462 1240 2494 hoc

173 2505 245 2538 ioco
271 2505 305 2538 iu
327 2505 401 2538 cod.
425 2506 581 2547 Lipsiensi
608 2510 673 2548 est,
698 2507 754 2548 qui
780 2507 898 2540 vitiose
920 2507 1018 2541 habet
1043 2509 1065 2541 ἁ
1094 2509 1156 2551 γὰρ
1184 2510 1238 2541 καὶ

173 2552 430 2586 ἀποδεικνύουσιν
443 2555 474 2586 et
490 2555 563 2595 post
575 2554 750 2596 διαλέγεται
765 2564 773 2587 z
789 2556 809 2594 ἢ
821 2555 858 2588 τὸ
876 2556 918 2595 μή
933 2555 967 2588 ὃν
984 2555 1081 2596 ἐστιν,
1095 2558 1115 2595 ἡ
1132 2557 1239 2593 ἁπλῶς

174 2600 254 2640 εἰπ.,
272 2598 388 2633 deinde
416 2609 493 2634 vero
520 2601 643 2634 rectius
668 2611 768 2644 quam
797 2605 926 2635 caeterae
950 2603 1150 2636 membranae
1170 2604 1239 2636 ἀλλ’

175 2647 282 2690 ὥσπερ
307 2649 335 2681 εἰ
361 2647 449 2682 δυοῖν
468 2647 581 2689 ὄντοιν,
597 2652 653 2682 τοῦ
673 2650 729 2691 μὲν
745 2649 851 2692 ὄντος,
869 2653 926 2683 τοῦ
951 2650 985 2683 δὲ
1004 2651 1187 2692 δοκοῦντος,
1203 2652 1240 2684 τὸ

176 2695 230 2736 μὲν
241 2696 365 2737 ἑστὶ,τὸ
378 2696 407 2730 δ’
422 2696 480 2730 οὐκ
493 2696 603 2736 ἀληθὲς
616 2697 663 2730 ὃτι
679 2697 763 2731 ἐστὶν
779 2699 816 2731 τὸ
835 2699 890 2741 μὲν
904 2698 947 2741 μὴ
961 2699 1007 2732 ὅν.
1020 2699 1239 2737 Quamobrem

174 2743 305 2776 Fossius
321 2744 366 2777 ita
380 2746 530 2786 posuerat
546 2757 555 2778 ε
574 2744 746 2786 οὐδαμόθεν
764 2746 798 2779 δὲ
812 2746 978 2789 συμὸαίνει
995 2747 1026 2785 ἐξ
1040 2747 1084 2780 ὧν
1106 2747 1240 2792 εἴρηκεν,

176 2791 270 2834 μηδὲν
285 2792 364 2825 εἶναι
373 2801 382 2810 ·
396 2792 418 2826 ἃ
429 2793 489 2836 γὰρ
505 2793 558 2826 καὶ
575 2792 808 2834 ἀποδείκνυσιν,
823 2795 922 2833 οὕτως
935 2796 1126 2837 διαλέγεται·
1146 2797 1182 2829 εἰ
1196 2807 1214 2828 τ
1223 2796 1240 2828 ὁ

175 2839 281 2880 μήὂν
297 2840 561 2883 ἔστιν,ἐστιν,
575 2842 712 2879 ἁπλῶς
726 2842 949 2883 εἰπεῖν,καί
963 2844 1081 2877 ἐστιν
1095 2844 1240 2886 ὁμοίως

177 2887 224 2928 μὴ
243 2887 290 2922 ὄν.
320 2892 414 2921 τοῦτο
441 2889 475 2922 δὲ
500 2889 574 2922 οὔτε
602 2890 742 2931 φαίνεται
772 2890 890 2931 οὕτως,
917 2891 989 2924 οὗτε
1013 2891 1134 2933 ἀνάγκη
1144 2914 1153 2927 ,
1175 2892 1240 2924 ἀλλ’

177 2935 311 2978 ὡσπερεὶ
329 2936 414 2969 δυοῖν
430 2936 470 2970 ὄν
483 2948 500 2969 τ
511 2947 583 2978 οιν,
597 2941 665 2970 τοῦ
686 2938 754 2979 μὲν
771 2937 904 2980 ὄντος,
918 2941 988 2971 τοῦ
1011 2939 1052 2971 δὲ
1072 2939 1194 2972 δοκοῦ
1205 2952 1238 2971 ν-

176 2993 258 3024 τος,
274 2983 310 3016 τὸ
326 2982 382 3024 μὲν
397 2982 484 3026 ἔστι,
501 2983 538 3017 τὸ
557 2983 583 3016 δ’
599 2984 657 3018 οὐκ
670 2986 798 3028 ἀληθές,
816 2986 878 3019 ὅτι
895 2986 980 3019 ἔστι
999 2987 1036 3019 τὸ
1061 2986 1115 3028 μὲν
1135 2987 1177 3028 μὴ
1193 2987 1239 3019 ὄν.

176 3031 220 3064 At
237 3039 278 3063 ne
292 3030 353 3063 hac
375 3031 507 3072 quidem
527 3032 650 3065 ratione
672 3036 860 3075 personatus
882 3035 933 3067 est
958 3034 1061 3067 locus.
1081 3035 1212 3075 corrige
1231 3044 1238 3065 :

178 3077 350 3121 οὐδαμόθεν
365 3079 399 3113 δὲ
414 3079 580 3122 συμὸαίνει
597 3081 627 3119 ἐξ
644 3081 688 3114 ὧν
706 3081 809 3125 εἴρηκε
822 3106 832 3123 ,
851 3083 945 3125 μηδὲν
965 3082 1063 3115 εἶναι·
1083 3083 1104 3115 δ.
1115 3083 1176 3125 γὰρ
1188 3085 1241 3115 καὶ

180 3126 412 3168 ἀποδείκνυσιν,
435 3127 534 3166 οὕτως
554 3129 740 3171 διαλέγεται.
759 3130 797 3163 Et
812 3131 849 3163 τὸ
870 3132 912 3173 μὴ
929 3130 963 3163 ὃν
982 3130 1080 3171 ἔστιν,
1096 3132 1115 3170 ἢ
1136 3131 1241 3167 ἁπλῶς

180 3174 278 3208 εἰπεῖν
291 3175 329 3208 τὸ
345 3175 451 3218 μηδέν.
467 3177 520 3210 καὶ
542 3177 579 3211 τὸ
595 3177 631 3211 ’δν
647 3178 732 3210 ἐστιν
751 3178 868 3220 ὁμοίως
886 3179 928 3219 μὴ
945 3178 991 3211 ὄν.
1013 3180 1113 3211 Τοῦτο
1126 3179 1159 3212 δὲ
1172 3179 1242 3211 οὔτε

180 3221 320 3262 φαίνεται
339 3222 455 3263 οὕτως,
471 3224 543 3257 οὔτε
556 3224 678 3267 ἀνάγκη
691 3249 702 3264 ,
725 3225 794 3259 ἀλλ’
812 3226 947 3269 ὡσπερεὶ
964 3226 1048 3258 δυοῖν
1062 3226 1175 3266 ὄντοιν,
1187 3230 1242 3259 τοῦ

182 3269 238 3310 μὲν
250 3268 337 3307 ὄντος
350 3273 406 3303 τοῦ
418 3270 451 3303 δὲ
464 3271 627 3311 δοκοῦντος
636 3297 646 3314 ,
662 3273 699 3306 τὸ
713 3274 768 3316 μὲν
784 3273 851 3307 ἔστι
860 3297 871 3315 ,
888 3275 924 3307 τὸ
941 3273 968 3306 δ’
981 3273 1039 3307 οὐκ
1055 3274 1162 3313 ἀληθές
1171 3297 1181 3315 ,
1195 3274 1242 3307 ὅτι

182 3316 249 3350 ἐστὶ
268 3317 304 3349 τὸ
321 3317 376 3356 μὲν
392 3318 434 3358 μὴ
449 3318 495 3351 ὄν.

226 3374 259 3406 p.
281 3366 342 3398 979
365 3365 398 3398 b.
422 3367 522 3400 Recte
546 3367 709 3401 Bekkerus
734 3379 742 3401 ε
776 3368 854 3402 διότι
880 3368 934 3402 οὗν
966 3369 1024 3402 οὐκ
1050 3368 1146 3409 ἔστιν,
1173 3369 1244 3402 οὔτε

182 3412 264 3444 ἐἶναι
285 3412 357 3445 οὗτε
373 3413 415 3453 μὴ
432 3413 509 3446 εἶναι
524 3413 565 3447 τὰ
587 3415 680 3457 ἄμφω
695 3417 762 3449 οὗθ’
776 3418 878 3460 ἕτερον
897 3417 956 3450 οὐκ
973 3418 1070 3458 ἔστιν,
1087 3416 1173 3459 quod
1198 3417 1244 3450 sic

185 3459 337 3501 exprimit
356 3461 533 3494 Felicianus
554 3475 561 3495 z
581 3475 597 3491 «ι
615 3464 691 3505 quia
704 3464 800 3506 igitur
825 3474 889 3499 non
914 3467 983 3507 est,
1002 3474 1065 3498 non
1085 3465 1244 3508 sequitur,

2282 211 2355 244 303

1293 291 1330 331 ὂν
1355 290 1466 338 ἔστιν,
1487 289 1511 337 ἢ
1546 290 1668 333 ἁπλῶς
1696 290 1805 327 εἰπεῖν
1834 288 1874 327 τὸ
1905 287 2029 339 μηδέν,
2058 287 2120 328 καὶ
2140 287 2179 326 τὸ
2198 286 2235 327 ὅν
2256 289 2351 328 ἐστιν

1294 350 1316 398 ἢ
1335 350 1457 393 ἁπλῶς
1470 350 1579 388 εἰπεῖν
1591 348 1631 387 τὸ
1646 349 1772 398 μηδέν,
1789 346 1850 386 καὶ
1867 347 1907 386 τὸ
1920 347 1956 386 ὅν
1976 349 2070 387 ἐστιν
2084 347 2212 398 ὁμοίως
2231 346 2280 400 μὴ
2296 347 2350 387 ὄν.

1292 411 1409 450 Τοῦτο
1419 407 1455 447 δὲ
1469 406 1548 448 οὔτε
1558 407 1720 461 φαίνεται
1732 405 1853 454 οὕτως,
1866 405 1944 445 οὔτε
1958 405 2108 457 ἀνάγκη,
2125 407 2203 445 ἀλλ’
2218 411 2355 460 ὡσπερ-

1295 468 1323 508 εὶ
1337 469 1430 508 δυοῖν
1463 467 1588 515 ὄντοιν,
1605 470 1666 506 τοῦ
1689 467 1753 518 μὲν
1776 464 1873 509 ὄντος
1885 469 1947 504 τοῦ
1968 464 2004 504 δὲ
2028 466 2219 514 δοκοῦντος,
2237 466 2276 505 τὸ
2291 468 2353 517 μὲν

1293 527 1384 578 ἔστι,
1403 526 1443 566 τὸ
1458 527 1489 566 δ’
1506 528 1570 566 οὐκ
1590 526 1738 574 ἀληθές,
1762 524 1815 564 ὅτι
1836 524 1911 564 ἐστὶ
1931 524 1969 564 τὸ
1990 524 2052 576 μὲν
2074 524 2123 576 μὴ
2145 523 2198 565 ὅν.
2258 525 2356 565 Διότι

1294 580 1353 626 οὖν
1376 588 1440 626 οὐκ
1456 585 1568 635 ἔστιν,
1589 584 1668 625 οὔτε
1689 577 1778 624 εἶναι
1797 584 1875 624 οὔτε
1897 582 1947 635 μὴ
1964 578 2055 623 εἶναι
2072 584 2116 623 τὰ
2147 585 2255 638 ἄμφω
2283 584 2355 624 οὔθ’

1295 646 1411 700 ἕτερον
1431 647 1494 686 οὗκ
1511 646 1619 687 ἔστιν.
1680 643 1794 686 Οὐδὲν
1814 643 1882 697 γὰρ
1901 638 2023 694 ἧττον,
2041 643 2160 698 φησίν,
2180 643 2235 691 εἴη
2260 642 2302 682 ἂν
2317 645 2356 683 τὸ

1294 705 1343 756 μὴ
1375 697 1465 745 εἶναι
1491 708 1550 744 τοῦ
1583 697 1698 752 εἶναι,
1737 702 1835 756 εἴπερ
1867 702 1920 751 εἴη
1947 720 1982 742 τι
2010 704 2070 742 καὶ
2095 703 2135 742 τὸ
2168 702 2218 754 μὴ
2238 696 2354 742 εἶναι.

1293 764 1396 818 Ἀτᾶρ
1412 762 1522 809 οὐδείς
1536 779 1642 818 φησιν
1663 756 1753 802 εἶναι
1774 761 1814 802 τὸ
1837 762 1887 815 μὴ
1909 756 1996 802 εἶναι
2017 763 2195 814 οὐδαμῶς.
2257 763 2301 801 Εἰ
2321 761 2356 800 δὲ

1294 946 1330 976 ut
1346 953 1452 985 neque
1470 953 1541 977 esse
1557 953 1664 985 neque
1683 952 1747 976 non
1767 952 1836 976 esse
1859 945 2053 984 utrumque,
2086 951 2191 983 neque
2218 942 2359 974 alterum

1292 1001 1357 1024 non
1377 992 1432 1025 sit.
1451 1005 1469 1021 n
1483 993 1595 1034 Inepte
1607 993 1640 1024 in
1655 991 1727 1024 cod.
1747 992 1831 1033 Lips.
1847 991 1963 1032 legitur
1981 1003 1990 1023 ε
2007 990 2088 1023 διατί
2103 989 2158 1023 οὖν
2181 989 2240 1023 οὐκ
2261 989 2360 1029 ἔστιν,

1292 1041 1363 1073 οὔτε
1381 1040 1460 1073 εἶναι
1479 1041 1551 1073 οὔτε
1571 1041 1614 1080 μή
1631 1040 1708 1072 εἶναι
1721 1062 1729 1078 ,
1746 1040 1783 1072 τὸ
1796 1039 1829 1072 δὲ
1843 1040 1938 1081 ἄμφω
1955 1051 1986 1071 κ.
2003 1050 2031 1071 τ.
2044 1040 2073 1071 λ.
2089 1038 2218 1070 Fossius
2229 1041 2303 1070 ante
2320 1038 2361 1069 τὰ

1293 1088 1388 1130 ἄμφω
1404 1087 1529 1120 addidit
1542 1088 1634 1128 οὔτε,
1654 1087 1741 1127 quod
1761 1087 2003 1119 concinniorem
2024 1085 2155 1126 quidem
2173 1085 2271 1117 efficit
2285 1094 2360 1117 ora·

1294 1134 1434 1174 tionem,
1449 1134 1507 1167 sed
1537 1137 1646 1166 tamen
1666 1133 1856 1174 neutiquam
1880 1132 2098 1165 necessarium
2111 1134 2174 1165 est.
2195 1133 2362 1165 Posterius

1294 1182 1376 1214 illud
1391 1182 1450 1214 οὐκ
1467 1181 1552 1214 ἔστιν
1569 1180 1657 1222 quod
1671 1181 1892 1213 accusativum
1907 1190 1981 1213 cum
1996 1179 2158 1212 infinitivo
2168 1179 2361 1220 adjunctum

1294 1230 1391 1263 habet
1406 1229 1506 1262 nolim
1524 1238 1600 1261 cum
1617 1228 1779 1261 Feliciano
1793 1231 1900 1261 vertas
1917 1236 1987 1261 non
2000 1229 2176 1269 sequitur,
2191 1227 2248 1260 sed
2266 1227 2360 1260 inter-

1276 1296 1280 1300 ·
1295 1277 1487 1320 pretandum
1501 1278 1550 1310 est
1564 1276 1663 1317 :fieri
1681 1278 1817 1319 nequit,
1837 1278 1873 1308 nt
1888 1276 1920 1308 in
1934 1276 1990 1308 illo
2002 1274 2163 1315 Euripidis
2178 1283 2271 1307 versu
2291 1275 2361 1317 (Al-

1293 1328 1373 1358 cest.
1395 1324 1489 1366 1095)
1504 1323 1563 1357 οὔκ
1579 1323 1645 1356 ἔστι
1662 1323 1733 1361 τοὺς
1753 1323 1900 1360 θανόντας
1916 1323 1959 1360 εἷς
1973 1322 2050 1366 φάος
2069 1322 2185 1363 μολεῖν.
2203 1322 2363 1361 Quocirca

1294 1373 1366 1406 haec
1381 1373 1443 1406 erit
1462 1371 1619 1406 sententia
1635 1383 1644 1405 ι
1660 1383 1678 1401 α
1692 1372 1846 1414 quoniam
1867 1371 1964 1412 igitur
1983 1379 2047 1403 non
2064 1372 2131 1410 est,
2149 1369 2219 1402 fieri
2236 1370 2361 1411 nequit,

1295 1423 1332 1453 ut
1348 1419 1413 1453 sint
1429 1422 1487 1452 aut
1504 1428 1570 1451 non
1587 1419 1653 1451 sint
1670 1419 1739 1452 sive
1755 1419 1853 1451 ambo
1867 1417 1936 1450 siv‘e
1953 1418 2160 1450 alterutrum.
2177 1430 2193 1445 »

1337 1466 1368 1495 2.
1391 1462 1479 1495 οὐδὲν
1492 1461 1572 1504 γάρ,
1588 1460 1694 1503 φησίν,
1715 1460 1763 1499 εἴη
1787 1462 1827 1493 ἂν
1848 1461 1883 1492 τὸ
1910 1461 1953 1502 μὴ
1973 1461 2055 1493 εἶναι
2070 1463 2126 1492 τοῦ
2153 1459 2252 1498 εἶναι,
2276 1458 2366 1500 εἴπερ

1294 1508 1343 1547 εἴη
1356 1520 1387 1541 τι
1404 1509 1458 1541 καὶ
1476 1509 1513 1541 τὸ
1532 1509 1575 1550 μὴ
1594 1508 1685 1541 εἶναι.
1703 1510 1753 1540 lta
1771 1508 1930 1541 Bekkerus
1947 1516 2022 1540 curn
2045 1506 2118 1539 cod.
2136 1506 2313 1548 Lipsiensi,
2330 1506 2362 1538 in

1294 1566 1362 1598 quo
1391 1558 1464 1599 post
1489 1557 1577 1590 οὐδὲν
1602 1557 1662 1599 γὰρ
1689 1560 1765 1590 ante
1785 1557 1878 1598 φησίν
1899 1555 2056 1598 reperitur
2078 1555 2193 1587 lacuna
2217 1563 2284 1586 uno
2306 1558 2363 1586 aut

1295 1604 1425 1637 duobus
1446 1604 1612 1637 vocabulis
1634 1605 1803 1646 explenda.
1826 1606 1931 1644 Longe
1950 1604 2073 1636 distant
2086 1603 2127 1635 ab
2144 1602 2193 1634 liis
2210 1602 2361 1635 Feliciani

1295 1651 1480 1693 interpretis
1499 1652 1623 1685 verba:
1655 1663 1671 1679 α
1691 1654 1724 1684 at
1749 1651 1828 1683 nihil
1851 1652 1930 1692 erit,
1952 1651 2075 1691 inquit,
2100 1650 2125 1681 si
2147 1658 2211 1682 non
2238 1658 2308 1681 esse
2330 1651 2365 1681 et

1296 1708 1366 1732 esse
1381 1699 1531 1732 similiter
1553 1702 1645 1738 sunt,
1662 1698 1925 1741 quandoquidem
1947 1698 2010 1731 erit
2032 1696 2155 1738 aliquid
2180 1696 2280 1729 etiam
2298 1705 2362 1729 non

1295 1755 1378 1780 esse.
1396 1759 1413 1776 υ
1431 1747 1560 1780 Fossius
1578 1746 1788 1780 scribendum
1807 1746 1946 1787 conjecit
1970 1745 2058 1778 οὐδὲν
2077 1743 2154 1786 γάρ,
2180 1744 2289 1785 φησίν,
2312 1744 2366 1783 εἴη

1295 1796 1332 1827 ἂν
1348 1795 1385 1828 τὸ
1399 1795 1442 1836 μὴ
1458 1795 1536 1827 εἶναι
1554 1794 1673 1837 [ἦττον]
1689 1797 1745 1827 τοῦ
1758 1795 1849 1834 εἶναι,
1867 1794 1951 1836 εἴπερ
1970 1794 2019 1832 εἵη
2032 1804 2061 1825 τι
2074 1793 2129 1824 καὶ
2142 1792 2178 1824 τὸ
2197 1793 2241 1834 μὴ
2259 1791 2340 1825 εἶναι
2353 1816 2362 1831 ,

1300 1842 1387 1883 quod
1409 1842 1602 1884 probamus,
1617 1842 1678 1875 nisi
1698 1841 1787 1883 quod
1816 1843 1947 1883 propter
1965 1839 2139 1882 Lipsiensis
2155 1839 2227 1871 libri
2249 1841 2364 1871 aucto-

1297 1891 1426 1924 ritatem
1458 1890 1550 1931 ἧττον
1585 1891 1667 1923 inter
1690 1889 1749 1933 γάρ
1774 1889 1807 1922 et
1831 1888 1925 1931 φησίν
1942 1887 2152 1920 inserendum
2182 1895 2363 1919 censemus.

1298 1940 1461 1971 Caeterum
1492 1947 1592 1979 quum
1616 1937 1803 1971 Aristoteles
1831 1944 1868 1968 ea
1894 1945 1967 1977 quae
1987 1943 2085 1976 supra
2114 1933 2264 1975 exposita
2288 1937 2366 1966 sunt

1297 1986 1411 2018 eodem
1425 1985 1537 2018 ordine
1547 1987 1674 2018 servato
1689 1985 1833 2018 refellere
1845 1983 1991 2022 studeat,
2006 1991 2070 2015 non
2082 1981 2177 2014 aliam
2191 1981 2243 2013 hic
2253 1981 2369 2014 deesse

1298 2045 1408 2070 vocem
1430 2037 1490 2069 nisi
1510 2036 1602 2078 ἦττον
1623 2036 1794 2070 efficiture
1810 2034 1918 2069 verbis
1946 2042 2020 2075 quae
2042 2033 2147 2073 capite
2170 2031 2363 2073 praecedenti

1298 2085 1428 2117 exstant
1442 2097 1450 2117 t
1463 2085 1489 2117 εἰ
1504 2084 1560 2126 μὲν
1575 2084 1636 2127 γὰρ
1652 2084 1688 2117 τὸ
1708 2084 1751 2125 μὴ
1767 2083 1844 2116 εἶναι
1856 2082 1923 2116 ἔστι
1939 2082 1982 2123 μὴ
2001 2081 2079 2114 εἶναι
2090 2104 2099 2120 ,
2113 2080 2202 2112 οὐδὲν
2225 2079 2262 2112 ἂν
2272 2078 2368 2119 ἧττον

1296 2131 1333 2164 τὸ
1355 2132 1398 2173 μὴ
1414 2132 1450 2164 ὃν
1461 2134 1518 2164 τοῦ
1532 2132 1619 2169 ὄντος
1635 2131 1694 2170 εἴη.

1339 2180 1371 2211 4.
1396 2178 1495 2216 οὐδείς
1512 2190 1605 2220 φησιν
1622 2178 1702 2211 εἶναι
1721 2177 1758 2210 τὸ
1775 2178 1818 2219 μή
1832 2177 1911 2209 εἶναι
1928 2176 2086 2219 οὐδαμῶς.
2114 2176 2163 2207 lta
2188 2173 2363 2207 Bekkerus.

1302 2227 1462 2259 Lacunam
1483 2229 1560 2259 ante
1576 2225 1692 2266 οὐδείς,
1710 2234 1786 2267 quae
1807 2224 1893 2266 apud
1915 2224 2145 2257 casaubonum
2165 2222 2275 2254 notata
2297 2223 2367 2263 est,

1298 2275 1331 2307 in
1363 2273 1516 2315 Lipsiensi
1547 2274 1658 2306 codice
1689 2272 1845 2314 particula
1871 2272 1923 2304 ὅτε
1945 2271 2110 2312 expletam
2133 2278 2203 2302 esse
2226 2267 2370 2301 Beckius

1298 2322 1360 2355 ait.
1381 2322 1515 2355 orditur
1531 2321 1600 2362 jam
1620 2320 1810 2354 Aristoteles
1832 2318 2058 2351 refutationem
2077 2316 2284 2359 primumque
2310 2324 2365 2347 ar-

1298 2372 1488 2411 gumentum
1504 2369 1592 2411 quod
1614 2369 1740 2410 Gorgiae
1769 2367 1902 2409 opponit
1918 2375 1937 2399 e
1961 2365 2115 2407 loquendi
2130 2363 2365 2398 consuetudine

1300 2418 1434 2460 repetit,
1455 2425 1557 2459 quum
1576 2425 1672 2449 nemo
1691 2417 1728 2450 τὸ
1748 2416 1791 2458 μὴ
1809 2415 1887 2448 εἶναι
1907 2423 1976 2447 esse
1996 2414 2093 2446 dicat.
2111 2412 2164 2449 Cf.
2187 2412 2284 2454 Phys.
2303 2414 2363 2452 lv,

1305 2470 1313 2498 1
1335 2475 1367 2508 p.
1386 2470 1446 2499 208
1463 2465 1513 2498 ed.
1533 2463 1631 2498 Bekk.
1651 2464 1715 2497 ττά
1730 2474 1766 2496 τε
1781 2463 1842 2506 γὰρ
1855 2462 1930 2495 ὄντα
1954 2462 2067 2499 πάντες
2084 2461 2369 2502 ὑπολαμὸάνουσιν

1299 2513 1386 2547 εἷναί·
1394 2525 1456 2546 που
1472 2513 1517 2554 (τὸ
1531 2512 1590 2555 γὰρ
1603 2512 1647 2553 μὴ
1660 2512 1694 2545 ὃν
1711 2511 1851 2553 οὐδαμοῦ
1865 2511 1943 2543 εἶναι
1956 2521 1964 2528 ·
1978 2512 2041 2543 ποῦ
2055 2509 2114 2552 γάρ
2130 2508 2196 2541 ἐστι
2217 2508 2365 2551 τραγέλα-

1299 2573 1352 2603 φος
1365 2563 1385 2601 ἢ
1400 2561 1525 2604 σφίγξ;)
1539 2559 1728 2601 Requiritur
1751 2559 1843 2592 initio
1864 2558 2064 2591 refutationis
2081 2556 2196 2589 vocula
2212 2555 2366 2588 adversa-

1300 2609 1367 2640 tiva
1383 2607 1463 2640 ἀὶλὰ
1479 2607 1529 2639 vel
1542 2607 1594 2647 δὲ;
1612 2606 1733 2639 idcirco
1749 2605 1901 2645 Fossius,
1915 2613 2018 2647 quum
2031 2602 2205 2645 Lipsiensis
2223 2602 2293 2635 libri
2315 2602 2370 2634 ὅτε

1302 2655 1375 2687 ferri
1390 2663 1455 2686 non
1472 2654 1591 2695 possit,
1609 2656 1702 2686 τοῦτο
1716 2654 1751 2686 δὲ
1778 2652 1964 2695 ponendum
1984 2650 2188 2692 conjectavit.
2210 2650 2271 2682 Sed
2301 2650 2370 2681 for-

1301 2704 1385 2735 tasse
1407 2701 1437 2734 in
1455 2701 1512 2734 illo
1532 2701 1584 2734 ὅτε
1603 2701 1680 2734 latet
1697 2700 1796 2744 ἀτάρ,
1809 2709 1875 2742 quo
1894 2699 2074 2742 saepissime
2091 2697 2195 2730 utitur
2212 2696 2302 2730 Plato
2323 2697 2365 2728 cf.

1301 2750 1473 2784 Ruhnken.
1493 2749 1533 2782 ad
1554 2748 1669 2782 Timaei
1689 2750 1768 2782 Lex.
1795 2748 1879 2781 Plat.
1900 2748 1934 2780 h.
1955 2755 1988 2780 v.
2007 2747 2172 2779 Caeterum
2197 2753 2263 2776 nou
2282 2743 2367 2775 male

1302 2799 1397 2832 vertit
1432 2797 1609 2831 Feliciauus
1638 2808 1647 2829 :
1678 2808 1695 2824 a
1724 2795 1781 2829 sed
1806 2805 1902 2829 nenio
1926 2796 1974 2828 est
1998 2794 2054 2836 qui
2077 2802 2142 2826 uon
2176 2801 2265 2831 esse,
2295 2800 2371 2824 esse

1302 2854 1431 2888 prorsus
1446 2844 1545 2878 dicat.
1567 2857 1583 2874 υ
1601 2843 1750 2877 Refertur
1764 2845 1874 2876 autem
1887 2843 2032 2884 οὐδαμῶς
2048 2840 2090 2874 ad
2106 2839 2207 2877 οὐδείς
2219 2863 2230 2881 ,
2245 2841 2282 2871 ut
2296 2839 2372 2870 llaec.

1301 2895 1343 2926 sit
1362 2893 1534 2926 verborum
1548 2891 1750 2925 constructio
1768 2901 1777 2924 :
1796 2892 1874 2933 ἀτὰρ
1888 2891 1987 2928 οὐδεὶς
2006 2890 2152 2931 οὐδαμῶς
2175 2898 2268 2931 φησιν
2289 2886 2372 2919 εἶναι.

1300 2942 1336 2973 τὸ
1359 2941 1402 2983 μὴ
1424 2940 1523 2982 εἶναι,
1539 2948 1603 2981 qua
1620 2940 1870 2980 transgressione
1884 2939 1962 2971 nihil
1977 2936 2179 2979 frequentius
2195 2934 2282 2977 apud
2298 2934 2374 2967 Ari-

1301 2988 1450 3022 stotelem
1468 2987 1641 3021 invenitur.

1343 3038 1376 3068 4.
1399 3036 1426 3068 ei.
1441 3035 1474 3068 δὲ
1487 3035 1540 3068 καὶ
1556 3034 1623 3068 ἔστι
1637 3034 1674 3068 τὸ
1688 3034 1730 3076 μὴ
1744 3034 1779 3068 δν
1799 3035 1841 3076 μή
1860 3034 1907 3074 ὄν,
1923 3032 1989 3066 οὐδ’
2006 3032 2103 3068 οὕτως
2124 3029 2241 3073 ὁμοίως
2265 3028 2302 3061 ἂν
2320 3027 2374 3066 ε’ῑη,

1301 3084 1336 3116 τὸ
1351 3084 1394 3125 μὴ
1410 3083 1444 3116 ὃν
1459 3086 1506 3126 τῷ
1519 3082 1603 3116 ὄντι·
1619 3082 1656 3116 τὸ
1671 3083 1725 3126 μὲν
1742 3083 1800 3126 γάρ
1817 3083 1883 3114 ἐστι
1898 3081 1941 3124 μὴ
1958 3080 2006 3122 ὄν,
2025 3080 2062 3113 τὸ
2078 3080 2111 3111 δὲ
2130 3078 2183 3111 καὶ
2203 3077 2288 3110 ἔστιν
2310 3075 2368 3108 ἔτι.

1303 3133 1352 3164 lta
1369 3130 1534 3164 Bekkerus
1545 3155 1554 3170 ,
1572 3139 1591 3163 a
1608 3139 1674 3172 quo
1690 3129 1835 3171 pluribus
1848 3129 1881 3161 in
1898 3128 1995 3160 rebus
2010 3125 2143 3160 dissidet
2160 3125 2303 3158 Fossius.
2323 3126 2370 3155 Ac

1304 3179 1444 3220 primum
1462 3177 1594 3220 quidem
1607 3177 1690 3210 male
1706 3177 1832 3218 scripsit
1846 3177 1872 3209 ei
1886 3175 1919 3209 δὲ
1932 3174 1987 3208 καί
2001 3174 2069 3207 ἐστι
2082 3173 2118 3206 τὸ
2133 3173 2176 3214 μὴ
2189 3172 2237 3213 δν,
2255 3169 2376 3203 deinde-

1303 3228 1362 3269 οὐχ
1381 3227 1479 3263 οὕτως
1502 3225 1619 3268 ὁμοίως
1635 3225 1684 3265 εἰη
1701 3226 1739 3258 ἂν
1760 3224 1874 3264 habet,
1895 3222 1929 3255 in
1945 3231 2010 3263 quo
2036 3221 2097 3265 οὐχ
2119 3220 2160 3253 ad
2177 3217 2374 3252 sententian»

1303 3274 1409 3316 aptius
1425 3275 1475 3307 est
1491 3282 1590 3315 quam
1607 3272 1684 3314 οὐδ’,
1697 3272 1754 3306 sed
1771 3272 1819 3311 εἴη
1836 3272 1875 3304 ἂν
1895 3280 1952 3312 pro
1971 3270 2009 3303 ἃν
2026 3269 2075 3308 εἴη
2089 3278 2107 3302 e
2125 3267 2286 3301 veteribus
2301 3264 2368 3297 edi-

1305 3321 1446 3354 tionibus
1459 3321 1595 3355 ductum
1609 3325 1642 3355 et
1652 3320 1854 3364 quorundam
1867 3318 2002 3353 Bekkeri
2017 3317 2165 3351 codicum
2178 3313 2376 3347 auctoritate

1305 3371 1533 3402 confirmatum
1544 3394 1554 3412 ,
1573 3371 1681 3403 tamen
1700 3368 1862 3410 repudiari
1888 3366 2050 3400 convenit.
2072 3367 2133 3397 Pro
2150 3366 2195 3405 τῷ
2214 3362 2278 3394 ὄντι
2295 3359 2368 3392 cod.

1306 3418 1392 3460 Lips.
1410 3427 1575 3460 perperam
1588 3421 1634 3460 τῷ
1646 3419 1689 3461 μή
1707 3417 1783 3450 ὄντι.
1799 3415 1941 3450 Dubium
1956 3423 2028 3447 esse
2041 3413 2085 3445 ait
2100 3410 2233 3445 Beckius
2254 3407 2374 3461 ὁμοίως

1306 3474 1346 3498 an
1363 3466 1471 3508 ὅμοιον
1487 3466 1653 3508 scripserit
1669 3464 1817 3499 librarius
1833 3462 2024 3506 Lipsiensis,
2041 3460 2146 3494 deleto
2164 3455 2369 3498 compendio.

2387 587 2408 624 b
