2612 3814
312 266 360 298 ⁴ss
1184 237 1602 282 COMMENTARHJS

307 348 414 386 velut
423 344 563 395 Odyss.
579 341 650 381 lib.
664 339 733 391 xl,
748 340 840 388 573,
855 335 976 390 χερσὶν
995 335 1086 387 ἔχων
1102 330 1251 382 ῥόπαλον
1265 346 1359 383 παγ-

303 405 480 458 χάλκεον,
509 401 581 441 αἰὲν
601 399 730 453 ἀαγές,
750 398 812 437 vel
833 396 947 436 lliad.
971 393 1044 434 lib.
1066 392 1128 441 Vl,
1156 393 1249 441 344,
1277 392 1361 443 δᾶερ

309 466 406 516 ἐμεῖο
420 494 430 512 ,
449 461 550 506 κυνὸς
570 458 849 512 κακομηχάνου,
871 453 1106 508 ὀκρυοέσσης,
1146 450 1215 489 ubi
1247 462 1361 488 nemo

307 524 368 563 καὶ
390 531 478 562 ante
498 520 570 560 αἷὲν
586 518 691 571 ἀαγές
713 517 773 557 vel
792 525 879 555 ante
899 512 1117 566 ὀκρυοέσσης
1135 509 1327 549 desiderat
1350 521 1359 547 :

306 585 366 622 sic
385 579 611 634 Empedocli
643 578 786 617 similis
813 574 972 614 licentia
1001 569 1250 610 concedenda
1284 576 1355 606 est.

309 643 444 694 Itaque
463 653 550 679 cum
567 637 795 683 Brandisio,
817 633 1037 680 Karsteni0,
1062 628 1359 668 Panzerbietcro

309 701 624 740 membranarum
653 694 897 748 quarundam
931 692 1133 729 lectionem
1160 687 1362 726 revocavi.

313 759 482 811 Peyroni
511 763 771 796 commentum
796 766 805 792 :
828 750 1009 803 ἠπιόφρων
1041 746 1184 801 φιλότης
1213 748 1365 800 ἀμφαμ-

311 820 398 874 φῶσ’
419 816 593 871 ἄμὸροτος
608 817 717 867 ὁρμῇ,
736 826 814 864 quo
829 809 1049 865 ἀμφαμφῶσ’
1068 822 1141 860 pro
1158 806 1364 845 Homerico

313 876 538 931 ἀμφαφόωσα
556 874 760 925 accipitur,
789 871 880 909 nolo
902 868 1083 907 refutare.
1117 866 1211 904 Nam
1230 866 1263 904 si
1278 879 1366 917 per-

311 937 502 989 spexisset
525 934 770 981 sententiam,
792 929 841 968 ab
860 928 934 966 hoc
955 926 1193 965 emendandi
1225 933 1367 964 conatu

310 994 578 1034 abstinuisset.
1317 977 1326 995 “

366 1052 429 1091 Vs.
459 1050 655 1090 202-203.
686 1041 775 1102 αἶψα
807 1045 843 1086 δὲ
875 1045 970 1093 θνήτ’
1003 1044 1146 1098 ἐφύοντο
1179 1044 1286 1096 κτλ.]
1317 1044 1368 1082 lli

317 1124 452 1150 versus
470 1111 511 1148 in
541 1123 626 1148 eam
646 1107 876 1146 sententiam
899 1106 1038 1157 scripti
1060 1112 1176 1152 sunt,
1208 1112 1250 1142 ut
1282 1117 1369 1155 quae

321 1183 419 1223 pura
436 1169 547 1222 prius
565 1178 603 1206 et
619 1168 770 1217 integra
790 1166 941 1204 fuerant
959 1165 1147 1203 elementa
1163 1161 1369 1215 postmodo

311 1234 434 1270 mixta
449 1229 650 1279 variisque
667 1226 793 1264 modis
813 1225 916 1263 inter
936 1237 976 1262 se
992 1223 1158 1262 conflata
1172 1234 1255 1263 esse
1269 1221 1371 1259 dice·

315 1299 463 1329 rentur.
482 1288 568 1335 Quo
594 1287 692 1325 facto
716 1284 970 1336 Empedocles
990 1282 1124 1322 statuit
1141 1295 1190 1320 ex
1209 1281 1370 1319 immor-

312 1348 460 1388 talibus
479 1346 628 1386 naturis
649 1344 830 1383 mortalia
849 1356 978 1382 rerum
1001 1355 1144 1393 genera
1159 1341 1381 1380 exstitisse.⁴

321 1407 450 1446 Lectio
467 1407 608 1445 horum
629 1417 813 1442 versuum
835 1403 904 1454 qui
922 1415 943 1441 a
963 1401 1145 1454 pluribus
1166 1400 1373 1439 laudantur

312 1466 577 1519 scriptoribus
598 1464 691 1503 satis
711 1471 815 1501 certa
835 1470 906 1500 est.
927 1462 1060 1513 Neque
1073 1461 1177 1499 enim
1194 1460 1374 1499 librario-

316 1540 404 1564 rum
428 1525 566 1565 menda
587 1522 990 1577 quemquammorari
1008 1530 1190 1574 possunt.
1213 1522 1269 1559 Ac
1290 1521 1372 1572 pri-

315 1600 425 1624 mum
440 1586 598 1637 quidem
616 1598 689 1636 pro
708 1575 795 1636 αἶψα
815 1581 851 1620 δὲ
866 1581 960 1629 θνήτ’
977 1581 1122 1635 ἐφύοντο
1141 1590 1184 1619 ut
1199 1589 1256 1619 est
1270 1581 1374 1632 apud

318 1645 565 1697 Simplicium
587 1644 648 1682 ed.
675 1643 762 1681 Ald.
785 1642 1035 1680 Aristotelem
1056 1640 1221 1692 ejusque
1252 1640 1374 1678 inter-

317 1712 466 1755 pretem
499 1702 765 1741 Riccobonum
778 1731 788 1750 ‚
823 1700 1020 1753 Simplicii
1060 1700 1147 1739 cod.
1185 1699 1308 1738 Taur.
1338 1708 1376 1737 et

312 1764 445 1801 =Oxon.
486 1763 528 1802 B.
552 1762 696 1800 habent
720 1754 809 1814 α’ἶψα
831 1761 860 1799 δ’
883 1760 982 1798 ἔθνεά
1017 1761 1049 1799 τ’
1073 1759 1239 1813 ἐφύοντο,
1270 1759 1375 1810 quod

322 1822 497 1873 vulgavit
543 1820 786 1860 Brandisius.
833 1819 918 1858 Huc
961 1818 1110 1857 accedit
1148 1817 1255 1869 quod
1300 1832 1374 1870 pro

322 1880 464 1934 ἐφύοντο
478 1880 685 1920 Athenaeus
696 1888 734 1918 et
749 1878 973 1917 Eustathius
990 1878 1126 1927 legunt
1142 1877 1267 1929 φύοντο
1276 1891 1287 1924 ;
1304 1890 1377 1928 pro

323 1940 460 1992 ἄκρητα
490 1948 615 1977 autem
638 1938 744 1990 quod
773 1938 949 1988 agnoscit
972 1937 1085 1975 etiam
1122 1935 1375 1983 Brandisius,

316 1998 514 2050 :Simplicii
531 1997 592 2036 ed.
619 1997 739 2049 Phys.
761 2006 799 2036 et
819 1997 907 2036 cod.
929 1996 1047 2036 Taur.
1067 1995 1116 2034 de
1136 1995 1247 2033 Coelo
1266 1995 1379 2033 exhi-

326 2058 419 2096 bent
439 2057 567 2110 ἄκριτα
587 2057 735 2109 pariter
752 2065 867 2108 atque
893 2069 950 2094 vs.
975 2061 1066 2102 424.
1086 2055 1224 2106 Simpl.
1255 2055 1376 2106 Phys.

325 2117 420 2170 ζωρὰ
443 2116 479 2155 δὲ
495 2115 540 2154 τὰ
561 2115 661 2168 πρὶν,
692 2116 760 2155 sed
788 2116 997 2154 Athenaeus
1021 2114 1116 2168 ζωρά
1143 2129 1182 2152 τε
1206 2113 1251 2152 τὰ
1279 2114 1377 2166 πρὶν.

324 2176 403 2214 Pro
421 2174 655 2220 διαλλάξαντα
673 2175 848 2213 Athenaei
869 2174 1104 2213 membranae
1125 2172 1379 2212 διαλλάττοντα

326 2235 384 2272 vel
400 2234 657 2274 διαλλάσσοντα
669 2235 732 2272 vel
746 2233 1033 2273 διαλλάσσονται.
1052 2233 1285 2272 Plutarchus
1296 2234 1381 2272 sive

326 2294 523 2332 memoriae
542 2294 653 2345 lapsu
675 2293 759 2332 sive
779 2293 1037 2332 librariorum
1071 2305 1206 2331 errore
1230 2292 1304 2331 hoc
1325 2293 1382 2331 ef-

324 2353 444 2391 {satum
467 2353 522 2391 ita
538 2352 676 2391 scribit
697 2367 705 2390 :
724 2352 914 2406 ζωρότερον
931 2352 976 2392 τὰ
995 2352 1076 2404 πρὶν
1098 2352 1256 2405 ἄκρατα,
1275 2365 1382 2390 men-

324 2412 533 2451 dosissime
550 2421 676 2450 autem
695 2413 887 2452 Bekkerus
906 2413 947 2451 in
966 2412 1187 2450 Aristotelis
1209 2412 1383 2451 editione

322 2472 507 2509 exaravit
529 2485 538 2509 z
573 2465 659 2524 αἶψα
685 2471 720 2509 δὲ
746 2471 840 2519 θνήτ’
848 2502 921 2513 .....
944 2471 1101 2511 ἀθάνατα
1134 2470 1206 2523 ζῷά
1230 2487 1268 2510 τε
1301 2472 1383 2525 πρὶν

325 2530 484 2582 κέκριτο.
508 2529 649 2569 Eadem
671 2544 795 2582 prope
813 2532 952 2570 menda
971 2532 1013 2570 in
1033 2530 1235 2570 veteribus
1254 2530 1384 2581 Stagi-

329 2591 416 2626 ritae
446 2589 688 2627 editionibus
715 2591 965 2642 reperiuntur
993 2591 1069 2629 hoc
1095 2599 1258 2642 excepto
1278 2591 1384 2642 quod

328 2662 405 2699 ,pro
425 2648 498 2700 ζῷά
520 2664 558 2686 τε
579 2649 620 2686 in
638 2648 858 2688 Genevensi
879 2659 1003 2689 exstat
1029 2649 1139 2703 Σωρά
1166 2665 1219 2689 τε.
1238 2650 1386 2689 Contra

338 2706 582 2745 Riccobonus
605 2707 919 2759 interpretationi
940 2709 1067 2747 latinae
1094 2722 1230 2748 versus
1258 2722 1384 2759 graece

328 2765 391 2803 sic
409 2765 575 2817 scriptos
601 2765 747 2816 adjecit
766 2781 774 2804 :
799 2760 884 2819 αἶψα
903 2766 939 2805 δὲ
954 2767 1047 2814 θνήτ’
1066 2767 1209 2821 ἐφύοντο
1231 2768 1276 2806 τὰ
1302 2769 1383 2821 πρὶν

336 2824 446 2868 μάθον
467 2824 626 2862 ἀθάνατα
652 2817 763 2876 εἶναι,
783 2825 877 2877 ζῶρά
895 2841 932 2864 τε
951 2826 1033 2879 πρὶν
1054 2828 1207 2878 ἄκρητα.
1230 2828 1384 2867 Morbe-

333 2895 418 2920 cam
450 2883 491 2920 in
524 2882 721 2934 Simplicii
748 2885 961 2935 exemplari
990 2899 1107 2924 manu
1131 2896 1287 2925 exarato
1312 2890 1384 2941 ζῷα

330 2941 526 2992 scriptum
548 2941 761 2980 offendisse
782 2952 1009 2993 argumento
1025 2953 1084 2982 est
1103 2943 1189 2995 ejus
1208 2947 1385 2985 vertendi

333 3001 437 3038 ratio
454 3013 531 3051 qua
550 3009 677 3039 tamen
699 3003 891 3040 sententia
916 3003 1104 3041 evertitur
1125 3017 1134 3041 ι
1167 3021 1183 3038 «
1206 3018 1293 3055 quae
1312 3019 1385 3044 an-

330 3066 490 3108 tequam
522 3058 725 3098 addiscant
752 3060 990 3100 immortalia
1018 3075 1101 3100 esse
1128 3067 1315 3102 animalia
1343 3079 1386 3104 ac

332 3118 446 3167 prius
477 3117 691 3156 indiscreta
710 3119 925 3171 disponunt
943 3121 1041 3160 vias.
1070 3139 1086 3156 υ
1110 3121 1184 3160 Sed
1205 3125 1298 3177 ζωρά
1315 3138 1385 3163 ve-

337 3189 421 3212 rum
442 3189 524 3214 esse
543 3177 751 3216 conficitur
771 3191 820 3216 ex
837 3179 1104 3232 Theophrasti
1124 3181 1256 3220 verbis
1282 3184 1384 3234 apud

338 3234 561 3272 Atlienaeum
583 3249 590 3271 :
615 3235 840 3290 Θεόφραστος
852 3238 881 3275 δ’
901 3240 935 3276 ἐν
950 3241 1000 3291 τῷ
1018 3240 1098 3291 περὶ
1114 3238 1221 3290 μέθης
1237 3242 1385 3295 ζωρότε-

337 3292 394 3343 ρόν
414 3308 519 3346 φησιν
535 3287 623 3332 εἶναι
642 3295 681 3332 τὸ
698 3295 911 3348 κεκραμένον
927 3327 936 3345 ,
954 3300 1228 3351 παρατιθέμενος
1247 3302 1386 3351 Ἐμπε-

337 3351 495 3396 δοκλέους
509 3352 590 3390 τάδε
608 3354 685 3392 κτλ.
696 3354 805 3393 Adde
813 3355 1063 3395 Plutarchum
1076 3367 1114 3396 et
1127 3358 1381 3403 Eustathium.

335 3409 437 3448 tllud
455 3424 551 3450 vero
575 3413 803 3464 scrupulum
822 3415 958 3466 injecit
974 3418 1144 3466 criticis,
1162 3420 1267 3469 quod
1291 3421 1384 3474 ζωρά

331 3479 371 3508 et
398 3471 535 3525 ἄκρητα
561 3474 625 3512 hic
646 3485 894 3527 opponantur
918 3492 1004 3529 quae
1030 3480 1149 3530 vulgo
1167 3494 1385 3533 synonyma

1423 329 1519 367 sint.
1544 325 1739 372 Quocirca
1772 323 2021 362 Hermannus
2056 322 2099 361 in
2131 320 2354 360 Aristotelis
2379 319 2488 362 libro

1423 386 1546 426 scribi
1562 385 1684 437 jussit
1700 398 1708 421 :
1730 381 1825 436 ζωρά
1841 398 1879 421 τε
1900 381 1982 436 πρὶν
2003 380 2176 435 κέχρητο,
2192 381 2261 419 alii
2276 378 2371 432 ζωρά
2389 395 2429 422 τι
2441 378 2489 420 τὰ

1424 447 1506 500 πρὶν
1523 446 1688 497 κέκρατο.
1706 442 1848 481 Verum
1867 443 1917 482 iis
1935 441 2221 481 mutationibus
2242 440 2341 479 nihil
2365 439 2487 492 profi·

1423 507 1561 546 cimus.
1588 504 1713 542 Immo
1739 502 2065 554 acquiescendum
2084 501 2327 540 arbitramur
2347 500 2392 539 in
2416 512 2490 540 ve-

1426 574 1551 604 terum
1568 563 1723 615 judicio
1742 563 1811 614 qui
1834 561 1935 601 hanc
1956 561 2068 600 vocis
2092 568 2321 614 potestatem
2345 558 2491 612 Empe-

1425 625 1528 664 docli
1544 623 1809 663 vindicarunt.

1478 684 1564 723 Vss.
1588 682 1779 727 204-205.
1797 682 1869 720 τῶν
1891 680 1929 719 δέ
1951 678 2208 735 τε-ἷδέσθαι]
2225 681 2304 719 Pro
2322 678 2494 732 παντοίῃς

1427 743 1517 788 Ald.
1543 744 1744 785 παντοίαις.
1773 739 1900 779 Verba
1917 743 2035 792 θαῦμα
2051 739 2184 778 ἰδέσθαι
2200 740 2425 778 referuntur
2443 740 2494 778 ad

1429 812 1603 843 monstra
1625 803 1776 855 βουγενῆ
1789 800 2022 855 ἀνδρόπρωρα
2039 802 2119 839 κτλ.
2148 813 2319 853 quorum
2341 797 2492 838 mentio

1431 864 1474 902 fit
1490 876 1551 903 vs.
1577 863 1652 907 314
1670 874 1778 914 seqq.
1797 861 1991 900 Caeterum
2016 859 2268 912 Empedoclis
2287 859 2336 897 de
2355 856 2495 897 mundi

1430 931 1521 962 ortu
1558 922 1747 975 placitum
1796 920 1959 973 respicit
1996 918 2158 958 Tzetzes
2197 931 2259 971 ap.
2297 917 2493 969 Mati-ang.

1434 982 1581 1023 Anecd.
1597 991 1626 1023 t.
1645 982 1663 1022 1
1683 994 1772 1035 pag.
1797 995 1844 1020 10
1865 993 1946 1032 seq.
1967 994 1976 1019 :

1483 1071 1573 1119 ζάλη
1589 1070 1683 1118 δεινὴ
1705 1070 1768 1110 καὶ
1789 1068 1959 1124 σύγχυσις
1975 1067 2097 1122 γέγονε
2113 1070 2184 1107 τῶν
2205 1066 2413 1121 στοιχείων,

1483 1133 1531 1176 ὡς
1545 1131 1605 1171 καὶ
1620 1133 1638 1169 ὁ
1659 1130 1800 1184 φυσ·κός
1818 1145 1924 1184 φησιν
1939 1129 2190 1180 Ἐμπεδοκλῆς
2210 1129 2358 1172 ἐκεῖνος·

1487 1190 1573 1230 ποτὲ
1589 1190 1653 1242 μὲν
1676 1189 1746 1244 γὰρ
1768 1193 1786 1229 ὁ
1805 1188 1980 1243 κάθυγρος
1999 1187 2070 1242 ἀὴρ
2087 1186 2277 1242 ὑπερενίκα
2291 1218 2302 1237 ,

1485 1253 1503 1290 ὃ
1519 1249 1659 1305 ζοφερός
1672 1279 1684 1300 ‚
1703 1252 1721 1288 ὁ
1743 1250 1936 1302 κάθυγρος,
1955 1251 1974 1287 ὁ
1995 1247 2295 1300 συντεθολωμένος
2308 1279 2319 1300 ,

1485 1310 1523 1350 ὃν
1538 1310 1686 1359 Ἀθηνᾶν
1701 1310 1893 1363 εἰρήκαμεν
1908 1310 1989 1350 κτλ.

1486 1401 1570 1441 Vss.
1592 1402 1786 1439 206-210.
1802 1399 1850 1441 ‘H
1865 1398 1900 1438 δὲ
1918 1398 2013 1452 χθὼν
2029 1395 2404 1452 τούτοισιν-σαρκός]
2418 1410 2500 1437 ser-

1434 1463 1544 1501 vavit
1562 1461 1791 1513 Simplicius
1814 1459 1936 1511 Phys.
1951 1459 1985 1508 1,
2006 1459 2030 1499 f.
2050 1473 2069 1507 7
2085 1458 2125 1497 b.
2145 1457 2210 1496 Vs.
2231 1458 2308 1496 206
2326 1457 2425 1497 ibid.
2442 1456 2497 1505 11,

1436 1522 1459 1561 f.
1484 1527 1532 1570 74
1555 1520 1596 1559 b.
1615 1519 1856 1560 Prioreloco
1887 1519 1942 1557 ait
1964 1532 1973 1556 ι
1997 1519 2032 1556 ἐν
2062 1511 2112 1562 οἷς
2134 1517 2334 1570 (φυσικοῖς)
2356 1516 2418 1556 καὶ
2436 1519 2500 1564 τῆς

1435 1583 1586 1620 ἐνταῦθα
1604 1581 1858 1632 δημιουργικῆς
1873 1577 2100 1631 συγκράσεως
2116 1576 2182 1625 τὴν
2198 1576 2404 1631 Ἀφροδίτην
2420 1575 2501 1624 ἤτοι

1434 1640 1496 1688 τὴν
1526 1639 1644 1693 φιλίαν
1665 1640 1782 1677 αἰτίαν
1803 1638 1904 1692 φησί.
1926 1637 2031 1677 καλεῖ
2049 1636 2086 1676 δὲ
2103 1635 2143 1675 τὸ
2165 1635 2229 1688 μὲν
2262 1639 2333 1688 πῦρ
2351 1635 2413 1675 καὶ
2425 1634 2502 1676 ‘'H-

1436 1715 1582 1753 φαιστον
1600 1697 1660 1737 καὶ
1680 1696 1780 1745 ἥλιον
1800 1696 1862 1736 καὶ
1879 1696 1993 1750 φλόγα
2007 1725 2019 1745 ,
2039 1694 2080 1735 τὸ
2098 1693 2135 1735 δὲ
2150 1695 2245 1749 ὕδωρ
2263 1695 2396 1748 ὄμὸρον
2408 1726 2420 1745 ,
2440 1696 2501 1736 τὸν

1436 1760 1473 1800 δὲ
1500 1761 1587 1814 ἀέρα
1618 1758 1754 1812 αἰθέρα.
1777 1757 1873 1810 λέγει
1899 1751 1959 1796 οὖν
1978 1757 2165 1810 πολλαχοῦ
2199 1756 2263 1809 μὲν
2284 1760 2422 1808 ταῦτα,
2439 1757 2502 1796 καὶ

1437 1824 1471 1860 ἐν
1492 1821 1624 1864 τούτοις
1646 1819 1683 1857 δὲ
1703 1819 1774 1862 τοῖς
1792 1817 1928 1857 ἔπεσιν.
2393 1851 2395 1853 .

1491 1881 1554 1919 Vs.
1577 1881 1653 1918 206
1673 1878 1830 1930 μάλιστα
1845 1877 2012 1916 mutavit
2030 1876 2263 1916 Karstenius
2284 1877 2326 1916 in
2341 1881 2501 1930 μιγεῖσα,
2538 1908 2542 1912 .

1438 1941 1544 1992 quod
1565 1939 1730 1978 minime
1757 1937 2034 1977 necessarium.
2066 1936 2213 1987 Tangit
2231 1936 2295 1975 his
2316 1935 2500 1976 versibus

1443 1999 1695 2053 Empedocles
1729 1998 1859 2037 carnis
1891 2006 1929 2036 et
1956 1996 2162 2047 sanguinis
2196 1996 2472 2035 formationem
2488 2026 2500 2046 ,

1441 2073 1528 2111 quae
1550 2057 1769 2110 aequalibus
1791 2065 1962 2108 quatuor
1985 2056 2268 2095 elementorum
2299 2056 2502 2108 portioni-

1441 2118 1514 2156 bus
1544 2125 1724 2156 constare
1743 2117 1842 2154 vult.
1870 2115 2073 2154 Iudicatur
2092 2115 2192 2154 illud
2212 2115 2407 2154 vocabulo
2427 2114 2502 2164 ἴση.

1440 2177 1515 2216 Sed
1539 2178 1721 2228 quamvis
1745 2176 1793 2214 de
1809 2176 2090 2214 elementorum
2112 2187 2310 2213 concursu
2334 2183 2372 2213 et
2396 2187 2503 2212 com-

1442 2236 1632 2274 mixtione
1664 2243 1780 2285 agat‚
1805 2243 1934 2273 tamen
1955 2239 2100 2286 μιγεῖσα
2130 2235 2385 2287 participium
2423 2249 2503 2274 non

1441 2296 1674 2348 requiritur,
1695 2308 1816 2346 quum
1839 2294 2000 2332 fortuita
2016 2294 2171 2333 collisio
2192 2303 2230 2332 et
2246 2295 2424 2334 incursio
2444 2308 2503 2335 sa·

1443 2357 1492 2394 tis
1529 2355 1775 2407 exprimatur
1818 2353 1942 2392 verbo
1985 2353 2175 2405 συνέκυρσε
2212 2356 2504 2394 constructione

1442 2415 1576 2453 eadem
1603 2427 1681 2465 qua
1700 2414 1823 2452 utitur
1840 2412 2055 2465 Sophocles
2079 2413 2172 2454 (Ed.
2194 2413 2277 2452 Col.
2296 2427 2357 2454 vs.
2383 2420 2502 2465 1404,

1445 2473 1523 2512 ἀλλ’
1552 2473 1623 2513 ὅντ’
1642 2472 1792 2511 ἄναυδον
1819 2473 1904 2526 τῇδε
1926 2471 2120 2524 συγκύρσαι
2150 2471 2256 2526 τύχῃ.
2278 2472 2414 2526 Neque
2431 2475 2504 2514 du·

1444 2532 1553 2571 bium
1589 2533 1687 2584 quin
1722 2532 1943 2571 versiculus
1965 2531 2144 2583 Κύπριδος
2177 2535 2387 2585 ὁρμισθεῐσα
2419 2536 2501 2574 κτλ.

1445 2593 1570 2631 coitus
1590 2592 1789 2630 mentione
1808 2590 1953 2642 injecta
1972 2591 2022 2629 ad
2041 2604 2122 2629 rem
2149 2591 2198 2630 de
2225 2606 2305 2644 qua
2323 2593 2501 2646 disputa-

1448 2660 1511 2690 tur
1531 2651 1829 2702 significandam
1843 2651 2029 2690 sufficiat.

1499 2714 1560 2753 Vs.
1580 2728 1671 2763 2⁰7·
1694 2729 1734 2753 τε
1754 2714 1900 2752 omittit
1924 2713 2123 2765 Simplicii
2148 2713 2235 2753 cod.
2256 2714 2304 2754 D.

1497 2774 1563 2814 Vs.
1582 2775 1672 2813 208.
1696 2777 1915 2827 ὃρμησθεῖσα
1933 2773 2072 2822 Aldus,
2085 2775 2293 2826 ὁρμισθεῖσαι
2308 2773 2506 2826 Simplicii

1447 2834 1533 2874 cod.
1557 2834 1599 2873 C.
1621 2835 1726 2885 quod
1752 2833 1833 2885 jam
1867 2833 2046 2872 Sturzius
2082 2833 2257 2874 dederat.
2294 2833 2388 2885 Ejus
2417 2834 2506 2873 loco

1446 2893 1619 2932 Steinius
1640 2895 1837 2946 ὁρμισθεῖσι
1858 2893 1980 2932 scribi
1998 2893 2176 2941 volebat,
2202 2892 2368 2945 probata
2387 2893 2505 2933 simul

1448 2952 1646 2990 Karstenii
1669 2951 1896 3003 conjectura
1915 2953 2079 3004 μιγεῖσα,
2100 2953 2148 2991 de
2178 2966 2257 3004 qua
2276 2953 2325 2991 ad
2345 2966 2404 2994 vs,
2427 2955 2506 2993 206

1446 3012 1634 3051 diximus.
1650 3012 1725 3050 Sed
1739 3012 1967 3063 hujusmodi
1982 3021 2200 3051 commenta
2215 3013 2326 3052 locus
2340 3014 2504 3066 respuit.

1450 3071 1614 3122 Elegans
1635 3072 1840 3110 translatio
1860 3070 2040 3125 Κύπριδος
2055 3074 2090 3111 ἐν
2109 3073 2290 3124 λιμένεσσι
2314 3074 2508 3126 repetitur

1446 3145 1505 3171 vs.
1539 3132 1632 3183 331,
1657 3130 1804 3182 λιμένας
1839 3131 2001 3183 σχιστοὺς
2030 3131 2248 3186 Ἀφροδίτης.
2273 3133 2359 3179 Qua
2388 3132 2436 3172 de
2463 3146 2507 3172 re

1446 3190 1649 3242 Euripidis
1668 3190 1790 3230 schol.
1808 3192 1856 3229 ad
1872 3191 2064 3230 Phoeniss.
2079 3206 2138 3232 vs.
2164 3193 2211 3230 18
2228 3206 2237 3230 ι
2258 3191 2506 3243 Ἐμπεδοκλῆς

1446 3249 1848 3311 ὁφυσικὸςηάλληγορῶν
1871 3265 1957 3302 φησι
1980 3250 2155 3303 Σχιστοὺς
2177 3249 2324 3302 λιμένας
2341 3251 2506 3304 Ἀφροδί-

1445 3324 1526 3357 της,
1544 3311 1578 3348 ἐν
1603 3312 1653 3353 οἱς
1680 3312 1703 3356 ἡ
1720 3311 1790 3347 τῶν
1814 3310 1950 3348 παίδων
1972 3309 2108 3361 γένεσίς
2129 3313 2237 3351 ἐστιν.
2261 3311 2391 3358 Quum
2409 3324 2505 3350 vero

1447 3368 1543 3412 τέλος
1554 3398 1564 3416 ,
1579 3370 1758 3407 τελεῖσθαι
1772 3378 1810 3407 et
1824 3369 1916 3407 inde
1930 3368 2107 3409 derivata
2123 3384 2146 3409 a
2165 3371 2304 3410 latiore
2319 3371 2505 3411 initiandi

1446 3436 1635 3478 potestate
1655 3428 1702 3466 ad
1721 3429 1947 3481 nuptiarum
1972 3442 2100 3478 sacra,
2122 3444 2208 3481 quae
2226 3444 2371 3469 marem
2395 3430 2506 3469 femi-

1446 3499 1651 3537 namque‚·
1670 3488 1780 3526 velut
1812 3502 1926 3526 novae
1963 3489 2054 3526 vitae
2090 3490 2291 3540 mysteriis
2326 3489 2504 3528 initiatos
