2612 3814
933 252 1234 294 DEMOCRITI'
1252 250 1568 291 FRAGMENTA
1579 280 1588 288 .

153 353 220 380 17³.
239 338 459 391 Δημόκριτος
478 335 561 376 ἰδών
579 352 658 375 τινα
676 333 874 388 προχείρως
898 340 987 374 πᾶσι
1006 332 1197 394 χαριζόμε-

230 413 285 436 νον
299 397 389 436 καὶ’
370 412 428 435 ανε
415 395 603 440 εξετοὶστως
617 392 913 446 ὗπηρετούμενον’
927 395 1068 440 Κακῶς,
1084 395 1195 440 εἶπεν,

231 455 398 506 ἀπόλοιο,
436 452 489 493 ὅτι
530 452 593 497 τὰς
637 452 794 505 Χάριτας
833 451 1025 505 παρθένους
1069 450 1196 501 οὔσας,

231 515 362 568 πόρνας
384 512 565 560 ἐποίησας.

287 574 446 626 (Anton.
476 581 514 610 et
529 572 630 610 Max.
645 584 685 623 p.
709 571 818 623 277.)

153 645 218 673 171.
237 631 301 680 Μὴ
321 631 476 674 ὕποπτος
509 630 595 683 πρὸς
616 628 788 680 ἅπαντας,
818 628 897 668 ἀλλ’
918 627 1071 675 εὗλαὸἡς
1103 627 1197 678 γίνευ

228 691 289 730 καὶ
307 688 481 744 ἀσφαλής.

286 750 521 804 (Democrat.
539 748 661 787 Orell.
680 761 720 787 11.
746 746 829 798 57.)

152 869 246 932 Περὶ
292 875 513 932 γυναικῶν,
549 870 615 912 ἔτι
655 866 745 928 περὶ
780 865 916 927 γάμου
950 864 1021 908 καὶ
1052 858 1202 906 παιδο-

592 938 743 988 ποιίας.

155 1069 219 1096 175.
235 1053 329 1101 Γυνὴ
350 1052 465 1092 πολλὰ
483 1051 606 1106 ἀνδρὸς
628 1049 772 1103 ὅξυτέρη
798 1048 883 1102 πρὸς
908 1045 1201 1100 κακοφραδμοσύ-

231 1127 415 1222 vmffitob.
441 1169 543 1207 Flor.
566 1166 777 1214 LXXXIII,
800 1166 885 1217 52.)

158 1244 220 1271 176.
237 1228 380 1279 Κόσμος
401 1226 604 1279 ὀλιγομυθίη
630 1224 780 1277 γυναικί·
802 1223 908 1263 καλὸν
930 1222 967 1262 δὲ
984 1236 1044 1261 και
1066 1220 1200 1270 κόσμου

233 1287 382 1334 λιτότης.

289 1346 411 1397 (Stob.
427 1344 531 1383 Fior.
551 1341 722 1390 LXXIV,
741 1342 824 1392 38.)

153 1419 215 1446 177.
232 1403 326 1450 Γυνὴ
349 1401 398 1454 μὴ
419 1401 572 1441 ἀσκεέτω
600 1400 715 1454 λόγον·
745 1399 854 1439 δεινὸν
874 1398 957 1453 γάρ.

287 1463 521 1514 (Democrat.
540 1459 662 1499 orell,
687 1473 727 1500 n.
754 1461 834 1510 77.)

155 1536 218 1563 178.
234 1520 455 1572 Δημόκριτος
475 1517 685 1569 θεασάμενός
699 1533 776 1556 τινα
799 1516 914 1556 πολλὰ
936 1516 1017 1567 μέν,
1034 1513 1201 1554 ἀπαίδευέ

233 1597 277 1619 τα
288 1580 324 1619 δὲ
340 1577 599 1630 διαλεγόμενον,
614 1572 777 1624 Ουτος,”
759 1592 839 1630 εφη,
854 1578 891 1615 οὗ
902 1576 1013 1627 λέγειν
1030 1588 1088 1626 μοι
1109 1573 1200 1611 δοκεῖ

239 1637 393 1686 δυνατός,
411 1636 502 1676 ἀλλὰ
524 1641 661 1689 σιωπᾷν
680 1635 861 1680 ἀδύνατος.

291 1699 447 1749 (Anton.
468 1704 505 1734 et
518 1696 620 1735 Max.
640 1709 681 1746 p.
706 1694 813 1747 388.)

156 1772 220 1798 179.
237 1756 330 1798 Ὑπὸ
343 1755 502 1807 γυναικὸς
520 1753 708 1807 ἄρχεσθαι,
727 1752 825 1806 impu
836 1753 897 1792 καὶ
909 1750 1076 1805 ἀνανδρίη
1097 1749 1205 1803 ἐσχά-

255 1816 547 1867 η.·.(1)811108131
568 1813 689 1851 Or.ell
710 1826 750 1853 n.
775 1813 856 1865 78.)

158 1888 225 1914 1811.
244 1872 457 1926 Δημοκρίτῳ
478 1870 546 1925 ἔφη
566 1886 633 1916 τις·
654 1870 709 1909 δια
728 1870 762 1909 τί
784 1872 893 1921 μέγας
909 1868 957 1909 ὢν
978 1868 1145 1922 μικρὰν’
1127 1884 1205 1920 εγη-

238 1938 305 1983 μας
340 1938 511 1984 γυναῖκα;
534 1932 692 1974 κάκεῖνος
712 1923 802 1977 εἰπε,
829 1930 901 1968 Τοῦ
922 1944 1032 1968 κακου
1054 1926 1201 1979 ἐκλογὴν

238 1991 440 2041 ποιούμενος
485 1990 524 2028 τὸ
563 1988 747 2041 ἐλάχιστον
789 1989 822 2026 3
809 1986 899 2032 ,ζελε
886 1987 1011 2037 ἄμην.

2226 251 2297 285 351

1393 334 1548 383 (Anton.
1569 345 1605 382 p.
1628 328 1736 380 609.)

1261 405 1322 432 181.
1330 387 1448 431 Ἔνιοι
1459 389 1590 430 πολίων
1601 389 1663 439 μὲν
1673 387 1890 435 δεσπόζουσι,
1900 385 2034 437 γυναιξὶ
2047 383 2082 423 δὲ
2093 384 2304 425 δουλεύουσι.

1393 448 1636 522 (5101).”Ρ101·.
1659 446 1725 494 VI,
1747 446 1824 497 11.)

1262 523 1326 549 182.
1343 509 1475 551 Nouam
1489 507 1583 546 οἴκου
1604 506 1665 544 καὶ
1680 503 1834 556 βίουγίνε
1836 518 1896 542 ται
1909 500 2291 554 ὅκωσπερκαὶσκήνεος

1392 563 1856 620 (Stob.Flor.C1V,21.)

1261 642 1323 669 183.
1341 625 1599 701 Δημόκριτος”
1580 642 1664 679 εφη,
1681 626 1727 668 ὣς
1746 626 1764 662 ὁ
1783 622 1946 698 γαμὸρου
1964 619 2063 672 μὲν’
2048 635 2222 671 επιτυχων
2244 622 2301 657 ευ-

1341 704 1397 740 ρεν
1428 686 1516 733 υἱόν,
1541 688 1560 724 ὁ
1581 685 1617 724 δὲ
1645 681 1835 735 ἀποτυχὼν
1856 680 2019 719 ἀπώλεσε
2035 679 2096 718 καὶ
2115 677 2304 730 θυγατέρα.

1342 746 1465 800 (Stob.
1483 746 1587 786 Flor.
1603 743 1720 791 LXX,
1740 743 1802 781 18.
1815 745 1959 780 Anton.
1979 748 2019 778 et
2037 739 2139 776 Max.
2131 751 2182 790 ..p
2199 736 2308 787 819.)

1263 819 1328 847 181.
1346 805 1573 859 Ἀνθρώποισι
1591 805 1660 842 τῶν
1684 799 1884 852 ἀναγκαίων
1917 798 2028 838 δοκέει
2049 801 2161 847 εἶναι,
2181 797 2311 839 παῖδας

1342 864 1540 911 κτήσασθαι
1582 861 1652 902 ἀπὸ
1690 859 1810 914 φύσιος
1851 874 1913 897 και
1946 855 2180 900 καταστάσιός
2216 870 2307 898 τινος

1342 923 1503 977 ἀρχαίης.
1521 923 1636 969 Δηλον
1651 920 1688 959 δὲ
1702 919 1763 959 καὶ
1777 918 1866 957 τοῖσι
1882 916 2019 956 ἄλλοισι
2033 915 2162 961 ζώοισι.
2184 914 2310 953 Πάντα

1341 981 1445 1034 γὰρ
1427 995 1553 1033 εκγονα
1573 986 1701 1019 κτᾶται
1722 977 1815 1017 κατὰ
1838 975 1938 1030 φύσιν
1963 973 2176 1027 ἐπωφελείης
2194 987 2235 1023 γε
2252 974 2312 1011 οὐ·

1343 1041 1465 1091 δεμιῆς
1488 1039 1628 1087 εἵνεκα,
1661 1036 1738 1077 ἀλλ’
1765 1035 1847 1074 ὅταν
1883 1034 2039 1086 γένηται,
2073 1030 2312 1085 ταλαιπωρὲει

1343 1099 1403 1137 καὶ
1422 1114 1481 1151 τρε
1468 1098 1540 1151 &pet
1568 1068 1716 1135 ἕκάστον
1747 1097 1793 1139 ὥς
1822 1094 1981 1140 δύναται,
2010 1092 2071 1131 καὶ
2094 1091 2313 1143 ὓπερδέδοικε

1343 1157 1448 1210 μέχρι
1468 1159 1637 1228 σμικρῆς,
1657 1155 1718 1194 καὶ
1748 1155 1791 1202 ἤν
1812 1169 1845 1192 τι
1877 1152 1974 1204 πάθῃ
2008 1153 2162 1190 ἀνιᾶται.
2182 1150 2228 1190 ‘H
2250 1149 2313 1201 μὲν

1346 1215 1448 1269 φύσις
1468 1214 1614 1262 τοιαύτη
1636 1214 1779 1254 πάντων
1805 1211 1881 1250 ἐστὶ
1906 1210 1995 1249 ὅσσα
2017 1208 2175 1263 qauz-hv*
2157 1224 2215 1261 εχε
2220 1223 2247 1246 ι·
2264 1210 2315 1247 τῶ

1345 1273 1381 1312 δὲ
1399 1273 1441 1321 δὴ
1463 1272 1637 1326 ἀνθρώπῳ
1652 1271 1801 1323 νόμιμον
1826 1269 1895 1318 ἤδη
1915 1269 2129 1318 πεποίηται,
2148 1267 2239 1306 ὥστε
2256 1266 2316 1305 καὶ

1344 1332 1531 1386 ἐπαύρεσίν
1552 1347 1628 1370 τινα
1654 1330 1834 1382 γίγνεσθαι
1851 1328 1920 1367 ἀπὸ
1945 1331 2004 1367 τοῦ
2026 1326 2181 1379 ἐκγόνου.

1399 1392 1520 1444 (Stob.
1541 1391 1644 1430 Flor.
1659 1389 1831 1438 LXXVI,
1853 1389 1933 1440 17.)
2278 1425 2280 1427 ,

1267 1465 1334 1491 185.
1354 1452 1408 1491 Οὐ
1441 1449 1552 1490 δοκέει
1585 1465 1644 1501 μοι
1669 1452 1798 1501 χρῆναι
1829 1448 1959 1492 παῖδας
1991 1449 2162 1485 κτᾶσθαι·
2192 1442 2317 1496 ἐνορέω

1346 1510 1413 1562 γὰρ
1444 1511 1479 1548 ἐν
1508 1509 1643 1548 παίδων
1668 1507 1791 1556 κτήσιι
1807 1506 1956 1550 πολλοὺς
1973 1504 2036 1557 μὲν
2062 1505 2123 1544 καὶ
2142 1502 2316 1556 μεγάλους

1342 1568 1529 1616 κινδύνους,
1550 1566 1684 1611 πολλὰς
1703 1566 1739 1606 δὲ
1757 1565 1885 1611 λύπας,
1905 1564 2007 1616 ὀλίγα
2025 1563 2062 1602 δὲ
2079 1563 2124 1602 τὰ
2141 1562 2318 1609 εὖθηνέον·

1345 1644 1390 1667 τα
1410 1627 1470 1666 καὶ
1487 1630 1597 1666 ταῦτα
1616 1625 1730 1665 λεπτά
1752 1641 1790 1664 τε
1806 1625 1867 1664 καὶ
1885 1622 2048 1664 ἀσθενέα.

1402 1686 1526 1740 (Stob.
1549 1683 1842 1734 Flor.LXXV1,
1868 1683 1942 1733 15.)

1267 1760 1331 1786 186.
1349 1746 1570 1797 Δημόκριτος
1603 1743 1717 1797 γάμον
1745 1743 1806 1781 και
1834 1738 2062 1781 παιδοποιΐαν
2088 1743 2316 1792 παραιτεῖται

1346 1804 1405 1843 διὰ
1424 1804 1484 1848 τὰς
1504 1803 1670 1847 πολλὰς’
1656 1802 1690 1847 εξ
1723 1803 1837 1840 αὐτων
1866 1799 1988 1848 ἀηδίας
2005 1815 2043 1838 τε
2072 1798 2132 1837 καὶ
2162 1796 2318 1849 ἀφολκας

1346 1863 1417 1901 ἀπὸ
1436 1865 1504 1902 τῶν
1521 1860 1814 1913 ἀναγκαιοτερων

1401 1923 1536 1973 (clem.
1566 1923 1676 1960 Alex.
1698 1918 1898 1958 St1·om.ll
1916 1932 1956 1970 p.
1981 1915 2090 1969 421.)

1236 1998 1243 2038 Ι
1268 1980 1588 2035 187.Τεκνοτροφίη
1620 1978 1806 2031 σφαλερόν
1834 1977 1897 2024 τὴν
1939 1976 2002 2028 μὲν
2032 1976 2099 2027 γὰρ
2131 1972 2316 2025 ἐπιτυχίην

154 2076 2309 2104 Μ

200 2154 269 2185 173.
305 2151 510 2184 Democritus
539 2159 639 2190 quum
669 2149 793 2181 videret
825 2148 987 2189 quendam
1007 2147 1205 2188 quibuslibet
1237 2155 1243 2182 l

154 2213 302 2252 prompte
317 2209 503 2251 largientem
513 2210 546 2240 et
555 2211 677 2240 temere
690 2207 948 2248 suppeditantem
960 2220 967 2239 ι
979 2206 1075 2247 Male,
1087 2206 1204 2246 inquit,

154 2277 278 2311 pereas,
296 2268 372 2309 quia
387 2267 513 2300 Gratias
524 2266 676 2307 virgines,
696 2265 877 2298 meretrices
893 2265 1038 2298 effecisti.

200 2329 270 2360 174.
294 2328 339 2359 Ne
354 2327 387 2358 in
407 2326 542 2358 cunctos
564 2325 769 2366 suspiciosus,
789 2323 845 2357 sed
870 2323 1023 2366 providus
1047 2325 1080 2355 et
1095 2324 1208 2355 cautus

155 2395 212 2418 818.

157 2447 216 2488 1)8
233 2440 522 2497 mulieribus,
541 2445 756 2502 praeterea
776 2442 832 2486 de
852 2442 1141 2485 matrimonio
1166 2444 1208 2484 et

438 2519 596 2563 liberis
614 2518 918 2578 procreandis.

204 2610 275 2640 175.
294 2606 412 2639 Mulier
427 2606 530 2639 multo
547 2607 596 2639 est
613 2606 790 2647 promptior
809 2613 907 2647 quam
926 2604 978 2637 vir
999 2604 1038 2636 ad
1058 2604 1210 2636 astutiam

155 2668 191 2699 et
204 2664 445 2706 malignitatem.

205 2728 276 2758 176.
303 2725 424 2756 Parcus
454 2732 558 2756 sermo
585 2723 751 2756 mulierem
778 2723 884 2763 ornat,
902 2724 934 2754 et
961 2721 1061 2762 ipsius
1080 2722 1211 2753 ornatus

161 2783 298 2825 parcitas
315 2783 343 2815 ei
359 2782 474 2815 decora
487 2785 548 2815 est.

206 2845 276 2875 177.
301 2842 417 2874 Mulier
435 2841 561 2874 dicendi
585 2840 768 2873 facultatem
796 2848 837 2872 ue
861 2842 1028 2877 exerceat3
1059 2846 1111 2870 res
1124 2837 1209 2870 enim

161 2900 338 2941 periculosa
354 2904 416 2933 est.

207 2962 278 2992 178.
293 2958 495 2992 Democritus
516 2967 615 3000 quum
633 2957 911 2990 animadvertisset
928 2956 1088 2998 quondam
1111 2955 1213 2987 multa

164 3017 311 3059 imperite
327 3017 563 3058 disputantem:
582 3017 653 3057 llic,
668 3016 783 3058 inquit,
797 3025 862 3048 non
878 3015 1003 3048 dicendi
1021 3015 1140 3056 peritus
1150 3015 1212 3046 mi·

161 3076 195 3108 111
212 3075 350 3116 videtur,
373 3076 430 3109 sed
445 3076 577 3109 omnino
593 3075 719 3108 tacendi
737 3074 918 3116 imperitus.

209 3136 281 3166 179.
304 3133 446 3167 Mulieris
476 3134 609 3175 imperio
645 3141 757 3175 parere
793 3132 991 3165 contumelia
1020 3134 1053 3164 et
1084 3131 1210 3173 ignavia

163 3193 311 3225 extrema
333 3194 395 3226 est.
999 3220 1001 3222 ,

209 3253 280 3283 180.
311 3252 421 3289 Quum
449 3251 670 3284 Democritum
702 3250 835 3292 quidam
864 3251 1118 3292 percontaretur,
1144 3257 1215 3288 cur,

162 3319 265 3351 quum
286 3318 421 3350 magnus
436 3311 537 3352 esset,
556 3319 686 3353 parvam
705 3310 850 3343 duxisset
874 3319 1008 3342 uxorem
1025 3319 1033 3342 :
1053 3311 1120 3350 Ego
1132 3333 1141 3349 ,
1160 3309 1210 3341 in-

165 3369 247 3409 quit,
269 3369 301 3401 in
315 3369 400 3401 malo
421 3369 564 3410 eligendo
574 3393 584 3410 ,
599 3369 686 3411 quod
701 3369 872 3402 minimum
888 3370 967 3409 erat,
983 3367 1074 3409 elegi.

211 3429 282 3460 181.
320 3427 472 3460 Nonnulli
504 3427 637 3462 urbibus
657 3428 787 3470 quidem
811 3427 1030 3468 dominantur,
1055 3426 1214 3459 uxoribus

166 3487 275 3518 autem
289 3485 444 3519 serviunt.

1311 2149 1381 2177 182.
1417 2141 1697 2181 Quemadmodum
1722 2139 1874 2181 corporis,
1901 2138 1947 2170 sic
1972 2141 2004 2170 et
2032 2136 2162 2168 familiae
2180 2135 2318 2175 vitaeque

1266 2202 1371 2235 morbi
1384 2202 1513 2244 quidam
1534 2201 1755 2233 inveniuntur.
1899 2201 1901 2203 '

1313 2264 1382 2293 183.
1405 2260 1466 2297 Qui
1483 2259 1603 2291 bonum
1618 2259 1732 2289 nactus
1742 2258 1790 2289 est
1800 2264 1966 2297 generum,
1983 2254 2087 2295 inquit
2100 2251 2317 2292 Democritus,

1267 2320 1292 2352 is
1311 2319 1448 2360 repperit
1465 2318 1579 2356 filium,
1597 2316 1651 2358 qni
1665 2317 1800 2355 malum,
1818 2315 1847 2347 is
1864 2316 1896 2347 et
1909 2313 2006 2346 filiam
2027 2311 2174 2353 perdidit.

1313 2379 1385 2410 184.
1406 2375 1591 2408 Necessaria
1603 2373 1787 2406 hominibus
1806 2373 1978 2405 liberorum
2002 2371 2129 2403 videtur
2140 2369 2317 2411 procreatio

1269 2439 1393 2468 naturae
1409 2433 1562 2477 instinctu
1576 2433 1694 2474 pariter
1704 2433 1738 2465 et
1753 2431 1977 2472 antiquissima
2002 2430 2211 2469 institutione,
2234 2429 2315 2460 utin

1269 2493 1395 2527 caeteris
1418 2501 1548 2534 quoque
1565 2491 1757 2524 animalibus
1774 2492 1822 2523 est
1846 2490 2064 2522 manifestum.
2088 2488 2205 2521 Omnia
2219 2489 2318 2527 enim,

1270 2554 1418 2586 naturam
1437 2553 1547 2584 secuta
1566 2551 1695 2591 ducem,
1729 2549 1871 2582 sobolem
1899 2549 1972 2588 sibi,
1988 2549 2038 2581 vel
2058 2548 2147 2581 nulla
2173 2547 2320 2580 utilitatis

1270 2621 1326 2653 spe
1343 2611 1518 2652 proposita,
1546 2612 1659 2650 parant
1678 2622 1686 2642 z
1705 2608 1818 2641 foetum
1835 2609 1955 2648 autem,
1977 2607 2073 2639 simul
2097 2609 2197 2648 atque
2215 2605 2320 2639 editus

1270 2671 1333 2709 est,
1354 2678 1418 2702 non
1432 2669 1502 2701 sine
1518 2668 1624 2700 labore
1638 2667 1756 2699 educat
1775 2668 1809 2700 et
1827 2667 1940 2708 nutrit,
1957 2667 2053 2707 prout
2077 2666 2184 2707 potest
2201 2673 2320 2697 unum-

1269 2728 1420 2770 quodvis,
1438 2731 1471 2760 et
1489 2727 1642 2768 tantisper
1659 2726 1738 2759 dum
1759 2726 1854 2758 durat
1880 2727 1989 2758 tenera
2006 2725 2075 2765 ejus
2095 2728 2184 2765 38138,
2210 2732 2321 2756 curam

1270 2787 1342 2827 ejus
1357 2786 1457 2827 gerit,
1474 2789 1505 2818 et
1522 2785 1609 2818 dolet
1622 2785 1649 2817 si
1667 2784 1744 2826 quid
1767 2785 1918 2825 patiatur.
1939 2784 2023 2816 Talis
2039 2785 2186 2815 omnium
2204 2786 2250 2814 est
2271 2782 2321 2814 in·

1270 2846 1369 2886 doles,
1385 2854 1459 2886 qua*¹
1478 2845 1619 2876 animam
1637 2844 1768 2885 liabeut3
1783 2844 1866 2876 inter
1880 2843 2025 2875 homines
2036 2844 2144 2875 autem
2163 2842 2224 2873 lioc
2244 2843 2322 2872 tan-

1270 2912 1368 2945 quam
1388 2903 1462 2935 vitae
1492 2902 1676 2935 institutum
1702 2902 1748 2935 ita
1772 2901 1839 2942 jam
1865 2901 2069 2942 inveteravit,
2090 2903 2126 2932 ut
2149 2900 2321 2933 utilitatem

1271 2963 1364 2995 etiam
1380 2970 1397 2994 e
1417 2961 1565 3002 progenie
1581 2969 1638 2993 8113
1652 2961 1839 3003 percipiant.

1316 3024 1386 3054 185.
1415 3023 1483 3054 Non
1501 3020 1601 3062 probo
1615 3020 1789 3052 liberorum
1807 3019 2073 3061 procreationem.
2093 3020 2173 3051 Nam
2189 3017 2220 3049 in
2240 3017 2322 3058 ipso-

1274 3090 1344 3112 rum
1365 3080 1561 3121 possessione
1580 3079 1682 3112 multa
1698 3088 1879 3121 magnaque
1902 3077 2043 3119 pericula
2065 3077 2168 3109 inesse
2185 3075 2279 3108 video
2291 3079 2322 3108 et

1273 3139 1434 3172 molestias
1466 3139 1629 3180 plurimas,
1650 3138 1798 3180 exiguam
1825 3146 1903 3171 vero
1929 3137 2113 3170 felicitatem
2130 3143 2263 3176 eamque
2275 3137 2322 3166 te-

1274 3207 1369 3231 nuem
1388 3202 1423 3240 et
1432 3198 1560 3231 exilem.

1319 3260 1389 3290 186.
1422 3256 1628 3289 Democritus
1657 3255 1897 3288 matrimonium
1919 3254 2159 3294 liberorumque
2178 3260 2322 3294 procrea-

1277 3317 1395 3349 tionem
1409 3315 1510 3356 rejicit
1525 3318 1691 3357 propterea
1703 3315 1790 3356 quod
1802 3314 1915 3347 multae
1926 3313 2000 3346 inde
2011 3312 2154 3345 oriantur
2166 3311 2322 3343 molestiae

1277 3377 1307 3408 et
1330 3375 1414 3417 quod
1435 3375 1496 3407 hac
1517 3375 1639 3407 ratione
1658 3383 1677 3406 a
1700 3374 1797 3406 rebus
1812 3373 1912 3414 magis
1936 3371 2120 3405 necessariis
2135 3377 2320 3402 avocemur.

1322 3435 1390 3466 187.
1411 3433 1598 3465 Liberorum
1626 3432 1773 3465 educatio
1796 3431 1916 3463 lubrica
1938 3439 1987 3463 res
2016 3432 2077 3462 est.
2102 3431 2184 3462 Nam
2199 3427 2323 3460 sibene
