2612 3814
273 304 350 338 4⁴2

271 385 368 439 ὀρθὸν
389 384 504 438 λόγον·
529 388 601 430 πῶς
620 384 689 439 γὰρ
713 387 730 425 ὁ
750 385 876 430 κακίας
894 379 983 424 εἶναι
1013 385 1169 439 καρποὺς
1190 386 1234 424 τὰ
1264 388 1328 425 ἀλ-

270 443 368 494 γεινὰ
387 443 576 495 τιθέμενος,
592 446 632 484 οὗ
653 443 812 497 φεύξεται
829 444 892 492 τὴν
911 446 959 490 εἷς
976 448 1088 484 ταῦτα
1106 445 1330 498 κατάγουσαν

271 504 375 544 αὐτὸν
400 504 528 553 αἰτίαν,
544 504 625 554 καί,
646 506 674 543 εἰ
694 505 745 543 δεῖ
761 503 991 558 χαλεπαίνειν
1007 506 1040 543 ἐν
1062 508 1132 549 τοῖς
1148 506 1330 557 λυπηροῖς,

270 567 383 618 ἑαυτῷ
410 566 546 615 μᾶλλον
568 564 728 612 οἰήσεται
754 565 823 603 δεῖν
859 563 1088 616 χαλεπαίνειν
1103 595 1113 613 ,
1147 563 1169 611 ἢ
1189 566 1239 617 τῷ
1260 579 1330 603 κω-

270 623 387 663 Λύοντι
406 624 470 673 τὴν
491 623 662 678 πονηρίαν
683 625 751 677 θεῷ
772 623 830 663 διὰ
855 626 926 662 τῶν
944 623 1102 675 ὀργάνων
1128 626 1189 670 τ’ἧς
1207 623 1329 673 δίκης,

270 684 316 723 δι’
343 677 391 723 ὧν
425 684 500 724 ἔστι
530 683 685 723 συνιέναι
717 683 778 721 καὶ
813 683 1166 733 ἀναμιμνήσκεσθαι,
1200 676 1270 721 οἷον
1290 677 1331 730 ἦν

270 742 340 796 ἄρα
371 743 500 795 ἀγαθὸν
524 742 574 794 μὴ
603 743 822 797 ἀφίστασθαι
847 745 917 781 τῶν
952 742 1052 781 θείων
1087 741 1221 793 νόμων,
1242 740 1331 791 μηδὲ

270 801 412 845 ἑκόντας
442 802 671 842 κακύνεσθαι.
731 802 785 840 Οὐ
811 799 880 854 γὰρ
912 802 959 844 ὡς
981 799 1085 853 ἔτυχε
1106 801 1150 839 τὰ
1186 799 1331 853 ἀλγεινὰ

276 861 341 906 τοῖς
362 861 556 914 ἀνθρώποις
574 861 801 913 διανέμεται,
831 859 931 912 εἴπερ
954 859 1030 903 θεὸς
1056 858 1116 898 καὶ
1142 859 1241 907 δίκης
1259 859 1331 912 ὅροι

270 921 530 974 προεστήκασιν
550 924 673 974 ἡμῶν,
700 921 764 968 τὴν
790 919 890 965 ἀξίαν
914 922 1080 974 μοῖραν
1101 921 1153 974 ἐφ’
1171 919 1332 964 ἑκάστοις

270 981 470 1033 ἐπάγοντες·
496 980 572 1030 διό,
594 980 655 1019 καὶ
679 980 719 1019 τὸ
744 981 781 1020 οὗ
816 979 919 1018 πάνυ
947 985 1034 1024 τοῖς
1056 982 1255 1031 ἀγαθοῖς
1281 978 1332 1018 τὰ

271 1040 467 1094 ἀλγεινὰ
487 1039 723 1090 συμπίπτειν,
758 1038 917 1091 εὔλογον.
992 1041 1142 1092 Πρῶτον
1166 1039 1229 1090 μὲν
1263 1037 1332 1091 γὰρ

270 1098 478 1138 οἴσουσιν
499 1099 590 1138 αὐτὰ
618 1098 743 1152 πράω
757 1115 772 1144 ς
797 1102 842 1152 τῇ
861 1099 1049 1152 εὖαρεστίᾳ
1061 1102 1124 1147 τῆς
1143 1099 1237 1143 θείας
1257 1098 1333 1151 κρί-

270 1174 378 1207 σεως,
396 1158 457 1197 καὶ
471 1161 514 1211 τῇ
535 1160 596 1206 τῆς
625 1160 750 1211 ἀρετῆς
769 1159 986 1211 προσκτήσει
999 1189 1009 1208 ,
1022 1161 1068 1197 δι’
1090 1158 1133 1206 ἣν
1154 1158 1333 1212 πραότερα

271 1217 334 1268 μὲν
355 1217 398 1256 τὰ
431 1217 576 1271 χαλεπὰ
596 1217 746 1270 γίνεται.
778 1217 852 1257 Καὶ
870 1217 1008 1263 εὔελπις
1030 1217 1065 1257 δὲ
1088 1222 1149 1257 τοῦ
1170 1219 1295 1257 λοιποῦ
1316 1219 1334 1256 ὁ

272 1277 344 1330 βίος
366 1279 539 1328 μηδαμῶς
579 1277 785 1331 ἐνοχλήσειν
824 1280 919 1329 ἡμᾶς
957 1277 1002 1317 τὰ
1037 1282 1204 1327 τοιαῦτα,
1234 1277 1333 1332 εἴπερ

270 1337 413 1389 ἀγαθοῖς
430 1336 648 1388 γενομένοις,
677 1336 771 1377 κατὰ
805 1335 869 1389 μὲν
894 1337 957 1386 τὴν
982 1337 1180 1388 ἀκροτάτην
1203 1335 1332 1391 ἀρετὴν

275 1396 314 1436 τὰ
331 1400 408 1435 θεῖα
434 1395 550 1447 ἀγαθὰ
579 1397 664 1448 ἡμῖν
696 1395 906 1445 ἀπόκειται,
944 1397 1035 1436 κατὰ
1063 1396 1099 1436 δὲ
1134 1396 1198 1444 τὴν
1222 1397 1335 1448 μέσην

270 1455 338 1502 ἕξιν
351 1486 361 1504 ,
381 1454 425 1495 τὰ
449 1454 666 1508 ἀνθρώπινα.
725 1455 883 1497 Ἔπειτα
901 1456 962 1496 καὶ
983 1456 1026 1495 ἷά
1040 1472 1202 1496 σονται
1218 1456 1333 1496 κατὰ

271 1516 471 1566 δύναμιν
492 1514 536 1554 τὰ
556 1519 703 1557 τοιαῦτα
732 1515 766 1562 ἐξ
787 1517 894 1554 αὐτοῦ
914 1521 974 1555 τοῦ
995 1516 1144 1570 φέρειν
1163 1516 1331 1570 πράως,

271 1572 336 1618 τὰς
354 1575 520 1624 μεθόδους
536 1576 598 1621 τῆς
618 1574 804 1627 θεραπείας
825 1575 940 1613 αὗτῶν
961 1576 1224 1626 διδασκόμενοι.
1249 1577 1334 1619 Πῶς

270 1632 339 1686 γὰρ
359 1627 428 1672 οἶόν
446 1648 484 1672 τε
503 1635 580 1678 ταῖς
598 1635 708 1687 ἱεραῖς
727 1634 891 1679 ἱκετείαις
903 1637 1105 1687 θεοπρεπῶς
1118 1634 1334 1688 χρήσασθαι,

272 1691 322 1743 μὴ
344 1692 509 1746 πρόνοιαν
530 1692 591 1731 καὶ
619 1692 719 1741 δίκην
741 1695 869 1747 ἐφορᾶν
891 1694 935 1733 τὰ
967 1694 1171 1747 ἀνθρώπινα
1192 1694 1335 1746 τιθεμέ-

272 1767 368 1799 νους,
388 1751 448 1790 καὶ
481 1751 545 1800 τὴν
567 1751 685 1806 ψυχὴν
718 1756 820 1803 ἡμῶν
849 1753 1023 1793 ἀθάνατον
1042 1748 1149 1792 οὖσαν
1170 1754 1335 1793 τοιούτων

273 1811 442 1850 ἑκάστοτε
460 1811 648 1865 τυγχάνειν
671 1815 740 1852 τῶν
756 1813 878 1859 ἔξωθεν
893 1843 903 1861 ,
919 1812 999 1852 οἵων
1018 1813 1061 1852 ἂν
1083 1812 1213 1861 ἑαυτὴν
1234 1813 1335 1859 ἀξίαν

271 1870 504 1925 παράσχηται
522 1874 562 1911 ἐκ
582 1874 650 1911 τῶν
668 1875 927 1927 προαιρετικῶν
950 1874 1180 1924 κινημάτων,
1200 1872 1245 1913 ‘0
1269 1873 1336 1926 γὰρ

272 2004 368 2042 Cum
390 2004 509 2054 igitur
536 2005 591 2041 ita
611 2003 687 2041 fixa
719 2005 767 2041 sit
791 2005 853 2042 lex
878 2006 1088 2055 eademque
1109 2019 1260 2055 semper
1280 2007 1337 2042 lo-

273 2071 428 2112 quatur,
457 2065 488 2101 is
506 2076 586 2100 non
624 2077 774 2114 semper
809 2066 942 2102 eadem
975 2067 1238 2115 consequitur,
1275 2068 1342 2115 qni

273 2123 498 2172 dignitatem
530 2136 635 2160 suam
670 2124 834 2161 subinde
863 2126 1042 2171 mutavit3
1078 2138 1205 2174 neque
1238 2127 1339 2162 enim

272 2181 370 2218 illud
383 2182 529 2230 justum
546 2189 639 2220 esset
653 2212 663 2232 ‚
694 2196 819 2233 neque
851 2185 966 2221 nobis
987 2185 1095 2221 utile.
1114 2185 1189 2222 Sed
1202 2184 1341 2232 judicii

277 2243 532 2279 mutationem
547 2242 640 2280 facit
657 2242 737 2291 ejus
756 2245 822 2293 qui
834 2243 1033 2292 judicatur
1048 2245 1210 2281 mutatio
1233 2258 1241 2281 ε
1262 2258 1340 2294 quo

273 2303 375 2338 enim
406 2309 520 2351 pacto
545 2303 632 2349 ille,
674 2304 742 2352 qui
772 2317 853 2340 non
886 2303 988 2341 idem
1025 2311 1175 2350 manet,
1208 2304 1341 2341 iisdem

275 2361 413 2411 dignus
431 2361 566 2398 haberi
586 2363 730 2412 possit?
750 2364 873 2413 Igitur
890 2363 1195 2412 leniter-ferenda
1215 2373 1271 2400 est
1283 2366 1323 2400 di
1329 2386 1340 2393 -

275 2418 551 2468 vinafortuna;
564 2434 635 2459 nec
649 2423 843 2472 indignari
858 2431 1015 2473 oportet
1028 2436 1115 2460 eum
1129 2424 1195 2472 qui
1210 2436 1342 2472 poenas

273 2480 345 2516 luit
365 2487 405 2517 et
417 2508 427 2526 ,
449 2481 577 2530 quoad
588 2489 716 2532 potest
731 2482 923 2531 judicium
938 2483 1113 2520 divinum
1128 2511 1138 2530 ,
1153 2491 1343 2533 purgatur

274 2552 344 2588 per
358 2552 402 2576 ea
416 2552 499 2588 quae
518 2540 631 2589 hujus
650 2542 738 2578 vitae
755 2540 1022 2591 voluptatibus
1037 2542 1191 2580 obstare
1212 2543 1343 2580 viden-

278 2606 355 2634 tur.
381 2598 613 2646 Hujusmodi
632 2613 727 2638 vero
748 2601 1006 2638 consideratio
1036 2609 1091 2639 est
1113 2610 1151 2640 et
1166 2603 1341 2652 priorum

278 2657 508 2694 delictorum
535 2659 727 2697 medicina
762 2668 800 2696 et
837 2661 886 2698 ad
918 2669 1083 2708 rectam,
1114 2675 1198 2711 quae
1230 2663 1343 2699 nobis

278 2717 398 2763 inest,
421 2718 612 2754 rationem
629 2721 829 2757 conversio
853 2734 861 2757 ε
884 2723 951 2770 qui
971 2723 1073 2759 enim
1092 2722 1175 2760 fieri
1193 2731 1337 2773 potest,

278 2778 370 2814 ntis
397 2778 464 2827 qui
492 2778 613 2815 credit
643 2778 831 2816 vitiorum
865 2780 1010 2818 fructus
1044 2794 1120 2820 esse
1160 2782 1338 2830 dolores,

279 2849 359 2873 non
382 2836 527 2874 devitet
543 2849 694 2874 causam
717 2839 803 2876 illos
822 2840 893 2889 ipsi
914 2840 1157 2888 afferentem,
1186 2849 1242 2888 et,
1258 2843 1288 2879 si
1305 2844 1344 2879 in

280 2897 442 2933 miseriis
473 2896 583 2933 decet
605 2897 822 2948 indignari,
851 2899 927 2935 sibi
958 2902 1087 2949 potius
1119 2913 1338 2938 succensen-

282 2956 376 2992 dum
405 2967 479 2992 esse
505 2955 727 3003 arbitretur,
765 2970 879 3006 quam
902 2960 1006 3008 Deo,
1035 2960 1103 3008 qui
1131 2961 1265 2996 vitium
1301 2962 1346 2998 iis

278 3017 432 3064 justitiae
452 3016 712 3053 instrumentis
735 3018 916 3068 castigat,
950 3019 1054 3056 unde
1085 3021 1170 3069 quis
1196 3021 1345 3057 intelli-

282 3087 373 3126 gere
394 3082 433 3112 et
455 3075 653 3112 recordari
671 3077 813 3124 possit,
830 3078 941 3125 quale
965 3077 1081 3114 fuerit
1098 3078 1244 3115 bonum
1264 3092 1345 3116 non

284 3133 494 3170 desciscere
515 3145 536 3170 a
562 3133 700 3170 divinis
722 3135 875 3185 'legibus
906 3148 1031 3186 neque
1052 3145 1188 3186 sponte
1214 3151 1282 3176 sua
1306 3139 1347 3175 in

285 3190 431 3242 flagitia
450 3204 490 3228 se
511 3193 771 3243 ingurgitare?
787 3195 876 3230 Non
895 3196 996 3231 enim
1017 3195 1177 3233 fortuito
1199 3198 1348 3234 calami-

286 3259 380 3289 tates
410 3250 695 3288 distribuuntur
736 3253 974 3304 hominibus,
1013 3255 1203 3304 siquidem
1243 3258 1346 3293 Deus

282 3310 516 3359 justitiaeque
544 3311 646 3361 leges
660 3312 773 3349 nobis
788 3321 954 3362 praesunt
972 3321 1010 3351 et
1022 3316 1198 3353 meritam
1214 3317 1347 3367 singu-

288 3369 332 3405 lis
350 3376 492 3406 sortem
515 3370 691 3407 tribuunt
720 3384 729 3408 ε
763 3372 1013 3420 quamobrem
1049 3381 1347 3412 consentaneum

289 3435 364 3475 est,
396 3440 478 3464 non
504 3430 557 3466 ita
589 3442 744 3480 magnas
770 3431 879 3467 bonis
898 3431 1126 3469 calamitates
1155 3434 1344 3475 accidere.

289 3489 462 3525 Primum
476 3489 576 3525 enim
592 3502 651 3526 eas
664 3489 930 3537 leniterferent
941 3520 949 3536 ‚
970 3492 1058 3540 quia
1078 3492 1119 3528 in
1139 3493 1272 3531 divino
1285 3493 1348 3542 ju-

291 3545 393 3582 dicio
414 3548 661 3596 acquiescunt
677 3556 714 3586 et
728 3550 880 3586 virtutis
898 3551 1134 3598 possessione
1149 3552 1318 3601 gaudent
1331 3580 1342 3598 ‚

987 298 1266 338 HlERocms
1290 298 1712 339 COMMENTARIUS

1395 386 1444 436 μὴ
1465 387 1511 430 εἷς
1527 390 1640 425 ταῦτα
1663 387 1845 439 ἀναφέρων
1869 385 1934 435 τὴν
1956 389 2138 440 παροῦσαν
2169 392 2316 439 μοῖραν,
2345 390 2451 428 πόθεν

1396 448 1455 483 τοῦ
1476 444 1597 498 πράως
1617 445 1732 497 φέρειν
1752 444 1860 492 αὐτὴν
1881 445 1942 491 τὰς
1969 445 2129 499 ἀφορμὰς
2147 445 2324 499 λήψεται;
2346 448 2451 487 πόθεν

1395 506 1431 544 δὲ
1457 509 1516 543 τοῦ
1536 506 1655 542 ἰᾶσθαι
1674 505 1738 551 τὴν
1758 505 1884 557 τέχνην
1901 519 1912 554 ;
1930 507 1992 545 οὐκ
2017 504 2110 544 ἔστιν
2132 506 2254 546 εἰπεῖν.
2314 507 2454 562 Εὗαρι·

1395 567 1526 611 στῆσαι
1545 563 1609 615 μὲν
1627 563 1695 616 γὰρ
1717 565 1859 603 αὐτόθεν
1888 570 1959 610 τοῖς
1987 565 2154 610 τοιούτοις
2183 566 2245 605 οὗκ
2271 565 2382 620 ἔστιν,
2405 569 2454 613 ὡς

1396 623 1620 676 ἀδιαφόροις,
1650 622 1673 671 ἢ
1717 622 1778 662 καὶ
1811 624 1970 675 ἀμείνοσι
2000 627 2069 664 τῶν
2105 624 2294 673 ἐναντίων,
2331 625 2471 676 ἐπειδὴ·

1394 683 1478 736 παρ’
1499 684 1636 722 ἑαυτῶν
1654 681 1788 734 φευκτὰ
1805 676 1894 722 εἶναι
1914 683 2096 737 φαίνεται,
2116 682 2262 736 ἀλγεινὰ
2281 682 2366 724 ὄντα
2393 684 2454 724 καὶ

1395 743 1558 783 ἐπίπονα.
1604 742 1662 782 Τὰ
1684 741 1719 781 δὲ
1740 747 1883 782 τοιαῦτα
1902 743 1940 782 οὗ
1964 742 2147 796 προσίεται
2169 746 2272 795 ἡμῶν
2294 743 2455 798 ἡφύσις,

1396 805 1442 846 ὡς
1463 801 1507 840 τὰ
1529 802 1571 840 δι’
1590 800 1700 840 ἑαυτὰ
1722 801 1847 856 αἱρετά
1861 831 1871 850 ,
1891 803 1921 841 εἰ
1940 801 1989 854 μὴ
2008 802 2075 856 ἄρα
2096 803 2224 854 ἀγαθόν
2241 820 2275 843 τι
2298 804 2455 858 προσδα-

1396 862 1555 913 κώμενον
1575 859 1628 909 εἴη
1647 860 1705 901 ἐπὶ
1718 863 1762 914 τῇ
1784 860 1983 915 τληπαθεία
2003 865 2073 901 τῶν
2091 863 2283 916 δυσχερῶν.
2298 863 2454 916 Ἀνάγκη

1395 914 1454 961 οἶν
1478 919 1732 974 δυσχεραίνειν,
1758 921 1820 959 καὶ
1841 919 2069 974 δυσαρεστίας
2094 922 2364 971 ἐμπίπλασθαι,
2395 922 2457 962 καὶ

1395 980 1674 1034 προσεπιτείνειν
1711 979 1752 1019 τὰ
1786 978 1934 1030 ἀλγεινὰ
1967 980 2007 1018 ἐκ
2042 983 2106 1028 τ’ἧς
2126 979 2207 1033 περὶ
2238 980 2303 1028 τὴν
2332 980 2455 1021 οὐσίαν

1395 1042 1497 1091 ἡμῶν
1520 1039 1681 1093 ἀγνοίας,
1698 1040 1759 1078 καὶ
1778 1039 1877 1079 οὐδὲν
1902 1037 1966 1090 μὲν
1982 1033 2085 1087 ἧττον
2110 1039 2241 1078 διδόναι
2259 1038 2371 1086 δίκας·
2392 1040 2457 1091 τὴν

1397 1100 1566 1153 μεγίστην
1597 1100 1633 1139 δὲ
1663 1101 1874 1139 ἐπικτᾶσθαι
1902 1098 2045 1147 κακίαν,
2074 1098 2134 1137 ἐὰν
2169 1099 2387 1154 ἀπρονόητον
2417 1099 2458 1140 τὸ

1396 1165 1480 1208 πᾶν,
1505 1158 1526 1206 ἢ
1549 1161 1667 1204 κακῶς
1700 1159 1990 1212 φροντιζόμενον,
2018 1160 2209 1210 οἰηθῶμεν.
2278 1161 2396 1200 Τοῦτο
2420 1158 2457 1199 δί

1395 1219 1521 1259 ταύτόν
1540 1221 1614 1258 ἐστι
1631 1222 1680 1272 τῷ
1702 1218 1750 1270 μὴ
1769 1218 1902 1259 οἴεσθαι
1919 1213 2007 1258 εἶναι
2027 1219 2123 1267 θεόν,
2150 1217 2172 1267 ἢ
2194 1218 2276 1258 ὄντα
2299 1217 2349 1270 μὴ
2369 1235 2457 1272 προ-

1396 1285 1511 1327 νοεῖν,
1534 1280 1790 1333 ἢπρονοοῧντα
1820 1279 1869 1330 μὴ
1895 1278 2026 1332 ἀγαθὸν
2057 1272 2158 1327 εἶναι,
2180 1278 2240 1317 καὶ
2264 1278 2414 1319 δίκαιον·
2434 1279 2459 1319 ἃ

1397 1338 1438 1386 δὴ
1457 1342 1519 1387 τῆς
1537 1339 1767 1387 παντοδαπῆς
1781 1338 1944 1382 ἀσεὸείας
1964 1338 2039 1378 ἐστὶ
2061 1336 2350 1378 συνεκτικώτατα
2361 1369 2375 1390 ,
2396 1338 2458 1378 καὶ

1396 1399 1482 1452 πρὸς
1500 1405 1619 1437 πᾶσαν
1637 1397 1765 1437 κακίαν
1795 1400 2015 1436 συνωθοῦντα
2032 1395 2089 1435 τὸν
2110 1402 2181 1441 τοῖς
2208 1396 2376 1442 τοιούτοις
2396 1398 2460 1437 ἐα-

1395 1458 1537 1497 λωκότα
1558 1457 1788 1507 δοξάσμασιν.
1847 1457 1914 1501 Ὠς
1933 1456 2002 1510 γὰρ
2024 1459 2045 1504 ἡ
2067 1455 2230 1496 εὖσέὸεια
2248 1456 2368 1510 μήτηρ
2386 1459 2458 1496 τῶν

1397 1518 1531 1568 ἀρετῶν
1565 1513 1742 1570 ἀνεφάνη,
1763 1515 1854 1554 οὕτω
1873 1515 1934 1556 καὶ
1953 1515 2072 1562 πάσης
2102 1514 2230 1559 κακίας
2259 1515 2416 1567 ἡγεμὼν,
2435 1517 2458 1563 ἡ

1398 1579 1462 1623 τῆς
1479 1574 1661 1620 εὖσεὸείας
1682 1574 1901 1619 ἀπόπτωσις.
1945 1574 2064 1618 Μόνος
2087 1567 2146 1613 οῧν
2175 1573 2354 1627 ἐξευρήσει
2373 1573 2455 1614 τού-

1396 1652 1465 1675 των
1486 1636 1548 1682 τήν
1580 1634 1701 1674 ἴασιν
1722 1638 1740 1674 ὁ
1759 1634 1910 1688 πράως
1931 1633 2023 1673 αὐτὰ
2049 1633 2196 1689 φέρειν
2211 1633 2462 1686 ἐκδεδιδαγμέ·

1396 1712 1467 1741 νος.
1525 1698 1643 1735 Τοῦτο
1669 1694 1705 1733 δὲ
1735 1693 1791 1733 διὰ
1828 1693 2033 1748 φιλοσοφίας
2068 1694 2176 1747 μόνης
2211 1693 2459 1748 παραγίνεται,

1399 1755 1462 1800 τὰς
1491 1755 1633 1795 πάντων
1662 1757 1731 1794 τῶν
1761 1754 1869 1794 ὄντων
1890 1755 2009 1798 οὐσίας
2031 1753 2184 1807 ἀκριὸῶς
2203 1753 2460 1806 ἐπισταμένης,

1400 1815 1460 1854 καὶ
1492 1814 1554 1859 τὰς
1578 1814 1755 1865 ἑπομένας
1779 1817 1856 1858 ταῖς
1882 1813 2015 1858 οὐσίαις
2035 1815 2150 1852 αὐτῶν
2181 1812 2380 1866 ἐνεργείας,
2411 1806 2462 1853 ὧν

1400 1873 1518 1927 εἷρμὸς
1538 1874 1599 1913 καὶ
1619 1872 1780 1918 σύνταξίς
1808 1874 1902 1912 ἐστιν
1923 1877 1944 1922 ἡ
1965 1875 2034 1912 τῶν
2054 1871 2144 1912 ὅλων
2172 1872 2342 1921 διοίκησις
2355 1901 2366 1920 ,
2399 1873 2460 1926 ἀφ’

1401 2012 1565 2055 propter
1582 2017 1698 2054 quam
1721 2004 1875 2041 mitiora
1895 2003 1993 2040 fiunt
2020 2016 2064 2040 ea
2081 2016 2166 2053 quae
2184 2004 2343 2042 molesta
2361 2011 2463 2043 sunt.

1402 2066 1503 2112 Quin
1522 2072 1561 2101 et
1576 2065 1680 2101 bona
1699 2077 1784 2114 spes
1804 2072 1872 2111 est,
1895 2065 2008 2100 talem
2022 2065 2061 2100 in
2080 2071 2275 2113 posterum
2294 2071 2462 2106 nostram

1403 2124 1485 2161 fore
1499 2125 1615 2160 vitam
1628 2154 1638 2174 ,
1654 2131 1698 2160 ut
1717 2136 1963 2173 nequaquam
1978 2122 2200 2172 hujusmodi
2215 2139 2275 2164 res
2293 2140 2364 2164 nos
2374 2140 2461 2177 per·

1403 2184 1580 2229 turbent,
1602 2182 1919 2232 quandoquidem
1935 2183 2048 2221 nobis
2067 2185 2190 2221 bonos
2214 2198 2342 2223 mores
2364 2198 2464 2224 asse·

1405 2244 1502 2279 cutis
1516 2271 1526 2289 ‚
1546 2244 1576 2279 si
1608 2255 1754 2279 summa
1775 2243 1895 2280 virtus
1915 2244 2093 2293 contigit,
2122 2244 2251 2281 divina
2283 2245 2388 2282 bona
2402 2273 2413 2292 ‚
2431 2247 2463 2283 si

1403 2303 1554 2339 medius
1590 2303 1761 2349 habitus,
1791 2302 1958 2339 humana
1985 2310 2242 2342 reservantur.
2277 2305 2464 2343 Praeterea

1404 2363 1518 2398 etiam
1541 2362 1801 2398 medebuntur
1831 2362 1970 2399 talibus
1998 2363 2128 2411 quoad
2156 2370 2361 2413 poterunt,
2383 2365 2463 2414 ipsa

1403 2423 1538 2458 leniter
1554 2421 1702 2458 ferendi
1723 2422 1872 2458 ratione
1891 2422 2073 2458 medendi
2089 2423 2189 2459 viam
2210 2423 2350 2460 edocti.
2363 2425 2464 2473 Quo·

1403 2480 1522 2517 modo
1538 2481 1639 2517 enim
1667 2481 1694 2516 ii
1713 2482 1830 2517 sacris
1850 2481 2193 2530 supplicationibus
2215 2482 2265 2520 ad
2291 2483 2464 2521 divinum

1405 2553 1548 2577 numen
1578 2540 1869 2577 accommodate
1888 2542 1944 2576 uti
1965 2549 2144 2591 possunt,
2169 2543 2236 2591 qui
2253 2543 2464 2592 providen-

1407 2601 1498 2637 tiam
1518 2608 1556 2637 et
1567 2599 1752 2648 justitiam
1769 2612 1831 2637 res
1860 2600 2045 2636 humanas
2068 2601 2256 2649 inspicere
2276 2609 2314 2638 et
2337 2602 2466 2639 admi*—

1405 2662 1570 2697 nistrare
1599 2668 1764 2710 negant,
1798 2666 1834 2696 et
1866 2660 2032 2696 animum
2058 2668 2252 2708 nostrum,
2270 2674 2390 2710 quum
2419 2663 2468 2699 sit

1406 2721 1631 2758 immortalis
1646 2748 1656 2766 ,
1684 2726 1840 2756 externa
1861 2720 1925 2756 illa
1943 2731 2094 2768 semper
2119 2721 2306 2770 nancisci,
2325 2721 2466 2769 quibus

1405 2792 1443 2817 se
1469 2793 1516 2817 ex
1542 2779 1768 2816 voluntariis
1782 2778 1949 2814 motibus
1965 2778 2125 2828 dignum
2140 2778 2374 2827 praebuerit?
2391 2779 2467 2826 Qui

1406 2841 1509 2876 enim
1528 2839 1578 2876 ad
1609 2839 1689 2875 haec
1721 2845 1863 2875 sortem
1899 2844 2124 2887 praesentem
2151 2850 2232 2874 non
2269 2835 2463 2883 retulerit,

1405 2900 1509 2936 unde
1531 2911 1614 2936 eam
1633 2899 1771 2935 leniter
1787 2897 1934 2935 ferendi
1960 2897 2178 2934 facultatem
2196 2898 2380 2946 consequi
2401 2904 2466 2934 aut

1407 2960 1510 2997 unde
1527 2958 1710 2996 medendi
1727 2965 1848 2994 artem
1869 2957 2017 2994 discere
2035 2958 2172 3006 possit,
2194 2957 2269 2993 dici
2286 2956 2464 3006 profecto

1408 3021 1556 3069 nequit.
1579 3020 1713 3067 Neque
1734 3018 1834 3055 enim
1867 3018 1907 3053 in
1927 3017 2063 3053 talibus
2083 3016 2283 3053 confestim
2305 3018 2462 3066 acquie-

1408 3091 1514 3117 scere
1534 3080 1638 3125 licet‚
1652 3078 1760 3127 quasi
1782 3076 2040 3113 indifferentia
2059 3077 2133 3112 sint
2155 3083 2218 3113 aut
2235 3077 2347 3113 etiam
2369 3089 2466 3113 con-

1409 3140 1537 3176 trariis
1553 3139 1735 3187 meliora‘,
1751 3138 1841 3186 quia
1856 3149 1926 3186 per
1942 3148 1981 3172 se
1996 3136 2176 3185 fugienda
2196 3148 2239 3173 ea
2254 3148 2328 3173 esse
2348 3148 2469 3186 appa-

1409 3204 1489 3244 ret,
1511 3204 1555 3234 ut
1584 3210 1668 3246 quae
1700 3197 1832 3247 gravia
1867 3195 1942 3231 sint
1980 3201 2017 3231 et
2045 3196 2218 3232 molesta.
2243 3196 2296 3231 Ea
2323 3202 2467 3242 autem,

1409 3270 1493 3306 quae
1510 3256 1697 3305 ejusmodi
1715 3261 1972 3301 sunt,natura
1992 3260 2122 3290 nostra
2142 3267 2222 3290 non
2235 3282 2245 3299 ,
2266 3260 2309 3290 ut
2337 3266 2408 3302 per
2430 3265 2469 3290 se

1411 3317 1608 3367 eligenda,
1642 3315 1836 3362 admittit,
1869 3314 1941 3350 nisi
1971 3314 2067 3350 boni
2097 3314 2191 3363 quid
2229 3326 2249 3350 e
2279 3314 2469 3369 malorum

1408 3377 1593 3427 patientia
1622 3381 1872 3426 exspectetur.
1908 3374 2098 3422 Quocirca
2132 3386 2283 3410 necesse
2305 3380 2380 3420 est,
2399 3384 2469 3409 nos

1410 3447 1454 3471 ea
1474 3447 1572 3484 aegre
1592 3434 1690 3471 ferre
1711 3445 1924 3482 eorumque
1957 3433 2070 3470 taedio
2099 3434 2288 3483 compleri
2315 3439 2353 3475 et
2377 3444 2468 3481 pro·

1410 3501 1497 3544 pter
1507 3501 1652 3530 naturae
1670 3500 1810 3530 nostrae
1825 3494 2081 3543 ignorantiam
2099 3493 2251 3530 dolores
2270 3501 2410 3542 augere
2424 3504 2470 3528 ac

1410 3554 1659 3590 nihilominus
1686 3565 1818 3603 poenas
1847 3553 1962 3601 dare,
1984 3554 2024 3589 in
2046 3554 2252 3589 maximum
2284 3564 2376 3589 vero
2395 3551 2466 3587 im·
