2612 3814
291 302 368 336 490
939 294 1414 334 PYTHAGOREORUM
1445 295 1511 334 ET
1540 295 1783 336 ALIORUM

281 397 328 423 4¹.
359 380 453 422 Οὔτε
474 381 572 435 παρὰ
595 386 720 437 νεκροῦ
741 381 882 434 ὁμιλίαν
897 380 976 422 οὔτε
1002 382 1101 435 παρὰ
1121 381 1337 436 φιλαργύρου

361 441 466 494 χάριν
488 442 538 481 δεῖ
560 444 689 491 ζητεῖν.

422 501 621 552 (Stobaeus
640 501 745 541 Flor.
769 501 817 548 X,
836 501 953 540 55-56
978 501 1201 554 Σωκράτους.
1219 501 1230 552 )

280 573 330 598 ⁴2.
362 560 410 598 Οἱ
436 560 477 599 τὸ
497 559 567 598 ἀπὸ
593 562 661 598 τῶν
684 561 839 613 αἰσχρῶν
861 558 981 612 κέρδος
1011 561 1057 603 εἷς
1088 560 1199 603 καλὰς
1220 558 1341 597 ἀναλί-

361 633 503 663 σκοντες
530 619 751 672 λειτουργίας
776 618 896 667 ὅμοιόν
931 635 964 657 τι
1002 624 1140 658 ποιοῦσι
1169 624 1240 661 τοῖς
1271 618 1341 657 ἀπὸ

368 677 585 731 ἱεροσυλείας
606 678 822 717 εὐσεῧοῦσιν.

422 739 641 790 (Antonius
662 751 700 777 et
722 738 917 776 Maximus
939 735 1066 774 Serui.
1087 735 1167 789 περὶ
1187 737 1336 775 πλεονε-

362 797 434 844 ξίας
455 811 491 850 p.
516 798 608 837 225.
628 800 638 850 )

280 874 329 899 42.
361 858 408 898 Οἱ
429 857 663 910 φιλάργυροι,
681 855 844 908 καθάπερ
868 854 1052 908 μαχαίρᾳ,
1066 856 1117 907 τῷ
1140 853 1205 907 βίῳ
1223 855 1339 907 χρῶν-

360 932 442 964 ται,
461 915 578 953 πάντα
596 918 775 957 ποιοῦντες
791 912 883 953 κατὰ
908 913 972 962 τὴν
990 913 1120 961 λαόήν.

418 974 608 1028 (Stobaeus
627 975 731 1013 Flor.
749 974 800 1025 X,
821 975 872 1024 59
889 972 1087 1025 Διογένους.
1108 975 1132 1025 )

277 1050 323 1075 44.
353 1034 401 1074 ‘H
419 1036 487 1072 τῶν
504 1032 667 1072 κολάκων
687 1031 804 1072 εὔνοια
825 1032 986 1086 καθάπερ
1005 1035 1045 1072 ἐκ
1067 1035 1199 1086 τροπῆς
1218 1031 1339 1087 φεύγει

357 1092 418 1137 τὰς
436 1091 599 1144 ἀτυχίας.

283 1164 328 1192 45.
360 1151 561 1204 Θηρεύουσι
586 1157 657 1195 τοῖς
690 1149 752 1202 μὲν
784 1150 884 1190 κυσὶν
919 1150 998 1195 τοὺς
1031 1151 1188 1202 λαγωοὺς
1216 1152 1247 1190 οἱ
1273 1167 1340 1190 κυ-

356 1211 478 1262 νηγοί,
516 1216 585 1255 τοῖς
621 1210 657 1250 δὲ
690 1211 841 1255 ἐπαίνοις
881 1210 960 1255 τοὺς
999 1210 1168 1258 ἀνοήτους
1205 1212 1236 1251 οἱ
1274 1210 1338 1250 κό-

357 1271 479 1314 λακες.

275 1345 322 1372 ⁴⁰.
354 1331 401 1370 Οἱ
423 1329 486 1381 μὲν
507 1329 608 1370 λύκοι
628 1335 699 1374 τοῖς
718 1328 834 1377 κυσίν,
857 1330 888 1368 οἱ
909 1328 944 1368 δὲ
969 1329 1116 1374 κόλακες
1139 1334 1209 1373 τοῖς
1226 1329 1338 1382 φίλοις

355 1388 450 1433 ὄντες
470 1388 582 1439 ὅμοιοι
602 1388 775 1439 ἀνομοίων
792 1390 1039 1440 ἐπιθυμοῦσιν.

410 1448 599 1501 (Stobaeus
634 1448 738 1488 Flor.
766 1447 868 1496 XIV,
902 1462 971 1496 21,
1006 1463 1072 1497 22,
1102 1449 1150 1486 23
1179 1448 1336 1500 Σωκρά-

355 1509 465 1559 τους.)

273 1581 321 1607 47.
355 1566 441 1606 Ἐπὶ
456 1570 518 1614 τῆς
527 1566 712 1611 κολακείας
724 1564 843 1619 ὥσπερ
854 1566 913 1605 ἐπὶ
932 1565 1118 1618 μνήματος
1131 1566 1217 1604 αὐτὸ
1233 1566 1336 1617 μόνον

354 1627 398 1677 τὸ,
413 1627 523 1678 ὄνομα
544 1630 607 1674 τῆς
627 1626 742 1679 φιλίας
762 1625 1035 1679 ἐπιγέγραπται.

406 1685 600 1736 (Stobaeus
622 1685 727 1726 Flor.
749 1685 853 1733 XIV,
881 1692 944 1731 14.
965 1684 1175 1737 Διογένους.)

272 1759 321 1787 43,
353 1743 411 1784 Τὰ
434 1743 497 1795 μὲν
519 1743 604 1789 ξύλα
623 1744 663 1783 τὸ
682 1747 753 1797 πῦρ
771 1742 920 1788 αὔξοντα
940 1745 999 1782 ὑπ’
1020 1745 1126 1783 αὐτοῦ
1145 1744 1335 1783 καταναλί-

354 1819 498 1851 σκεται,
519 1806 538 1842 ὁ
556 1803 592 1842 δὲ
618 1804 767 1847 πλοῦτος
797 1803 974 1858 ἐκτρέφων
999 1801 1078 1849 τοὺς
1101 1803 1255 1847 κόλακας
1275 1805 1335 1843 ὑπ’

353 1863 469 1901 αὐτῶν
488 1862 622 1901 τούτων
639 1862 893 1917 διαφθείρεται.

411 1922 604 1974 (Stobaeus
626 1922 729 1962 Flor.
758 1922 860 1971 XIV,
884 1937 908 1973 9
927 1925 967 1962 ἐκ
985 1925 1054 1962 τῶν
1075 1922 1334 1976 Ἀριστωνύμου

353 1980 564 2035 τομαρίων.)

271 2054 320 2079 ⁴9.
355 2041 429 2087 Τῆς
461 2040 662 2094 παῤῥησίας
693 2039 813 2094 ὥσπερ
847 2041 941 2095 ὥρας
975 2045 1009 2082 ἐν
1043 2044 1155 2095 καιρῷ
1182 2045 1205 2090 ἡ
1232 2041 1335 2095 χάρις

351 2100 475 2147 ἡδίων.

271 2173 321 2199 5ο.
353 2158 447 2198 Οὔτε
470 2158 652 2211 μάχαιραν
674 2158 864 2210 ἆμὸλεῖαν,
888 2158 967 2199 οὔτε
989 2160 1192 2213 παρρησίαν
1214 2159 1334 2213 ἄπρα-

352 2233 432 2256 κτον
450 2216 544 2270 ἔχειν
563 2218 625 2256 δεῖ.

274 2291 322 2316 51.
353 2274 479 2315 Ἔστιν
498 2274 618 2329 ὥσπερ
634 2274 789 2329 τρίὸωνα
813 2276 967 2330 ῥυπαρὸν
990 2277 1238 2330 ἀμπεχόμενον
1258 2278 1334 2316 εὖε-

313 2393 364 2424 41.
391 2393 501 2432 Neque
517 2399 536 2423 a
550 2393 680 2424 mortuo
694 2390 892 2433 colloquium
912 2401 1017 2432 neque
1037 2392 1078 2424 ab
1091 2401 1191 2424 avaro
1210 2392 1330 2426 benefi-

272 2449 358 2482 cium
375 2449 548 2491 petendum
570 2450 632 2483 est.

314 2511 366 2542 42.
391 2508 454 2547 Qui
480 2508 610 2541 tucrum
643 2508 781 2551 turpiter
809 2509 933 2543 sactum
955 2510 997 2543 ad
1023 2510 1156 2544 honesta
1183 2512 1215 2543 in
1236 2511 1332 2544 rebus

273 2569 407 2611 publicis
430 2569 609 2602 ministeria
627 2570 820 2612 conferunt,
833 2570 938 2603 simile
953 2571 1032 2613 quid
1058 2571 1184 2605 faciunt
1198 2571 1262 2605 illis
1277 2573 1331 2614 qui

273 2628 437 2669 sacrilegia
453 2628 493 2660 ad
514 2629 667 2670 pietatem
684 2630 717 2663 et
734 2629 920 2671 religionem
934 2632 1140 2664 convertunt.

315 2691 368 2722 43.
392 2688 491 2721 Avari
517 2689 582 2722 vita
600 2698 659 2722 sua
676 2691 829 2732 tanquam
848 2691 955 2732 gladio
977 2693 1119 2725 utuntur
1141 2691 1250 2725 oblata
1278 2692 1331 2725 loe-

272 2748 369 2781 dendi
387 2757 465 2780 ansa
480 2748 560 2781 nihil
575 2757 639 2781 non
664 2749 825 2783 facientes.

316 2808 369 2839 44.
394 2805 605 2839 Adulatorum
627 2807 851 2841 benevolentia
867 2809 957 2850 quasi
970 2809 1070 2851 tergis
1089 2809 1193 2843 versis
1211 2809 1330 2851 impro-

273 2875 400 2908 speram
415 2866 578 2900 fortunam
599 2868 690 2909 rugit.

314 2927 369 2958 45.
390 2926 529 2966 Lepores
544 2925 674 2966 quidem
692 2926 825 2960 canibus
839 2929 1008 2962 venatores
1024 2928 1174 2972 capiunt3
1190 2930 1334 2963 assenta-

276 2987 359 3018 tores
374 2986 484 3018 autem
501 2985 634 3018 stolidos
653 2985 803 3019 laudibus
819 2987 997 3028 pelliciunt.

316 3046 367 3077 46.
392 3044 474 3085 Lupi
492 3053 594 3085 quum
610 3043 674 3077 sint
687 3045 821 3078 canibus
835 3046 971 3088 similes,
983 3049 1195 3081 assentatores
1207 3048 1331 3090 amiciS,

275 3102 442 3136 dissimilia
458 3105 568 3136 tamen
586 3103 694 3136 studia
713 3107 906 3146 sequuntur.

317 3164 370 3195 47.
393 3162 432 3195 In
445 3162 661 3196 assentatione
675 3163 762 3196 velut
773 3164 922 3205 sepulcro
932 3164 1036 3198 solum
1050 3165 1202 3199 amicitiae
1213 3175 1331 3200 nomen

275 3221 463 3262 inscriptum
483 3222 544 3255 est.

316 3283 369 3313 48.
393 3280 491 3321 Ligna
511 3279 590 3312 dum
610 3282 727 3322 augent
745 3281 850 3323 ignem
872 3282 915 3315 ab
940 3282 1010 3325 ipso
1031 3283 1235 3326 hauriuntur,
1255 3294 1334 3327 opes

275 3339 385 3383 autern
403 3337 484 3371 dum
499 3338 593 3371 alunt
607 3338 792 3373 adulatores
806 3341 849 3374 ab
861 3341 938 3383 ipsis
958 3345 1205 3379 consumuntur.

316 3400 370 3431 49.
389 3395 513 3431 Liberae
529 3397 667 3431 orationi
679 3401 715 3431 ut
732 3400 869 3442 tempori
885 3400 1012 3434 occasio
1029 3401 1182 3443 majorem
1196 3403 1331 3444 gratiam

273 3455 435 3490 concinat.

318 3519 369 3549 5ο.
392 3517 504 3557 Neque
520 3516 661 3558 gladium
678 3517 850 3560 obtusum,
865 3527 970 3560 neque
984 3519 1132 3561 loquendi
1150 3520 1332 3554 libertatem

273 3571 467 3606 inefficacem
487 3574 581 3607 nobis
597 3583 666 3608 esse
680 3574 784 3609 decet.

1489 387 1599 429 κτείν,
1616 382 1745 421 οὑτωσὶ
1764 383 1825 422 καὶ
1842 385 1917 436 βίον
1934 384 2061 438 ἔχοντα
2081 385 2245 439 πενιχρὸν
2266 387 2464 442 παῤῥησιάν

1487 443 1620 486 ζεσθαι.

1405 512 1456 538 52.
1488 498 1583 539 Οὔτε
1600 501 1639 538 ἐκ
1659 505 1719 540 τοῦ
1735 500 1870 553 κόσμου
1887 503 1945 541 τὸν
1965 503 2062 551 ἥλιον
2080 502 2158 542 οὔτε
2175 505 2215 543 ἐκ
2231 507 2292 553 τῆς
2305 504 2466 552 παιδείας

1485 558 1608 611 ἀρτέον
1629 558 1693 605 τὴν
1710 561 1925 612 παῤῥησίαν.

1544 612 1732 662 (Stobaeus
1766 614 1870 655 Flor.
1898 615 2007 665 XIII,
2035 618 2100 664 46,
2133 623 2199 666 47,
2223 619 2289 666 48,
2309 625 2360 670 49
2380 620 2463 659 Σω-

1485 671 1664 724 κράτους.)

1402 746 1452 770 53.
1484 731 1625 784 ιὨσπερ
1641 732 1682 771 τὸ
1701 731 1784 783 μέλι
1802 732 1846 772 τὰ
1860 733 2048 785 ἡλκωμένα
2070 734 2207 783 δάκνει,
2225 737 2295 780 τοῖς
2313 735 2348 775 δὲ
2368 737 2462 776 κατὰ

1484 790 1586 845 φύσιν
1625 792 1691 839 ἡδύ
1733 795 1842 842 ἐστιν,
1895 792 1986 833 οὕτω
2020 795 2080 833 καὶ
2120 796 2152 834 οἱ
2185 796 2225 835 ἐκ
2259 797 2467 850 φιλοσοφίας

1483 851 1595 904 λόγοι.

1538 911 1731 964 (Stobaeus
1746 911 1850 953 Flor.
1866 912 1982 960 XIII,
1995 913 2044 951 23
2060 914 2100 951 ἐκ
2116 915 2185 952 τῶν
2202 913 2463 968 Ἀριστωνύμου

1483 971 1691 1023 τομαρίων.)

1401 1043 1450 1084 st.
1484 1029 1530 1071 ‘O
1547 1034 1617 1070 τῶν
1633 1030 1857 1084 φιλαργύρων
1872 1031 1945 1084 βίος
1959 1030 2049 1070 ἔοικε
2060 1036 2181 1087 νεκροῦ
2196 1032 2337 1087 δείπνῳ·
2349 1033 2464 1073 πάντα

1483 1091 1553 1144 γὰρ
1573 1091 1664 1144 ἔχων
1682 1091 1741 1131 τὸν
1763 1092 2032 1144 εὐφραινόμενον
2053 1093 2116 1131 οὐκ
2135 1092 2221 1146 ἔχει.

1539 1152 1730 1203 (Stobaeus
1748 1151 1852 1193 Flor.
1872 1152 1974 1200 XVI,
1995 1167 2043 1201 27
2067 1153 2308 1206 Σωκράτους.)

1401 1226 1451 1252 55.
1484 1212 1610 1257 Οὕτως
1630 1212 1714 1251 ἔνιοι
1732 1213 1848 1257 αὑτοῖς
1870 1214 2012 1252 δοκοῦσι
2032 1213 2233 1267 φιλοσοφεῖν
2252 1216 2300 1258 ὡς
2316 1213 2377 1253 καὶ
2394 1214 2463 1262 νή-

1481 1287 1557 1326 φειν
1580 1274 1610 1312 οἱ
1634 1270 1833 1322 μεθύοντες.

1537 1330 1730 1382 (Stobaeus
1748 1331 2011 1380 F101·.XX111‚
2030 1346 2050 1379 7
2067 1332 2106 1370 ἐκ
2118 1334 2188 1370 τῶν
2205 1330 2465 1385 Ἀριστωνύμου

1481 1389 1694 1443 τομαρίων.)

1401 1461 1450 1489 56.
1482 1447 1530 1488 Ἦ
1566 1448 1628 1500 μὲν
1652 1448 1756 1496 ἐσθὴς
1789 1449 1853 1496 τὴν
1887 1448 2097 1503 ἀρρυθμίαν,
2122 1451 2144 1496 ἡ
2180 1449 2217 1488 δὲ
2251 1448 2369 1489 εὔνοια
2398 1450 2464 1498 τὴν

1427 1522 1430 1526 ’
1481 1508 1660 1560 ἁμαρτίαν
1680 1509 1915 1561 περιστέλλει.

1540 1566 1730 1617 (Stobaeus
1747 1568 1852 1608 Flor.
1871 1567 2070 1615 XXXVII,
2090 1582 2139 1616 27
2162 1567 2404 1622 Σωκράτους.)

1399 1639 1449 1666 57.
1482 1626 1679 1678 Σωκράτης
1722 1626 1780 1665 τὸν
1818 1626 1940 1680 φθόνον
1982 1618 2079 1665 εἶπεν
2132 1625 2232 1671 ἕλκος
2275 1621 2364 1666 εἶναι
2399 1632 2463 1676 τῆς

1479 1685 1611 1736 ψυχῆς.

1398 1757 1447 1782 58.
1479 1743 1533 1782 Τὸ
1553 1747 1615 1791 τῆς
1632 1742 1732 1792 δόξης
1754 1743 1884 1787 κάλλος
1903 1743 2024 1795 ὥσπερ
2045 1742 2114 1782 ὑπὸ
2135 1743 2238 1783 νόσου
2258 1748 2321 1784 τοῦ
2337 1745 2463 1800 φθόνου

1477 1802 1568 1855 ταχὺ
1592 1803 1816 1856 μαραίνεται.

1535 1862 1722 1914 (Stobaeus
1757 1863 1863 1904 Flor.
1891 1861 2103 1912 XXXVIII,
2131 1864 2198 1915 48,
2228 1865 2276 1910 34
2306 1865 2462 1917 Σωκρά-

1478 1924 1586 1975 τους.)

1396 1995 1443 2022 59.
1473 1983 1558 2026 Τοῖς
1578 1981 1641 2033 μὲν
1668 1981 1725 2021 διὰ
1755 1987 1814 2022 τοῦ
1836 1981 1937 2030 ἡλίου
1955 1981 2204 2036 πορευομένοις
2223 1981 2348 2022 ἕπεται
2380 1986 2463 2022 κατ’

1479 2042 1637 2093 ἀνάγκην
1664 2041 1768 2090 σκιά,
1788 2045 1860 2086 τοῖς
1888 2041 1924 2080 δὲ
1956 2042 2013 2080 διὰ
2045 2043 2108 2088 τῆς
2140 2040 2239 2089 δόξης
2260 2041 2461 2094 βαδίζουσιν

1477 2102 1659 2140 ἀκολουθεῖ
1676 2101 1810 2155 φθόνος.

1531 2160 1729 2212 (Stobaeus
1749 2159 1854 2199 Flor.
1876 2158 2091 2208 XXXVIII,
2111 2160 2160 2198 35
2183 2159 2425 2213 Σωκράτους.)

1398 2232 1448 2259 60.
1479 2218 1525 2259 ‘O
1547 2219 1668 2273 φθόνος
1689 2217 1809 2271 ὥσπερ
1840 2220 1969 2272 φαῦλος
2002 2219 2213 2272 δημαγωγὸς
2235 2225 2312 2264 ταῖς
2335 2219 2474 2263 καλαῖς.

1481 2278 1783 2317 ἀντιπολιτεύεται
1802 2278 1986 2332 πράξεσιν.

1443 2396 1493 2426 51.
1518 2394 1608 2427 Sicut
1624 2393 1757 2435 pallium
1776 2394 1945 2426 sordidum
1962 2394 2099 2435 gestanti
2128 2393 2214 2426 bono
2238 2393 2382 2435 corporis
2400 2394 2457 2426 ha·

1395 2452 1463 2485 bitu
1495 2462 1580 2494 esse,
1616 2453 1661 2486 ita
1697 2454 1830 2495 pauperi
1864 2453 1961 2486 etiam
2002 2453 2099 2486 libere
2134 2454 2167 2486 et
2202 2453 2340 2495 ingenue
2369 2452 2460 2494 loqui

1394 2511 1481 2545 licet.

1436 2576 1488 2605 52.
1514 2573 1626 2614 Neque
1645 2581 1664 2606 e
1684 2571 1807 2605 mundo
1824 2572 1872 2605 sol
1892 2581 1997 2614 neque
2013 2581 2032 2605 e
2047 2571 2169 2605 liberali
2188 2571 2368 2605 eruditione
2382 2571 2459 2606 tibe-

1395 2632 1461 2664 rior
1477 2641 1583 2666 sermo
1598 2632 1761 2666 tollendus
1774 2635 1833 2665 est.

1438 2694 1490 2724 53.
1514 2693 1559 2724 Ut
1579 2692 1643 2724 mel
1666 2692 1850 2725 exulcerata
1881 2690 2027 2731 mordet,
2045 2690 2175 2723 naturae
2188 2690 2456 2724 convenientibus
2502 2686 2506 2691 ”

1395 2758 1496 2783 suave
1511 2753 1560 2784 est
1576 2763 1584 2783 ε
1603 2750 1647 2783 ita
1664 2751 1761 2783 etiam
1781 2758 1947 2783 sermones
1967 2749 2191 2791 philosophici.

1438 2811 1490 2842 54.
1514 2811 1696 2841 Avarorum
1729 2809 1795 2842 vita
1825 2809 1938 2841 similis
1963 2810 2012 2841 est
2038 2808 2161 2840 funebri
2191 2803 2286 2849 epulo
2315 2818 2324 2840 :
2347 2806 2455 2840 omnia

1394 2868 1479 2902 enim
1497 2878 1599 2910 quum
1619 2868 1755 2908 habeat,
1770 2868 1881 2901 laelum
1899 2869 2064 2900 hominem
2083 2876 2146 2899 non
2163 2866 2269 2899 habet.

1439 2933 1490 2961 55.
1513 2927 1666 2962 Nonnulli
1681 2936 1746 2960 non
1762 2936 1858 2960 secus
1873 2927 1934 2960 sibi
1951 2926 2101 2959 videntur
2121 2924 2336 2968 philosophari
2357 2927 2458 2967 atque

1395 2987 1475 3020 ebrii
1491 2996 1562 3020 esse
1578 2986 1688 3020 sobrii.

1438 3050 1490 3080 56.
1514 3046 1622 3080 Vestis
1646 3045 1777 3088 quidem
1803 3045 1947 3086 corporis
1975 3043 2202 3083 vitiositatem,
2229 3042 2452 3076 benevolentia

1395 3115 1471 3140 vero
1489 3109 1657 3148 peccatum
1670 3105 1803 3146 obtegit.

1437 3169 1489 3200 57.
1510 3167 1664 3199 Socrates
1681 3164 1843 3198 invidiam-
1852 3163 1951 3196 animi
1968 3162 2060 3195 ulcus
2078 3171 2151 3195 esse
2169 3161 2262 3194 dixit.

1438 3228 1491 3258 58.
1515 3225 1633 3259 Gloriae
1645 3222 1853 3267 pulchritudo
1867 3221 1988 3255 invidia
2002 3225 2155 3262 tanquam
2168 3219 2280 3252 morbo
2295 3219 2360 3252 cito
2371 3226 2455 3252 mar·

1394 3285 1503 3318 cescit.

1434 3348 1489 3378 59.
1513 3346 1550 3378 ln
1578 3344 1647 3379 sole
1676 3341 1879 3376 ambutantes
1911 3339 2090 3372 necessario
2121 3337 2295 3370 comitatur
2315 3335 2451 3376 umbra,

1394 3403 1504 3444 gloriae
1532 3412 1611 3437 vero
1639 3401 1780 3443 vestigiis
1808 3399 2022 3441 ingredientes
2044 3398 2194 3431 comitem
2223 3395 2341 3428 babent
2366 3394 2450 3427 invi-

1393 3460 1495 3494 diam.

1436 3525 1487 3554 60.
1512 3520 1636 3553 Invidia
1652 3521 1805 3561 tanquam
1820 3518 1922 3550 malus
1935 3516 2141 3550 concionator
2158 3513 2300 3547 honestis
2315 3511 2448 3545 actioni·

1393 3579 1452 3612 bus
1469 3579 1614 3612 obsistit.

2597 2545 2604 2554 α
2595 2487 2605 2511 u.
2595 2455 2605 2480 σε..
2588 2351 2605 2446 <.·';..-;;.¹.·..2-
2594 2323 2605 2341 f:
2588 2181 2605 2312 *ther-dee·
2590 2089 2612 2169 “gt-{⁵⁶³¹
2594 1999 2612 2079 :vemt-ur«
2598 1986 2600 1990 ν
2598 1955 2612 1973 ‘i
2594 1916 2600 1937 ¹³⁴
