2612 3814
0 0 49 171 *Em

34 50 38 53 ¹
33 34 36 38 ’
36 11 46 21 Q

57 0 64 3 <

20 1067 25 1076 K
15 1038 23 1051 ,
0 173 25 1018 ww*tf-tv**afflwczwx‘saemfflawvss*¹³:³02*

30 3446 35 3453 .
18 3401 40 3411 ‘j
14 3363 39 3378 ᾗ
2 3043 45 3351 ξὶιὲεφζίκῄ-ἐύῗῆιῇῖὲδ
18 2999 41 3027 j*
6 2911 30 2946 ’·Γῖ
14 2871 16 2873 ’
10 2783 34 2857 ’.·<’<;’”ι.

738 223 1163 265 ·ηῡιεΡυΤΑΤιοΝΕε
1193 223 1262 263 m:
1291 223 1541 276 MELISSO,
1573 224 1687 265 arc.
2230 245 2306 279 273

129 319 288 357 vociuus
311 330 355 355 ac
374 316 508 354 formis
521 328 802 365 nonnunquam
819 316 1058 353 recentiores
1074 316 1186 353 locu-

127 380 250 416 tiones
269 377 508 414 admisceret.
525 377 749 413 Proximum
763 376 820 411 illi
836 375 1061 425 apographo
1078 381 1186 411 aetate

123 446 165 476 ct
187 438 362 476 bonitate
387 436 430 473 id
455 436 637 486 ponimus
665 435 876 485 exemplar,
901 435 1010 485 quod
1029 436 1070 472 in
1090 448 1185 472 con-

123 496 288 535 ficienda
312 497 631 546 interpretatione
666 495 697 534 F
700 496 882 533 elicianus
910 497 1002 533 olim
1034 503 1185 533 secutus

122 564 192 596 est.
215 555 342 607 Hujus
369 563 499 593 autem
518 557 786 606 interpretatio
816 556 871 593 ita
886 569 985 606 saepe
1005 556 1186 606 congruit

119 629 210 654 oum
229 617 331 664 libro
352 617 542 666 Lipsiensi
557 644 569 667 ,
586 623 631 652 ut
643 616 772 666 prima
787 617 914 666 specie
934 617 1184 666 interpretem

120 676 196 713 hoc
224 676 309 727 ipso
340 676 477 713 codice
504 689 616 713 usum
651 688 732 713 esse
762 676 969 726 conjicias,
999 676 1067 714 sed
1101 677 1183 713 aliis

121 735 215 772 locis
238 736 294 772 ita
314 735 506 784 discrepat
523 748 545 772 a
559 735 748 785 Lipsiensi
763 736 983 783 volumine,
1000 742 1043 772 ut
1058 735 1182 772 diver-

116 808 204 833 sum
219 797 268 834 ab
283 797 360 834 hoc
376 795 458 844 ejus
474 796 692 846 exemplum
711 795 826 832 fuisse
841 802 984 845 pateat.
1006 794 1073 834 Est
1087 808 1180 832 vero

119 857 320 906 utriusque
340 856 541 894 diversitas
568 856 608 892 in
631 868 679 893 eo
698 856 823 905 posita
836 883 847 902 ,
870 854 978 904 quod
997 855 1181 892 Feliciani

116 916 244 954 codex
280 917 484 965 aliquoties
532 928 621 952 cum
661 914 921 952 deterioribus
963 915 1178 960 consentit,

116 987 419 1025 nonnunquam,
447 975 514 1013 sed
544 975 692 1025 rarius,
731 974 804 1024 ipsi
835 973 1024 1022 Lipsiensi
1054 973 1181 1010 incor-

118 1043 232 1085 rupta
260 1037 460 1086 scripturae
479 1036 656 1072 bonitate
682 1040 721 1071 et
754 1033 984 1082 antiquitate
1012 1039 1178 1082 praestat.

119 1094 275 1144 Reliqui
301 1095 457 1133 codices
471 1122 482 1141 ,
503 1108 600 1144 quos
615 1094 779 1132 contulit
796 1093 992 1131 Bekkerus
1007 1122 1019 1142 ‚
1037 1093 1176 1130 Palati-

113 1168 186 1192 nus
214 1156 414 1193 Vaticanus
437 1155 508 1192 162
534 1154 641 1204 (BQ),
671 1155 873 1192 Vaticanus
912 1153 1012 1190 1302
1049 1151 1175 1204 (RK),

114 1214 280 1252 Urbinas
304 1214 376 1251 108
403 1213 506 1264 (ΨΚ),
539 1214 721 1250 Marciani
742 1212 941 1262 200·(Q⁸-),
956 1211 1033 1249 215
1062 1211 1174 1263 (N⁰.),

114 1273 198 1319 216,
223 1272 310 1324 (0³.)
341 1280 380 1311 et
406 1273 684 1311 Laurentianus
720 1271 787 1320 87.
813 1284 860 1308 21
892 1268 981 1323 (2².)
1012 1271 1064 1308 ob
1084 1272 1177 1308 vitia

114 1333 194 1371 fere
207 1333 506 1372 innumerabilia
521 1333 663 1369 nullius
683 1332 734 1369 ad
750 1331 988 1369 restituenda
1006 1331 1176 1381 philoso-

113 1393 183 1442 phi
213 1393 334 1430 verba
368 1393 557 1429 momenti
587 1399 699 1442 sunt,
732 1403 968 1442 quamquam
990 1391 1032 1427 in
1054 1391 1176 1428 tribus

113 1452 311 1503 prioribus
342 1452 521 1501 quaedam
544 1451 756 1488 emendatae
795 1452 983 1488 orationis
1016 1451 1176 1500 vestigia

111 1519 344 1551 manserunt.
366 1511 470 1560 Quid
498 1510 745 1547 statuendum
774 1511 822 1547 sit
843 1510 891 1547 de
922 1511 989 1546 illo
1014 1510 1172 1560 codice,

110 1572 180 1623 ‹in
200 1571 442 1610 Vindobonae
464 1572 504 1607 in
526 1571 767 1607 Bibliotheca
785 1569 954 1609 Caesarea
978 1583 1081 1607 nunc
1105 1583 1174 1607 ex-

112 1638 206 1678 stat,
231 1638 348 1680 atque
381 1630 475 1666 olim
505 1630 664 1666 Joannis
693 1630 850 1666 Joviani
879 1628 1047 1666 Pontani
1074 1628 1172 1674 fuit,

111 1696 322 1741 propterea
341 1702 423 1727 non
450 1690 595 1738 liquet,
622 1690 713 1738 quia
732 1689 909 1726 nondum
933 1702 954 1726 a
974 1700 1174 1738 quoquam

107 1763 286 1788 excussus
303 1757 372 1799 est.v
390 1751 447 1786 De
466 1747 542 1786 hoc
562 1761 690 1798 pauca
703 1750 933 1786 Lambecius
953 1750 1169 1789 Comment.

110 1810 159 1847 de
175 1809 274 1848 Bibl.
299 1809 389 1847 Caes.
408 1815 500 1847 tom.
523 1810 593 1845 VII
617 1821 660 1858 p.
687 1808 763 1845 215
785 1809 848 1847 ed.
872 1809 1021 1847 Kollar.
1041 1807 1173 1858 prodi-

109 1870 180 1908 dit.
204 1869 432 1907 chartaceus
450 1875 506 1904 est
528 1875 566 1905 et
585 1869 921 1918 quinquagesimus
940 1875 1066 1905 sextus
1091 1867 1172 1916 ejus

109 1930 233 1967 classis
262 1941 346 1977 quae
398 1927 720 1977 philosophorum
767 1940 982 1976 graecorum
1026 1927 1173 1977 scripta

109 1989 397 2039 complectitur,
419 1995 570 2025 constat
589 1994 715 2024 autem
739 1987 844 2024 foliis
862 1995 1016 2025 centum
1046 1999 1171 2024 nona-

108 2050 215 2100 ginta
234 2048 406 2097 quinque
423 2059 467 2084 ac
485 2053 625 2097 praeter
637 2048 708 2084 alia
726 2059 747 2084 a
766 2047 832 2085 fol.
860 2048 933 2085 160
949 2061 990 2097 p.
1018 2060 1033 2083 1
1051 2059 1172 2096 usque

109 2107 159 2145 ad
180 2106 248 2145 fol.
269 2104 339 2142 181
362 2118 402 2154 p.
430 2117 446 2141 1
467 2105 572 2141 hunc
587 2131 598 2151 ,
629 2104 676 2141 de
697 2117 776 2153 quo
797 2105 936 2154 agitur,
960 2105 1172 2142 Aristotelis

110 2162 254 2200 librum
274 2165 462 2203 continet.
488 2166 630 2202 Verum
651 2176 770 2212 quum
797 2176 844 2200 ex
863 2165 907 2200 iis
927 2177 1012 2213 quae
1035 2165 1076 2200 in
1103 2177 1168 2201 ex-

113 2229 237 2260 tremo
257 2222 354 2260 folio
374 2236 497 2273 graece
515 2216 555 2260 et
570 2223 688 2260 latine
703 2223 846 2272 scripta
864 2231 953 2260 sunt
973 2230 1170 2274 appareat,

109 2284 304 2333 exemplar
322 2296 422 2321 anno
443 2291 530 2333 post
548 2283 640 2323 Chr.
659 2296 700 2322 n.
724 2283 839 2329 1458,
862 2283 903 2320 id
919 2291 996 2334 est,
1020 2284 1171 2321 duobus

110 2344 253 2380 saeculis
268 2349 357 2393 post
375 2344 570 2393 Lipsiense
593 2350 791 2380 exaratum
809 2355 909 2393 esse,
926 2344 990 2379 vix
1006 2350 1170 2393 putave-

110 2405 184 2440 rim
215 2405 380 2442 multum
410 2405 505 2441 lucis
526 2404 617 2441 inde
646 2404 862 2441 Aristotelis
898 2405 1029 2441 libello
1058 2417 1170 2455 posse

109 2463 261 2511 afferri,
296 2466 365 2501 etsi
398 2464 596 2501 Kollarius
627 2465 668 2500 in
691 2465 941 2501 adnotatione
970 2466 1044 2511 ait,
1064 2466 1169 2501 hunc

108 2523 287 2560 codicem
323 2531 486 2574 propter
529 2523 694 2560 Pontani
727 2526 967 2574 conjecturas
1004 2525 1170 2574 margini

106 2584 293 2633 ascriptas
310 2583 450 2620 futuris
470 2583 685 2620 editoribus
706 2583 1057 2620 commendandum
1078 2596 1167 2621 esse.

106 2643 185 2680 Sed
200 2644 289 2680 satis
306 2643 355 2680 de
371 2643 477 2679 libris
492 2643 637 2679 calamo
652 2643 814 2692 scriptis.

163 2703 211 2739 In
239 2702 512 2752 componendo
538 2703 812 2738 commentario
839 2702 879 2738 id
902 2702 1093 2751 spectavi,
1123 2709 1168 2738 ut

108 2762 279 2810 primum
296 2768 478 2811 corrupta
492 2762 725 2811 corrigerem
738 2789 748 2807 ,
772 2762 910 2799 deinde
927 2774 1012 2810 quae
1031 2760 1170 2798 diffici-

109 2821 159 2858 lia
185 2821 409 2858 viderentur
435 2821 605 2858 breviter
648 2822 892 2871 explicarem.
921 2821 1037 2870 Quod
1066 2834 1169 2870 quo-

111 2880 230 2917 modo
254 2881 449 2918 effecerim
467 2882 532 2917 alii
547 2880 791 2929 judicabunt.

164 2941 332 2977 Transeo
351 2941 402 2977 ad
424 2942 674 2988 quaestionem
697 2953 815 2976 unam
834 2940 1006 2977 omnium
1023 2941 1170 2990 gravis-

107 2999 245 3035 simam
275 2999 324 3036 de
343 2999 465 3036 libelli
481 2999 595 3047 hujus
621 3007 783 3037 auctore
802 3012 846 3037 ac
868 3000 916 3036 de
933 2997 1170 3049 singularum

110 3059 279 3108 partium
295 3059 625 3109 inscriptionibuS.
646 3060 837 3109 Diogenes
851 3060 1026 3097 Laertius
1050 3061 1095 3109 V,
1120 3058 1168 3096 25

55 3126 58 3131 ·
112 3118 153 3154 in
171 3118 299 3155 indice
317 3119 551 3168 scriptorum
575 3118 899 3156 Aristoteleorum
913 3119 994 3155 haec
1020 3130 1171 3155 memo-

109 3185 173 3214 rat
191 3188 202 3215 τ
232 3175 318 3228 πρὸς
336 3176 381 3215 τὰ
404 3176 584 3216 Μελίσσου
615 3175 661 3224 α’,
678 3176 767 3230 πρὸς
789 3178 835 3216 τὰ
861 3175 1102 3228 Ἀλκμαίωνος
1122 3177 1169 3228 α’,

107 3233 200 3287 πρὸς
218 3234 297 3279 τοὺς
323 3235 583 3290 Πυθαγορείους
616 3235 669 3284 α’,
699 3236 786 3289 πρὸς
804 3236 849 3276 τὰ
869 3234 1088 3289 Ξενοφάνους
1115 3234 1168 3283 α’,

114 3293 199 3347 πρὸς
230 3293 276 3332 τὰ
310 3294 474 3342 Ζήνωνος
509 3294 565 3344 α’,
597 3304 636 3334 et
671 3298 897 3347 Anonymus
926 3297 1172 3345 Menagianus

111 3367 202 3404 pag.
221 3368 294 3392 201
319 3355 382 3394 ed.
404 3356 586 3395 Meibom.
611 3369 619 3393 z
646 3355 733 3409 πρὸς
751 3355 797 3395 τὰ
816 3355 998 3395 Μελίσσου
1020 3354 1068 3402 α’,
1088 3354 1173 3407 πρὸς

113 3411 159 3451 τὰ
173 3411 412 3464 Ἀλκμαίωνος
430 3412 478 3461 α’,
491 3413 572 3466 περὶ
594 3417 664 3453 τῶν
683 3414 932 3468 Πυθαγορείων
956 3414 1006 3462 α’,
1025 3414 1109 3466 πρὸς
1126 3413 1172 3452 τὰ

115 3471 278 3523 Γοργίου.
301 3473 392 3522 Quae
410 3486 468 3511 res
489 3473 570 3522 jam
590 3476 739 3525 pridem
762 3489 807 3513 eo
829 3477 947 3513 valuit
963 3505 972 3522 ,
994 3482 1038 3512 ut
1057 3487 1170 3525 opus-

110 3533 244 3571 culum
268 3532 376 3582 quod
395 3533 443 3570 ad
468 3541 636 3590 nostram
660 3536 884 3573 memoriam
915 3542 1172 3585 propagatum

284 3604 401 3627 I‘fflLOS.
421 3606 521 3630 GEs-EC·

1250 321 1304 352 est
1327 314 1543 352 Aristotelis
1570 327 1649 351 esse
1670 315 1965 353 existimaretur.
1988 318 2039 352 At
2067 316 2212 354 codicis
2236 320 2315 356 Va-

1249 375 1368 412 ticani
1403 375 1517 425 (Ra),
1539 375 1601 412 cui
1632 375 1885 424 Theophrasti
1913 388 2057 412 nomen
2086 377 2313 428 inscriptum

1246 442 1324 482 est,
1354 435 1562 472 auctoritas
1581 434 1738 471 videtur
1766 434 1942 481 obstare,
1977 436 2050 471 etsi
2081 437 2310 489 Lipsiensis,

1246 494 1420 531 omnium
1458 495 1581 532 instar
1608 493 1846 542 judicandus
1863 523 1874 542 ‚
1912 494 2128 531 Aristotelis
2171 509 2313 535 nomen

1244 544 1404 606 singulis
1428 554 1605 605 partibus
1625 554 1852 604 impositum
1873 554 2040 591 exhibet.
2067 556 2160 602 Quae
2191 569 2312 605 quum

1243 615 1297 652 ita
1316 627 1354 652 se
1372 613 1554 663 habeant,
1575 613 1794 651 Brandisius
1813 614 1913 651 Hist.
1929 613 2025 662 phil.
2043 612 2111 652 Gr.
2135 621 2173 651 et
2192 616 2310 655 Rom.

1245 676 1323 712 vol.
1351 677 1370 712 I
1388 688 1428 725 p.
1452 674 1530 713 358
1552 675 1689 714 adnot.
1710 674 1812 711 hunc
1834 674 2154 711 commentarium
2182 676 2312 713 Theo·

1244 735 1402 785 phrasto
1429 735 1620 772 attribuit.
1643 736 1771 783 Atque
1802 740 1918 771 erunt
1938 733 2098 771 fortasse
2128 734 2196 783 qui
2228 734 2311 783 ejus

1242 796 1499 845 suspicionem
1528 793 1750 832 confirmari
1783 794 2021 831 arbitrentur
2051 806 2188 831 eorum
2226 808 2310 844 quae

1243 855 1459 904 Simplicius
1472 853 1523 891 ad
1536 854 1751 892 Aristotelis
1765 851 1918 903 Physic.
1940 854 2007 893 sol.
2029 853 2067 890 6.
2088 866 2123 890 a.
2147 866 2167 891 e
2184 854 2310 892 Theo·

1241 915 1398 964 phrasto
1429 914 1541 951 affert
1571 926 1662 951 cum
1690 920 1823 950 nostro
1872 912 2003 950 libello
2042 913 2307 955 similitudine.

1241 975 1306 1012 Ait
1339 975 1457 1025 igitur
1476 974 1694 1023 Simplicius
1723 984 1732 1011 τ
1755 970 1852 1011 Μίαν
1879 970 1916 1010 δὲ
1942 971 2007 1018 τὴν
2034 971 2149 1024 ἀρχὴν
2170 971 2250 1020 ἤτοι
2270 972 2307 1012 ἓν

1240 1032 1280 1071 τὸ
1300 1031 1337 1071 ὃν
1367 1032 1427 1071 καὶ
1447 1038 1520 1071 πᾶν
1540 1031 1602 1071 καὶ
1630 1031 1710 1070 οὔτε
1731 1030 2004 1084 πεπερασμένον
2035 1030 2116 1070 οὔτε
2137 1031 2304 1086 ἄπειρον,

1240 1091 1320 1131 οὔτε
1346 1106 1550 1142 κινουμενον
1579 1090 1657 1130 οὔτε
1679 1092 1835 1143 ἠρεμοῦν
1870 1089 2077 1144 Ξενοφάνην
2097 1090 2156 1130 τὸν
2188 1093 2306 1131 Κολο-

1240 1150 1366 1204 φώνιον
1386 1150 1445 1190 τὸν
1468 1150 1698 1203 Παρμενίδου
1713 1149 1927 1189 διδάσκαλον
1948 1150 2177 1190 ὑποτίθεσθαί
2199 1167 2304 1206 φησιν

1238 1213 1256 1249 ὁ
1283 1210 1515 1264 Θεόφραστος
1549 1210 1732 1262 ὁμολογων
1766 1208 1888 1262 ἑτέρας
1908 1203 1999 1248 εἶναι
2033 1211 2170 1261 μᾶλλον
2193 1209 2216 1258 ἢ
2238 1213 2303 1259 τῆς

1237 1269 1319 1323 περὶ
1339 1269 1477 1324 φύσεως
1509 1267 1667 1322 ἱστορίας
1686 1267 1752 1315 τὴν
1784 1267 1930 1319 μνήμην
1950 1270 2014 1315 τῆς
2032 1267 2157 1308 τούτου
2184 1268 2300 1319 δόξης.

1238 1331 1387 1380 Quibus
1406 1330 1534 1367 verbis
1552 1329 1750 1379 subjungit
1767 1329 1848 1366 haec
1866 1340 1876 1367 :
1902 1325 1951 1365 α’.
1974 1327 2028 1367 Τὸ
2045 1328 2114 1381 γὰρ
2142 1328 2178 1368 ἓν
2199 1332 2303 1369 τοῦτο

1237 1389 1298 1428 καὶ
1321 1395 1392 1428 πᾶν
1416 1387 1475 1427 τὸν
1509 1386 1587 1427 θεὸν
1616 1386 1736 1440 ἔλεγεν
1764 1389 1783 1426 ὁ
1818 1386 2048 1441 Ξενοφάνης,
2082 1387 2120 1427 ὃν
2155 1387 2217 1428 ἕνα
2238 1388 2301 1441 μὲν

1237 1449 1410 1490 δείκνυσιν
1437 1451 1478 1489 ἐκ
1509 1451 1570 1488 τοῦ
1605 1448 1748 1487 πάντων
1775 1447 1963 1501 κράτιστον
1993 1441 2096 1489 εἶναι.
2129 1448 2302 1489 πλειόνων

1235 1510 1319 1566 γάρ,
1341 1509 1447 1564 φησίν
1461 1541 1473 1562 ,
1499 1508 1608 1549 ὄντων
1630 1508 1761 1559 ὁμοίως
1793 1509 1930 1561 ἀνάγκη
1959 1509 2133 1563 ὑπάρχειν
2154 1517 2244 1550 πᾶσι
2262 1511 2303 1549 τὸ

1235 1578 1399 1624 κρατεῖν·
1420 1569 1461 1609 τὸ
1497 1568 1534 1608 δὲ
1562 1568 1706 1608 πάντων
1732 1567 1921 1622 κράτιστον
1946 1569 2007 1608 καὶ
2040 1569 2184 1623 ἄριστον
2213 1568 2300 1615 θεός.

1237 1629 1285 1682 β’.
1309 1629 1477 1680 ἀγένητον
1498 1628 1536 1667 δὲ
1554 1627 1728 1667 ἐδείκνυεν
1747 1629 1788 1667 ἐκ
1812 1630 1874 1667 τοῦ
1898 1628 1969 1666 δεῖν
1990 1627 2030 1667 τὸ
2049 1627 2256 1680 γιγνόμενον
2277 1627 2300 1675 ἢ

1235 1688 1270 1734 ἐξ
1284 1688 1408 1740 ὁμοίου
1426 1687 1450 1735 ἢ
1470 1686 1505 1733 ἐξ
1527 1687 1692 1739 ἀνομοίου
1714 1686 1913 1739 γίγνεσθαι·
1935 1686 2027 1726 ἀλλὰ
2043 1687 2082 1726 τὸ
2101 1687 2164 1739 μὲν
2179 1685 2299 1740 ὅμοιον
2319 1690 2325 1696 ’

1235 1748 1369 1793 ἀπαθές
1388 1762 1494 1802 φησιν
1517 1745 1586 1785 ὑπὸ
1605 1749 1669 1785 τοῦ
1687 1745 1829 1804 ὁμοίου·
1853 1745 1952 1784 οὐδὲν
1975 1745 2044 1799 γὰρ
2066 1747 2201 1797 μᾶλλον
2221 1762 2299 1798 γεν·

1234 1813 1296 1862 νᾷν
1328 1806 1351 1855 ἢ
1373 1810 1562 1859 γεννᾶσθαι
1584 1805 1759 1859 προσήκει
1785 1805 1825 1844 τὸ
1853 1805 1974 1857 ὅμοιον
2007 1807 2047 1844 ἐκ
2067 1810 2129 1845 τοῦ
2159 1805 2301 1857 ὁμοίου·

1234 1870 1263 1907 εἰ
1285 1867 1316 1906 δ’
1337 1867 1370 1914 ἐξ
1389 1866 1555 1918 ἀνομοίου
1574 1867 1747 1919 γίγνοιτο,
1767 1864 1868 1904 ἔσται
1896 1866 1937 1905 τὸ
1959 1864 1997 1906 ὂν
2019 1866 2059 1904 ἐκ
2077 1869 2137 1904 τοῦ
2160 1863 2211 1916 μὴ
2234 1863 2300 1903 ὅν-

1232 1943 1301 1972 τος.
1324 1927 1386 1966 καὶ
1415 1925 1527 1971 οὕτως
1553 1926 1722 1979 ἀγένητον
1753 1924 1814 1965 καὶ
1847 1921 1957 1966 ἀίδιον
1989 1924 2137 1967 ἐδείκνυ.
2162 1925 2210 1978 γ’.
2231 1925 2293 1964 καὶ

1233 1986 1314 2026 οὔτε
1336 1986 1371 2026 δὲ
1394 1986 1538 2040 ἄπειρον
1563 1985 1644 2025 οὔτε
1664 1984 1939 2038 πεπερασμένον
1959 1979 2070 2025 εἶναι·
2091 1985 2181 2025 διότι
2196 1984 2298 2023 ἄπει-

1234 2062 1291 2100 ρον
1316 2047 1379 2098 μὲν
1415 2047 1455 2086 τὸ
1476 2045 1526 2098 μὴ
1543 2045 1581 2085 ὅν
1596 2075 1606 2094 ,
1629 2047 1675 2090 ὡς
1704 2045 1796 2097 μήτε
1817 2045 1933 2098 ἀρχὴν
1955 2045 2036 2099 ἔχον
2070 2045 2162 2097 μήτε
2187 2044 2296 2097 μέσον

1233 2106 1324 2158 μήτε
1343 2123 1380 2146 τε
1366 2107 1442 2151 ’λος
1455 2136 1466 2156 ,
1485 2105 1648 2159 περαίνει
1673 2104 1710 2144 δὲ
1731 2104 1828 2180 πρὸς9
1851 2105 1991 2153 ἄλληλα
2011 2104 2058 2144 τὰ
2070 2105 2214 2145 ·πλείω.
2250 2104 2294 2144 δ’.

1235 2165 1507 2219 Παραπλησίως
1522 2165 1558 2204 δὲ
1577 2165 1638 2204 καὶ
1654 2164 1794 2213 κίνησιν
1809 2167 1952 2218 ἀφαιρεῖ
1971 2164 2032 2203 καὶ
2048 2164 2113 2212 τὴν
2130 2164 2294 2218 ἠρεμίαν.

1232 2225 1396 2274 ἀκίνητον
1414 2225 1478 2278 μὲν
1497 2223 1566 2277 γὰρ
1581 2229 1672 2264 εἰναι
1694 2224 1733 2264 τὸ
1754 2223 1804 2275 μὴ
1821 2223 1880 2263 ὅν·
1901 2223 1980 2264 οὔτε
2001 2224 2070 2278 γὰρ
2089 2223 2130 2263 ἂν
2149 2226 2196 2269 εἷς
2211 2224 2298 2264 αὐτὸ

1231 2286 1370 2340 ἕτερον,
1389 2285 1467 2326 ουτε
1501 2285 1588 2324 αὐτὸ
1608 2284 1696 2339 πρὸς
1737 2284 1825 2324 ἄλλο
1847 2286 1982 2324 ἐλθεῖν·
2003 2288 2176 2324 κινεῖσθαι
2192 2284 2228 2323 δὲ
2249 2284 2296 2323 τα

1231 2346 1343 2385 πλείω
1369 2349 1431 2385 τοῦ
1453 2344 1545 2389 ἑνός·
1571 2343 1688 2399 ἕτερον
1718 2343 1787 2396 γὰρ
1813 2345 1861 2388 εἷς
1893 2342 2010 2397 ἕτερον
2034 2343 2292 2394 μεταὸάλλειν·

1230 2405 1322 2444 ὥστε
1352 2405 1413 2444 καὶ
1434 2404 1517 2444 ὅταν
1544 2405 1579 2442 ἐν
1601 2405 1719 2456 ταύτῷ
1745 2402 1862 2453 με’νειν
1896 2402 1983 2456 λέγῃ
2013 2402 2073 2441 καὶ
2100 2401 2151 2454 μὴ
2184 2404 2295 2441 κινεῖ-

1230 2468 1331 2512 σθαι,

1317 2566 1380 2597 αἰεὶ
1393 2563 1421 2597 δ’
1436 2564 1468 2597 ἐν
1489 2564 1595 2606 ταύτῷ
1613 2574 1648 2596 τε
1671 2564 1775 2606 μένειν
1799 2562 1983 2604 κινούμενον
1997 2563 2084 2595 οὐδὲν

1316 2613 1390 2645 οὐδὲ
1413 2611 1620 2654 μετέρχεσθαί
1637 2623 1691 2653 μιν
1708 2611 1872 2654 ἐπιπρέπει
1892 2611 2005 2643 ἄλλοτε
2026 2611 2124 2652 ἄλλῃ,

1232 2703 1271 2740 οὖ
1292 2700 1385 2740 κατὰ
1405 2700 1470 2749 τὴν
1490 2700 1643 2755 ἠρεμίαν
1662 2700 1727 2750 τὴν
1743 2699 1988 2753 ἀντικειμένην
2006 2703 2050 2754 τῇ
2072 2699 2210 2747 κινήσει
2228 2700 2295 2752 μέ-

1228 2777 1300 2800 νειν
1320 2760 1423 2801 αὐτόν
1441 2761 1496 2814 (i.
1522 2775 1555 2801 e.
1573 2760 1631 2799 τὸν
1653 2760 1754 2814 θεόν)
1774 2776 1899 2813 φησιν,
1921 2760 2011 2799 ἀλλὰ
2031 2760 2124 2799 κατὰ
2141 2759 2205 2808 τὴν
2225 2760 2295 2799 ἀπὸ

1231 2821 1404 2869 κινήσεως
1432 2820 1493 2860 καὶ
1525 2820 1678 2874 ἠρεμίας
1705 2819 1936 2875 ἕξῃρημένην.
1967 2822 2187 2860 Concinunt
2212 2835 2295 2871 quae

1232 2884 1346 2920 tertio
1368 2881 1482 2931 hujus
1499 2882 1772 2932 disputationis
1793 2882 1921 2932 capite
1942 2882 2155 2931 leguntur.
2180 2896 2227 2919 α.
2249 2880 2296 2920 Εἰ

1230 2937 1260 2973 δ’
1282 2934 1377 2974 ἔστιν
1398 2938 1417 2974 ὁ
1438 2934 1512 2979 θεος
1534 2934 1703 2974 ἁπάντων
1723 2934 1939 2987 κράτιστον,
1963 2932 2025 2972 ἕνα
2054 2949 2159 2987 φησιν
2191 2933 2295 2971 αὐτὸν

1231 2993 1422 3046 προσήκειν
1444 2988 1553 3034 εἶναι·
1579 2996 1610 3033 εἷ
1628 2993 1698 3048 γὰρ
1720 2992 1814 3032 δύο
1794 3010 1817 3041 η
1837 2992 1978 3037 πλείους
1995 2985 2088 3046 εἶεν,
2104 2994 2169 3032 οὒκ
2184 2991 2226 3031 ἂν
2244 2992 2295 3030 ἔτι

1232 3054 1431 3131 κράτιστον
1443 3054 1504 3094 καὶ
1522 3054 1706 3108 βέλτιστον
1724 3053 1829 3093 αὐτὸν
1851 3047 1939 3093 εἶναι
1959 3023 2127 3092 mivwiv·
2146 3052 2295 3096 ἕκαστος

1231 3114 1298 3168 γὰρ
1319 3112 1368 3152 ὢν
1384 3130 1453 3153 των
1470 3114 1612 3153 πολλῶν
1642 3112 1810 3166 ὁμοίως*
1793 3130 1834 3154 αν
1853 3117 2010 3157 τοιοῦτος
2031 3112 2103 3160 εἴη.
2132 3129 2167 3152 κ.
2188 3128 2222 3151 τ.
2254 3113 2291 3153 λ.

1234 3173 1280 3225 β’.
1303 3173 1474 3213 ἀδύνατόν
1494 3189 1599 3229 φησιν
1622 3177 1732 3221 εἰναι,
1752 3172 1785 3212 εἴ
1802 3189 1837 3212 τι
1864 3171 1967 3224 ἔστι,
1985 3171 2171 3226 γενέσθαι,
2190 3187 2294 3211 τουτο

1232 3232 1385 3285 λέγων’
1370 3249 1429 3273 επι
1448 3238 1509 3273 τοῦ
1529 3237 1626 3273 θεου·
1649 3234 1788 3288 ἀνάγκη
1809 3233 1878 3288 γὰρ
1898 3233 1977 3282 ἤτοι
1999 3232 2033 3277 ἐξ
2060 3232 2182 3283 ὁμοίου
2208 3230 2230 3278 ἢ
2260 3231 2295 3277 εξ

1233 3292 1401 3345 ἀνομοίου
1431 3293 1596 3345 γενέσθαι
1621 3294 1662 3333 τὸ
1680 3294 1901 3347 γιγνόμενον.
1922 3292 2078 3333 Δυνατὸν
2098 3291 2133 3331 δὲ
2155 3292 2294 3331 οὖδέτε·

1235 3369 1309 3407 ρον·
1331 3353 1411 3393 οὔτε
1431 3354 1499 3408 γὰρ
1512 3353 1633 3407 ὅμοιον
1655 3355 1712 3409 ὑφ’
1731 3353 1853 3406 ὁμοίου
1867 3352 2060 3406 προσήκειν
2077 3355 2294 3398 τεκνωθῆναι

1235 3415 1370 3464 μᾶλλον
1389 3413 1431 3461 ἢ
1432 3417 1630 3454 τεκνῶσαι·
1647 3417 1760 3453 ταῦτα
1785 3413 1854 3467 γὰρ
1883 3413 2025 3452 ἅπαντα
2045 3417 2117 3455 τοῖς
2146 3426 2187 3461 γε
2206 3409 2294 3454 ἴσοις

1234 3473 1297 3512 καὶ
1328 3473 1460 3525 ὁμοίοις
1491 3475 1560 3547 ρῦχ
1580 3473 1752 3527 υπάρχειν
1774 3473 1862 3527 πρὸς
1897 3472 2062 3519 ἄλληλα,
2091 3469 2166 3508 οὔτ’
2188 3468 2229 3507 ἂν
2259 3468 2293 3514 ἐξ

1234 3533 1400 3583 ἀνομοίου
1417 3532 1603 3585 τάνόμοιον
1619 3532 1796 3586 γενεσθαι.
1821 3534 1850 3571 εἰ
1867 3531 1935 3584 γὰρ
1951 3530 2107 3582 γίγνοιτο
2135 3527 2169 3574 ἐξ
2189 3531 2292 3567 ἀσθε-

2103 3611 2132 3634 us
