<?xml version="1.0" encoding="UTF-8"?>
<!DOCTYPE html PUBLIC "-//W3C//DTD XHTML 1.0 Transitional//EN"
    "http://www.w3.org/TR/xhtml1/DTD/xhtml1-transitional.dtd">
<html xmlns="http://www.w3.org/1999/xhtml" xml:lang="en" lang="en">
 <head>
  <title>
</title>
<meta http-equiv="Content-Type" content="text/html;charset=utf-8" />
  <meta name='ocr-system' content='tesseract 3.04.00' />
  <meta name='ocr-capabilities' content='ocr_page ocr_carea ocr_par ocr_line ocrx_word'/>
</head>
<body>
  <div class='ocr_page' id='page_1' title='image "./fragmentaphiloso01mulluoft_0227.png"; bbox 0 0 2612 3814; ppageno 0'>
   <div class='ocr_carea' id='block_1_1' title="bbox 0 0 31 273">
    <p class='ocr_par' dir='ltr' id='par_1_1' title="bbox 0 0 31 273">
     <span class='ocr_line' id='line_1_1' title="bbox 0 0 31 273; baseline 0 3541"><span class='ocrx_word' id='word_1_1' title='bbox 0 0 31 273; x_wconf 95' lang='lat' dir='ltr'> </span> 
     </span>
    </p>
   </div>
   <div class='ocr_carea' id='block_1_2' title="bbox 1054 248 2251 295">
    <p class='ocr_par' dir='ltr' id='par_1_2' title="bbox 1054 248 2251 295">
     <span class='ocr_line' id='line_1_2' title="bbox 1054 248 2251 295; baseline 0.007 -8"><span class='ocrx_word' id='word_1_2' title='bbox 1054 248 1298 288; x_wconf 85' lang='lat' dir='ltr'><strong>ORPHICA.</strong></span> <span class='ocrx_word' id='word_1_3' title='bbox 2177 260 2251 295; x_wconf 82' lang='lat'>18⁴1</span> 
     </span>
    </p>
   </div>
   <div class='ocr_carea' id='block_1_3' title="bbox 159 335 1143 927">
    <p class='ocr_par' dir='ltr' id='par_1_3' title="bbox 159 335 1143 927">
     <span class='ocr_line' id='line_1_3' title="bbox 218 335 1136 393; baseline -0.002 -15"><span class='ocrx_word' id='word_1_4' title='bbox 218 338 402 393; x_wconf 82' lang='lat' dir='ltr'><strong>(Hermias</strong></span> <span class='ocrx_word' id='word_1_5' title='bbox 425 340 464 376; x_wconf 90' lang='lat' dir='ltr'>in</span> <span class='ocrx_word' id='word_1_6' title='bbox 488 339 585 377; x_wconf 89' lang='lat' dir='ltr'><strong>Plat.</strong></span> <span class='ocrx_word' id='word_1_7' title='bbox 606 338 755 375; x_wconf 82' lang='lat' dir='ltr'><strong>Phaedr.</strong></span> <span class='ocrx_word' id='word_1_8' title='bbox 783 351 830 388; x_wconf 85' lang='lat' dir='ltr'>p.</span> <span class='ocrx_word' id='word_1_9' title='bbox 863 342 932 382; x_wconf 67' lang='lat'>141</span> <span class='ocrx_word' id='word_1_10' title='bbox 958 350 968 378; x_wconf 69' lang='grc' dir='ltr'>ι</span> <span class='ocrx_word' id='word_1_11' title='bbox 988 335 1040 377; x_wconf 84' lang='grc' dir='ltr'><strong><em>Ἢ</em></strong></span> <span class='ocrx_word' id='word_1_12' title='bbox 1061 353 1136 376; x_wconf 89' lang='grc' dir='ltr'>πα-</span> 
     </span>
     <span class='ocr_line' id='line_1_4' title="bbox 166 395 1139 452; baseline 0 -16"><span class='ocrx_word' id='word_1_13' title='bbox 166 396 432 452; x_wconf 85' lang='grc' dir='ltr'>ρηκολουθηκὼς</span> <span class='ocrx_word' id='word_1_14' title='bbox 451 399 469 436; x_wconf 92' lang='lat'><em>6</em></span> <span class='ocrx_word' id='word_1_15' title='bbox 500 395 653 436; x_wconf 81' lang='grc' dir='ltr'>Πλάτων</span> <span class='ocrx_word' id='word_1_16' title='bbox 685 398 757 441; x_wconf 81' lang='grc' dir='ltr'>τοῖς</span> <span class='ocrx_word' id='word_1_17' title='bbox 776 396 845 436; x_wconf 77' lang='grc' dir='ltr'>ὑπὸ</span> <span class='ocrx_word' id='word_1_18' title='bbox 876 399 946 436; x_wconf 90' lang='grc' dir='ltr'>τῶν</span> <span class='ocrx_word' id='word_1_19' title='bbox 966 396 1139 450; x_wconf 85' lang='grc' dir='ltr'>θεολόγων</span> 
     </span>
     <span class='ocr_line' id='line_1_5' title="bbox 162 454 1141 508; baseline 0.001 -14"><span class='ocrx_word' id='word_1_20' title='bbox 162 456 358 508; x_wconf 82' lang='grc' dir='ltr'>εἰρημένοις</span> <span class='ocrx_word' id='word_1_21' title='bbox 378 454 456 494; x_wconf 83' lang='grc' dir='ltr'>κατ’</span> <span class='ocrx_word' id='word_1_22' title='bbox 486 454 637 499; x_wconf 79' lang='grc' dir='ltr'>ἐκείνους</span> <span class='ocrx_word' id='word_1_23' title='bbox 663 454 726 494; x_wconf 80' lang='grc' dir='ltr'>καὶ</span> <span class='ocrx_word' id='word_1_24' title='bbox 748 455 850 500; x_wconf 83' lang='grc' dir='ltr'>αὐτὸς</span> <span class='ocrx_word' id='word_1_25' title='bbox 879 455 1055 504; x_wconf 87' lang='grc' dir='ltr'>διατίθησι</span> <span class='ocrx_word' id='word_1_26' title='bbox 1083 456 1141 496; x_wconf 81' lang='grc' dir='ltr'>τὸν</span> 
     </span>
     <span class='ocr_line' id='line_1_6' title="bbox 162 513 1143 569; baseline 0.001 -15"><span class='ocrx_word' id='word_1_27' title='bbox 162 515 288 567; x_wconf 70' lang='grc' dir='ltr'>λόγον,</span> <span class='ocrx_word' id='word_1_28' title='bbox 311 513 402 566; x_wconf 82' lang='grc' dir='ltr'>μετὰ</span> <span class='ocrx_word' id='word_1_29' title='bbox 427 513 495 567; x_wconf 82' lang='grc' dir='ltr'>γὰρ</span> <span class='ocrx_word' id='word_1_30' title='bbox 514 513 577 562; x_wconf 83' lang='grc' dir='ltr'>τὴν</span> <span class='ocrx_word' id='word_1_31' title='bbox 597 516 668 553; x_wconf 87' lang='grc' dir='ltr'>τῶν</span> <span class='ocrx_word' id='word_1_32' title='bbox 693 516 829 554; x_wconf 80' lang='grc' dir='ltr'>νυκτῶν</span> <span class='ocrx_word' id='word_1_33' title='bbox 850 514 947 560; x_wconf 81' lang='grc' dir='ltr'>τάξιν</span> <span class='ocrx_word' id='word_1_34' title='bbox 968 516 1059 569; x_wconf 81' lang='grc' dir='ltr'>τρεῖς</span> <span class='ocrx_word' id='word_1_35' title='bbox 1075 517 1143 556; x_wconf 86' lang='grc' dir='ltr'>εἰσι</span> 
     </span>
     <span class='ocr_line' id='line_1_7' title="bbox 162 574 1142 628; baseline 0.001 -15"><span class='ocrx_word' id='word_1_36' title='bbox 162 574 276 620; x_wconf 82' lang='grc' dir='ltr'>τάξεις</span> <span class='ocrx_word' id='word_1_37' title='bbox 285 577 355 614; x_wconf 88' lang='grc' dir='ltr'>τῶν</span> <span class='ocrx_word' id='word_1_38' title='bbox 369 577 467 624; x_wconf 86' lang='grc' dir='ltr'>θεῶν,</span> <span class='ocrx_word' id='word_1_39' title='bbox 480 575 657 628; x_wconf 83' lang='grc' dir='ltr'>Οὐρανοῦ,</span> <span class='ocrx_word' id='word_1_40' title='bbox 677 574 1142 628; x_wconf 84' lang='grc' dir='ltr'>Κυκλώπων,Ἑκατογχεί-</span> 
     </span>
     <span class='ocr_line' id='line_1_8' title="bbox 164 629 1142 688; baseline 0.001 -14"><span class='ocrx_word' id='word_1_41' title='bbox 164 650 247 688; x_wconf 87' lang='grc' dir='ltr'>ρων,</span> <span class='ocrx_word' id='word_1_42' title='bbox 268 629 315 674; x_wconf 70' lang='grc' dir='ltr'>ὧν</span> <span class='ocrx_word' id='word_1_43' title='bbox 335 633 436 679; x_wconf 82' lang='grc' dir='ltr'>αὐτὸς</span> <span class='ocrx_word' id='word_1_44' title='bbox 455 633 654 687; x_wconf 82' lang='grc' dir='ltr'>ἀποφάσκει</span> <span class='ocrx_word' id='word_1_45' title='bbox 673 634 717 673; x_wconf 82' lang='grc' dir='ltr'>τὰ</span> <span class='ocrx_word' id='word_1_46' title='bbox 734 637 846 674; x_wconf 87' lang='grc' dir='ltr'>οἰκεῖα</span> <span class='ocrx_word' id='word_1_47' title='bbox 863 634 994 674; x_wconf 89' lang='grc' dir='ltr'>τούτων</span> <span class='ocrx_word' id='word_1_48' title='bbox 1016 635 1142 687; x_wconf 79' lang='grc' dir='ltr'>ὀνόμα-</span> 
     </span>
     <span class='ocr_line' id='line_1_9' title="bbox 161 692 1141 748; baseline 0 -15"><span class='ocrx_word' id='word_1_49' title='bbox 161 710 222 735; x_wconf 86' lang='grc' dir='ltr'>τα.</span> <span class='ocrx_word' id='word_1_50' title='bbox 245 693 396 742; x_wconf 81' lang='grc' dir='ltr'>Ἐπειδὴ</span> <span class='ocrx_word' id='word_1_51' title='bbox 427 692 495 747; x_wconf 86' lang='grc' dir='ltr'>γὰρ</span> <span class='ocrx_word' id='word_1_52' title='bbox 515 696 585 732; x_wconf 87' lang='grc' dir='ltr'>τῶν</span> <span class='ocrx_word' id='word_1_53' title='bbox 615 692 710 733; x_wconf 86' lang='grc' dir='ltr'>ἔνδον</span> <span class='ocrx_word' id='word_1_54' title='bbox 744 696 779 733; x_wconf 88' lang='grc' dir='ltr'>ἐν</span> <span class='ocrx_word' id='word_1_55' title='bbox 807 695 924 748; x_wconf 85' lang='grc' dir='ltr'>ταύτῷ</span> <span class='ocrx_word' id='word_1_56' title='bbox 946 694 1141 746; x_wconf 82' lang='grc' dir='ltr'>μεινάντων</span> 
     </span>
     <span class='ocr_line' id='line_1_10' title="bbox 162 751 1141 807; baseline 0.001 -14"><span class='ocrx_word' id='word_1_57' title='bbox 162 756 213 807; x_wconf 80' lang='grc' dir='ltr'>τῷ</span> <span class='ocrx_word' id='word_1_58' title='bbox 239 754 384 803; x_wconf 89' lang='grc' dir='ltr'>Φάνητι</span> <span class='ocrx_word' id='word_1_59' title='bbox 409 751 559 807; x_wconf 81' lang='grc' dir='ltr'>πρώτως</span> <span class='ocrx_word' id='word_1_60' title='bbox 582 756 740 807; x_wconf 78' lang='grc' dir='ltr'>φανερῶς</span> <span class='ocrx_word' id='word_1_61' title='bbox 759 756 778 793; x_wconf 87' lang='lat'><em>6</em></span> <span class='ocrx_word' id='word_1_62' title='bbox 799 753 957 807; x_wconf 82' lang='grc' dir='ltr'>Οὐρανὸς</span> <span class='ocrx_word' id='word_1_63' title='bbox 980 754 1015 800; x_wconf 84' lang='grc' dir='ltr'>ἐξ</span> <span class='ocrx_word' id='word_1_64' title='bbox 1035 755 1141 794; x_wconf 81' lang='grc' dir='ltr'>αὐτοῦ</span> 
     </span>
     <span class='ocr_line' id='line_1_11' title="bbox 159 812 1142 867; baseline 0 -15"><span class='ocrx_word' id='word_1_65' title='bbox 159 812 424 865; x_wconf 83' lang='grc' dir='ltr'>γέγονεν-ἔξω</span> <span class='ocrx_word' id='word_1_66' title='bbox 435 812 504 866; x_wconf 82' lang='grc' dir='ltr'>γὰρ</span> <span class='ocrx_word' id='word_1_67' title='bbox 520 814 695 866; x_wconf 81' lang='grc' dir='ltr'>προῆλθον</span> <span class='ocrx_word' id='word_1_68' title='bbox 708 817 842 867; x_wconf 85' lang='grc' dir='ltr'>πρῶτοι</span> <span class='ocrx_word' id='word_1_69' title='bbox 858 812 920 853; x_wconf 86' lang='grc' dir='ltr'>ἀπ’</span> <span class='ocrx_word' id='word_1_70' title='bbox 939 814 1045 852; x_wconf 82' lang='grc' dir='ltr'>αὐτοῦ</span> <span class='ocrx_word' id='word_1_71' title='bbox 1066 815 1142 854; x_wconf 81' lang='grc' dir='ltr'>Οὐ-</span> 
     </span>
     <span class='ocr_line' id='line_1_12' title="bbox 162 871 940 927; baseline 0 -16"><span class='ocrx_word' id='word_1_72' title='bbox 162 871 265 925; x_wconf 81' lang='grc' dir='ltr'>ρανὸς</span> <span class='ocrx_word' id='word_1_73' title='bbox 283 871 342 911; x_wconf 79' lang='grc' dir='ltr'>καὶ</span> <span class='ocrx_word' id='word_1_74' title='bbox 367 874 419 920; x_wconf 83' lang='grc' dir='ltr'>Γῆ</span> <span class='ocrx_word' id='word_1_75' title='bbox 431 888 439 896; x_wconf 93' lang='grc'><em>·</em></span> <span class='ocrx_word' id='word_1_76' title='bbox 457 871 566 918; x_wconf 85' lang='grc' dir='ltr'>δεῖξαί</span> <span class='ocrx_word' id='word_1_77' title='bbox 580 872 610 911; x_wconf 92' lang='grc' dir='ltr'>τ’</span> <span class='ocrx_word' id='word_1_78' title='bbox 630 871 663 918; x_wconf 78' lang='grc' dir='ltr'>ἐξ</span> <span class='ocrx_word' id='word_1_79' title='bbox 683 873 826 927; x_wconf 80' lang='grc' dir='ltr'>ἀφανῶν</span> <span class='ocrx_word' id='word_1_80' title='bbox 842 873 940 925; x_wconf 85' lang='grc' dir='ltr'>κτλ.)</span> 
     </span>
    </p>
   </div>
   <div class='ocr_carea' id='block_1_4' title="bbox 107 943 1117 1184">
    <p class='ocr_par' dir='ltr' id='par_1_4' title="bbox 163 943 1117 1063">
     <span class='ocr_line' id='line_1_13' title="bbox 163 943 1117 1006; baseline 0 -16"><span class='ocrx_word' id='word_1_81' title='bbox 163 943 393 1004; x_wconf 65' lang='grc' dir='ltr'>Πρωτόγονόν</span> <span class='ocrx_word' id='word_1_82' title='bbox 413 965 452 1003; x_wconf 90' lang='grc' dir='ltr'>γε</span> <span class='ocrx_word' id='word_1_83' title='bbox 469 949 531 1001; x_wconf 81' lang='grc' dir='ltr'>μὲν</span> <span class='ocrx_word' id='word_1_84' title='bbox 550 949 643 996; x_wconf 86' lang='grc' dir='ltr'>οὔτις</span> <span class='ocrx_word' id='word_1_85' title='bbox 663 950 850 1004; x_wconf 85' lang='grc' dir='ltr'>ἐσέδρακεν</span> <span class='ocrx_word' id='word_1_86' title='bbox 864 951 1117 1006; x_wconf 80' lang='grc' dir='ltr'>ὀφθαλμοῖσιν,</span> 
     </span>
     <span class='ocr_line' id='line_1_14' title="bbox 163 1009 1011 1063; baseline 0.002 -16"><span class='ocrx_word' id='word_1_87' title='bbox 163 1011 192 1048; x_wconf 87' lang='grc' dir='ltr'>εἶ</span> <span class='ocrx_word' id='word_1_88' title='bbox 213 1009 262 1061; x_wconf 85' lang='grc' dir='ltr'>μὴ</span> <span class='ocrx_word' id='word_1_89' title='bbox 286 1009 360 1055; x_wconf 72' lang='grc' dir='ltr'>Νὺξ</span> <span class='ocrx_word' id='word_1_90' title='bbox 380 1010 456 1063; x_wconf 77' lang='grc' dir='ltr'>ἱερὴ</span> <span class='ocrx_word' id='word_1_91' title='bbox 483 1009 615 1061; x_wconf 87' lang='grc' dir='ltr'>μούνη·</span> <span class='ocrx_word' id='word_1_92' title='bbox 634 1012 665 1049; x_wconf 83' lang='grc' dir='ltr'>οἱ</span> <span class='ocrx_word' id='word_1_93' title='bbox 686 1011 716 1049; x_wconf 85' lang='grc' dir='ltr'>δ’</span> <span class='ocrx_word' id='word_1_94' title='bbox 742 1011 842 1050; x_wconf 87' lang='grc' dir='ltr'>ἄλλοι</span> <span class='ocrx_word' id='word_1_95' title='bbox 860 1010 1011 1055; x_wconf 80' lang='grc' dir='ltr'>ἅπαντες</span> 
     </span>
    </p>

    <p class='ocr_par' dir='ltr' id='par_1_5' title="bbox 107 1069 1094 1184">
     <span class='ocr_line' id='line_1_15' title="bbox 107 1069 1094 1125; baseline 0 -17"><span class='ocrx_word' id='word_1_96' title='bbox 107 1082 126 1108; x_wconf 73' lang='lat'><strong>5</strong></span> <span class='ocrx_word' id='word_1_97' title='bbox 161 1069 340 1121; x_wconf 88' lang='grc' dir='ltr'>θαύμαζον</span> <span class='ocrx_word' id='word_1_98' title='bbox 361 1073 577 1122; x_wconf 81' lang='grc' dir='ltr'>καθορῶντες</span> <span class='ocrx_word' id='word_1_99' title='bbox 597 1072 631 1110; x_wconf 91' lang='grc' dir='ltr'>ἐν</span> <span class='ocrx_word' id='word_1_100' title='bbox 653 1069 764 1122; x_wconf 82' lang='grc' dir='ltr'>αἰθέρι</span> <span class='ocrx_word' id='word_1_101' title='bbox 785 1069 910 1125; x_wconf 82' lang='grc' dir='ltr'>φέγγος</span> <span class='ocrx_word' id='word_1_102' title='bbox 930 1069 1094 1110; x_wconf 83' lang='grc' dir='ltr'>ἄελπτον·</span> 
     </span>
     <span class='ocr_line' id='line_1_16' title="bbox 162 1129 1032 1184; baseline 0.001 -16"><span class='ocrx_word' id='word_1_103' title='bbox 162 1130 253 1169; x_wconf 82' lang='grc' dir='ltr'>τοῖον</span> <span class='ocrx_word' id='word_1_104' title='bbox 275 1129 503 1184; x_wconf 82' lang='grc' dir='ltr'>ἀπέστραπτε</span> <span class='ocrx_word' id='word_1_105' title='bbox 522 1129 625 1183; x_wconf 78' lang='grc' dir='ltr'>χροὸς</span> <span class='ocrx_word' id='word_1_106' title='bbox 645 1129 833 1169; x_wconf 81' lang='grc' dir='ltr'>ἀθανάτοιο</span> <span class='ocrx_word' id='word_1_107' title='bbox 850 1130 1032 1179; x_wconf 85' lang='grc' dir='ltr'>Φάνητος.</span> 
     </span>
    </p>
   </div>
   <div class='ocr_carea' id='block_1_5' title="bbox 161 1206 1145 1970">
    <p class='ocr_par' dir='ltr' id='par_1_6' title="bbox 161 1206 1145 1970">
     <span class='ocr_line' id='line_1_17' title="bbox 218 1206 1143 1261; baseline 0.003 -15"><span class='ocrx_word' id='word_1_108' title='bbox 218 1208 406 1260; x_wconf 86' lang='lat' dir='ltr'><strong>(Hermias</strong></span> <span class='ocrx_word' id='word_1_109' title='bbox 431 1210 456 1247; x_wconf 93' lang='lat' dir='ltr'>l.</span> <span class='ocrx_word' id='word_1_110' title='bbox 475 1222 509 1248; x_wconf 77' lang='lat' dir='ltr'>c,</span> <span class='ocrx_word' id='word_1_111' title='bbox 533 1221 542 1247; x_wconf 73' lang='grc' dir='ltr'>ε</span> <span class='ocrx_word' id='word_1_112' title='bbox 568 1206 641 1247; x_wconf 76' lang='grc' dir='ltr'>Καὶ</span> <span class='ocrx_word' id='word_1_113' title='bbox 660 1210 797 1261; x_wconf 85' lang='grc' dir='ltr'>πρῶτος</span> <span class='ocrx_word' id='word_1_114' title='bbox 824 1208 1105 1261; x_wconf 76' lang='grc' dir='ltr'>καταλάμπεται</span> <span class='ocrx_word' id='word_1_115' title='bbox 1126 1212 1143 1249; x_wconf 98' lang='lat'><em>6</em></span> 
     </span>
     <span class='ocr_line' id='line_1_18' title="bbox 162 1266 1141 1320; baseline 0.004 -15"><span class='ocrx_word' id='word_1_116' title='bbox 162 1267 305 1320; x_wconf 84' lang='grc' dir='ltr'>οὐρανὸς</span> <span class='ocrx_word' id='word_1_117' title='bbox 325 1267 392 1306; x_wconf 81' lang='grc' dir='ltr'>ὑπὸ</span> <span class='ocrx_word' id='word_1_118' title='bbox 411 1270 472 1306; x_wconf 89' lang='grc' dir='ltr'>τοῦ</span> <span class='ocrx_word' id='word_1_119' title='bbox 503 1266 596 1306; x_wconf 87' lang='grc' dir='ltr'>θείου</span> <span class='ocrx_word' id='word_1_120' title='bbox 632 1266 746 1320; x_wconf 84' lang='grc' dir='ltr'>φωτὸς</span> <span class='ocrx_word' id='word_1_121' title='bbox 779 1270 840 1306; x_wconf 88' lang='grc' dir='ltr'>τοῦ</span> <span class='ocrx_word' id='word_1_122' title='bbox 866 1267 1052 1317; x_wconf 85' lang='grc' dir='ltr'>Φάνητος·</span> <span class='ocrx_word' id='word_1_123' title='bbox 1078 1268 1141 1319; x_wconf 73' lang='grc' dir='ltr'>τὴν</span> 
     </span>
     <span class='ocr_line' id='line_1_19' title="bbox 161 1324 1142 1380; baseline 0.003 -16"><span class='ocrx_word' id='word_1_124' title='bbox 161 1324 230 1378; x_wconf 85' lang='grc' dir='ltr'>γὰρ</span> <span class='ocrx_word' id='word_1_125' title='bbox 248 1324 372 1365; x_wconf 84' lang='grc' dir='ltr'>Νύκτα</span> <span class='ocrx_word' id='word_1_126' title='bbox 385 1327 541 1373; x_wconf 81' lang='grc' dir='ltr'>ἡνῶσθαι</span> <span class='ocrx_word' id='word_1_127' title='bbox 559 1326 656 1379; x_wconf 83' lang='grc' dir='ltr'>αὐτῷ</span> <span class='ocrx_word' id='word_1_128' title='bbox 667 1340 771 1379; x_wconf 85' lang='grc' dir='ltr'>φησι·</span> <span class='ocrx_word' id='word_1_129' title='bbox 786 1325 1006 1380; x_wconf 87' lang='grc' dir='ltr'>πρωτόγονόν</span> <span class='ocrx_word' id='word_1_130' title='bbox 1022 1343 1061 1380; x_wconf 93' lang='grc' dir='ltr'>γε</span> <span class='ocrx_word' id='word_1_131' title='bbox 1077 1327 1142 1380; x_wconf 80' lang='grc' dir='ltr'>μὲν</span> 
     </span>
     <span class='ocr_line' id='line_1_20' title="bbox 161 1383 1143 1439; baseline 0.001 -16"><span class='ocrx_word' id='word_1_132' title='bbox 161 1386 242 1423; x_wconf 89' lang='grc' dir='ltr'>κτλ.</span> <span class='ocrx_word' id='word_1_133' title='bbox 265 1386 372 1423; x_wconf 86' lang='lat' dir='ltr'>Idem</span> <span class='ocrx_word' id='word_1_134' title='bbox 391 1399 477 1437; x_wconf 84' lang='lat' dir='ltr'><strong>pag.</strong></span> <span class='ocrx_word' id='word_1_135' title='bbox 498 1390 570 1431; x_wconf 77' lang='grc'>144</span> <span class='ocrx_word' id='word_1_136' title='bbox 595 1401 606 1425; x_wconf 83' lang='lat'><em>=</em></span> <span class='ocrx_word' id='word_1_137' title='bbox 628 1386 747 1438; x_wconf 89' lang='grc' dir='ltr'>Τριῶν</span> <span class='ocrx_word' id='word_1_138' title='bbox 764 1383 833 1439; x_wconf 87' lang='grc' dir='ltr'>γὰρ</span> <span class='ocrx_word' id='word_1_139' title='bbox 853 1386 1143 1439; x_wconf 82' lang='grc' dir='ltr'>παραδιδομένων</span> 
     </span>
     <span class='ocr_line' id='line_1_21' title="bbox 161 1442 1144 1498; baseline 0.004 -17"><span class='ocrx_word' id='word_1_140' title='bbox 161 1444 313 1484; x_wconf 80' lang='grc' dir='ltr'>Νυκτῶν</span> <span class='ocrx_word' id='word_1_141' title='bbox 333 1446 419 1497; x_wconf 83' lang='grc' dir='ltr'>παρ’</span> <span class='ocrx_word' id='word_1_142' title='bbox 450 1443 592 1496; x_wconf 82' lang='grc' dir='ltr'>Ὀρφεῖ,</span> <span class='ocrx_word' id='word_1_143' title='bbox 623 1447 686 1490; x_wconf 65' lang='grc' dir='ltr'>τῆς</span> <span class='ocrx_word' id='word_1_144' title='bbox 711 1442 774 1495; x_wconf 81' lang='grc' dir='ltr'>μὲν</span> <span class='ocrx_word' id='word_1_145' title='bbox 797 1445 831 1482; x_wconf 88' lang='grc' dir='ltr'>ἐν</span> <span class='ocrx_word' id='word_1_146' title='bbox 852 1445 946 1498; x_wconf 83' lang='grc' dir='ltr'>αὐτῷ</span> <span class='ocrx_word' id='word_1_147' title='bbox 972 1446 1144 1495; x_wconf 84' lang='grc' dir='ltr'>μενούσης</span> 
     </span>
     <span class='ocr_line' id='line_1_22' title="bbox 162 1500 1145 1557; baseline 0.003 -17"><span class='ocrx_word' id='word_1_148' title='bbox 162 1504 226 1549; x_wconf 83' lang='grc' dir='ltr'>τῆς</span> <span class='ocrx_word' id='word_1_149' title='bbox 245 1501 407 1555; x_wconf 79' lang='grc' dir='ltr'>πρώτης,</span> <span class='ocrx_word' id='word_1_150' title='bbox 430 1505 492 1550; x_wconf 86' lang='grc' dir='ltr'>τ’ἧς</span> <span class='ocrx_word' id='word_1_151' title='bbox 511 1501 547 1542; x_wconf 81' lang='grc' dir='ltr'>δὲ</span> <span class='ocrx_word' id='word_1_152' title='bbox 571 1502 693 1555; x_wconf 88' lang='grc' dir='ltr'>τρίτης</span> <span class='ocrx_word' id='word_1_153' title='bbox 726 1500 793 1547; x_wconf 84' lang='grc' dir='ltr'>ἔξω</span> <span class='ocrx_word' id='word_1_154' title='bbox 812 1502 1062 1557; x_wconf 86' lang='grc' dir='ltr'>προελθούσης,</span> <span class='ocrx_word' id='word_1_155' title='bbox 1082 1507 1145 1553; x_wconf 77' lang='grc' dir='ltr'>τῆς</span> 
     </span>
     <span class='ocr_line' id='line_1_23' title="bbox 162 1560 1145 1619; baseline 0.002 -19"><span class='ocrx_word' id='word_1_156' title='bbox 162 1560 199 1600; x_wconf 83' lang='grc' dir='ltr'>δὲ</span> <span class='ocrx_word' id='word_1_157' title='bbox 218 1560 329 1613; x_wconf 81' lang='grc' dir='ltr'>μέσης</span> <span class='ocrx_word' id='word_1_158' title='bbox 346 1561 490 1608; x_wconf 86' lang='grc' dir='ltr'>τούτων,</span> <span class='ocrx_word' id='word_1_159' title='bbox 525 1560 590 1609; x_wconf 78' lang='grc' dir='ltr'>τὴν</span> <span class='ocrx_word' id='word_1_160' title='bbox 617 1561 680 1612; x_wconf 83' lang='grc' dir='ltr'>μὲν</span> <span class='ocrx_word' id='word_1_161' title='bbox 705 1561 848 1615; x_wconf 83' lang='grc' dir='ltr'>πρώτην</span> <span class='ocrx_word' id='word_1_162' title='bbox 870 1563 1055 1615; x_wconf 89' lang='grc' dir='ltr'>μαντεύειν</span> <span class='ocrx_word' id='word_1_163' title='bbox 1076 1580 1145 1619; x_wconf 82' lang='grc' dir='ltr'>φη·-</span> 
     </span>
     <span class='ocr_line' id='line_1_24' title="bbox 163 1619 1144 1674; baseline 0.001 -13"><span class='ocrx_word' id='word_1_164' title='bbox 163 1621 230 1669; x_wconf 90' lang='grc' dir='ltr'>σίν,</span> <span class='ocrx_word' id='word_1_165' title='bbox 249 1619 271 1659; x_wconf 87' lang='lat'>6&#39;</span> <span class='ocrx_word' id='word_1_166' title='bbox 290 1623 364 1660; x_wconf 88' lang='grc' dir='ltr'>ἐστι</span> <span class='ocrx_word' id='word_1_167' title='bbox 397 1624 460 1670; x_wconf 78' lang='grc' dir='ltr'>τῆς</span> <span class='ocrx_word' id='word_1_168' title='bbox 484 1621 701 1673; x_wconf 88' lang='grc' dir='ltr'>ἐπιστήμης,</span> <span class='ocrx_word' id='word_1_169' title='bbox 724 1621 785 1671; x_wconf 73' lang='grc' dir='ltr'>τὴν</span> <span class='ocrx_word' id='word_1_170' title='bbox 813 1621 850 1661; x_wconf 86' lang='grc' dir='ltr'>δὲ</span> <span class='ocrx_word' id='word_1_171' title='bbox 873 1622 984 1674; x_wconf 83' lang='grc' dir='ltr'>μέσην</span> <span class='ocrx_word' id='word_1_172' title='bbox 1008 1624 1144 1663; x_wconf 84' lang='grc' dir='ltr'>αἰδοίαν</span> 
     </span>
     <span class='ocr_line' id='line_1_25' title="bbox 165 1680 1143 1736; baseline 0.004 -17"><span class='ocrx_word' id='word_1_173' title='bbox 165 1681 283 1731; x_wconf 81' lang='grc' dir='ltr'>καλεῖ,</span> <span class='ocrx_word' id='word_1_174' title='bbox 319 1680 341 1719; x_wconf 75' lang='grc' dir='ltr'>ὅ</span> <span class='ocrx_word' id='word_1_175' title='bbox 382 1683 456 1721; x_wconf 88' lang='grc' dir='ltr'>ἐστι</span> <span class='ocrx_word' id='word_1_176' title='bbox 487 1684 550 1728; x_wconf 81' lang='grc' dir='ltr'>τῆς</span> <span class='ocrx_word' id='word_1_177' title='bbox 577 1680 830 1735; x_wconf 74' lang='grc' dir='ltr'>σωφροσύνης,</span> <span class='ocrx_word' id='word_1_178' title='bbox 860 1681 924 1730; x_wconf 81' lang='grc' dir='ltr'>τὴν</span> <span class='ocrx_word' id='word_1_179' title='bbox 955 1681 992 1721; x_wconf 83' lang='grc' dir='ltr'>δὲ</span> <span class='ocrx_word' id='word_1_180' title='bbox 1021 1683 1143 1736; x_wconf 85' lang='grc' dir='ltr'>τρίτην</span> 
     </span>
     <span class='ocr_line' id='line_1_26' title="bbox 165 1739 1143 1795; baseline 0.003 -18"><span class='ocrx_word' id='word_1_181' title='bbox 165 1739 368 1779; x_wconf 86' lang='grc' dir='ltr'>ἄποτίκτειν</span> <span class='ocrx_word' id='word_1_182' title='bbox 384 1741 470 1795; x_wconf 75' lang='grc' dir='ltr'>φησὶ</span> <span class='ocrx_word' id='word_1_183' title='bbox 490 1739 553 1788; x_wconf 77' lang='grc' dir='ltr'>τὴν</span> <span class='ocrx_word' id='word_1_184' title='bbox 575 1740 810 1789; x_wconf 88' lang='grc' dir='ltr'>δικαιοσύνην.</span> <span class='ocrx_word' id='word_1_185' title='bbox 826 1743 1013 1780; x_wconf 87' lang='lat' dir='ltr'><strong>Caeterum</strong></span> <span class='ocrx_word' id='word_1_186' title='bbox 1026 1745 1143 1781; x_wconf 91' lang='lat' dir='ltr'><strong>Bent-</strong></span> 
     </span>
     <span class='ocr_line' id='line_1_27' title="bbox 165 1800 1145 1850; baseline 0.004 -14"><span class='ocrx_word' id='word_1_187' title='bbox 165 1800 260 1848; x_wconf 91' lang='lat' dir='ltr'><strong>lejus</strong></span> <span class='ocrx_word' id='word_1_188' title='bbox 288 1801 407 1850; x_wconf 82' lang='lat' dir='ltr'><strong>Epist.</strong></span> <span class='ocrx_word' id='word_1_189' title='bbox 432 1801 482 1838; x_wconf 87' lang='lat' dir='ltr'>ad</span> <span class='ocrx_word' id='word_1_190' title='bbox 506 1802 570 1838; x_wconf 88' lang='lat' dir='ltr'>Jo.</span> <span class='ocrx_word' id='word_1_191' title='bbox 597 1802 760 1838; x_wconf 89' lang='lat' dir='ltr'><strong>Millium</strong></span> <span class='ocrx_word' id='word_1_192' title='bbox 783 1815 822 1850; x_wconf 90' lang='lat' dir='ltr'>p.</span> <span class='ocrx_word' id='word_1_193' title='bbox 846 1801 922 1845; x_wconf 78' lang='lat'>455</span> <span class='ocrx_word' id='word_1_194' title='bbox 943 1815 1000 1841; x_wconf 78' lang='lat' dir='ltr'>vs.</span> <span class='ocrx_word' id='word_1_195' title='bbox 1020 1803 1043 1839; x_wconf 93' lang='lat'>6</span> <span class='ocrx_word' id='word_1_196' title='bbox 1064 1817 1145 1840; x_wconf 90' lang='lat' dir='ltr'>non</span> 
     </span>
     <span class='ocr_line' id='line_1_28' title="bbox 165 1857 1144 1911; baseline 0.004 -15"><span class='ocrx_word' id='word_1_197' title='bbox 165 1857 417 1911; x_wconf 83' lang='grc' dir='ltr'>ἀπέστραπτε,</span> <span class='ocrx_word' id='word_1_198' title='bbox 446 1860 514 1897; x_wconf 89' lang='lat' dir='ltr'><strong>sed</strong></span> <span class='ocrx_word' id='word_1_199' title='bbox 543 1858 736 1898; x_wconf 78' lang='grc' dir='ltr'>ἀπέστιλὸε</span> <span class='ocrx_word' id='word_1_200' title='bbox 761 1861 892 1911; x_wconf 86' lang='lat' dir='ltr'><strong>habet,</strong></span> <span class='ocrx_word' id='word_1_201' title='bbox 925 1862 1033 1911; x_wconf 90' lang='lat' dir='ltr'><strong>quod</strong></span> <span class='ocrx_word' id='word_1_202' title='bbox 1054 1864 1144 1900; x_wconf 86' lang='lat' dir='ltr'><strong>scri·</strong></span> 
     </span>
     <span class='ocr_line' id='line_1_29' title="bbox 162 1920 1141 1970; baseline 0.004 -15"><span class='ocrx_word' id='word_1_203' title='bbox 162 1926 272 1969; x_wconf 88' lang='lat' dir='ltr'><strong>ptum</strong></span> <span class='ocrx_word' id='word_1_204' title='bbox 295 1926 350 1956; x_wconf 89' lang='lat' dir='ltr'><strong>est</strong></span> <span class='ocrx_word' id='word_1_205' title='bbox 377 1921 489 1956; x_wconf 85' lang='lat' dir='ltr'><strong>etiam</strong></span> <span class='ocrx_word' id='word_1_206' title='bbox 511 1920 617 1970; x_wconf 88' lang='lat' dir='ltr'><strong>apud</strong></span> <span class='ocrx_word' id='word_1_207' title='bbox 643 1921 826 1957; x_wconf 85' lang='lat' dir='ltr'><strong>Proclum</strong></span> <span class='ocrx_word' id='word_1_208' title='bbox 855 1921 1067 1960; x_wconf 87' lang='lat' dir='ltr'><strong>Comment.</strong></span> <span class='ocrx_word' id='word_1_209' title='bbox 1100 1923 1141 1958; x_wconf 91' lang='lat' dir='ltr'>in</span> 
     </span>
    </p>
   </div>
   <div class='ocr_carea' id='block_1_6' title="bbox 161 1979 671 2096">
    <p class='ocr_par' dir='ltr' id='par_1_7' title="bbox 161 1979 671 2096">
     <span class='ocr_line' id='line_1_30' title="bbox 161 1979 543 2030; baseline 0.013 -16"><span class='ocrx_word' id='word_1_210' title='bbox 161 1979 257 2016; x_wconf 88' lang='lat' dir='ltr'><strong>Tim.</strong></span> <span class='ocrx_word' id='word_1_211' title='bbox 272 1991 360 2030; x_wconf 84' lang='lat' dir='ltr'><strong>pag.</strong></span> <span class='ocrx_word' id='word_1_212' title='bbox 390 1992 403 2016; x_wconf 80' lang='grc' dir='ltr'>ι</span> <span class='ocrx_word' id='word_1_213' title='bbox 414 1979 460 2015; x_wconf 85' lang='lat'>32</span> <span class='ocrx_word' id='word_1_214' title='bbox 483 1979 543 2030; x_wconf 89' lang='lat' dir='ltr'>C.)</span> 
     </span>
     <span class='ocr_line' id='line_1_31' title="bbox 569 2056 671 2096; baseline 0.01 -1"><span class='ocrx_word' id='word_1_215' title='bbox 569 2056 671 2096; x_wconf 92' lang='lat' dir='ltr'>LIV.</span> 
     </span>
    </p>
   </div>
   <div class='ocr_carea' id='block_1_7' title="bbox 162 2132 981 2189">
    <p class='ocr_par' dir='ltr' id='par_1_8' title="bbox 162 2132 981 2189">
     <span class='ocr_line' id='line_1_32' title="bbox 162 2132 981 2189; baseline 0.001 -16"><span class='ocrx_word' id='word_1_216' title='bbox 162 2132 304 2187; x_wconf 88' lang='grc' dir='ltr'>Καίπερ</span> <span class='ocrx_word' id='word_1_217' title='bbox 327 2132 417 2173; x_wconf 81' lang='grc' dir='ltr'>ἐόντι</span> <span class='ocrx_word' id='word_1_218' title='bbox 435 2134 502 2188; x_wconf 84' lang='grc' dir='ltr'>νέῳ</span> <span class='ocrx_word' id='word_1_219' title='bbox 521 2133 581 2172; x_wconf 76' lang='grc' dir='ltr'>καὶ</span> <span class='ocrx_word' id='word_1_220' title='bbox 601 2134 718 2188; x_wconf 90' lang='grc' dir='ltr'>νηπίῳ</span> <span class='ocrx_word' id='word_1_221' title='bbox 736 2135 981 2189; x_wconf 81' lang='grc' dir='ltr'>εἰλαπιναστῇ.</span> 
     </span>
    </p>
   </div>
   <div class='ocr_carea' id='block_1_8' title="bbox 161 2211 1146 2697">
    <p class='ocr_par' dir='ltr' id='par_1_9' title="bbox 161 2211 1146 2619">
     <span class='ocr_line' id='line_1_33' title="bbox 218 2211 1143 2267; baseline 0.005 -20"><span class='ocrx_word' id='word_1_222' title='bbox 218 2211 388 2261; x_wconf 85' lang='lat' dir='ltr'><strong>(Proclus</strong></span> <span class='ocrx_word' id='word_1_223' title='bbox 412 2212 453 2248; x_wconf 91' lang='lat' dir='ltr'>in</span> <span class='ocrx_word' id='word_1_224' title='bbox 466 2213 564 2252; x_wconf 89' lang='lat' dir='ltr'><strong>Tim.</strong></span> <span class='ocrx_word' id='word_1_225' title='bbox 591 2212 627 2250; x_wconf 96' lang='lat' dir='ltr'><strong>V</strong></span> <span class='ocrx_word' id='word_1_226' title='bbox 644 2225 686 2262; x_wconf 89' lang='lat' dir='ltr'>p.</span> <span class='ocrx_word' id='word_1_227' title='bbox 713 2213 788 2257; x_wconf 81' lang='grc'>334</span> <span class='ocrx_word' id='word_1_228' title='bbox 810 2216 844 2251; x_wconf 92' lang='lat' dir='ltr'>D</span> <span class='ocrx_word' id='word_1_229' title='bbox 867 2225 877 2252; x_wconf 75' lang='grc' dir='ltr'>ε</span> <span class='ocrx_word' id='word_1_230' title='bbox 901 2212 946 2253; x_wconf 90' lang='grc' dir='ltr'>Ὁ</span> <span class='ocrx_word' id='word_1_231' title='bbox 967 2212 1034 2267; x_wconf 87' lang='grc' dir='ltr'>γὰρ</span> <span class='ocrx_word' id='word_1_232' title='bbox 1055 2216 1143 2259; x_wconf 84' lang='grc' dir='ltr'>Ζεὺς</span> 
     </span>
     <span class='ocr_line' id='line_1_34' title="bbox 162 2268 1143 2325; baseline 0.005 -19"><span class='ocrx_word' id='word_1_233' title='bbox 162 2268 312 2321; x_wconf 81' lang='grc' dir='ltr'>βασιλέα</span> <span class='ocrx_word' id='word_1_234' title='bbox 331 2269 467 2317; x_wconf 84' lang='grc' dir='ltr'>τίθησιν</span> <span class='ocrx_word' id='word_1_235' title='bbox 505 2269 608 2309; x_wconf 86' lang='grc' dir='ltr'>αὐτὸν</span> <span class='ocrx_word' id='word_1_236' title='bbox 646 2269 813 2311; x_wconf 83' lang='grc' dir='ltr'>ἁπάντων</span> <span class='ocrx_word' id='word_1_237' title='bbox 845 2273 914 2310; x_wconf 88' lang='grc' dir='ltr'>τῶν</span> <span class='ocrx_word' id='word_1_238' title='bbox 946 2272 1143 2325; x_wconf 89' lang='grc' dir='ltr'>ἐγκοσμίων</span> 
     </span>
     <span class='ocr_line' id='line_1_35' title="bbox 161 2328 1145 2386; baseline 0.004 -19"><span class='ocrx_word' id='word_1_239' title='bbox 161 2331 247 2367; x_wconf 89' lang='grc' dir='ltr'>θεῶν</span> <span class='ocrx_word' id='word_1_240' title='bbox 267 2328 328 2367; x_wconf 78' lang='grc' dir='ltr'>καὶ</span> <span class='ocrx_word' id='word_1_241' title='bbox 345 2329 548 2382; x_wconf 89' lang='grc' dir='ltr'>πρωτίστας</span> <span class='ocrx_word' id='word_1_242' title='bbox 560 2331 653 2383; x_wconf 83' lang='grc' dir='ltr'>αὐτῷ</span> <span class='ocrx_word' id='word_1_243' title='bbox 670 2329 767 2381; x_wconf 90' lang='grc' dir='ltr'>νέμει</span> <span class='ocrx_word' id='word_1_244' title='bbox 781 2330 887 2382; x_wconf 78' lang='grc' dir='ltr'>τιμὰς</span> <span class='ocrx_word' id='word_1_245' title='bbox 903 2331 1031 2386; x_wconf 88' lang='grc' dir='ltr'>καίπερ</span> <span class='ocrx_word' id='word_1_246' title='bbox 1054 2332 1145 2371; x_wconf 83' lang='grc' dir='ltr'>ἐόντι</span> 
     </span>
     <span class='ocr_line' id='line_1_36' title="bbox 162 2386 1140 2442; baseline 0.007 -18"><span class='ocrx_word' id='word_1_247' title='bbox 162 2386 228 2440; x_wconf 84' lang='grc' dir='ltr'>νέῳ</span> <span class='ocrx_word' id='word_1_248' title='bbox 248 2388 328 2427; x_wconf 85' lang='grc' dir='ltr'>κτλ.</span> <span class='ocrx_word' id='word_1_249' title='bbox 352 2390 460 2428; x_wconf 90' lang='lat' dir='ltr'><strong>Idem</strong></span> <span class='ocrx_word' id='word_1_250' title='bbox 481 2391 521 2426; x_wconf 89' lang='lat' dir='ltr'>in</span> <span class='ocrx_word' id='word_1_251' title='bbox 536 2392 661 2428; x_wconf 77' lang='lat' dir='ltr'><strong>Parm.</strong></span> <span class='ocrx_word' id='word_1_252' title='bbox 688 2392 706 2429; x_wconf 91' lang='lat' dir='ltr'><strong>I</strong></span> <span class='ocrx_word' id='word_1_253' title='bbox 735 2405 776 2441; x_wconf 92' lang='lat' dir='ltr'>p.</span> <span class='ocrx_word' id='word_1_254' title='bbox 797 2406 844 2442; x_wconf 90' lang='lat'>91</span> <span class='ocrx_word' id='word_1_255' title='bbox 869 2393 931 2431; x_wconf 89' lang='lat' dir='ltr'><strong>ed.</strong></span> <span class='ocrx_word' id='word_1_256' title='bbox 953 2393 1111 2432; x_wconf 89' lang='lat' dir='ltr'><strong>Cousin.</strong></span> <span class='ocrx_word' id='word_1_257' title='bbox 1130 2404 1140 2431; x_wconf 73' lang='grc' dir='ltr'>ε</span> 
     </span>
     <span class='ocr_line' id='line_1_37' title="bbox 166 2446 1146 2500; baseline 0.002 -14"><span class='ocrx_word' id='word_1_258' title='bbox 166 2446 236 2486; x_wconf 86' lang='grc' dir='ltr'>Καὶ</span> <span class='ocrx_word' id='word_1_259' title='bbox 256 2446 324 2500; x_wconf 79' lang='grc' dir='ltr'>γὰρ</span> <span class='ocrx_word' id='word_1_260' title='bbox 354 2448 459 2486; x_wconf 84' lang='grc' dir='ltr'>αὐτὸν</span> <span class='ocrx_word' id='word_1_261' title='bbox 482 2448 541 2487; x_wconf 80' lang='grc' dir='ltr'>τὸν</span> <span class='ocrx_word' id='word_1_262' title='bbox 562 2451 631 2488; x_wconf 90' lang='grc' dir='ltr'>Δία</span> <span class='ocrx_word' id='word_1_263' title='bbox 657 2449 720 2488; x_wconf 77' lang='grc' dir='ltr'>καὶ</span> <span class='ocrx_word' id='word_1_264' title='bbox 746 2448 806 2488; x_wconf 84' lang='grc' dir='ltr'>τὸν</span> <span class='ocrx_word' id='word_1_265' title='bbox 826 2449 993 2489; x_wconf 86' lang='grc' dir='ltr'>Διόνυσον</span> <span class='ocrx_word' id='word_1_266' title='bbox 1014 2451 1146 2495; x_wconf 84' lang='grc' dir='ltr'>παῖδας</span> 
     </span>
     <span class='ocr_line' id='line_1_38' title="bbox 163 2505 1146 2563; baseline 0.005 -20"><span class='ocrx_word' id='word_1_267' title='bbox 163 2505 225 2544; x_wconf 73' lang='grc' dir='ltr'>καὶ</span> <span class='ocrx_word' id='word_1_268' title='bbox 245 2505 341 2550; x_wconf 87' lang='grc' dir='ltr'>νέους</span> <span class='ocrx_word' id='word_1_269' title='bbox 357 2510 379 2554; x_wconf 83' lang='grc' dir='ltr'>ἡ</span> <span class='ocrx_word' id='word_1_270' title='bbox 396 2506 555 2561; x_wconf 88' lang='grc' dir='ltr'>θεολογία</span> <span class='ocrx_word' id='word_1_271' title='bbox 576 2510 698 2547; x_wconf 82' lang='grc' dir='ltr'>καλεῖ”</span> <span class='ocrx_word' id='word_1_272' title='bbox 720 2507 849 2562; x_wconf 88' lang='grc' dir='ltr'>καίπερ</span> <span class='ocrx_word' id='word_1_273' title='bbox 871 2507 948 2548; x_wconf 81' lang='grc' dir='ltr'>ὅντε</span> <span class='ocrx_word' id='word_1_274' title='bbox 968 2508 1057 2558; x_wconf 84' lang='grc' dir='ltr'>νέω,</span> <span class='ocrx_word' id='word_1_275' title='bbox 1075 2525 1146 2563; x_wconf 81' lang='grc' dir='ltr'>φη-</span> 
     </span>
     <span class='ocr_line' id='line_1_39' title="bbox 165 2564 423 2619; baseline 0.004 -15"><span class='ocrx_word' id='word_1_276' title='bbox 165 2564 219 2604; x_wconf 84' lang='grc' dir='ltr'>σὶν</span> <span class='ocrx_word' id='word_1_277' title='bbox 240 2564 423 2619; x_wconf 86' lang='grc' dir='ltr'>Ὀρφεύς.)</span> 
     </span>
    </p>

    <p class='ocr_par' dir='ltr' id='par_1_10' title="bbox 168 2643 1082 2697">
     <span class='ocr_line' id='line_1_40' title="bbox 168 2643 1082 2697; baseline 0.001 -15"><span class='ocrx_word' id='word_1_278' title='bbox 168 2644 284 2683; x_wconf 83' lang='grc' dir='ltr'>Κλῦτε</span> <span class='ocrx_word' id='word_1_279' title='bbox 305 2643 397 2695; x_wconf 91' lang='grc' dir='ltr'>θεοί,</span> <span class='ocrx_word' id='word_1_280' title='bbox 418 2644 476 2682; x_wconf 84' lang='grc' dir='ltr'>τὸν</span> <span class='ocrx_word' id='word_1_281' title='bbox 493 2643 523 2683; x_wconf 82' lang='grc' dir='ltr'>δ’</span> <span class='ocrx_word' id='word_1_282' title='bbox 544 2643 655 2696; x_wconf 87' lang='grc' dir='ltr'>ὔμμιν</span> <span class='ocrx_word' id='word_1_283' title='bbox 677 2643 747 2697; x_wconf 83' lang='grc' dir='ltr'>ἐγὼ</span> <span class='ocrx_word' id='word_1_284' title='bbox 770 2645 924 2697; x_wconf 78' lang='grc' dir='ltr'>βασιλῆα</span> <span class='ocrx_word' id='word_1_285' title='bbox 948 2644 1082 2694; x_wconf 84' lang='grc' dir='ltr'>τίθημι.</span> 
     </span>
    </p>
   </div>
   <div class='ocr_carea' id='block_1_9' title="bbox 164 2720 1147 3132">
    <p class='ocr_par' dir='ltr' id='par_1_11' title="bbox 164 2720 1147 3132">
     <span class='ocr_line' id='line_1_41' title="bbox 221 2720 1147 2773; baseline 0.005 -16"><span class='ocrx_word' id='word_1_286' title='bbox 221 2720 393 2772; x_wconf 82' lang='lat' dir='ltr'><strong>(Proclus</strong></span> <span class='ocrx_word' id='word_1_287' title='bbox 416 2723 455 2758; x_wconf 88' lang='lat' dir='ltr'>in</span> <span class='ocrx_word' id='word_1_288' title='bbox 472 2723 576 2761; x_wconf 83' lang='lat' dir='ltr'>Crat.</span> <span class='ocrx_word' id='word_1_289' title='bbox 599 2735 637 2772; x_wconf 89' lang='lat' dir='ltr'>p.</span> <span class='ocrx_word' id='word_1_290' title='bbox 662 2721 715 2773; x_wconf 86' lang='lat'>59</span> <span class='ocrx_word' id='word_1_291' title='bbox 735 2735 744 2759; x_wconf 71' lang='grc' dir='ltr'>ε</span> <span class='ocrx_word' id='word_1_292' title='bbox 776 2720 847 2760; x_wconf 84' lang='grc' dir='ltr'>Καὶ</span> <span class='ocrx_word' id='word_1_293' title='bbox 867 2723 885 2760; x_wconf 89' lang='lat'><em>6</em></span> <span class='ocrx_word' id='word_1_294' title='bbox 904 2721 1072 2766; x_wconf 83' lang='grc' dir='ltr'>Διόνυσος</span> <span class='ocrx_word' id='word_1_295' title='bbox 1088 2738 1147 2762; x_wconf 87' lang='grc' dir='ltr'>τε-</span> 
     </span>
     <span class='ocr_line' id='line_1_42' title="bbox 166 2779 1146 2836; baseline 0.001 -19"><span class='ocrx_word' id='word_1_296' title='bbox 166 2781 323 2825; x_wconf 83' lang='grc' dir='ltr'>Λευταῒος</span> <span class='ocrx_word' id='word_1_297' title='bbox 357 2781 442 2818; x_wconf 87' lang='grc' dir='ltr'>θεῶν</span> <span class='ocrx_word' id='word_1_298' title='bbox 479 2780 642 2832; x_wconf 83' lang='grc' dir='ltr'>βασιλεὺς</span> <span class='ocrx_word' id='word_1_299' title='bbox 672 2780 772 2833; x_wconf 83' lang='grc' dir='ltr'>παρὰ</span> <span class='ocrx_word' id='word_1_300' title='bbox 812 2783 873 2819; x_wconf 88' lang='grc' dir='ltr'>τοῦ</span> <span class='ocrx_word' id='word_1_301' title='bbox 905 2779 996 2826; x_wconf 91' lang='grc' dir='ltr'>Διός·</span> <span class='ocrx_word' id='word_1_302' title='bbox 1027 2784 1046 2820; x_wconf 91' lang='lat'><em>6</em></span> <span class='ocrx_word' id='word_1_303' title='bbox 1078 2781 1146 2836; x_wconf 84' lang='grc' dir='ltr'>γὰρ</span> 
     </span>
     <span class='ocr_line' id='line_1_43' title="bbox 164 2837 1146 2893; baseline 0.003 -17"><span class='ocrx_word' id='word_1_304' title='bbox 164 2837 286 2892; x_wconf 79' lang='grc' dir='ltr'>πατὴρ</span> <span class='ocrx_word' id='word_1_305' title='bbox 307 2838 418 2891; x_wconf 77' lang='grc' dir='ltr'>ἱδρύει</span> <span class='ocrx_word' id='word_1_306' title='bbox 446 2854 485 2877; x_wconf 88' lang='grc' dir='ltr'>τε</span> <span class='ocrx_word' id='word_1_307' title='bbox 505 2839 609 2878; x_wconf 80' lang='grc' dir='ltr'>αὐτὸν</span> <span class='ocrx_word' id='word_1_308' title='bbox 632 2840 666 2878; x_wconf 88' lang='grc' dir='ltr'>ἐν</span> <span class='ocrx_word' id='word_1_309' title='bbox 696 2842 746 2892; x_wconf 86' lang='grc' dir='ltr'>τῷ</span> <span class='ocrx_word' id='word_1_310' title='bbox 768 2838 936 2892; x_wconf 85' lang='grc' dir='ltr'>βασιλείῳ</span> <span class='ocrx_word' id='word_1_311' title='bbox 956 2839 1065 2893; x_wconf 81' lang='grc' dir='ltr'>θρόνῳ</span> <span class='ocrx_word' id='word_1_312' title='bbox 1086 2840 1146 2879; x_wconf 82' lang='grc' dir='ltr'>καὶ</span> 
     </span>
     <span class='ocr_line' id='line_1_44' title="bbox 165 2897 1145 2952; baseline 0.001 -15"><span class='ocrx_word' id='word_1_313' title='bbox 165 2897 351 2951; x_wconf 80' lang='grc' dir='ltr'>ἐγχειρίζει</span> <span class='ocrx_word' id='word_1_314' title='bbox 382 2898 422 2937; x_wconf 85' lang='grc' dir='ltr'>τὸ</span> <span class='ocrx_word' id='word_1_315' title='bbox 451 2901 631 2952; x_wconf 70' lang='grc' dir='ltr'>σκῆπτρον</span> <span class='ocrx_word' id='word_1_316' title='bbox 667 2899 728 2938; x_wconf 76' lang='grc' dir='ltr'>καὶ</span> <span class='ocrx_word' id='word_1_317' title='bbox 764 2898 915 2951; x_wconf 81' lang='grc' dir='ltr'>βασιλέα</span> <span class='ocrx_word' id='word_1_318' title='bbox 947 2902 1044 2938; x_wconf 86' lang='grc' dir='ltr'>ποιεῖ</span> <span class='ocrx_word' id='word_1_319' title='bbox 1075 2901 1145 2938; x_wconf 86' lang='grc' dir='ltr'>τῶν</span> 
     </span>
     <span class='ocr_line' id='line_1_45' title="bbox 165 2957 1145 3010; baseline 0 -14"><span class='ocrx_word' id='word_1_320' title='bbox 165 2957 363 3009; x_wconf 88' lang='grc' dir='ltr'>ἐγκοσμίων</span> <span class='ocrx_word' id='word_1_321' title='bbox 396 2958 562 2998; x_wconf 75' lang='grc' dir='ltr'>ἁπάντων</span> <span class='ocrx_word' id='word_1_322' title='bbox 591 2962 690 2998; x_wconf 90' lang='grc' dir='ltr'>θεῶν·</span> <span class='ocrx_word' id='word_1_323' title='bbox 710 2961 816 2997; x_wconf 90' lang='grc' dir='ltr'>κλῦτε</span> <span class='ocrx_word' id='word_1_324' title='bbox 836 2959 928 3006; x_wconf 88' lang='grc' dir='ltr'>θεοί,</span> <span class='ocrx_word' id='word_1_325' title='bbox 946 2958 1005 2998; x_wconf 85' lang='grc' dir='ltr'>τὸν</span> <span class='ocrx_word' id='word_1_326' title='bbox 1028 2958 1057 2997; x_wconf 84' lang='grc' dir='ltr'>δ’</span> <span class='ocrx_word' id='word_1_327' title='bbox 1077 2957 1145 3010; x_wconf 72' lang='grc' dir='ltr'>ὔμ-</span> 
     </span>
     <span class='ocr_line' id='line_1_46' title="bbox 167 3017 1146 3071; baseline -0.001 -16"><span class='ocrx_word' id='word_1_328' title='bbox 167 3033 226 3068; x_wconf 88' lang='grc' dir='ltr'>μιν</span> <span class='ocrx_word' id='word_1_329' title='bbox 246 3019 323 3056; x_wconf 90' lang='grc' dir='ltr'>κτλ.</span> <span class='ocrx_word' id='word_1_330' title='bbox 344 3017 439 3070; x_wconf 85' lang='grc' dir='ltr'>λέγει</span> <span class='ocrx_word' id='word_1_331' title='bbox 458 3017 543 3071; x_wconf 81' lang='grc' dir='ltr'>πρὸς</span> <span class='ocrx_word' id='word_1_332' title='bbox 556 3017 636 3063; x_wconf 77' lang='grc' dir='ltr'>τοὺς</span> <span class='ocrx_word' id='word_1_333' title='bbox 655 3017 750 3062; x_wconf 87' lang='grc' dir='ltr'>νέους</span> <span class='ocrx_word' id='word_1_334' title='bbox 763 3017 859 3063; x_wconf 81' lang='grc' dir='ltr'>θεοὺς</span> <span class='ocrx_word' id='word_1_335' title='bbox 875 3020 894 3057; x_wconf 89' lang='lat'><em>6</em></span> <span class='ocrx_word' id='word_1_336' title='bbox 915 3017 1016 3062; x_wconf 88' lang='grc' dir='ltr'>Ζεύς.</span> <span class='ocrx_word' id='word_1_337' title='bbox 1038 3019 1146 3058; x_wconf 85' lang='lat' dir='ltr'><strong>Idem</strong></span> 
     </span>
     <span class='ocr_line' id='line_1_47' title="bbox 164 3076 1145 3132; baseline 0.001 -18"><span class='ocrx_word' id='word_1_338' title='bbox 164 3079 204 3114; x_wconf 89' lang='lat' dir='ltr'>in</span> <span class='ocrx_word' id='word_1_339' title='bbox 222 3077 400 3117; x_wconf 81' lang='lat' dir='ltr'><strong>Parmen.</strong></span> <span class='ocrx_word' id='word_1_340' title='bbox 419 3079 494 3118; x_wconf 91' lang='lat' dir='ltr'>VII</span> <span class='ocrx_word' id='word_1_341' title='bbox 511 3093 550 3129; x_wconf 93' lang='lat' dir='ltr'>p.</span> <span class='ocrx_word' id='word_1_342' title='bbox 572 3080 648 3117; x_wconf 78' lang='lat'>230</span> <span class='ocrx_word' id='word_1_343' title='bbox 666 3093 675 3119; x_wconf 89' lang='lat'>:</span> <span class='ocrx_word' id='word_1_344' title='bbox 693 3077 827 3132; x_wconf 86' lang='grc' dir='ltr'>Χρόνος</span> <span class='ocrx_word' id='word_1_345' title='bbox 842 3077 878 3117; x_wconf 81' lang='grc' dir='ltr'>δὲ</span> <span class='ocrx_word' id='word_1_346' title='bbox 895 3079 964 3118; x_wconf 78' lang='grc' dir='ltr'>ὑπὸ</span> <span class='ocrx_word' id='word_1_347' title='bbox 986 3076 1145 3131; x_wconf 79' lang='grc' dir='ltr'>Ὀρφέως</span> 
     </span>
    </p>
   </div>
   <div class='ocr_carea' id='block_1_10' title="bbox 85 3221 1143 3559">
    <p class='ocr_par' dir='ltr' id='par_1_12' title="bbox 85 3221 1143 3559">
     <span class='ocr_line' id='line_1_48' title="bbox 85 3221 949 3266; baseline 0.003 -12"><span class='ocrx_word' id='word_1_348' title='bbox 85 3221 340 3262; x_wconf 79' lang='lat' dir='ltr'><strong>Primogenitum</strong></span> <span class='ocrx_word' id='word_1_349' title='bbox 358 3223 489 3266; x_wconf 85' lang='lat' dir='ltr'><strong>quidem</strong></span> <span class='ocrx_word' id='word_1_350' title='bbox 505 3233 600 3257; x_wconf 87' lang='lat' dir='ltr'><strong>nemo</strong></span> <span class='ocrx_word' id='word_1_351' title='bbox 617 3225 755 3258; x_wconf 77' lang='lat' dir='ltr'>intuitus</span> <span class='ocrx_word' id='word_1_352' title='bbox 771 3226 821 3259; x_wconf 82' lang='lat' dir='ltr'><strong>est</strong></span> <span class='ocrx_word' id='word_1_353' title='bbox 835 3225 949 3266; x_wconf 87' lang='lat' dir='ltr'><strong>oculis,</strong></span> 
     </span>
     <span class='ocr_line' id='line_1_49' title="bbox 85 3281 685 3325; baseline 0.007 -12"><span class='ocrx_word' id='word_1_354' title='bbox 85 3281 144 3313; x_wconf 89' lang='lat' dir='ltr'><strong>nisi</strong></span> <span class='ocrx_word' id='word_1_355' title='bbox 160 3281 226 3314; x_wconf 79' lang='lat' dir='ltr'><strong>soia</strong></span> <span class='ocrx_word' id='word_1_356' title='bbox 243 3291 310 3314; x_wconf 85' lang='lat' dir='ltr'>nox</span> <span class='ocrx_word' id='word_1_357' title='bbox 328 3291 417 3316; x_wconf 80' lang='lat' dir='ltr'><strong>sacra</strong></span> <span class='ocrx_word' id='word_1_358' title='bbox 426 3294 436 3325; x_wconf 93' lang='lat'>;</span> <span class='ocrx_word' id='word_1_359' title='bbox 450 3283 558 3316; x_wconf 78' lang='lat' dir='ltr'><strong>caeteri</strong></span> <span class='ocrx_word' id='word_1_360' title='bbox 572 3293 685 3317; x_wconf 87' lang='lat' dir='ltr'><strong>omnes</strong></span> 
     </span>
     <span class='ocr_line' id='line_1_50' title="bbox 85 3339 1143 3386; baseline 0.004 -14"><span class='ocrx_word' id='word_1_361' title='bbox 85 3339 331 3374; x_wconf 79' lang='lat' dir='ltr'><strong>admirabantur</strong></span> <span class='ocrx_word' id='word_1_362' title='bbox 350 3342 583 3384; x_wconf 79' lang='lat' dir='ltr'><strong>conspicientes</strong></span> <span class='ocrx_word' id='word_1_363' title='bbox 606 3344 637 3376; x_wconf 91' lang='lat' dir='ltr'>in</span> <span class='ocrx_word' id='word_1_364' title='bbox 656 3344 778 3378; x_wconf 75' lang='lat' dir='ltr'><strong>aethere</strong></span> <span class='ocrx_word' id='word_1_365' title='bbox 794 3344 993 3386; x_wconf 79' lang='lat' dir='ltr'><strong>insperatum</strong></span> <span class='ocrx_word' id='word_1_366' title='bbox 1013 3343 1122 3377; x_wconf 87' lang='lat' dir='ltr'><strong>lumen</strong></span> <span class='ocrx_word' id='word_1_367' title='bbox 1133 3355 1143 3386; x_wconf 89' lang='lat'>;</span> 
     </span>
     <span class='ocr_line' id='line_1_51' title="bbox 86 3399 900 3443; baseline 0.007 -12"><span class='ocrx_word' id='word_1_368' title='bbox 86 3399 168 3433; x_wconf 77' lang='lat' dir='ltr'><strong>adeo</strong></span> <span class='ocrx_word' id='word_1_369' title='bbox 185 3400 378 3434; x_wconf 84' lang='lat' dir='ltr'><strong>coruscabat</strong></span> <span class='ocrx_word' id='word_1_370' title='bbox 399 3410 517 3443; x_wconf 81' lang='lat' dir='ltr'><strong>corpus</strong></span> <span class='ocrx_word' id='word_1_371' title='bbox 533 3403 684 3436; x_wconf 83' lang='lat' dir='ltr'><strong>Phanetis</strong></span> <span class='ocrx_word' id='word_1_372' title='bbox 698 3403 900 3437; x_wconf 83' lang='lat' dir='ltr'><strong>immortalis.</strong></span> 
     </span>
     <span class='ocr_line' id='line_1_52' title="bbox 573 3460 655 3493; baseline -0.024 -1"><span class='ocrx_word' id='word_1_373' title='bbox 573 3460 655 3493; x_wconf 85' lang='lat' dir='ltr'><strong>LIV.</strong></span> 
     </span>
     <span class='ocr_line' id='line_1_53' title="bbox 87 3514 817 3559; baseline 0.008 -12"><span class='ocrx_word' id='word_1_374' title='bbox 87 3514 241 3554; x_wconf 80' lang='lat' dir='ltr'><strong>Quamvis</strong></span> <span class='ocrx_word' id='word_1_375' title='bbox 260 3516 385 3558; x_wconf 84' lang='lat' dir='ltr'><strong>pusioni</strong></span> <span class='ocrx_word' id='word_1_376' title='bbox 402 3518 434 3550; x_wconf 86' lang='lat' dir='ltr'><strong>et</strong></span> <span class='ocrx_word' id='word_1_377' title='bbox 453 3518 586 3559; x_wconf 81' lang='lat' dir='ltr'><strong>parvulo</strong></span> <span class='ocrx_word' id='word_1_378' title='bbox 605 3519 765 3553; x_wconf 81' lang='lat' dir='ltr'><strong>convivae.</strong></span> <span class='ocrx_word' id='word_1_379' title='bbox 783 3537 817 3545; x_wconf 86' lang='lat'>—</span> 
     </span>
    </p>
   </div>
   <div class='ocr_carea' id='block_1_11' title="bbox 1282 338 2262 711">
    <p class='ocr_par' dir='ltr' id='par_1_13' title="bbox 1282 338 2262 631">
     <span class='ocr_line' id='line_1_54' title="bbox 1282 338 2258 396; baseline 0.005 -18"><span class='ocrx_word' id='word_1_380' title='bbox 1282 338 1492 390; x_wconf 80' lang='grc' dir='ltr'>ὀνομάζεται</span> <span class='ocrx_word' id='word_1_381' title='bbox 1526 338 1620 378; x_wconf 75' lang='grc' dir='ltr'>κατὰ</span> <span class='ocrx_word' id='word_1_382' title='bbox 1650 339 1692 387; x_wconf 89' lang='grc' dir='ltr'>δή</span> <span class='ocrx_word' id='word_1_383' title='bbox 1722 356 1800 379; x_wconf 90' lang='grc' dir='ltr'>τινα</span> <span class='ocrx_word' id='word_1_384' title='bbox 1821 341 2028 393; x_wconf 80' lang='grc' dir='ltr'>θαυμαστὴν</span> <span class='ocrx_word' id='word_1_385' title='bbox 2052 343 2258 396; x_wconf 84' lang='grc' dir='ltr'>ἀναλογίαν.</span> 
     </span>
     <span class='ocr_line' id='line_1_55' title="bbox 1284 396 2262 452; baseline 0.004 -14"><span class='ocrx_word' id='word_1_386' title='bbox 1284 397 1445 442; x_wconf 88' lang='grc' dir='ltr'>Γενέσεις</span> <span class='ocrx_word' id='word_1_387' title='bbox 1465 396 1534 451; x_wconf 84' lang='grc' dir='ltr'>γὰρ</span> <span class='ocrx_word' id='word_1_388' title='bbox 1554 400 1572 437; x_wconf 93' lang='lat'><em>6</em></span> <span class='ocrx_word' id='word_1_389' title='bbox 1599 399 1758 451; x_wconf 84' lang='grc' dir='ltr'>θεολόγος</span> <span class='ocrx_word' id='word_1_390' title='bbox 1778 403 1847 439; x_wconf 85' lang='grc' dir='ltr'>τῶν</span> <span class='ocrx_word' id='word_1_391' title='bbox 1870 401 2066 452; x_wconf 85' lang='grc' dir='ltr'>ἀγεννήτων</span> <span class='ocrx_word' id='word_1_392' title='bbox 2090 403 2262 452; x_wconf 74' lang='grc' dir='ltr'>μυστικὰς</span> 
     </span>
     <span class='ocr_line' id='line_1_56' title="bbox 1285 455 2260 512; baseline 0.005 -16"><span class='ocrx_word' id='word_1_393' title='bbox 1285 456 1474 508; x_wconf 87' lang='grc' dir='ltr'>παραδούς,</span> <span class='ocrx_word' id='word_1_394' title='bbox 1490 456 1551 496; x_wconf 82' lang='grc' dir='ltr'>καὶ</span> <span class='ocrx_word' id='word_1_395' title='bbox 1571 455 1611 496; x_wconf 85' lang='grc' dir='ltr'>τὸ</span> <span class='ocrx_word' id='word_1_396' title='bbox 1632 456 1742 497; x_wconf 88' lang='grc' dir='ltr'>αἴτιον</span> <span class='ocrx_word' id='word_1_397' title='bbox 1768 460 1830 506; x_wconf 81' lang='grc' dir='ltr'>τῆς</span> <span class='ocrx_word' id='word_1_398' title='bbox 1852 459 2052 512; x_wconf 88' lang='grc' dir='ltr'>ἐκφάνσεως</span> <span class='ocrx_word' id='word_1_399' title='bbox 2071 464 2139 500; x_wconf 86' lang='grc' dir='ltr'>τῶν</span> <span class='ocrx_word' id='word_1_400' title='bbox 2161 461 2260 501; x_wconf 86' lang='grc' dir='ltr'>θείων</span> 
     </span>
     <span class='ocr_line' id='line_1_57' title="bbox 1282 515 2261 574; baseline 0.006 -18"><span class='ocrx_word' id='word_1_401' title='bbox 1282 516 1418 570; x_wconf 86' lang='grc' dir='ltr'>χρόνων</span> <span class='ocrx_word' id='word_1_402' title='bbox 1445 515 1669 568; x_wconf 71' lang='grc' dir='ltr'>συμὸολικῶς</span> <span class='ocrx_word' id='word_1_403' title='bbox 1691 516 1891 569; x_wconf 88' lang='grc' dir='ltr'>ὠνόμασεν·</span> <span class='ocrx_word' id='word_1_404' title='bbox 1919 518 2006 559; x_wconf 82' lang='grc' dir='ltr'>ὅπου</span> <span class='ocrx_word' id='word_1_405' title='bbox 2032 521 2098 574; x_wconf 78' lang='grc' dir='ltr'>γὰρ</span> <span class='ocrx_word' id='word_1_406' title='bbox 2118 521 2261 574; x_wconf 88' lang='grc' dir='ltr'>γένεσις,</span> 
     </span>
     <span class='ocr_line' id='line_1_58' title="bbox 1282 575 1598 631; baseline 0.006 -16"><span class='ocrx_word' id='word_1_407' title='bbox 1282 578 1355 616; x_wconf 87' lang='grc' dir='ltr'>ἐκεῖ</span> <span class='ocrx_word' id='word_1_408' title='bbox 1370 576 1431 616; x_wconf 81' lang='grc' dir='ltr'>καὶ</span> <span class='ocrx_word' id='word_1_409' title='bbox 1445 575 1598 631; x_wconf 80' lang='grc' dir='ltr'>χρόνος.)</span> 
     </span>
    </p>

    <p class='ocr_par' dir='ltr' id='par_1_14' title="bbox 1286 654 2220 711">
     <span class='ocr_line' id='line_1_59' title="bbox 1286 654 2220 711; baseline 0.003 -16"><span class='ocrx_word' id='word_1_410' title='bbox 1286 654 1491 707; x_wconf 90' lang='grc' dir='ltr'>Ποιμαίνων</span> <span class='ocrx_word' id='word_1_411' title='bbox 1505 655 1740 710; x_wconf 89' lang='grc' dir='ltr'>πραπίδεσσιν</span> <span class='ocrx_word' id='word_1_412' title='bbox 1757 655 1960 708; x_wconf 83' lang='grc' dir='ltr'>ἀνόμματον</span> <span class='ocrx_word' id='word_1_413' title='bbox 1979 656 2072 696; x_wconf 79' lang='grc' dir='ltr'>ὠκὺν</span> <span class='ocrx_word' id='word_1_414' title='bbox 2092 657 2220 711; x_wconf 88' lang='grc' dir='ltr'>ἔρωτα.</span> 
     </span>
    </p>
   </div>
   <div class='ocr_carea' id='block_1_12' title="bbox 1284 745 2270 1458">
    <p class='ocr_par' dir='ltr' id='par_1_15' title="bbox 1284 745 2270 1458">
     <span class='ocr_line' id='line_1_60' title="bbox 1339 745 2264 800; baseline 0.001 -16"><span class='ocrx_word' id='word_1_415' title='bbox 1339 745 1514 797; x_wconf 90' lang='lat' dir='ltr'><strong>(Proclus</strong></span> <span class='ocrx_word' id='word_1_416' title='bbox 1533 747 1573 782; x_wconf 91' lang='lat' dir='ltr'>in</span> <span class='ocrx_word' id='word_1_417' title='bbox 1589 746 1783 787; x_wconf 87' lang='lat' dir='ltr'><strong>Alcibiad.</strong></span> <span class='ocrx_word' id='word_1_418' title='bbox 1811 749 1830 784; x_wconf 98' lang='lat' dir='ltr'><strong>I</strong></span> <span class='ocrx_word' id='word_1_419' title='bbox 1848 758 1858 786; x_wconf 71' lang='grc' dir='ltr'>ε</span> <span class='ocrx_word' id='word_1_420' title='bbox 1882 745 1930 786; x_wconf 89' lang='lat' dir='ltr'>‘O</span> <span class='ocrx_word' id='word_1_421' title='bbox 1958 746 2118 799; x_wconf 90' lang='grc' dir='ltr'>θεολόγος</span> <span class='ocrx_word' id='word_1_422' title='bbox 2141 749 2158 786; x_wconf 91' lang='lat'><em>6</em></span> <span class='ocrx_word' id='word_1_423' title='bbox 2179 749 2264 800; x_wconf 87' lang='grc' dir='ltr'>παρ’</span> 
     </span>
     <span class='ocr_line' id='line_1_61' title="bbox 1285 802 2262 859; baseline 0.003 -16"><span class='ocrx_word' id='word_1_424' title='bbox 1285 802 1461 852; x_wconf 83' lang='grc' dir='ltr'>Ἕλλησιν</span> <span class='ocrx_word' id='word_1_425' title='bbox 1491 804 1694 856; x_wconf 85' lang='grc' dir='ltr'>ἀνόμματον</span> <span class='ocrx_word' id='word_1_426' title='bbox 1713 806 1886 845; x_wconf 83' lang='grc' dir='ltr'>ἀποκαλεῖ</span> <span class='ocrx_word' id='word_1_427' title='bbox 1905 806 1962 845; x_wconf 84' lang='grc' dir='ltr'>τὸν</span> <span class='ocrx_word' id='word_1_428' title='bbox 1985 807 2098 859; x_wconf 74' lang='grc' dir='ltr'>ἔρωτα</span> <span class='ocrx_word' id='word_1_429' title='bbox 2120 808 2262 847; x_wconf 81' lang='grc' dir='ltr'>ἐκεῖνον·</span> 
     </span>
     <span class='ocr_line' id='line_1_62' title="bbox 1284 864 2267 919; baseline 0.006 -16"><span class='ocrx_word' id='word_1_430' title='bbox 1284 864 1482 917; x_wconf 87' lang='grc' dir='ltr'>ποιμαίνων</span> <span class='ocrx_word' id='word_1_431' title='bbox 1501 870 1579 907; x_wconf 88' lang='grc' dir='ltr'>κτλ.</span> <span class='ocrx_word' id='word_1_432' title='bbox 1595 868 1704 906; x_wconf 91' lang='lat' dir='ltr'><strong>Idem</strong></span> <span class='ocrx_word' id='word_1_433' title='bbox 1718 868 1814 907; x_wconf 85' lang='lat' dir='ltr'><strong>ibid.</strong></span> <span class='ocrx_word' id='word_1_434' title='bbox 1831 881 1840 907; x_wconf 71' lang='grc' dir='ltr'>ε</span> <span class='ocrx_word' id='word_1_435' title='bbox 1856 867 1930 907; x_wconf 84' lang='grc' dir='ltr'>Καί</span> <span class='ocrx_word' id='word_1_436' title='bbox 1951 883 2011 919; x_wconf 94' lang='grc' dir='ltr'>μοι</span> <span class='ocrx_word' id='word_1_437' title='bbox 2031 870 2139 919; x_wconf 86' lang='grc' dir='ltr'>δοκεῖ,</span> <span class='ocrx_word' id='word_1_438' title='bbox 2158 868 2267 909; x_wconf 85' lang='grc' dir='ltr'>καθά-</span> 
     </span>
     <span class='ocr_line' id='line_1_63' title="bbox 1285 924 2263 983; baseline 0.004 -20"><span class='ocrx_word' id='word_1_439' title='bbox 1285 939 1353 978; x_wconf 81' lang='grc' dir='ltr'>περ</span> <span class='ocrx_word' id='word_1_440' title='bbox 1387 924 1540 979; x_wconf 75' lang='grc' dir='ltr'>Ὀρφεὺς</span> <span class='ocrx_word' id='word_1_441' title='bbox 1566 925 1731 980; x_wconf 84' lang='grc' dir='ltr'>ἐφίστησι</span> <span class='ocrx_word' id='word_1_442' title='bbox 1757 927 1809 980; x_wconf 82' lang='grc' dir='ltr'>τῷ</span> <span class='ocrx_word' id='word_1_443' title='bbox 1839 928 1979 980; x_wconf 87' lang='grc' dir='ltr'>βασιλεῖ</span> <span class='ocrx_word' id='word_1_444' title='bbox 2007 928 2167 983; x_wconf 87' lang='grc' dir='ltr'>Διονύσῳ</span> <span class='ocrx_word' id='word_1_445' title='bbox 2199 927 2263 977; x_wconf 76' lang='grc' dir='ltr'>τὴν</span> 
     </span>
     <span class='ocr_line' id='line_1_64' title="bbox 1288 984 2266 1040; baseline 0.006 -18"><span class='ocrx_word' id='word_1_446' title='bbox 1288 984 1424 1037; x_wconf 83' lang='grc' dir='ltr'>μονάδα</span> <span class='ocrx_word' id='word_1_447' title='bbox 1452 984 1517 1033; x_wconf 77' lang='grc' dir='ltr'>τὴν</span> <span class='ocrx_word' id='word_1_448' title='bbox 1549 985 1836 1034; x_wconf 83' lang='grc' dir='ltr'>Ἀπολλωνιακὴν</span> <span class='ocrx_word' id='word_1_449' title='bbox 1866 986 2137 1040; x_wconf 87' lang='grc' dir='ltr'>ἀποτρέπουσαν</span> <span class='ocrx_word' id='word_1_450' title='bbox 2160 989 2266 1029; x_wconf 82' lang='grc' dir='ltr'>αὐτὸν</span> 
     </span>
     <span class='ocr_line' id='line_1_65' title="bbox 1285 1045 2267 1100; baseline 0.002 -15"><span class='ocrx_word' id='word_1_451' title='bbox 1285 1049 1348 1095; x_wconf 75' lang='grc' dir='ltr'>τῆς</span> <span class='ocrx_word' id='word_1_452' title='bbox 1367 1047 1415 1090; x_wconf 90' lang='grc' dir='ltr'>εἷς</span> <span class='ocrx_word' id='word_1_453' title='bbox 1433 1045 1474 1085; x_wconf 83' lang='grc' dir='ltr'>τὸ</span> <span class='ocrx_word' id='word_1_454' title='bbox 1494 1048 1528 1086; x_wconf 92' lang='grc' dir='ltr'>Τ</span> <span class='ocrx_word' id='word_1_455' title='bbox 1532 1046 1684 1086; x_wconf 84' lang='grc' dir='ltr'>ιτανικὸν</span> <span class='ocrx_word' id='word_1_456' title='bbox 1712 1047 1845 1094; x_wconf 79' lang='grc' dir='ltr'>πλῆθος</span> <span class='ocrx_word' id='word_1_457' title='bbox 1880 1047 2030 1100; x_wconf 89' lang='grc' dir='ltr'>προόδου</span> <span class='ocrx_word' id='word_1_458' title='bbox 2056 1048 2116 1087; x_wconf 81' lang='grc' dir='ltr'>καὶ</span> <span class='ocrx_word' id='word_1_459' title='bbox 2143 1047 2267 1094; x_wconf 81' lang='grc' dir='ltr'>ἐξανα-</span> 
     </span>
     <span class='ocr_line' id='line_1_66' title="bbox 1288 1104 2267 1162; baseline 0.003 -17"><span class='ocrx_word' id='word_1_460' title='bbox 1288 1104 1446 1149; x_wconf 87' lang='grc' dir='ltr'>στάσεως</span> <span class='ocrx_word' id='word_1_461' title='bbox 1479 1108 1540 1143; x_wconf 86' lang='grc' dir='ltr'>τοῦ</span> <span class='ocrx_word' id='word_1_462' title='bbox 1579 1105 1759 1158; x_wconf 84' lang='grc' dir='ltr'>βασιλείου</span> <span class='ocrx_word' id='word_1_463' title='bbox 1793 1106 1933 1159; x_wconf 85' lang='grc' dir='ltr'>θρόνου,</span> <span class='ocrx_word' id='word_1_464' title='bbox 1958 1106 2020 1146; x_wconf 72' lang='grc' dir='ltr'>καὶ</span> <span class='ocrx_word' id='word_1_465' title='bbox 2048 1112 2267 1162; x_wconf 78' lang='grc' dir='ltr'>φρουροῦσαν</span> 
     </span>
     <span class='ocr_line' id='line_1_67' title="bbox 1288 1164 2269 1218; baseline 0.005 -16"><span class='ocrx_word' id='word_1_466' title='bbox 1288 1164 1392 1204; x_wconf 84' lang='grc' dir='ltr'>αὐτὸν</span> <span class='ocrx_word' id='word_1_467' title='bbox 1423 1164 1599 1217; x_wconf 85' lang='grc' dir='ltr'>ἄχραντον</span> <span class='ocrx_word' id='word_1_468' title='bbox 1632 1166 1667 1203; x_wconf 87' lang='grc' dir='ltr'>ἐν</span> <span class='ocrx_word' id='word_1_469' title='bbox 1698 1168 1741 1218; x_wconf 85' lang='grc' dir='ltr'>τῇ</span> <span class='ocrx_word' id='word_1_470' title='bbox 1771 1166 1915 1218; x_wconf 80' lang='grc' dir='ltr'>ἑνώσει,</span> <span class='ocrx_word' id='word_1_471' title='bbox 1932 1170 2084 1205; x_wconf 87' lang='grc' dir='ltr'>τοιαῦτα</span> <span class='ocrx_word' id='word_1_472' title='bbox 2107 1166 2148 1215; x_wconf 87' lang='grc' dir='ltr'>δὴ</span> <span class='ocrx_word' id='word_1_473' title='bbox 2171 1168 2230 1206; x_wconf 78' lang='grc' dir='ltr'>καὶ</span> <span class='ocrx_word' id='word_1_474' title='bbox 2250 1170 2269 1207; x_wconf 97' lang='lat'><em>6</em></span> 
     </span>
     <span class='ocr_line' id='line_1_68' title="bbox 1288 1222 2268 1278; baseline 0.001 -15"><span class='ocrx_word' id='word_1_475' title='bbox 1288 1222 1498 1276; x_wconf 83' lang='grc' dir='ltr'>Σωκράτους</span> <span class='ocrx_word' id='word_1_476' title='bbox 1530 1222 1668 1274; x_wconf 86' lang='grc' dir='ltr'>δαίμων</span> <span class='ocrx_word' id='word_1_477' title='bbox 1701 1224 1880 1278; x_wconf 83' lang='grc' dir='ltr'>περιάγειν</span> <span class='ocrx_word' id='word_1_478' title='bbox 1917 1224 1980 1276; x_wconf 82' lang='grc' dir='ltr'>μὲν</span> <span class='ocrx_word' id='word_1_479' title='bbox 2010 1225 2117 1264; x_wconf 84' lang='grc' dir='ltr'>αὐτὸν</span> <span class='ocrx_word' id='word_1_480' title='bbox 2138 1228 2185 1271; x_wconf 88' lang='grc' dir='ltr'>εἷς</span> <span class='ocrx_word' id='word_1_481' title='bbox 2204 1225 2268 1274; x_wconf 80' lang='grc' dir='ltr'>τὴν</span> 
     </span>
     <span class='ocr_line' id='line_1_69' title="bbox 1285 1282 2270 1338; baseline 0.002 -16"><span class='ocrx_word' id='word_1_482' title='bbox 1285 1282 1408 1337; x_wconf 87' lang='grc' dir='ltr'>νοερὰν</span> <span class='ocrx_word' id='word_1_483' title='bbox 1443 1283 1642 1338; x_wconf 77' lang='grc' dir='ltr'>περιωπήν,</span> <span class='ocrx_word' id='word_1_484' title='bbox 1672 1284 1811 1337; x_wconf 82' lang='grc' dir='ltr'>ἐπέχειν</span> <span class='ocrx_word' id='word_1_485' title='bbox 1834 1284 1870 1324; x_wconf 81' lang='grc' dir='ltr'>δὲ</span> <span class='ocrx_word' id='word_1_486' title='bbox 1890 1287 1959 1323; x_wconf 90' lang='grc' dir='ltr'>τῶν</span> <span class='ocrx_word' id='word_1_487' title='bbox 1985 1285 2070 1337; x_wconf 85' lang='grc' dir='ltr'>πρὸς</span> <span class='ocrx_word' id='word_1_488' title='bbox 2090 1285 2169 1331; x_wconf 76' lang='grc' dir='ltr'>τοὺς</span> <span class='ocrx_word' id='word_1_489' title='bbox 2185 1288 2270 1325; x_wconf 88' lang='grc' dir='ltr'>πολ-</span> 
     </span>
     <span class='ocr_line' id='line_1_70' title="bbox 1285 1343 2269 1399; baseline 0.004 -16"><span class='ocrx_word' id='word_1_490' title='bbox 1285 1343 1366 1388; x_wconf 76' lang='grc' dir='ltr'>λοὺς</span> <span class='ocrx_word' id='word_1_491' title='bbox 1385 1346 1589 1384; x_wconf 88' lang='grc' dir='ltr'>συνουσιῶν.</span> <span class='ocrx_word' id='word_1_492' title='bbox 1603 1345 1710 1384; x_wconf 85' lang='lat' dir='ltr'><strong>Idem</strong></span> <span class='ocrx_word' id='word_1_493' title='bbox 1723 1346 1818 1386; x_wconf 84' lang='lat' dir='ltr'><strong>ibid.</strong></span> <span class='ocrx_word' id='word_1_494' title='bbox 1832 1360 1841 1384; x_wconf 92' lang='lat'>:</span> <span class='ocrx_word' id='word_1_495' title='bbox 1855 1346 2034 1399; x_wconf 84' lang='grc' dir='ltr'>Πάρεδρος</span> <span class='ocrx_word' id='word_1_496' title='bbox 2050 1348 2068 1385; x_wconf 94' lang='lat'><em>6</em></span> <span class='ocrx_word' id='word_1_497' title='bbox 2085 1346 2189 1398; x_wconf 86' lang='grc' dir='ltr'>νόμος</span> <span class='ocrx_word' id='word_1_498' title='bbox 2208 1351 2269 1387; x_wconf 89' lang='grc' dir='ltr'>τοῦ</span> 
     </span>
     <span class='ocr_line' id='line_1_71' title="bbox 1285 1402 1819 1458; baseline 0.006 -17"><span class='ocrx_word' id='word_1_499' title='bbox 1285 1403 1388 1455; x_wconf 85' lang='grc' dir='ltr'>Διός,</span> <span class='ocrx_word' id='word_1_500' title='bbox 1411 1402 1458 1448; x_wconf 83' lang='grc' dir='ltr'>ὥς</span> <span class='ocrx_word' id='word_1_501' title='bbox 1475 1419 1579 1457; x_wconf 85' lang='grc' dir='ltr'>φησιν</span> <span class='ocrx_word' id='word_1_502' title='bbox 1604 1405 1622 1442; x_wconf 82' lang='grc' dir='ltr'>ὁ</span> <span class='ocrx_word' id='word_1_503' title='bbox 1639 1403 1819 1458; x_wconf 88' lang='grc' dir='ltr'>Ὀρφεύς.)</span> 
     </span>
    </p>
   </div>
   <div class='ocr_carea' id='block_1_13' title="bbox 1285 1493 2118 1634">
    <p class='ocr_par' dir='ltr' id='par_1_16' title="bbox 1285 1493 2118 1634">
     <span class='ocr_line' id='line_1_72' title="bbox 1694 1493 1775 1533; baseline 0 -1"><span class='ocrx_word' id='word_1_504' title='bbox 1694 1493 1775 1533; x_wconf 88' lang='lat' dir='ltr'>LV.</span> 
     </span>
     <span class='ocr_line' id='line_1_73' title="bbox 1285 1579 2118 1634; baseline 0.002 -15"><span class='ocrx_word' id='word_1_505' title='bbox 1285 1579 1400 1628; x_wconf 81' lang='grc' dir='ltr'>’Ύλης</span> <span class='ocrx_word' id='word_1_506' title='bbox 1422 1579 1585 1634; x_wconf 80' lang='grc' dir='ltr'>οὐρανίης</span> <span class='ocrx_word' id='word_1_507' title='bbox 1607 1579 1669 1619; x_wconf 81' lang='grc' dir='ltr'>καὶ</span> <span class='ocrx_word' id='word_1_508' title='bbox 1691 1580 1855 1634; x_wconf 80' lang='grc' dir='ltr'>ἀστερίης</span> <span class='ocrx_word' id='word_1_509' title='bbox 1868 1580 1929 1620; x_wconf 75' lang='grc' dir='ltr'>καὶ</span> <span class='ocrx_word' id='word_1_510' title='bbox 1949 1580 2118 1622; x_wconf 73' lang='grc' dir='ltr'>ἀὸύσσου.</span> 
     </span>
    </p>
   </div>
   <div class='ocr_carea' id='block_1_14' title="bbox 1285 1667 2271 2016">
    <p class='ocr_par' dir='ltr' id='par_1_17' title="bbox 1285 1667 2271 2016">
     <span class='ocr_line' id='line_1_74' title="bbox 1343 1667 2270 1719; baseline 0.001 -12"><span class='ocrx_word' id='word_1_511' title='bbox 1343 1667 1661 1719; x_wconf 86' lang='lat' dir='ltr'><strong>(Olympiodorus</strong></span> <span class='ocrx_word' id='word_1_512' title='bbox 1672 1667 1821 1707; x_wconf 89' lang='lat' dir='ltr'><strong>Comm.</strong></span> <span class='ocrx_word' id='word_1_513' title='bbox 1841 1671 1881 1706; x_wconf 91' lang='lat' dir='ltr'>in</span> <span class='ocrx_word' id='word_1_514' title='bbox 1894 1671 2087 1709; x_wconf 86' lang='lat' dir='ltr'><strong>Alcibiad.</strong></span> <span class='ocrx_word' id='word_1_515' title='bbox 2101 1672 2119 1708; x_wconf 96' lang='lat' dir='ltr'><strong>I</strong></span> <span class='ocrx_word' id='word_1_516' title='bbox 2137 1683 2146 1710; x_wconf 76' lang='grc' dir='ltr'>ε</span> <span class='ocrx_word' id='word_1_517' title='bbox 2162 1669 2270 1709; x_wconf 84' lang='grc' dir='ltr'>Ἀλλὰ</span> 
     </span>
     <span class='ocr_line' id='line_1_75' title="bbox 1289 1725 2271 1780; baseline 0.005 -16"><span class='ocrx_word' id='word_1_518' title='bbox 1289 1725 1358 1779; x_wconf 82' lang='grc' dir='ltr'>μὴν</span> <span class='ocrx_word' id='word_1_519' title='bbox 1377 1727 1438 1766; x_wconf 86' lang='grc' dir='ltr'>καὶ</span> <span class='ocrx_word' id='word_1_520' title='bbox 1452 1728 1557 1767; x_wconf 76' lang='grc' dir='ltr'>ὗλῶοι</span> <span class='ocrx_word' id='word_1_521' title='bbox 1571 1727 1734 1780; x_wconf 89' lang='grc' dir='ltr'>λέγονται</span> <span class='ocrx_word' id='word_1_522' title='bbox 1753 1729 1784 1766; x_wconf 81' lang='grc' dir='ltr'>οἱ</span> <span class='ocrx_word' id='word_1_523' title='bbox 1804 1727 1908 1774; x_wconf 86' lang='grc' dir='ltr'>τήνδε</span> <span class='ocrx_word' id='word_1_524' title='bbox 1921 1728 1984 1776; x_wconf 84' lang='grc' dir='ltr'>τὴν</span> <span class='ocrx_word' id='word_1_525' title='bbox 2004 1727 2089 1776; x_wconf 79' lang='grc' dir='ltr'>ὕλην</span> <span class='ocrx_word' id='word_1_526' title='bbox 2105 1728 2271 1775; x_wconf 82' lang='grc' dir='ltr'>ἐξάπτον-</span> 
     </span>
     <span class='ocr_line' id='line_1_76' title="bbox 1285 1787 2271 1842; baseline 0.003 -17"><span class='ocrx_word' id='word_1_527' title='bbox 1285 1802 1340 1831; x_wconf 90' lang='grc' dir='ltr'>τες</span> <span class='ocrx_word' id='word_1_528' title='bbox 1358 1788 1420 1834; x_wconf 51' lang='lat' dir='ltr'>ff&lt;</span> <span class='ocrx_word' id='word_1_529' title='bbox 1438 1788 1508 1825; x_wconf 88' lang='grc' dir='ltr'>τῶν</span> <span class='ocrx_word' id='word_1_530' title='bbox 1535 1787 1721 1840; x_wconf 90' lang='grc' dir='ltr'>οὐρανίων,</span> <span class='ocrx_word' id='word_1_531' title='bbox 1746 1787 1807 1826; x_wconf 84' lang='grc' dir='ltr'>καὶ</span> <span class='ocrx_word' id='word_1_532' title='bbox 1837 1787 1894 1825; x_wconf 84' lang='grc' dir='ltr'>διὰ</span> <span class='ocrx_word' id='word_1_533' title='bbox 1913 1790 2016 1827; x_wconf 87' lang='grc' dir='ltr'>τοῦτο</span> <span class='ocrx_word' id='word_1_534' title='bbox 2041 1792 2271 1842; x_wconf 76' lang='grc' dir='ltr'>φρουροῦντες</span> 
     </span>
     <span class='ocr_line' id='line_1_77' title="bbox 1289 1842 2270 1900; baseline 0.004 -16"><span class='ocrx_word' id='word_1_535' title='bbox 1289 1847 1414 1895; x_wconf 81' lang='grc' dir='ltr'>αὐτήν,</span> <span class='ocrx_word' id='word_1_536' title='bbox 1436 1846 1496 1884; x_wconf 75' lang='grc' dir='ltr'>καὶ</span> <span class='ocrx_word' id='word_1_537' title='bbox 1511 1845 1560 1898; x_wconf 83' lang='grc' dir='ltr'>μὴ</span> <span class='ocrx_word' id='word_1_538' title='bbox 1582 1850 1844 1899; x_wconf 87' lang='grc' dir='ltr'>συγχωροῦντες</span> <span class='ocrx_word' id='word_1_539' title='bbox 1857 1846 2005 1900; x_wconf 73' lang='grc' dir='ltr'>ῥευστὴν</span> <span class='ocrx_word' id='word_1_540' title='bbox 2017 1842 2138 1897; x_wconf 64' lang='grc' dir='ltr'>οὖσαν,</span> <span class='ocrx_word' id='word_1_541' title='bbox 2151 1848 2270 1898; x_wconf 83' lang='grc' dir='ltr'>πάντη</span> 
     </span>
     <span class='ocr_line' id='line_1_78' title="bbox 1287 1905 2271 1962; baseline 0.004 -19"><span class='ocrx_word' id='word_1_542' title='bbox 1287 1905 1502 1958; x_wconf 87' lang='grc' dir='ltr'>φθείρεσθαι.</span> <span class='ocrx_word' id='word_1_543' title='bbox 1526 1905 1626 1954; x_wconf 81' lang='grc' dir='ltr'>Φησὶ</span> <span class='ocrx_word' id='word_1_544' title='bbox 1654 1906 1722 1959; x_wconf 84' lang='grc' dir='ltr'>γὰρ</span> <span class='ocrx_word' id='word_1_545' title='bbox 1743 1906 1804 1944; x_wconf 78' lang='grc' dir='ltr'>καὶ</span> <span class='ocrx_word' id='word_1_546' title='bbox 1829 1908 1847 1944; x_wconf 88' lang='lat'><em>6</em></span> <span class='ocrx_word' id='word_1_547' title='bbox 1868 1906 2036 1960; x_wconf 87' lang='grc' dir='ltr'>Ὀρφεύς·</span> <span class='ocrx_word' id='word_1_548' title='bbox 2060 1907 2145 1957; x_wconf 81' lang='grc' dir='ltr'>ὕλης</span> <span class='ocrx_word' id='word_1_549' title='bbox 2165 1909 2271 1962; x_wconf 78' lang='grc' dir='ltr'>οὐρα-</span> 
     </span>
     <span class='ocr_line' id='line_1_79' title="bbox 1286 1964 1478 2016; baseline 0.01 -14"><span class='ocrx_word' id='word_1_550' title='bbox 1286 1964 1362 2013; x_wconf 89' lang='grc' dir='ltr'>νίης</span> <span class='ocrx_word' id='word_1_551' title='bbox 1381 1965 1478 2016; x_wconf 87' lang='grc' dir='ltr'>κτλ.)</span> 
     </span>
    </p>
   </div>
   <div class='ocr_carea' id='block_1_15' title="bbox 1286 2041 2210 2156">
    <p class='ocr_par' dir='ltr' id='par_1_18' title="bbox 1286 2041 2210 2156">
     <span class='ocr_line' id='line_1_80' title="bbox 1289 2041 2210 2098; baseline 0.001 -16"><span class='ocrx_word' id='word_1_552' title='bbox 1289 2044 1336 2082; x_wconf 84' lang='grc' dir='ltr'>Οἱ</span> <span class='ocrx_word' id='word_1_553' title='bbox 1366 2043 1396 2081; x_wconf 90' lang='grc' dir='ltr'>δ’</span> <span class='ocrx_word' id='word_1_554' title='bbox 1419 2042 1517 2082; x_wconf 79' lang='grc' dir='ltr'>αὐτοὶ</span> <span class='ocrx_word' id='word_1_555' title='bbox 1535 2041 1686 2096; x_wconf 87' lang='grc' dir='ltr'>πατέρες</span> <span class='ocrx_word' id='word_1_556' title='bbox 1706 2058 1744 2081; x_wconf 90' lang='grc' dir='ltr'>τε</span> <span class='ocrx_word' id='word_1_557' title='bbox 1761 2042 1822 2081; x_wconf 87' lang='grc' dir='ltr'>καὶ</span> <span class='ocrx_word' id='word_1_558' title='bbox 1844 2042 1932 2086; x_wconf 72' lang='grc' dir='ltr'>υἱέες</span> <span class='ocrx_word' id='word_1_559' title='bbox 1953 2044 1988 2082; x_wconf 83' lang='grc' dir='ltr'>ἐν</span> <span class='ocrx_word' id='word_1_560' title='bbox 2002 2043 2210 2098; x_wconf 87' lang='grc' dir='ltr'>μεγάροισιν</span> 
     </span>
     <span class='ocr_line' id='line_1_81' title="bbox 1286 2100 2023 2156; baseline 0 -15"><span class='ocrx_word' id='word_1_561' title='bbox 1286 2102 1342 2150; x_wconf 82' lang='grc' dir='ltr'>ἠδ’</span> <span class='ocrx_word' id='word_1_562' title='bbox 1364 2102 1488 2155; x_wconf 84' lang='grc' dir='ltr'>ἄλοχοι</span> <span class='ocrx_word' id='word_1_563' title='bbox 1505 2102 1632 2155; x_wconf 67' lang='grc' dir='ltr'>σεμναὶ</span> <span class='ocrx_word' id='word_1_564' title='bbox 1648 2100 1770 2141; x_wconf 91' lang='grc' dir='ltr'>κεδναί</span> <span class='ocrx_word' id='word_1_565' title='bbox 1790 2118 1827 2140; x_wconf 90' lang='grc' dir='ltr'>τε</span> <span class='ocrx_word' id='word_1_566' title='bbox 1842 2102 2023 2156; x_wconf 87' lang='grc' dir='ltr'>θύγατρες.</span> 
     </span>
    </p>
   </div>
   <div class='ocr_carea' id='block_1_16' title="bbox 1277 2179 2269 3125">
    <p class='ocr_par' dir='ltr' id='par_1_19' title="bbox 1277 2179 2269 3125">
     <span class='ocr_line' id='line_1_82' title="bbox 1342 2179 2268 2234; baseline 0.002 -16"><span class='ocrx_word' id='word_1_567' title='bbox 1342 2179 1657 2234; x_wconf 76' lang='lat' dir='ltr'><strong>(olympiodorus</strong></span> <span class='ocrx_word' id='word_1_568' title='bbox 1683 2181 1734 2217; x_wconf 88' lang='lat' dir='ltr'>ad</span> <span class='ocrx_word' id='word_1_569' title='bbox 1766 2180 1939 2217; x_wconf 89' lang='lat' dir='ltr'><strong>Platonis</strong></span> <span class='ocrx_word' id='word_1_570' title='bbox 1974 2180 2104 2220; x_wconf 84' lang='lat' dir='ltr'><strong>Phaed.</strong></span> <span class='ocrx_word' id='word_1_571' title='bbox 2138 2195 2179 2231; x_wconf 90' lang='lat' dir='ltr'>p.</span> <span class='ocrx_word' id='word_1_572' title='bbox 2220 2195 2268 2229; x_wconf 93' lang='lat'>70</span> 
     </span>
     <span class='ocr_line' id='line_1_83' title="bbox 1286 2238 2265 2290; baseline -0.001 -11"><span class='ocrx_word' id='word_1_573' title='bbox 1286 2241 1315 2279; x_wconf 91' lang='lat' dir='ltr'>C</span> <span class='ocrx_word' id='word_1_574' title='bbox 1334 2254 1343 2277; x_wconf 76' lang='lat' dir='ltr'><em>z</em></span> <span class='ocrx_word' id='word_1_575' title='bbox 1369 2239 1444 2278; x_wconf 83' lang='grc' dir='ltr'>Καὶ</span> <span class='ocrx_word' id='word_1_576' title='bbox 1465 2238 1518 2277; x_wconf 79' lang='grc' dir='ltr'>ὅτι</span> <span class='ocrx_word' id='word_1_577' title='bbox 1539 2239 1580 2277; x_wconf 82' lang='grc' dir='ltr'>τὸ</span> <span class='ocrx_word' id='word_1_578' title='bbox 1600 2239 1687 2284; x_wconf 81' lang='grc' dir='ltr'>ζωὸν</span> <span class='ocrx_word' id='word_1_579' title='bbox 1716 2238 1777 2278; x_wconf 76' lang='grc' dir='ltr'>καὶ</span> <span class='ocrx_word' id='word_1_580' title='bbox 1796 2240 1836 2279; x_wconf 83' lang='grc' dir='ltr'>τὸ</span> <span class='ocrx_word' id='word_1_581' title='bbox 1868 2238 2013 2283; x_wconf 84' lang='grc' dir='ltr'>τεθνεὼς</span> <span class='ocrx_word' id='word_1_582' title='bbox 2034 2239 2068 2285; x_wconf 83' lang='grc' dir='ltr'>ἐξ</span> <span class='ocrx_word' id='word_1_583' title='bbox 2090 2241 2265 2290; x_wconf 87' lang='grc' dir='ltr'>ἀλλήλων,</span> 
     </span>
     <span class='ocr_line' id='line_1_84' title="bbox 1285 2298 2265 2352; baseline 0.004 -16"><span class='ocrx_word' id='word_1_584' title='bbox 1285 2298 1543 2344; x_wconf 85' lang='grc' dir='ltr'>κατασκευάζει</span> <span class='ocrx_word' id='word_1_585' title='bbox 1584 2300 1624 2337; x_wconf 85' lang='grc' dir='ltr'>ἐκ</span> <span class='ocrx_word' id='word_1_586' title='bbox 1660 2301 1722 2346; x_wconf 75' lang='grc' dir='ltr'>τῆς</span> <span class='ocrx_word' id='word_1_587' title='bbox 1759 2298 1958 2352; x_wconf 88' lang='grc' dir='ltr'>μαρτυρίας</span> <span class='ocrx_word' id='word_1_588' title='bbox 1993 2301 2063 2337; x_wconf 87' lang='grc' dir='ltr'>τῶν</span> <span class='ocrx_word' id='word_1_589' title='bbox 2103 2301 2265 2340; x_wconf 88' lang='grc' dir='ltr'>παλαιῶν</span> 
     </span>
     <span class='ocr_line' id='line_1_85' title="bbox 1286 2357 2266 2412; baseline 0.001 -14"><span class='ocrx_word' id='word_1_590' title='bbox 1286 2360 1442 2407; x_wconf 87' lang='grc' dir='ltr'>ποιητῶν</span> <span class='ocrx_word' id='word_1_591' title='bbox 1465 2360 1533 2396; x_wconf 89' lang='grc' dir='ltr'>τῶν</span> <span class='ocrx_word' id='word_1_592' title='bbox 1555 2357 1626 2397; x_wconf 87' lang='grc' dir='ltr'>ἀπὸ</span> <span class='ocrx_word' id='word_1_593' title='bbox 1655 2357 1829 2412; x_wconf 83' lang='grc' dir='ltr'>Ὀρφέως,</span> <span class='ocrx_word' id='word_1_594' title='bbox 1850 2357 1956 2410; x_wconf 72' lang='grc' dir='ltr'>φημί,</span> <span class='ocrx_word' id='word_1_595' title='bbox 1978 2358 2158 2411; x_wconf 87' lang='grc' dir='ltr'>λέγοντος·</span> <span class='ocrx_word' id='word_1_596' title='bbox 2182 2361 2213 2399; x_wconf 79' lang='grc' dir='ltr'>οἳ</span> <span class='ocrx_word' id='word_1_597' title='bbox 2234 2361 2266 2399; x_wconf 85' lang='grc' dir='ltr'>δ’</span> 
     </span>
     <span class='ocr_line' id='line_1_86' title="bbox 1288 2417 2267 2471; baseline 0.001 -13"><span class='ocrx_word' id='word_1_598' title='bbox 1288 2418 1385 2458; x_wconf 76' lang='grc' dir='ltr'>αὐτοὶ</span> <span class='ocrx_word' id='word_1_599' title='bbox 1404 2417 1554 2471; x_wconf 90' lang='grc' dir='ltr'>πατέρες</span> <span class='ocrx_word' id='word_1_600' title='bbox 1574 2419 1653 2457; x_wconf 86' lang='grc' dir='ltr'>κτλ.</span> <span class='ocrx_word' id='word_1_601' title='bbox 1678 2420 1863 2470; x_wconf 82' lang='grc' dir='ltr'>πανταχοῦ</span> <span class='ocrx_word' id='word_1_602' title='bbox 1882 2417 1950 2470; x_wconf 86' lang='grc' dir='ltr'>γὰρ</span> <span class='ocrx_word' id='word_1_603' title='bbox 1972 2420 1989 2456; x_wconf 87' lang='grc' dir='ltr'>ὁ</span> <span class='ocrx_word' id='word_1_604' title='bbox 2012 2418 2166 2458; x_wconf 88' lang='grc' dir='ltr'>Πλάτων</span> <span class='ocrx_word' id='word_1_605' title='bbox 2195 2435 2267 2459; x_wconf 86' lang='grc' dir='ltr'>πα-</span> 
     </span>
     <span class='ocr_line' id='line_1_87' title="bbox 1289 2476 2269 2532; baseline 0.001 -15"><span class='ocrx_word' id='word_1_606' title='bbox 1289 2479 1396 2532; x_wconf 84' lang='grc' dir='ltr'>ρῳδεῒ</span> <span class='ocrx_word' id='word_1_607' title='bbox 1413 2477 1459 2516; x_wconf 84' lang='grc' dir='ltr'>τὰ</span> <span class='ocrx_word' id='word_1_608' title='bbox 1487 2482 1548 2517; x_wconf 85' lang='grc' dir='ltr'>τοῦ</span> <span class='ocrx_word' id='word_1_609' title='bbox 1565 2476 1738 2531; x_wconf 86' lang='grc' dir='ltr'>Ὀρφέως.</span> <span class='ocrx_word' id='word_1_610' title='bbox 1762 2479 1868 2515; x_wconf 90' lang='lat' dir='ltr'><strong>Idem</strong></span> <span class='ocrx_word' id='word_1_611' title='bbox 1889 2479 1986 2518; x_wconf 88' lang='lat' dir='ltr'><strong>ibid.</strong></span> <span class='ocrx_word' id='word_1_612' title='bbox 2005 2493 2014 2515; x_wconf 91' lang='lat'>:</span> <span class='ocrx_word' id='word_1_613' title='bbox 2037 2478 2110 2518; x_wconf 88' lang='grc' dir='ltr'>Καὶ</span> <span class='ocrx_word' id='word_1_614' title='bbox 2133 2477 2209 2518; x_wconf 85' lang='grc' dir='ltr'>ἔστι</span> <span class='ocrx_word' id='word_1_615' title='bbox 2229 2479 2269 2519; x_wconf 77' lang='grc' dir='ltr'>τὸ</span> 
     </span>
     <span class='ocr_line' id='line_1_88' title="bbox 1296 2537 2269 2594; baseline -0.001 -17"><span class='ocrx_word' id='word_1_616' title='bbox 1296 2537 1439 2591; x_wconf 79' lang='grc' dir='ltr'>μυθικὸν</span> <span class='ocrx_word' id='word_1_617' title='bbox 1476 2537 1692 2590; x_wconf 75' lang='grc' dir='ltr'>ἐπιχείρημα</span> <span class='ocrx_word' id='word_1_618' title='bbox 1722 2541 1877 2576; x_wconf 86' lang='grc' dir='ltr'>τοιοῦτον</span> <span class='ocrx_word' id='word_1_619' title='bbox 1919 2537 2019 2591; x_wconf 77' lang='grc' dir='ltr'>παρὰ</span> <span class='ocrx_word' id='word_1_620' title='bbox 2046 2541 2096 2594; x_wconf 71' lang='grc' dir='ltr'>τῷ</span> <span class='ocrx_word' id='word_1_621' title='bbox 2130 2538 2269 2593; x_wconf 88' lang='grc' dir='ltr'>Ὀρφεῖ.</span> 
     </span>
     <span class='ocr_line' id='line_1_89' title="bbox 1287 2595 2266 2651; baseline -0.002 -13"><span class='ocrx_word' id='word_1_622' title='bbox 1287 2599 1468 2651; x_wconf 87' lang='grc' dir='ltr'>Τέσσαρες</span> <span class='ocrx_word' id='word_1_623' title='bbox 1491 2598 1668 2650; x_wconf 87' lang='grc' dir='ltr'>βασιλεῖαι</span> <span class='ocrx_word' id='word_1_624' title='bbox 1697 2595 1968 2650; x_wconf 86' lang='grc' dir='ltr'>παραδίδονται·</span> <span class='ocrx_word' id='word_1_625' title='bbox 1999 2597 2123 2650; x_wconf 85' lang='grc' dir='ltr'>πρώτη</span> <span class='ocrx_word' id='word_1_626' title='bbox 2150 2598 2214 2648; x_wconf 79' lang='grc' dir='ltr'>μὲν</span> <span class='ocrx_word' id='word_1_627' title='bbox 2244 2601 2266 2647; x_wconf 86' lang='grc' dir='ltr'>ἡ</span> 
     </span>
     <span class='ocr_line' id='line_1_90' title="bbox 1286 2655 2267 2711; baseline -0.001 -15"><span class='ocrx_word' id='word_1_628' title='bbox 1286 2662 1347 2698; x_wconf 87' lang='grc' dir='ltr'>τοῦ</span> <span class='ocrx_word' id='word_1_629' title='bbox 1366 2659 1549 2711; x_wconf 78' lang='grc' dir='ltr'>Οὐρανοῦ,</span> <span class='ocrx_word' id='word_1_630' title='bbox 1571 2656 1614 2705; x_wconf 80' lang='grc' dir='ltr'>ἣν</span> <span class='ocrx_word' id='word_1_631' title='bbox 1644 2658 1662 2695; x_wconf 89' lang='lat'><em>6</em></span> <span class='ocrx_word' id='word_1_632' title='bbox 1686 2656 1817 2706; x_wconf 87' lang='grc' dir='ltr'>Κρόνος</span> <span class='ocrx_word' id='word_1_633' title='bbox 1839 2655 2025 2704; x_wconf 85' lang='grc' dir='ltr'>διεδέξατο,</span> <span class='ocrx_word' id='word_1_634' title='bbox 2043 2656 2201 2708; x_wconf 84' lang='grc' dir='ltr'>ἐκτεμὼν</span> <span class='ocrx_word' id='word_1_635' title='bbox 2221 2658 2267 2696; x_wconf 88' lang='grc' dir='ltr'>τὰ</span> 
     </span>
     <span class='ocr_line' id='line_1_91' title="bbox 1289 2714 2268 2769; baseline -0.001 -13"><span class='ocrx_word' id='word_1_636' title='bbox 1289 2718 1404 2756; x_wconf 82' lang='grc' dir='ltr'>αἰδοῖα</span> <span class='ocrx_word' id='word_1_637' title='bbox 1437 2719 1496 2754; x_wconf 87' lang='grc' dir='ltr'>τοῦ</span> <span class='ocrx_word' id='word_1_638' title='bbox 1518 2714 1664 2767; x_wconf 91' lang='grc' dir='ltr'>πατρός.</span> <span class='ocrx_word' id='word_1_639' title='bbox 1699 2716 1802 2754; x_wconf 84' lang='grc' dir='ltr'>Μετὰ</span> <span class='ocrx_word' id='word_1_640' title='bbox 1832 2715 1868 2753; x_wconf 81' lang='grc' dir='ltr'>δὲ</span> <span class='ocrx_word' id='word_1_641' title='bbox 1896 2714 1957 2753; x_wconf 82' lang='grc' dir='ltr'>τὸν</span> <span class='ocrx_word' id='word_1_642' title='bbox 1981 2716 2116 2769; x_wconf 88' lang='grc' dir='ltr'>Κρόνον</span> <span class='ocrx_word' id='word_1_643' title='bbox 2144 2717 2162 2754; x_wconf 88' lang='lat'><em>6</em></span> <span class='ocrx_word' id='word_1_644' title='bbox 2183 2715 2268 2760; x_wconf 80' lang='grc' dir='ltr'>Ζεὺς</span> 
     </span>
     <span class='ocr_line' id='line_1_92' title="bbox 1289 2769 2267 2828; baseline -0.002 -13"><span class='ocrx_word' id='word_1_645' title='bbox 1289 2775 1515 2815; x_wconf 72' lang='grc' dir='ltr'>ἐὸασίλευσεν</span> <span class='ocrx_word' id='word_1_646' title='bbox 1551 2774 1877 2828; x_wconf 77' lang='grc' dir='ltr'>καταταρταρώσας</span> <span class='ocrx_word' id='word_1_647' title='bbox 1909 2775 1968 2814; x_wconf 75' lang='grc' dir='ltr'>τὸν</span> <span class='ocrx_word' id='word_1_648' title='bbox 2001 2775 2152 2828; x_wconf 83' lang='grc' dir='ltr'>πατέρα.</span> <span class='ocrx_word' id='word_1_649' title='bbox 2176 2769 2267 2815; x_wconf 71' lang='grc' dir='ltr'>Εἶτα</span> 
     </span>
     <span class='ocr_line' id='line_1_93' title="bbox 1287 2832 2268 2888; baseline -0.002 -14"><span class='ocrx_word' id='word_1_650' title='bbox 1287 2835 1346 2874; x_wconf 83' lang='grc' dir='ltr'>τὸν</span> <span class='ocrx_word' id='word_1_651' title='bbox 1370 2834 1437 2874; x_wconf 90' lang='grc' dir='ltr'>Δία</span> <span class='ocrx_word' id='word_1_652' title='bbox 1471 2832 1647 2879; x_wconf 84' lang='grc' dir='ltr'>διεδέξατο</span> <span class='ocrx_word' id='word_1_653' title='bbox 1663 2836 1682 2872; x_wconf 84' lang='lat'><em>6</em></span> <span class='ocrx_word' id='word_1_654' title='bbox 1701 2835 1886 2883; x_wconf 87' lang='grc' dir='ltr'>Διόνυσος,</span> <span class='ocrx_word' id='word_1_655' title='bbox 1916 2833 1953 2872; x_wconf 77' lang='grc' dir='ltr'>ὅν</span> <span class='ocrx_word' id='word_1_656' title='bbox 1981 2850 2067 2888; x_wconf 86' lang='grc' dir='ltr'>φασι</span> <span class='ocrx_word' id='word_1_657' title='bbox 2096 2835 2174 2872; x_wconf 89' lang='grc' dir='ltr'>κατ’</span> <span class='ocrx_word' id='word_1_658' title='bbox 2195 2835 2268 2872; x_wconf 84' lang='grc' dir='ltr'>ἐπι-</span> 
     </span>
     <span class='ocr_line' id='line_1_94' title="bbox 1288 2892 2267 2947; baseline -0.002 -13"><span class='ocrx_word' id='word_1_659' title='bbox 1288 2895 1418 2943; x_wconf 66' lang='grc' dir='ltr'>δουλὴν</span> <span class='ocrx_word' id='word_1_660' title='bbox 1437 2897 1501 2942; x_wconf 78' lang='grc' dir='ltr'>τῆς</span> <span class='ocrx_word' id='word_1_661' title='bbox 1516 2892 1635 2946; x_wconf 71' lang='grc' dir='ltr'>εἨρας</span> <span class='ocrx_word' id='word_1_662' title='bbox 1656 2893 1735 2938; x_wconf 81' lang='grc' dir='ltr'>τοὺς</span> <span class='ocrx_word' id='word_1_663' title='bbox 1760 2893 1840 2947; x_wconf 84' lang='grc' dir='ltr'>περὶ</span> <span class='ocrx_word' id='word_1_664' title='bbox 1861 2894 1965 2932; x_wconf 78' lang='grc' dir='ltr'>αὐτὸν</span> <span class='ocrx_word' id='word_1_665' title='bbox 1989 2897 2143 2938; x_wconf 83' lang='grc' dir='ltr'>Τιτᾶνας</span> <span class='ocrx_word' id='word_1_666' title='bbox 2165 2909 2267 2933; x_wconf 92' lang='grc' dir='ltr'>σπα-</span> 
     </span>
     <span class='ocr_line' id='line_1_95' title="bbox 1290 2953 2267 3008; baseline -0.002 -14"><span class='ocrx_word' id='word_1_667' title='bbox 1290 2954 1440 3008; x_wconf 81' lang='grc' dir='ltr'>ράττειν,</span> <span class='ocrx_word' id='word_1_668' title='bbox 1460 2955 1520 2993; x_wconf 89' lang='grc' dir='ltr'>καὶ</span> <span class='ocrx_word' id='word_1_669' title='bbox 1538 2956 1606 2992; x_wconf 91' lang='grc' dir='ltr'>τῶν</span> <span class='ocrx_word' id='word_1_670' title='bbox 1627 2955 1768 3007; x_wconf 85' lang='grc' dir='ltr'>σαρκῶν</span> <span class='ocrx_word' id='word_1_671' title='bbox 1791 2955 1898 2993; x_wconf 85' lang='grc' dir='ltr'>αὐτοῦ</span> <span class='ocrx_word' id='word_1_672' title='bbox 1919 2953 2167 3007; x_wconf 87' lang='grc' dir='ltr'>ἀπογεύεσθαι.</span> <span class='ocrx_word' id='word_1_673' title='bbox 2193 2954 2267 2994; x_wconf 82' lang='grc' dir='ltr'>Καὶ</span> 
     </span>
     <span class='ocr_line' id='line_1_96' title="bbox 1284 3013 2268 3069; baseline -0.002 -14"><span class='ocrx_word' id='word_1_674' title='bbox 1284 3014 1425 3060; x_wconf 90' lang='grc' dir='ltr'>τούτους</span> <span class='ocrx_word' id='word_1_675' title='bbox 1452 3013 1624 3069; x_wconf 79' lang='grc' dir='ltr'>ὀργισθεὶς</span> <span class='ocrx_word' id='word_1_676' title='bbox 1646 3016 1664 3053; x_wconf 89' lang='lat'><em>6</em></span> <span class='ocrx_word' id='word_1_677' title='bbox 1686 3013 1774 3059; x_wconf 82' lang='grc' dir='ltr'>Ζεὺς</span> <span class='ocrx_word' id='word_1_678' title='bbox 1801 3014 2042 3068; x_wconf 81' lang='grc' dir='ltr'>ἐκεραύνωσε,</span> <span class='ocrx_word' id='word_1_679' title='bbox 2064 3014 2125 3054; x_wconf 78' lang='grc' dir='ltr'>καὶ</span> <span class='ocrx_word' id='word_1_680' title='bbox 2146 3016 2186 3053; x_wconf 87' lang='grc' dir='ltr'>ἐκ</span> <span class='ocrx_word' id='word_1_681' title='bbox 2205 3017 2268 3062; x_wconf 77' lang='grc' dir='ltr'>τῆς</span> 
     </span>
     <span class='ocr_line' id='line_1_97' title="bbox 1277 3074 2266 3125; baseline -0.001 -12"><span class='ocrx_word' id='word_1_682' title='bbox 1277 3074 1436 3122; x_wconf 56' lang='grc' dir='ltr'>,αἰθάλης</span> <span class='ocrx_word' id='word_1_683' title='bbox 1465 3076 1535 3113; x_wconf 86' lang='grc' dir='ltr'>τῶν</span> <span class='ocrx_word' id='word_1_684' title='bbox 1569 3076 1689 3125; x_wconf 86' lang='grc' dir='ltr'>ἀτμῶν</span> <span class='ocrx_word' id='word_1_685' title='bbox 1715 3076 1786 3113; x_wconf 83' lang='grc' dir='ltr'>τῶν</span> <span class='ocrx_word' id='word_1_686' title='bbox 1819 3074 2055 3113; x_wconf 87' lang='grc' dir='ltr'>ἀναδοθέντων</span> <span class='ocrx_word' id='word_1_687' title='bbox 2093 3074 2125 3119; x_wconf 81' lang='grc' dir='ltr'>ἐξ</span> <span class='ocrx_word' id='word_1_688' title='bbox 2153 3076 2266 3113; x_wconf 82' lang='grc' dir='ltr'>αὐτῶν</span> 
     </span>
    </p>
   </div>
   <div class='ocr_carea' id='block_1_17' title="bbox 1206 3221 2119 3324">
    <p class='ocr_par' dir='ltr' id='par_1_20' title="bbox 1206 3221 2119 3324">
     <span class='ocr_line' id='line_1_98' title="bbox 1206 3221 2042 3264; baseline -0.002 -9"><span class='ocrx_word' id='word_1_689' title='bbox 1206 3222 1323 3256; x_wconf 78' lang='lat' dir='ltr'><strong>Audite</strong></span> <span class='ocrx_word' id='word_1_690' title='bbox 1341 3222 1403 3263; x_wconf 90' lang='lat' dir='ltr'><strong>dii,</strong></span> <span class='ocrx_word' id='word_1_691' title='bbox 1429 3222 1517 3255; x_wconf 92' lang='lat' dir='ltr'>hunc</span> <span class='ocrx_word' id='word_1_692' title='bbox 1532 3231 1592 3264; x_wconf 85' lang='lat' dir='ltr'><strong>ego</strong></span> <span class='ocrx_word' id='word_1_693' title='bbox 1606 3222 1697 3255; x_wconf 85' lang='lat' dir='ltr'><strong>vobis</strong></span> <span class='ocrx_word' id='word_1_694' title='bbox 1714 3230 1821 3264; x_wconf 86' lang='lat' dir='ltr'><strong>regem</strong></span> <span class='ocrx_word' id='word_1_695' title='bbox 1840 3221 1984 3263; x_wconf 86' lang='lat' dir='ltr'><strong>impono.</strong></span> <span class='ocrx_word' id='word_1_696' title='bbox 1999 3239 2042 3246; x_wconf 88' lang='lat'><em>-</em></span> 
     </span>
     <span class='ocr_line' id='line_1_99' title="bbox 1207 3282 2119 3324; baseline 0 -9"><span class='ocrx_word' id='word_1_697' title='bbox 1207 3283 1331 3315; x_wconf 81' lang='lat' dir='ltr'><strong>Faiiens</strong></span> <span class='ocrx_word' id='word_1_698' title='bbox 1347 3282 1452 3324; x_wconf 81' lang='lat' dir='ltr'><strong>sagaci</strong></span> <span class='ocrx_word' id='word_1_699' title='bbox 1471 3283 1579 3316; x_wconf 84' lang='lat' dir='ltr'><strong>mente</strong></span> <span class='ocrx_word' id='word_1_700' title='bbox 1600 3290 1725 3314; x_wconf 79' lang='lat' dir='ltr'><strong>caecum</strong></span> <span class='ocrx_word' id='word_1_701' title='bbox 1742 3282 1946 3323; x_wconf 83' lang='lat' dir='ltr'><strong>celeremque</strong></span> <span class='ocrx_word' id='word_1_702' title='bbox 1962 3291 2119 3316; x_wconf 79' lang='lat' dir='ltr'><strong>amorem.</strong></span> 
     </span>
    </p>
   </div>
   <div class='ocr_carea' id='block_1_18' title="bbox 1697 3343 1765 3375">
    <p class='ocr_par' dir='ltr' id='par_1_21' title="bbox 1697 3343 1765 3375">
     <span class='ocr_line' id='line_1_100' title="bbox 1697 3343 1765 3375; baseline 0 0"><span class='ocrx_word' id='word_1_703' title='bbox 1697 3343 1765 3375; x_wconf 90' lang='lat' dir='ltr'>LV.</span> 
     </span>
    </p>
   </div>
   <div class='ocr_carea' id='block_1_19' title="bbox 1206 3398 1987 3563">
    <p class='ocr_par' dir='ltr' id='par_1_22' title="bbox 1206 3398 1987 3563">
     <span class='ocr_line' id='line_1_101' title="bbox 1207 3398 1987 3435; baseline -0.001 -1"><span class='ocrx_word' id='word_1_704' title='bbox 1207 3401 1349 3435; x_wconf 79' lang='lat' dir='ltr'><strong>Materiae</strong></span> <span class='ocrx_word' id='word_1_705' title='bbox 1369 3401 1509 3434; x_wconf 71' lang='lat' dir='ltr'><strong>coelestis</strong></span> <span class='ocrx_word' id='word_1_706' title='bbox 1526 3402 1559 3434; x_wconf 85' lang='lat' dir='ltr'><strong>et</strong></span> <span class='ocrx_word' id='word_1_707' title='bbox 1578 3401 1711 3434; x_wconf 77' lang='lat' dir='ltr'><strong>sidereae</strong></span> <span class='ocrx_word' id='word_1_708' title='bbox 1726 3402 1759 3434; x_wconf 82' lang='lat' dir='ltr'><strong>et</strong></span> <span class='ocrx_word' id='word_1_709' title='bbox 1780 3398 1927 3434; x_wconf 75' lang='lat' dir='ltr'><strong>infinitae.</strong></span> <span class='ocrx_word' id='word_1_710' title='bbox 1945 3419 1987 3426; x_wconf 92' lang='lat'>—</span> 
     </span>
     <span class='ocr_line' id='line_1_102' title="bbox 1207 3460 1742 3502; baseline -0.002 -9"><span class='ocrx_word' id='word_1_711' title='bbox 1207 3460 1307 3493; x_wconf 80' lang='lat' dir='ltr'><strong>{idem</strong></span> <span class='ocrx_word' id='word_1_712' title='bbox 1326 3462 1431 3502; x_wconf 81' lang='lat' dir='ltr'><strong>patres</strong></span> <span class='ocrx_word' id='word_1_713' title='bbox 1448 3462 1480 3494; x_wconf 84' lang='lat' dir='ltr'><strong>et</strong></span> <span class='ocrx_word' id='word_1_714' title='bbox 1494 3460 1550 3494; x_wconf 81' lang='lat' dir='ltr'><strong>filii</strong></span> <span class='ocrx_word' id='word_1_715' title='bbox 1571 3461 1602 3493; x_wconf 90' lang='lat' dir='ltr'>in</span> <span class='ocrx_word' id='word_1_716' title='bbox 1617 3460 1742 3493; x_wconf 80' lang='lat' dir='ltr'><strong>aedibus</strong></span> 
     </span>
     <span class='ocr_line' id='line_1_103' title="bbox 1206 3520 1941 3563; baseline 0.001 -10"><span class='ocrx_word' id='word_1_717' title='bbox 1206 3521 1240 3553; x_wconf 84' lang='lat' dir='ltr'><strong>et</strong></span> <span class='ocrx_word' id='word_1_718' title='bbox 1253 3529 1371 3554; x_wconf 83' lang='lat' dir='ltr'><strong>uxores</strong></span> <span class='ocrx_word' id='word_1_719' title='bbox 1394 3521 1587 3555; x_wconf 81' lang='lat' dir='ltr'><strong>venerandae</strong></span> <span class='ocrx_word' id='word_1_720' title='bbox 1605 3521 1779 3563; x_wconf 83' lang='lat' dir='ltr'><strong>proboeque</strong></span> <span class='ocrx_word' id='word_1_721' title='bbox 1799 3520 1885 3554; x_wconf 74' lang='lat' dir='ltr'><strong>fiiiae.</strong></span> <span class='ocrx_word' id='word_1_722' title='bbox 1899 3540 1941 3549; x_wconf 90' lang='lat'><em>-</em></span> 
     </span>
    </p>
   </div>
  </div>
 </body>
</html>
