2612 3814
928 213 1216 255 CARMINUM
1244 213 1527 264 RELIQUIAE.

136 311 189 339 148
217 299 296 340 Atei
314 300 563 340 παπταίνουσα
581 300 670 353 πρὸς
686 300 795 354 αὗγὰς
813 301 960 348 ἠελίοιο.

420 409 436 425 ἡ
603 407 606 410 ’
657 409 672 425 ἡ
894 410 909 426 *

212 483 278 528 Ὡς
294 482 363 536 γὰρ
380 482 520 537 ἑκάστῳ
534 482 607 537 ἔχει
619 488 745 536 κρᾶσις
765 483 901 535 μελέων
913 484 1194 536 πολυκάμπτων,

210 542 278 586 τὼς
297 541 371 586 νόος
389 542 602 595 ἀνθρώποισι
619 542 843 595 παρέστηκεν
855 559 863 568 ·
885 544 924 583 τὸ
949 543 1017 596 γὰρ
1033 543 1118 583 αὐτό

217 604 311 642 ἐστιν
334 602 420 656 ὅπερ
438 601 575 656 φρονέει
599 602 735 654 μελέων
759 602 856 657 φύσις
877 604 1094 656 ἀνθρώποισι

209 661 270 701 καὶ
287 667 397 700 πᾶσιν
413 663 474 701 καὶ
493 662 616 701 παντί·
637 662 677 702 τὸ
696 661 765 716 γὰρ
783 661 889 702 πλέον
907 663 983 702 ἐστὶ
1002 663 1133 714 νόημα.

414 769 431 785 ὑ
651 770 666 787 2
854 783 858 789 .
898 770 915 787 fl

129 853 182 879 150
209 837 446 894 Δεξιτεροῖσιν
473 838 541 892 μὲν.
554 839 723 894 κούρους,
742 842 872 882 λαιοῖσι
894 839 930 880 δὲ
947 839 1088 894 κούρας.

371 975 373 977 Ι
415 947 432 964 ἡ
568 963 570 965 ,
651 948 668 965 ἦ
888 946 904 961 Ω

206 1021 313 1063 Οὕτω
333 1037 388 1061 τοι
407 1020 500 1061 κατὰ
518 1020 620 1067 δόξαν
639 1021 704 1076 ἔφυ
722 1021 805 1060 τάδε
826 1025 885 1061 νῦν
908 1036 946 1060 τε
966 1020 1068 1072 ἔασι,

207 1081 268 1121 καὶ
290 1082 467 1134 μετέπειτ’
488 1081 559 1122 ἀπὸ
583 1082 684 1121 τοῦδε
704 1080 953 1128 τελευτήσουσι
975 1078 1194 1133 τραφέντα·Δ

207 1142 279 1188 τοῖς
290 1143 320 1181 δ’
333 1141 430 1194 ὄνομ’
449 1141 627 1195 ἄνθρωποι
640 1141 818 1182 κατέθεντ’
841 1140 1016 1192 ἐπίσημον
1034 1139 1187 1192 ἑκάστῳ.

2248 230 2323 266 12⁹

1259 311 1394 350 Semper
1411 311 1488 343 solis
1506 310 1614 343 radios
1632 314 1815 354 aspectans.

1489 412 1503 430 Ἀ
1781 415 1798 431 ὑ
2076 418 2089 437 ἡ

1257 491 1338 523 Nam
1354 490 1391 522 ut
1406 490 1522 532 cuique
1533 493 1718 532 comparata
1735 493 1786 524 est
1798 492 1886 524 varie
1903 493 2063 527 nexorum
2077 496 2272 537 temperatio

1258 549 1492 590 membrorum,
1511 550 1556 583 sic
1570 551 1688 592 cuique
1708 550 1890 584 intellectus
1908 552 1990 585 inest
2009 565 2017 585 :
2034 553 2095 586 hoc
2117 555 2203 587 enirn
2217 556 2323 598 ipsum

1256 610 1304 642 est
1324 609 1411 651 quod
1430 610 1526 652 sapit,
1545 610 1688 651 corporis
1705 612 1832 650 natura,
1850 611 2038 645 hominibus

1256 671 1288 703 et
1299 669 1449 702 omnibus
1465 670 1498 703 et
1511 670 1643 712 singulis
1656 681 1666 711 ς
1677 670 1765 713 quod
1776 670 1861 704 enim
1877 672 2031 713 praevalet
2041 672 2251 715 intelligentia
2260 678 2321 707 est.

1492 765 1507 781 t
1789 765 1800 782 ί
2077 768 2092 785 *¹

1258 843 1387 876 Dextris
1400 842 1532 886 quidem
1549 843 1692 886 partibus
1708 853 1841 886 puerOS,
1857 844 1952 879 laevis
1965 846 2075 878 autem
2094 845 2228 887 puellas.

1508 948 1523 966 'D
1780 949 1797 967 st
2051 950 2068 968 ἡ

1254 1023 1308 1056 Sic
1327 1022 1458 1065 quidem
1475 1031 1515 1055 ex
1538 1022 1689 1064 opinione
1708 1023 1779 1056 haee
1800 1023 1996 1057 exstiterunt
2012 1025 2045 1057 et
2060 1034 2147 1058 nunc
2161 1028 2235 1058 sunt
2248 1051 2258 1068 ‚

1253 1092 1290 1116 ac
1307 1084 1421 1125 postea
1439 1082 1557 1115 dehinc
1574 1082 1797 1115 maturitatem
1822 1085 1996 1117 consecuta
2017 1084 2218 1126 interibunt3

1254 1143 1303 1176 his
1319 1144 1429 1176 autem
1446 1143 1594 1176 homines
1610 1151 1728 1176 nomen
1745 1143 1862 1185 cuique
1875 1144 2001 1177 certum
2023 1144 2263 1186 imposuerunt.

780 1371 1027 1423 ΑΔΗΛΑ
1068 1367 1692 1423 ΑΠΟΣΠΑΣΜΑΤΙΑ.

178 1516 206 1542 1.
239 1501 501 1553 Καταλογάδην
528 1500 659 1553 μεταξὺ
693 1503 763 1540 τῶν
804 1502 899 1540 ἐπῶν
938 1498 1130 1553 ἐμφέρεταί
1154 1515 1188 1536 τι

123 1562 315 1616 ῥησείδιον,
337 1564 384 1606 ὡς
415 1564 520 1601 αὐτοῦ
544 1561 795 1615 Παρμενίδου,
815 1560 896 1614 ἔχον
917 1559 1028 1605 οὕτως
1041 1574 1048 1582 ·
1065 1577 1081 1593 κ
1101 1557 1187 1598 Ἐπὶ

134 1658 150 1665 .-

122 1702 201 1739 Ecl.
222 1702 330 1751 phys,
351 1703 384 1747 I,
409 1714 457 1748 27
484 1715 526 1751 p.
552 1700 642 1738 556.
663 1697 851 1752 νυκτιφαές
874 1712 948 1749 pro
965 1699 1069 1749 vulg.
1090 1704 1190 1735 νυκτὶ

121 1759 209 1813 φάος
225 1761 444 1798 emendavit
459 1760 627 1810 Scaliger
638 1761 745 1810 apud
756 1761 993 1810 Stephanum
1008 1757 1050 1796 in
1076 1758 1189 1795 Poesi

118 1821 259 1871 philos.
275 1834 318 1871 p.
345 1834 437 1868 217.
459 1820 569 1857 Idem
598 1821 725 1857 arrisit
746 1820 977 1858 Casaubono
1000 1819 1051 1855 ad
1074 1819 1188 1868 Diog.

52 1922 55 1925 Δ
118 1883 244 1920 Laert.
266 1881 318 1927 11,
340 1895 375 1920 1.

172 1941 218 1979 V.
243 1939 800 1990 145legiturap.Plutarchum
816 1940 1016 1987 Qu.Rom.
1035 1950 1078 1987 p.
1097 1935 1188 1983 282,

117 2001 168 2050 B;
191 1999 238 2037 de
269 2000 357 2037 Fac.
390 1999 472 2037 lun.
507 2012 550 2049 p.
587 2011 685 2048 929,
721 2001 755 2036 A
790 1998 890 2050 (vol.
919 1999 990 2035 VII
1020 2010 1060 2046 p.
1088 1996 1186 2046 1383

118 2059 194 2097 vol.
214 2059 273 2096 IX
285 2072 323 2108 p.
342 2058 417 2106 671
441 2056 509 2109 R.)

174 2119 220 2158 V.
248 2119 474 2169 146—149.
495 2120 551 2157 Ut
568 2119 788 2156 universam
811 2118 949 2155 mundi
968 2117 1187 2153 machinam

119 2179 271 2217 duobus
303 2179 502 2215 elementis
535 2184 712 2216 constare
743 2178 880 2216 docuit
908 2178 1183 2215 Parmenides:

117 2240 169 2277 ita
199 2237 441 2290 singulorum
469 2239 672 2275 hominum
706 2234 883 2276 naturam
917 2246 956 2276 et
987 2239 1187 2288 ingenium

118 2299 395 2336 elementorum
428 2299 708 2349 temperatione
725 2300 822 2336 oriri
843 2300 902 2336 his
921 2299 1050 2335 verbis
1069 2299 1185 2348 signi-

117 2359 222 2399 ficat.
249 2361 377 2409 Quum
398 2366 528 2396 autem
546 2366 733 2409 quattuor
753 2372 885 2397 versus
909 2360 951 2396 in
973 2359 1074 2395 hane
1100 2371 1184 2395 sen-

118 2421 278 2458 tentiam
315 2421 451 2469 scripti
478 2419 583 2470 apud
610 2420 856 2457 Aristotelem
874 2419 1045 2467 Metaph.
1065 2419 1137 2463 ΙΙΙ,
1161 2416 1182 2454 5

117 2493 158 2530 p.
183 2481 276 2527 671,
301 2480 345 2529 C,
370 2486 409 2516 et
428 2479 738 2530 Theophrastum
755 2480 823 2516 lib.
847 2479 898 2516 de
920 2491 1030 2516 sensu
1049 2485 1088 2514 et
1105 2489 1185 2513 sen-

117 2543 174 2579 sil.
195 2542 279 2579 init.
300 2541 554 2590 reperiantur,
575 2542 616 2577 in
637 2539 908 2577 constituendo
934 2546 1040 2575 textu
1063 2537 1184 2573 modo

118 2602 376 2651 Aristotelem,
395 2600 516 2638 modo
530 2601 841 2651 Theophrastum
862 2599 983 2636 secuti
1011 2610 1157 2636 sumus,

171 2664 218 2701 V.
247 2661 339 2705 146.
361 2662 586 2699 Aristoteles
610 2661 757 2711 praebet
775 2660 820 2702 ὥς
839 2658 909 2711 γὰρ
937 2656 1085 2700 ἕκαστος
1109 2654 1186 2709 ἔχει

119 2728 244 2777 κρᾶσιν
267 2719 402 2774 μελέων
420 2719 712 2772 πολυκάμπτων,
745 2727 882 2758 contra
901 2719 1188 2769 Theophrastus

118 2779 166 2824 ὥς
189 2779 258 2833 γὰρ
278 2780 421 2832 ἑκάστῳ
445 2779 519 2834 ἔχει
534 2785 659 2835 κρᾶσις
680 2778 814 2831 μελέων
828 2778 1127 2830 πολυπλάγκτων.

172 2843 215 2880 V.
241 2847 326 2890 147.
349 2843 574 2880 Aristoteles
591 2840 835 2894 παρίσταται,
854 2840 957 2890 quod
977 2846 1102 2876 metro
1124 2851 1186 2876 re-

118 2901 312 2950 luctatur3
334 2911 439 2940 recte
454 2903 738 2953 Theophrastus
755 2899 992 2953 παρέστηκεν.

172 2966 217 3005 V.
246 2965 336 3011 148.
358 2965 398 3004 τὸ
417 2965 486 3019 γὰρ
507 2965 595 3004 αὐτό
618 2966 712 3004 ἔστιν
735 2962 844 3017 ὅπερ)
868 2966 1006 3002 Sensus
1028 2975 1037 3000 :
1065 2976 1185 3000 mem·

124 3025 273 3062 brorum
293 3037 498 3077 compages
531 3034 588 3063 est
613 3027 656 3062 id
683 3028 801 3075 ipsum
832 3026 933 3073 quod
957 3027 1072 3073 sapit,
1109 3023 1186 3059 sive

118 3085 197 3128 νοῦς
216 3089 306 3135 ipse.

172 3147 215 3184 V·
241 3151 331 3196 149.
362 3145 400 3184 τὸ
421 3144 490 3199 γὰρ
520 3143 626 3184 πλέον
661 3143 735 3184 ἐστὶ
770 3142 910 3196 νόημα)
951 3145 1039 3181 Haec
1059 3143 1186 3180 Theo-

117 3206 296 3255 phrastus
322 3207 350 3246 1.
371 3220 407 3245 c.
426 3208 479 3244 ita
507 3207 668 3256 exponit
691 3219 700 3243 :
723 3206 828 3243 Δυοῖν
858 3203 974 3243 ὄντοιν
999 3201 1185 3254 στοιχείοιν

119 3263 212 3302 κατὰ
240 3263 280 3303 τὸ
300 3264 526 3317 ὓπερὸάλλον
550 3265 643 3303 ἐστὶν
663 3268 686 3312 ἡ
713 3266 854 3317 γνῶσις·
887 3262 947 3303 ἐὰν
980 3262 1050 3315 γὰρ
1071 3264 1184 3313 ὓπερ-

120 3322 202 3375 αίρῃ
224 3323 263 3362 τὸ
283 3324 410 3377 θερμὸν
437 3323 460 3371 ἢ
481 3323 521 3364 τὸ
540 3324 689 3378 ψυχρόν,
718 3324 830 3372 ἄλλην
847 3323 1005 3375 γίνεσθαι
1027 3320 1090 3368 τὴν
1109 3320 1186 3360 διά-

120 3397 230 3421 νοιαν.
249 3385 375 3434 Quare
393 3383 500 3424 πλέον
531 3386 595 3423 hic
618 3399 698 3422 non
718 3393 774 3423 est
785 3387 945 3436 plenum
962 3413 973 3435 ‚
991 3391 1035 3420 ut
1061 3389 1187 3420 censet

122 3444 278 3484 Preller.
304 3447 404 3485 Hist.
422 3446 519 3495 phil.
537 3459 579 3496 p.
602 3445 668 3497 98.

180 3508 225 3544 V.
242 3505 331 3545 150.
347 3507 548 3544 Exstathic
567 3520 697 3545 versus
707 3507 812 3558 apud
823 3507 1012 3546 Galenurn
1027 3508 1066 3542 in
1089 3506 1184 3546 Hip-

232 3579 352 3604 ruims.
378 3581 473 3605 περ.

1252 1496 1342 1551 τῷδέ
1372 1498 1447 1535 ἐστι
1487 1495 1526 1534 τὸ
1566 1494 1689 1547 ἀραιὸν
1727 1494 1788 1533 καὶ
1816 1494 1856 1533 τὸ
1899 1493 2027 1547 θερμὸν
2063 1493 2125 1532 καὶ
2159 1494 2199 1532 τὸ
2233 1494 2320 1547 φάος

1253 1557 1313 1596 καὶ
1334 1557 1373 1596 τὸ
1390 1554 1575 1608 μαλθακὸν
1594 1555 1653 1594 καὶ
1668 1554 1707 1593 τὸ
1726 1557 1871 1608 κοῦφον,
1890 1553 1948 1593 ἐπὶ
1967 1553 2004 1592 δὲ
2020 1556 2071 1607 τῷ
2091 1555 2212 1608 πυκνῷ
2232 1554 2319 1594 ὠνό-

1251 1708 1368 1746 pocr.
1393 1693 1570 1744 Epidem.
1591 1695 1656 1740 VI,
1678 1693 1727 1737 48
1748 1693 1962 1731 Comment.
1984 1694 2022 1730 11
2041 1694 2084 1732 T.
2106 1693 2165 1731 IX
2183 1706 2222 1743 p.
2241 1692 2319 1737 [⁸30

1254 1757 1318 1796 ed.
1342 1757 1515 1794 Charter.
1550 1754 1612 1792 Ad
1631 1751 1868 1792 =sententiam
1895 1753 2003 1803 quod
2033 1754 2184 1800 attinet,
2215 1754 2317 1791 idem

1251 1817 1362 1852 multi
1384 1816 1634 1864 antiquorum
1654 1813 1703 1850 de
1718 1813 1790 1850 hac
1806 1826 1848 1850 re
1865 1813 2105 1861 judicarunt.
2128 1813 2225 1850 Vide
2243 1814 2319 1852 Me-

1250 1888 1340 1926 nag.
1357 1874 1407 1911 ad
1424 1876 1553 1911 Laert.
1572 1874 1641 1911 lib.
1660 1875 1713 1920 II,
1738 1887 1762 1923 9
1784 1886 1826 1922 p.
1850 1872 1898 1920 75
1922 1873 1983 1909 ed.
2005 1873 2193 1911 Meibom.
2215 1873 2318 1911 Inse-

1251 1948 1334 1972 ram
1360 1935 1424 1971 hic
1452 1933 1691 1971 Parmenidis
1709 1946 1840 1970 versus
1860 1933 1909 1969 de
1931 1933 2134 1969 hominum
2150 1945 2318 1982 genera-

1250 1996 1356 2031 tione
1373 2006 1472 2043 quos
1491 1994 1608 2031 latine
1631 1993 1808 2030 redditos
1823 1990 1980 2029 exhibet
1992 1992 2131 2030 Coelius
2146 1993 2317 2029 Aurelia-

1249 2068 1321 2091 nus
1340 2054 1389 2091 de
1404 2054 1534 2091 Morb.
1558 2054 1693 2090 chron.
1719 2053 1784 2102 lv,
1803 2066 1828 2102 9
1854 2066 1893 2103 p.
1917 2051 1994 2097 545
2015 2052 2076 2091 ed.
2104 2053 2279 2089 WVetsten
2303 2066 2311 2089 :

1292 2170 1424 2203 Femina
1440 2170 1557 2212 virque
1570 2169 1669 2202 simul
1688 2169 1823 2202 Veneris
1844 2177 1949 2210 quum
1972 2168 2118 2209 germina
2135 2168 2276 2202 miscent

1291 2225 1405 2265 Venis,
1417 2224 1596 2257 informans
1606 2223 1736 2256 diverso
1749 2231 1790 2255 ex
1807 2222 1964 2263 sanguine
1979 2222 2084 2255 virtus
2096 2246 2106 2263 ,

1290 2278 1495 2319 Temperiem
1514 2285 1647 2310 servans
1659 2300 1669 2317 ,
1685 2276 1768 2308 bene
1787 2276 1919 2308 condita
1935 2284 2068 2316 corpora
2091 2275 2200 2317 fingit3

1291 2332 1333 2364 At
1346 2330 1374 2363 si
1389 2330 1527 2363 virtutes
1541 2329 1705 2371 permixto
1723 2329 1847 2361 semine
1858 2330 2003 2370 pugnent

1290 2385 1358 2416 Nec
1371 2383 1491 2416 saciant
1507 2390 1606 2414 unam
1618 2406 1628 2422 ,
1641 2382 1808 2423 permixto
1824 2380 1857 2413 in
1871 2389 2010 2421 corpore
2025 2379 2107 2413 dirae

1290 2440 1483 2471 Nascentem
1500 2436 1630 2477 gemino
1643 2435 1810 2468 vexabunt
1827 2434 1953 2467 semine
1966 2443 2094 2466 sexum.

1301 2549 1350 2585 V.
1389 2545 1479 2583 151.
1527 2544 1712 2582 Absoluta
1743 2543 1961 2594 posteriore
1995 2541 2174 2578 carminis
2205 2549 2316 2591 parte

1249 2606 1447 2646 coronidis
1467 2606 1556 2642 loco
1578 2605 1650 2641 hos
1666 2611 1742 2641 tres
1756 2616 1888 2640 versus
1905 2603 2037 2652 posuit
2050 2601 2314 2649 Pamnenides,

1250 2680 1347 2717 quos
1368 2666 1536 2703 servavit
1565 2663 1784 2713 Simplicius
1809 2662 1860 2699 ad
1890 2662 2007 2700 Arist.
2043 2661 2091 2698 de
2110 2661 2216 2698 Coelo
2240 2663 2316 2707 ΙΙΙ,

1247 2727 1276 2764 f.
1315 2725 1405 2773 138,
1437 2725 1488 2772 b;
1519 2724 1624 2775 apud
1651 2724 1817 2772 Peyron.
1852 2735 1892 2771 p.
1932 2719 1981 2758 55
2013 2733 2094 2770 seq.
2130 2721 2319 2770 Simplicii

1248 2785 1367 2822 verba
1385 2792 1473 2821 sunt
1496 2795 1506 2822 :
1538 2780 1730 2835 Παραδοὺς
1750 2779 1787 2819 δὲ
1821 2779 1886 2828 τὴν
1906 2781 1976 2819 τῶν
1995 2780 2174 2826 αἰσθητῶν
2197 2778 2316 2817 διακό-

1249 2859 1380 2895 σμησιν
1403 2841 1595 2895 ἐπήγαγεν·
1616 2839 1726 2881 Οὕτω
1751 2855 1807 2879 τοι
1822 2855 1859 2879 κ.
1883 2855 1916 2879 τ.
1936 2841 1972 2879 λ.
1990 2841 2066 2876 Pro
2100 2837 2164 2891 ἔφυ
2187 2841 2315 2878 Moer-

1248 2905 1345 2941 beca
1367 2905 1406 2940 in
1420 2903 1556 2940 codice
1577 2915 1647 2940 suo
1667 2902 1767 2939 male
1795 2902 1941 2951 legerat
1967 2899 2048 2952 ἔφη,
2078 2900 2194 2936 vertit
2213 2901 2315 2936 enim

1248 2967 1377 3014 inquit.
1399 2965 1445 3000 In
1463 2964 1566 3002 exitu
1585 2962 1701 3010 hujus
1719 2975 1851 2999 versus
1869 2961 2064 3010 vulgatam
2086 2959 2316 3008 scripturam

1248 3028 1308 3062 νύν
1328 3023 1408 3063 ἔασι
1421 3025 1589 3062 correxit
1604 3025 1799 3073 Peyronus
1817 3023 1955 3058 inserta
1970 3021 2110 3070 copula
2128 3033 2182 3065 τε,
2199 3031 2316 3068 quam

1249 3085 1431 3134 expressit
1453 3085 1568 3121 etiam
1594 3083 1803 3120 Moerbeca
1819 3089 1857 3117 et
1879 3092 1978 3116 nunc
1997 3086 2085 3114 sunt
2101 3086 2140 3114 et
2163 3086 2312 3127 postea.

1302 3147 1348 3183 V.
1377 3143 1466 3182 152.
1503 3145 1580 3180 Pro
1612 3140 1790 3194 τραφέντα
1818 3140 1922 3176 idem
1969 3137 2182 3176 Moerbeca
2206 3138 2316 3174 inve-

1248 3212 1356 3243 nerat
1369 3203 1563 3258 γράφοντα,
1580 3204 1799 3239 scribentem
1819 3199 2094 3249 interpretans.
2113 3195 2238 3246 Hujus
2257 3210 2316 3234 er-

1248 3277 1355 3302 rores
1372 3272 1507 3315 postea
1523 3264 1697 3312 vulgavit
1713 3262 1862 3300 Aldinae
1879 3259 2060 3296 editionis
2085 3258 2285 3306 interpres.

1301 3327 1347 3363 V.
1386 3324 1475 3362 153.
1506 3324 1651 3361 Ultima
1684 3322 1804 3358 verba
1837 3318 2013 3368 ἐπίσημον
2043 3318 2182 3369 ἑκάστῳ
2211 3323 2314 3353 recte

1248 3385 1484 3434 transposuit
1519 3382 1764 3428 Karstenius,
1797 3392 1918 3429 quum
1962 3376 2103 3429 ἑκάστῳ
2137 3375 2313 3422 ἐπίσημον

1248 3451 1373 3482 metro
1393 3449 1644 3494 repugnaret.

1309 3517 1323 3541 1
1334 3533 1344 3542 .
1358 3504 1547 3541 Hicloeus
1562 3502 1666 3552 apud
1677 3500 1914 3551 Simplicium
1928 3497 2100 3535 versibus
2119 3508 2134 3531 1
2147 3507 2194 3543 19
2206 3491 2306 3531 ἀντία

2173 3562 2193 3590 9
