2612 3814
1128 277 1376 318 ORPHICA.

227 357 323 410 ἴχνια
343 357 403 396 καὶ
422 359 526 410 χεῖρα
541 356 715 409 στιὸαρὴν
737 362 922 411 κρατεροῖο
938 361 1041 400 θεοῖο.

171 430 208 458 20
231 417 335 457 αὐτὸν
356 417 386 455 δ’
407 417 474 469 οὐχ
491 415 599 469 ὁρόω·
628 415 710 468 περὶ
731 416 801 470 γὰρ
821 416 919 471 νέφος
936 416 1142 471 ἐστήρικται

225 476 348 517 λοιπὸν
364 474 464 527 ἐμοί,
491 482 599 514 πᾶσιν
627 474 663 514 δὲ
681 473 767 515 δέκα
782 476 916 528 πτυχαὶ
935 476 1186 530 ἀνθρώποισιν.

225 538 264 576 οὗ
282 535 351 589 γάρ
365 534 424 574 κέν
443 550 495 579 τις
514 534 583 574 ἴδοι
603 537 738 583 θνητῶν
761 534 925 587 μερόπων
951 534 1142 589 κραίνοντα
1156 565 1168 587 ,

226 598 256 635 εἰ
277 593 328 646 μὴ
349 592 560 646 μουνογενής
575 609 626 638 τις
650 593 815 648 ἀποῤῥὼξ
835 593 945 648 φύλου
961 594 1091 633 ἄνωθεν

226 653 417 698 Χαλδαίων
430 669 438 678 ·
454 653 543 707 ἴδρις
562 651 629 706 γὰρ
647 652 706 700 ἔην
725 653 868 707 ἅστροιο
887 653 1045 707 πορείης,

172 730 209 756 25
227 714 289 754 καὶ
310 712 462 770 σφαίρης
479 711 602 764 κίνημ’
625 712 717 766 ἀμφὶ
733 713 844 767 χθόνα
864 714 910 757 ὡς
930 712 1129 766 περιτέλλει

225 772 438 827 κυκλοτερὴς
453 775 488 812 ἐν
508 772 576 825 ἴσῳ
595 787 633 811 τε
656 771 749 811 κατὰ
770 771 939 826 σφέτερον
958 771 1140 812 κνώδακα.

222 832 411 886 πνεύματα
428 833 462 872 δ’
483 834 622 886 ἡνιοχεῖ
645 830 726 885 περί
746 833 781 871 τ’
798 832 889 884 ἠέρα
908 830 969 870 καὶ
989 830 1071 884 περὶ
1090 835 1208 884 χεῦμα

222 893 400 946 νάματος·
417 891 575 946 ἐκφαίνει
598 891 636 931 δὲ
652 890 760 946 πυρὸς
783 892 890 936 σέλας
913 889 1131 943 ἷφιγενήτου.

224 951 327 996 αὐτὸς
352 952 393 1000 δὴ
413 953 524 1005 μέγαν
550 946 649 997 αὖθις
667 954 724 991 ἐπ’
739 952 887 1006 οὐρανὸν
905 950 1112 1004 ἐστήρικται

167 1027 204 1054 ³0
224 1012 365 1067 χρυσέῳ
382 1012 446 1052 εἰνὶ
467 1012 591 1067 θρόνῳ·
614 1010 717 1064 γαίης
739 1011 771 1050 δ’
790 1011 849 1050 ἐπι
865 1009 972 1050 ποσσὶ
999 1009 1167 1062 βέὸηκεν,

219 1072 326 1126 χεῖρα
353 1071 389 1111 δὲ
406 1071 585 1125 δεξιτερὴν
608 1070 667 1110 ἐπὶ
686 1069 860 1124 τέρμασιν
881 1070 1054 1108 ὠκεανοῖο

220 1131 420 1180 ἕκτέτακεν,
436 1130 543 1184 ὀρέων
564 1130 601 1169 δὲ
622 1129 744 1183 τρέμει
762 1129 865 1183 βάσις
885 1128 998 1168 ἔνδοθι
1019 1131 1139 1183 θυμῷ,

219 1191 298 1234 οὐδὲ
326 1191 442 1246 φέρειν
454 1190 599 1230 δύναται
618 1190 788 1244 κρατερὸν
825 1189 940 1244 μένος.
962 1186 1089 1228 ἔστιδὲ
1119 1187 1207 1227 πάν·

1124 1250 1208 1302 [τως

221 1309 321 1355 αὐτὸς
341 1308 564 1363 ἐπουράνιος,
587 1308 648 1348 καὶ
665 1307 723 1348 ἐπὶ
743 1308 843 1362 χθονὶ
862 1308 979 1348 πάντα
998 1310 1165 1362 τελευτᾷ,

164 1382 199 1409 ³5
219 1369 334 1423 ἀρχὴν
359 1369 463 1413 αὐτὸς
484 1368 574 1421 ἔχων
594 1368 655 1407 καὶ
680 1368 856 1419 μέσσατον
877 1367 940 1416 ἠδὲ
960 1368 1140 1416 τελευτήν·

216 1429 264 1474 ὣς
283 1428 385 1481 λόγος
408 1427 583 1482 ἀρχαίων,
609 1427 655 1473 ὣς
677 1427 844 1481 ὓλογενὴς
863 1427 1032 1478 διέταξεν,

217 1490 257 1528 ἐκ
277 1489 392 1528 θεόθεν
417 1486 597 1541 γνώμαισι
613 1486 735 1527 λαὸὼν
756 1487 848 1528 κάτα
865 1487 1022 1528 δίπλακα
1038 1487 1182 1538 θεσμόν.

218 1548 335 1593 ἄλλως
355 1550 393 1588 οὗ
409 1547 550 1599 θεμιτόν
573 1563 612 1586 σε
632 1546 747 1600 λέγειν
761 1563 770 1572 ·
790 1546 931 1601 τρομέω
950 1547 987 1587 δέ
1002 1563 1042 1599 γε
1061 1552 1145 1599 γυῖα

222 1610 256 1648 ἐν
276 1608 357 1662 νόῳ.
385 1606 419 1654 ἐξ
436 1606 571 1646 ὑπάτου
585 1607 722 1660 κραίνει
742 1607 824 1660 περὶ
841 1607 950 1646 πάντ’
972 1607 1022 1646 ε’νὶ
1042 1606 1150 1652 τάξει.

167 1680 205 1707 40
223 1660 253 1706 ‹3'›
272 1667 406 1715 τέκνον,
430 1666 472 1707 σὺ
501 1666 537 1706 δὲ
558 1668 649 1707 τοῖσι
669 1667 778 1707 νόοισι
797 1667 969 1716 πελάζεο,
985 1668 1151 1719 γλῶσσαν

223 1721 262 1767 εὗ
277 1727 362 1780 μάλ’
383 1726 616 1781 ἐπικρατέων,
631 1727 805 1781 στέρνοισι
825 1726 861 1766 δὲ
879 1726 974 1766 ἔνθεο
995 1725 1133 1781 φήμην.

304 1814 312 1827 ⁴
419 1806 427 1813 .
685 1814 693 1827 ‹
1034 1818 1041 1825 ,
1057 1804 1065 1818 ,
1160 1806 1182 1815 ⁶.

277 1803 474 1855 (Euseblus
487 1804 655 1855 praepar*
671 1803 816 1855 Evang'
829 1806 944 1855 Xln’
969 1818 982 1840 ῐ
993 1818 1014 1842 ²
1035 1834 1042 1841 ’
1071 1805 1126 1843 Ex
1137 1819 1204 1842 των
1234 1803 1238 1869 1
1267 1835 1342 1878 εἶτα
1355 1839 1510 1894 ἐπιφέρει
1523 1843 1637 1896 ῥητῶς
1645 1842 1878 1895 παγκράτορα
1893 1843 2075 1894 ὀνομάζων
2095 1843 2153 1882 τὸν
2165 1845 2254 1882 θεὸν·

217 1861 486 1915 Ἀριστοὸούλου
517 1865 658 1916 βασιλεῖ
693 1861 908 1917 Πτολεμαίῳ
935 1878 1202 1917 προσπεφωνη-

220 1921 355 1973 μένων·
381 1921 590 1974 Φθέγξομαι
625 1923 705 1963 κτλ.
737 1946 788 1953 -
817 1923 885 1964 Vs.
911 1937 979 1961 1-2
1005 1925 1204 1975 legebatur

218 1981 366 2034 βέὸηλοι
387 1981 571 2036 φεύγοντες
592 1981 738 2022 δικαίων
757 1983 954 2036 (Stephan.
975 1986 1085 2021 Poes.
1105 1985 1200 2034 phil.

218 2039 364 2093 δικέων)
400 2039 548 2091 θεσμοὺς
572 2042 679 2091 quod
698 2043 846 2079 mutavi
866 2043 907 2078 in
934 2039 1081 2093 βέὸηλοι
1101 2040 1203 2081 οὔασι

217 2099 401 2153 φεύγοντες
412 2099 559 2151 θεσμοὺς
567 2110 729 2152 propter
739 2102 905 2139 Platonis
913 2103 1031 2140 verba
1040 2103 1201 2141 Conviv.

214 2173 258 2210 p.
276 2161 354 2198 218
378 2161 408 2199 B
432 2161 483 2197 ad
514 2161 649 2211 fragm.
669 2163 687 2198 I
702 2162 827 2198 citata.
848 2183 902 2189 —-
928 2164 986 2200 Vs.
1008 2175 1069 2200 21.
1090 2163 1203 2199 Suam

218 2221 423 2257 oculorum
457 2222 578 2257 aciem
609 2234 698 2258 cum
730 2222 972 2271 reliquorum
999 2220 1203 2259 hominum

2258 290 2329 324 167

1354 363 1522 398 caecitate
1571 369 1786 411 comparat.
1828 361 2015 401 Caeterum
2051 366 2187 403 eodem
2219 368 2339 406 modo

1353 420 1556 469 Euripides
1575 421 1710 458 Phoen.
1733 434 1790 457 vs.
1814 421 1863 458 82
1888 421 2035 472 οὐρανοῦ
2065 425 2202 477 πτύχας
2223 428 2336 467 dixit.

1352 498 1406 506 —
1426 480 1490 515 Vs.
1531 483 1579 522 24
1607 476 1735 530 ἄστρον
1758 478 1820 516 hic
1846 480 2025 531 intelligit
2044 484 2180 523 solem.
2207 489 2339 524 —Vs.

1361 535 1426 573 36.
1447 533 1640 587 Ὓλογενῆς
1660 538 1817 575 videtur
1837 540 2023 588 appellari
2044 543 2181 582 Moses.
2199 545 2340 582 Casau-

1353 596 1479 634 bonus
1495 597 1543 633 ad
1560 598 1701 635 Athen.
1720 611 1760 648 p.
1777 598 1850 636 130
1862 600 2032 637 malebat
2048 600 2227 651 ὑδογενής.
2245 606 2340 641 Seri-

1350 657 1408 706 psi
1424 664 1551 693 autem
1573 670 1661 694 cum
1686 659 1854 696 Gesnero
1871 656 1916 702 ὣς
1937 659 1997 697 his
2012 673 2086 710 pro
2107 661 2154 705 ὥς
2175 664 2281 711 quod
2298 666 2337 700 in

1351 716 1582 753 membranis
1602 724 1671 755 est.
1702 739 1754 746 —
1773 719 1838 756 Vs.
1875 721 1924 761 [ιο
1947 720 2115 769 γλῶσσαν
2137 721 2242 758 edidi
2262 736 2335 771 pro

1352 776 1490 812 vitiosa
1506 776 1687 813 codicum
1703 777 1868 814 lectione
1889 775 2070 828 γλώσσην,
2095 792 2210 829 quam
2229 783 2340 818 etiam

1351 835 1571 872 Lobeckius
1589 837 1755 873 servavit
1781 837 1867 887 Agl.
1886 850 1927 886 p.
1947 838 2051 890 443.)

1771 921 1840 962 ΙΙΙ.

1352 1001 1497 1055 Αἷθέρος
1518 1001 1573 1050 ἠδ’
1595 998 1692 1042 ἀίδου
1712 1002 1839 1043 πόντου
1856 1003 1957 1057 γαίης
1977 1021 2015 1044 τε
2035 1003 2202 1058 τύραννε,

1351 1060 1386 1105 ὃς
1407 1064 1569 1114 βρονταῖς
1589 1061 1691 1106 σείεις
1703 1063 1848 1117 βριαρὸν
1863 1064 1970 1115 δόμον
1989 1064 2201 1115 οὑλύμποιο·

1352 1119 1517 1172 δαίμονες
1537 1120 1575 1159 ὃν
1593 1120 1799 1175 φρίσσουσι,
1823 1125 1909 1162 θεῶν
1932 1124 1967 1162 δὲ
1989 1123 2142 1163 δέδοικεν
2163 1124 2303 1176 ὅμιλος·

1306 1194 1309 1198 ·
1353 1173 1382 1232 ᾧ
1401 1185 1522 1233 μοῖραι
1537 1180 1736 1231 πείθονται,
1756 1182 1958 1231 ἀμείλικτοί
1975 1199 2042 1237 περ
2060 1185 2194 1222 ἐοῦσαι.

1300 1252 1316 1276 5
1348 1238 1471 1292 ἄφθιτε
1491 1239 1747 1294 μητροπάτωρ,
1766 1235 1805 1279 οἷ
1817 1244 1917 1296 θυμῷ
1932 1241 2048 1281 πάντα
2064 1244 2229 1282 δονεῖται·

1350 1297 1386 1344 ὃς
1406 1305 1514 1343 κινεῖς
1535 1299 1702 1351 ἀνέμους,
1723 1300 1888 1355 νεφέλῃσι
1913 1303 1949 1341 δὲ
1968 1302 2087 1342 πάντα
2108 1303 2315 1352 καλύπτεις,

1349 1363 1553 1414 πρηστῆρσι
1595 1359 1726 1414 σχίζων
1757 1361 1896 1402 πλατὺν
1930 1362 2068 1417 αἰθέρα.
2106 1362 2161 1412 Σὴ
2198 1365 2261 1415 μὲν
2301 1367 2336 1403 ἐν

2179 1422 2337 1479 [ἄστροις

1350 1479 1447 1526 τάξις
1462 1481 1736 1522 ἄναλλάκτοισιν
1751 1482 2011 1537 ἐφημοσύναισι
2029 1480 2208 1537 τρέχουσα
2219 1500 2228 1510 ·

1353 1542 1404 1594 σῷ
1429 1539 1464 1579 δὲ
1483 1540 1594 1595 θρόνῳ
1613 1542 1779 1595 πυρόεντι
1800 1550 2017 1596 παρεστᾶσιν
2045 1543 2267 1598 πολύμοχθοι

1298 1614 1330 1639 10
1352 1600 1508 1654 ἄγγελοι,
1530 1594 1599 1642 οἷσι
1621 1602 1779 1652 μέμηλε,
1806 1606 1942 1657 βροτοῖς
1958 1607 2004 1647 ὡς
2029 1603 2148 1642 πάντα
2168 1605 2335 1643 τελεῖται.

1350 1660 1410 1699 σὸν
1429 1660 1491 1711 μὲν
1512 1659 1573 1714 ἔαρ
1588 1662 1725 1713 λάμπει
1744 1662 1818 1702 νέον
1838 1663 1956 1703 ἄνθεσι
1976 1663 2226 1718 πορφυρέοισι,

1349 1719 1407 1764 σὸς
1426 1720 1563 1773 χειμὼν
1583 1723 1777 1776 ψυχραῖσιν
1793 1722 2029 1776 ἐπερχόμενος
2048 1723 2262 1778 νεφέλαισιν,

1350 1779 1413 1825 σάς
1431 1796 1516 1819 ποτε
1541 1780 1741 1835 βακχευτὴς
1763 1781 1906 1835 βρόμιος
1922 1783 2092 1834 διένειμεν
2108 1782 2262 1836 ὀπώρας.

1349 1898 1509 1953 ἄφθιτον,
1533 1899 1718 1949 ἀθάνατον,
1742 1901 1845 1955 ῥητὸν
1869 1901 1972 1954 μόνον
1988 1901 2226 1943 ἀθανάτοισιν.

1296 1973 1328 1998 15
1350 1958 1448 2007 ἐλθέ,
1470 1958 1616 2012 μέγιστε
1637 1963 1723 2000 θεῶν
1741 1961 1884 2001 πάντων
1899 1966 2053 2016 κρατερῇ
2079 1962 2141 2003 σὺν
2158 1962 2313 2017 ἀνάγκῃ,

1349 2019 1492 2072 φρικτός
1505 2049 1516 2068 ,
1533 2019 1724 2070 ἀήττητος,
1743 2020 1864 2074 μέγας,
1886 2021 2030 2075 ἄφθιτος
2043 2052 2054 2074 ,
2079 2020 2116 2061 ὃν
2139 2021 2259 2076 στέφει
2280 2023 2332 2060 αἷ-

1955 2100 1957 2102 ·
2243 2081 2334 2137 [θήρ.

1406 2161 1595 2213 (Clemens
1610 2165 1816 2203 Alexandr.
1844 2166 1983 2204 Strom.
2009 2169 2052 2204 V.
2075 2180 2114 2216 p.
2144 2171 2235 2217 724,
2269 2180 2332 2214 115

1349 2223 1532 2260 Eusebius
1547 2226 1665 2273 Praep.
1681 2226 1825 2275 Evang.
1846 2226 1959 2272 XIII,
1984 2226 2028 2262 13
2048 2238 2138 2276 pag.
2155 2231 2227 2270 401
2249 2240 2330 2277 seq.

134 2381 167 2411 et
184 2378 324 2411 validam
345 2378 436 2411 fortis
458 2378 508 2411 dei
527 2388 673 2412 manum.

134 2440 177 2471 At
190 2438 298 2480 ipsum
313 2446 379 2470 non
392 2438 487 2471 video
505 2452 512 2472 :
533 2438 635 2472 nubes
649 2439 737 2472 enim
751 2439 982 2481 circumposita
995 2441 1044 2474 est

137 2497 259 2538 reliqua
280 2496 360 2529 mihi
379 2496 457 2539 (una
471 2507 546 2539 quae
563 2498 720 2540 impediat
738 2500 933 2541 aspectum),
953 2500 1105 2533 omnibus
1123 2509 1201 2532 vero

479 2556 680 2599 [hominihus
702 2557 814 2591 decem
826 2557 896 2590 eoeli
916 2558 1017 2601 plagae
1034 2559 1202 2602 (obstant).

136 2618 249 2657 Neque
267 2616 352 2649 enim
370 2617 544 2659 quisquam
558 2618 746 2650 mortalium
766 2618 937 2652 hominum
957 2619 1064 2653 videat
1082 2629 1202 2662 regem,

136 2675 195 2708 nisi
213 2676 309 2709 unica
327 2676 493 2718 progenies
511 2677 625 2719 priscae
645 2677 874 2711 Chaldaeorum

136 2735 241 2776 gentis
258 2745 267 2768 z
286 2728 407 2778 quippe‘
425 2738 560 2770 noverat
573 2737 687 2770 sideris
705 2742 851 2771 meatum
866 2738 1054 2781 sciebatque

136 2795 207 2828 coeli
222 2796 346 2828 motum
367 2796 450 2828 circa
462 2797 579 2829 terram
600 2797 887 2831 circumvolvendo
906 2799 1014 2840 pertici

135 2854 179 2887 ab
197 2855 377 2888 orbiculato
391 2855 452 2889 deo
469 2856 673 2897 aequabiliter
693 2857 778 2890 circa
797 2867 893 2891 axem
909 2867 1018 2891 suum.

136 2912 229 2954 Regit
243 2914 353 2946 autem
375 2917 489 2947 ventos
509 2916 595 2947 circa
615 2924 724 2948 aerem
740 2917 773 2949 et
792 2916 875 2949 circa
890 2926 1021 2949 cursum

137 2979 293 3012 aquarum
310 2972 498 3015 profertque
516 2973 599 3015 ignis
617 2974 647 3007 vi
662 2975 791 3008 excussi
809 2975 978 3018 fulgorem.

138 3031 213 3071 Ipse
226 3030 323 3072 igitur
337 3040 452 3073 magno
471 3042 584 3066 rursus
603 3035 684 3067 coelo
699 3035 850 3068 innititur

138 3097 235 3122 aureo
250 3090 282 3122 in
295 3091 376 3124 solio
393 3091 548 3134 (sedens),
575 3093 778 3136 pedibusque
796 3095 829 3127 in
849 3096 936 3128 terra
954 3096 1124 3137 consistit,

139 3147 351 3192 dextramque
372 3159 506 3185 manum
520 3153 560 3185 ad
574 3154 758 3187 extremum
773 3154 885 3188 oceani
903 3155 1000 3187 tinem

141 3209 317 3251 protendit,
337 3211 499 3244 montium
516 3221 596 3245 vero
616 3213 739 3246 radices
754 3213 840 3249 intus
855 3215 999 3247 tremunt
1014 3214 1083 3256 ejus
1101 3214 1146 3247 ira

139 3275 244 3309 neque
262 3268 343 3302 terre
362 3272 497 3311 possunt
513 3271 656 3305 validam
675 3273 754 3306 vim.
779 3275 836 3306 Est
856 3275 965 3306 autem
985 3273 1118 3306 omnino

139 3325 208 3367 ipse
223 3326 362 3360 coelestis
371 3331 470 3370 atque
490 3330 523 3363 in
541 3331 635 3366 terris
655 3332 764 3365 omnia
779 3333 917 3374 perficit,

142 3385 335 3427 principium
351 3387 438 3421 solus
458 3389 583 3423 habens
606 3393 638 3425 et
652 3391 795 3425 medium
812 3393 845 3425 et
862 3392 959 3425 tinem
974 3405 983 3425 ε

140 3444 186 3477 sic
201 3444 406 3487 antiquorum
424 3448 570 3490 effatum,
586 3450 634 3484 sie
645 3450 806 3485 silvarum
824 3452 977 3486 alumnus
989 3451 1106 3485 statuit

141 3501 294 3537 divinitus
308 3505 415 3539 animo
435 3506 555 3549 duplici
569 3509 637 3551 lege
652 3509 830 3544 intellecta.

142 3562 242 3596 Aliter
261 3565 293 3597 te
314 3565 401 3606 loqui
417 3575 481 3600 non
503 3576 558 3609 par
572 3571 646 3602 est:
665 3569 839 3604 reformido
857 3571 945 3605 certe
962 3569 1107 3603 membra

1266 2383 1386 2414 mente.
1409 2383 1553 2423 Desuper
1572 2382 1604 2414 in
1617 2382 1726 2414 omnia
1743 2383 1855 2415 ordine
1871 2383 2070 2417 dominatur.

1262 2437 1289 2466 Ο
1304 2434 1360 2475 lili,
1376 2436 1410 2466 tu
1428 2438 1539 2467 mente
1551 2435 1789 2476 appropinqua,
1808 2435 1951 2475 linguam

1262 2488 1344 2521 bene
1362 2488 1544 2529 confinem,
1562 2487 1595 2520 in
1612 2489 1725 2530 pectus
1749 2497 1826 2521 vero
1840 2489 2052 2531 animumque
2070 2498 2165 2522 omen
2182 2490 2330 2525 demitte.

1768 2549 1829 2581 ΙΙΙ.

1263 2605 1402 2639 AEtheris
1417 2606 1449 2638 et
1459 2605 1526 2638 orci
1540 2605 1705 2648 marisque
1720 2606 1884 2649 terraeque
1906 2607 2104 2648 dominator,

1262 2660 1317 2700 qui
1333 2658 1508 2691 tonitribus
1521 2659 1668 2692 concutis
1684 2659 1825 2692 validam
1845 2660 1968 2702 olympi
1982 2660 2116 2693 domum
2131 2686 2140 2696 .

1264 2721 1359 2754 quem
1374 2712 1459 2753 genii
1482 2712 1626 2753 horrent,
1645 2712 1781 2746 deorum
1799 2714 1904 2746 coetus
1921 2714 2121 2756 reformidat,

1263 2766 1314 2798 cui
1334 2767 1440 2798 Parcae
1459 2765 1633 2807 obediunt,
1653 2766 1805 2808 quamvis
1825 2767 2039 2801 inexorabiles
2060 2769 2136 2801 sint.

1264 2823 1460 2856 Immortalis
1478 2826 1567 2863 pater
1577 2823 1672 2856 simul
1691 2825 1723 2857 et
1736 2825 1850 2865 mater,
1861 2824 1955 2866 cujus
1967 2826 2014 2858 ira
2031 2827 2139 2858 omnia
2153 2825 2326 2867 agitantur,

1263 2879 1320 2920 qui
1334 2879 1447 2911 ventos
1466 2887 1578 2912 moves
1593 2879 1801 2922 nubibusque
1818 2881 1930 2913 omnia
1949 2881 2117 2922 adoperis,

1263 2933 1364 2973 igneis
1393 2933 1579 2966 turbinibus
1607 2933 1732 2967 findens
1755 2936 1886 2967 vastum
1909 2935 2076 2968 aetherem.
2109 2935 2172 2969 Tui
2195 2935 2327 2977 quidem

1263 2987 1514 3019 immutabilium
1530 2987 1659 3021 ordines
1672 2989 1730 3021 tuo
1744 2988 1838 3029 jussu
1853 2991 1989 3022 currunt
2005 3000 2013 3022 :
2151 2989 2327 3032 [astrorum

1265 3042 1320 3072 tuo
1341 3049 1418 3072 vero
1440 3040 1533 3081 igneo
1547 3040 1628 3073 solio
1645 3043 1754 3074 astant
1772 3042 1878 3074 nuntii
1899 3041 2062 3082 laboriosi,

1263 3094 1382 3135 quibus
1399 3102 1488 3127 curae
1501 3097 1548 3127 est
1563 3094 1659 3136 scire,
1679 3095 1846 3137 quomodo
1865 3095 1974 3127 omnia
1993 3104 2011 3127 a
2027 3094 2217 3128 mortalibus
2232 3104 2330 3136 agan-

1264 3150 1372 3181 Tuum
1387 3157 1443 3182 ver
1460 3157 1581 3181 novum
1599 3150 1770 3191 purpureis
1787 3149 1918 3182 floribus
1932 3149 2031 3189 nitet,
2247 3148 2327 3191 [tur.

1265 3202 1321 3233 tua
1342 3201 1445 3237 hiems
1465 3201 1588 3243 frigidis
1603 3202 1746 3235 nubibus
1760 3202 1960 3244 supervenit,

1265 3255 1337 3287 tuos
1350 3254 1476 3288 fructus
1503 3255 1726 3288 auctumnales
1759 3254 2014 3288 bacchabundus
2034 3254 2184 3287 Bromius
2214 3249 2323 3286 dis’tri-

2106 3306 2219 3350 [buere
2233 3306 2327 3339 solet.

1265 3361 1509 3403 incorruptum,
1524 3360 1754 3402 immortalem,
1774 3361 1879 3394 solum
1894 3360 2132 3393 immortalibus
2144 3367 2326 3391 memoran-

2223 3409 2328 3452 [dum.

1266 3465 1368 3507 Veni,
1379 3466 1522 3499 maxime
1539 3466 1674 3500 deorum
1691 3466 1839 3499 omnium
1860 3475 1945 3499 saeva
1963 3465 2155 3499 necessitate
2177 3465 2324 3505 urgente,

1266 3518 1455 3557 horrendus,
1471 3519 1624 3561 invictus,
1638 3528 1786 3561 magnuS,
1799 3520 2018 3561 incorruptus,
2032 3526 2130 3559 quem
2144 3516 2246 3550 aethcr
2261 3516 2329 3548 cin-

2258 3567 2328 3611 [gn.
