2612 3814
893 217 961 255 DE
993 215 1112 255 DlOG
1122 215 1222 254 ENE
1250 213 1625 254 APOLLONIATE.

181 309 286 360 quod
319 322 398 347 non
432 308 545 356 hujus
581 318 741 345 consors
774 305 825 344 sit
859 304 957 356 (vid.
988 305 1126 354 fragm.
1163 305 1225 355 6).

180 368 404 408 Cavendum
419 376 547 405 tamen
567 378 615 403 ne
637 378 724 403 cum
744 364 930 402 Cicerone
947 363 994 401 de
1015 362 1097 401 Nat.
1119 362 1226 401 deor.

184 428 214 475 1,
238 442 282 471 ¹.2
302 435 494 478 putemus,
527 424 739 473 Diogenem
763 435 852 460 aere
880 435 992 460 usum
1021 434 1104 460 esse
1138 421 1226 468 deo,

180 487 241 524 vel
259 499 346 524 cum
370 483 589 533 Augustino
609 482 657 520 de
675 482 759 520 Civ.
783 481 854 519 Dei
869 480 974 529 Vllt,
995 495 1017 518 2
1039 480 1119 518 aeri
1139 493 1226 518 eum

179 545 355 583 divinam
388 545 577 582 rationem
612 541 810 581 tribuisse.
834 541 916 578 Hoc
949 541 1053 578 enim
1074 553 1153 577 non
1173 539 1230 576 di-

180 612 280 641 serte
313 602 414 640 dixit
445 600 730 652 Apolloniates,
767 599 834 637 sed
861 599 989 637 dicere
1015 599 1124 637 visus
1156 608 1226 638 est.

182 661 382 700 Falluntur
401 669 588 712 praeterea
618 659 801 696 Nicolaus
821 667 860 696 et
892 658 1136 709 Porphyrius
1161 658 1230 708 qui

178 721 397 758 Cretensem
418 718 698 771 philosophum
718 717 888 755 medium
919 716 1105 767 quiddam
1129 717 1231 754 inter

178 779 307 828 ignem
325 786 362 815 et
378 790 505 816 aerem
525 790 653 814 rerum
683 775 922 827 principium
945 775 1124 813 statuisse
1140 775 1232 813 scri·

178 845 340 889 pserunt
357 835 454 891 (10).
475 835 608 887 Neque
622 835 725 873 enim
750 834 913 872 dubium
939 834 1036 884 quin
1057 847 1229 872 errorem

177 895 361 946 ambigua
379 894 605 947 philosophi
621 894 747 932 oratio
756 893 950 945 pepererit
966 893 1034 943 qui
1052 892 1187 942 fragm.
1207 894 1229 929 6

175 954 225 992 de
241 956 339 992 aeris
354 955 540 993 varietate
557 953 759 1004 disputans
777 965 786 992 :
807 951 879 991 Καὶ
893 950 1073 998 ἁπάντων,
1087 951 1229 1002 inquit,

175 1016 245 1053 τῶν
265 1013 360 1067 ζῴων
384 1013 419 1053 δὲ
435 1016 457 1060 ἡ
472 1011 569 1066 ψυχὴ
589 1012 628 1051 τὸ
642 1012 727 1051 αὐτό
746 1014 832 1059 ἐστι,
853 1009 922 1062 ἀὴρ
945 1009 1150 1062 θερμότερος
1167 1010 1229 1060 μὲν

174 1077 236 1111 τοῦ
255 1072 321 1117 ’ἔξω
333 1102 343 1120 ,
370 1074 406 1111 ἐν
421 1065 450 1126 ᾧ
470 1074 581 1123 εἶμεν,
600 1074 661 1110 τοῦ
683 1071 800 1120 μέντοι
815 1068 912 1121 παρὰ
927 1071 976 1121 τῷ
992 1068 1082 1121 ἡλίῳ
1100 1068 1229 1108 πολλὸν

169 1131 405 1185 ψυχρότερος·
435 1131 553 1178 ὅμοιον
586 1130 622 1169 δὲ
652 1134 753 1170 τοῦτο
784 1129 823 1168 τὸ
850 1128 975 1182 θερμὸν
989 1128 1126 1172 οὐδενὸς
1160 1131 1229 1167 τῶν

178 1189 274 1243 ζῴων
293 1190 381 1229 ἐστί.
405 1190 541 1241 Itaque
565 1190 625 1228 illi
651 1190 725 1228 rati
758 1202 780 1228 e
812 1188 957 1238 frigore
983 1187 1084 1225 nihil
1116 1188 1228 1235 oriri,

174 1250 302 1287 solum
320 1250 489 1287 calorem
511 1248 557 1286 ad
578 1249 766 1287 mundum
786 1246 1074 1299 procreandum
1096 1256 1227 1298 aptum

173 1320 276 1354 esse,
306 1308 518 1357 Diogenem
552 1307 594 1344 in
623 1306 751 1345 calido
779 1318 867 1344 aere
893 1319 1025 1344 rerum
1051 1306 1227 1344 omnium

175 1365 424 1404 fundamenta
454 1365 632 1416 posuisse
664 1362 960 1404 contenderunt.
987 1364 1102 1410 Quod
1136 1364 1228 1402 licet

171 1424 306 1476 aliqua
317 1438 366 1464 ex
377 1432 485 1476 parte
501 1425 556 1463 ita
571 1437 653 1463 sese
668 1423 811 1462 habere
827 1423 939 1461 facile
953 1423 1224 1471 concedamus,

173 1491 300 1522 tamen
318 1496 341 1521 a
359 1483 596 1535 philosopho
611 1496 690 1521 non
707 1496 754 1521 eo
772 1496 850 1534 quo
866 1482 939 1533 ipsi
954 1482 1092 1520 volunt
1110 1483 1226 1521 modo

171 1555 395 1594 expressum
427 1551 498 1581 est.
523 1542 672 1580 Etenim
706 1542 974 1594 Apolloniates
992 1554 1117 1592 neque
1138 1542 1227 1580 cali-

173 1601 266 1639 dum
285 1615 411 1640 aerem
424 1632 435 1652 ,
464 1615 590 1653 neque
609 1602 810 1651 frigidum,
835 1601 901 1640 sed
922 1601 1084 1639 omnino
1099 1614 1225 1640 aerem

172 1672 306 1699 eorum
328 1673 414 1711 quae
430 1668 581 1698 exstant
602 1669 638 1698 et
652 1661 866 1710 gignuntur
882 1668 1081 1710 parentem
1097 1661 1204 1698 nomi
1215 1683 1224 1688 -

173 1719 295 1758 navit.
314 1718 575 1768 Quamobrem
597 1733 674 1756 non
702 1728 759 1757 est
779 1718 884 1768 quod
906 1732 993 1756 cum
1022 1718 1227 1770 Simplicio

171 1776 408 1816 arbitremur
438 1776 641 1815 Nicolaum
674 1786 712 1814 et
752 1777 1019 1828 Porphyrium
1059 1790 1146 1828 quae
1180 1778 1227 1817 de

175 1836 362 1886 Diogenis
376 1836 627 1888 philosophia
641 1844 859 1874 memorant
873 1849 894 1874 e
913 1835 1127 1887 deperditis
1142 1836 1227 1887 ejus

170 1895 330 1946 scriptis
349 1904 532 1947 tanquam
561 1895 774 1934 reconditis
801 1903 917 1946 atque
938 1894 1082 1934 abditis
1098 1909 1120 1934 e
1140 1896 1227 1934 fon-

173 1953 278 1992 tibus
296 1954 487 1995 hausisse.
505 1957 627 1993 Porro
651 1955 845 2004 Diogenes
866 1954 999 1993 omnia
1019 1955 1170 1994 moveri
1190 1965 1227 1994 et

171 2012 477 2052 innumerabiles
506 2027 591 2052 esse
623 2013 791 2052 mundos
811 2021 848 2051 et
872 2013 989 2052 inane
1026 2014 1225 2053 infinitum

169 2084 253 2110 esse
281 2072 505 2111 affirmavit.
534 2072 641 2111 Idem
662 2086 787 2111 aerem
810 2081 890 2111 tum
921 2074 1127 2124 spissatum
1144 2083 1224 2112 tum

172 2131 401 2170 rarefactum
419 2131 584 2170 mundos
601 2132 781 2182 gignere,
803 2144 825 2170 e
844 2132 970 2170 nihilo
985 2141 1111 2171 autem
1126 2133 1224 2172 nihil

170 2191 370 2239 exsistere,
406 2204 531 2242 neque
558 2191 600 2229 in
632 2191 799 2229 nihilum
830 2192 1029 2243 corrumpi
1059 2193 1222 2231 censuit.

168 2247 329 2287 'serram
353 2249 559 2288 rotundam
581 2249 793 2301 appellavit
821 2263 907 2300 quae
933 2250 974 2288 in
1001 2250 1129 2288 medio
1152 2260 1223 2289 sta·

169 2306 285 2345 bilita
323 2308 559 2346 circumfuso
597 2308 725 2346 calore
759 2317 797 2346 et
828 2308 974 2358 frigore
1011 2323 1223 2348 concreve-

172 2367 225 2404 rit
239 2366 332 2417 (11).

221 2424 426 2478 Nilus(12)
457 2426 623 2476 Diogeni
649 2427 858 2477 quotannis
880 2427 985 2466 circa
1009 2428 1221 2466 solstitium

169 2485 349 2521 aestivum
386 2484 579 2522 inundare
610 2484 814 2536 AEgyptum
842 2486 1014 2535 videtur,
1045 2487 1139 2537 quia
1166 2487 1224 2525 sol

169 2554 310 2592 aquam
332 2542 521 2580 marinam
543 2551 580 2580 et
594 2543 788 2594 quidquid
809 2544 962 2582 humidi
983 2544 1025 2582 in
1045 2553 1150 2583 terra
1165 2554 1223 2583 est

169 2600 216 2636 ad
233 2613 274 2638 se
284 2603 654 2653 rapiat-raptumque
669 2602 872 2641 humorem
887 2603 929 2640 in
941 2602 1072 2641 Nilum
1087 2603 1223 2642 demit-

171 2667 237 2698 tat.
262 2658 390 2698 Verba
413 2658 497 2710 ejus
525 2660 644 2698 latine
671 2673 787 2698 versa
818 2661 875 2699 sic
905 2660 1063 2699 exhibet
1081 2661 1225 2700 Seneca

165 2717 310 2762 Quaest.
332 2726 407 2756 nat.
428 2717 493 2766 IV,
517 2732 538 2755 2
561 2733 569 2756 :
591 2736 608 2752 «
633 2719 825 2769 Diogenes
852 2719 1120 2771 Apolloniates
1137 2721 1190 2758 ait
1213 2734 1221 2757 ε

165 2777 233 2815 Sol
253 2776 457 2815 humorem
486 2776 536 2814 ad
555 2790 596 2815 se
612 2777 738 2829 rapit;
759 2778 864 2816 hunc
891 2778 1082 2817 exsiccata
1109 2779 1222 2817 tellus

167 2843 246 2872 tum
265 2847 313 2872 ex
328 2835 427 2873 mari
449 2835 576 2886 ducit,
598 2844 678 2874 tum
700 2849 750 2873 ex
780 2837 926 2875 caeteris
957 2837 1083 2888 aquis.
1119 2837 1221 2876 Fieri

208 2947 273 2988 (10)
300 2948 485 2989 Simplicius
505 2949 546 2981 ad
568 2950 749 2982 Aristotelis
767 2950 861 2991 Phys.
882 2951 937 2982 sol.
967 2953 1006 2983 32
1024 2951 1045 2983 b
1064 2964 1071 2983 ε
1094 2951 1223 2990 Ἐπειδὴ

166 2994 200 3025 δὲ
221 2996 241 3032 ἠ
258 2994 311 3034 μὲν
327 2998 390 3026 τῶν
419 2995 571 3028 πλειόνων
597 2996 721 3039 ἱστορία
745 2998 894 3038 Διογένην
908 2998 962 3029 τὸν
978 2998 1223 3036 Ἀπολλωνιάτην

165 3041 280 3080 ὁμοίως
303 3040 486 3083 Ἀναξιμένει
514 3043 567 3076 τὸν
595 3043 669 3086 ἀέρα
690 3044 829 3076 τίθεσθαι
852 3044 889 3077 τὸ
917 3048 1040 3086 πρῶτον
1068 3045 1223 3086 στοιχεῖόν

165 3099 251 3128 φησι,
266 3087 418 3125 Νικόλαος
433 3089 467 3122 δὲ
485 3090 516 3121 ἐν
535 3094 573 3131 τῇ
593 3090 662 3133 περὶ
679 3091 755 3123 θεῶν
771 3092 968 3133 πραγματείᾳ
981 3094 1091 3123 τοῦτον
1107 3093 1224 3133 ἱστορεῖ

164 3135 200 3166 τὸ
219 3134 331 3175 μεταξὺ
351 3136 446 3179 πυρὸς
468 3137 522 3170 καὶ
541 3137 629 3179 ἀέρος
657 3138 712 3177 τὴν
736 3138 834 3180 ἀρχὴν
862 3138 1081 3180 ἀποφήνασθαι
1106 3138 1221 3179 καὶτῷ

165 3181 312 3225 Νικολάῳ
332 3183 602 3223 συνηκολούθησεν
628 3185 646 3216 ὁ
671 3185 931 3227 φιλομαθέστατος
958 3189 1020 3217 τῶν
1044 3185 1221 3226 φιλοσόφων

169 3227 359 3270 Πορφὺριος,
384 3229 491 3262 ἰστέον
506 3232 548 3268 ὡς
564 3231 734 3275 γέγραπται
748 3232 878 3265 πλείονα
902 3235 948 3274 τῷ
968 3233 1106 3274 Διογένει
1120 3234 1223 3275 τούτῳ

166 3275 397 3318 συγγράμματα
409 3279 476 3311 κτλ.

211 3322 276 3363 (11)
299 3323 457 3364 Diogenes
485 3325 631 3358 Laertius
647 3325 702 3358 lib.
730 3327 787 3365 lx,
809 3330 847 3360 57
869 3336 877 3359 :
895 3328 1054 3368 Στοιχεῖον
1067 3326 1148 3358 εἶναι
1169 3327 1222 3360 τὸν

164 3369 257 3411 ἀέρα,
274 3370 411 3411 κόσμους
426 3371 587 3414 ἀπείρους,
602 3373 655 3405 καὶ
672 3374 760 3406 κενὸν
777 3373 915 3415 ἄπειρον,
934 3373 987 3406 τόν
1004 3384 1038 3406 τε
1059 3373 1136 3416 ἀέρα
1161 3385 1223 3406 πυ-

164 3416 333 3457 κνούμενον
345 3417 398 3449 καὶ
413 3418 614 3461 ἀραιούμενον
629 3421 808 3461 γεννητικὸν
826 3421 904 3453 εἶναι
924 3423 987 3452 τῶν
1000 3420 1140 3462 κόσμων.
1160 3421 1223 3453 Οὐ-

163 3462 214 3494 δὲν
238 3463 272 3493 ἐκ
294 3465 348 3496 τοῦ
363 3463 405 3503 μὴ
421 3463 507 3502 ὄντος
526 3465 676 3506 γίνεσθαι,
697 3467 769 3499 οὐδὲ
791 3467 834 3504 εἰς
850 3467 886 3499 τὸ
908 3467 950 3509 μή
977 3467 1011 3499 ὃν
1029 3467 1216 3508 φθείρεσθαι.

164 3509 230 3547 Τὴν
246 3513 304 3550 γῆν
321 3512 525 3555 στρογγύλην,
539 3514 755 3557 ἐρηρεισμένην
774 3515 806 3547 ἐν
819 3517 863 3557 τῷ
878 3516 978 3556 μέσῳ,
997 3515 1052 3554 τήν
1066 3515 1221 3547 σύστασιν

2263 220 2341 253 253

1287 311 1412 342 autem
1425 316 1503 341 non
1516 311 1653 353 potest,
1670 310 1713 339 ut
1729 302 1916 339 unasicca
1929 302 2112 350 sittellus,
2125 303 2202 341 alia
2218 304 2345 344 abun-

1287 363 1366 402 det.
1378 362 1583 400 Suntenim
1594 361 1789 412 perforata
1798 361 1930 398 onmia
1940 362 2178 401 etinitinera
2190 369 2340 416 pervia.

1288 421 1398 458 Sicca
1413 419 1462 457 ab
1477 419 1651 457 humidis
1669 428 1827 457 sumunt
1838 421 2064 470 aliquando.
2084 422 2169 461 Nisi
2191 425 2342 476 aliquid

1289 488 1391 517 terra
1411 478 1623 530 acciperet,
1646 479 1874 517 exaruisset.
1913 478 2015 529 Ergo
2043 481 2167 520 undas
2187 484 2243 521 sol
2266 494 2344 524 tra-

1288 539 1346 577 hit
1365 554 1372 576 z
1393 539 1459 577 sed
1481 552 1529 576 ex
1548 538 1611 576 his
1632 551 1718 588 quae
1736 548 1918 589 premunt
1938 540 2106 579 maxime
2122 541 2203 580 haec
2226 548 2342 585 meri-

1289 597 1404 635 diana
1435 606 1537 635 sunt.
1573 596 1695 634 Terra
1724 611 1844 647 quum
1883 599 2054 646 exaruit,
2095 600 2184 650 plus
2229 603 2275 640 ad
2305 618 2345 643 se

1289 656 1464 694 humoris
1485 655 1655 694 adducit.
1675 655 1726 693 Ut
1744 656 1785 694 in
1806 657 1979 695 lucernis
2003 658 2131 696 oleum
2162 659 2233 698 illo
2258 662 2343 701 fluit

1290 715 1357 753 ubi
1374 715 1566 762 exuritur,
1585 716 1642 753 sic
1661 715 1840 766 aquaillo
1858 716 2052 755 incumbit
2065 731 2144 768 quo
2158 719 2217 757 vis
2235 722 2343 760 calo-

1290 775 1345 812 ris
1361 783 1518 812 etterrae
1527 775 1725 813 aestuantis
1736 775 1909 814 arcessit.
1928 775 2040 814 Unde
2055 790 2146 826 ergo
2156 780 2344 819 trahitur?

1290 847 1337 871 ex
1355 834 1434 872 illis
1454 833 1604 871 scilicet
1616 833 1793 885 partibus
1811 847 1965 884 semper
1981 834 2171 883 hibernis,
2193 848 2345 889 septen-

1290 892 1538 939 trionalibus,
1575 893 1678 930 unde
1708 893 1890 932 exundat.
1924 893 1984 931 Ob
2023 893 2097 932 hoc
2128 895 2277 935 Pontus
2303 900 2344 936 in

1290 951 1457 989 inferum
1474 964 1579 989 mare
1595 951 1749 990 assidue
1763 951 1849 990 fluit
1862 952 2037 1004 rapidus,
2058 966 2137 991 non
2154 962 2196 992 ut
2210 965 2345 996 caetera

1291 1011 1412 1048 maria
1427 1010 1626 1048 alternatis
1642 1010 1743 1048 ultro
1755 1010 1855 1048 citro
1872 1010 2040 1058 aestibus,
2058 1012 2100 1049 in
2117 1026 2232 1051 unam
2255 1029 2346 1066 par-

1290 1076 1364 1106 tem
1383 1082 1536 1120 semper
1555 1082 1702 1120 pronus
1721 1078 1759 1108 et
1774 1078 1939 1110 torrens.
1961 1070 2074 1116 Quod
2094 1072 2171 1110 nisi
2185 1073 2343 1126 faceret,

1290 1126 1428 1177 hisque
1445 1127 1654 1166 itineribus
1682 1128 1786 1179 quod
1804 1129 1945 1180 cuique
1965 1129 2071 1168 deest
2100 1131 2342 1184 redderetur,

1289 1186 1395 1236 quod
1407 1187 1549 1236 cuique
1564 1195 1739 1237 superest
1758 1187 2000 1225 emitteretur
2019 1187 2119 1238 :jam
2139 1199 2205 1227 aut
2218 1193 2343 1231 exsic-

1289 1253 1372 1282 cata
1405 1253 1533 1282 essent
1561 1245 1693 1282 omnia
1720 1254 1786 1283 aut
1814 1245 2014 1286 inundata.
2040 1264 2055 1280 n
2092 1248 2234 1287 Contra
2264 1251 2345 1291 haec

1288 1303 1433 1342 Seneca
1463 1317 1473 1342 :
1509 1321 1526 1337 «
1552 1303 1798 1353 Interrogare
1829 1303 2044 1353 Diogenem
2074 1305 2190 1354 libet,
2222 1321 2345 1358 quare

1290 1375 1409 1412 quum
1422 1363 1570 1402 Pontus
1584 1371 1621 1401 et
1635 1375 1766 1400 amnes
1777 1363 1907 1400 cuncti
1926 1363 2095 1401 invicem
2110 1377 2341 1415 commeent,

1288 1435 1369 1459 non
1389 1421 1573 1460 omnibus
1595 1422 1693 1459 locis
1713 1429 1842 1459 aestate
1868 1420 2018 1472 majora
2037 1431 2128 1460 sunt
2156 1424 2345 1463 flumina?

1287 1481 1492 1532 AEgyptum
1514 1481 1572 1519 sol
1593 1480 1716 1530 magis
1736 1480 1966 1531 percoquit:
1985 1480 2116 1532 itaque
2131 1482 2242 1521 Nilus
2265 1498 2344 1522 ma-

1288 1541 1348 1589 gis
1368 1541 1521 1580 crescit.
1551 1539 1628 1578 Sed
1647 1539 1689 1577 in
1714 1539 1864 1578 caeteris
1885 1553 2042 1591 quoque
2074 1543 2190 1581 terris
2212 1544 2344 1594 aliqua

1288 1600 1517 1639 fluminibus
1549 1600 1594 1639 fit
1621 1599 1805 1650 adjectio.
1827 1599 1977 1638 Deinde
2005 1613 2127 1652 quare
2146 1602 2228 1640 ulla
2254 1617 2344 1653 pars

1271 1668 1399 1698 <terrae
1413 1660 1498 1698 sine
1516 1659 1682 1698 humore
1698 1667 1770 1705 est,
1790 1671 1911 1709 quum
1932 1660 2059 1697 omnis
2079 1661 2128 1698 ad
2139 1673 2180 1699 se
2193 1674 2241 1699 ex
2257 1663 2345 1701 aliis

1287 1719 1514 1769 regionibus
1535 1719 1654 1756 trahit
1677 1731 1800 1768 eoque
1820 1718 1963 1767 magis,
1981 1732 2059 1769 quo
2074 1719 2240 1758 calidior
2260 1723 2345 1759 est?

1287 1779 1438 1818 Deinde
1469 1792 1592 1830 quare
1628 1778 1738 1816 Nilus
1769 1778 1909 1827 dulcis,
1934 1779 1967 1816 si
1997 1779 2061 1817 -illi
2081 1792 2102 1817 e
2121 1780 2220 1818 mari
2240 1781 2346 1819 unda

1286 1840 1366 1878 est?
1383 1838 1461 1877 Nec
1476 1838 1581 1877 enim
1599 1838 1669 1876 ulli
1685 1837 1838 1876 flumini
1855 1837 2010 1876 dulcior
2026 1847 2175 1888 gustus.
2200 1856 2217 1874 υ
2249 1840 2344 1886 Qui-

1286 1896 1360 1935 bus
1382 1906 1509 1936 tamen
1535 1897 1736 1950 plerisque
1762 1910 1889 1948 neque
1924 1897 2114 1947 Diogenes
2135 1898 2343 1947 refellitur,

1286 1969 1412 2007 neque
1432 1970 1493 1995 res
1510 1956 1595 2008 ipsa
1613 1956 1846 2007 explicatur.
1990 2007 1992 2009 ι

1339 2018 1397 2053 De
1414 2015 1584 2053 hominis
1604 2025 1742 2054 natura
1753 2014 2008 2066 philosophus
2023 2014 2219 2055 Cretensis
2236 2016 2345 2055 dedi-

1288 2081 1325 2110 ta
1345 2086 1464 2124 opera
1480 2074 1570 2123 egit.
1591 2073 1677 2120 Quo
1704 2073 1748 2111 in
1768 2086 1908 2123 genere
1926 2072 1975 2111 ad
2000 2081 2171 2111 nostram
2196 2083 2343 2112 aetatem

1288 2133 1429 2171 mansit
1449 2133 1647 2182 egregium
1670 2132 1928 2182 fragmentum
1953 2131 2059 2182 quod
2088 2140 2147 2170 est
2165 2145 2228 2184 ap.
2254 2135 2343 2172 Ari-

1286 2191 1461 2230 stotelem
1480 2192 1579 2232 Hist.
1596 2192 1716 2230 anim.
1731 2191 1800 2230 lib.
1818 2191 1891 2239 l-ll,
1909 2205 1947 2238 2,
1967 2196 1986 2235 4
2006 2190 2105 2241 (vid.
2129 2191 2266 2241 fragm.
2290 2193 2344 2243 8),

1286 2251 1355 2288 ubi
1367 2251 1414 2289 de
1426 2251 1552 2301 venis,
1566 2263 1662 2302 quas
1676 2250 1765 2289 ideo
1776 2263 1846 2302 per
1856 2258 1975 2287 totum
1989 2263 2132 2300 corpus
2147 2251 2346 2301 pertinere

1286 2309 1453 2348 credidit
1474 2310 1688 2360 Diogenes,
1707 2319 1751 2348 ut
1778 2323 1910 2347 earum
1936 2322 2010 2360 ope
2029 2322 2095 2347 aer
2118 2310 2288 2348 calidior
2308 2321 2346 2350 et

1287 2377 1414 2406 mente
1435 2368 1620 2420 praeditus
1639 2369 1680 2407 in
1700 2381 1836 2407 omnes
1861 2368 2091 2407 animalium
2118 2377 2248 2420 partes
2279 2370 2346 2408 de-

1286 2428 1436 2466 rivatus
1470 2428 1645 2466 omnium
1685 2436 1722 2466 et
1760 2440 1944 2466 sensuum
1988 2435 2027 2466 et
2061 2428 2344 2478 cogitationum

1286 2500 1400 2525 causa
1416 2487 1631 2525 exsisteret.
1651 2488 1746 2535 Quae
1763 2486 1812 2524 de
1827 2485 2008 2524 sensibus
2026 2486 2161 2525 docuit
2180 2488 2345 2539 Apollo-

1286 2547 1410 2584 niates
1433 2546 1684 2597 persequitur
1708 2544 2004 2596 Theophrastus
2037 2544 2106 2583 lib.
2137 2545 2184 2583 de
2216 2546 2342 2585 Seusu

1286 2618 1370 2656 cap.
1387 2606 1451 2655 39,
1467 2611 1515 2651 42
1528 2613 1565 2643 et
1577 2610 1642 2652 44,
1659 2605 1721 2643 cui
1737 2604 1835 2643 adde
1849 2604 2102 2643 Plutarchum
2119 2605 2220 2645 Plac.
2236 2605 2337 2656 phil.

1287 2663 1353 2713 lv,
1377 2665 1422 2702 16
1448 2673 1486 2702 et
1509 2665 1571 2703 18.

1338 2722 1486 2760 Placita
1518 2721 1603 2773 ejus
1638 2721 1814 2760 breviter
1848 2722 2087 2772 perstrinxi3
2141 2724 2293 2774 reliqua
2325 2737 2346 2761 e

1287 2779 1513 2830 fragmentis
1532 2781 1608 2831 (13)
1626 2794 1713 2831 quae
1727 2781 1834 2819 omni
1855 2781 2034 2819 adhibita
2055 2781 2262 2831 diligentia
2282 2795 2343 2821 re-

1286 2839 1419 2876 censui
1442 2847 1480 2877 et
1498 2835 1783 2891 interpretatus
1806 2853 1891 2878 sum
1910 2850 2207 2890 cognoscentur.

1286 2953 1443 2993 εἰληφυῖαν
1458 2954 1541 2986 κατὰ
1569 2954 1625 2992 τήν
1642 2953 1678 2986 ἐκ
1699 2957 1755 2987 τοῦ
1772 2956 1886 2996 θερμοῦ
1906 2954 2074 2997 περιφορὰν
2100 2956 2153 2987 καὶ
2175 2956 2267 2992 πῆξιν
2282 2955 2344 2987 ὑπὸ

1284 3004 1339 3032 τοῦ
1359 3003 1492 3043 ψυχροῦ.
1510 3003 1560 3035 Cf.
1583 3002 1765 3044 Hesychius
1783 3003 1925 3035 Milesius
1948 3012 1979 3043 p.
2002 3007 2041 3035 20
2058 3002 2108 3035 ed.
2126 3003 2228 3035 Orell.
2246 3005 2347 3036 Euse-

1286 3047 1356 3080 bius
1386 3050 1488 3090 Praep.
1518 3052 1579 3083 Ev.
1599 3050 1656 3083 lib.
1686 3052 1702 3083 1
1719 3059 1789 3091 cap.
1817 3054 1860 3084 8:
1881 3051 2029 3091 Διογένης
2057 3052 2075 3083 ὁ
2101 3051 2345 3090 Ἀπολλωνιάτης

1285 3096 1360 3138 ἀέρα
1375 3095 1539 3137 ὑφίσταται
1557 3100 1726 3138 στοιχεῖον,
1741 3097 1892 3129 κινεῖσθαι
1909 3096 1942 3128 δὲ
1959 3096 1998 3128 τὰ
2015 3096 2118 3128 πάντα
2130 3098 2196 3127 κτλ.

1327 3142 1392 3184 (12)
1410 3143 1519 3175 Sehol.
1548 3143 1653 3184 Apoll.
1672 3144 1776 3177 Rlnod.
1794 3145 1852 3184 lv,
1875 3147 1936 3176 269
1955 3153 1963 3174 ε
1986 3143 2134 3183 Διογένης
2150 3144 2167 3175 ὁ
2191 3144 2345 3176 Ἀπολλω-

1283 3190 1387 3226 νιάτης
1412 3189 1472 3222 ὑπὸ
1491 3189 1580 3228 ἡλίου
1600 3189 1791 3232 ἁρπάζεσθαι
1815 3191 1851 3222 τὸ
1867 3190 1952 3231 ὕδωρ
1969 3193 2024 3228 τῆς
2046 3189 2217 3228 θαλάσσης,
2240 3190 2257 3221 ὃ
2276 3190 2346 3221 τότε

1284 3237 1325 3273 εἰς
1344 3237 1397 3268 τὸν
1409 3238 1525 3269 Νεῖλον
1549 3237 1785 3279 καταφέρεσθαι·
1804 3237 1901 3269 οἷεται
1921 3237 1981 3279 γὰρ
1997 3237 2191 3278 πληροῦσθαι
2207 3236 2260 3268 τὸν
2275 3238 2346 3268 Νεῖ-

1283 3284 1336 3314 λον
1351 3283 1381 3314 ἐν
1395 3286 1441 3325 τῷ
1458 3283 1538 3327 θέρει
1559 3283 1612 3316 διὰ
1627 3284 1663 3317 τὸ
1675 3284 1729 3316 τὸν
1745 3284 1833 3323 ἣλιον
1851 3284 1894 3321 εἰς
1907 3287 2016 3316 τοῦτον
2036 3283 2091 3320 τὰς
2104 3283 2167 3316 ἀπὸ
2183 3287 2239 3325 γῆς
2254 3283 2346 3324 ἰκμά-

1284 3330 1338 3367 δας
1351 3331 1485 3372 τρέπειν.

1329 3377 1395 3419 (13)
1420 3381 1619 3419 Anaxagora}
1655 3378 1855 3412 clazomenii
1884 3379 1916 3410 et
1949 3376 2099 3417 Diogenis
2131 3375 2345 3416 Apolloniatae

1287 3424 1463 3465 fragmenta
1488 3426 1648 3458 recensuit
1667 3425 1755 3458 Guil.
1782 3425 1917 3458 Schorn.
1934 3426 2053 3456 Bonnae
2081 3426 2171 3456 1829.
2191 3422 2345 3469 Diogenis

1284 3467 1497 3506 Apolloniatae
1523 3468 1701 3508 fragmenta
1731 3466 1832 3500 edidit
1862 3466 1949 3500 Frid.
1972 3465 2209 3498 Panzerbieter.
2231 3465 2345 3504 Lipsiae

1284 3517 1379 3548 18:30.
1984 3524 1987 3527 ·
