2612 3814
299 264 375 298 402

299 343 495 391 ἀεικινήτου
515 343 650 398 φύσεως
670 342 796 391 οὔσης,
818 346 879 392 τῆς
904 342 940 382 δὲ
969 345 1178 391 ἀιιπαθοῦς,
1199 344 1259 382 καὶ
1285 346 1348 390 τῆς

299 405 361 455 μὲν
383 403 689 456 ἀεικυὸερνώσης,
708 405 771 451 τῆς
790 402 826 441 δὲ
842 402 1127 455 κυὸερνωμένης,
1143 404 1272 445 ἱκανῶς
1292 402 1349 440 εἵ-

299 462 402 516 ρηταί
419 478 478 513 μοι
499 462 555 501 διὰ
577 461 722 502 τούτων.

723 571 845 609 ΚΕΦ.
877 578 905 608 Δ

348 682 370 732 S
392 690 424 720 l.
451 681 538 733 Περὶ
560 681 596 719 δὲ
613 685 672 729 τῆς
690 681 723 726 ἐξ
746 680 910 728 ἀλλήλων
932 679 1122 732 ἀνθρώπων
1147 678 1337 730 γενέσεως,

295 739 388 784 ὅπως
405 756 441 779 τε
458 741 567 779 καὶέκ
588 740 689 778 τίνων
709 739 809 778 ἔσται
829 738 920 778 κατὰ
932 738 1059 791 τρόπον
1082 739 1345 787 ἐπιτελουμένη,

295 798 392 852 νόμῳ
411 815 447 837 τε
479 799 539 837 καὶ
558 797 781 852 σωφροσύνης
809 798 868 836 καὶ
898 797 1074 845 ὁσιότητος
1107 797 1349 850 ἐπισυνεργού-

297 873 384 906 σης,
403 858 486 896 τάδε
517 860 633 902 καλῶς
664 857 758 910 ἔχειν
775 856 906 906 οἴομαι.
965 858 1112 907 Πρῶτον
1148 855 1211 906 μὲν
1245 860 1346 894 τοῦτο

296 917 474 956 διαλαὸεῖν
489 946 498 964 ,
529 916 581 955 ὅτι
601 918 666 968 οὐχ
691 918 816 963 ἡδονῆς
838 914 940 953 ἕνεκα
961 914 1145 967 πρόσιμεν,
1165 913 1257 953 ἀλλὰ
1283 915 1343 954 τέ-

294 992 384 1015 κνων
403 976 578 1028 γενέσεως.
628 977 649 1026 §
665 983 699 1014 2.
730 974 799 1014 Καὶ
815 974 882 1028 γὰρ
898 974 1007 1020 αὐτὰς
1025 973 1088 1018 τὰς
1109 974 1272 1024 δυνάμεις
1288 974 1348 1012 καὶ

293 1035 337 1074 τὰ
357 1035 508 1087 ὄργανα,
528 1033 587 1071 καὶ
607 1034 668 1076 τὰς
685 1031 810 1085 ὀρέξεις
825 1031 886 1077 τὰς
906 1032 992 1084 πρὸς
1007 1031 1070 1081 τὴν
1093 1031 1186 1083 μῖξιν
1207 1031 1273 1070 ὑπὸ
1288 1037 1347 1071 τοῦ

294 1096 369 1132 θεοῦ
392 1092 579 1143 δεδομένας
604 1092 673 1135 τοῖς
694 1091 906 1143 ἀνθρώποις,
934 1092 1002 1144 οὐχ
1024 1093 1150 1139 ἡδονῆς
1178 1089 1279 1129 ἕνεκα
1297 1092 1348 1129 δε-

292 1151 410 1190 δόσθαι
430 1148 672 1202 συμὸέὸηκεν,
701 1149 793 1188 ἀλλὰ
814 1152 876 1197 τῆς
897 1152 944 1194 εἷς
968 1150 1026 1190 τὸν
1050 1150 1103 1189 ἀεὶ
1123 1150 1245 1223 χρόνον
1265 1151 1348 1188 δια-

292 1212 398 1258 μονῆς
417 1213 477 1248 τοῦ
494 1208 624 1261 γένους.
684 1208 829 1255 Ἐπειδὴ
850 1208 919 1260 γὰρ
941 1208 1127 1261 ἀμήχανον
1150 1225 1205 1257 ην,
1224 1209 1346 1256 θνητὸν

291 1270 400 1323 φύντα
424 1267 516 1308 θείου
541 1268 616 1321 βίου
645 1271 878 1318 κοινωνῆσαι,
904 1267 967 1316 τὴν
990 1272 1052 1307 τοῦ
1072 1268 1189 1320 γένους
1217 1270 1347 1307 ἀθανα-

292 1327 368 1367 σίαν
392 1331 453 1381 φθε
438 1327 619 1380 ιρομένην
649 1329 731 1366 καθ’
747 1325 896 1366 ἕκαστον
919 1327 1147 1380 ἀνεπλήρωσε
1151 1344 1167 1366 ν
1197 1329 1214 1365 ὁ
1242 1327 1340 1375 θεός,

292 1387 536 1435 ἅκατάληκτον
555 1385 705 1432 ποιήσας
721 1385 781 1424 καὶ
806 1388 936 1438 συνεχῆ
957 1384 1088 1433 ταύτην
1110 1387 1173 1458 τὴν
1194 1385 1341 1437 γένεσιν.

290 1445 360 1491 ζἛν
380 1438 438 1484 ουν
472 1460 575 1483 τουτο
599 1446 736 1496 πρῶτον
767 1445 820 1484 δεῖ
850 1447 1011 1497 θεωρεῖν,
1041 1444 1093 1484 ὅτι
1128 1446 1192 1496 οὐχ
1220 1446 1347 1492 ἡδονῆς

292 1503 430 1551 ἕνεκαὴ
453 1503 559 1554 μῖξις.
616 1505 638 1554 S
661 1511 694 1543 3.
709 1501 863 1543 Επειτα
886 1504 922 1542 δὲ
937 1504 995 1542 καὶ
1012 1503 1076 1552 τὴν
1095 1503 1203 1550 αὐτὴν
1218 1506 1266 1542 τῶ
1282 1505 1344 1542 ἇν-

292 1562 419 1615 θρώπῳ
455 1562 614 1607 σύνταξιν
651 1563 737 1615 πρὸς
769 1562 808 1601 τὸ
830 1560 931 1610 ὅλον,
952 1561 1005 1601 ὅτι
1035 1561 1138 1629 μέρος
1170 1562 1342 1615 υπάρχων

292 1618 386 1654 οἴκου
407 1631 444 1654 τε
474 1615 533 1654 καὶ
550 1615 634 1654 πόλε
622 1631 706 1666 εως,
734 1615 795 1654 καὶ
827 1631 868 1654 το
888 1615 1052 1668 μέγιστον
1072 1614 1227 1666 κόσμου,
1250 1631 1344 1665 συμ-

291 1675 444 1728 πληροῦν
468 1674 598 1727 ὀφείλει
615 1674 654 1712 τὸ
676 1673 927 1726 ἀπογινόμενον
946 1673 1076 1714 τούτων
1097 1673 1257 1721 ἕκαστον,
1282 1673 1341 1712 ἐὰν

292 1734 403 1788 μέλλῃ
426 1736 516 1785 μήτε
546 1737 750 1788 συγγενικῆς
770 1734 886 1779 ἑστίας
913 1734 1144 1781 λειποτοίκτης
1164 1734 1342 1785 γίνεσθαι,

293 1792 382 1844 μήτε
405 1795 606 1842 πολιτικῆς,
639 1792 727 1844 μήτε
756 1791 824 1844 μὴν
854 1795 916 1840 τῆς
944 1793 1050 1837 θείας.
1110 1795 1189 1844 54.
1213 1795 1259 1832 Οἱ
1277 1792 1344 1844 γὰρ

333 1939 519 1980 αειπαθοῠς,
534 1940 653 1978 καὶτῆς
677 1939 751 1982 μὲν]
770 1940 822 1972 Sic
842 1941 907 1972 tres
929 1939 1025 1972 codd.
1047 1942 1135 1972 Parr.
1151 1941 1250 1980 atque
1267 1939 1340 1972 edd.

293 1986 381 2018 Vizz.
403 1987 523 2018 Lovan.
540 1987 622 2018 Bait.
642 1995 700 2018 nec
722 1995 786 2018 non
805 1987 936 2027 1³atric.;
961 1987 1112 2020 Stobaeus
1135 1988 1243 2020 omisit
1270 1989 1343 2026 καὶ;

295 2037 420 2069 Comm.
441 2035 535 2068 habet
553 2036 607 2077 μὲν
623 2035 741 2077 <τῆς)’
727 2037 788 2076 αεὶ,
806 2037 881 2069 Gal.
899 2037 952 2069 καὶ
967 2037 1140 2078 (τῆς)μέν.

334 2085 447 2119 ἱκανῶς
466 2083 582 2124 εἴρηταί
611 2095 662 2124 μοι
692 2084 742 2116 διὰ
767 2084 904 2126 τούτων]
930 2085 983 2117 Sic
1006 2084 1100 2117 codd.
1125 2087 1214 2117 Parr.
1243 2088 1340 2125 atque

293 2129 366 2163 edd.
386 2131 515 2162 Lovan.
534 2132 566 2162 et
586 2131 733 2163 Battaes·
724 2131 930 2171 ‚Slobaeus
913 2143 978 2164 ανω
994 2131 1111 2173 εἴρηταί
1128 2143 1180 2173 μοι
1193 2133 1260 2173 περὶ
1277 2143 1346 2164 του-

292 2187 372 2218 των;
391 2176 547 2208 Patricius
569 2177 744 2212 εἰὶκανῶς·
735 2178 859 2219 ‚vulgo
876 2180 990 2215 ἱκανῶς
1009 2189 1061 2220 μοι
1077 2189 1206 2220 ειρηται.

336 2235 405 2264 κεφ.
421 2223 537 2265 δ’.]οιιι
552 2223 585 2255 in
600 2223 695 2256 codd.
715 2226 806 2258 Parr.

335 2271 398 2311 §1.
427 2274 481 2309 τῆς
504 2271 534 2308 ἐξ
550 2270 709 2313 ἀλλήλων]
733 2271 828 2304 codd.
851 2274 957 2313 Parr.;
981 2272 1111 2305 Vizzan.
1131 2272 1215 2305 male
1239 2276 1293 2311 τῆς
1310 2273 1345 2304 ἐκ

291 2321 353 2350 τῶν
363 2317 515 2356 ἀλλήλων.

333 2363 572 2406 ἐπιτελουμένη]
585 2364 727 2397 correxit
740 2364 949 2406 Rudolphus;
964 2366 1060 2406 vulgo
1077 2366 1272 2407 ἐπιτελνούμε
1276 2378 1307 2398 α.

333 2411 441 2453 νόμῳ]
459 2412 495 2443 Ιιι
507 2411 580 2444 cod.
607 2413 683 2444 Vat.
699 2420 718 2444 a
739 2411 966 2446 Siebeukeesio
984 2421 1123 2445 excusso
1143 2412 1272 2445 videtur
1292 2413 1343 2445 νό-

293 2470 352 2499 μου
371 2458 443 2499 legi.

333 2516 367 2537 τε
397 2506 449 2537 καὶ
479 2505 694 2548 σωφροσύνης]
715 2505 812 2539 codd.
835 2509 941 2547 Parr.;
978 2506 1028 2539 ed.
1052 2508 1172 2539 Lovan.
1194 2507 1288 2539 habet
1314 2508 1347 2539 δὲ

293 2553 366 2593 καὶ;
386 2553 510 2584 Comm.
530 2552 561 2583 in
581 2554 672 2585 Varr.
694 2553 785 2586 lectt.
801 2558 911 2586 mouet
930 2554 971 2586 ab
989 2554 1060 2586 aliis
1081 2554 1139 2595 legi
1156 2556 1343 2596 σωφροσύνῃ

294 2599 347 2630 καὶ
367 2599 518 2636 ὁσιότητι.

336 2644 356 2687 §
377 2650 409 2679 2.
434 2645 489 2683 τὴν
513 2644 613 2686 μῖξιν]
629 2645 724 2679 codd.
748 2649 850 2687 Parr.;
867 2647 958 2681 Vizz.
985 2649 1107 2681 Lovan.
1135 2649 1235 2689 Batt.;

297 2693 345 2735 μίς
334 2694 375 2723 ιν
398 2693 524 2724 Comm.
549 2692 618 2724 Gal.

337 2742 393 2771 τοῦ
407 2738 496 2779 θεοῦ]
513 2738 608 2770 codd.
632 2741 720 2772 Parr.
738 2743 776 2773 A.
796 2745 828 2773 et
850 2743 884 2774 Β.
905 2742 1003 2783 atque
1022 2741 1096 2774 edd.
1115 2743 1238 2775 Lovan
1258 2744 1345 2777 Vizz.

299 2786 371 2819 Gal.
390 2788 501 2826 Darg.;
524 2788 636 2818 contra
654 2787 824 2820 articulum
845 2789 1024 2822 omiserunt
1041 2791 1169 2822 Gomm.
1194 2793 1227 2823 et
1245 2792 1343 2824 Batt.

298 2842 371 2865 cum
387 2833 461 2865 cod.
482 2835 518 2865 G.

334 2883 401 2958 τιοῖς
419 2879 609 2922 ἀνθρώποις]
632 2881 696 2912 tres
718 2881 812 2915 codd.
833 2884 936 2924 Parr.;
959 2896 1006 2917 το.
995 2888 1022 2921 ’ς
1039 2884 1128 2918 deest
1143 2885 1230 2926 apud
1249 2887 1345 2918 Com-

299 2936 350 2959 me

338 2975 442 3014 ἐπειδὴ
467 2973 545 3016 γὰρ]
561 2971 656 3006 codd.
692 2975 778 3006 Parr.
807 2978 846 3008 A.
874 2978 905 3010 et
930 2980 981 3010 13.-
973 2979 1076 3020 ‚.c0d
1111 2980 1146 3011 O.
1168 2979 1262 3012 ἐπειδ’
1289 2980 1348 3022 γὰρ

297 3021 392 3062 (sic);
413 3023 444 3053 in
460 3021 528 3054 sola
545 3020 594 3053 ed.
618 3021 739 3052 Lovan.
757 3024 808 3055 eet
825 3023 890 3056 ἐπεὶ
904 3026 974 3068 γάρ.

338 3068 520 3110 ἀμήχανον]
561 3065 655 3100 codd.
689 3068 778 3101 Parr.
797 3071 830 3102 et
857 3072 946 3104 Vatt.
978 3074 1075 3113 atque
1103 3074 1176 3106 edd.
1199 3074 1290 3107 Vizz.
1316 3077 1381 3107 et

298 3115 440 3154 Comm.;
470 3114 562 3158 deest
594 3114 664 3148 haec
696 3123 762 3146 vox
791 3115 823 3147 in
858 3117 937 3158 Nog.
970 3118 1021 3151 ed.
1057 3123 1088 3151 et
1117 3120 1204 3161 apud
1225 3121 1343 3154 Panic.

298 3171 330 3202 p.
348 3165 420 3194 255.

337 3207 503 3250 fichodd.
521 3211 624 3242 Pari-.-
617 3210 746 3250 ‚inepte
762 3209 836 3242 cod.
854 3212 930 3244 vat.
945 3212 990 3244 ὄν.

341 3254 424 3298 βίου]
439 3264 551 3288 omnes
567 3234 660 3289 codd.
682 3258 785 3298 Parr.;
805 3257 882 3289 item
902 3258 992 3291 Vizz.
1012 3261 1043 3292 et
1058 3261 1158 3299 Batt.;
1175 3261 1263 3294 deest
1280 3262 1348 3294 liaec

299 3313 362 3336 vox
382 3303 414 3335 in
432 3303 484 3335 ed.
502 3305 637 3343 Lovan;
652 3304 774 3336 inclusa
789 3304 875 3346 apud
892 3307 1020 3338 comm.
1043 3308 1112 3339 Gal.
1130 3310 1280 3349 Dargens.

339 3352 394 3390 τὴν
412 3353 468 3382 τοῦ
488 3351 594 3390 γένους
611 3351 782 3384 ἀθανασίαν
812 3353 1009 3395 φθειρομενην
1037 3354 1106 3386 καθ’
1124 3355 1256 3387 ἕκαστον
1280 3357 1333 3388 ἀνε

299 3399 379 3440 πλήο
381 3408 463 3430 ωσεν
477 3398 494 3429 ὁ
511 3397 578 3435 θεός
586 3396 659 3439 ]Itn
671 3398 870 3431 correximus
891 3400 988 3432 verba
1005 3409 1079 3441 quoe
1098 3401 1130 3432 in
1154 3402 1349 3435 membranis

300 3443 347 3475 sic
363 3445 481 3486 scripta
498 3445 674 3486 leguntur
692 3449 745 3484 τῆς
759 3449 814 3478 τοῦ
828 3446 934 3487 γένους
960 3447 1130 3485 ἀθανασίας
1150 3450 1203 3489 <pez
1190 3450 1302 3491 Ἡιρομέ
1301 3462 1347 3488 ης

305 3491 370 3524 Ιιοιθ’
387 3493 499 3533 ἓκᾳστο
501 3504 518 3524 ν
540 3493 737 3535 ἀνεπλήρωσε
741 3506 754 3524 ν
768 3493 830 3526 ὁθε
818 3494 874 3531 -ὁς,
891 3495 932 3526 At
953 3494 1168 3536 ἀνεπλήρωσεν
1183 3504 1347 3537 nunquam

1253 2650 1347 2690 (τὴν)

1161 256 1346 296 OCELLI
1373 257 1566 297 LUCANI

1411 346 1571 384 versetur,
1591 344 1707 385 partim
1723 346 2088 387 perpetuoextrinsecus
2106 348 2257 390 patiatur,
2275 352 2374 391 atque
2387 351 2458 384 tum

1410 411 1535 444 semper
1563 402 1740 444 gubernet,
1759 406 1829 437 tum
1853 405 2059 447 gubernetur,
2086 408 2164 440 satis
2193 408 2270 440 mihi
2289 409 2338 442 his
2354 410 2462 444 verbis

1409 461 1533 494 dictum
1551 463 1612 494 est.

1845 570 1937 603 cAP.
1961 573 2019 604 lv.

1451 671 1470 713 §
1493 676 1519 704 1.
1545 673 1592 704 De
1613 673 1727 705 mutua
1751 674 1863 716 autem
1882 674 2024 717 ipsorum
2047 676 2216 709 hominum
2236 677 2458 718 generatione,

1409 746 1475 779 quo
1493 737 1589 769 modo
1605 740 1638 770 et
1663 746 1702 770 ex
1719 738 1840 780 quibus
1866 741 1952 773 recte
1978 741 2087 781 perfici
2117 742 2237 782 possit,
2273 743 2318 775 ita
2337 743 2374 775 ut
2393 751 2457 775 nou

1410 801 1506 833 modo
1537 800 1695 842 legitime,
1714 801 1770 834 sed
1788 801 1885 834 etiam
1914 804 2134 844 temperantias
2162 803 2255 845 quasi
2278 806 2312 837 et
2333 804 2462 846 pietatis

1409 875 1470 908 ope
1481 891 1490 907 ‚
1513 867 1594 899 sacta
1612 875 1682 899 esse
1696 866 1855 908 videatur,
1876 867 1944 900 lioec
1961 867 2113 901 existimo
2133 868 2213 901 bene
2227 869 2369 911 praecipi.
2385 870 2456 903 Pri-

1408 936 1498 960 mum
1521 929 1600 961 illud
1616 929 1823 962 statuendum
1844 933 1912 971 est,
1930 939 1989 963 nos
2004 940 2070 963 non
2086 932 2280 973 voluptatis,
2300 934 2356 967 sed
2382 942 2459 974 pro·

1407 991 1554 1023 creandae
1567 990 1690 1023 sobolis
1709 1000 1806 1024 causa
1825 1000 1900 1024 cum
1914 992 2105 1025 mulieribus
2120 993 2219 1026 coire.
2263 993 2283 1036 ς
2297 998 2327 1027 2.
2347 995 2464 1037 Siqui-

1408 1055 1482 1088 dem
1494 1055 1662 1088 facultates
1675 1056 1757 1097 ipsas
1767 1079 1777 1096 ‚
1799 1056 2012 1089 instrumenta
2022 1082 2031 1097 ,
2049 1058 2081 1090 et
2093 1058 2257 1099 appetitus
2270 1057 2462 1092 hominibus

1407 1115 1497 1149 dedit
1522 1116 1622 1157 deus,
1654 1126 1718 1149 non
1740 1119 1775 1150 ut
1802 1117 1968 1159 voluptate
1988 1118 2183 1159 fruerentur,
2211 1118 2267 1152 sed
2286 1120 2323 1152 ut
2343 1128 2463 1154 eornm

1407 1188 1509 1220 genus
1532 1182 1684 1221 perpetuo
1713 1183 1925 1221 permaneret.
1988 1183 2070 1215 Nam
2093 1191 2168 1215 cum
2188 1183 2255 1216 lieri
2272 1192 2338 1216 non
2360 1183 2462 1225 possit

1409 1242 1445 1273 ut
1461 1241 1582 1274 homo
1574 1251 1654 1283 ipse,
1670 1243 1724 1283 qui
1738 1243 1882 1275 mortalis
1894 1244 2057 1285 natusest,
2071 1247 2202 1277 aeternae
2218 1244 2292 1277 vitae
2304 1244 2466 1287 paniceps

1407 1303 1575 1344 efficiatur,
1604 1307 1791 1346 pereuntem
1814 1306 1848 1338 iu
1882 1306 2015 1347 singulis
2033 1307 2157 1348 generis
2181 1307 2465 1341 immortalitatem

1407 1367 1451 1399 ita
1467 1368 1628 1409 supplevit
1640 1368 1739 1410 deus,
1757 1370 1793 1401 ut
1811 1369 2049 1410 generationem
2063 1369 2147 1402 hanc
2160 1369 2318 1402 infinitam
2331 1370 2366 1403 et
2380 1377 2460 1402 οοιι·

1407 1431 1533 1462 tinuam
1562 1430 1720 1464 redderet.
1781 1432 1848 1464 Hoc
1879 1440 1981 1463 unum
2016 1431 2112 1472 igitur
2143 1433 2286 1473 primum
2319 1431 2463 1473 spectari

1407 1494 1556 1534 oportet,
1586 1502 1651 1526 non
1677 1502 1747 1526 esse
1766 1494 1940 1536 voluptatis
1962 1502 2057 1527 causa
2076 1493 2342 1527 concubandum:
2384 1493 2404 1536 §
2425 1496 2458 1527 3.

1407 1555 1530 1588 Deinde
1555 1555 1698 1588 hominis
1717 1565 1792 1588 cum
1815 1565 1923 1588 rerum
1942 1556 2155 1589 universitate
2178 1557 2336 1588 rationem
2353 1556 2463 1589 consi·

1406 1616 1508 1649 derari
1529 1617 1700 1657 convenit,
1720 1618 1838 1658 quippe
1866 1617 1922 1658 qui
1951 1617 2068 1650 domus
2091 1619 2123 1650 et
2138 1617 2300 1658 civitatis
2319 1620 2352 1651 et
2372 1616 2463 1658 quod

1406 1680 1503 1720 caput
1522 1680 1568 1712 rei
1585 1680 1644 1720 est,
1663 1679 1777 1711 mundi
1797 1687 1872 1720 pars
1894 1679 1934 1712 sit
1954 1679 2089 1721 ideoque
2108 1679 2224 1712 debeat
2242 1688 2317 1721 quoe
2338 1678 2466 1728 singula

1405 1750 1445 1774 ex
1463 1741 1512 1774 tiis
1532 1743 1666 1782 pereunt
1677 1740 1842 1782 supplere,
1860 1741 2004 1782 alioquin
2017 1750 2092 1773 cum
2107 1741 2277 1774 domestici
2294 1743 2328 1774 et
2341 1740 2462 1781 civilis,

1407 1806 1474 1836 tum
1494 1803 1591 1837 etiam
1606 1802 1705 1835 divini
1723 1803 1796 1835 laris
1812 1802 1955 1835 desertor
1970 1803 2097 1836 ruimus
2109 1803 2162 1835 sit.
2207 1801 2227 1844 §
2243 1805 2275 1836 4.
2295 1804 2380 1836 Nam
2400 1801 2464 1844 qui

1406 1939 1524 1970 dicitur
1543 1938 1710 1978 absolute,
1725 1938 1778 1970 sed
1797 1938 1975 1970 necessario
1988 1937 2160 1970 accusandi
2176 1946 2287 1970 casum
2303 1937 2344 1970 ad
2361 1946 2464 1979 quem

1409 1986 1568 2018 referatur
1602 1985 1745 2025 requirit.
1782 1985 1880 2017 Mixta
1908 1993 2005 2025 quam
2041 1984 2233 2026 Rudolplius
2265 1985 2463 2026 excogitavit

1407 2037 1571 2065 structura
1592 2032 1646 2070 τήν
1667 2035 1723 2064 τοῦ
1749 2033 1855 2070 γένους
1875 2031 2060 2072 ἀθανασίαν,
2078 2032 2275 2074 φθειρομένςη
2297 2032 2368 2065 καθ’
2386 2032 2462 2065 lm·

1408 2091 1495 2121 στον,
1508 2080 1725 2120 ἀνεπλήρωσεν
1742 2079 1816 2110 ferri
1832 2079 1953 2119 nequit.

1449 2126 1686 2168 ἀκατάληκτον]
1712 2125 1807 2158 codd.
1833 2128 1920 2158 Parr.
1944 2127 1977 2158 et
1994 2127 2067 2158 vat.
2092 2125 2240 2158 Siebeuk.
2262 2126 2366 2167 testeg
2388 2125 2463 2158 Viz·

1408 2175 1517 2206 zanius
1537 2173 1806 2215 typographorum
1831 2181 1939 2205 errore
1955 2172 2166 2205 ἀκατάὶεκτον
2182 2176 2216 2206 et
2231 2171 2458 2205 commelinus

1411 2222 1644 2260 ἀκατάληπτον.

1447 2270 1582 2306 ποιήσας
1590 2266 1711 2311 ]codd.
1734 2268 1822 2299 Parr.
1841 2267 1877 2298 Β.
1895 2267 1928 2299 et
1955 2268 2009 2305 0.,
2031 2266 2087 2299 sed
2105 2265 2249 2299 A.ma1e
2267 2265 2458 2304 ποιήσαντα.

1447 2317 1562 2355 ταύτην
1575 2318 1630 2356 τὴν
1647 2313 1788 2357 γένεσιν]
1817 2314 1870 2347 Sic
1893 2290 2062 2347 emendavi
2088 2313 2240 2346 codicum
2266 2314 2462 2355 scripturam

1405 2365 1519 2403 ταύτην
1538 2364 1676 2404 γένεσιν,
1691 2371 1789 2404 quam
1804 2361 1942 2394 editores
1967 2362 2120 2394 intactam
2140 2361 2348 2402 reliquerant.
2370 2361 2457 2394 Arti-

1406 2412 1499 2444 culus
1526 2412 1577 2444 hic
1599 2411 1703 2443 omitti
1730 2410 1854 2451 nequit.
1882 2409 1930 2441 Cf.
1954 2409 2128 2442 Bernhardi
2161 2411 2299 2448 syntax
2330 2417 2363 2450 p.
2383 2411 2456 2441 319.

1406 2462 1476 2492 Νοιι
1493 2458 1671 2500 spernenda
1689 2461 1797 2489 tamen
1816 2457 1941 2488 patricii
1958 2457 2074 2496 lectio,
2096 2465 2114 2488 e
2133 2455 2301 2488 codicibus
2320 2454 2458 2488 sortasse

1407 2507 1518 2547 petita,
1538 2515 1611 2546 quae
1641 2515 1671 2545 p.
1693 2508 1750 2537 217
1778 2507 1810 2536 et
1831 2507 1891 2536 255
1917 2504 2087 2545 reperitur.
2113 2505 2256 2544 Utroque
2281 2503 2367 2535 enim
2386 2502 2462 2535 loco

1408 2553 1504 2585 habet
1524 2556 1639 2594 συνεχῆ
1654 2552 1709 2590 τὴν
1722 2552 1823 2591 γένεσ-
1826 2562 1853 2582 ν.

1448 2600 1480 2632 ἓν
1497 2599 1551 2633 οὗν
1564 2600 1674 2641 τοῦτο]
1701 2599 1796 2631 codd.
1818 2601 1919 2639 Parr.;
1937 2610 1965 2630 τ
1960 2602 2028 2631 ,Oro
2047 2599 2136 2631 deest
2152 2598 2239 2639 apud
2257 2598 2460 2631 Vizzauium.

1449 2647 1468 2688 §
1485 2651 1514 2679 3.
1535 2647 1570 2679 τὸ
1585 2647 1731 2688 μέγιστον
1749 2643 1894 2685 κόσμου]
1910 2647 1957 2677 lta
1977 2645 2069 2676 codd.
2088 2646 2147 2677 nisi
2161 2645 2275 2686 quod
2265 2655 2298 2678 ιιι
2319 2648 2394 2679 Par.
2418 2650 2457 2679 A.

1409 2695 1568 2735 scriptum
1582 2696 1649 2726 erat
1661 2696 1716 2725 τοῦ
1736 2692 1876 2732 κόσμου,
1890 2692 1944 2723 sed
1962 2691 2103 2724 deletum
2118 2694 2165 2724 est
2179 2696 2288 2732 postea
2306 2697 2374 2726 τοῦ.

1449 2741 1585 2784 ὀφείλει]
1607 2740 1704 2773 codd.
1730 2741 1764 2772 et
1779 2739 1853 2772 edd.
1873 2741 1990 2780 praeter
2006 2741 2142 2777 Lovan„
2160 2739 2216 2771 ubi
2237 2739 2385 2780 legitur
2371 2739 2458 2782 οφεί·

1407 2789 1482 2823 λειν.

1448 2838 1484 2870 τὸ
1498 2835 1740 2877 ἀπογινόμενον]
1754 2834 1846 2867 codd.
1871 2836 1935 2867 tres
1952 2836 2041 2866 Parr.
2063 2834 2097 2865 et
2114 2835 2206 2873 Vat.;
2225 2834 2323 2874 vulgo
2344 2834 2458 2875 ἀπογε-

1407 2884 1546 2925 νόμενον
1563 2883 1683 2915 Deinde
1699 2883 1835 2921 γίνεσθαι
1862 2881 1892 2913 in
1907 2883 1996 2913 Parr.
2011 2885 2047 2913 Α.
2072 2883 2106 2913 Β.
2127 2882 2161 2912 et
2172 2882 2253 2913 vat.
2270 2891 2338 2918 γεν..
2326 2881 2433 2913 σ’θαι
2425 2890 2459 2912 ιιι

1410 2934 1480 2964 Par.
1492 2933 1545 2971 c.,
1562 2939 1635 2972 quae
1653 2929 1779 2970 vulgata
1795 2929 1891 2961 lectio
1907 2930 1966 2961 est.
1982 2931 2051 2961 Non
2070 2927 2250 2969 putaverim
2265 2927 2456 2968 ἀπογενόμε-

1407 2991 1459 3012 νον
1481 2981 1514 3012 et
1534 2978 1676 3019 γενέσθαι
1690 2977 1722 3008 in
1738 2976 1907 3009 codicibus
1921 2976 1994 3016 legi,
2014 2985 2155 3017 quorum
2168 2976 2327 3016 scriptura
2342 2985 2458 3017 nequa-

1408 3035 1506 3068 quam
1536 3024 1749 3059 sollicitanda.
1781 3025 1890 3061 Quum
1920 3023 2004 3055 enim
2026 3032 2091 3054 uon
2123 3023 2372 3064 συμπληρῶσαι,
2401 3024 2457 3055 sed

1408 3075 1608 3115 συμπληροῦν
1627 3070 1744 3103 dixerit
1761 3071 1916 3111 scriptor;
1933 3071 2020 3102 recte
2042 3069 2245 3109 subjungitur
2262 3069 2455 3111 ἀπογινόμε-

1408 3133 1459 3153 νον
1473 3124 1505 3153 et
1522 3120 1671 3161 γίνεσθαι.
1689 3117 1819 3158 Singula
1839 3125 1911 3158 quae
1925 3126 1942 3149 e
1955 3126 2061 3149 rerum
2078 3117 2287 3149 universitate
2298 3117 2460 3150 tolluntur

1409 3170 1441 3200 et
1460 3168 1615 3208 pereunt,
1624 3163 1816 3206 supplenda
1842 3167 1916 3196 sunt
1935 3164 2067 3196 homini.
2092 3163 2187 3202 Quod
2213 3165 2339 3205 quoties
2357 3163 2458 3206 negti·

1409 3215 1467 3255 git
1485 3214 1578 3246 toties
1595 3213 1737 3245 desertor
1754 3211 1798 3243 rei
1818 3211 2000 3243 communis
2019 3210 2184 3242 habendus
2200 3214 2258 3243 est.

1451 3263 1504 3294 ἐὰν
1518 3259 1626 3303 μέλλῃ]
1639 3260 1731 3293 codd.
1746 3261 1847 3298 Parr.;
1864 3259 1917 3291 ἐὰν
1933 3261 2008 3301 μὲὶῃ
2025 3259 2098 3291 edd.
2109 3261 2226 3291 Lovan.
2239 3261 2271 3291 et
2284 3258 2458 3298 Commel„

1409 3308 1467 3341 sed
1487 3310 1572 3341 Batt
1589 3309 1622 3340 et
1640 3307 1772 3347 reliquae
1791 3307 1888 3338 recte.

1450 3357 1608 3394 πολιτικῆς
1619 3353 1718 3396 ]cod.
1736 3354 1810 3385 Par.
1830 3355 1867 3385 G.
1892 3357 1924 3385 et
1940 3362 2052 3385 omnes
2077 3353 2164 3394 edd.;
2183 3353 2266 3386 male
2289 3351 2361 3385 cod.
2381 3353 2455 3385 Vat.

1410 3406 1442 3435 et
1467 3405 1554 3435 Parr.
1570 3406 1607 3435 Α.
1632 3403 1667 3434 Β.
1682 3399 1822 3438 πολίτης.

1450 3449 1516 3490 §4.
1538 3446 1783 3490 συναπτόμενοι]
1797 3447 1891 3479 codd.
1916 3450 2020 3485 Par.;r
2038 3448 2209 3488 ἁπτόμενοι
2223 3447 2296 3479 cod.
2317 3449 2393 3478 Vat-

1451 3496 1623 3538 ἀκρασίας]
1641 3498 1762 3529 omnes
1775 3495 1868 3527 codd.
1885 3498 2001 3536 praeter
2018 3498 2094 3528 Par.
2114 3499 2149 3528 C.
2166 3496 2220 3527 ubi
2239 3495 2352 3536 iegitur
2367 3494 2456 3535 ἐκρα-
