2612 3814
406 366 660 428 .SEXT1
708 366 876 427 SIVE
922 366 1159 427 XYSTI
1209 366 1377 428 SIVE
1424 366 1630 426 SIXTI
1676 365 2162 428 ENCHIRIDION

868 511 1090 564 LATINE
1129 514 1374 564 VERSUM
1412 511 1451 563 Α
1490 513 1738 564 RUFINO.

1117 681 1503 704 wo&—

262 852 503 899 RUFINUS
541 850 879 897 APRONIANO
917 850 1024 897 SUO
1061 851 1107 896 S.
1149 852 1202 897 D.

262 962 354 1003 Scio
375 963 493 1014 quia,
525 962 626 1001 sicut
655 975 750 1012 grex
771 960 819 1000 ad
850 974 988 1000 vocem
1015 961 1173 1013 proprii
1205 974 1274 1013 pa-

208 1025 324 1066 storis
343 1022 514 1061 libenter
538 1023 730 1070 accurrit,
749 1023 804 1060 ita
823 1029 860 1059 et
881 1021 1093 1071 religiosus
1113 1021 1272 1059 auditor

206 1083 409 1121 vernaculi
433 1082 608 1121 doctoris
641 1081 980 1120 admonitionibus
999 1082 1153 1132 gaudet.
1169 1082 1273 1127 Quia

207 1155 326 1192 ergo,
348 1142 579 1181 charissime
611 1142 667 1180 fili
697 1142 951 1193 Aproniane,
974 1141 1160 1191 religiosa
1190 1141 1273 1180 filia

211 1213 318 1249 mea,
339 1214 454 1239 soror
481 1200 562 1252 jam
594 1201 636 1239 in
671 1200 830 1239 Christo
866 1209 956 1247 tua,
993 1209 1227 1252 poposcerat
1256 1213 1279 1238 a

209 1274 270 1300 me
284 1290 295 1312 ,
316 1269 360 1299 ut
379 1261 415 1299 ei
436 1260 609 1312 aliquid,
638 1261 744 1312 quod
764 1261 934 1310 legeret,
959 1260 1033 1297 tale
1063 1273 1276 1311 compone-

207 1331 290 1357 rem
307 1347 319 1367 ,
337 1318 408 1357 ubi
423 1333 551 1371 neque
572 1319 768 1357 laboraret
787 1321 826 1357 in
846 1318 1118 1368 intelligendo,
1137 1329 1273 1370 aperto

209 1386 247 1416 et
290 1378 385 1417 satis
418 1379 539 1430 plano
573 1391 754 1417 sermone
785 1392 793 1415 ε
813 1377 965 1416 Sixtum
1012 1378 1054 1416 in
1092 1378 1274 1418 Latinum

209 1437 334 1488 verti,
365 1451 481 1489 quem
511 1437 665 1476 Sixtum
699 1438 830 1490 ipsum
866 1450 950 1476 esse
989 1438 1172 1484 tradunt,
1207 1440 1274 1490 qui

211 1497 318 1550 apud
334 1512 407 1537 vos
429 1498 532 1536 idem
555 1499 597 1537 in
621 1499 720 1536 urbe
741 1498 919 1536 Romana
944 1497 1078 1536 sixtus
1095 1507 1274 1545 vocatur,

208 1557 386 1609 episcopi
407 1566 444 1596 et
459 1558 644 1609 martyris
665 1558 794 1608 gloria
813 1557 1032 1596 decoratus.
1054 1558 1167 1596 Hunc
1181 1571 1277 1608 ergo

209 1629 301 1654 cum
320 1615 482 1666 legerit,
498 1617 674 1655 inveniet
688 1625 765 1654 tam
783 1616 967 1664 brevem,
984 1625 1027 1655 ut
1043 1617 1176 1655 videat
1195 1618 1276 1655 sin-

208 1677 312 1726 gulis
348 1676 533 1715 versibus
564 1677 743 1726 ingentes
772 1677 964 1728 explicari
998 1689 1164 1724 sensus,
1198 1685 1274 1714 tam

207 1737 476 1775 vehementem
492 1766 502 1784 ,
524 1745 567 1774 ut
580 1749 717 1774 versus
735 1736 927 1775 sententia
945 1735 991 1773 ad
1011 1737 1130 1775 totius
1147 1737 1274 1789 possit

208 1796 490 1848 perfectionem
508 1797 600 1835 vitae
618 1796 801 1835 sufficere
818 1826 828 1844 ,
846 1805 922 1834 tam
938 1797 1215 1850 manifestum,
1232 1807 1275 1836 ut

209 1868 281 1894 nec
303 1856 488 1895 assistens
505 1856 664 1907 quidem
684 1856 827 1906 legenti
849 1856 990 1908 puellae
1006 1866 1206 1908 expertem
1235 1871 1275 1896 se

209 1915 433 1954 intellectus
456 1929 542 1954 esse
571 1924 764 1954 causetur.
791 1916 916 1954 Omne
945 1925 1072 1955 autem
1100 1931 1200 1969 opus
1221 1917 1274 1955 ita

207 1975 344 2024 breve,
359 1983 403 2014 ut
419 1975 467 2014 de
485 1988 602 2014 manu
619 1974 705 2026 ejus
720 1989 918 2027 nunquam
936 1976 1061 2028 possit
1077 1977 1273 2025 recedere,

208 2042 312 2073 totus
329 2034 396 2072 hic
417 2034 519 2072 liber
536 2034 593 2073 ibi
614 2035 773 2086 pristini
795 2034 965 2087 alicujus
982 2036 1146 2087 pretiosi
1168 2036 1271 2076 obti-

208 2106 306 2132 nens
323 2094 460 2132 annuli
475 2095 621 2132 locum.
640 2093 687 2132 Et
701 2109 839 2134 revera
852 2109 1007 2147 aequum
1022 2096 1195 2143 videtur,
1212 2106 1271 2146 ut,

208 2153 271 2191 cui
283 2166 359 2205 pro
373 2153 496 2191 verbo
512 2154 585 2191 Dei
604 2163 760 2193 terrena
775 2163 1005 2193 ornamenta
1022 2155 1273 2207 sorduerunt,

207 2226 314 2252 nune
333 2226 356 2252 a
374 2212 492 2252 nobis
513 2213 560 2251 ad
582 2213 708 2252 vicem
734 2213 850 2253 verbi
868 2223 906 2253 et
922 2215 1125 2267 sapientiae
1144 2217 1271 2254 moni-

207 2271 315 2312 libus
333 2273 558 2312 adornetur.
580 2273 692 2312 Nunc
709 2286 805 2324 ergo
826 2274 987 2313 interim
1017 2274 1210 2314 habeatur
1230 2276 1272 2314 in

207 2330 394 2371 manibus
430 2345 504 2384 pro
526 2332 675 2371 annulo
695 2332 814 2382 liber,
842 2334 962 2387 paulo
986 2342 1077 2386 post
1103 2347 1199 2373 vero
1231 2335 1272 2372 in

207 2390 434 2430 thesaurum
466 2392 683 2443 proficiens
716 2401 821 2432 totus
849 2402 1028 2432 servetur
1056 2394 1099 2432 in
1132 2394 1273 2445 corde,

208 2462 411 2489 sermones
444 2451 667 2503 disciplinae
693 2461 730 2491 et
754 2452 951 2491 bonorum
976 2462 1130 2492 actuum
1165 2458 1272 2491 c'om-

211 2510 416 2549 munionis
438 2510 486 2549 de
514 2511 655 2550 intimo
671 2522 926 2562 suggesturus
946 2526 1105 2553 arcano,
1126 2513 1272 2551 Addidi

207 2578 245 2607 et
273 2569 398 2608 electa
430 2570 607 2620 quaedam
640 2571 820 2622 religiosi
852 2573 1030 2624 parentis
1050 2573 1098 2610 ad
1123 2573 1270 2620 filium,

207 2629 274 2667 sed
295 2628 418 2668 breve
441 2638 562 2668 totum
576 2658 586 2678 ,
605 2639 649 2669 ut
663 2632 804 2670 merito
825 2645 942 2670 omne
961 2633 1192 2684 opusculum
1208 2634 1270 2672 vel

207 2689 479 2735 enchiridion,
514 2690 548 2728 si
570 2684 708 2729 G'raece
722 2720 732 2739 ‚
754 2691 817 2730 vel
848 2691 987 2730 Latine
1013 2693 1183 2731 annulus
1204 2707 1272 2745 ap·

207 2749 384 2801 pelletur.
404 2748 509 2788 Vale.

238 2853 440 2900 SEXTI
486 2853 942 2902 ENCHIRIDION
987 2855 1240 2903 RUFtNO

573 2948 904 2986 INTERPRETE.

271 3058 306 3084 1.
328 3043 474 3083 Fidelis
487 3044 607 3084 homo
622 3074 632 3094 ‚
656 3045 802 3084 electus
818 3045 936 3083 homo
953 3053 1025 3083 est.

262 3118 299 3142 2.
316 3103 473 3144 Electus
492 3105 612 3144 homo
624 3135 634 3154 ‚
647 3105 767 3144 homo
785 3106 854 3144 Dei
872 3114 941 3144 est.

263 3164 298 3202 3.
317 3164 446 3203 Homo
466 3165 539 3205 Dei
553 3174 631 3214 est,
652 3167 721 3218 qui
737 3165 819 3204 Deo
834 3165 974 3216 dignus
994 3172 1062 3203 est.

263 3230 297 3270 4.
320 3224 402 3262 Deo
419 3224 563 3275 dignus
582 3234 662 3273 est,
682 3225 749 3277 qui
766 3225 865 3264 nihil
887 3225 1049 3275 indigne
1070 3224 1160 3275 agit.

345 3283 432 3334 (Cf.
452 3284 651 3337 Porphyr.
670 3286 717 3324 ad
734 3286 905 3324 Marcell.
922 3298 1007 3337 cap.
1029 3285 1091 3325 15.
1108 3286 1119 3336 )

264 3344 300 3382 5.
322 3343 478 3383 Dubius
493 3345 535 3383 in
560 3345 658 3394 fide,
681 3345 854 3384 infidelis
874 3354 945 3385 est.

263 3405 302 3443 6.
322 3403 500 3443 infidelis
515 3405 634 3444 homo
647 3415 826 3445 mortuus
843 3415 901 3445 est
913 3419 1079 3458 corpore
1094 3405 1268 3445 vivente.

265 3477 299 3511 7.
322 3461 420 3501 Vere
435 3464 562 3503 fidelis
579 3474 658 3514 est,
676 3467 744 3518 qui
762 3481 841 3506 non
857 3476 1006 3519 peccat,
1022 3476 1136 3519 atque
1153 3467 1267 3505 etiam

211 3522 250 3560 in
270 3522 441 3562 minimis
453 3533 563 3563 caute
580 3526 671 3576 agit.

1397 833 1433 870 8.
1452 831 1538 870 Non
1567 841 1625 871 est
1654 833 1861 871 minimum
1894 834 1935 872 in
1967 834 2137 872 humana
2166 836 2248 873 vita
2272 837 2403 888 negli-

1343 905 1434 942 gere
1452 892 1628 931 minima.

1395 966 1434 1002 9.
1455 951 1581 989 Omne
1595 961 1796 1004 peccatum
1816 953 2054 1005 impietatem
2071 964 2179 1005 puta.
2196 955 2283 994 Non
2298 956 2401 995 enim

1341 1023 1479 1048 manus
1501 1011 1564 1049 vel
1586 1012 1720 1050 oculus
1733 1022 1868 1064 peccat
1882 1043 1892 1061 ,
1912 1014 1975 1052 vel
1996 1015 2158 1066 aliquod
2174 1015 2403 1067 hujusmodi

1341 1068 1560 1108 membrum
1583 1084 1593 1109 z
1627 1071 1692 1109 sed
1715 1073 1814 1110 male
1836 1073 1893 1111 uti
1922 1087 2040 1112 manu
2065 1075 2128 1113 vel
2151 1076 2287 1125 oculo,
2311 1089 2401 1129 pec-

1341 1138 1468 1167 catum
1484 1138 1556 1170 est.

1399 1205 1460 1230 10.
1480 1191 1605 1230 Omne
1623 1191 1842 1230 membrum
1865 1194 2069 1245 corporis,
2089 1195 2193 1245 quod
2211 1196 2354 1235 invitat
2370 1205 2405 1236 te

1340 1259 1476 1289 contra
1489 1251 1719 1301 pudicitiam
1737 1265 1852 1302 agere
1866 1281 1876 1299 ,
1896 1253 2162 1304 abjiciendum
2179 1264 2248 1294 est.
2262 1256 2404 1296 Melius

1340 1309 1445 1348 enim
1468 1318 1522 1347 est
1542 1323 1622 1348 uno
1644 1324 1732 1348 cum
1756 1310 1935 1349 membro
1970 1313 2105 1351 vivere
2121 1344 2131 1364 ‚
2167 1327 2283 1365 quam
2314 1330 2401 1354 cum

1340 1368 1498 1408 duobus
1517 1371 1666 1421 puniri.

1475 1429 1564 1478 (Cf.
1583 1429 1785 1482 Porphyr.
1811 1431 1859 1470 ad
1880 1431 2053 1470 Marcell.
2073 1446 2155 1485 cap.
2175 1435 2237 1480 34.
2255 1435 2266 1483 )
2284 1448 2286 1450 ’

1400 1503 1461 1529 11.
1499 1489 1746 1529 Immortales
1780 1491 1896 1530 crede
1922 1500 1958 1530 te
1991 1505 2150 1531 manere
2179 1494 2220 1532 in
2247 1494 2403 1546 judicio

1340 1550 1512 1588 honores
1534 1559 1572 1588 et
1588 1564 1740 1601 poenas,

1478 1609 1565 1662 (Cf.
1591 1610 1787 1650 Maximus
1802 1619 1830 1650 t.
1845 1611 1898 1652 11.
1917 1612 2039 1651 Serm.
2056 1612 2214 1652 LXVIII
2235 1627 2275 1665 p.
2293 1613 2402 1665 685.)

1399 1684 1461 1710 12.
1482 1669 1542 1717 Si,
1565 1683 1813 1722 quaecunque
1835 1671 1876 1710 in
1893 1671 1969 1710 hoc
1997 1673 2146 1711 mundo
2163 1672 2306 1723 habes,
2333 1675 2404 1712 ali-

1340 1730 1429 1781 quis
1450 1730 1600 1769 auferat
1620 1730 1691 1770 tibi
1707 1761 1718 1779 ,
1743 1745 1792 1770 ne
1811 1732 2047 1783 indigneris.

1398 1791 1457 1829 13.
1481 1790 1708 1842 Inculpatus
1728 1800 1826 1832 esto.

1399 1855 1462 1894 14.
1494 1850 1637 1888 Omnia
1669 1851 1861 1890 auferenti
1880 1865 1902 1890 a
1924 1860 1961 1890 te
1982 1852 2095 1903 cede,
2118 1862 2259 1905 praeter
2279 1854 2400 1894 liber·

1338 1918 1466 1949 tatem.

1475 1971 1611 2019 (Conf.
1628 1972 1852 2024 Demophili
1867 1972 2039 2012 Sentent.
2060 1979 2121 2019 42.
2144 1974 2155 2025 )

1397 2030 1456 2068 15.
1477 2030 1643 2084 Sapiens
1662 2033 1725 2071 vir
1739 2042 1776 2071 et
1796 2033 1974 2085 pecuniae
1991 2042 2238 2085 contemptor
2258 2035 2400 2075 similis

1338 2102 1396 2131 est
1415 2094 1511 2133 Deo.

1395 2154 1457 2192 16.
1490 2153 1621 2194 Rebus
1643 2155 1852 2194 mundanis
1879 2156 1920 2194 in
1943 2156 2071 2194 causis
2092 2164 2239 2195 tantum
2269 2171 2400 2196 neces·

1336 2212 1452 2250 sariis
1471 2222 1594 2254 utere.

1395 2287 1456 2322 17.
1489 2274 1585 2320 Quae
1598 2275 1734 2314 mundi
1749 2284 1854 2324 sunt,
1866 2275 2014 2314 mundo
2031 2289 2039 2313 :
2057 2284 2094 2314 et
2111 2289 2198 2327 quae
2211 2276 2281 2314 Dei
2296 2285 2398 2324 sunt,

1336 2332 1549 2372 reddantur
1568 2335 1666 2376 Deo.

1395 2394 1453 2432 18.
1485 2393 1624 2433 Certus
1656 2402 1739 2434 esto
1752 2425 1762 2442 ‚
1792 2392 1902 2446 quod>
1933 2394 2102 2433 animam
2144 2403 2246 2433 tuam
2284 2395 2399 2434 fidele

1336 2450 1556 2503 depositum
1578 2454 1774 2506 acceperis
1791 2467 1812 2492 a
1832 2455 1928 2492 Deo.

1394 2525 1455 2561 19.
1486 2512 1584 2551 Cum
1617 2513 1792 2565 loqueris
1815 2513 1863 2551 de
1884 2514 1965 2552 Deo
1999 2513 2120 2560 scito,
2145 2512 2252 2564 cjuod
2284 2513 2398 2564 judi-

1336 2570 1438 2609 ceris
1458 2584 1480 2609 a
1501 2571 1597 2611 Deo.

1391 2643 1455 2669 20.
1488 2630 1685 2683 Optimam
1730 2632 2043 2684 purificationem
2082 2641 2218 2684 putato
2258 2646 2399 2671 nocere

1336 2691 1499 2730 nemini.
1523 2692 1594 2743 (Cf.
1619 2692 1789 2732 Hierocl.
1813 2692 1861 2731 ad
1883 2705 2000 2732 carm.
2020 2705 2103 2732 aur.
2122 2705 2183 2732 vs.
2208 2693 2368 2744 67-69.)

1393 2765 1437 2789 21
1450 2782 1458 2790 .
1490 2753 1630 2791 Anima
1646 2753 1880 2805 purificatur
1898 2752 1970 2791 Dei
1990 2751 2114 2791 verbo
2143 2766 2214 2804 per
2242 2754 2398 2805 sapien-

1336 2818 1446 2850 nam.

1392 2884 1457 2909 22.
1489 2870 1545 2909 Ne
1576 2879 1688 2923 putes
1732 2871 1805 2911 Dei
1849 2872 2081 2924 sapientiam
2122 2872 2395 2912 insensibilem

1336 2941 1433 2967 esse.

1392 2991 1455 3031 23.
1488 2991 1590 3030 Deus
1607 2992 1707 3030 sicut
1727 3005 1836 3031 mens
1856 3001 1927 3040 est,
1946 3006 2034 3044 quae
2048 3000 2227 3030 movetur
2241 3001 2394 3043 sponte,

1328 3050 1550 3089 secundum
1568 3050 1651 3089 haec
1667 3060 1704 3090 et
1725 3050 1919 3091 subsistit.

1391 3115 1456 3154 24.
1488 3109 1799 3161 Magnitudinem
1821 3112 1893 3150 Dei
1917 3125 1995 3150 non
2018 3110 2196 3149 invenies
2210 3139 2221 3160 ‚
2242 3110 2393 3149 etiamsi

1334 3169 1475 3220 pennis
1490 3170 1626 3210 volare
1646 3171 1787 3223 possis.

1390 3229 1452 3269 25.
1484 3228 1633 3268 Nomen
1651 3231 1723 3269 Dei
1736 3243 1784 3269 ne
1798 3243 1965 3281 quaeras,
1985 3229 2077 3281 quia
2090 3242 2169 3267 non
2185 3227 2364 3267 invenies
2382 3242 2390 3266 ε

1335 3301 1422 3326 nam
1448 3302 1584 3338 omne,
1608 3290 1713 3341 quod
1738 3290 1898 3328 nomine
1919 3289 2154 3341 appellatur,
2170 3302 2192 3326 a
2214 3288 2394 3338 digniore

1334 3362 1476 3388 nomen
1497 3349 1659 3402 accipit,
1679 3359 1721 3389 ut
1746 3350 1846 3388 alius
1867 3349 2023 3401 quidem
2046 3357 2178 3396 vocet,
2199 3348 2298 3386 alius
2327 3361 2394 3386 au-

1333 3417 1408 3446 tem
1432 3408 1577 3449 audiat.
1598 3409 1696 3455 Quis
1719 3422 1813 3460 ergo
1838 3417 1916 3456 est,
1936 3408 2004 3460 qui
2033 3420 2176 3446 nomen
2204 3406 2394 3458 imposuit

1334 3468 1440 3506 Deo?
1460 3469 1565 3507 Deus
1583 3478 1708 3508 autem
1731 3482 1810 3507 non
1834 3481 1977 3507 nomen
1997 3476 2055 3506 est
2074 3467 2177 3515 Deo,
2201 3466 2266 3506 sed
2288 3466 2392 3504 indi-

1332 3529 1459 3577 cium,
1483 3528 1588 3580 quod
1607 3530 1796 3568 sentimus
1813 3528 1861 3567 de
1879 3528 1975 3568 Deo.

1267 3606 1341 3640 523
