2612 3814
983 241 1052 280 DE
1084 241 1405 282 PARMENJDE.
2220 254 2287 287 111

100 346 185 372 suas
203 340 318 383 atque
335 333 465 370 omnia
483 331 606 369 studia
625 331 894 378 contulerunt,
919 332 1138 369 Heraclitus
1151 359 1162 379 ‚

102 396 369 444 Anaxagoras,
380 393 616 442 Leucippus,
634 391 902 442 Empedocles,
916 392 995 429 alii.
1016 393 1167 429 Horum

102 454 298 491 nonnullis
322 452 562 489 familiariter
581 464 671 488 usus
691 463 770 488 esse
789 451 946 488 videtur
964 450 1166 489 Parmeni-

102 512 187 561 des,
205 520 249 549 ut
266 511 503 562 Empedocle
517 509 595 562 (18)
612 518 649 547 et
658 511 860 560 Leucippo
884 510 980 561 (19),
1001 511 1069 561 qui
1088 510 1168 560 ejus

102 573 166 609 vel
185 572 380 609 auditores
397 571 459 608 vel
475 571 602 607 aemuli
618 570 730 607 fuisse
749 578 1025 608 memorantur.
1061 571 1167 607 Prae-

103 632 210 681 cipui
228 644 321 668 vcro
342 630 491 667 sodales
524 629 605 678 ejus
638 636 676 666 et
705 629 883 680 discipuli
918 630 1168 667 nominantur

102 697 204 733 Zeno
238 703 277 733 et
295 695 465 733 Melissus
496 692 601 745 (20),
625 701 789 743 uterque
814 693 1024 744 disciplinae
1056 706 1168 731 com-

101 756 286 793 munione
317 762 356 791 et
386 755 566 791 societate
599 766 687 790 cum
716 754 900 803 magistro
913 781 924 800 ,
957 755 1018 791 ille
1052 754 1168 790 etiam

102 815 271 852 amicitia
285 821 323 851 et
344 813 615 851 familiaritatis
635 825 706 850 usu
725 812 968 861 conjunctus.
991 815 1084 862 Quae
1109 826 1169 850 res

103 886 151 911 eo
162 874 294 920 valuit,
305 873 414 923 quod
430 885 452 910 a
465 873 624 909 Platone
637 879 833 909 narratum
846 885 964 923 supra
979 873 1162 923 diximus,

103 941 148 970 ut
167 934 203 970 ei
224 934 263 969 in
284 933 431 970 deliciis
451 939 565 981 atque
586 933 626 968 in
650 932 847 969 amoribus
875 933 987 970 fuisse
1008 938 1164 982 putare-

103 1000 166 1030 tur
186 992 284 1045 (21).
752 993 754 995 ’

157 1051 403 1095 Parmenides
441 1051 726 1101 philosophiam
760 1063 868 1087 suam
908 1056 987 1086 tam
1016 1051 1168 1101 scriptis

102 1125 218 1163 quam
241 1111 481 1148 sermonibus
501 1112 689 1160 exposuit.
712 1110 759 1148 In
778 1110 1020 1147 sermonibus
1045 1112 1167 1147 inter-

102 1171 276 1223 rogando
295 1183 431 1208 verum
456 1172 627 1220 reperire
656 1170 776 1219 idque
799 1182 822 1206 a
839 1169 931 1206 falso
953 1169 1170 1208 discernere

102 1232 331 1270 conabatur.
349 1232 435 1279 Quo
456 1232 496 1267 in
515 1242 653 1280 genere
669 1230 973 1280 disputationum
989 1229 1069 1278 ejus
1083 1232 1167 1280 pul-

101 1292 360 1330 chritudinem
394 1293 569 1329 Socrates
602 1290 707 1340 apud
738 1290 941 1330 Platonem
978 1287 1056 1342 (22)
1093 1291 1167 1328 ad—

102 1354 260 1390 miratus
295 1358 361 1388 est.
401 1352 490 1388 Fuit
527 1351 607 1388 haec
642 1351 848 1387 dialectica
878 1351 997 1398 ratio,
1030 1363 1114 1400 quae
1150 1364 1170 1388 a

101 1411 362 1462 colloquendo
379 1418 418 1449 et
431 1411 682 1461 disceptando
700 1424 843 1448 nomen
857 1411 1002 1448 invenit
1017 1418 1054 1448 et
1066 1412 1171 1449 Elea-

101 1473 270 1509 ticorum
289 1472 451 1521 propria
478 1478 535 1508 est
565 1471 696 1508 habita
727 1478 771 1508 ut
797 1471 1069 1508 mathematica
1096 1473 1169 1521 Py-

103 1532 377 1582 thagoreorum
391 1561 401 1579 ,
436 1531 671 1581 etymologia
711 1531 1036 1567 Heracliticorum
1065 1530 1165 1582 (23).

102 1592 319 1630 Dialecticae
343 1592 582 1629 inventorem
599 1590 829 1628 Aristoteles
850 1591 1045 1629 Zenonem
1074 1591 1166 1636 fert;

103 1650 369 1689 Parmenidem
390 1659 516 1688 tamen
534 1664 615 1687 non
632 1652 824 1701 ignorasse
844 1663 928 1687 eam
948 1657 1068 1687 artem
1084 1652 1171 1687 Sex·

105 1718 163 1748 tus
194 1712 408 1761 Empiricus
448 1710 527 1762 (24)
560 1711 733 1748 adnotat.
764 1711 939 1758 Quocum
983 1710 1172 1746 consentit

103 1771 227 1817 Plato,
242 1770 320 1820 (25)
339 1784 359 1807 a
382 1784 462 1820 quo
480 1771 594 1807 ambo
616 1768 811 1820 ἐλεγκτικοὶ
829 1777 867 1806 et
884 1767 966 1822 περὶ
981 1768 1043 1813 τὰς
1057 1767 1173 1822 ἔριδας

105 1828 362 1874 ἐσπουδακότες
377 1831 516 1867 merito
536 1837 740 1868 vocantur.
758 1830 944 1867 Caeterum
956 1830 1172 1878 Xenopha-

104 1903 171 1928 nes
179 1903 319 1940 parens
327 1891 480 1928 videtur
489 1891 599 1928 fuisse
609 1888 643 1940 ej
649 1903 691 1927 us
700 1891 788 1927 artis
801 1902 914 1938 quam
926 1889 1171 1927 Parmenides

48 2000 51 2003 Ι
104 1950 256 1988 idoneis
272 1951 517 1987 nutrimentis
528 1951 636 1999 aluit,
653 1952 757 1987 Zeno
773 1949 1044 1986 corroboravit
1059 1954 1174 1998 atque

104 2010 147 2046 in
164 2010 280 2047 aciem
303 2017 341 2047 et
360 2022 506 2059 pugnas
527 2009 676 2048 eduxit.
695 2011 742 2046 In
758 2009 1049 2047 dialecticorum
1075 2021 1173 2046 con-

106 2069 350 2107 clusiunculis
397 2076 532 2107 ornata
571 2069 752 2106 laudibus
801 2076 856 2106 est
889 2067 1173 2119 argumentatio

105 2126 289 2182 Ἀχιλλεὺς
309 2129 498 2180 appellata
525 2137 563 2165 et
582 2130 701 2166 altera
722 2126 908 2180 διχοτομία
933 2129 1055 2178 dicta,
1075 2142 1175 2178 qua-

107 2201 195 2225 rum
215 2189 319 2226 illam
333 2189 585 2235 Phavorinus,
596 2189 692 2226 hanc
705 2188 942 2239 Porphyrius
951 2187 1176 2225 Parmenidi

106 2248 360 2298 ascripserunt
374 2248 473 2298 (26);
487 2255 689 2297 utramque
706 2256 833 2286 tamen
849 2249 995 2285 Zenoni
1011 2249 1176 2284 tribuen-

108 2307 198 2344 dam
210 2320 286 2345 esse
305 2309 519 2345 Aristotelis
530 2315 567 2344 et
583 2308 769 2357 Simplicii
788 2309 1020 2346 auctoritate
1039 2315 1175 2345 notum

108 2374 364 2417 testatumque
375 2375 443 2407 est.

162 2428 220 2464 De
246 2428 493 2477 philosophia
523 2428 695 2464 versibus
725 2428 876 2478 scripsit
903 2427 1173 2472 Parmenides,

107 2478 389 2536 Xenophanem
402 2514 412 2533 ,
428 2487 640 2524 Hesiodum
658 2494 695 2524 et
721 2488 817 2524 alios
839 2488 1008 2524 imitatus
1020 2515 1031 2533 ‚
1053 2488 1119 2537 qui
1138 2488 1179 2523 in

111 2545 301 2583 didactico
319 2558 457 2596 genere
475 2546 726 2583 elaborarunt
742 2559 784 2583 ac
803 2547 850 2583 de
869 2559 1000 2583 rerum
1020 2554 1173 2592 natura,

155 2715 220 2756 (18)
243 2714 401 2756 Diogenes
420 2716 564 2748 Laertius
590 2718 688 2757 vm,
707 2721 764 2758 55,
786 2721 825 2750 56
842 2731 849 2750 ι
869 2718 907 2749 Ὁ
928 2717 961 2750 δὲ
979 2716 1175 2759 Θεόφραστος

111 2762 310 2805 Παρμενίδου
328 2763 403 2804 φησὶ
429 2764 569 2802 ζηλωτὴν
589 2765 684 2797 αὐτὸν
703 2765 772 2807 (τὸν
787 2764 1015 2807 Ἐμπεδοκλέα)
1033 2765 1177 2806 γενέσθαι

112 2810 166 2843 καὶ
195 2811 331 2852 μιμητὴν
356 2811 388 2843 ἐν
406 2814 468 2848 τοῖς
493 2812 650 2855 ποιήμασι
671 2835 792 2846 .....
812 2813 997 2855 Ἀλκιδάμας
1024 2813 1057 2845 δὲ
1080 2812 1112 2844 ἐν
1131 2814 1177 2854 τῷ

113 2861 236 2900 φυσικῷ
263 2870 338 2900 φησι
365 2860 448 2892 κατὰ
474 2860 545 2898 τοὺς
572 2861 685 2898 αὐτοὺς
710 2861 839 2903 χρόνους
870 2862 1001 2900 Ζήνωνα
1029 2861 1083 2893 καὶ
1103 2859 1177 2903 Ἐμ-

113 2906 267 2939 πεδοκλὲα
287 2907 422 2940 ἀκοῦσαι
445 2909 655 2951 Παρμενίδου.
677 2910 726 2942 Cf.
751 2910 866 2942 suidas
889 2919 920 2942 v.
941 2910 1149 2952 Παρμενίδης.

160 2954 227 2995 (19)
252 2955 301 2988 Cf.
325 2956 510 2997 Simplicius
527 2957 559 2990 in
578 2958 759 2991 Aristotelis
775 2958 870 2999 Phys.
887 2958 909 2990 f.
925 2960 956 2997 7,
970 2966 999 2991 a.

117 3050 148 3083 n
159 3001 226 3044 (20)
242 3003 399 3044 Diogenes
409 3005 556 3038 Laertius
568 3007 626 3047 lx,
641 3008 679 3039 24
694 3018 703 3038 z
717 3006 818 3044 Οὗτος
833 3005 864 3048 [ὁ
878 3004 1050 3048 Μέλισσος]
1061 3006 1180 3045 ἤκουσε

151 3051 326 3092 αρμενίδου.
438 3087 442 3092 ,

161 3097 227 3139 (21)
251 3099 342 3132 Plato
360 3102 508 3133 parmen.
529 3104 598 3142 ¹27,
615 3103 658 3142 B;
681 3101 840 3143 Diogenes
854 3101 909 3134 lib.
924 3104 982 3142 IX,
997 3106 1049 3134 25.
1066 3103 1180 3142 Repre-

119 3142 272 3176 lienditur
286 3146 379 3178 Plato
395 3147 516 3179 idcirco
541 3148 582 3180 ab
608 3149 765 3181 Athenaeo
786 3149 842 3182 lib.
859 3151 904 3182 XI
922 3159 953 3191 p.
974 3154 1048 3190 505,
1073 3150 1112 3190 F,
1134 3148 1183 3181 his

120 3194 226 3227 verbis
244 3204 252 3228 :
269 3197 314 3229 Τὸ
332 3197 365 3229 δὲ
383 3197 762 3241 πάντωνοχετλιώτατον
781 3202 834 3232 καὶ
857 3201 892 3233 τὸ
910 3203 1019 3241 εἰπεῖν,
1037 3200 1183 3241 οὐδεμιᾶς

120 3245 368 3286 κατεπειγούσης
395 3246 521 3288 χρείας,
541 3247 589 3279 ὅτι
609 3248 742 3280 παιδικὰ
761 3248 884 3290 γεγόνοι
904 3251 960 3280 τοῦ
987 3248 1184 3290 Παρμενίδου

121 3292 228 3330 Ζήνων
245 3293 263 3324 ὁ
279 3293 410 3332 πολίτης
426 3294 535 3326 αὐτοῦ.
557 3295 657 3327 Aliter
676 3295 799 3337 accepit
822 3296 956 3328 Procius
974 3296 1006 3327 ln
1022 3295 1185 3328 Parmeni-

123 3339 195 3371 dem
219 3341 259 3372 T.
281 3341 325 3372 1v
349 3350 420 3381 pag.
439 3345 478 3374 88
499 3342 545 3374 sic
561 3343 775 3383 interpretans
793 3356 802 3377 ι
822 3344 960 3376 Παιδικὰ
980 3347 1035 3375 τοῦ
1058 3345 1184 3385 Παρμε-

122 3386 208 3420 νίδου
223 3388 348 3429 γέγονεν
361 3389 379 3420 ὁ
395 3389 515 3429 Ζήνων,
533 3390 625 3430 δῆλον
643 3390 692 3423 ὅτι
709 3391 784 3434 πρὸς
799 3392 854 3424 ἕνα
867 3392 920 3424 καὶ
936 3392 988 3423 τὸν
1006 3391 1100 3424 αὐτὸν
1117 3391 1186 3423 θεὸν

124 3434 305 3477 ἀμφοτέροις
322 3439 342 3475 ἡ
359 3437 467 3474 ἄνοδος
482 3436 531 3478 ἦν.

167 3482 233 3523 (22)
257 3484 349 3516 Plato
368 3484 510 3525 Sophist.
530 3494 562 3526 p.
580 3487 653 3518 217.
671 3487 709 3519 C.

168 3530 234 3571 (23)
259 3532 393 3564 Proclus
409 3532 442 3564 in
461 3533 610 3566 Parmen.
633 3535 670 3566 Τ.
690 3534 747 3575 IV,
768 3543 799 3575 p.
826 3538 861 3567 12
882 3548 889 3568 z
908 3535 973 3574 Τὴν
989 3534 1186 3573 διαλεκτικὴν

1229 332 1391 369 deorum
1411 333 1658 382 generatione
1682 346 1726 370 ac
1744 334 1930 372 similibus
1955 337 2188 386 argumentis
2209 350 2292 374 car-

1227 392 1330 429 mine
1349 393 1544 429 vaticinati
1565 399 1654 429 sunt
1670 391 1769 444 (27).
1790 395 1882 430 Erat
1901 401 1983 431 tum
2001 408 2125 444 prosae
2146 399 2295 435 oratio·

1227 452 1285 488 nis
1305 452 1463 501 scriptio
1492 452 1668 489 nondum
1693 454 1929 502 magnopere
1949 454 2146 503 frequens,
2175 458 2228 494 ita
2252 464 2296 494 ut

1229 509 1462 548 difficillimae
1502 512 1830 562 philosophorum
1872 514 2099 561 quaestiones
2135 517 2295 563 poeticae

1229 571 1406 608 dictionis
1433 579 1574 608 ornatu
1601 584 1683 608 non
1709 571 1996 621 commendari,
2015 573 2082 609 sed
2111 576 2293 624 explicari

1229 638 1377 667 tantum
1392 643 1503 681 posse
1516 631 1752 668 viderentur.

1283 691 1375 741 Ipsa
1389 704 1482 728 vero
1503 691 1710 729 dialecticae
1726 691 1887 728 infantia
1899 704 1979 728 non
1990 691 2110 728 modo
2124 693 2295 741 pulchris

1228 752 1437 789 verborum
1459 752 1668 789 luminibus
1693 752 1910 802 tegebatur,
1930 751 1999 789 sed
2023 752 2138 788 etiam
2158 753 2297 803 imag-i-

1229 824 1322 847 num
1335 810 1531 859 majestate
1545 811 1739 848 interdum
1755 812 1905 849 exculta
1922 819 2194 849 consummatae
2210 813 2300 849 artis

1228 871 1395 920 speciem
1416 871 1628 920 praebebat.
1651 871 1726 909 Sed
1747 870 2018 909 Parmenidem
2038 872 2205 921 exceptis
2223 884 2296 909 nur-

1228 931 1344 967 meris
1369 931 1533 968 caruisse
1563 931 1851 982 propemodum
1878 931 1983 968 omni
2013 932 2197 969 orationis
2229 945 2299 970 ve-

1229 998 1377 1028 nustate
1406 998 1444 1028 et
1475 993 1632 1041 poetico
1670 993 1807 1041 spiritu
1838 999 1942 1029 recte
1971 992 2102 1041 plures
2126 999 2300 1029 veterum

1230 1049 1595 1088 animadverterunt.
1621 1052 1866 1101 Quapropter
1893 1049 2055 1087 Proclus
2080 1049 2159 1103 (28)
2181 1053 2234 1089 sic
2256 1051 2300 1089 de

1231 1122 1278 1146 eo
1294 1109 1446 1157 judicat
1469 1123 1478 1147 ε
1503 1108 1551 1150 Ὁ
1571 1110 1802 1163 Παρμενίδης
1824 1112 1858 1149 ἐν
1878 1112 1923 1163 τῇ
1944 1110 2105 1159 ποιήσει,
2120 1109 2236 1150 καίτοι
2256 1109 2300 1149 δι’

1233 1170 1317 1208 αὐτὸ
1350 1168 1463 1217 δήπου
1493 1170 1533 1209 τὸ
1567 1169 1751 1220 ποιητικὸν
1777 1164 1867 1215 εἶδος
1896 1174 2051 1224 χρῆσθαι
2085 1177 2302 1226 μεταφοραῖς

1232 1228 1415 1279 ὀνομάτων
1434 1229 1495 1268 καὶ
1514 1231 1679 1283 σχήμασι
1698 1230 1759 1270 καὶ
1780 1230 1924 1284 τρόποις
1944 1231 2109 1285 ὀφείλων,
2135 1231 2230 1283 ὅμως
2261 1230 2301 1271 τὸ

1233 1287 1509 1329 ἀκαλλώπιστον
1528 1289 1589 1330 καὶ
1610 1290 1731 1344 ἰσχνὸν
1750 1291 1810 1330 καὶ
1831 1290 1987 1345 καθαρὸν
2004 1285 2092 1335 εἶδος
2108 1294 2170 1339 τῆς
2191 1294 2303 1344 ἀπαγ-

1231 1348 1350 1400 γελίας
1369 1348 1611 1396 ἠσπάσατο...
1634 1348 1726 1388 ὥστε
1749 1351 1885 1401 μᾶλλον
1906 1351 2011 1396 πεζὸν
2032 1345 2122 1390 εἶναι
2143 1353 2257 1391 δοκεῖν
2278 1351 2301 1399 ἢ

1231 1407 1415 1456 ποιητικὸν
1435 1408 1554 1461 λόγον.
1579 1411 1713 1448 Cicero
1736 1412 1856 1449 Acad.
1878 1414 1953 1461 Qu.
1977 1415 2043 1460 IV,
2065 1413 2113 1450 23
2145 1415 2300 1451 Parme·

1231 1469 1363 1505 nidem
1393 1470 1588 1519 sapientiae
1613 1478 1807 1521 praecepta
1835 1473 1960 1509 minus
1980 1473 2100 1520 *bonis
2131 1474 2303 1510 versibus

1233 1528 1430 1565 tradidisse
1450 1530 1517 1567 ait.
1540 1530 1626 1577 Quo
1646 1531 1804 1567 nomine
1822 1544 1842 1567 a
1859 1532 2065 1568 Plutarcho
2090 1530 2166 1582 (29)
2187 1532 2303 1569 etiam

1233 1589 1474 1637 vituperatus
1491 1596 1566 1639 est,
1587 1591 1653 1638 qui
1673 1602 1760 1626 eum
1777 1590 1884 1627 haud
1901 1603 2008 1627 secus
2026 1599 2141 1640 atque
2162 1592 2305 1641 Empe-

1234 1648 1387 1684 doclem
1401 1649 1539 1698 poesin
1559 1656 1744 1699 tanquam
1763 1651 1982 1687 vehiculum
1997 1663 2075 1699 quo
2090 1650 2305 1700 pedestrem

1235 1709 1423 1745 incessum
1455 1709 1596 1746 vitaret
1630 1722 1834 1760 usurpasse
1867 1712 2035 1760 putavit.
2064 1714 2205 1748 Verum
2224 1711 2305 1748 haec

1235 1766 1320 1817 ipsa
1344 1781 1405 1805 res
1431 1776 1657 1818 argumento
1679 1777 1735 1806 est
1759 1770 2023 1807 Parmeniden]
2052 1771 2172 1820 magis
2191 1775 2307 1808 aetatis

1234 1841 1384 1865 morem
1402 1837 1575 1866 secutum
1598 1842 1714 1878 quam
1734 1830 1867 1868 furore
1881 1830 2015 1868 divino
2034 1831 2232 1868 incensum
2247 1831 2303 1868 fu1

1237 1888 1336 1925 disse
1357 1901 1510 1936 versus,
1532 1901 1659 1938 neque
1682 1889 1874 1927 delectare
1901 1891 2064 1927 lectores
2090 1892 2302 1928 carminum

1238 1947 1440 1986 dulcedine
1463 1961 1578 1998 quam
1599 1948 1742 1985 docere
1764 1949 2010 1986 decretorum
2032 1952 2216 1999 gravitate
2235 1964 2305 1987 vo·

1236 2009 1360 2048 luisse.
1384 2009 1480 2046 Sunt
1500 2016 1628 2045 tamen
1645 2009 1722 2045 loci
1742 2009 1883 2058 quibus
1898 2010 2153 2059 philosophus
2170 2011 2306 2048 relicto

1237 2069 1388 2118 vulgari
1416 2068 1572 2105 dicendi
1601 2081 1739 2118 genere
1758 2081 1889 2105 rerum
1919 2082 2012 2118 quas
2039 2070 2222 2107 informat
2240 2083 2307 2107 su-

1237 2128 1425 2165 blimitate
1447 2128 1582 2165 ductus
1599 2135 1636 2165 et
1652 2129 1795 2178 ingenii
1820 2136 1911 2165 aestu
1940 2129 2123 2178 abreptus
2150 2137 2231 2166 tum
2252 2143 2308 2168 as-

1238 2189 1382 2237 surgit,
1412 2194 1494 2224 tum
1522 2187 1720 2223 incitatior
1755 2187 1878 2224 fertur
1911 2188 2200 2237 verborumque
2232 2196 2309 2226 tam

1239 2248 1457 2297 granditate
1475 2259 1591 2296 quam
1608 2247 1773 2283 elatione
1791 2248 1962 2283 omnium
1989 2249 2136 2284 animos
2155 2255 2193 2284 et
2210 2250 2311 2298 capit

1241 2315 1278 2344 et
1293 2307 1523 2357 permulcet.
1547 2305 1780 2354 Hujusmodi
1809 2313 1863 2343 est
1881 2307 2056 2344 mirabile
2078 2306 2176 2344 illud
2202 2308 2310 2356 quod

1242 2368 1379 2404 Sextus
1403 2367 1618 2416 Empiricus
1650 2366 1816 2402 servavit
1849 2366 2030 2408 carminis
2055 2367 2310 2416 prooemium,

1241 2428 1281 2463 in
1302 2439 1381 2476 quo
1401 2439 1444 2463 ea
1466 2432 1627 2475 apparet·
1657 2425 1835 2461 dictionis
1861 2426 2057 2474 animique
2091 2426 2310 2476 amplitudo

1243 2493 1281 2522 et
1306 2486 1568 2536 exaggeratio,
1594 2492 1639 2521 ut
1666 2483 1938 2522 parmenidem
1961 2498 2041 2521 non
2070 2498 2228 2535 prorsus
2249 2485 2310 2522 dj-

1243 2546 1350 2581 tioris
1368 2558 1471 2582 venae
1491 2552 1682 2581 exsortem
1699 2543 1810 2580 fuisse
1829 2552 1991 2583 constet.

1239 2739 1358 2749 .....
1376 2715 1530 2757 ἐξαίρετον
1548 2713 1646 2746 οὖσαν
1673 2717 1729 2746 τοῦ
1749 2713 1934 2747 Ἑλεατικοῦ
1951 2715 2193 2756 διδασκαλείου,
2212 2716 2310 2748 καθά-

1238 2775 1295 2805 περ
1314 2763 1390 2795 ἄ)λο
1406 2774 1436 2795 τι
1454 2765 1511 2795 τοῦ
1527 2762 1744 2803 Πυθαγορείου
1762 2762 1920 2802 λέγουσιν,
1950 2764 1993 2799 ὡς
2018 2764 2073 2801 τήν
2098 2764 2150 2795 διὰ
2167 2767 2231 2796 τῶν
2252 2775 2311 2805 μα-

1240 2811 1387 2853 θημάτων
1405 2810 1545 2852 ἀγωγήν,
1612 2811 1666 2842 καὶ
1683 2810 1759 2842 ἀλλο
1777 2813 1834 2843 τοῦ
1847 2811 2099 2852 Ἡρακλειτείου,
2112 2812 2167 2849 τὴν
2185 2811 2236 2843 διὰ
2250 2814 2312 2843 τῶν

1240 2863 1403 2905 ὀνομάτων
1423 2863 1474 2895 ἐπὶ
1491 2862 1547 2902 τὴν
1564 2865 1626 2895 τῶν
1643 2861 1742 2895 ὄντων
1759 2865 1877 2902 γνῶσιν
1895 2862 1983 2894 ὁδόν.

1285 2911 1351 2951 (24)
1377 2911 1498 2943 Sextus
1515 2909 1700 2951 Empiricus
1718 2908 1794 2942 adv.
1815 2909 1919 2943 Math.
1936 2911 2011 2949 vn,
2027 2913 2058 2942 5.

1287 2959 1354 3000 (25)
1380 2958 1473 2991 Plato
1489 2957 1631 2998 Sophist.
1653 2957 1725 2990 init.

1286 3007 1353 3050 (26)
1375 3006 1577 3040 phavorinus
1593 3006 1679 3047 apud
1694 3004 1860 3039 Laertium
1873 3006 1933 3045 lx,
1949 3007 2000 3044 23,
2016 3004 2070 3036 ubi
2089 3004 2153 3037 vid.
2170 3006 2313 3046 Menag.;

1245 3055 1442 3097 Porphyrius
1459 3054 1546 3095 apud
1568 3053 1774 3095 Simplicium
1797 3053 1830 3085 in
1849 3053 1944 3094 Phys.
1968 3053 1988 3085 f.
2007 3055 2059 3085 30.

1288 3103 1352 3143 (27)
1379 3101 1575 3135 Plutarchus
1591 3100 1632 3134 de
1647 3101 1744 3143 Pyth.
1766 3103 1863 3134 Orac.
1880 3110 1910 3142 p.
1925 3102 1999 3141 4ο2;
2015 3100 2107 3141 Diog.
2129 3100 2238 3134 Laert.
2254 3101 2312 3141 lx,

1245 3155 1304 3190 22;
1322 3150 1438 3183 suidas
1457 3159 1488 3182 v.
1507 3151 1611 3192 Παρμ.

1288 3199 1354 3239 (28)
1379 3198 1513 3231 Proclus
1527 3197 1560 3230 in
1578 3199 1687 3230 Parm‚
1711 3198 1749 3231 T.
1770 3198 1832 3239 1v,
1846 3206 1878 3239 p.
1895 3201 1945 3229 62.

1288 3246 1353 3288 (29)
1378 3245 1571 3279 Plutarchus
1585 3245 1625 3278 de
1644 3244 1730 3277 Aud.
1745 3248 1832 3286 poet.
1849 3254 1880 3286 p.
1901 3249 1951 3285 16,
1971 3245 1996 3276 G
2016 3253 2024 3275 ε
2045 3244 2094 3276 Τὰ
2111 3244 2143 3276 δὲ
2160 3242 2313 3283 Ἐμπεδο-

1246 3295 1354 3332 κλέους
1365 3294 1425 3333 ἐπη
1434 3295 1487 3328 καὶ
1501 3294 1710 3336 Παρμενίδου,
1718 3294 1772 3325 καὶ
1783 3293 1927 3335 Θηριακὰ
1935 3292 2110 3333 Νικάνδρου
2124 3293 2177 3324 καὶ
2188 3293 2313 3332 Γνωμο-

1246 3341 1350 3383 λογίαι
1365 3342 1530 3383 Θεόγνιδος
1548 3342 1636 3383 λόγοι
1652 3342 1713 3374 εὶσὶ
1727 3342 1914 3383 κεχρημένοι
1928 3340 2014 3381 παρὰ
2028 3343 2192 3377 ποιητικῆς
2206 3339 2313 3380 ὥσπερ

1247 3390 1300 3422 τὸν
1310 3390 1404 3429 ὄγκον
1417 3391 1471 3422 καὶ
1487 3390 1523 3422 τὸ
1539 3390 1663 3432 μέτρον,
1675 3390 1728 3422 ἵνα
1743 3390 1779 3422 τὸ
1789 3390 1880 3427 πεζὸν
1891 3388 2092 3428 διαφύγωσιν.
2107 3386 2155 3419 Id.
2168 3387 2206 3418 de
2223 3385 2311 3418 audi-

1249 3439 1338 3470 tione
1352 3446 1421 3479 pag.
1440 3439 1478 3470 42
1495 3451 1501 3469 ε
1515 3439 1686 3479 Μέμψαιτο
1702 3436 1730 3469 δ’
1746 3437 1783 3469 ἄν
1796 3448 1842 3474 τις
1857 3436 2039 3479 Ἀρχιλόχου
2055 3435 2109 3476 μὲν
2126 3435 2180 3472 τὴν
2198 3433 2312 3465 ὑπόθε·

1250 3498 1312 3528 σιν,
1334 3487 1531 3528 Παρμενίδου
1551 3487 1583 3519 δὲ
1600 3488 1656 3525 τήν
1672 3486 1886 3528 στιχοποιίαν,
1904 3485 2092 3518 Φωκυλίδου
2111 3484 2143 3514 δὲ
2159 3483 2215 3520 τήν
2230 3482 2312 3514 εὐτέ-

1250 3534 1524 3577 λειαν,Εὐριτιίδου
1536 3534 1571 3567 δὲ
1586 3535 1642 3574 τὴν
1656 3535 1778 3575 λαλιάν,
1798 3534 1989 3576 Σοφοκλέους
2007 3533 2039 3564 δὲ
2053 3533 2108 3570 τὴν
2120 3531 2314 3572 ἀνωμαλίαν.

2599 0 2610 108 ,σέ-*ἢμε-
