2612 3814
4 2006 8 2026 l

4 2039 8 2058 l

5 2070 11 2087 ’ί

460 276 1085 364 ΔΙΟΓΕΝΟΥΣ
1145 273 1367 358 ΤΟΥ
1430 250 2338 356 ΑΠΟΛΛΩΝΙΑΤΟΥ

1005 443 1775 508 ΑΠΟΣΠΑΣΜΑΤΙΑ.

371 705 396 731 1.
419 690 534 742 Λόγου
553 689 680 733 παντὸς
711 688 902 739 ἀρχόμενον
922 684 1031 724 δοκέει
1049 699 1108 735 μοι
1133 684 1245 735 χρεὼν
1271 674 1359 720 εἶναι

315 750 378 798 τὴν
401 749 511 803 ἀρχὴν
527 746 836 801 ἀναμφισὸήτητον
861 743 1098 797 παρέχεσθαι,
1119 742 1183 790 τὴν
1201 742 1235 780 δὲ
1253 743 1361 794 ἑρμη-

315 807 414 859 νηίην
425 810 540 856 ἁπλῆν
555 807 613 847 καὶ
630 805 774 857 σεμνήν.

371 868 575 920 (Diogenes
596 865 771 904 Laertius
790 862 858 902 lib.
881 861 948 909 lx,
972 861 1019 909 57
1040 875 1049 898 :
1074 858 1181 911 Ἀρχὴ
1205 858 1242 897 δὲ
1265 859 1359 911 αὐτῷ

315 928 376 965 τοῦ
405 924 676 979 συγγράμματος
707 921 787 969 ἥδε·
809 919 914 972 λόγου
936 918 1065 962 παντὸς
1097 918 1173 958 κτλ.
1204 917 1261 956 Cf.
1290 915 1359 956 lib.

314 984 372 1031 Vl,
401 982 478 1037 81.)

366 1055 397 1081 2.
420 1040 524 1092 Ἐμοὶ
544 1040 579 1078 δὲ
600 1038 733 1087 δοκέει,
749 1038 788 1078 τὸ
806 1036 869 1091 μὲν
887 1037 1026 1088 ξύμπαν
1041 1038 1166 1084 εἰπεῖν,
1181 1035 1297 1075 πάντα
1316 1034 1360 1075 τὰ

314 1100 415 1140 ἐόντα
435 1100 504 1139 ἀπὸ
535 1102 596 1138 τοῦ
625 1100 728 1137 αὐτοῦ
756 1095 1060 1149 ἑτεροιοῧσθαικαὶ
1078 1094 1118 1134 τὸ
1139 1093 1224 1134 αὐτὸ
1253 1087 1361 1133 εἶναι·

312 1158 373 1198 καὶ
392 1161 493 1198 τοῦτο
509 1157 666 1205 εὔδηλον.
686 1157 729 1195 Εἰ
742 1154 810 1208 γὰρ
826 1154 870 1193 τὰ
891 1156 925 1193 ἐν
944 1154 1032 1207 τῷδε
1049 1156 1098 1208 τῷ
1116 1153 1241 1206 κόσμῳ
1261 1152 1360 1192 ἐόντα

313 1220 371 1257 νῦν
390 1219 435 1270 γῆ
452 1215 510 1255 καὶ
533 1215 626 1269 ὕδωρ
642 1214 702 1253 καὶ
716 1214 851 1262 τᾶλλα,
873 1213 939 1252 ὅσα
959 1213 1118 1268 φαίνεται
1141 1214 1175 1252 ἐν
1199 1213 1288 1266 τῷδε
1309 1214 1359 1267 τῷ

313 1275 437 1330 κόσμῳ
459 1275 577 1322 ἰόντα,
597 1276 626 1313 εἷ
656 1273 803 1312 τουτέων
828 1289 866 1311 τε
895 1267 936 1320 ἦν
962 1273 1000 1311 τὸ
1031 1272 1147 1325 ἕτερον
1164 1275 1225 1312 τοῦ
1242 1271 1360 1323 ἑτέρου

315 1334 430 1388 ἕτερον
441 1334 494 1373 ἐὸν
513 1337 557 1387 τῇ
572 1334 642 1386 ἰδίῃ
657 1332 774 1386 φύσεϊ,
791 1332 851 1372 καὶ
871 1331 920 1383 μὴ
935 1331 974 1371 τὸ
992 1332 1075 1370 αὐτὸ
1094 1332 1148 1371 ε’ὸν
1169 1331 1360 1382 μετέπιπτε

312 1394 499 1446 πολλαχῶς
515 1393 574 1432 καὶ
591 1395 789 1444 ἡτεροιοῦτο
801 1422 812 1439 ,
841 1391 912 1430 οὐδ’
932 1389 972 1430 ἂν
990 1389 1068 1430 οὕτε
1091 1390 1276 1443 μίσγεσθαι
1296 1392 1361 1429 ἄλ-

312 1451 450 1500 λήλοισι
468 1451 615 1499 ἠδύνατο
643 1450 719 1490 οὔτε
739 1450 910 1504 ὠφέλησις
931 1452 981 1503 τῷ
1009 1449 1116 1503 ἑτέρῳ
1135 1448 1212 1489 οὔτε
1241 1449 1358 1502 βλοίὸη

313 1504 417 1551 εἶναι.
436 1511 523 1550 Οὐδ’
544 1510 586 1549 ἂν
607 1509 684 1549 οὕτε
703 1509 806 1562 φυτὸν
831 1510 870 1547 ἐκ
889 1511 951 1556 τῆς
969 1511 1033 1559 γῆς
1056 1511 1158 1562 φῦναι
1175 1507 1254 1547 οὔτε
1273 1511 1359 1560 ζῷον

271 1611 274 1615 ,
313 1569 391 1610 οὔτε
412 1571 498 1609 ἄλλο
523 1569 679 1621 γενέσθαι
695 1567 805 1616 οὐδέν,
827 1569 856 1606 εἷ
877 1567 926 1619 μὴ
942 1566 1032 1606 οὕτω
1057 1567 1242 1608 συνίστατο
1268 1566 1360 1607 ὥστε

311 1628 423 1668 τωυτὸ
439 1620 544 1668 εἶναι·
565 1626 655 1666 ἀλλὰ
670 1626 785 1666 πάντα
805 1629 915 1664 ταῦτα
934 1626 973 1664 ἐκ
986 1630 1046 1665 τοῦ
1067 1626 1172 1665 αὑτοῦ
1189 1625 1361 1679 ἑτεροιού-

314 1702 401 1738 μενοι
420 1686 544 1725 ἄλλοτε
565 1686 687 1723 ἀλλοῖα
704 1683 835 1736 γίνεται
857 1683 917 1723 καὶ
938 1685 970 1728 ἐς
980 1683 1020 1722 τὸ
1037 1684 1122 1722 αὐτὸ
1147 1685 1356 1737 ἀναχωρέει.

364 1744 597 1800 (Simplicius
616 1744 832 1782 Comment.
855 1743 896 1781 in
917 1742 1036 1783 Arist.
1068 1742 1187 1794 Phys.
1215 1743 1284 1781 fol.
1310 1744 1358 1780 32

311 1804 337 1842 b
354 1818 365 1843 t
387 1803 512 1857 γράφει
539 1803 576 1842 δὲ
604 1801 701 1846 εὐθὺς
723 1801 812 1852 μετὰ
831 1799 871 1839 τὸ
895 1799 1080 1853 προοίμιον
1099 1801 1182 1839 τάδε
1195 1813 1204 1823 ·
1224 1800 1302 1852 ἐμοὶ
1323 1801 1358 1839 δὲ

312 1861 424 1902 δοκέει
451 1862 531 1903 κτλ.
553 1862 646 1900 Post
660 1863 706 1912 γῆ
726 1859 786 1899 καὶ
805 1858 898 1912 ὕδωρ
917 1858 1014 1898 Cod.
1039 1860 1071 1897 D
1088 1859 1195 1898 addit
1210 1860 1270 1899 καὶ
1293 1858 1360 1912 ἀὴρ

311 1920 370 1960 καὶ
387 1923 469 1974 πῦρ.
489 1919 565 1958 Pro
579 1920 715 1970 οὐδαμῆ
729 1917 806 1958 οὔτε
818 1917 1004 1970 μίσγεσθαι
1023 1917 1206 1964 ἀλλήλοισι
1227 1917 1358 1965 ἠδύνα·

310 1995 364 2028 το,
378 1992 463 2031 quae
474 1979 648 2018 codicum
661 1978 855 2030 scriptura
864 1986 933 2024 est,
945 1977 1059 2028 posui
1071 1990 1158 2015 cum
1169 1977 1360 2016 Schornio

311 2037 382 2077 οὐδ’
401 2036 441 2077 ἃν
461 2035 539 2076 οὔτε
566 2036 750 2088 μίσγεσθαι
764 2037 841 2075 κτλ.
862 2037 1040 2087 Denique
1060 2035 1163 2074 inter
1183 2035 1301 2089 βλάὸη
1323 2046 1360 2075 et

311 2095 384 2134 οὐδ’
418 2094 459 2133 ἂν
492 2095 640 2134 inserui
661 2087 764 2134 εἶναι.
800 2093 894 2133 Nam
928 2094 1060 2133 deesse
1091 2094 1241 2145 aliquid
1279 2095 1359 2134 viri

311 2154 414 2193 docti
426 2153 506 2204 jam
515 2154 664 2206 pridem
677 2153 1046 2192 animadverterunt.
1062 2152 1120 2191 Cf.
1131 2153 1292 2192 Aristot.
1312 2153 1360 2193 de

311 2225 396 2263 gen.
411 2221 450 2251 et
462 2220 635 2263 corrupt.
655 2211 687 2259 Ι,
706 2213 729 2249 6
747 2211 830 2250 ικαὶ
849 2210 939 2250 τοῦτ’
953 2212 1059 2264 ὀρθῶς
1070 2210 1165 2264 λέγει
1176 2211 1357 2265 Διογένης,

312 2270 371 2310 ὅτι
382 2272 411 2311 εἷ
431 2270 480 2322 μὴ
496 2264 538 2318 ἦν
556 2270 589 2315 ἐξ
601 2270 671 2314 ἑνὸς
692 2269 844 2318 ἅπαντα,
861 2270 924 2309 οὐκ
943 2268 984 2308 ἂν
1003 2264 1045 2318 ἦν
1059 2269 1099 2309 τὸ
1118 2276 1228 2309 ποιεῖν
1243 2271 1304 2310 καὶ
1320 2272 1359 2312 τὸ

311 2329 462 2382 πάσχειν
475 2330 533 2368 ὑπ’
541 2328 715 2377 ἀλλήλων,
731 2322 801 2367 οἷον
814 2327 853 2367 τὸ
862 2327 987 2381 θερμὸν
1005 2327 1247 2382 ψύχεσθαικαὶ
1254 2333 1358 2369 τοῦτο

312 2388 553 2440 θερμαίνεσθαι
566 2388 683 2427 πάλιν·
697 2389 735 2426 οὗ
755 2387 823 2439 γὰρ
840 2390 862 2434 ἡ
882 2387 1050 2440 θερμότης
1069 2387 1285 2439 μεταὸάλλει
1297 2390 1358 2429 καὶ

311 2450 334 2495 ἡ
345 2447 520 2501 ψυχρότης
536 2449 581 2491 εἷς
598 2447 748 2495 ἄλληλα,
763 2446 853 2485 ἀλλὰ
865 2448 968 2494 δῆλον
982 2446 1081 2486 ὅτιτὸ
1095 2447 1352 2499 ὑποκείμενον.)

361 2582 387 2610 1.
410 2578 643 2619 Disputationes
666 2579 904 2620 qualescunque
933 2579 1111 2615 ordientem
1137 2588 1210 2612 meo
1233 2579 1354 2620 judicio

314 2636 441 2675 oportet
463 2634 652 2675 principium
675 2639 799 2668 certum
816 2638 847 2669 et
860 2636 1077 2670 indubitatum
1095 2641 1268 2680 praestare,
1288 2638 1357 2671 elo·

314 2692 476 2725 cntionem
489 2700 563 2725 vero
576 2693 754 2734 simplicem
767 2696 800 2727 et
814 2703 955 2735 gravem.

356 2756 388 2786 2.
411 2752 491 2784 Milli
510 2761 586 2785 vero
601 2752 762 2795 videntur,
784 2756 819 2787 ut
840 2764 903 2787 uno
917 2755 1013 2788 verbo
1029 2756 1146 2798 dicam,
1169 2766 1221 2790 res
1233 2759 1359 2791 cunctae

314 2810 356 2843 ab
382 2810 493 2843 eodem
521 2811 678 2844 elemento
711 2813 884 2846 variatione
903 2814 979 2847 oriri
1004 2816 1102 2856 atque
1123 2815 1208 2849 idem
1228 2825 1310 2858 esse,
1326 2816 1360 2849 id

313 2869 401 2910 quod
429 2868 632 2901 manifestum
656 2872 714 2902 est.
759 2869 792 2903 si
815 2871 900 2904 enim
924 2881 977 2905 res
1004 2873 1127 2914 quaein
1152 2874 1215 2907 hoe
1239 2876 1360 2909 mundo

312 2935 398 2959 nunc
414 2928 507 2968 sunt,
525 2928 610 2960 terra
622 2929 654 2960 et
667 2936 751 2969 aqua
764 2931 795 2961 et
814 2932 930 2961 caetera
943 2938 1018 2971 quae
1039 2930 1072 2963 in
1086 2930 1285 2970 hoc-mundo
1303 2941 1359 2974 ap·

316 2987 448 3025 parent,
479 2984 506 3018 si
540 2985 669 3026 harum,
691 2985 833 3027 inquam,
856 2996 964 3020 rerum
985 2988 1057 3021 aliae
1080 2988 1122 3021 ab
1153 2990 1223 3023 aliis
1247 2993 1360 3033 suapte

312 3044 428 3075 natura
446 3043 632 3084 differrent,
651 3053 755 3085 neque
768 3044 880 3077 multis
899 3045 1004 3078 modis
1023 3048 1156 3079 mutatae
1174 3052 1206 3081 et
1228 3049 1360 3083 variatae

313 3099 397 3133 idem
404 3103 521 3141 essent,
531 3110 733 3143 nequaquam
745 3103 810 3136 lieri
816 3106 935 3144 posset,
947 3107 982 3136 ut
993 3105 1202 3139 miscerentur
1209 3107 1280 3140 aliae
1289 3108 1359 3141 aliis

314 3158 364 3191 vel
381 3159 549 3192 commoda
565 3161 599 3193 et
616 3160 820 3194 ineommoda
834 3162 998 3195 afferrent.
1018 3165 1130 3205 Neque
1150 3165 1212 3204 vel·
1222 3167 1329 3206 planta
1342 3176 1361 3200 e

312 3218 396 3250 terra
426 3218 533 3251 enasci
563 3219 613 3251 vel
632 3219 749 3253 animal
768 3222 818 3254 vel
840 3222 928 3254 aliud
952 3223 1028 3264 quid
1051 3225 1209 3265 procreari
1236 3229 1359 3269 posset,

312 3275 373 3309 nisi
393 3276 436 3309 ita
454 3281 675 3319 comparatum
701 3282 797 3321 esset,
817 3283 853 3314 ut
877 3282 962 3315 idem
982 3283 1079 3324 ἴοι-οῖς
1095 3284 1152 3317 sed
1169 3285 1238 3318 liaee
1252 3288 1361 3320 omnia

312 3334 353 3367 ab
385 3334 499 3368 eodem
527 3337 685 3370 elemento
719 3340 840 3372 variata
864 3341 941 3373 alias
967 3342 1027 3374 alia
1050 3343 1156 3384 specie
1183 3344 1361 3379 induuntur

312 3395 409 3435 atque
429 3394 462 3427 in
476 3394 560 3427 idem
577 3396 771 3430 elementum
789 3398 944 3432 recidunt.

355 3455 386 3485 3.
407 3453 468 3486 Sed
495 3453 555 3486 hoc
574 3455 765 3500 principium
788 3457 865 3490 mihi
885 3458 1011 3492 videtur
1027 3461 1193 3503 perspicue
1213 3471 1360 3504 magnum

1363 3526 1433 3560 254

1475 694 1504 720 3.
1530 679 1634 719 Ἀλλὰ
1652 679 1754 718 τοῦτό
1773 695 1833 730 μοι
1853 679 1964 720 δοκέει
1988 681 2091 728 δῆλον
2112 674 2216 733 εἶναι,
2236 680 2290 720 ὅτι
2312 680 2373 720 καὶ
2387 680 2479 733 μέγα

1421 738 1481 777 καὶ
1494 737 1638 792 ἰσχυρὸν
1652 739 1713 778 καὶ
1730 735 1840 778 ἀΐδιόν
1860 753 1898 777 τε
1920 738 1980 777 καὶ
1997 739 2167 779 ἀθάνατον
2181 739 2241 778 καὶ
2255 739 2370 779 πολλὰ
2388 739 2479 786 εἶδός

1421 813 1510 838 εστι.

1477 856 1718 909 (Simplicius
1728 855 1943 894 Comment.
1960 856 2002 895 in
2019 856 2141 897 Arist.
2153 857 2273 909 Phys.
2289 858 2355 897 sol.
2370 859 2418 898 33
2430 860 2478 911 a.)

1474 929 1505 956 4.
1525 917 1579 956 Οὐ
1604 914 1672 969 γὰρ
1687 914 1729 953 ἂν
1750 913 1842 953 οὕτω
1871 914 2036 954 δεδόσθαι
2061 908 2132 954 οἷόν
2153 931 2190 955 τε
2223 910 2266 965 ἦν
2297 916 2379 957 ἄνευ
2394 917 2478 966 νοή·

1423 989 1506 1022 σιος,
1528 972 1618 1013 ὥστε
1645 974 1707 1013 καὶ
1737 972 1881 1013 πάντων
1902 973 2014 1028 μέτρα
2048 973 2156 1027 ἔχειν,
2171 975 2344 1028 χειμῶνός
2360 991 2396 1015 τε
2417 976 2478 1016 καὶ

1422 1032 1536 1086 θέρεος
1562 1033 1622 1072 καὶ
1643 1032 1764 1077 νυκτὸς
1795 1032 1855 1072 καὶ
1878 1033 2014 1088 ἡμέρης
2034 1033 2094 1072 καὶ
2118 1034 2225 1073 ὑετῶν
2247 1033 2309 1074 καὶ
2338 1035 2480 1086 ἀνέμων

1421 1093 1482 1132 καὶ
1513 1091 1666 1133 εὗδιίων.
1691 1091 1763 1132 Καὶ
1781 1091 1825 1131 τὰ
1842 1091 1933 1131 ἄλλα
1964 1092 1995 1131 εἴ
2010 1108 2060 1136 τις
2076 1091 2241 1144 βούλεται
2260 1093 2454 1133 ἕννοέεσθαι
2467 1124 2480 1143 ,

1421 1150 1575 1205 εὖρίσκοι
1595 1150 1637 1190 ἂν
1653 1150 1744 1190 οὕτω
1763 1150 1964 1201 διακείμενα
1977 1181 1988 1200 ,
2004 1152 2050 1196 ὡς
2067 1151 2213 1192 ἀνυστὸν
2233 1151 2421 1193 κάλλιστα.

1475 1210 1714 1264 (Simplicius
1727 1210 1943 1249 Comment.
1955 1211 1997 1249 in
2009 1211 2130 1251 Arist.
2145 1210 2265 1263 Phys.
2284 1211 2350 1251 sol.
2364 1212 2413 1251 36
2423 1212 2450 1252 b
2466 1228 2478 1252 ε

1420 1269 1542 1323 ἐφεξῆς
1555 1269 1591 1308 δὲ
1604 1268 1716 1315 δείξας
1732 1268 1785 1309 ὅτι
1799 1270 1892 1309 ἐστὶν
1910 1270 1945 1309 ἐν
1959 1272 2003 1322 τῇ
2022 1271 2117 1324 ἀρχῇ
2130 1269 2241 1323 ταύτῃ
2253 1269 2370 1320 νόησις
2388 1273 2479 1312 πολ-

1419 1327 1463 1376 λή
1477 1344 1486 1353 ·
1500 1328 1539 1367 οὗ
1555 1327 1624 1381 γὰρ
1644 1329 1700 1376 ἄν,
1720 1328 1842 1380 φησὶν,
1864 1327 1956 1367 οὕτω
1972 1329 2137 1368 δεδοίσθαι
2153 1332 2245 1378 etc.)

1473 1402 1505 1428 5.
1526 1383 1610 1427 Ἔτι
1632 1387 1667 1427 δὲ
1691 1387 1777 1440 πρὸς
1798 1387 1953 1427 τούτοισι
1972 1387 2033 1427 καὶ
2053 1387 2137 1427 τάδε
2159 1387 2298 1440 μεγάλα
2318 1382 2477 1439 σημήῖαῖ

1421 1447 1597 1501 ἄνθρωποι
1615 1446 1686 1500 γὰρ
1712 1446 1773 1486 καὶ
1798 1447 1842 1485 τὰ
1873 1447 1964 1487 ἄλλα
1986 1449 2058 1501 ζῷα
2078 1447 2303 1487 ἀνα-πνέοντα
2330 1447 2411 1494 ζώει
2429 1450 2481 1501 τῷ

1421 1507 1519 1559 ἀέρι,
1542 1506 1602 1545 καὶ
1621 1510 1724 1546 τοῦτο
1744 1506 1880 1546 αὐτοῖσι
1899 1505 1959 1544 καὶ
1983 1506 2082 1559 ψυχή
2104 1507 2178 1545 ἔστι
2194 1506 2255 1545 καὶ
2276 1506 2416 1556 νόησις,
2434 1509 2481 1552 ὡς

1420 1564 1615 1605 δεδνίλωται
1646 1565 1681 1603 ἐν
1704 1565 1787 1617 τῇδε
1823 1567 1867 1618 τῇ
1894 1568 2081 1619 συγγραφῇ
2108 1564 2309 1619 ἐμφανέως,
2332 1564 2393 1605 καὶ
2419 1565 2480 1606 ἐὰν

1420 1628 1521 1664 τοῦτο
1538 1624 1766 1677 ἀπαλλαχθῇ,
1786 1623 2001 1671 ἀποθνήσκει
2021 1623 2082 1663 καὶ
2102 1626 2124 1671 ἠ
2141 1623 2259 1671 νόησις
2271 1623 2459 1665 ἐπιλείπει.

1476 1685 1487 1734 (
1510 1684 1740 1735 Simplicius
1774 1683 1993 1723 comment.
2026 1683 2069 1722 in
2109 1684 2232 1723 Arist.
2254 1683 2374 1736 Phys.
2407 1683 2476 1724 sol.

1422 1743 1470 1780 32
1491 1741 1517 1780 b
1537 1756 1546 1781 ε
1566 1741 1689 1794 ἐπάγει
1706 1741 1758 1780 ὅτι
1777 1742 1838 1781 καὶ
1858 1744 1876 1782 ὁ
1896 1742 2076 1796 ἄνθρωπος
2096 1742 2157 1782 καὶ
2175 1741 2221 1782 τὰ
2238 1741 2330 1782 ἄλλα
2351 1743 2424 1798 ζῷα
2440 1744 2482 1783 ἐκ

1420 1802 1482 1847 τῆς
1501 1801 1613 1854 ἀρχῆς
1633 1799 1775 1849 ταύτης,
1795 1800 1871 1850 ἥτις
1892 1801 1986 1841 ἐστὶν
2004 1804 2022 1841 ὁ
2040 1802 2125 1855 ἀήρ,
2147 1801 2208 1842 καὶ
2225 1804 2266 1855 ζῇ
2285 1801 2346 1841 καὶ
2360 1802 2479 1857 ψυχὴν

1419 1858 1494 1911 ἔχει
1510 1859 1570 1899 καὶ
1582 1858 1719 1910 νόησιν,
1737 1860 1849 1913 λέγων
1864 1860 1984 1906 οὕτως·
2004 1860 2104 1900 ἔτιδὲ
2121 1860 2207 1915 πρὸς
2225 1860 2377 1900 τούτοισι
2397 1863 2478 1903 κτλ.

1419 1918 1611 1957 Caeterum
1637 1922 1741 1957 τοῦτο
1771 1919 1940 1958 refertur
1972 1920 2020 1958 ad
2038 1919 2138 1973 ἀέρος
2170 1933 2327 1968 nomen,
2371 1919 2477 1972 quod

1419 1977 1632 2028 quominus
1660 1978 1726 2015 fiat
1743 1978 1897 2027 generis
1923 1978 2133 2018 diversitas
2158 1992 2238 2017 non
2258 1978 2400 2018 obstat.
2420 1978 2481 2016 Si-

1419 2036 1564 2075 militer
1595 2035 1706 2075 Plato
1739 2036 1859 2077 Lach.
1882 2052 1922 2089 p.
1952 2038 2024 2076 185
2056 2037 2086 2076 E
2108 2052 2116 2076 :
2140 2037 2173 2077 εἴ
2200 2053 2249 2082 τις
2272 2036 2344 2089 ἄρα
2373 2039 2476 2087 ἡμῶν

1417 2095 1574 2148 τεχνικὸς
1593 2095 1673 2148 περὶ
1689 2097 1805 2149 ψυχῆς
1820 2096 2026 2150 θεραπείαν,
2043 2097 2104 2136 καὶ
2125 2091 2194 2142 οἶός
2212 2112 2249 2135 τε
2263 2097 2382 2142 καλῶς
2392 2099 2481 2136 τοῦ·

1417 2168 1457 2192 το
1472 2154 1516 2206 [ἰ.
1537 2167 1571 2193 e.
1587 2153 1650 2202 τὴν
1669 2153 1804 2208 ψυχὴν]
1824 2157 2070 2208 θεραπεῦσαι.)

1470 2226 1501 2253 6.
1530 2212 1602 2252 Καί
1624 2227 1682 2263 μοι
1703 2213 1814 2252 δοκέει
1842 2214 1883 2252 τὸ
1913 2213 1975 2261 τὴν
1997 2213 2117 2263 νόησιν
2143 2213 2226 2267 ἔχον
2248 2207 2338 2253 εἶναι
2356 2215 2375 2252 ὃ
2408 2214 2479 2268 ἀὴρ

1417 2273 1627 2323 καλεόμενος
1652 2272 1718 2311 ὑπὸ
1737 2274 1807 2311 τῶν
1826 2272 2019 2325 ἀνθρώπων
2037 2273 2097 2312 καὶ
2119 2274 2188 2313 ὑπὸ
2211 2272 2335 2312 τούτου
2360 2272 2478 2312 πάντα

1418 2331 1477 2370 καὶ
1491 2331 1729 2385 κυὸερνᾶσθαι
1763 2331 1824 2370 καὶ
1854 2333 1996 2371 πάντων
2019 2331 2198 2386 κρατέειν·
2229 2332 2299 2371 ἀπὸ
2326 2332 2396 2385 γάρ
2417 2347 2480 2384 μοι

1417 2389 1539 2429 τούτου
1553 2390 1665 2430 δοκέει
1679 2390 1753 2434 νόος
1770 2384 1857 2430 εἶναι
1876 2392 1936 2430 καὶ
1957 2391 2015 2429 ἐπὶ
2032 2398 2102 2431 πᾶν
2121 2394 2268 2445 ἀφῖχθαι
2284 2392 2346 2431 καὶ
2360 2391 2478 2430 πάντα

1417 2449 1606 2489 διατιθέναι
1626 2449 1686 2488 καὶ
1702 2451 1737 2487 ἐν
1760 2450 1865 2489 παντὶ
1884 2451 2024 2491 ἐνεῖναι.
2049 2450 2124 2491 Καὶ
2141 2452 2206 2490 οὐκ
2221 2450 2404 2490 ἔστινούδὲ
2422 2450 2478 2502 ἕν,

1420 2589 1490 2614 esse
1505 2583 1538 2612 et
1561 2582 1675 2622 potens
1691 2584 1790 2623 alque
1806 2582 1965 2614 aeternum
1982 2584 2014 2614 et
2030 2581 2214 2615 immortale
2232 2582 2481 2623 multarumque

1421 2648 1528 2672 rerum
1548 2639 1665 2672 sciens.

1463 2700 1495 2731 4.
1519 2700 1601 2731 Nam
1623 2698 1821 2740 principium
1843 2698 1925 2732 illud
1947 2699 2016 2732 sine
2037 2698 2247 2740 intelligentia
2265 2698 2310 2732 ita
2331 2697 2481 2732 distribui

1420 2765 1483 2789 non
1496 2758 1622 2798 posset,
1638 2758 1673 2790 ut
1689 2757 1834 2790 omnium
1852 2767 1961 2790 rerum
1981 2757 2116 2790 modum
2139 2757 2332 2800 contineret,
2354 2757 2482 2790 aestatis

1420 2817 1454 2848 et
1469 2815 1585 2849 hiemis
1597 2840 1607 2857 ,
1624 2817 1726 2849 noctis
1738 2818 1771 2850 et
1784 2817 1848 2850 diei
1861 2841 1870 2857 ,
1885 2817 2106 2858 imbriumque
2125 2818 2159 2850 et
2171 2820 2342 2850 ventorum
2357 2817 2391 2849 et
2405 2816 2476 2849 coeli

1421 2875 1536 2907 sereni.
1551 2876 1598 2907 Ac
1615 2876 1731 2907 caetera
1751 2884 1883 2917 quoque
1904 2876 1931 2908 si
1950 2876 2024 2917 quis
2050 2877 2199 2916 reputare
2217 2874 2317 2916 velit,
2335 2875 2476 2917 reperiat

1421 2942 1520 2975 quam
1538 2933 1752 2975 pulcherrime
1772 2934 1960 2967 constituta.

1463 2997 1494 3025 5.
1511 2994 1668 3026 Praeterea
1684 2993 1754 3025 haec
1768 3002 1897 3034 quoque
1913 2993 2004 3025 firma
2015 2993 2099 3025 illius
2112 2993 2158 3025 rei
2171 2993 2362 3034 argumenta
2378 2993 2480 3025 sunt:

1422 3051 1568 3084 homines
1589 3051 1675 3085 enirn
1691 3053 1725 3085 et
1740 3051 1863 3094 reliqua
1888 3052 2037 3084 animalia
2056 3052 2206 3094 spiritum
2227 3051 2378 3085 ducentia
2397 3052 2483 3085 aeris

1421 3110 1575 3144 beneficio
1588 3110 1718 3153 vivunt,
1735 3113 1791 3152 qui
1809 3111 1887 3152 ipsis
1899 3111 1995 3144 etiam
2014 3120 2072 3153 pro
2087 3111 2194 3143 anima
2218 3112 2252 3144 et
2270 3111 2479 3152 intelligentia

1421 3170 1485 3209 est,
1511 3172 1547 3201 ut
1568 3168 1602 3201 in
1624 3168 1686 3201 hoe
1708 3168 1790 3201 libro
1814 3168 1955 3202 dilucide
1978 3170 2027 3201 est
2054 3168 2264 3210 explicatum.
2288 3168 2353 3208 Qui
2371 3177 2490 3210 quum-

1421 3229 1576 3271 excessit,
1598 3230 1780 3262 moriuntur
1793 3231 1826 3262 et
1842 3229 2049 3270 intelligentia
2065 3229 2185 3262 deficit.

1464 3294 1495 3322 6.
1513 3292 1559 3322 Ac
1576 3289 1654 3321 milii
1669 3289 1883 3324 videturillud
1900 3289 1987 3331 quod
2001 3289 2243 3330 intelligentiam
2253 3289 2395 3322 contioet
2407 3297 2482 3322 esse

1421 3357 1476 3381 aer
1493 3350 1550 3390 qui
1562 3349 1603 3382 ab
1617 3349 1801 3382 hominibus
1820 3352 1954 3382 vocatur
1973 3351 2006 3382 et
2021 3349 2064 3381 ab
2081 3349 2142 3381 hoc
2157 3349 2267 3381 omnia
2283 3348 2476 3390 gubernari,

1422 3406 1514 3449 isque
1529 3410 1647 3441 cuncta
1667 3416 1776 3449 regere
1796 3417 1804 3440 ε
1827 3407 1867 3440 ab
1886 3407 1948 3440 hoe
1967 3408 2052 3440 enim
2077 3407 2155 3440 mihi
2176 3407 2305 3440 videtur
2324 3408 2395 3440 orta
2408 3415 2482 3439 esse

1420 3474 1514 3499 ⁴mens
1533 3468 1630 3509 atque
1650 3467 1689 3500 ad
1720 3466 1828 3499 omnia
1859 3469 2041 3508 penetrasse
2055 3468 2087 3500 et
2107 3468 2257 3501 universa
2279 3466 2479 3500 constituere
