2612 3814
1054 219 1463 261 slMlLlTUDiNES.

185 325 233 352 31.
265 310 366 350 ‘¹06oe
394 309 490 358 πάθη
509 311 646 361 ψυχῆς,
672 311 831 351 τοσοῦτοι
853 308 912 346 καὶ
935 307 1025 356 ὠμοὶ
1055 307 1235 346 δεσπόται.

321 369 469 424 (Posui
490 370 550 407 καὶ
570 367 664 419 ὠμοὶΙ
683 381 757 419 pro
790 367 968 406 codicum
989 367 1185 419 scriptura
1207 368 1238 405 οἱ

268 429 358 479 ὠμοὶ
375 428 531 479 adjutus
556 427 768 478 Porphyrii
790 427 1021 465 auctoritate
1042 425 1168 478 Epist.
1192 425 1239 463 ad

266 489 386 527 Marc.
405 501 491 538 cap.
509 487 556 531 34
575 486 678 524 idem
698 486 846 524 dictum
864 485 1103 537 usurpantis.
1120 486 1130 536 )
1230 481 1235 487 ⁴

270 546 397 590 Οὐδεὶς
416 544 593 599 ἐλεύθερος
614 547 740 585 ἑαυτοῦ
761 546 811 596 μὴ
832 547 987 597 κρατῶν.

325 603 336 659 (
351 603 411 642 Ita
426 604 668 656 Pythagoras
682 604 785 656 apud
802 604 908 642 Stob.
929 603 1034 643 Flor.
1050 603 1117 651 vl,
1147 607 1211 642 51.
1227 603 1240 652 )

275 662 413 706 Παντὸς
432 664 541 702 καλοῦ
563 663 743 713 κτήματος
762 662 863 707 πόνος
879 667 1087 716 προηγεῖται
1119 664 1137 700 ὃ
1162 660 1241 699 κατ’

268 721 489 775 ἐγκράτειαν.

327 783 338 832 (
362 780 502 818 Eadem
518 789 576 819 est
595 779 832 832 Pythagorae
846 781 1036 819 sententia
1050 793 1110 831 ap.
1131 778 1242 818 Stob.

271 840 376 879 Flor.
397 839 518 886 XVII,
542 841 565 878 8
579 854 590 888 ;
606 840 710 879 conf.
731 839 921 891 Porphyr.
940 839 1062 891 Epist.
1080 838 1128 876 ad
1143 838 1246 875 Mar-

206 927 209 933 i
270 900 355 939 cell.
378 912 460 950 cap.
483 899 544 948 7.)

191 973 239 1000 35.
273 958 430 999 Πέπεισο
451 957 501 1008 μὴ
521 950 609 996 εἶναι
627 956 687 996 σὸν
709 960 831 1008 κτῆμα
845 987 856 1007 ‚
878 956 963 1007 ὅπερ
984 955 1035 1008 μὴ
1056 955 1150 1000 ἐντὸς
1170 956 1248 994 δια-

271 1017 365 1062 νοίας
384 1016 491 1069 ἔχεις.

333 1076 466 1131 (Idem
484 1076 643 1114 effatum
665 1075 737 1114 sub
758 1076 990 1127 Pythagorae
1010 1074 1170 1113 nomine
1191 1073 1250 1111 af-

275 1137 347 1175 fert
369 1136 545 1174 Stobaeus
564 1134 720 1182 Flor.1‚
745 1136 832 1184 23.)

275 1194 377 1235 Ποίει
393 1193 554 1246 ἃκρίνεις
570 1187 776 1240 εἶναικαλά,
796 1191 862 1232 κᾶν
881 1195 990 1231 ποιῶν
1012 1191 1142 1243 μέλλῃς
1163 1191 1252 1230 ἀδο-

275 1252 390 1302 ξήσειν
400 1268 408 1277 ·
420 1254 550 1307 φαῦλος
566 1251 634 1306 γὰρ
649 1252 768 1305 κριτὴς
785 1254 894 1291 καλοῦ
908 1251 1117 1304 πράγματος
1129 1249 1249 1302 ὄχλος.

331 1312 408 1363 (Sic
431 1311 665 1364 Pythagoras
684 1324 745 1362 ap.
769 1310 878 1349 Stob.
896 1310 1000 1350 Flor.
1024 1309 1161 1357 XLVI,
1186 1315 1250 1356 42,

281 1371 351 1410 ubi
372 1371 549 1423 quaedam
567 1370 823 1422 adjiciuntur.
843 1371 854 1423 )

238 1463 246 1472 .
279 1433 415 1483 Πεῖραν
438 1429 622 1483 ἀνθρώπου
651 1430 691 1468 ἐκ
710 1431 779 1467 τῶν
801 1428 912 1482 ἔργων
935 1430 1070 1480 μᾶλλον
1090 1428 1253 1479 λάμὸανε

278 1490 301 1538 ἢ
324 1492 364 1530 ἐκ
383 1493 452 1529 τῶν
475 1489 610 1542 λόγων·
627 1489 753 1529 πολλοὶ
776 1489 843 1543 γὰρ
863 1489 929 1543 βίῳ
951 1489 1014 1541 μέν
1037 1490 1104 1528 εἶσι
1130 1488 1255 1536 κακοί,

279 1549 397 1602 λέγειν
419 1549 455 1587 δὲ
470 1547 722 1588 πιθανώτατοι.

281 1612 422 1661 Πρᾶττε
443 1608 488 1647 τὰ
509 1607 648 1660 μεγάλα
671 1607 721 1659 μὴ
739 1606 1014 1660 ὑπισχνούμενος
1034 1607 1185 1659 μεγάλα.

287 1667 514 1714 Ῥιζωθέντες
543 1669 583 1706 ἐκ
605 1670 682 1706 θεοῦ
705 1666 766 1705 καὶ
793 1666 935 1720 φυέντες
951 1669 1013 1714 τῆς
1029 1669 1144 1705 αὑτῶν
1163 1666 1258 1720 ῥίζης

283 1727 449 1781 ἐχώμεθα
463 1743 473 1752 ·
491 1727 551 1768 καὶ
570 1727 637 1780 γὰρ
655 1726 783 1772 ὕδατος
804 1727 978 1780 προχοαί,
1012 1726 1073 1766 καὶ
1091 1727 1137 1766 τὰ
1166 1727 1258 1766 ἄλλα

282 1786 472 1842 φυτὰτῆς
505 1790 571 1839 γῆς
603 1786 698 1842 ῥίζης
728 1786 953 1826 ἀποκοπέντα
991 1785 1171 1825 αὖαίνεται
1198 1786 1259 1825 καὶ

283 1847 449 1895 σήπεται.

284 1906 413 1959 Ῥώμη
441 1908 558 1961 ψυχῆς
581 1905 808 1960 σωφροσύνη·
831 1904 921 1952 αὕτη
942 1904 1011 1959 γὰρ
1031 1907 1147 1958 ψυχῆς
1170 1906 1261 1944 ἄπα-

286 1969 362 2009 θοῧς
378 1967 451 2018 φῶς
468 1967 543 2004 ἐστι
557 1977 566 1986 ·
591 1965 754 2004 τεθνάναι
776 1965 812 2003 δὲ
839 1965 962 2016 πολλῷ
979 1962 1193 2017 κρεῖττον,ἢ
1216 1964 1259 2003 δι’

286 2024 461 2079 ἀκρασίας
482 2023 648 2075 σώματος
671 2026 736 2072 τὴν
755 2024 874 2078 ψυχὴν
895 2025 1123 2077 ἀμαυρῶσαι.

341 2083 568 2137 (Posterior
600 2084 801 2123 sententiae
830 2096 947 2135 pars,
987 2081 1149 2120 τεθνάναι
1178 2084 1258 2122 κτλ.
1286 2133 1289 2135 Α

286 2151 411 2182 exstat
442 2143 559 2181 etiam
593 2142 667 2182 sub
699 2142 932 2194 Pythagorae
968 2143 1126 2180 nomine
1159 2141 1262 2194 apud
1285 2138 1292 2171 l

187 563 236 588 ³2.

191 678 241 704 33.

194 1210 242 1237 35.

198 1624 246 1651 ³7.

203 1683 254 1710 ³8.

203 1921 251 1948 ³9.

250 2291 303 2323 31.
329 2290 415 2328 Quot
434 2288 533 2322 animi
562 2288 722 2329 affectus,
739 2289 787 2321 tot
800 2287 879 2320 saevi
897 2287 1018 2320 domini
1033 2291 1121 2320 sunt.

251 2351 303 2382 32.
329 2351 430 2382 Nemo
451 2348 532 2395 liber
552 2348 607 2389 qui
629 2348 690 2381 sibi
709 2347 770 2390 ipsi
785 2357 848 2380 non
866 2347 1015 2388 imperat.

251 2409 303 2440 33.
328 2406 478 2448 cujusvis
492 2406 568 2439 boni
582 2406 787 2447 adeptionem
805 2405 997 2446 conjunctus
1010 2414 1084 2438 cum
1101 2405 1267 2439 continen-

211 2466 255 2499 tia
274 2466 366 2499 labor
387 2466 553 2507 praecedit.

253 2527 306 2559 34.
331 2526 528 2558 Persuasum
554 2517 690 2566 babeas,
708 2525 780 2558 tuas
799 2533 875 2566 opes
903 2533 970 2557 non
993 2533 1088 2565 esse,
1108 2532 1187 2566 quas
1203 2533 1268 2556 non

213 2583 394 2618 reconditas
413 2584 522 2617 animo
536 2593 657 2617 serves.

255 2648 307 2677 35.
332 2646 395 2677 Fac
411 2652 486 2686 quae
507 2644 642 2677 honesta
656 2642 801 2684 judicas,
828 2643 955 2676 etiamsi
975 2643 1095 2675 nullam
1115 2643 1174 2676 tibi
1191 2642 1270 2674 alla-

214 2705 286 2737 tura
312 2705 376 2737 sint
398 2704 532 2746 gloriam
557 2717 566 2737 ε
589 2704 708 2745 vulgus
736 2704 822 2737 enim
853 2703 959 2737 malus
990 2705 1078 2737 recte
1110 2703 1270 2736 sactorum

214 2763 350 2797 arbiter.

258 2826 310 2856 36,
337 2824 384 2855 Ex
407 2822 560 2864 operibus
586 2822 718 2864 potius,
750 2831 849 2864 qnam
877 2831 895 2855 e
915 2821 1118 2855 sermonibus
1137 2819 1274 2854 bominis

217 2881 394 2924 periculum
417 2881 467 2915 iac
492 2889 501 2911 z
529 2881 624 2914 multi
653 2881 740 2915 enim
772 2882 857 2914 male
884 2881 997 2913 vivunt
1016 2884 1049 2913 et
1083 2879 1205 2922 optime
1224 2879 1273 2913 lo-

217 2941 374 2982 quuntur.

260 3001 313 3033 37.
334 3001 400 3033 Fac
418 3008 556 3042 magna,
573 2999 653 3032 nibil
673 3000 779 3041 magni
799 2999 1000 3041 promittens,

266 3062 320 3093 38.
344 3059 490 3093 Radicali
505 3059 638 3101 natique
655 3069 693 3092 ex
705 3059 768 3091 deo
784 3059 881 3091 radici
899 3061 1016 3091 nostrae
1035 3057 1251 3090 inhaereamus
1266 3065 1274 3085 ε

221 3125 296 3149 nam
313 3120 345 3150 et
368 3126 462 3159 aquae
475 3118 672 3160 profluentes
686 3118 866 3159 caeteraque
881 3119 975 3150 terrae
993 3115 1136 3157 germina
1151 3117 1276 3148 succisa

222 3176 327 3210 radice
342 3177 506 3210 siccantur
522 3179 554 3211 et
568 3179 771 3220 putrescunt.

265 3237 317 3267 39.
341 3235 450 3268 Animi
467 3235 566 3269 robur
580 3237 795 3279 temperantia
813 3237 875 3269 cst.
898 3237 978 3269 Haec
991 3235 1077 3268 enim
1097 3234 1193 3267 animi
1206 3243 1276 3276 per-

224 3294 462 3328 turbationibus
484 3296 579 3328 vacui
599 3296 709 3329 lumen
724 3299 784 3329 est.
806 3297 848 3328 At
866 3295 970 3327 multo
994 3295 1095 3327 satius
1112 3296 1159 3328 est
1174 3295 1277 3335 mori,

224 3360 321 3393 quam
336 3353 479 3394 corporis
498 3353 727 3388 incontinentia
739 3354 884 3387 animum
903 3353 1067 3386 hebetare.

267 3413 320 3444 40.
346 3411 439 3445 Haud
467 3412 558 3446 facile
578 3411 710 3446 beatum
741 3412 862 3446 dixeris
891 3412 1075 3452 bominem,
1094 3411 1149 3453 qui
1167 3411 1280 3443 amicis

224 3470 276 3503 vel
295 3470 402 3504 liberis
419 3471 468 3504 vel
486 3471 550 3504 ulla
564 3480 599 3505 re
614 3471 703 3506 fluxa
713 3475 745 3506 et
760 3473 880 3506 caduca
900 3472 1014 3504 nititur
1036 3484 1043 3504 :
1063 3471 1181 3503 cuncta
1195 3470 1279 3503 enim

2275 233 2350 266 499

1305 321 1312 327 ·
1378 309 1693 350 stobaeum-Flor.
1714 310 1840 357 XVII,
1866 325 1928 359 273
1950 312 2002 351 cf.
2019 312 2214 364 Porphyr.
2232 314 2354 366 Epist.

1382 370 1428 407 ad
1445 370 1614 408 Marcell.
1636 384 1723 422 cap.
1749 371 1838 421 35.)

1302 443 1353 469 4ο.
1384 428 1538 481 εΡοιιδίως
1559 429 1608 480 μὴ
1640 428 1843 482 μακαρίσῃς
1871 429 2052 482 ἄνθρωπον
2074 432 2269 471 σαλεύοντα
2300 431 2359 469 ἐπὶ

1383 486 1529 541 φίλοιςῆ
1545 487 1688 536 τέκνοις,
1701 487 1724 534 ἤ
1741 504 1808 526 τινι
1825 491 1894 526 τῶν
1912 488 2086 541 ἐφήμερον
2102 489 2165 536 τὴν
2181 490 2359 542 σωτηρίαν

1385 547 1535 599 ἐχόντων
1550 563 1558 571 ·
1580 549 1758 600 ἐπισφαλῆ
1787 547 1857 600 γὰρ
1877 547 1994 585 πάντα
2014 547 2057 585 τὰ
2075 552 2220 586 τοιαῦτα
2236 579 2246 595 ,
2264 549 2304 587 τὸ
2325 549 2360 589 δὲ

1385 608 1439 656 ἐφ’
1472 607 1598 645 ἑαυτοῦ
1618 607 1778 659 ὀχεῖσθαι
1798 606 1859 645 καὶ
1879 610 1939 644 τοῦ
1969 609 2048 644 θεοῦ
2070 606 2174 654 μόνον
2202 608 2360 658 βέὸαιον.

1441 665 1524 718 (Cf.
1545 666 1740 710 Antonius
1751 665 1904 704 Melissa
1916 679 2000 716 cap.
2020 666 2093 711 148
2106 666 2186 719 περὶ
2201 667 2363 719 εὐτυχίας

1385 723 1447 761 καὶ
1468 722 1671 775 δυστυχίας.
1688 722 1699 775 )

1388 782 1502 834 Σοφὸς
1522 782 1703 834 ἄνθρωπος
1738 782 1800 821 καὶ
1821 781 1999 835 θεοφιλής,
2036 781 2072 826 ὃς
2102 781 2168 821 ὅσα
2203 785 2235 821 οἱ
2264 782 2364 821 ἄλλοι

1388 839 1558 887 μοχθοῦσι
1591 841 1651 875 τοῦ
1671 835 1835 887 σώματος
1854 835 1975 884 ἕνεκα,
1992 841 2150 875 τοσαῦτα
2173 836 2365 882 σπουδάζει

1390 895 1492 939 αὐτὸς
1512 894 1599 948 ὑπὲρ
1620 896 1736 947 ψυχῆς
1756 900 1890 934 πονεῖν.

1394 954 1566 1016 ξυγγενεῖ
1608 955 1668 993 καὶ
1711 954 1857 1007 ἄρχοντι
1891 954 1984 1002 πλὴν
2022 953 2220 1007 ἐλευθερίας
2248 953 2365 993 πάντα

1392 1017 1476 1052 εἷκε.

1447 1072 1526 1124 (lta
1544 1073 1786 1124 Pythagoras
1805 1086 1866 1124 ap.
1883 1072 1992 1111 Stob.
2013 1072 2118 1111 Flor.
2132 1071 2243 1122 Xlll,
2275 1086 2339 1111 αι.
2357 1071 2367 1123 )

1393 1132 1511 1172 Τέκνα
1533 1132 1687 1182 μάνθανε
1704 1132 1835 1171 τίκτειν
1856 1131 1950 1170 ἀΐδια
1965 1161 1976 1181 ,
1999 1133 2038 1170 οὗ
2066 1131 2110 1169 τὰ
2137 1130 2370 1183 γηροὸοσκή-

1392 1206 1500 1229 σον-τα
1514 1190 1553 1230 τὸ
1574 1193 1698 1242 σῶμα,
1720 1191 1765 1230 τὰ
1790 1193 1826 1229 δὲ
1845 1191 1909 1240 τὴν
1926 1191 2044 1245 ψυχὴν
2067 1191 2241 1245 θρέψοντα
2262 1191 2364 1245 ἀϊδίῳ

1393 1252 1518 1303 τροφῇ.

1390 1309 1588 1357 Φιλήδονον
1609 1309 1670 1349 καὶ
1686 1310 1935 1363 φιλοσώματον
1950 1310 2011 1349 καὶ
2031 1309 2294 1363 φιλοχρήματον
2311 1310 2371 1348 καὶ

1394 1369 1552 1423 φιλόθεον
1577 1369 1637 1407 τὸν
1661 1368 1764 1408 αὐτὸν
1796 1368 1969 1409 ἀδύνατον
1990 1362 2091 1408 εἶναι.
2110 1370 2155 1408 ‘O
2175 1368 2244 1422 γὰρ
2261 1368 2369 1421 φιλή-

1396 1431 1490 1472 δονος
1506 1428 1567 1468 καὶ
1590 1428 1859 1482 φιλοσώματος·
1876 1431 1894 1467 ὁ
1912 1428 1948 1467 δὲ
1967 1428 2216 1484 φιλοσώματος
2233 1427 2373 1471 πάντως

1396 1487 1458 1525 καὶ
1480 1486 1766 1540 φιλοχρήματος·
1780 1490 1798 1526 ὁ
1819 1485 1855 1525 δὲ
1874 1487 2138 1541 φιλοχρήματος
2156 1486 2191 1532 ἐξ
2218 1486 2373 1537 ἀνάγκης

1399 1546 1536 1590 ἄδικος·
1558 1548 1576 1584 ὁ
1599 1546 1635 1584 δὲ
1673 1546 1791 1591 ἄδικος
1811 1549 1860 1591 εἷς
1880 1546 1943 1597 μὲν
1975 1546 2050 1586 θεὸν
2086 1547 2242 1595 ἀνόσιος,
2272 1548 2319 1591 εἰς
2339 1546 2375 1585 δὲ

1398 1605 1598 1658 ἀνθρώπους
1618 1606 1960 1659 παράνομος-ὥστε,
1982 1606 2050 1645 κᾶν
2071 1606 2274 1657 ἑκατόμὸας
2292 1604 2374 1657 θύῃ,

1399 1665 1488 1705 πολὺ
1519 1666 1654 1717 μᾶλλον
1686 1665 1913 1720 ἀνοσιώτερός
1932 1668 2008 1706 ἐστι
2027 1698 2037 1715 ,
2066 1666 2127 1705 καὶ
2158 1664 2289 1712 ἇσεὸὴς
2314 1665 2376 1704 καὶ

1401 1725 1519 1773 ἄθεος,
1536 1725 1599 1764 καὶ
1613 1728 1655 1777 τῇ
1673 1725 1879 1778 προαιρέσει
1896 1727 2090 1779 ἱερόσυλος·
2113 1724 2239 1764 διὸκαὶ
2259 1725 2377 1764 πάντα

1402 1785 1588 1836 φιλήδονον
1611 1786 1658 1828 ὡς
1680 1783 1781 1823 ἄθεον
1806 1783 1866 1824 καὶ
1891 1783 2016 1835 μιαρὸν
2039 1782 2271 1836 ἐκτρέπεσθαι
2292 1782 2377 1835 χρή.

1458 1844 1532 1898 (Cf.
1561 1843 1762 1896 Porphyr.'
1780 1843 1902 1895 Epist.
1930 1843 1978 1881 ad
1998 1842 2172 1882 Marcell.
2192 1855 2276 1893 cap.
2302 1843 2376 1893 14.)

1321 1918 1370 1946 ⁴5.
1399 1906 1537 1956 Ψυχῆς
1561 1903 1671 1955 ἁγνῆς
1691 1902 1797 1942 τόπον
1825 1901 2031 1954 οἰκειότερον
2054 1902 2111 1940 ἐπὶ
2130 1904 2195 1952 γῆς
2219 1902 2281 1939 οὐκ
2302 1901 2377 1953 ἔχει

1405 1963 1494 2007 θεός.

1459 2021 1534 2074 (Cf.
1584 2021 1756 2061 Hierocl.

1409 2095 1467 2121 vs.
1495 2095 1530 2121 1.
1553 2079 1564 2133 )

1501 2140 1613 2183 Τέλος
1628 2142 1696 2178 τῶν
1717 2142 1775 2178 τοῦ
1799 2138 2005 2192 Δημοφίλου
2030 2140 2196 2190 γνωμῶν.

1309 797 1355 822 Η.

1308 969 1361 996 42.

1311 1146 1360 1172 43.

1313 1325 1360 1351 Μ,

1810 2028 2016 2059 comment.
2048 2020 2096 2058 ad
2131 2033 2248 2058 carm.
2293 2032 2376 2058 aur.

1333 2287 1402 2318 llaec
1419 2287 1541 2318 incerta
1565 2288 1652 2318 sunt.
1699 2287 1739 2318 At
1759 2294 1793 2318 se
1818 2286 1887 2326 ipso
1914 2284 2038 2325 deoque
2059 2284 2115 2316 niti
2130 2307 2139 2323 ‚
2161 2284 2193 2315 id
2210 2283 2313 2315 solum
2335 2283 2385 2315 fir-

1329 2355 1419 2378 mum
1440 2347 1473 2378 et
1493 2345 1606 2378 stabile
1628 2346 1687 2377 est.

1370 2407 1422 2437 41.
1446 2406 1480 2437 Is
1497 2404 1623 2445 sapiens
1645 2406 1677 2436 et
1703 2403 1764 2436 deo
1790 2406 1899 2445 gratus
1931 2403 2029 2434 bomo
2052 2405 2118 2442 est,
2149 2401 2203 2442 qui
2229 2403 2386 2443 quantum

1328 2463 1448 2497 laboris
1466 2463 1520 2495 alii
1550 2463 1694 2504 corporis
1713 2471 1812 2495 causa
1838 2462 2018 2501 sustinent,
2043 2464 2169 2493 tantum
2186 2460 2253 2502 ipse
2279 2460 2387 2492 animo

1330 2522 1515 2565 impendere
1534 2522 1673 2555 studeat.

1372 2584 1424 2615 42.
1452 2583 1599 2623 Cognato
1627 2585 1659 2614 et
1680 2581 1815 2622 principi
1833 2580 1939 2612 omnia
1953 2604 1962 2621 ‚
1984 2588 2047 2612 una
2066 2579 2212 2612 libertale
2234 2581 2365 2620 excepta
2378 2603 2386 2617 ‚

1331 2642 1482 2674 concede.

1373 2702 1425 2733 43.
1451 2700 1584 2733 Liberos
1609 2700 1748 2732 aeternos
1766 2699 1894 2740 gignere
1916 2698 2038 2738 discas,
2059 2707 2125 2730 non
2142 2696 2199 2739 qui
2223 2707 2339 2739 corpus
2355 2697 2387 2729 in

1332 2760 1497 2792 senectute
1521 2759 1628 2798 alant,
1643 2757 1699 2790 scd
1719 2758 1774 2799 qui
1792 2758 1936 2790 animum
1960 2757 2033 2790 cibo
2051 2759 2207 2799 perpetuo
2229 2757 2387 2789 nutriant.

1379 2821 1432 2851 44.
1455 2818 1537 2851 Fieri
1564 2818 1697 2859 nequit,
1715 2819 1752 2850 ut
1779 2817 1864 2850 idem
1885 2819 1918 2850 et
1937 2817 2138 2858 voluptatem
2155 2817 2189 2849 et
2211 2825 2329 2858 corpus
2357 2819 2389 2847 et

1337 2878 1506 2920 pecuniam
1526 2881 1559 2910 et
1596 2877 1694 2910 deum
1727 2879 1826 2910 amet.
1850 2879 1932 2910 Nam
1953 2877 2053 2909 homo
2073 2875 2274 2917 voluptarius
2295 2875 2390 2907 simul

1337 2935 1464 2976 corpori
1480 2934 1590 2967 studet
1605 2943 1612 2963 :
1629 2938 1661 2967 at
1679 2935 1824 2976 corporis
1842 2936 1966 2967 amator
1984 2935 2115 2966 omnino
2133 2934 2228 2966 etiam
2247 2933 2391 2974 pecuniae

1336 2994 1473 3035 cupidus
1500 2997 1547 3026 est
1567 3007 1575 3027 :
1594 2994 1682 3035 atqui
1706 3002 1824 3026 avarus
1846 2993 2026 3026 necessario
2043 2993 2184 3032 injustus
2201 2993 2251 3024 est
2275 3001 2283 3020 ε
2309 2990 2390 3030 iuju-

1337 3055 1407 3086 stus
1422 3055 1531 3086 autem
1546 3053 1577 3086 in
1588 3053 1684 3085 dcun}
1701 3052 1819 3094 impius
1832 3053 1908 3085 etin
1926 3052 2072 3084 homines
2086 3051 2213 3092 iniquus
2226 3053 2293 3091 est,
2311 3050 2392 3081 adeo

1338 3115 1393 3153 ut,
1415 3111 1540 3145 etiamsi
1556 3111 1765 3144 hecatombas
1782 3111 1947 3150 immolet,
1965 3111 2069 3142 multo
2096 3109 2197 3150 magis
2217 3109 2334 3150 impius
2349 3108 2392 3140 sit

1339 3173 1372 3203 et
1393 3170 1589 3212 irreligiosus
1609 3172 1642 3202 et
1657 3169 1711 3202 dei
1734 3171 1916 3202 contemtor
1935 3170 1968 3201 et
1986 3169 2090 3199 mente
2103 3167 2283 3207 sacrilegus.
2302 3167 2389 3203 Qua-

1340 3233 1470 3272 propter
1486 3239 1615 3263 omnem
1633 3230 1797 3263 bominem
1815 3227 2034 3270 voluptarium
2062 3227 2097 3259 ut
2118 3226 2254 3267 impium
2273 3225 2305 3257 et
2332 3223 2391 3255 im-

1340 3299 1458 3331 purum
1476 3289 1616 3322 aversari
1633 3290 1771 3330 oportet.

1381 3350 1434 3381 45.
1458 3350 1531 3382 Non
1564 3348 1661 3381 babet
1692 3347 1771 3381 deus
1801 3347 1834 3380 in
1863 3346 1957 3380 terris
1990 3346 2097 3378 locum
2125 3353 2204 3385 puro
2240 3343 2392 3381 castoque

1340 3407 1450 3440 animo
1470 3406 1533 3441 sibi
1553 3407 1724 3448 aptiorem.
2084 3392 2087 3396 ⁶

1595 3469 1681 3502 Finis
1698 3468 1931 3502 sententiarum
1947 3464 2140 3506 Demopliili.

2239 3521 2285 3548 ³2.
