2612 3814
503 491 1003 570 PRAEFATIO
1052 494 1173 569 DE
1231 486 1772 571 PARMENIDE
1789 548 1810 569 .

122 815 366 854 Parmenides
385 813 435 868 (i)
452 846 462 865 ,
484 817 658 853 Eleaticae
678 817 815 854 scholae
836 818 1033 867 princeps,
1057 830 1128 854 na-

68 877 200 914 talium
220 876 426 926 splendore
444 884 482 914 et
499 877 638 926 opibus
653 877 863 928 apudsuos
883 879 1125 927 praecellens,

67 936 230 985 patriam
242 936 380 972 habuit
392 936 533 982 Eleam,
546 943 694 986 patrem
707 937 945 986 Pyrrhetem.
962 937 1127 985 Quando

67 1003 195 1032 autem
221 996 380 1042 vixerit,
400 1008 422 1032 a
446 997 599 1032 nemine
630 1003 803 1033 veterum
832 1003 1008 1033 accurate
1036 1009 1128 1046 per-

67 1056 252 1104 scriptum
273 1062 340 1094 est.
361 1056 516 1092 Exstant
531 1056 601 1092 hac
618 1056 665 1093 de
681 1068 723 1093 re
744 1055 910 1093 duorum
924 1063 1126 1093 auctorum

67 1116 286 1152 testimonia
306 1115 519 1152 admodum
541 1113 685 1158 diversa
702 1143 714 1162 ,
736 1116 905 1153 Platonis
924 1123 962 1153 et
982 1117 1125 1167 Dioge-

65 1173 124 1209 nis
140 1173 295 1212 Laertii.
315 1174 488 1222 Quorum
509 1175 606 1210 alter
619 1181 726 1211 aetate
745 1175 800 1210 illi
816 1175 1016 1224 proximus
1029 1175 1122 1226 fuit,

67 1234 162 1270 alter
192 1241 411 1282 temporum
446 1233 604 1282 quidem
646 1235 851 1271 intervallo
893 1234 1125 1283 disjunctus,

65 1293 132 1330 sed
153 1294 317 1343 repetita
334 1294 582 1342 antiquorum
596 1284 925 1344 chronologorum
941 1298 1127 1333 sententia

65 1352 221 1388 minime
252 1353 570 1390 contemnendus.
603 1354 711 1390 Plato
749 1351 801 1405 (α)
835 1355 946 1391 initio
984 1355 1124 1406 dialogi

65 1412 301 1449 Parmenidis
319 1412 477 1449 nomine
497 1413 670 1462 inscripti
694 1414 888 1450 memoriae
910 1415 1045 1463 prodit
1061 1429 1124 1453 ve-

64 1473 162 1509 nisse
177 1472 373 1521 quondam
386 1473 555 1510 Athenas
568 1473 618 1510 ad
631 1473 763 1511 festam
779 1475 1124 1514 Panathenaeorum

64 1531 324 1568 celebritatem
337 1532 599 1569 Parmenidem
610 1534 805 1582 sexaginta
815 1533 894 1571 fere
907 1541 944 1571 et
954 1536 1125 1585 quinque

63 1603 255 1629 annorum
291 1605 419 1629 senem
449 1605 529 1630 una
561 1606 648 1630 cum
677 1594 832 1632 Zenone
871 1595 1126 1646 quadraginta

64 1652 218 1688 circiter
233 1664 354 1689 annos
373 1659 464 1689 nato
477 1681 488 1702 ,
509 1665 625 1702 quem
651 1653 733 1701 ejus
754 1653 908 1691 delicias
936 1654 1049 1693 fuisse
1067 1656 1124 1693 di-

64 1711 215 1748 cebant.
236 1713 387 1748 Horum
404 1713 571 1748 sermoni
592 1711 640 1749 de
660 1713 775 1749 rebus
802 1712 1036 1752 difficillimis
1054 1716 1122 1752 ha·

35 1791 38 1794 -
63 1769 147 1806 bito
168 1769 366 1809 Socratem
393 1771 794 1820 peradolescentulum
810 1780 892 1809 tum
911 1774 1124 1814 interfuisse

63 1829 193 1866 refert.
227 1831 403 1878 Quocum
436 1831 647 1868 concinunt
678 1831 757 1868 duo
788 1833 853 1869 alii
877 1834 953 1871 loci
984 1837 1124 1884 quibus

63 1888 239 1925 Socrates
268 1901 307 1926 se
339 1901 505 1938 puerum
537 1902 623 1927 cum
646 1889 873 1928 Parmenide
901 1899 1008 1929 aetate
1028 1907 1125 1943 pro-

52 1955 172 1990 ⁴vecto
187 1948 424 1986 collocutum
439 1960 515 1986 esse
530 1957 676 1986 narrat.
693 1951 778 1988 Jam
792 1963 909 2000 quum
925 1951 1123 1992 Socratem

62 2006 322 2057 Apollodorus
355 2007 408 2059 (3)
437 2009 477 2044 in
497 2009 699 2047 Chronicis
728 2018 865 2059 quarto
887 2013 1123 2064 Olympiadis

60 2067 345 2116 septuagesimae
377 2068 546 2116 septimae
580 2081 682 2105 anno
711 2077 826 2119 partu
863 2071 1009 2109 editum
1045 2087 1123 2112 esse

63 2125 235 2168 testetur,
258 2121 289 2157 si
313 2133 400 2157 eum
424 2134 503 2170 quo
522 2129 693 2172 tempore
712 2123 858 2160 factum
876 2132 932 2162 est
946 2126 1022 2164 hoc
1043 2130 1123 2165 col-

61 2178 239 2228 loquium
259 2180 481 2229 quindecim
502 2194 693 2219 annorum
707 2182 989 2222 adolescentem
1008 2186 1123 2226 fuisse

59 2250 266 2286 ponamus,
288 2240 529 2278 Parmenides
549 2242 614 2290 qui
633 2249 713 2278 tum
730 2245 978 2294 sexagenario
999 2247 1123 2296 major

60 2304 162 2344 erat,
189 2294 419 2348 Olympiade
446 2300 495 2344 64
515 2301 594 2338 fere
613 2302 650 2337 in
673 2302 797 2339 lucem
817 2313 1015 2355 susceptus
1042 2316 1120 2358 est,

59 2351 165 2390 Zeno
186 2359 313 2390 autem
343 2355 480 2404 viginti
512 2355 673 2404 amplius
701 2357 810 2393 annis
837 2358 904 2396 illo
930 2363 1123 2409 posterior

59 2410 286 2461 Olympiade
303 2412 354 2461 69
373 2414 431 2450 vel
451 2426 499 2461 70
516 2415 557 2450 in
578 2415 678 2452 hanc
699 2416 815 2453 vitain
844 2419 1037 2468 profectus
1062 2423 1123 2457 vi-

59 2468 186 2506 detur.
207 2471 382 2508 Laertius
395 2470 446 2522 (4)
465 2485 558 2509 vero
576 2471 844 2511 Parmenidem
868 2477 968 2513 circa
984 2478 1121 2528 Olym—

1189 817 1343 867 piadem
1370 817 1420 868 69
1451 817 1625 856 floruisse
1653 821 1726 870 ait·,
1762 821 1871 870 quod
1906 823 2151 860 mirabuntur
2185 828 2251 875 qui

1189 878 1387 914 Platonem
1404 891 1498 916 vera
1517 879 1715 916 tradidisse
1733 880 1807 917 sibi
1825 882 2094 930 persuaserint.
2117 884 2252 934 Neque

1189 937 1292 972 enim
1326 938 1531 987 probabile
1562 946 1617 976 est
1649 940 1917 978 Parmenidem
1946 940 2025 990 jam
2057 943 2251 993 ephebum

1189 996 1308 1032 aetatis
1343 997 1604 1034 maturitatem
1641 998 1824 1048 adeptum
1857 1000 1898 1036 in
1936 1001 2069 1051 gloriae
2100 1002 2251 1053 fastigio

1187 1054 1343 1091 stetisse.
1367 1054 1425 1094 Ac
1445 1056 1600 1094 fuerunt
1619 1058 1776 1107 quidem
1798 1059 1903 1108 apud
1923 1068 2070 1099 veteres
2087 1062 2155 1111 qui
2173 1063 2251 1100 Pla·

1189 1114 1288 1150 tonis
1307 1115 1346 1150 in
1363 1115 1433 1152 ista
1451 1129 1493 1153 re
1509 1115 1626 1154 fidem
1642 1117 1875 1156 labefactare
1892 1127 2138 1160 conarentur.
2154 1122 2251 1159 Nam

1188 1173 1390 1211 Athenaeus
1419 1174 1468 1227 (5)
1500 1183 1537 1213 et
1567 1178 1789 1215 Macrobius
1811 1179 2076 1217 Parmenidem
2096 1182 2252 1220 Socrate

1188 1233 1448 1281 antiquiorem
1465 1235 1579 1273 fuisse
1591 1237 1890 1288 contenderunt,
1902 1240 1954 1276 ita
1973 1247 2016 1277 ut
2030 1240 2143 1289 hujus
2159 1254 2253 1291 pue-

1186 1294 1273 1330 ritia
1299 1295 1363 1330 vix
1383 1294 1486 1332 illius
1504 1303 1738 1333 senectutem
1759 1298 1977 1347 attingeret,
1998 1311 2251 1350 quaecumque

1188 1352 1236 1389 de
1259 1355 1497 1403 temporibus
1517 1362 1555 1392 et
1578 1356 1754 1405 personis
1771 1368 1793 1393 a
1810 1357 1969 1395 Platone
1998 1358 2181 1396 dicuntur
2201 1361 2251 1398 ad

1187 1412 1304 1461 ipsius
1325 1415 1526 1451 consilium
1542 1416 1836 1453 accommodate
1858 1416 1951 1467 fingi
1979 1418 2249 1459 existimantes,

1188 1472 1263 1508 Sed
1285 1472 1482 1512 falluntur.
1505 1475 1693 1525 Congruit
1710 1476 1812 1512 enim
1835 1477 2000 1514 Zenonis
2019 1484 2105 1515 aetas
2123 1479 2163 1515 in
2182 1480 2250 1516 illo

1188 1531 1342 1582 dialogo
1375 1540 1508 1570 notata
1532 1534 1619 1571 cum
1649 1535 2035 1586 chronographorum
2061 1537 2113 1588 (6)
2145 1540 2251 1575 testi-

1186 1592 1324 1628 moniis
1339 1593 1406 1642 qui
1426 1592 1507 1641 ejus
1524 1592 1661 1631 florem
1676 1595 1716 1630 in
1730 1595 1996 1646 Olympiadem
2016 1610 2064 1647 79
2079 1597 2250 1635 incidere

1185 1652 1429 1701 scripserunt.
1453 1654 1599 1701 Quodsi
1618 1654 1664 1692 de
1680 1655 1838 1693 Zenone
1853 1658 1980 1694 omnia
1998 1670 2087 1696 vere
2105 1660 2250 1699 rettulit

1185 1711 1293 1747 Plato
1308 1739 1319 1759 ‚
1341 1724 1423 1748 non
1443 1720 1499 1750 est
1518 1713 1625 1762 quod
1639 1726 1725 1751 eum
1744 1715 1791 1752 de
1806 1716 2042 1754 Parmenidis
2055 1726 2249 1757 senectute

1184 1770 1407 1819 loquentem
1426 1780 1683 1811 transversum
1705 1787 1870 1825 unguem
1888 1788 1910 1813 a
1929 1789 2022 1814 vero
2044 1778 2250 1816 discessisse

1184 1838 1378 1878 putemus,

1238 1891 1396 1927 Missum
1433 1892 1552 1942 igitur
1581 1893 1764 1931 faciamus
1797 1894 2023 1945 Diogenem.
2062 1899 2149 1934 Non
2182 1913 2249 1936 au-

1186 1949 1348 1987 diendus
1373 1959 1560 2000 praeterea
1578 1954 1862 2004 Theophrastus
1896 1954 1944 2006 (7)
1974 1958 2042 2005 qui
2075 1959 2248 2009 Diogene

1186 2016 1278 2046 teste
1299 2011 1562 2049 Parmenidem
1578 2014 1854 2051 Anaximandri
1874 2015 2093 2053 auditorem
2113 2019 2247 2067 appel-

1183 2069 1290 2108 lavit.
1313 2070 1465 2108 Etenim
1482 2071 1773 2111 Anaximander
1793 2073 1844 2124 (8)
1861 2075 2032 2112 secundo
2052 2076 2248 2127 Olympia-

1186 2128 1242 2165 dis
1269 2130 1591 2182 quinquagesimae
1620 2140 1764 2170 octavae
1785 2146 1885 2171 anno
1905 2142 2081 2172 mortuus
2101 2136 2250 2185 aliquot

1185 2189 1291 2225 annis
1309 2197 1396 2226 ante
1416 2191 1612 2228 conditam
1633 2193 1762 2229 Eleam
1782 2205 1803 2229 e
1821 2193 1899 2230 vita
1919 2195 2087 2231 excessit.
2105 2196 2190 2243 Qua
2210 2198 2248 2233 in

1186 2248 1281 2284 urbe
1296 2261 1317 2285 a
1334 2247 1628 2287 Phocaeensibus
1645 2252 1872 2301 Olympiade
1888 2251 1910 2288 6
1921 2265 1933 2288 1
1954 2252 2111 2290 condita
2126 2266 2246 2303 quum

1183 2314 1294 2344 natus
1313 2315 1406 2345 esset
1426 2310 1691 2358 Parmenides,
1705 2311 2035 2348 Anaximandrum
2050 2325 2177 2363 neque
2195 2316 2248 2352 vi-

1185 2366 1277 2403 dere
1297 2379 1424 2416 neque
1446 2370 1586 2406 versari
1608 2382 1697 2407 cum
1713 2383 1757 2407 eo
1777 2372 1921 2420 potuit.

1240 2426 1392 2462 Falsum
1411 2427 1502 2463 item
1520 2428 1629 2476 quod
1644 2429 1749 2477 apud
1767 2429 1946 2466 eumdem
1957 2431 2171 2481 Diogenem
2195 2432 2246 2485 (9)

1184 2484 1339 2533 legitur,
1353 2485 1572 2523 auditorem
1586 2488 1822 2525 Parmenidis
1836 2490 2106 2528 Anaximenem
2120 2492 2248 2533 fuisse.

63 2565 2238 2598 Ἤ

100 2616 146 2656 (1)
158 2615 482 2657 Diogenes.Laertius
493 2618 549 2650 lib.
562 2621 618 2660 IX,
634 2623 670 2652 21
690 2631 698 2652 :
714 2621 907 2664 Ξενοφάνους
925 2624 957 2656 δὲ
971 2625 1119 2664 διήκουσε

59 2662 256 2704 Παρμενίδης
268 2663 431 2707 Πύῤῥητος
446 2663 604 2705 Ἐλεάτης.
624 2691 632 2700 .
653 2691 662 2701 .
678 2692 686 2700 .
702 2668 809 2709 γένους
825 2681 859 2703 τε
874 2671 1025 2714 ὑπάρχων
1041 2674 1118 2716 λαμ-

58 2713 138 2751 προῦ
160 2710 213 2743 καὶ
233 2711 392 2749 πλούσιος.
408 2712 461 2754 (Cf.
479 2713 594 2747 Suidas
610 2723 643 2747 v.
662 2716 867 2757 Παρμενίδης.
897 2719 1120 2753 'theodoretus

58 2755 196 2799 Ther-ap.
217 2758 319 2791 serm.
340 2761 397 2792 lv.
420 2761 578 2794 Eusebius
590 2764 694 2803 Praep.
715 2765 776 2796 Ev.
796 2767 885 2805 XIV,
902 2769 922 2800 3
936 2777 966 2809 p.
983 2770 1059 2810 720,
1080 2771 1117 2801 D.

58 2803 261 2845 Epiphanius
288 2805 365 2839 adv.
383 2808 508 2840 Haeres.
528 2809 590 2850 111,
618 2809 684 2842 vol.
711 2812 726 2843 I
743 2819 775 2852 p.
800 2813 891 2845 1087.
921 2814 1036 2846 Strabo
1062 2815 1117 2847 lib.

58 2853 117 2891 Vl,
131 2852 207 2886 init:
223 2855 265 2887 Οἱ
276 2854 309 2887 δὲ
326 2858 380 2888 νῦν
392 2854 502 2888 Ἐλέαν
517 2856 735 2901 ὀνομάζουσιν,
755 2860 786 2897 ἐξ
801 2859 838 2899 ἦς
854 2862 1049 2904 Παρμενίδης
1066 2865 1118 2896 καὶ

61 2899 168 2938 Ζήνων
189 2901 348 2942 ἐγένοντο,
366 2902 471 2946 ἄνδρες
486 2904 706 2946 Πυθαγόρειοι.

102 2945 149 2988 (2)
165 2947 256 2981 Plato
266 2950 453 2983 Parmenid.
466 2959 497 2991 p.
515 2954 584 2993 ¹27,
595 2955 620 2984 Α
631 2963 639 2984 z
649 2953 728 2992 Ἔφη
742 2954 774 2986 δὲ
782 2954 820 2993 δὴ
834 2955 851 2987 ὁ
866 2955 1012 2998 Ἀντιφῶν
1020 2959 1120 2999 λέγειν

59 2992 112 3025 τὸν
125 2993 313 3036 Πυθόδωρον
333 2997 380 3029 ὅτι
397 2996 556 3039 ἀφίκοιντό
573 3011 649 3032 ποτε
668 3001 710 3037 εἷς
724 3003 931 3042 Παναθήναια
947 3006 986 3037 τὰ
1001 3006 1121 3046 μεγάλα

60 3041 167 3079 Ζήνων
179 3054 213 3075 τε
225 3044 280 3076 καὶ
299 3045 506 3086 Παρμενίδης.
525 3048 588 3080 Τὸν
602 3048 657 3090 μὲν
672 3048 728 3081 οὖν
747 3051 946 3092 Παρμενίδην
975 3053 1009 3086 εὖ
1036 3054 1121 3095 μάλα

13 3089 17 3091 ’
59 3090 119 3131 ἤδη
140 3093 435 3138 πρεσὸὑτηνεῖναι,
452 3096 571 3139 σφόδρα
595 3098 716 3140 πολιόν,
733 3100 830 3132 καλὸν
856 3101 890 3133 δὲ
909 3102 1047 3141 κάγαθὸν
1065 3105 1121 3142 τήν

60 3136 144 3180 ὄψιν,
161 3141 230 3182 περὶ
247 3141 301 3181 ἐτη
320 3142 458 3184 μάλιστα
478 3144 570 3177 πέντε
586 3146 639 3178 καὶ
655 3147 817 3186 ἑξήκοντα·
835 3150 965 3188 Ζήνωνα
981 3151 1013 3183 δὲ
1031 3151 1121 3192 ἐγγὺς

60 3186 123 3218 τῶν
139 3188 366 3231 τετταράκοντα
380 3191 451 3224 τότε
471 3192 568 3234 εἶναι,
583 3194 706 3235 εὐμήκη
725 3196 758 3228 δὲ
783 3197 837 3229 καὶ
859 3197 1007 3239 χαρίεντα
1031 3199 1118 3230 ἰδεῖν·

60 3233 114 3265 καὶ
128 3234 272 3276 λέγεσθαι
291 3237 384 3270 αὐτὸν
398 3240 529 3272 παιδικὰ
545 3244 601 3273 τοῦ
617 3243 814 3285 Παρμενίδου
829 3246 1002 3286 γεγονέναι.
1022 3257 1119 3277 κατα·

6 3284 7 3287 ’
59 3278 142 3313 λύειν
154 3282 188 3314 δὲ
202 3283 314 3321 αὐτοὺς
329 3285 385 3327 ἔφη
400 3287 486 3328 παρὰ
501 3291 548 3329 τῷ
566 3290 745 3332 Πυθοδώρῳ
766 3291 854 3329 ἐκτὸς
869 3292 992 3333 τείχους
1010 3293 1040 3324 ἐν
1061 3294 1119 3325 Κε-

60 3332 209 3372 ραμεικῷ.
244 3331 276 3363 οἷ
304 3334 341 3371 δὴ
357 3335 411 3365 καὶ
436 3334 600 3374 ἀφικέσθαι
619 3337 673 3370 τόν
695 3349 730 3370 τε
757 3339 909 3382 Σωκράτη
935 3341 988 3372 καὶ
1010 3340 1120 3378 ἄλλους

60 3375 143 3413 τινὰς
161 3377 227 3419 μετ’
237 3379 334 3412 αὐτοῦ
347 3382 479 3419 πολλοὺς
495 3383 562 3415 κτλ.
578 3384 722 3425 Sophist.
738 3395 769 3427 p.
786 3390 860 3428 217,
875 3389 900 3419 C
917 3397 924 3418 :
940 3388 1119 3429 Παρμενίδῃ

61 3424 211 3467 χρωμένῳ
235 3427 289 3458 καὶ
321 3428 460 3465 διεξιόντι
485 3430 595 3472 λόγους
619 3434 801 3475 παγκάλους
822 3436 1036 3477 παρεγενόμην
1057 3436 1120 3476 ἐγὼ

60 3469 126 3507 νέος
135 3471 190 3511 ὢν,
201 3473 321 3506 ἐκείνου
332 3475 415 3516 μάλα
421 3477 458 3516 δὴ
471 3478 541 3511 τότε
556 3478 642 3518 ὄντος
656 3482 843 3523 πρεσὸύτου.
863 3483 987 3516 Tlieaet.
999 3493 1029 3524 p.
1048 3486 1118 3523 183,

61 3517 88 3549 Ε
102 3529 110 3550 :
126 3519 365 3564 Συμπροσέμιξα
380 3524 485 3566 γὰρδὴ
503 3529 549 3568 τῷ
566 3525 648 3567 ἀνδρὶ
664 3528 745 3560 πάνυ
759 3530 826 3567 νέος
842 3529 924 3562 πάνυ
946 3530 1115 3572 πρεσὸυτῃ.

1225 2630 1270 2672 (3)
1283 2633 1441 2673 Diogenes
1456 2634 1604 2666 Laertius
1622 2634 1677 2667 lib.
1695 2637 1739 2676 ΙΙ,
1758 2638 1797 2668 44
1818 2634 2006 2677 εἚγεννήθη
2023 2639 2055 2671 δὲ
2072 2639 2102 2682 [ὁ
2120 2642 2248 2683 Σωκρά-

1181 2677 1261 2719 της],
1278 2680 1360 2711 καθά
1374 2691 1468 2722 φησιν
1480 2680 1708 2723 Ἀπολλόδωρος
1723 2683 1753 2714 ἐν
1766 2686 1829 2720 τοῖς
1844 2685 2019 2726 Χρονικοῖς,
2035 2686 2084 2718 ἐπὶ
2100 2686 2247 2730 Ἀφεψίω-

1180 2736 1230 2762 νος
1241 2726 1272 2757 ἐν
1286 2730 1330 2767 τῷ
1340 2726 1477 2769 τετάρτῳ
1494 2727 1553 2760 ἔτει
1562 2731 1615 2768 τῆς
1627 2729 1861 2771 ἑὸδομηκοστῆς
1876 2731 2011 2774 ἑὸδόμης
2022 2731 2247 2777 Ὀλυμπιάδος,

1182 2774 1401 2814 Θαργηλιῶνος
1420 2775 1507 2816 ἕκτῃ.

1225 2821 1268 2863 (4)
1278 2822 1436 2862 Diogenes
1447 2823 1595 2856 Laertius
1607 2823 1663 2857 lib.
1676 2826 1728 2866 ΙΧ,
1742 2830 1779 2859 23
1797 2826 1951 2868 ;Ἤκμαζε
1969 2828 2002 2861 δὲ
2017 2828 2098 2861 κατὰ
2109 2830 2164 2868 τήν
2178 2830 2246 2863 ἐνάι

1179 2879 1235 2907 την
1252 2870 1304 2901 καὶ
1321 2871 1491 2911 ἑξηκοστὴν
1506 2869 1716 2913 Ὀλυμπιάδα.

1224 2916 1268 2958 (5)
1294 2917 1467 2951 Athenaeus
1480 2919 1535 2951 lib.
1549 2920 1607 2959 IX,
1633 2922 1669 2953 15
1688 2929 1716 2961 p.
1743 2924 1804 2953 505
1818 2923 1842 2953 F
1862 2932 1869 2953 :
1887 2922 2069 2964 Παρμενίδῃ
2083 2924 2135 2955 καὶ
2154 2924 2248 2956 ἐλθεῖν

1181 2963 1223 3000 εἰς
1240 2963 1350 3004 λόγους
1365 2965 1419 2997 τὸν
1434 2969 1491 2998 τοῦ
1510 2966 1677 3004 Πλάτωνος
1695 2969 1875 3011 Σωκράτην,
1900 2971 1986 3010 μόλις
2003 2972 2023 3009 ἡ
2045 2972 2151 3009 ἡλικία
2169 2983 2244 3013 συγ-

1182 3016 1296 3054 χωρεῖ,
1325 3013 1385 3055 οὒχ
1403 3015 1445 3051 ὡς
1464 3014 1518 3047 καὶ
1536 3015 1694 3053 τοιούτους
1715 3018 1812 3049 εἰπεῖν
1838 3019 1857 3057 ἢ
1883 3018 2019 3050 ἀκοῦσαι
2047 3020 2169 3061 λόγους.
2196 3022 2245 3053 Cs.

1183 3059 1362 3092 Macrobius
1381 3062 1511 3094 saturn.
1530 3062 1585 3095 lib.
1608 3065 1706 3104 lcap.
1732 3067 1758 3097 1.

1224 3105 1268 3148 (6)
1292 3106 1450 3147 Diogenes
1479 3109 1628 3141 Laertius
1659 3110 1706 3142 IX
1718 3134 1728 3151 ,
1761 3113 1801 3142 29
1824 3122 1832 3143 ι
1861 3111 2003 3153 Ἤκμαζε
2035 3113 2068 3145 δὲ
2092 3113 2183 3151 οὗτος
2217 3113 2247 3156 [ὁ

1181 3154 1302 3198 Ζήνων]
1322 3156 1404 3188 κατὰ
1426 3157 1482 3196 τὴν
1505 3157 1616 3196 ἐνάτην
1637 3158 1691 3190 καὶ
1715 3159 1951 3199 ἑὸδομηκοστὴν
1969 3160 2158 3201 ὀλυμπιάδα.

1224 3203 1267 3243 (7)
1290 3203 1447 3245 Diogenes
1460 3205 1607 3237 Laertius
1622 3205 1676 3237 lib.
1690 3207 1747 3246 IX,
1764 3211 1799 3238 21
1818 3219 1826 3239 ε
1842 3207 2036 3247 Ξενοφάνους
2050 3209 2082 3239 δὲ
2096 3209 2245 3246 διήκουσε

1184 3250 1386 3292 Παρμενίδης.
1403 3275 1411 3284 .
1429 3275 1439 3285 ,
1456 3275 1465 3284 .
1484 3255 1595 3285 τοῦτον
1613 3253 1810 3295 Θεόφραστος
1827 3254 1858 3286 ἐν
1871 3258 1909 3296 τῇ
1925 3255 2058 3297 ἐπιτομῇ
2071 3254 2244 3297 Ἀναξιμάν-

1181 3306 1615 3382 Ορῖζ)φῗ)οἑῗςῖῐῖἕζῗὲὶιέιῐίυε
1628 3341 1672 3373 lib
1699 3343 1739 3382 11,
1761 3346 1777 3374 2
1795 3354 1803 3374 :
1822 3366 1830 3374 .
1847 3368 1853 3374 .
1870 3366 1876 3374 .
1893 3342 2123 3385 Ἀπολλόδωρος
2136 3345 2152 3374 ὁ
2163 3342 2244 3380 Ἀθη-

1179 3390 1276 3427 ναῖος,
1293 3387 1325 3424 ὅς
1338 3399 1431 3429 φησιν
1448 3389 1542 3421 αὐτὸν
1559 3387 1624 3430 [τὸν
1641 3388 1887 3432 Ἀναξίμανδρον]
1904 3391 1934 3421 ἐν
1946 3394 2010 3426 τοῖς
2024 3393 2185 3431 Χρονικοῖς
2199 3394 2242 3431 τῷ

1180 3435 1311 3477 δευτέρῳ
1329 3436 1388 3468 ἔτει
1404 3440 1458 3476 τῆς
1486 3440 1699 3475 πεντηκοστῆς
1720 3437 1831 3477 ὀγδόης
1853 3436 2043 3478 ὀλυμπιάδος
2062 3438 2139 3469 ἐτῶν
2164 3437 2238 3469 εἶναι

1180 3482 1329 3520 ἑξήκοντα
1343 3484 1518 3525 τεσσάρων,
1534 3485 1587 3516 καὶ
1605 3483 1671 3526 μετ’
1686 3484 1790 3526 ὀλίγον
1806 3485 2000 3523 τελευτῆσαι.

1228 3530 1273 3572 (9)
1294 3532 1451 3572 Diogenes
1471 3533 1618 3565 Laertius
1632 3533 1686 3564 lib.
1704 3534 1748 3574 1¹,
1762 3535 1780 3565 3
1799 3546 1805 3564 :
1820 3533 2014 3574 Ἀναξιμένης
2027 3530 2243 3573 Εὐρυστράτου
