2612 3814
312 287 390 321 204

309 370 427 408 leium
459 368 605 410 Florid.
631 370 677 408 18
704 367 901 417 audimus,
930 369 1154 419 geometriae
1174 369 1279 423 apud
1303 384 1375 422 po-

309 429 472 482 pulares
511 442 604 468 suos
642 428 795 482 primus
827 436 1022 481 repertor,
1059 436 1210 468 naturae
1245 442 1377 468 rerum

309 489 556 528 certissimus
586 489 814 541 explorator
831 497 868 527 et
890 496 1084 527 astrorum
1115 488 1379 541 peritissimus

309 549 614 601 contemplator,
632 548 822 587 maximas
839 561 901 587 res
914 548 1050 599 parvis
1064 547 1181 587 lineis
1202 548 1349 599 reperit
1367 563 1375 586 :

309 616 529 660 temporum
559 606 750 655 ambitus,
779 614 987 644 ventorum
1017 605 1151 655 ssatus,
1178 606 1378 644 stellarum

309 676 455 717 motus,
475 667 692 706 tonitruum
711 679 855 705 sonora
870 665 1073 713 miracula,
1086 665 1261 704 siderum
1278 665 1381 704 obli-

309 740 388 779 qua
420 726 644 773 curricula,
680 725 776 764 solis
808 737 960 763 annuas
986 724 1243 763 reversiones.
1271 723 1378 763 Idem

311 787 414 826 lunae
450 786 512 826 vel
548 786 743 830 nascentis
775 785 1017 823 incrementa
1045 784 1109 823 vel
1142 785 1380 823 senescentis

308 845 516 898 dispendia
534 845 596 884 vel
627 844 846 883 deficientis
869 843 1151 895 impedimenta
1168 844 1299 882 animo
1320 857 1379 883 as·

309 914 464 945 secutus
486 913 557 944 est.
581 904 711 951 Quid?
740 903 846 954 quod
872 911 1008 941 exacta
1034 911 1144 941 aetate
1163 903 1379 955 intellexit,

309 965 465 1017 quoties
485 964 542 1003 sol
565 963 837 1014 magnitudine
852 975 922 1001 sua
942 962 1134 1001 circulum
1157 975 1272 1014 quem
1291 975 1380 1014 per-

310 1033 411 1062 meat
432 1025 647 1062 metiretur.
672 1022 715 1060 Id
739 1035 761 1060 a
787 1035 828 1060 se
857 1034 995 1060 recens
1015 1022 1220 1061 inventum
1237 1020 1272 1059 Τ
1275 1021 1381 1061 hales

310 1092 551 1122 memoratur
565 1082 770 1122 edocuisse
790 1081 1085 1134 Mandrolytum
1108 1082 1378 1133 Prienensem‚

309 1144 378 1195 qui
405 1157 508 1183 nova
529 1152 568 1183 et
587 1143 791 1195 inopinata
808 1142 1035 1193 cognitione
1054 1142 1257 1196 impendio
1275 1143 1382 1182 ‹lele-

309 1212 433 1245 ctatus
469 1213 608 1256 optare
623 1202 767 1255 jussit,
791 1211 977 1254 quantam
1009 1203 1130 1242 vellet
1161 1203 1380 1242 mercedem

309 1262 388 1301 sibi
419 1276 493 1315 pro
526 1271 630 1301 tanta
651 1276 694 1301 re
730 1262 876 1301 tradita
895 1261 1073 1314 rependi.
1110 1261 1228 1310 Satis,
1252 1263 1383 1314 inquit

309 1321 473 1370 Thales,
509 1322 608 1361 mihi
643 1322 761 1361 fuerit
787 1321 1002 1370 mercedis,
1025 1322 1061 1361 si
1082 1322 1123 1361 id
1153 1322 1258 1374 quod
1278 1335 1301 1360 a
1322 1336 1383 1361 me

310 1381 634 1434 didicisti‚quum
653 1381 831 1434 proferre
852 1382 895 1420 in
913 1382 1086 1420 medium
1099 1381 1283 1434 coeperis,
1307 1382 1382 1421 tibi

311 1456 391 1481 non
412 1443 615 1491 asciveris,
633 1443 701 1482 sed
715 1442 801 1494 ejus
821 1443 880 1481 rei
898 1455 958 1481 me
978 1443 1111 1495 potius
1127 1456 1244 1494 quam
1260 1442 1382 1480 alium

311 1512 552 1555 repertorem
575 1502 866 1556 praedicaveris.
888 1502 1081 1541 Caeterum
1105 1503 1218 1541 multi
1237 1501 1270 1539 T
1273 1502 1382 1541 hale-

313 1571 389 1602 tem
407 1563 497 1602 coeli
515 1576 559 1602 ac
588 1563 764 1602 siderum
790 1562 1075 1615 peritissimum
1098 1562 1218 1601 fuisse
1237 1570 1382 1600 testan-

313 1631 391 1662 tur.
415 1622 678 1661 Callimachus
698 1622 802 1674 apud
821 1621 1021 1661 Laertium
1036 1621 1108 1661 lib.
1132 1621 1165 1669 1,
1188 1622 1237 1659 23
1259 1621 1310 1673 (7)
1330 1622 1384 1659 ait

312 1694 402 1720 eum
422 1681 588 1721 minoris
608 1695 711 1720 ursae
731 1682 980 1720 inventorem
1000 1694 1098 1721 esse.
1122 1680 1281 1720 Primus
1306 1680 1384 1718 fer-

313 1749 377 1798 ῑψ·
402 1741 566 1790 vidisse,
583 1742 707 1781 solem
723 1741 827 1780 lunae
843 1741 1033 1794 oppositu
1047 1741 1175 1780 solere
1195 1739 1379 1789 deficere,

314 1815 402 1854 quae
421 1815 444 1841 a
460 1801 652 1841 Cicerone
681 1801 868 1840 dicuntur
893 1801 941 1840 de
964 1801 1060 1853 nep.
1075 1800 1148 1841 lib.
1172 1799 1205 1848 1,
1240 1801 1302 1848 16,
1321 1800 1385 1838 cui

314 1870 577 1901 consentanea
605 1861 725 1900 refert
750 1861 944 1900 Eudemus
969 1860 1075 1913 apud
1095 1860 1295 1899 Laertium
1313 1859 1382 1912 (8).

315 1921 557 1963 Praedixisse
582 1934 670 1960 eum
694 1922 787 1960 solis
815 1921 1008 1960 defectum
1029 1929 1165 1959 auctor
1184 1928 1243 1959 est
1262 1919 1386 1958 Hero-

315 1979 431 2019 dotus
455 1979 525 2019 lib.
556 1978 590 2031 I,
615 1986 663 2028 74
682 1978 760 2034 (9);
785 1980 878 2019 item
899 1980 1055 2018 Plinius
1080 1979 1181 2019 Hist.
1204 1987 1285 2018 nat.
1309 1977 1381 2016 lib.

316 2038 370 2089 ll,
392 2054 461 2088 123
485 2051 602 2090 quam
622 2034 704 2077 r'em
727 2039 796 2077 alii
832 2052 935 2077 anno
957 2052 992 2078 a.
1014 2038 1108 2078 Chr.
1137 2051 1178 2077 n.
1205 2039 1299 2087 609,
1317 2037 1386 2075 alii

316 2112 349 2137 a.
369 2099 444 2138 585
466 2098 657 2137 accidisse
671 2107 905 2139 statuerunt.
926 2099 1106 2138 Miranda
1120 2106 1248 2136 autem
1266 2098 1388 2136 homi-

316 2159 380 2197 nis
397 2158 573 2197 sollertia
590 2159 633 2197 in
659 2158 734 2198 hoc
751 2158 839 2207 fuit,
865 2158 974 2210 quod
1008 2158 1200 2211 sphaeram
1221 2157 1387 2196 solidam

316 2226 355 2256 et
387 2218 559 2270 plenam,
592 2219 683 2258 coeli
718 2218 900 2258 stelliferi
931 2219 1159 2270 imaginem,
1196 2218 1386 2267 tornavit,

317 2290 418 2333 quae‘
433 2287 569 2330 postea
599 2277 649 2317 ab
669 2278 905 2317 Archimede
924 2292 1096 2317 concavo
1121 2291 1196 2317 aere
1209 2278 1252 2316 in
1269 2277 1387 2316 solidi

317 2336 426 2387 globi
449 2338 577 2376 locum
613 2337 827 2377 substituto
847 2338 1018 2390 perfecta
1049 2347 1087 2377 et
1119 2346 1389 2376 consummata

317 2405 390 2436 est.
412 2396 570 2449 Quippe
591 2397 849 2436 Archimedes
865 2398 1001 2436 mundi
1025 2397 1327 2437 similitudinem
1344 2409 1389 2434 ac

321 2456 752 2506 figuram’machinatus
772 2457 827 2495 ita
854 2457 977 2496 solem
998 2470 1043 2495 ac
1067 2457 1200 2495 lunam
1223 2469 1390 2507 compo-

319 2516 420 2568 suit,
438 2524 482 2555 ut
513 2516 727 2567 inaequales
760 2525 887 2555 motus
921 2526 959 2555 et
983 2516 1210 2556 coelestibus
1237 2516 1388 2555 similes

364 2643 410 2683 (7)
435 2641 593 2682 Diogenes
622 2643 767 2676 Laertius
796 2643 852 2676 lib.
873 2646 902 2684 1,
928 2648 968 2678 23
998 2654 1006 2676 :
1028 2646 1233 2688 Καλλίμαχος
1250 2645 1277 2678 δ’
1292 2646 1386 2678 αὐτὸν

323 2689 403 2748 οἶηδεν
424 2690 547 2731 εὑρετὴν
568 2693 622 2729 τῆς
648 2690 763 2732 ᾶρκτου
781 2695 834 2730 τῆς
855 2694 979 2734 μικρᾶς,
1002 2693 1103 2734 λέγων
1123 2694 1154 2726 ἐν
1176 2697 1242 2731 τοῖς
1261 2693 1387 2735 ἰάμὸοις

323 2748 434 2775 ουτως·

407 2801 461 2834 καὶ
475 2804 529 2839 τῆς
549 2801 669 2843 ἁμάξης
685 2803 808 2842 ἐλέγετο
826 2805 1068 2845 σταθμήσασθαι

408 2848 481 2886 τοὺς
499 2848 715 2891 ἀστερίσκους,
734 2850 754 2891 ἦ
767 2851 897 2883 πλέουσι
912 2852 1067 2890 Φοίνικες.

369 2917 414 2961 (8)
432 2918 588 2959 Diogenes
611 2919 758 2952 Laertius
776 2920 830 2953 lib.
856 2923 882 2960 Ι,
903 2923 997 2954 23-24
1023 2935 1030 2954 ι
1049 2925 1146 2955 Δοκεῖ
1164 2923 1197 2955 δὲ
1209 2921 1291 2955 κατὰ
1305 2934 1390 2958 τινας

323 2970 448 3009 πρῶτος
462 2965 694 3008 ἀστρολογῆσαι
715 2968 769 3000 καὶ
788 2969 919 3007 ἡλιακὰς
933 2968 1083 3012 ἐκλείψεις
1097 2972 1150 3002 καὶ
1162 2971 1277 3012 τροπὰς
1290 2982 1391 3014 προει-

327 3016 408 3054 πεῖν,
438 3013 481 3051 ὣς
499 3025 591 3054 φησιν
616 3014 763 3055 Εὔδημος
789 3016 820 3047 ἑν
847 3019 886 3057 τῇ
912 3017 980 3060 περὶ
1008 3020 1072 3050 τῶν
1093 3018 1391 3060 ἁστρολογουμένων

327 3060 463 3103 ἱστορίᾳ·
483 3060 552 3093 ὅθεν
575 3061 669 3094 αὐτὸν
689 3062 743 3094 καὶ
767 3062 945 3104 Ξενοφάνης
968 3064 1023 3096 καὶ
1047 3063 1213 3106 Ἡρόδοτος
1229 3064 1389 3106 θαυμάζει.

328 3109 488 3150 Μαρτυρεῖ
506 3107 533 3141 δ’
550 3109 627 3140 αὐτὸ
642 3109 695 3141 καὶ
709 3109 909 3152 Ἡράκλειτος
934 3111 987 3143 καὶ
1010 3111 1256 3152 Δημόκριτος....
1271 3116 1391 3154 πρῶτος

329 3155 362 3186 δὲ
378 3155 431 3187 καὶ
447 3156 503 3195 τὴν
523 3155 586 3188 ἀπὸ
600 3160 715 3198 τροπῆς
738 3157 788 3189 ἐπὶ
808 3159 923 3200 τροπὴν
940 3158 1074 3201 πάροδον
1095 3158 1181 3200 εὗρε,
1196 3160 1251 3191 καὶ
1271 3164 1392 3202 πρῶτος

327 3203 405 3248 πρὸς
429 3203 465 3236 τὸ
489 3206 546 3236 τοῦ
568 3204 659 3242 ἡλίου
677 3205 805 3246 μέγεθος
820 3206 856 3238 τὸ
882 3209 939 3238 τοῦ
956 3206 1123 3245 σεληναίου
1145 3207 1391 3241 ἑπτακοσιοστὸν

331 3250 384 3281 καὶ
401 3250 544 3283 εἰκοστὸν
561 3250 739 3292 ἀπεφήνατο
760 3251 843 3284 κατά
858 3264 955 3290 τινας.

376 3299 422 3338 (9)
447 3298 632 3330 Herodotus
650 3299 707 3331 lib.
722 3301 747 3339 Ι,
769 3301 807 3332 74
827 3313 835 3333 =
862 3301 963 3333 Ὥστε
982 3304 1037 3340 τῆς
1057 3301 1161 3343 μάχης
1177 3304 1393 3342 συνεστεώσης

330 3345 387 3383 τὴν
403 3345 520 3387 ἡμέρην
537 3345 679 3384 ἐξαπίνης
699 3346 797 3379 νύκτα
820 3348 974 3387 γενέσθαι·
992 3349 1048 3388 τὴν
1064 3349 1096 3381 δὲ
1111 3352 1306 3392 μεταλλαγὴν
1322 3353 1394 3385 ταύ-

331 3402 388 3448 την
403 3395 458 3472 1ἑῆς
479 3393 595 3434 ἡμέρης
622 3394 726 3433 Θαλῆς
747 3395 764 3426 ὁ
783 3395 937 3434 Μιλήσιος
953 3398 1035 3429 τοῖσι
1066 3396 1156 3430 Ἴωσι
1183 3399 1394 3442 προηγόρευσε

332 3449 407 3472 εσεσ
426 3450 471 3472 αι.

333 3487 442 3570 Η,(1101)
452 3488 565 3568 Cicerg
576 3487 864 3531 deRepublicalib.
876 3491 904 3533 I,
919 3492 954 3524 14
967 3493 1173 3533 ;Lactantius
1186 3494 1293 3529 Divin.
1313 3497 1392 3529 inst.

345 3543 353 3566 ι
381 3559 389 3567 .
455 3544 524 3577 cap.
569 3560 575 3565 .

1114 278 1319 320 SEPTEM
1350 279 1655 321 SAPIENTUM

1443 369 1770 410 conversionibus
1796 370 1965 422 singulis
1985 371 2099 423 quasi
2122 370 2265 427 diebus
2286 372 2514 430 efficerent,

1444 442 1570 481 neque
1586 429 1704 467 modo
1724 442 1901 469 accessus
1921 430 2017 469 solis
2043 439 2081 470 et
2101 444 2278 470 recessus
2300 433 2363 471 vel
2383 433 2515 475 incre·
2558 459 2559 462 =

1444 497 1575 527 menta
1590 488 1960 541 deminutionesque
1986 489 2103 539 lunae,
2121 503 2258 529 verum
2281 491 2398 530 etiam
2425 494 2516 534 stel-

1444 548 1572 587 larum
1609 548 1672 587 vel
1710 549 1971 588 inerrantium
2009 550 2072 588 vel
2104 563 2294 601 vagarum
2339 551 2517 605 dispares

1444 621 1582 648 cursus
1609 607 1720 647 orbis
1734 609 1802 647 ille
1819 609 2071 662 artificiosus,
2091 610 2184 649 dum
2205 610 2388 658 vertitur,
2410 611 2518 652 exhi·
2562 643 2563 646 η

1444 668 1554 708 beret
1569 669 1661 721 (10).
1683 669 1812 716 Quum
1846 670 1970 720 igitur
2004 683 2183 721 magnam
2212 684 2349 711 curam
2369 670 2515 713 Thales
2562 695 2564 710 l

1443 728 1484 766 in
1511 728 1686 768 siderum
1717 729 1943 780 cognitione
1967 731 2176 783 posuisset,
2205 732 2347 771 merito
2376 731 2518 771 Timon

1442 788 1706 841 sillographus
1734 788 1838 840 apud
1872 789 2087 840 Diogenem
2107 789 2178 829 lib.
2206 791 2240 848 1,
2264 791 2312 837 34
2342 791 2400 830 sic
2431 790 2518 844 ejus
2562 814 2563 819 =

1444 848 1579 887 laudes
1595 848 1812 888 celebravit
1828 863 1837 887 :
2564 851 2568 854 ’

1498 924 1569 971 οἶόν
1586 932 1616 970 θ’
1632 930 1723 970 ἑπτὰ
1742 931 1896 979 Θάλητα
1915 933 2031 985 σοφῶν
2052 930 2156 985 σοφὸν
2178 931 2448 986 ἀστρονόμημα.

1447 1021 1500 1060 Ιῧο
1519 1030 1668 1074 spectat
1689 1029 1727 1060 et
1753 1020 1853 1059 illud
1879 1020 2211 1073 quod-Thaletem
2233 1022 2379 1071 ferunt,
2397 1037 2518 1076 quum

1444 1081 1659 1132 aliquando
1691 1080 1866 1119 siderum
1889 1081 2216 1133 contemplationi
2248 1081 2424 1122 intentus
2445 1083 2520 1123 im-

1446 1140 1617 1193 prudens
1637 1141 1680 1179 in
1701 1140 1853 1179 foveam
1871 1139 2100 1188 decidisset,
2120 1153 2143 1178 a
2162 1140 2394 1181 muliercula
2410 1141 2519 1184 deri·

1445 1214 1530 1239 sum
1551 1214 1657 1251 esse,
1685 1200 1778 1251 quia
1798 1213 1860 1239 res
1877 1200 2056 1250 coelestes
2077 1209 2115 1239 et
2135 1199 2333 1241 abstrusas
2361 1202 2519 1243 intuens

1445 1261 1487 1298 in
1508 1260 1638 1312 iisque
1661 1259 1815 1298 defixus
1838 1273 1926 1311 quae
1951 1268 2040 1297 ante
2061 1259 2180 1311 pedes
2206 1270 2335 1300 essent
2349 1275 2439 1300 .non
2458 1262 2519 1301 vi·
2572 1266 2575 1268 '

1446 1320 1666 1373 deret(11).
1693 1320 1873 1371 Denique
1893 1319 2071 1358 Milesius
2092 1319 2160 1358 ille
2186 1320 2343 1373 sapiens
2371 1334 2518 1360 annum
2572 1346 2575 1347 ν

1445 1380 1487 1418 in
1508 1389 1701 1420 trecentos
1723 1379 1926 1430 sexaginta
1946 1379 2122 1431 quinque
2139 1378 2224 1418 dies
2251 1380 2391 1419 divisit
2409 1381 2519 1432 ejus-

1446 1453 1523 1491 que
1542 1449 1728 1492 quattuor
1749 1448 1928 1491 tempora
1948 1439 2148 1478 invenisse
2168 1439 2517 1494 perhibetur(12).

1446 1499 1622 1538 Transeo
1636 1499 1684 1538 ad
1708 1498 1973 1551 philosophiae
1992 1498 2246 1537 fundamenta
2265 1498 2314 1537 ab
2335 1513 2382 1538 eo
2394 1500 2517 1552 jacta.
2576 1536 2578 1538 ,

1493 1559 1645 1611 Aquam
1656 1559 1757 1598 dixit
1768 1571 1853 1598 esse
1864 1558 2021 1597 initium
2032 1571 2176 1606 rerum,
2185 1557 2306 1609 idest,
2315 1572 2378 1598 res
2385 1572 2522 1600 omnes

1446 1633 1494 1658 ex
1512 1633 1614 1671 aqua
1626 1619 1750 1667 oriri,
1769 1631 1891 1671 porro
1911 1626 2017 1656 ortas
2034 1630 2136 1669 aqua
2155 1618 2327 1666 nutriri,
2349 1619 2521 1671 deniquo

1448 1679 1688 1718 intereuntes
1705 1678 1748 1716 in
1765 1691 1905 1729 aquam
1923 1677 2070 1716 resolvi
2091 1677 2187 1728 (13).
2210 1677 2300 1716 Haec
2324 1678 2519 1718 Aristote-

1449 1739 1498 1777 lis
1514 1737 1726 1790 explicatio
1742 1746 1801 1776 est
1813 1737 1883 1788 qui
1900 1736 2069 1787 Metaph.
2090 1735 2159 1777 lib.
2182 1737 2211 1785 l,
2234 1739 2256 1776 3
2275 1738 2333 1777 sic
2349 1738 2489 1778 scribit
2506 1753 2520 1778 ε

1447 1799 1532 1838 Τῶν
1554 1797 1596 1845 δὴ
1625 1795 1776 1850 πρώτων
1811 1795 2123 1849 φιλοσοφησάντων
2145 1797 2178 1835 οἱ
2209 1797 2371 1836 πλεῖστοι
2403 1796 2466 1842 τὰς
2485 1799 2522 1836 ἕν

1450 1857 1533 1906 ὕλης
1555 1857 1639 1896 εἴδει
1660 1857 1768 1907 μόνας
1791 1855 1958 1911 ᾠήθησαν
1993 1855 2105 1910 ἀρχὰς
2132 1849 2221 1895 εἶναι
2241 1855 2406 1896 πάντων·
2425 1857 2461 1903 ἐξ
2479 1852 2520 1898 οἷ

1448 1918 1516 1970 γάρ
1534 1920 1627 1958 ἐστιν
1658 1915 1800 1955 ἅπαντα
1829 1914 1874 1954 τὰ
1897 1914 1982 1954 ὄντα
2007 1916 2068 1955 καὶ
2088 1915 2124 1962 ἐξ
2140 1911 2180 1956 οὗ
2201 1916 2361 1970 γίγνεται
2377 1917 2522 1970 πρώτου

1449 1977 1509 2015 καὶ
1530 1979 1576 2022 εἷς
1593 1975 1611 2016 ὃ
1632 1976 1809 2030 φθείρεται
1828 1977 2044 2024 τελευταῖον,
2070 1979 2133 2024 τῆς
2155 1975 2217 2028 μὲν
2238 1976 2359 2020 οὐσίας
2381 1979 2520 2028 ὑπομε-

1449 2036 1576 2086 νούσης
1587 2067 1597 2085 ,
1614 2041 1687 2080 τοῖς
1702 2035 1737 2074 δὲ
1753 2034 1882 2074 πάθεσι
1901 2035 2215 2088 μεταὸαλλούσης,
2231 2039 2335 2075 τοῦτο
2348 2037 2521 2090 στοιχεῖον

1452 2096 1513 2136 καὶ
1532 2096 1664 2145 ταύτην
1684 2095 1798 2149 ἀρχήν
1814 2110 1919 2149 φασιν
1938 2088 2113 2134 εἶναιτῶν
2128 2095 2235 2135 ὄντων
2242 2126 2317 2137 .....
2340 2096 2380 2136 τὸ
2400 2097 2521 2150 μέντοι

1453 2157 1584 2203 πλῆθος
1608 2155 1670 2195 καὶ
1698 2155 1737 2194 τὸ
1760 2148 1850 2199 εἶδος
1879 2157 1942 2202 τῆς
1959 2154 2125 2204 τοιαύτης
2151 2157 2265 2209 ἀρχῆς
2290 2157 2330 2195 οὗ
2362 2155 2402 2196 τὸ
2431 2156 2518 2196 αὐτὸ

1451 2216 1581 2260 πάντες
1601 2215 1775 2267 λέγουσιν,
1790 2213 1884 2254 ἀλλὰ
1900 2216 2026 2262 Θαλῆς
2036 2213 2098 2265 μὲν
2111 2217 2130 2254 ὁ
2142 2212 2203 2262 τῆς
2220 2215 2386 2264 τοιαύτης
2401 2217 2520 2270 ἄρχη-

1450 2275 1510 2327 γὸς
1526 2273 1729 2329 φιλοσοφίας
1748 2272 1842 2327 ὕδωρ
1868 2267 1960 2314 εἷναί
1983 2290 2088 2328 φησιν
2111 2273 2180 2323 (διὸ
2208 2274 2270 2314 καὶ
2293 2274 2358 2323 τὴν
2376 2278 2442 2327 γῆν
2464 2277 2519 2329 ἐφ’

1450 2335 1575 2379 ὕδατος
1595 2334 1801 2388 ἀπεφήνατο
1823 2326 1942 2388 εἶναι),
1963 2333 2084 2373 λαὸὼν
2098 2333 2182 2378 ἴσως
2198 2332 2262 2383 τὴν
2282 2334 2459 2389 ὑπόληψιν
2480 2336 2521 2374 ἐκ

1449 2398 1512 2433 τοῦ
1529 2393 1672 2434 πάντων
1688 2396 1772 2448 ὁρᾶν
1788 2393 1851 2441 τὴν
1873 2393 2004 2448 τροφὴν
2023 2392 2133 2447 ὑγρὰν
2157 2387 2265 2433 οῧσαν
2287 2392 2351 2433 καὶ
2371 2393 2459 2434 αὐτὸ
2479 2393 2520 2433 τὸ

1451 2453 1577 2505 θερμὸν
1599 2455 1638 2492 ἐκ
1661 2452 1787 2492 τούτου
1809 2453 2015 2506 γιγνόμενον
2040 2452 2103 2492 καὶ
2128 2451 2243 2507 τούτῳ
2264 2454 2333 2499 ζῶν
2354 2452 2409 2505 (τὸ
2428 2453 2459 2491 δ’
2485 2451 2520 2498 ἐξ

1453 2508 1491 2552 οῧ
1509 2512 1679 2566 γίγνεται,
1704 2511 1796 2551 τοῦτ’
1815 2512 1909 2551 ἔστιν
1935 2511 2028 2565 ἀρχὴ
2041 2512 2210 2565 πάντων),
2232 2511 2290 2551 διά
2306 2527 2342 2551 τε
2355 2511 2397 2560 δὴ
2417 2517 2520 2551 τοῦτο

1491 2643 1558 2684 (11)
1578 2643 1671 2675 Plato
1683 2643 1808 2675 Tlieaet.
1824 2651 1856 2684 p.
1876 2644 1933 2675 174
1946 2666 1955 2682 ,
1972 2645 1998 2674 Α
2017 2655 2023 2673 :
2041 2642 2167 2684 ’Ὠσπερ
2182 2642 2236 2674 καὶ
2251 2642 2359 2680 Θαλῆν
2376 2641 2522 2684 cito-epm·

1450 2693 1571 2732 μοῦντα
1589 2690 1642 2722 καὶ
1661 2690 1727 2723 ἅνω
1751 2691 1917 2731 βλέποντα,
1945 2689 2085 2722 πεσόντα
2115 2690 2158 2726 εἰς
2177 2689 2290 2732 φρέαρ,
2321 2689 2450 2733 Θρᾷττά
2472 2701 2519 2728 τις

1449 2737 1584 2780 ἐμμελὴς
1597 2738 1650 2769 καὶ
1668 2737 1825 2779 χαρίεσσα
1849 2737 2027 2778 θεραπαινὶς
2048 2736 2242 2778 ἀποσκῶψαι
2258 2736 2398 2778 λέγεται,
2419 2737 2464 2773 ὥς
2477 2737 2520 2769 τὰ

1451 2786 1506 2826 μὲν
1534 2784 1566 2817 ἐν
1588 2785 1710 2827 οὐρανῷ
1730 2785 1922 2827 προθυμοῖτο
1948 2784 2074 2822 εἰδέναι,
2096 2783 2138 2816 τὰ
2165 2783 2192 2816 δ’
2224 2784 2399 2826 ἔμπροσθεν
2419 2783 2518 2816 αὐτοῦ

1450 2833 1503 2865 καὶ
1513 2832 1601 2875 παρὰ
1611 2833 1708 2869 πόδας
1723 2832 1869 2866 λανθάνοι
1883 2832 1989 2864 αὐτόν.
2003 2832 2161 2873 Diogenes
2172 2830 2316 2864 Laertius
2332 2831 2391 2866 lib.
2407 2833 2435 2871 1,
2451 2834 2490 2866 34
2507 2842 2516 2864 ς

1450 2881 1583 2919 Λέγεται
1600 2880 1628 2912 δ’
1645 2880 1796 2922 ἀγόμενος
1819 2881 1881 2913 ὑπὸ
1903 2881 1997 2923 γραὸς
2020 2880 2055 2912 ἐκ
2079 2883 2134 2919 τῆς
2152 2879 2272 2919 οἰκίας,
2296 2879 2349 2912 ἵνα
2360 2879 2400 2912 τὰ
2417 2879 2520 2923 ἄστρα

1450 2927 1633 2967 κατανοήσῃ
1643 2951 1653 2968 ,
1667 2927 1710 2964 εἰς
1727 2927 1839 2969 βόθρον
1856 2927 2014 2967 ἐμπεσεῖν,
2031 2925 2085 2959 καὶ
2095 2927 2182 2968 αὐτῷ
2197 2927 2404 2969 ἀνοιμώξαντι
2423 2927 2518 2968 φάναι

1450 2974 1505 3013 τὴν
1521 2977 1618 3017 γραῦν
1631 2984 1639 2992 ·
1655 2975 1697 3006 Σὺ
1718 2973 1777 3016 γάρ
1787 2999 1798 3014 ,
1814 2974 1841 3006 ὦ
1861 2974 1949 3013 Θαλῆ
1959 2998 1968 3013 ,
1978 2974 2018 3006 τὰ
2034 2974 2066 3006 ἐν
2081 2974 2175 3006 ποσὶν
2188 2973 2226 3005 οὐ
2241 2973 2411 3016 δυνάμενος
2429 2975 2518 3016 ἰδεῖν,

1449 3023 1490 3055 τὰ
1508 3023 1558 3056 ἐπὶ
1575 3025 1631 3056 τοῦ
1653 3022 1786 3066 οὐρανοῦ
1804 3021 1863 3054 οἷει
1875 3022 2075 3062 γνώσεσθαις
2095 3021 2186 3054 Cous.
2204 3021 2352 3062 origenis
2374 3020 2518 3055 Philoso-

1452 3070 1614 3111 pliumena
1629 3079 1699 3112 pag.
1725 3074 1743 3103 5
1757 3069 1810 3103 ed.
1826 3069 1942 3102 Miller.
1962 3071 1993 3101 et
2010 3068 2178 3102 lamblich.
2197 3070 2359 3110 Protrept.
2376 3077 2448 3110 cap.
2466 3071 2518 3102 24.

1494 3118 1560 3160 (12)
1581 3118 1740 3159 Diogenes
1760 3117 1907 3151 Laertius
1925 3117 1982 3150 lib.
1999 3119 2026 3157 1,
2045 3120 2083 3150 27
2099 3129 2107 3149 :
2122 3116 2186 3154 Τάς
2201 3127 2235 3149 τε
2249 3117 2332 3156 ὥρας
2345 3119 2403 3151 τοῦ
2412 3117 2518 3151 ἐνιαυ-

1451 3169 1507 3199 τοῦ
1526 3178 1620 3209 φασιν
1639 3165 1733 3200 αὐτὸν
1756 3168 1866 3209 εὑρεῖν,
1893 3166 1950 3198 καὶ
1966 3165 2009 3203 εἰς
2032 3164 2216 3208 τριακοσίας
2242 3165 2395 3205 ἑξήκοντα
2425 3165 2518 3204 πέντε

1451 3215 1567 3257 ἡμέρας
1583 3214 1703 3248 διελεῖν.

1497 3261 1562 3303 (13)
1582 3260 1803 3295 Tertullianus
1820 3260 1897 3294 adv.
1915 3260 2072 3293 Marcion.
2097 3259 2153 3293 lib.
2176 3261 2192 3293 1
2215 3261 2283 3293 :Ut
2295 3269 2372 3301 ergo
2390 3259 2516 3302 aliquid

1453 3311 1486 3341 et
1505 3307 1546 3341 de
1563 3309 1624 3341 isto
1637 3308 1734 3351 liuius
1749 3308 1862 3341 mundi
1882 3307 2012 3349 indigno
2027 3308 2155 3350 loquar,
2171 3308 2223 3340 cui
2235 3310 2267 3341 et
2275 3307 2363 3349 apud
2383 3308 2517 3342 Graecos

1454 3356 1636 3389 ornamenti
1651 3357 1684 3389 et
1703 3356 1827 3395 cultus,
1846 3364 1910 3388 non
1930 3355 2075 3388 sordium
2090 3363 2206 3388 nomen
2218 3357 2278 3395 est,
2296 3354 2444 3396 indiguas
2465 3353 2516 3386 vi·

1455 3404 1574 3437 delicet
1595 3402 1796 3437 substantias
1817 3403 1875 3444 ipsi
1897 3403 1942 3436 illi
1957 3402 2124 3444 sapientiae
2146 3402 2354 3444 professores,
2371 3401 2412 3435 de
2431 3409 2515 3443 quo·

1457 3461 1532 3484 rum
1552 3451 1687 3493 ingeniis
1701 3451 1806 3486 omnis
1826 3450 1958 3485 haeresis
1975 3450 2152 3491 animatur,
2172 3452 2259 3484 Deos
2281 3449 2515 3492 pronuntiave-

1457 3500 1557 3531 runt:
1586 3500 1623 3531 ut
1651 3495 1770 3532 Thales
1790 3506 1928 3539 aquam,
1950 3500 1988 3530 ut
2018 3497 2199 3530 Heraclitus
2224 3496 2344 3538 ignem,
2362 3498 2426 3529 etc.
2458 3493 2512 3540 cr.

1456 3546 1602 3578 Ciceron.
1621 3544 1661 3578 de
1681 3546 1753 3579 Nat.
1771 3547 1867 3578 Deor.
1891 3546 1915 3585 1,
1939 3548 1994 3586 103
2011 3543 2097 3578 Acad
2126 3545 2172 3585 11,
2189 3544 2243 3576 37.
