2612 3814
986 304 1042 345 IN
1079 304 1303 346 AUREUM
1338 306 1570 348 CARMEN.

154 391 198 432 ἂν
231 390 337 430 πάλιν
358 393 419 438 τῆς
440 389 617 434 εὐσεὸείας
653 389 890 442 ἀποπέσοιμέν
920 392 981 431 καὶ
1016 395 1078 440 τῆς
1109 393 1219 441 ἄλλης

124 496 128 501 .
155 453 281 504 ἀρετῆς
297 480 308 499 ,
332 451 362 489 εἰ
380 449 518 503 τύχοιεν
551 450 677 488 ἐκεῖνοι
706 448 764 488 διὰ
796 451 993 504 μοχθηρίαν
1014 452 1146 505 τρόπου
1167 453 1216 504 μὴ

153 511 241 567 πρὸς
252 510 337 550 τὰ”
316 526 423 553 οντως
441 509 534 549 καλὰ
552 510 858 562 παιδαγωγοῦντες
871 514 990 562 ἡμᾶς·
981 542 991 560 ,
1008 513 1054 552 Εἰ
1068 511 1132 564 μὲν
1150 512 1218 566 γὰρ

153 577 256 613 τοῦτο
274 573 414 617 πάντως
433 575 475 620 ἠν
495 570 621 619 ἀληθὲς
641 570 702 610 καὶ
723 571 844 622 καλόν,
864 572 883 613 ὃ
903 575 973 618 τοῖς
992 578 1130 627 γονεῦσι
1148 590 1219 614 πα-

155 633 319 686 ρίστατο,
339 631 524 687 σύμφωνος
543 633 565 678 ἡ
588 635 658 671 τῶν
680 632 808 684 γονέων
830 633 917 684 τιμὴ
940 637 983 687 τῇ
1003 637 1072 673 τῶν
1092 651 1219 689 κρειτ-

153 692 261 732 τόνων
276 691 416 743 ἐγίνετο.
435 692 481 730 Εἰ
499 689 534 729 δὲ
553 690 646 730 ἔστιν
662 689 719 730 ὅτε
733 693 803 730 τῶν
823 692 922 732 θείων
937 693 1054 743 νόμιον
1071 693 1219 740 ἀνήκοός

153 753 247 792 ἐστιν
267 754 289 799 ἡ
309 753 378 790 τῶν
398 750 526 801 γονέων
548 749 770 804 προαίρεσις,
789 750 824 790 τί
844 753 896 790 δεῖ
916 752 1028 791 ποιεῖν
1053 753 1101 797 εἷς
1122 754 1218 791 ἀντι-

151 811 276 862 νομίαν
306 810 524 862 ἐμπεσόντας
552 809 733 858 τοιαύτην,
753 809 776 858 ἢ
796 813 923 857 τοῦτο,
946 809 964 850 ὃ
986 810 1047 850 καὶ
1068 810 1127 850 ἐπὶ
1148 814 1218 850 τῶν

152 867 270 908 ἄλλων
289 867 513 916 καθηκόντων
546 869 585 906 ἐκ
603 869 844 922 περιστάσεως
863 871 911 914 εἰς
931 870 1134 908 ἐναντίωσιν
1162 871 1219 908 ἐλ-

151 926 282 966 θόντων
304 927 480 981 προσήκει
502 927 712 980 φυλάττεινς
736 927 914 973 Μειζόνων
946 928 1013 982 γὰρ
1032 927 1093 966 καὶ
1114 930 1218 967 ἐλατ-

151 986 260 1026 τόνων
281 986 521 1041 προκειμένων
543 988 662 1025 καλῶν
680 986 724 1025 τὰ
744 987 886 1037 μείζονα
914 987 985 1041 πρὸ
1013 989 1081 1026 τῶν
1110 989 1217 1026 ἐλατ-

151 1045 260 1086 τόνων
282 1047 457 1086 ποιεῖσθαι
478 1048 552 1094 δεῖ,
576 1045 659 1084 ὅταν
677 1045 765 1097 μὴ’
746 1047 927 1100 αμφότερα
948 1046 1006 1095 ἐξῇ
1021 1046 1216 1091 διασώζειν.

151 1099 238 1146 Οἶον
259 1106 366 1145 καλὸν
390 1106 431 1157 μὲ
436 1123 453 1144 ν
479 1108 529 1158 τῷ
549 1107 615 1159 θεῶ
645 1104 848 1153 πείθεσθαι,
870 1105 976 1144 καλὸν
998 1104 1035 1143 δὲ
1065 1105 1127 1144 καὶ
1147 1111 1219 1150 τοῖς

151 1168 304 1218 γονεῦσι.
329 1167 374 1206 Εἰ
407 1169 488 1216 γοῦν
509 1167 543 1209 ἐς
563 1144 720 1204 τάὐτὰῖ
697 1177 775 1216 αγοι
806 1168 828 1212 ἡ
851 1163 1060 1219 ἀμφοτέρων
1080 1163 1190 1203 πειθω
1206 1195 1217 1217 ,

152 1221 338 1278 ἕρμαιον’“λ
320 1240 361 1262 αν
385 1224 437 1271 εἴη
459 1223 519 1263 καὶ
542 1223 684 1277 ἄμαχον
714 1223 755 1262 τὸ
783 1223 976 1275 γινόμενον·
1006 1226 1036 1263 εἰ
1067 1223 1103 1263 δὲ
1133 1224 1219 1278 πρὸς

151 1283 239 1323 ἄλλο
259 1283 322 1334 μεν
340 1285 357 1321 ὁ
378 1283 466 1328 θεῖος
484 1282 608 1335 νόμος,
624 1282 731 1354 ·ti·p3;n
730 1282 818 1322 ἄλλο
838 1276 873 1321 δὲ
895 1284 926 1321 οἱ
944 1288 1054 1334 γονεῖς
1068 1281 1182 1336 φέροιε
1186 1299 1217 1332 ν,

101 1374 106 1379 .
151 1342 359 1395 μαχομένης
380 1345 443 1390 τῆς
471 1344 507 1380 αἱ
499 1341 657 1395 ρέσεως,
675 1343 746 1387 τοῖς
775 1341 954 1394 ἀμείνοσιν
973 1340 1120 1381 ἕπεσθαι
1140 1342 1215 1394 δεῖ,

150 1401 236 1455 πρὸς
260 1405 373 1441 ταῦτα
396 1401 501 1454 μόνον
534 1403 763 1446 ἀπειθοῦντας
797 1407 868 1447 τοῖς
895 1405 1058 1454 γονεῦσι,
1079 1402 1165 1455 πρὸς
1194 1401 1216 1440 ἃ

150 1460 211 1500 καὶ
231 1460 330 1501 αὐτοὶ
345 1461 417 1506 τοῖς
437 1460 537 1505 θείοις
556 1460 697 1536 v6J1.<u<;m
696 1462 735 1500 οὔ
756 1459 947 1501 πείθονται.
969 1461 1042 1501 Τὸν
1061 1461 1128 1514 γὰρ
1150 1476 1216 1513 φυ-

149 1520 288 1560 λάττειν
312 1520 521 1574 βουλόμενον
547 1520 626 1566 τοὺς
653 1523 715 1568 τῆς
735 1523 863 1575 ἀρετῆς
889 1520 1038 1565 κανόνας
1060 1523 1127 1573 οὐχ
1145 1514 1216 1559 οἱόν

150 1595 188 1619 τε
219 1580 290 1625 τοῖς
310 1580 451 1625 τούτους
480 1580 739 1633 παραὸαίνουσι
774 1586 987 1636 συμφωνεῖν.
1024 1581 1086 1625 Εις
1106 1578 1142 1619 δὲ
1172 1579 1218 1619 τὰ

151 1639 244 1679 ἄλλα
256 1640 374 1680 πάντα
387 1639 508 1692 γονέας
521 1639 719 1714 τιμήσομεν
735 1640 953 1693 υπέρὸαλλόν
960 1657 1039 1688 τως,
1055 1639 1218 1691 σώματος

151 1699 345 1753 ὑπηρεσίαν
368 1701 427 1739 καὶ
450 1699 648 1753 χρηυάτων
666 1699 838 1752 χορηγίαν
862 1701 979 1744 αὐτοῖς
1002 1698 1217 1753 παρέχοντες

150 1759 203 1799 ὅτι
231 1759 388 1810 μάλιστα
408 1759 692 1813 προθυμοτάτην.
716 1759 862 1798 Δίκαιον
882 1759 950 1812 γὰρ
969 1762 1124 1812 χρῆσθαι
1155 1759 1217 1797 αὐ-

150 1818 227 1863 τοὺς
239 1812 322 1863 οἶς’
307 1818 495 1871 εγέννησάν
508 1835 546 1858 τε
560 1818 621 1858 καὶ
631 1818 797 1873 ἔθρεψαν.
809 1817 860 1858 ΔΟ
872 1818 908 1857 δὲ
924 1822 985 1866 τῆς
999 1817 1060 1856 ἀπ’
1074 1816 1215 1858 ἐκείνων

153 1958 282 1988 autem
312 1953 351 1987 in
381 1952 558 1988 omnibus
587 1964 738 1988 morem
768 1964 944 2001 geramus
964 1953 1215 2001 pauentibus,

153 2012 222 2060 qui
243 2022 375 2049 rursus
389 2012 534 2060 pietate
553 2012 709 2060 aliisque
726 2011 934 2048 virtutibus
953 2025 1034 2048 non
1057 2013 1218 2049 excida-

151 2081 260 2117 mus,
283 2071 315 2106 si
331 2070 430 2107 forte
454 2071 510 2106 illi
528 2077 689 2120 propter
706 2083 861 2107 morum
876 2071 1127 2122 pravitatem,
1146 2084 1218 2108 nos

151 2128 202 2166 ad
229 2141 299 2177 ea,
333 2142 416 2179 quae
446 2142 535 2167 vere
562 2130 722 2167 honesta
747 2137 853 2178 sunt,
883 2143 964 2166 non
995 2131 1219 2169 instituant?

151 2191 248 2228 Nam
266 2190 296 2226 si
313 2189 355 2226 id
375 2190 533 2239 quidem
551 2190 709 2226 omnino
729 2202 863 2226 verum
881 2197 998 2239 atque
1014 2190 1217 2227 honestum

153 2255 268 2296 esset,
287 2249 395 2297 quod
415 2250 639 2298 parentibus
655 2249 869 2295 videretur,
888 2250 1016 2286 houm
1036 2250 1089 2286 eis
1107 2250 1218 2286 habi-

154 2316 214 2346 tus
244 2320 330 2346 cum
351 2307 419 2345 illo
442 2309 696 2356 consentiret,
718 2321 796 2357 quo
825 2310 955 2358 superi
984 2309 1217 2346 afficiuntur.

157 2368 222 2404 Sin
246 2375 374 2405 autem
395 2369 531 2406 divinis
548 2369 697 2418 legibus
712 2377 902 2419 repugnat
920 2370 1127 2419 aliquando
1150 2383 1219 2419 pa-

154 2434 307 2464 rentum
326 2428 521 2474 voluntas,
541 2427 636 2476 quid
653 2429 756 2466 aliud
777 2442 847 2466 nos
866 2429 992 2467 facere
1020 2430 1217 2481 debemus,

156 2500 276 2536 quum
320 2488 361 2523 in
408 2487 595 2535 ejusmodi
626 2488 753 2538 legum
788 2501 958 2539 pugnam
992 2491 1217 2540 incidimus,

156 2558 272 2595 quam
289 2546 424 2595 quod
414 2559 454 2582 111
468 2547 548 2583 aliis
564 2547 679 2583 etiam
699 2546 857 2594 officiis,
875 2549 1030 2597 quando
1048 2562 1136 2587 casu
1151 2552 1219 2587 ali-

158 2617 237 2654 quo
267 2606 367 2642 inter
397 2618 436 2642 se
461 2612 656 2655 pugnant,
681 2605 876 2642 observari
899 2610 1079 2656 oportet?
1106 2611 1220 2646 Bonis

158 2668 259 2704 enim
296 2667 509 2715 majoribus
538 2668 831 2716 minoribusque
862 2670 973 2705 simul
1012 2672 1221 2720 propositis

157 2726 307 2775 maj0ra
333 2727 549 2763 minoribus
569 2734 656 2763 sunt
673 2727 918 2764 anteferenda
931 2755 941 2774 ,
965 2741 1084 2777 quum
1106 2737 1220 2767 utra-

159 2799 235 2836 que
257 2799 483 2824 conservare
505 2800 587 2823 non
606 2799 822 2836 possumus.
845 2788 962 2824 Ve1bi
980 2790 1121 2838 gratia,
1148 2790 1221 2826 bo-

158 2857 251 2882 num
268 2853 323 2882 est
344 2848 426 2883 Deo
448 2846 629 2892 obedire3
650 2846 798 2882 bonum
823 2858 914 2883 vero
932 2855 966 2884 et
982 2849 1217 2897 parentibus.

158 2905 198 2942 Si
217 2906 334 2955 igitur
352 2906 488 2942 eodem
508 2906 622 2942 ducat
640 2907 812 2954 utrisque
829 2906 959 2943 dehita
982 2907 1217 2954 obedientia,

159 2964 310 3001 lucrum
325 2977 414 3002 sane
429 2966 630 3014 contigerit
647 2965 890 3014 inopinatum
904 2979 975 3003 nee
997 2973 1219 3003 conttover·

159 3034 259 3070 sum3
283 3024 342 3060 sin
358 3031 484 3060 autem
505 3024 554 3060 ad
574 3023 680 3061 aliud
701 3037 772 3060 nos
799 3024 927 3062 divina
946 3026 1028 3073 lex,
1052 3026 1102 3062 ad
1118 3026 1222 3063 aliud

160 3090 339 3132 parentes
373 3083 543 3131 trahant,
572 3084 690 3121 dubia
719 3084 906 3120 electione
938 3086 1029 3131 visa,
1063 3086 1223 3122 melioia

161 3154 232 3178 nos
255 3143 364 3191 sequi
385 3150 563 3192 oportet,
598 3144 639 3179 in
666 3144 711 3180 iis
739 3144 865 3180 solum
891 3157 971 3180 non
1001 3145 1224 3182 obedientes

161 3201 405 3252 parentibus,
423 3203 463 3238 in
480 3203 645 3250 quibus
635 3204 708 3252 ipsi
726 3203 864 3240 divinis
877 3204 1025 3253 legibus
1042 3217 1121 3241 non
1136 3205 1224 3241 obe-

164 3259 289 3298 diunt.
329 3261 430 3297 Fieii
450 3261 551 3296 enim
585 3274 665 3298 non
689 3268 838 3311 potest,
858 3268 901 3298 ut
921 3262 951 3298 is
983 3263 1049 3311 qui
1075 3264 1225 3299 viitutis

164 3320 319 3370 regulas·
331 3317 534 3358 observare
553 3322 656 3368 vult,
682 3334 769 3357 cum
791 3322 865 3358 illis
895 3323 1128 3369 consentiat,
1158 3324 1224 3371 qui

166 3391 229 3417 eas
253 3379 413 3415 violant.
449 3381 494 3416 In
535 3381 678 3417 caeteris
709 3392 802 3417 vero
839 3382 1016 3418 omnibus
1049 3389 1225 3431 parentes

166 3451 315 3476 summo
334 3439 484 3476 honore
504 3451 796 3488 prosequemur,
819 3441 995 3490 corp01is
1013 3441 1224 3477 ministerio

167 3507 205 3537 et
221 3500 449 3536 facultatum
476 3507 602 3536 sumtu
618 3500 664 3536 iis
684 3511 800 3548 quam
823 3501 1078 3550 promtissime
1099 3500 1226 3537 deser-

167 3559 323 3596 vientes.
341 3559 506 3608 AEquum
528 3558 630 3595 enim
651 3564 706 3595 est
721 3569 786 3595 eos
802 3559 875 3597 illis
890 3560 945 3596 uti
967 3572 1063 3609 quos
1086 3571 1226 3609 genue-

2267 322 2345 357 427

1279 396 1444 448 διαδοχης
1466 396 1530 434 οὐκ
1546 395 1718 469 ἤρτηται,
1734 401 1835 437 τοῦτο
1853 399 2028 454 ἐλεύθερον
2046 404 2107 449 τῆς
2125 403 2176 442 ἀπ
2178 403 2344 444 ’ἐκείνων

1279 454 1484 499 δεσποτείας
1515 455 1658 509 ἀφίησιν
1686 458 1705 494 ὃ
1737 456 1866 508 νόμος,
1888 458 1948 496 καὶ
1980 459 2039 498 τὸν
2065 461 2172 505 ὄντως
2204 462 2344 515 πατέρα

1280 515 1394 560 ζητεῖν
1415 513 1716 567 παρακελεύεται,
1739 516 1899 555 κάκείνου
1917 517 2084 570 ἔχεσθαι,
2100 519 2162 558 καὶ
2177 524 2238 568 τῆς
2257 523 2346 575 πρὸς

1281 574 1410 612 ἐκεῖνον
1432 572 1630 623 ὁμοιώσεως
1649 573 1819 623 πλείστην
1836 575 2037 626 επιμέλειαν
2057 579 2244 619 ποιεῖσθαι.
2269 581 2345 621 Καὶ

1279 632 1389 677 οὕτως
1409 634 1590 686 ἀμφότερα
1611 634 1779 674 δύνασθαι
1799 636 2006 686 συμὸαίνει,
2021 638 2066 676 τά
2082 653 2119 677 τε
2137 642 2211 678 θεῖα
2229 641 2344 692 ἀγαθὰ

1281 693 1446 732 δύνασθαι
1464 700 1581 746 τηρεῖν
1602 695 1720 735 καὶτὰ
1742 695 1957 748 ἀνθρώπινα.
1980 697 2054 737 Καὶ
2068 698 2147 738 οὔτε
2165 700 2208 738 δι’
2229 700 2345 748 οἴησιν

1281 755 1405 806 ἀρετῆς
1435 753 1565 805 γονέων
1594 754 1780 807 θεραπείας
1801 755 2079 809 ὀλιγωρήσομεν,
2097 757 2175 796 οὔτε
2195 759 2252 797 διὰ
2279 758 2347 807 τὴν

1281 811 1426 859 ἀνόητον
1444 812 1576 858 ὕπειξιν
1590 813 1631 852 τὸ
1648 813 1811 866 μέγιστον
1831 817 1900 853 τῶν
1916 819 2034 854 κακῶν
2051 816 2215 856 ἀσέὸέιαν
2237 818 2347 857 εἰσδε-

1269 869 1421 921 ξόμεθα.
1444 873 1485 910 Εἰ
1504 872 1572 925 γὰρ
1593 873 1803 925 προτείνοιέν
1825 875 1972 912 θάνατον
2005 875 2054 926 μὴ
2084 876 2301 927 πειθομένοις
2319 876 2343 925 ἢ

1279 929 1408 983 κληρου
1431 931 1675 1007 ἀλλοτρίωσιν,
1691 933 1789 972 οὐδὲν
1809 933 2033 988 ἐκφοὸεῐσθαι
2064 936 2117 974 δεῖ
2137 939 2205 981 τοῖς
2230 937 2348 977 τοιού·

1278 1005 1350 1034 τοις
1364 1019 1375 1037 ,
1397 991 1475 1030 ἀλλ’
1494 985 1532 1030 ευ
1558 992 1687 1031 εἰδέναι
1707 992 1741 1031 τί
1760 992 1800 1032 τὸ
1820 997 1934 1032 ταῦτα
1961 993 2183 1046 πεισόμενον,
2208 996 2268 1035 καὶ
2290 996 2347 1036 ὅτι

1280 1042 1308 1102 ῳ
1343 1050 1530 1101 ἐγέννησαν
1567 1053 1751 1091 ἀπειλοῦσι
1787 1052 1902 1106 μόνῳ·
1921 1052 1960 1092 τὸ
1984 1052 2021 1092 δὲ
2055 1055 2187 1100 ἀπαθὲς
2210 1056 2342 1095 τούτων

1279 1108 1457 1183 ἐλεύθερον
1488 1110 1660 1163 προσήκει
1690 1112 1808 1164 τηρεῖν
1842 1112 1903 1151 καὶ
1942 1113 2038 1166 μόνω
2077 1117 2143 1168 θεῷ
2175 1116 2343 1161 ευπέιθές.

1279 1166 1379 1216 Τιμὴ
1412 1162 1470 1206 ουν
1492 1168 1619 1220 γονέων
1640 1173 1662 1218 ἡ
1691 1169 1822 1219 ὅντως,
1845 1171 1888 1218 ἣν
1918 1172 2058 1211 δίδωσιν
2080 1176 2098 1212 ὁ
2126 1177 2187 1221 τῆς
2220 1177 2347 1228 ἀρετης

1280 1226 1426 1277 σκοπός,
1450 1242 1539 1278 μητε
1560 1228 1737 1278 σωμάτων
1757 1229 1978 1281 φειδομένους
2008 1233 2103 1280 ἡμᾶς
2130 1232 2220 1282 μήτε
2248 1249 2344 1302 χρη-

1281 1278 1415 1330 μάτων,
1434 1280 1511 1319 ἀλλ’
1533 1280 1675 1325 ἑκόντας
1695 1282 1813 1326 αὐτοις
1833 1283 2072 1335 ὑποτετάχθαι
2094 1287 2142 1329 εἷς
2162 1286 2280 1325 πάντα
2300 1287 2345 1326 τὰ

1278 1342 1437 1379 τοιαῦτα,
1447 1334 1594 1393 ’Πρέπει
1605 1340 1673 1393 γὰρ
1687 1356 1777 1388 μητέ
1792 1357 1857 1389 την
1870 1342 1914 1379 δι’
1930 1343 2139 1396 αὖτουργίας
2156 1345 2345 1397 θεραπείαν

1279 1397 1338 1437 ἐπὶ
1370 1398 1499 1451 γονέων
1543 1404 1814 1453 παραιτεῖσθαι,
1839 1402 2108 1454 ἐνευσχημονεῖν
2140 1402 2176 1441 δὲ
2209 1405 2344 1455 μᾶλλον

1280 1458 1388 1511 αὐτῇ,
1407 1457 1524 1496 ὅσω
1508 1475 1548 1496 αν
1570 1460 1741 1509 μᾶλλον’
1726 1459 1889 1504 επίπονος
1909 1459 2055 1512 γένηται
2073 1477 2133 1500 και
2153 1463 2345 1517 δουλοπρε-

1278 1517 1370 1566 πής,
1393 1533 1484 1569 μητε
1512 1518 1632 1563 οὐσίας
1666 1519 1923 1571 δαπανωμένης
1953 1520 2142 1574 φειδωλοὺς
2171 1522 2345 1574 γίνεσθαι,

1279 1576 1370 1617 ἀλλὰ
1388 1576 1503 1617 πάντα
1523 1577 1611 1630 πρὸς
1629 1577 1726 1626 τὴν’
1712 1578 1852 1618 εκείνων
1871 1579 1995 1632 χρείαν
2015 1579 2165 1631 ἑτοίμως
2183 1581 2343 1635 παρέχε-

1279 1640 1380 1684 σθαι,
1404 1637 1594 1689 γέγηθότας
1623 1637 1685 1677 καὶ
1714 1638 1905 1689 ἡδομένους
1926 1638 1985 1677 ἐπὶ
2015 1645 2086 1683 τοῖς
2116 1642 2163 1684 εἷς
2195 1641 2348 1686 ἐκείνους

1278 1696 1397 1741 πόνοις
1416 1712 1454 1735 τε
1482 1713 1542 1736 και
1571 1696 1795 1747 ἀναλώμασι.
1819 1698 1869 1736 Τὸ
1898 1699 1966 1750 γὰρ
1988 1697 2205 1752 εὐχαρίστως
2232 1703 2343 1738 ταῦτα

1278 1762 1388 1795 ποιεῖν
1408 1755 1469 1795 καὶ
1485 1755 1543 1795 τὸν
1563 1772 1625 1803 της
1643 1757 1768 1808 ἀρετης
1797 1757 1960 1803 διασώζει
1991 1757 2095 1808 νόμον
2115 1758 2176 1796 καὶ
2204 1758 2263 1798 τὸν
2284 1775 2347 1805 της

1278 1817 1414 1871 φύσεως
1435 1816 1648 1855 ἀποδίδωσιν
1670 1815 1805 1869 ἔρανον.
1828 1815 1982 1863 Τοιαύτη
2005 1815 2067 1866 μὲν
2086 1820 2108 1864 ἡ
2128 1833 2198 1855 των
2215 1817 2347 1869 γονέων

1278 1960 1371 1989 runt
1405 1960 1521 2000 atque
1553 1951 1744 1989 aluerunt.
1767 1950 1883 1998 Quod
1908 1957 2035 1986 autem
2061 1951 2204 1988 subolis
2226 1964 2274 1988 ex
2299 1950 2348 1988 iis

1281 2019 1373 2049 ortae
1400 2024 1481 2048 non
1513 2018 1584 2057 est,
1605 2009 1646 2046 id
1681 2022 1702 2047 a
1738 2009 1915 2046 dominio
1953 2022 2088 2046 eorum
2114 2011 2251 2047 liberat
2283 2011 2346 2047 lex

1275 2071 1463 2120 jubetque
1478 2083 1614 2107 verum
1629 2076 1781 2119 patrem
1804 2082 1975 2118 quaerere
1995 2071 2106 2118 eique
2124 2071 2340 2116 adhaerere,

1280 2139 1396 2180 atque
1415 2130 1466 2168 ad
1482 2130 1562 2178 ejus
1575 2129 1864 2166 similitudinem
1880 2141 1919 2166 se
1930 2141 2046 2178 quam
2061 2141 2177 2166 accm
2180 2131 2347 2166 atisS1me

1280 2203 1527 2241 componere.
1556 2190 1682 2239 Atque
1712 2189 1764 2226 ita
1782 2188 1847 2237 fit,
1866 2196 1908 2225 ut
1937 2196 2099 2238 utraque
2130 2190 2338 2238 possimus,

1280 2258 1362 2286 tum
1397 2250 1527 2286 divina
1556 2249 1684 2299 bona,
1716 2256 1796 2285 tum
1829 2249 1994 2285 humana
2028 2260 2274 2294 conservare,
2308 2256 2347 2285 et

1279 2322 1405 2358 neque
1424 2310 1576 2345 virtutis
1596 2315 1786 2358 praetextu
1806 2308 2091 2345 observantiam
2119 2320 2191 2357 pal
2194 2308 2349 2344 entibus

1280 2369 1452 2405 debitam
1470 2369 1732 2418 negligamus,
1758 2379 1886 2416 neque
1905 2367 2022 2403 stulto
2041 2378 2129 2415 erga
2150 2379 2215 2403 eos
2232 2363 2346 2403 o'bse-

1281 2429 1372 2476 quio
1391 2428 1629 2476 impietatem
1648 2426 1915 2472 admittamus,
1938 2425 2046 2475 quod
2066 2432 2121 2462 est
2133 2426 2343 2462 maximum

1279 2486 1485 2524 malorum.
1523 2487 1562 2523 Si
1594 2487 1695 2523 enim
1727 2486 1784 2522 illi
1812 2485 1926 2522 nobis
1958 2498 2039 2522 non
2075 2484 2348 2522 obedientibus

1280 2560 1365 2584 mor
1370 2555 1444 2583 tem
1464 2547 1525 2583 vel
1551 2546 1888 2583 exheredationem
1907 2547 2115 2591 minentur,
2142 2545 2238 2581 nihil
2267 2546 2349 2582 istis

1280 2620 1351 2643 1105
1371 2607 1538 2643 territari
1560 2606 1764 2655 debemus,
1780 2605 1846 2642 sed
1868 2606 1940 2641 rite
1961 2604 2205 2640 considerale
2218 2632 2231 2651 ,
2251 2605 2345 2652 quid

1282 2667 1330 2703 sit
1349 2666 1455 2715 quod
1475 2666 1540 2703 illa
1559 2666 1728 2714 patietur
1758 2677 1899 2712 eosque
1919 2665 1974 2699 illi
1998 2670 2145 2700 tantum
2177 2664 2347 2699 minitari

1283 2726 1391 2775 quod
1422 2732 1660 2776 genuerunt,
1696 2725 1738 2761 id
1759 2732 1886 2761 autem
1913 2724 2020 2773 quod
2051 2724 2131 2760 haec
2158 2725 2240 2773 pati
2268 2738 2346 2761 non

1280 2792 1423 2835 potest,
1439 2786 1604 2822 liberum
1623 2785 1767 2821 servari
1788 2791 1942 2833 oportet
1958 2786 2120 2832 Deoque
2140 2785 2212 2820 soli
2231 2786 2347 2821 mori-

1282 2859 1428 2895 gerum.
1451 2848 1568 2882 Verus
1586 2846 1704 2895 igitur
1718 2852 1919 2895 parentum
1939 2845 2096 2880 honor
2087 2857 2116 2880 15
2139 2851 2192 2880 est
2204 2873 2214 2893 ⁷
2231 2857 2344 2893 quem

1280 2906 1465 2955 permittit
1482 2906 1633 2942 virtutis
1648 2918 1810 2955 scopus,
1834 2912 1878 2941 ut
1897 2917 1968 2941 nec
1999 2904 2230 2954 corporibus
2267 2917 2342 2941 no-

1281 2966 1366 3002 stris
1385 2977 1456 3002 nec
1481 2966 1654 3015 pecuniae
1670 2977 1894 3014 parcamus,
1928 2965 1995 3001 sed
2027 2964 2192 3001 libenter
2223 2964 2269 3000 iis
2307 2965 2347 3000 in

1284 3024 1473 3072 ejusmodi
1493 3025 1607 3061 rebus
1629 3025 1808 3061 omnibus
1841 3024 2079 3061 obediamus.
2105 3023 2224 3061 Decet
2244 3024 2344 3059 enim

1282 3096 1352 3120 nos
1382 3097 1505 3133 neque.
1526 3085 1711 3121 manibus
1732 3085 1875 3121 nostlis
1900 3083 2109 3120 obeunda
2099 3096 2139 3118 111
2170 3090 2350 3130 parentes

1285 3143 1409 3181 officia
1426 3145 1656 3191 detrectare,
1672 3145 1740 3182 sed
1755 3146 1820 3182 illa
1840 3157 1885 3181 eo
1903 3144 2022 3193 magis
2037 3142 2169 3179 decori
2190 3140 2346 3186 duceie,

1285 3216 1362 3252 quo
1383 3205 1502 3254 magis
1517 3205 1677 3241 molesta
1692 3212 1780 3242 sunt
1797 3212 1834 3241 et
1854 3204 2171 3250 se1ulm,neque
2189 3200 2347 3236 faculta-

1285 3270 1365 3300 tum
1384 3265 1525 3300 suintui
1545 3277 1733 3314 parcere,
1752 3263 1818 3300 sed
1846 3263 1976 3299 omnia
2006 3268 2161 3310 promte
2185 3261 2225 3295 in
2252 3258 2349 3294 illo-

1284 3334 1368 3358 rum
1385 3335 1496 3359 usum
1517 3323 1709 3369 conferre,
1729 3322 1940 3373 gaudentes
1959 3322 2219 3366 laetantesque
2236 3316 2346 3353 labo—

1285 3383 1392 3419 ribus
1418 3396 1461 3420 ac
1490 3384 1705 3420 sumtibus
1695 3396 1733 3419 1n
1761 3395 1896 3419 eorum
1922 3379 2127 3418 commoda
2152 3377 2346 3425 impensis

1288 3442 1363 3489 Qui
1391 3443 1493 3479 enim
1516 3443 1598 3479 haec
1617 3450 1725 3491 grato
1746 3443 1874 3478 animo
1903 3446 2075 3490 praestat,
2108 3438 2139 3473 is
2175 3443 2254 3471 tum
2271 3436 2348 3472 vir·

1290 3502 1380 3538 tutis
1400 3502 1522 3552 legem
1555 3502 1750 3549 observat,
1775 3508 1855 3537 tum
1883 3507 2028 3536 naturae
2064 3496 2232 3533 debitam
2257 3505 2348 3542 gia—

1292 3561 1380 3597 tiam
1414 3562 1545 3598 refert.
1584 3560 1814 3609 Hujusmodi
1857 3560 1974 3609 igitui
2015 3564 2070 3594 est
2100 3556 2244 3598 honor,
2281 3554 2348 3601 qui
