2612 3814
44 2726 51 2738 a
30 2586 65 2712 25³³1÷22v232
32 2346 68 2579 μουὶῑίἒξξῑεῡ-ὲῖζῗ
35 2251 62 2331 ’Μ’-ΤΜ
31 2223 51 2235 2
28 2147 62 2204 ,εἷ
52 2109 65 2128 L-
52 2086 60 2099 -.
54 2069 56 2071 v
31 1894 69 2053 „afri-J*

979 260 1048 300 DE
1084 261 1302 301 MELISSO
1354 261 1466 302 ETC.

322 363 381 449 ⁴11
393 397 502 448 Epi
551 391 1068 450 ΞΕΝΟΦΑΝΟΥΣ.

599 506 722 545 ΚΕΦ.
752 505 798 557 γ’.

226 585 411 627 Ἀδύνατόν
429 601 534 639 φησιν
551 580 662 634 εἶναι,
684 586 716 626 εἴ
734 603 768 626 τι
793 586 891 637 ἔστι,
921 588 1103 641 γενέσθαι,
1125 593 1227 630 τοῦτο

53 656 65 682 ς
119 658 154 686 15
174 645 285 698 λέγων
306 645 363 684 ἐπὶ
383 649 445 685 τοῦ
463 648 542 684 θεοῦ
555 662 564 670 ·
579 647 717 698 ἀνάγκη
738 647 806 701 γὰρ
823 647 900 696 ἤτοι
928 648 962 694 ἐξ
989 649 1110 701 ὁμοίου
1140 650 1163 697 ἢ
1192 649 1225 695 ἐξ

50 701 53 712 r

173 703 337 755 ἀνομοίου
356 705 516 756 γενέσθαι
533 705 571 744 τὸ
586 705 806 759 γιγνόμενον.
865 708 1022 747 Δυνατὸν
1039 707 1075 747 δὲ
1089 708 1226 747 οὐδέτε-

174 777 250 818 ρον·
271 762 348 802 οὔτε
367 763 434 817 γὰρ
454 762 572 816 ὅμοιον
593 765 649 819 ὑφ’
667 765 788 818 ὁμοίου
805 765 996 818 προσήκειν
1011 770 1224 815 τεκνωθῆναι

162 819 304 869 ’μᾶλλον
325 817 347 865 ἢ
370 821 560 857 τεκνῶσαι·
595 821 707 857 ταῦτα
739 819 808 871 γὰρ
829 818 970 859 ἅπαντα
993 825 1066 864 τοῖς
1083 836 1121 870 γε
1135 820 1224 864 ἴσοις

168 876 227 916 καὶ
254 877 386 928 ὁμοίοις
405 879 470 930 οὐχ
487 877 658 931 ὑπάρχειν
673 877 759 931 πρὸς
775 878 928 927 ἄλληλα,
946 878 1018 918 οὔτ’
1033 877 1075 917 ἂν
1093 880 1127 924 ἐξ
1144 882 1222 919 ἀνο-

2251 279 2326 312 293

1292 351 1392 402 μοίου
1406 351 1590 400 τάνόμοιον
1610 352 1787 405 γενέσθαι.
1848 356 1893 394 Εἰ
1906 354 1974 408 γὰρ
1992 356 2143 408 γίγνοιτο
2158 359 2192 403 ἐξ
2204 360 2344 397 ἀσθενε-

1290 409 1414 463 στέρου
1432 411 1474 450 τὸ
1501 412 1725 466 ἰσχυρότερον
1745 411 1768 460 ἢ
1788 412 1823 458 ἐξ
1854 413 2036 459 ἐλάττονος
2057 416 2096 455 τὸ
2119 420 2236 468 μεῖζον
2262 418 2284 466 ἢ
2308 420 2346 457 ἐκ

1288 464 1442 517 χείρονος
1471 466 1512 504 τὸ
1544 471 1702 518 κρεῖττον
1732 465 1754 514 ἢ
1781 468 1982 507 τοῦναντίον
2009 468 2054 507 τὰ
2079 470 2188 523 χείρω
2218 474 2257 510 ἐκ
2275 474 2345 510 τῶν

1289 524 1509 576 κρειττόνων,
1540 525 1581 565 τὸ
1595 524 1632 564 ὂν
1652 527 1685 572 ἐξ
1706 527 1770 566 οὐκ
1789 525 1884 571 ὄντος
1898 526 1939 566 ἂν
1955 529 2130 581 γενέσθαι,
2155 529 2238 582 ὅπερ
2260 533 2342 571 ἀδύ-

1287 600 1402 623 νατον·
1425 584 1533 624 ἀΐδιον
1554 585 1617 636 μὲν
1645 582 1704 626 οὖν
1735 586 1793 625 διὰ
1818 590 1931 626 ταῦτα
1950 581 2039 627 εἶναι
2068 588 2126 627 τὸν
2148 590 2239 631 θεόν.
2298 593 2344 632 Εἰ

1288 645 1318 682 δ’
1335 643 1429 684 ἔστιν
1456 647 1474 684 ὁ
1495 645 1569 691 θεὸς
1598 645 1763 684 ἁπάντων
1794 645 1998 699 κράτιστον,
2027 647 2088 686 ἕνα
2110 648 2213 701 φησὶν
2240 650 2343 689 αὐτὸν

1390 703 1400 718 t
1503 698 1520 706 ⁸
1638 706 1649 721 a
1697 704 1707 721 ι
1792 704 1800 717 ι
1959 705 1967 720 t
2059 702 2079 720 ‘a'
2173 710 2184 723 a
2233 708 2250 723 «ι
2296 709 2311 725 ν
2383 721 2392 727 .

1286 717 1475 755 προσηκεῑν
1492 707 1600 743 Εἶναι·
1621 720 1651 744 Et
1670 721 1737 757 γαρ
1762 705 1823 745 δυο
1841 704 1864 752 ἢ
1887 707 2025 751 πλειους
2048 723 2131 759 elev,
2152 723 2213 747 ουκ
2233 725 2274 747 αν
2293 726 2342 748 stt

1286 762 1471 813 κράτιστον
1492 764 1552 802 καὶ
1569 763 1749 816 βέλτιστον
1773 763 1876 802 αὐτὸν
1897 757 1985 804 εἶναι
2009 765 2150 805 πάντων
2165 783 2173 791 ·
2195 766 2340 812 ἕκαστος

1285 821 1352 874 γὰρ
1369 822 1417 861 ὢν
1439 825 1507 861 τῶν
1542 824 1683 862 πολλῶν
1715 822 1844 875 ὁμοίως
1869 826 1911 861 ἂν
1935 829 2088 870 τοιοῦτος
2104 825 2173 874 εἴη.
2233 830 2343 866 Τοῦτο

1285 880 1353 933 γὰρ
1401 881 1455 920 εὸν
1484 882 1545 920 καὶ
1574 886 1651 922 θεοῦ
1678 883 1825 934 δύναμιν
1858 878 1969 933 εἶναι,
2000 888 2155 939 κρατεῖν,
2176 885 2268 925 ἀλλὰ
2292 886 2341 935 μὴ

176 1009 2341 1029 ——-——-————-———————————-—„-.—

517 1104 655 1136 CAPUT
676 1104 874 1136 TERTIUM.

214 1160 360 1193 Secunda
392 1160 490 1192 libelli
516 1169 590 1201 pars
625 1170 698 1202 qnae
725 1162 857 1194 tertium
881 1162 913 1194 et
941 1165 1093 1203 quartum
1128 1166 1223 1204 capnt

172 1208 395 1249 complectitur
423 1209 599 1241 rectissime
623 1210 656 1241 in
686 1209 795 1242 codice
817 1210 972 1259 Lipsiensi
989 1211 1168 1252 pariterque
1192 1212 1223 1243 in

170 1255 240 1288 aliis
260 1256 349 1287 libris
366 1264 447 1297 quos
466 1256 607 1297 inspexit
621 1256 782 1290 Bekkerus
794 1281 803 1295 ,
825 1257 953 1289 duobus
965 1258 1151 1296 Marcianis,
1167 1261 1224 1291 Pa-

170 1302 270 1334 latino
289 1303 466 1341 Vaticano,
488 1303 644 1335 Urbinate
663 1305 695 1336 et
714 1303 892 1344 parisiensi,
908 1304 1134 1347 Ἀριστοτέλους
1154 1307 1223 1348 περὶ

169 1348 364 1391 Ξενοφάνους
380 1349 573 1391 inscribitur,
593 1360 693 1391 quum
707 1351 849 1392 ineptam
866 1351 898 1384 in
919 1352 1048 1393 reliquis
1064 1354 1222 1395 exempla-

170 1396 258 1428 ribus
274 1396 513 1437 inscriptionem
528 1398 596 1440 περὶ
617 1398 757 1437 Ζήνωνος
776 1399 808 1431 in
820 1399 923 1431 fronte
943 1401 1043 1440 gerat.

211 1452 243 1484 p.
265 1446 336 1478 977.
360 1453 390 1477 a.
411 1447 460 1478 14.
477 1445 639 1478 Ἀδύνατόν
656 1457 748 1487 φησιν
762 1447 859 1487 εἶναι,
873 1447 898 1479 εἷ
912 1459 942 1479 τι
956 1447 1022 1479 ἔστι
1034 1472 1043 1489 ,
1060 1449 1221 1488 γενέσθαι,

168 1494 261 1524 τοῦτο
276 1492 375 1532 λέγων
397 1492 447 1524 ἐπὶ
466 1496 521 1524 τοῦ
545 1494 627 1525 θεοῦ.
649 1493 769 1534 ἀνάγκη
789 1493 848 1536 γὰρ
871 1494 940 1533 ἦτοι
958 1495 988 1532 ἐξ
1014 1496 1131 1535 ὁμοίων
1147 1497 1167 1535 ἢ
1195 1497 1223 1533 ἐξ

169 1539 325 1581 ἀνομοίων
335 1539 476 1580 γενέσθαι
487 1540 522 1572 τὸ
536 1540 713 1583 γενόμενον.
727 1542 788 1573 Hic
799 1541 872 1573 cod.
888 1542 977 1582 Lips.
992 1542 1060 1579 ἦτοι
1071 1542 1102 1579 ἐξ
1115 1543 1224 1583 ὁμοίου

169 1587 189 1625 ἢ
206 1587 235 1623 ἐξ
258 1587 408 1628 ἀνομοίου
431 1588 574 1629 γενέσθαι
588 1589 624 1620 τὸ
639 1588 824 1630 γενόμενον,
844 1588 876 1621 id
895 1589 979 1629 quoii
1001 1593 1033 1621 et
1048 1590 1153 1630 aptius
1174 1593 1224 1621 est

169 1635 299 1676 vulgato
312 1636 344 1668 et
357 1635 565 1667 confirmatur
581 1636 733 1677 Simplicii
753 1636 859 1668 verbis
875 1637 1058 1669 comment.
1077 1636 1109 1669 in
1125 1637 1222 1669 Arist.

170 1683 267 1723 Phys.
280 1683 334 1715 sol.
359 1687 379 1715 ὃ
398 1691 416 1714 a
431 1695 440 1715 ε
461 1682 610 1723 ἀγένητον
626 1684 659 1716 δὲ
673 1683 824 1716 ἐδείκνυεν
839 1684 873 1716 ἐκ
885 1686 941 1716 τοῦ
955 1684 1016 1716 δεῖν
1031 1684 1067 1718 τὸ
1084 1684 1224 1726 γιγνόμε-

170 1742 222 1762 νον
249 1731 269 1769 ἢ
287 1731 315 1766 ἐξ
335 1730 446 1771 ὁμοίου
475 1731 495 1769 ἢ
516 1730 545 1767 ἐξ
573 1730 721 1772 ἀνομοίου
740 1730 912 1772 γίγνεσθαι.
930 1731 1085 1763 Brandisii
1103 1732 1225 1773 opinio-

170 1786 265 1818 nem,
284 1778 339 1818 qui
359 1777 459 1817 prima
482 1778 579 1818 liujus
595 1777 708 1819 capitis
730 1779 827 1812 verba
847 1787 864 1811 e
882 1777 985 1819 primo
1012 1778 1110 1819 liujus
1129 1779 1223 1812 libelli

171 1824 275 1866 capite
295 1826 416 1856 temere
433 1823 584 1855 arcessita
603 1826 695 1864 putat
716 1826 814 1866 atque
830 1833 848 1856 a
875 1825 1084 1866 Xenophanis
1102 1826 1223 1858 ratione

171 1871 276 1904 aliena
294 1871 395 1903 videri
410 1870 505 1910 dicit,
517 1879 644 1912 nequeo
659 1871 880 1912 comprobare.
898 1872 1008 1912 Neque
1025 1872 1109 1904 enini
1128 1873 1222 1905 dubi-

169 1919 218 1950 tat
234 1918 444 1959 philosophus
465 1918 548 1949 sitne
566 1918 686 1959 aliquid
712 1927 751 1950 an
776 1927 839 1950 non
867 1918 928 1959 sit,
954 1918 1008 1951 sed
1036 1920 1142 1961 potius
1165 1921 1224 1953 hac

170 1965 329 1998 sententia
351 1973 421 1997 esse
437 1964 556 2005 aliquid
581 1965 744 1997 contendit
771 1967 807 1997 ut
827 1974 864 1997 ea
888 1974 961 2007 quae
981 1967 1077 2007 paulo
1094 1967 1225 2000 inferius

170 2011 274 2053 posita
290 2014 338 2044 est
354 2011 574 2043 enuntiatione
595 2012 660 2043 εἶδ’
675 2013 758 2045 ἔστιν
773 2012 790 2044 ὁ
808 2013 873 2049 θεὸς
893 2013 1039 2045 ἁπάντων
1059 2014 1225 2056 κράτιστον

169 2071 202 2090 κ.
215 2070 245 2091 τ.
261 2060 291 2091 λ.
308 2058 498 2091 Karstenius
519 2058 625 2090 deleto
645 2070 694 2100 τι,
714 2060 988 2100 quemadmodum
1005 2060 1037 2092 in
1057 2062 1224 2093 Parmeni-

170 2106 219 2138 dis
234 2106 320 2139 dicto
341 2106 434 2139 ’ἔστιν
458 2106 476 2145 ἢ
502 2105 560 2137 οὐκ
586 2105 688 2145 ἔστιν,
709 2106 879 2147 legendum
910 2107 1041 2148 conjicit
1074 2108 1225 2141 ἀδύνατόν

169 2163 279 2193 φησιν,
293 2152 378 2195 εἴπερ
388 2152 457 2185 ἔστι
468 2177 476 2192 ,
495 2152 638 2194 γενέσθαι
652 2161 690 2184 eo
707 2161 801 2185 sensu
812 2178 822 2194 ‚
844 2156 880 2185 ut
896 2153 937 2185 sit
950 2155 985 2186 τὸ
1004 2155 1174 2197 εἰλικρινῶς
1191 2156 1225 2188 ὃν

170 2200 289 2238 γένεσιν
302 2200 403 2242 ἔχειν,
424 2199 585 2232 ἀδύνατον.
607 2199 668 2233 Sed
692 2199 762 2232 haec
781 2201 830 2233 vis
849 2200 882 2232 in
896 2201 1024 2242 vulgata
1035 2203 1132 2235 etiam
1150 2203 1226 2235 scri-

171 2249 265 2289 ptura
285 2247 379 2279 inest.

215 2301 264 2327 16.
277 2295 412 2327 Δυνατὸν
429 2295 461 2327 δὲ
476 2295 643 2338 οὐδέτερον.
661 2294 731 2327 οὔτε
745 2295 803 2337 γὰρ
817 2296 925 2336 ὅμοιον
939 2296 987 2339 ὑφ’
999 2298 1111 2340 ὁμοίου
1127 2310 1223 2341 προσ-

170 2342 257 2379 ήκειν
278 2343 467 2381 τεκνωθῆναι
494 2343 607 2383 μᾶλλον
635 2344 655 2382 ἢ
685 2346 839 2375 τεκνῶσαι
864 2345 983 2384 (ταύτὰ
1015 2347 1075 2388 γὰρ
1103 2347 1226 2379 ἅπαντα

170 2393 235 2425 τοῖς
251 2400 286 2430 γε
305 2389 386 2426 ἴσοις
409 2390 430 2429 ἢ
453 2389 572 2431 ὁμοίοις
597 2390 748 2433 ὑπάρχειν
766 2392 841 2432 πρὸς
867 2392 1004 2434 ἄλληλα)
1027 2394 1092 2427 οὔτ’
1123 2396 1160 2427 ἄν
1196 2396 1227 2432 ἐξ

172 2436 322 2476 ἀνομοίου
334 2436 370 2467 τὸ
400 2435 548 2477 ἀνόμοιον
562 2435 714 2477 γενέσθαι.
741 2440 790 2470 lta
810 2439 993 2481 Bekkertis,
1015 2442 1068 2473 sed
1091 2441 1153 2473 bac
1175 2451 1240 2482 νὼ,

171 2482 261 2514 tione
279 2481 386 2514 locum
405 2482 501 2514 scrib'i
531 2491 596 2515 non
626 2492 719 2524 posse
740 2485 806 2525 jam
838 2490 1070 2526 perspexerunt
1094 2489 1225 2520 Brandi-

172 2529 239 2569 sius
255 2529 286 2560 in
301 2530 426 2561 Gomm.
447 2530 564 2562 Eleatt.
582 2539 614 2572 p.
639 2536 678 2564 26
699 2532 732 2564 et
743 2532 934 2564 Karstenius
947 2534 1094 2575 Xenopli.
1114 2544 1143 2576 p.
1170 2540 1222 2569 lot

173 2586 191 2609 e
206 2577 285 2608 libro
302 2575 458 2618 Lipsiensi
476 2578 671 2618 corrigentes
686 2582 751 2616 τοῖς
768 2590 805 2619 γε
816 2579 899 2616 ἴσοις
915 2580 1043 2622 ὁμοίως.
1066 2584 1227 2616 Praeterea

172 2623 360 2656 Karstenius
377 2623 503 2663 conjicit
522 2625 621 2656 ταύτὰ
645 2625 704 2667 γὰρ
733 2624 857 2657 ἅπαντα
873 2625 945 2667 (vel
984 2628 1131 2670 ἁπάντη)
1149 2630 1226 2667 ἴσως

173 2673 236 2708 τοῖς
254 2671 374 2712 ὁμοίοις
398 2670 560 2713 ὑπάρχειν.
587 2675 628 2704 At
652 2681 692 2704 ne
719 2672 780 2704 boc
796 2673 926 2714 quidem
946 2677 1226 2710 accommodatum

175 2722 240 2760 est,
260 2728 368 2760 neque
398 2719 430 2751 id
460 2719 548 2761 quod
570 2720 682 2752 volunt
706 2721 764 2753 viri
790 2720 875 2754 docti
901 2722 932 2754 in
966 2724 1140 2766 exemplari
1170 2726 1226 2758 Li-

177 2767 294 2805 psiensi
315 2770 430 2799 exstat.
448 2768 496 2799 lbi
516 2767 601 2800 enim
620 2767 734 2800 Beckio
761 2770 841 2801 teste
871 2770 1029 2810 reperitur
1047 2774 1147 2803 ταῦτα
1170 2772 1228 2815 γὰρ

175 2814 299 2846 ἅπαντα
314 2817 377 2851 τοῖς
390 2824 427 2853 γε
443 2814 525 2851 ἴσοις
549 2815 604 2847 καὶ
622 2816 757 2856 ὁμοίως,
774 2814 860 2856 quod
883 2815 1034 2856 Bergkius
1057 2817 1102 2849 sic
1118 2826 1227 2850 emen-

175 2860 265 2893 davit
280 2873 288 2893 :
305 2863 403 2893 ταῦτα
412 2861 472 2904 γὰρ
490 2861 612 2894 ἅπαντα
624 2865 687 2899 τοῖς
697 2873 733 2904 γε
747 2862 828 2899 ἴσοις
848 2862 902 2894 καὶ
920 2863 1038 2903 ὁμοίοις
1057 2864 1116 2906 οὐχ
1129 2864 1225 2907 ὑπάρ-

176 2919 242 2950 χειν
251 2908 325 2949 πρὸς
341 2908 469 2948 ἄλληλα,
485 2908 505 2940 i.
522 2917 551 2941 e.
568 2910 605 2941 τὸ
619 2914 772 2942 τεκνῶσαι
785 2910 839 2941 καὶ
852 2910 888 2942 τὸ
901 2911 1100 2950 τεκνωθῆναι.
1120 2914 1231 2953 Neque

177 2954 261 2987 aliud
279 2957 326 2987 est
351 2955 438 2996 quod
460 2956 644 2997 Simplicius
661 2957 683 2989 l.
701 2965 730 2989 c.
758 2957 875 2989 refert:
892 2957 970 2989 ἀλλὰ
985 2958 1021 2989 τὸ
1044 2958 1099 2998 μὲν
1122 2959 1229 3001 ὅμοιον

178 3002 292 3039 ἀπαθές
305 3013 396 3044 φησιν
424 3003 486 3035 ὑπὸ
511 3006 567 3035 τοῦ
595 3003 716 3044 ὁμοίου.
734 3003 824 3037 Adde
852 3006 940 3036 Sext.
962 3005 1084 3044 Empir.
1107 3006 1228 3046 Hypot.

177 3050 205 3082 l.
226 3052 286 3083 225
300 3059 309 3081 t
329 3050 507 3091 ἑδογμάτιζε
521 3051 553 3083 δὲ
566 3052 742 3092 Ξενοφάνης
754 3050 839 3093 παρὰ
851 3051 906 3088 τὰς
921 3055 985 3084 τῶν
998 3052 1099 3084 ἄλλων
1116 3053 1228 3096 ἀνθρώ.

178 3107 246 3128 πων
260 3097 427 3139 προλήψεις
447 3098 478 3130 ἓν
493 3099 571 3130 εἶναι
588 3100 624 3131 τὸ
640 3102 702 3131 πᾶν
718 3100 771 3131 καὶ
787 3099 839 3131 τὸν
853 3099 921 3130 θεὸν
941 3103 1065 3141 συμφυῆ
1087 3104 1150 3138 τοῖς
1166 3105 1228 3134 πᾶ-

179 3154 248 3183 σιν,
258 3143 335 3176 εἶναι
348 3144 381 3176 δὲ
396 3146 573 3187 σφαιροειδῆ
589 3147 642 3178 καὶ
656 3146 761 3185 ἀπαθῆ
774 3147 827 3178 καὶ
844 3146 1056 3187 ἀμετάὸλητον
1073 3148 1126 3179 καὶ
1143 3149 1229 3190 λογι-

179 3189 248 3222 κόν.
261 3190 413 3223 Extrema
433 3191 499 3224 οὔτ’
517 3194 556 3226 ἂν
572 3194 603 3230 ἐξ
618 3193 767 3235 ἀνομοίου
792 3194 828 3227 τὸ
845 3193 991 3234 ἀνόμοιον
1011 3196 1153 3236 γενέσθαι
1174 3206 1230 3237 pro

182 3236 304 3279 quibus
324 3239 422 3279 vulgo
448 3239 531 3273 male
549 3241 700 3274 scribitur
715 3241 780 3274 οὔτ’
794 3243 831 3275 ἂν
847 3243 877 3280 ἐξ
904 3242 1054 3283 ἀνομοίου
1078 3243 1144 3276 οὔτ’
1160 3244 1230 3277 ἀνό-

183 3294 271 3325 μοιον
283 3285 426 3325 γενέσθαι
445 3294 464 3319 e
489 3287 562 3320 cod.
594 3288 681 3330 Lips.
701 3290 890 3322 emendasse
911 3298 946 3325 se
961 3289 1039 3322 dicit
1055 3290 1230 3324 Bekkerus.

182 3333 225 3363 At
239 3330 283 3363 ibi
312 3331 449 3366 habetur
474 3334 651 3377 τάνὸμοιον,
667 3336 755 3377 quod
778 3346 878 3378 quum
900 3337 932 3369 in
954 3337 1017 3370 alio
1039 3338 1147 3370 nescio
1166 3348 1232 3380 quo

175 3377 358 3419 ,exemplari
384 3388 459 3412 cum
489 3383 682 3422 praecedenti
709 3392 786 3417 voce
809 3384 951 3426 junctim
971 3385 1126 3426 scriptum
1147 3390 1232 3419 esset

184 3424 518 3469 ἀνομοίουτάνὸμοιον,
543 3431 738 3472 corruptioni
766 3432 873 3465 locum
899 3432 996 3465 dedit.
1028 3434 1077 3466 De
1111 3433 1232 3475 reliquo

185 3481 261 3507 cum
304 3474 458 3515 Lipsiensi
486 3477 594 3510 codice
617 3479 767 3512 Feliciani
810 3480 1030 3521 interpretatio
1060 3482 1231 3513 consentit.

187 3521 280 3558 Quod
298 3523 484 3556 Karstenius
499 3525 564 3566 ait,
581 3525 765 3567 diligentem
793 3528 999 3569 scriptionem
1017 3528 1178 3570 postulare
1196 3529 1232 3561 τὸ

1285 1105 1392 1146 ὅμοιον
1417 1106 1466 1147 ὑφ’
1493 1108 1624 1148 ὁμοίου,
1643 1110 1679 1139 ul
1701 1118 1775 1140 mox
1807 1109 1923 1142 dicitur
1944 1111 2008 1143 οὔτ’
2028 1112 2065 1143 ἂν
2086 1112 2114 1148 ἐξ
2137 1112 2285 1152 ἀνομοίου
2306 1115 2341 1147 τὸ

1286 1154 1451 1195 ἀνόμοιον,
1475 1165 1528 1195 per
1549 1165 1583 1187 se
1602 1157 1731 1197 quidem
1756 1167 1867 1190 verum
1889 1161 1957 1199 est,
1971 1160 2026 1191 sed
2049 1161 2250 1194 Aristotelem
2275 1165 2340 1195 Xe-

1287 1201 1444 1241 noplianis
1479 1203 1623 1234 carmina
1660 1204 1798 1244 pedestri
1836 1206 1980 1238 oratione
2012 1207 2274 1247 interpretantem
2307 1210 2339 1242 in

1285 1249 1465 1281 omittendo
1489 1250 1626 1282 articulo
1648 1253 1751 1292 poetae
1770 1253 1900 1293 vestigia
1919 1253 2009 1295 sequi
2034 1257 2174 1295 apparet.
2219 1257 2339 1289 Ultima

1285 1298 1372 1327 recte
1384 1296 1507 1337 accepit
1525 1298 1712 1329 Karstenius
1734 1299 1872 1340 περὶτοῦ
1889 1300 1993 1338 ὄντος,
2007 1305 2083 1333 sunt
2100 1302 2194 1344 igitur
2209 1305 2340 1344 perinde

1285 1343 1523 1384 interpretanda
1541 1353 1578 1376 ac
1599 1345 1625 1378 si
1647 1345 1772 1378 dicatur
1791 1347 1905 1379 οὔτ’-ἀν
1920 1348 1949 1385 ἐξ
1967 1348 2116 1390 ἀνομοίου
2139 1350 2285 1393 ἀνόμοιον
2304 1355 2340 1386 τὸ

1285 1390 1318 1422 ὃν
1334 1392 1487 1428 γενέσθαι.
2280 1428 2282 1430 ,

1328 1442 1379 1470 20.
1394 1439 1431 1469 Εἰ
1457 1438 1516 1480 γὰρ
1531 1438 1667 1480 γίγνοιτο
1686 1441 1716 1478 ἐξ
1741 1441 1961 1484 ἀσθενεστέρου
1987 1442 2034 1476 ‘rb‘
2049 1444 2248 1488 ἰσχυρότερον
2272 1448 2291 1485 ἢ
2313 1448 2341 1484 ἐξ

1285 1485 1444 1522 ἐλάττονος
1460 1487 1495 1518 τὸ
1517 1490 1618 1527 μεῖζον
1636 1488 1655 1526 ἢ
1677 1488 1712 1520 ἐκ
1729 1489 1866 1530 χείρονος
1883 1491 1918 1522 τὸ
1945 1494 2080 1532 κρεῖττον
2092 1517 2100 1531 ,
2120 1494 2139 1531 ἢ
2163 1493 2339 1526 τούναντίον

1284 1533 1322 1563 τὰ
1338 1533 1434 1574 χείρω
1450 1533 1486 1564 ἐκ
1504 1537 1566 1564 τῶν
1581 1535 1782 1577 κρειττόνων,
1800 1537 1834 1568 τὸ
1853 1538 1910 1569 οὐκ
1924 1537 1957 1569 ὃν
1981 1539 2011 1575 ἐξ
2024 1538 2110 1576 ὄντος
2133 1541 2170 1572 ἂν
2185 1542 2337 1580 γενέσθαι.

1286 1580 1452 1622 Pleraeque
1466 1582 1621 1614 editiones
1635 1583 1755 1616 habent
1771 1586 1806 1618 τὸ
1821 1587 1878 1617 οὐκ
1893 1587 1923 1623 ἐξ
1935 1587 2021 1624 ὄντος
2039 1589 2076 1620 ἂν
2090 1589 2241 1628 γενέσθαι.
2258 1589 2337 1622 Cod.

1288 1628 1373 1669 Lips.
1393 1628 1429 1660 τὸ
1449 1629 1507 1661 οὐκ
1524 1629 1558 1661 ὃν
1573 1630 1603 1667 ἐξ
1618 1628 1707 1668 ὄντος
1722 1633 1760 1664 ἂν
1777 1634 1919 1672 γενέσθαι
1934 1658 1943 1674 ,
1963 1635 2050 1675 quod
2072 1635 2189 1676 placuit
2208 1637 2340 1669 Brandi-

1285 1675 1334 1707 sio
1350 1678 1477 1709 Comm.
1499 1677 1606 1710 Eleatt
1623 1703 1631 1719 ,
1650 1680 1792 1711 Cousino
1812 1681 1922 1722 fragm.
1942 1682 2020 1722 phil.
2036 1684 2067 1714 et
2088 1682 2241 1715 Bekkero,
2268 1686 2339 1716 Non

1287 1723 1368 1754 male
1386 1726 1492 1756 tamen
1513 1726 1703 1758 Karstenius
1724 1727 1852 1768 scripsit
1880 1730 1915 1761 τὸ
1932 1730 1966 1762 ὃν
1984 1730 2013 1767 ἐξ
2030 1731 2087 1763 οὐκ
2109 1731 2194 1768 ὄντος
2212 1736 2340 1773 propter

1286 1769 1441 1810 Simplicii
1459 1773 1559 1804 verba
1577 1773 1598 1805 1.
1615 1782 1643 1805 c.
1659 1775 1685 1806 εἶ
1701 1775 1732 1806 δὲ
1752 1775 1781 1812 ἐξ
1798 1776 1946 1817 ἀνομοίου
1962 1777 2098 1818 γίγνοιτο
2111 1803 2120 1819 ,
2138 1778 2225 1810 ἔσται
2251 1780 2285 1811 τὸ
2305 1780 2338 1812 ὃν

1286 1817 1322 1849 ἐκ
1348 1821 1406 1850 τοῦ
1430 1820 1472 1860 μὴ
1490 1820 1588 1858 ὄντος.
1621 1822 1754 1855 Accedit
1773 1824 1858 1864 quod
1887 1825 2066 1857 Felicianus
2086 1827 2211 1859 videtur
2227 1828 2338 1861 eodem

1288 1865 1383 1897 modo
1403 1866 1434 1898 in
1452 1876 1511 1899 suo
1528 1867 1610 1900 libro
1627 1870 1782 1911 scriptum
1857 1872 1970 1905 enisse.
1990 1874 2095 1906 Vertit
2115 1875 2200 1907 enim
2224 1885 2233 1907 :
2258 1889 2274 1905 κ
2301 1886 2337 1909 ex

1287 1921 1351 1944 non
1366 1916 1439 1945 ente
1459 1914 1623 1956 quippiam
1639 1917 1831 1951 efficeretur.
1847 1932 1863 1947 ν
1881 1920 1946 1952 Etsi
1961 1923 2070 1953 autem
2088 1922 2221 1963 intelligi
2235 1926 2340 1964 potest

1286 1960 1371 2001 quod
1393 1962 1525 1996 exhibet
1535 1963 1613 1996 liber
1628 1965 1804 2007 Lipsiensis
1816 1992 1824 2007 ,
1849 1970 1954 2000 tamen
1974 1970 2126 2010 quoniam
2140 1971 2194 2003 liic
2211 1971 2250 2004 de
2267 1975 2338 2005 ortu

1285 2012 1340 2039 τοῦ
1355 2008 1441 2046 ὄντος
1459 2012 1626 2053 quaeritur,
1642 2021 1715 2045 cum
1730 2014 1899 2047 Karstenio
1915 2016 1949 2048 τὸ
1963 2016 1996 2048 ὃν
2011 2016 2041 2053 ἐξ
2052 2017 2109 2049 οὐκ
2123 2017 2208 2055 ὄντος
2223 2028 2340 2060 ponere

1287 2064 1348 2087 non
1369 2055 1603 2092 dubitavimus.

1328 2106 1383 2136 23.
1406 2104 1506 2137 ἀΐδιον
1526 2106 1579 2147 μὲν
1596 2106 1649 2140 οὖν
1666 2108 1716 2140 διὰ
1732 2108 1820 2140 ταῦτ’
1840 2109 1929 2142 εἶναι.
1963 2110 2034 2143 cod.
2058 2112 2142 2154 Lips.
2168 2113 2218 2145 διὰ
2242 2118 2340 2147 ταῦτα

1286 2150 1375 2182 εἶναι.

1329 2200 1380 2231 24.
1402 2201 1437 2231 In
1455 2200 1560 2233 verbis
1577 2201 1631 2234 ἕνα
1647 2203 1738 2244 φησὶν
1756 2204 1849 2236 αὐτὸν
1863 2205 2031 2246 προσήκειν
2054 2207 2131 2238 εἶναι
2150 2207 2262 2240 ultima
2277 2218 2338 2242 vox

1287 2246 1386 2285 petita
1404 2250 1454 2279 est
1476 2256 1494 2280 e
1511 2249 1583 2280 cod.
1605 2250 1705 2290 Lips.;
1721 2259 1794 2282 nam
1818 2251 1850 2283 in
1871 2252 2001 2293 reliquis
2024 2254 2218 2287 membranis
2237 2255 2338 2290 deest.

1329 2295 1378 2325 25.
1407 2294 1470 2325 Pro
1495 2295 1548 2326 δύο
1574 2296 1594 2334 ἢ
1622 2296 1666 2328 ἔτι
1694 2297 1818 2334 πλείους
1843 2298 1904 2330 εἷεν
1935 2299 2006 2331 cod.
2037 2300 2125 2340 Lips.
2146 2301 2264 2333 omisso
2296 2302 2339 2334 ἔτι

1287 2338 1475 2380 simpliciter
1491 2341 1545 2373 δύο
1561 2343 1581 2381 ἢ
1599 2343 1736 2384 πλείους,
1754 2344 1839 2386 quod
1857 2348 2003 2386 praestat,
2017 2355 2057 2378 ne
2073 2346 2104 2378 in
2121 2348 2224 2388 priore
2241 2349 2339 2381 etiam

1287 2386 1432 2419 membro
1465 2392 1603 2429 ponatur
1626 2391 1743 2423 vocula
1757 2416 1766 2431 ‚
1800 2400 1874 2432 quae
1893 2391 1926 2423 in
1949 2393 2127 2433 posteriore
2160 2395 2218 2426 οὐκ
2237 2396 2274 2427 ἂν
2294 2396 2339 2428 ἔτι

1287 2433 1451 2474 κράτιστον
1469 2436 1649 2469 necessario
1677 2437 1862 2479 requiritur.
1890 2439 1954 2470 Pro
1971 2439 2066 2471 αὑτὸν
2091 2441 2170 2473 εἶναι
2195 2442 2338 2483 πάντων,

1287 2481 1372 2521 quod
1392 2485 1474 2513 recte
1493 2491 1528 2515 se
1547 2483 1664 2524 habet,
1699 2484 1731 2516 in
1753 2485 1825 2517 cod.
1852 2486 1890 2517 L.
1909 2489 1956 2518 est
1972 2487 2075 2519 αὐτῶν
2091 2487 2168 2519 εἶναι
2192 2488 2333 2522 πάντων.

1330 2533 1380 2560 26.
1407 2529 1538 2568 ἕκαστος
1558 2531 1618 2573 γὰρ
1632 2533 1669 2564 ἂν
1692 2533 1758 2569 θεὸς
1779 2536 1843 2565 τῶν
1857 2534 1980 2565 πολλῶν
2008 2535 2116 2576 ὅμοιος
2134 2536 2178 2568 ὢν
2200 2541 2339 2575 τοιοῦτος

1287 2576 1346 2614 εἴη.
1371 2579 1416 2608 lta
1437 2578 1580 2619 plerique
1596 2588 1708 2611 omnes
1723 2580 1795 2612 libri
1811 2589 1906 2613 sensu
1928 2581 2011 2614 bono
2024 2607 2032 2621 ,
2048 2591 2144 2623 quem
2160 2585 2192 2615 et
2205 2584 2338 2617 Felicia-

1287 2633 1349 2655 nus
1365 2624 1396 2656 in
1418 2625 1503 2657 nunc
1522 2627 1655 2659 modum
1673 2628 1825 2669 exprimit
1844 2639 1852 2660 ε
1876 2642 1892 2657 ιι
1913 2629 2031 2671 quippe
2046 2639 2146 2671 quum
2168 2632 2340 2673 unusquis-

1288 2680 1350 2711 que
1374 2682 1414 2704 ex
1436 2674 1544 2707 multis
1568 2674 1646 2707 deus
1665 2675 1777 2708 similis
1802 2679 1898 2718 atque
1923 2677 2040 2710 idcirco
2059 2679 2132 2711 talis
2150 2679 2242 2712 soret.
2262 2692 2279 2708 ν
2298 2683 2340 2713 At

1288 2719 1364 2751 eod.
1385 2721 1472 2762 Lips.
1493 2722 1615 2763 praebet
1635 2723 1765 2761 ἕκαστος
1785 2724 1845 2766 γὰρ
1871 2725 1914 2756 ὢν
1934 2729 1996 2758 τῶν
2014 2726 2136 2758 πολλῶν
2154 2727 2270 2768 ὁμοίως
2300 2729 2338 2761 ἂν

1287 2769 1424 2803 τοιοῦτος
1437 2767 1484 2807 εἴη
1498 2776 1505 2796 =
1520 2777 1593 2800 nam
1606 2769 1757 2811 quoniam
1773 2774 1859 2805 esset
1873 2774 2092 2815 unusquisque
2105 2783 2124 2807 e
2137 2775 2246 2809 multis
2261 2776 2338 2816 illis,

1288 2813 1432 2846 similiter
1451 2815 1524 2847 talis
1547 2816 1605 2857 (h.
1637 2825 1666 2850 e.
1692 2818 1872 2860 κράτιστος)
1901 2820 1994 2853 soret.
2017 2822 2108 2854 Hanc
2133 2831 2242 2854 veram
2272 2832 2339 2856 esse

1289 2859 1479 2901 scripturam
1499 2863 1613 2905 opinor
1632 2867 1762 2906 propter
1779 2866 1936 2908 Simplicii
1955 2868 2062 2901 locum
2080 2883 2089 2902 ι
2116 2870 2267 2903 πλειόνων
2281 2871 2339 2914 γάρ

1288 2919 1380 2948 φησιν
1397 2909 1494 2942 ὄντων
1503 2938 1514 2953 ‚
1528 2912 1602 2954 ὁμο
1613 2912 1623 2944 ί
1635 2924 1661 2944 ω
1672 2924 1686 2951 ς
1702 2914 1823 2956 ἀνάγκη
1844 2915 1996 2958 ὑπάρχειν
2010 2921 2089 2950 πᾶσι
2101 2918 2136 2950 τὸ
2148 2923 2284 2961 κρατεῖν.

1334 2958 1384 2989 27.
1403 2962 1496 2991 τοῦτο
1509 2960 1569 3002 γὰρ
1593 2962 1662 2994 θεὸν
1677 2963 1731 2994 καὶ
1746 2964 1816 2995 θεοῦ
1836 2964 1964 3006 δύναμιν
1985 2965 2079 3006 εἶναι,
2094 2971 2217 3007 κρατεῖν
2228 2991 2236 3006 ,
2261 2967 2338 2999 ἀλλὰ

1289 3006 1330 3045 μή
1357 3007 1553 3047 κρατεῖσθαι,
1572 3007 1624 3038 καὶ
1643 3006 1745 3039 πάντα
1761 3010 1940 3050 κρατεῖσθαι
1958 3009 2049 3043 εἶναι,
2093 3011 2143 3043 Ita
2181 3009 2342 3043 Bekkerus

1287 3054 1483 3093 Lipsiensem
1502 3054 1534 3085 et
1551 3054 1723 3095 plerosque
1738 3055 1819 3087 alios
1836 3055 1930 3088 codd.
1947 3058 2078 3089 secutus
2095 3057 2214 3096 edidit;
2229 3065 2303 3090 nam
2320 3067 2339 3090 a

1291 3099 1441 3133 Feliciani
1458 3100 1539 3133 libro
1562 3102 1725 3143 postrema
1744 3102 1798 3134 καὶ
1815 3101 1918 3134 πάντα
1944 3104 2124 3145 κρατεῖσθαι
2147 3103 2224 3135 εἶναι
2237 3128 2247 3145 ,
2268 3114 2341 3146 quae

1291 3149 1440 3189 corrupta
1468 3149 1566 3189 sunt,
1595 3148 1779 3181 abfuerunt.
1812 3150 2029 3188 Quamobrem
2053 3149 2276 3183 Fullebornius
2302 3161 2339 3184 ea

1290 3194 1387 3227 deleri
1412 3194 1552 3230 volebat.
1567 3197 1688 3237 Contra
1706 3196 1892 3228 Brandisius
1908 3197 1962 3229 καὶ
1985 3197 2086 3229 πολλὰ
2098 3198 2277 3239 κρατεῖσθαι
2294 3199 2339 3230 εἷ-

1290 3253 1339 3274 ναι
1356 3242 1472 3276 muna
1487 3244 1539 3275 ita
1554 3251 1589 3275 se
1599 3243 1727 3277 habere
1738 3246 1780 3278 ut
1793 3247 1962 3285 reqanlur
1974 3245 2142 3285 legendum
2158 3245 2339 3286 suspicatus

1291 3291 1358 3330 est,
1378 3289 1539 3323 cousinus
1553 3292 1683 3323 auctore
1703 3291 1912 3324 Boissonadio
1930 3292 2069 3324 correxit
2082 3293 2135 3325 καὶ
2149 3293 2249 3324 πάντα
2268 3303 2340 3335 κραι-Ὶ

1290 3339 1412 3371 τεῖσθαι
1429 3338 1491 3378 ἑνί,
1509 3339 1553 3371 ab
1574 3347 1644 3372 uno
1663 3341 1782 3372 omnia
1795 3340 1879 3381 νομί,
1897 3340 2088 3373 Karstenius
2106 3339 2243 3381 denique
2262 3348 2338 3371 con-

1289 3385 1367 3427 jecit
1393 3386 1447 3418 καὶ
1470 3385 1596 3419 πάντων
1623 3387 1789 3429 κράτιστον
1817 3387 1914 3427 εἶναι,
1942 3386 2028 3428 quod
2061 3396 2161 3419 unum
2194 3385 2339 3418 omnium

1293 3433 1432 3466 maxime
1446 3442 1520 3466 cum
1531 3434 1636 3467 verbis
1653 3434 1833 3475 praegressis
1854 3434 2017 3466 conciliari
2040 3435 2154 3475 potest.
2178 3436 2266 3466 nanc
2280 3434 2339 3475 igi-

1293 3483 1345 3514 tur
1364 3481 1583 3521 conjecturam
1599 3481 1782 3522 depravatae
1791 3481 1972 3515 Aristotelis
1984 3482 2120 3514 orationi
2139 3480 2338 3514 inserendam

1293 3528 1456 3560 duximus.

2362 373 2397 399 20
