<?xml version="1.0" encoding="UTF-8"?>
<!DOCTYPE html PUBLIC "-//W3C//DTD XHTML 1.0 Transitional//EN"
    "http://www.w3.org/TR/xhtml1/DTD/xhtml1-transitional.dtd">
<html xmlns="http://www.w3.org/1999/xhtml" xml:lang="en" lang="en">
 <head>
  <title>
</title>
<meta http-equiv="Content-Type" content="text/html;charset=utf-8" />
  <meta name='ocr-system' content='tesseract 3.04.00' />
  <meta name='ocr-capabilities' content='ocr_page ocr_carea ocr_par ocr_line ocrx_word'/>
</head>
<body>
  <div class='ocr_page' id='page_1' title='image "./fragmentaphiloso01mulluoft_0307.png"; bbox 0 0 2612 3814; ppageno 0'>
   <div class='ocr_carea' id='block_1_1' title="bbox 1060 253 1372 292">
    <p class='ocr_par' dir='ltr' id='par_1_1' title="bbox 1060 253 1372 292">
     <span class='ocr_line' id='line_1_1' title="bbox 1060 253 1372 292; baseline -0.003 0"><span class='ocrx_word' id='word_1_1' title='bbox 1060 253 1128 292; x_wconf 88' lang='lat' dir='ltr'>DE</span> <span class='ocrx_word' id='word_1_2' title='bbox 1156 253 1372 292; x_wconf 84' lang='lat' dir='ltr'>ZENONE.</span> 
     </span>
    </p>
   </div>
   <div class='ocr_carea' id='block_1_2' title="bbox 149 344 1224 2772">
    <p class='ocr_par' dir='ltr' id='par_1_2' title="bbox 149 344 1224 2772">
     <span class='ocr_line' id='line_1_2' title="bbox 149 344 1205 393; baseline -0.008 -5"><span class='ocrx_word' id='word_1_3' title='bbox 149 362 218 388; x_wconf 93' lang='lat' dir='ltr'>nes</span> <span class='ocrx_word' id='word_1_4' title='bbox 235 356 379 387; x_wconf 87' lang='lat' dir='ltr'>tantam</span> <span class='ocrx_word' id='word_1_5' title='bbox 409 355 635 386; x_wconf 89' lang='lat' dir='ltr'>meruerunt</span> <span class='ocrx_word' id='word_1_6' title='bbox 669 345 822 384; x_wconf 90' lang='lat' dir='ltr'>laudem</span> <span class='ocrx_word' id='word_1_7' title='bbox 838 373 849 393; x_wconf 86' lang='lat'>,</span> <span class='ocrx_word' id='word_1_8' title='bbox 868 353 912 383; x_wconf 89' lang='lat' dir='ltr'>ut</span> <span class='ocrx_word' id='word_1_9' title='bbox 934 344 1109 382; x_wconf 90' lang='lat' dir='ltr'>omnium</span> <span class='ocrx_word' id='word_1_10' title='bbox 1137 355 1205 381; x_wconf 89' lang='lat' dir='ltr'>ore</span> 
     </span>
     <span class='ocr_line' id='line_1_3' title="bbox 150 403 1206 459; baseline -0.008 -12"><span class='ocrx_word' id='word_1_11' title='bbox 150 406 435 459; x_wconf 78' lang='lat' dir='ltr'>argumentatio</span> <span class='ocrx_word' id='word_1_12' title='bbox 451 404 630 458; x_wconf 81' lang='grc' dir='ltr'>Ἀχιλλεὺς</span> <span class='ocrx_word' id='word_1_13' title='bbox 659 404 715 456; x_wconf 85' lang='grc'>(7)</span> <span class='ocrx_word' id='word_1_14' title='bbox 748 404 852 443; x_wconf 87' lang='lat' dir='ltr'>dicta</span> <span class='ocrx_word' id='word_1_15' title='bbox 870 412 908 442; x_wconf 92' lang='lat' dir='ltr'>et</span> <span class='ocrx_word' id='word_1_16' title='bbox 927 403 1048 441; x_wconf 88' lang='lat' dir='ltr'>altera</span> <span class='ocrx_word' id='word_1_17' title='bbox 1067 403 1206 455; x_wconf 84' lang='grc' dir='ltr'>διχοτο-</span> 
     </span>
     <span class='ocr_line' id='line_1_4' title="bbox 150 461 1203 519; baseline -0.009 -12"><span class='ocrx_word' id='word_1_18' title='bbox 150 468 215 519; x_wconf 85' lang='grc' dir='ltr'>μία</span> <span class='ocrx_word' id='word_1_19' title='bbox 235 467 435 506; x_wconf 90' lang='lat' dir='ltr'>nominata</span> <span class='ocrx_word' id='word_1_20' title='bbox 453 464 733 504; x_wconf 79' lang='lat' dir='ltr'>celebraretur.</span> <span class='ocrx_word' id='word_1_21' title='bbox 792 463 889 502; x_wconf 89' lang='lat' dir='ltr'>Nam</span> <span class='ocrx_word' id='word_1_22' title='bbox 914 475 1034 514; x_wconf 92' lang='lat' dir='ltr'>quum</span> <span class='ocrx_word' id='word_1_23' title='bbox 1059 461 1203 499; x_wconf 87' lang='lat' dir='ltr'>Eleati-</span> 
     </span>
     <span class='ocr_line' id='line_1_5' title="bbox 151 519 1207 575; baseline -0.009 -9"><span class='ocrx_word' id='word_1_24' title='bbox 151 541 218 566; x_wconf 88' lang='lat' dir='ltr'>cus</span> <span class='ocrx_word' id='word_1_25' title='bbox 246 527 313 565; x_wconf 89' lang='lat' dir='ltr'>ille</span> <span class='ocrx_word' id='word_1_26' title='bbox 344 523 570 563; x_wconf 82' lang='lat' dir='ltr'>Palamedes</span> <span class='ocrx_word' id='word_1_27' title='bbox 598 524 661 575; x_wconf 83' lang='lat'>(8)</span> <span class='ocrx_word' id='word_1_28' title='bbox 685 532 1003 573; x_wconf 79' lang='lat' dir='ltr'>aigumentorum</span> <span class='ocrx_word' id='word_1_29' title='bbox 1032 519 1207 572; x_wconf 90' lang='lat' dir='ltr'>pondere</span> 
     </span>
     <span class='ocr_line' id='line_1_6' title="bbox 151 582 1207 638; baseline -0.01 -12"><span class='ocrx_word' id='word_1_30' title='bbox 151 586 319 638; x_wconf 87' lang='lat' dir='ltr'>spatium</span> <span class='ocrx_word' id='word_1_31' title='bbox 347 583 589 630; x_wconf 85' lang='lat' dir='ltr'><strong>sustulisset,</strong></span> <span class='ocrx_word' id='word_1_32' title='bbox 616 582 734 622; x_wconf 92' lang='lat' dir='ltr'>simul</span> <span class='ocrx_word' id='word_1_33' title='bbox 766 590 913 621; x_wconf 90' lang='lat' dir='ltr'>motum</span> <span class='ocrx_word' id='word_1_34' title='bbox 933 592 1048 631; x_wconf 91' lang='lat' dir='ltr'>quem</span> <span class='ocrx_word' id='word_1_35' title='bbox 1071 590 1207 616; x_wconf 90' lang='lat' dir='ltr'>omnes</span> 
     </span>
     <span class='ocr_line' id='line_1_7' title="bbox 150 636 1207 697; baseline -0.008 -14"><span class='ocrx_word' id='word_1_36' title='bbox 150 658 221 697; x_wconf 88' lang='lat' dir='ltr'>per</span> <span class='ocrx_word' id='word_1_37' title='bbox 239 643 406 696; x_wconf 91' lang='lat' dir='ltr'>spatium</span> <span class='ocrx_word' id='word_1_38' title='bbox 435 643 523 681; x_wconf 87' lang='lat' dir='ltr'>fieri</span> <span class='ocrx_word' id='word_1_39' title='bbox 542 642 678 681; x_wconf 91' lang='lat' dir='ltr'>dicunt</span> <span class='ocrx_word' id='word_1_40' title='bbox 700 641 827 680; x_wconf 90' lang='lat' dir='ltr'>allatis</span> <span class='ocrx_word' id='word_1_41' title='bbox 851 638 1071 679; x_wconf 86' lang='lat' dir='ltr'>rationibus</span> <span class='ocrx_word' id='word_1_42' title='bbox 1092 636 1141 675; x_wconf 90' lang='lat' dir='ltr'>ab</span> <span class='ocrx_word' id='word_1_43' title='bbox 1161 650 1207 676; x_wconf 93' lang='lat' dir='ltr'>eo</span> 
     </span>
     <span class='ocr_line' id='line_1_8' title="bbox 150 695 1209 755; baseline -0.008 -14"><span class='ocrx_word' id='word_1_44' title='bbox 150 703 234 742; x_wconf 91' lang='lat' dir='ltr'>tolli</span> <span class='ocrx_word' id='word_1_45' title='bbox 256 715 329 755; x_wconf 89' lang='lat' dir='ltr'>par</span> <span class='ocrx_word' id='word_1_46' title='bbox 342 715 385 740; x_wconf 90' lang='lat' dir='ltr'>er</span> <span class='ocrx_word' id='word_1_47' title='bbox 388 711 439 740; x_wconf 92' lang='lat' dir='ltr'>at.</span> <span class='ocrx_word' id='word_1_48' title='bbox 496 700 631 753; x_wconf 84' lang='lat' dir='ltr'>Neque</span> <span class='ocrx_word' id='word_1_49' title='bbox 643 713 739 740; x_wconf 86' lang='lat' dir='ltr'>vero</span> <span class='ocrx_word' id='word_1_50' title='bbox 754 701 881 739; x_wconf 91' lang='lat' dir='ltr'>solum</span> <span class='ocrx_word' id='word_1_51' title='bbox 895 699 973 737; x_wconf 92' lang='lat' dir='ltr'>Par</span> <span class='ocrx_word' id='word_1_52' title='bbox 976 696 1145 735; x_wconf 91' lang='lat' dir='ltr'>menidis</span> <span class='ocrx_word' id='word_1_53' title='bbox 1161 695 1209 734; x_wconf 91' lang='lat' dir='ltr'>de</span> 
     </span>
     <span class='ocr_line' id='line_1_9' title="bbox 151 754 1209 811; baseline -0.009 -11"><span class='ocrx_word' id='word_1_54' title='bbox 151 761 241 800; x_wconf 91' lang='lat' dir='ltr'>Uno</span> <span class='ocrx_word' id='word_1_55' title='bbox 256 761 487 800; x_wconf 88' lang='lat' dir='ltr'>sententiam</span> <span class='ocrx_word' id='word_1_56' title='bbox 503 759 744 811; x_wconf 90' lang='lat' dir='ltr'>quotidianis</span> <span class='ocrx_word' id='word_1_57' title='bbox 759 757 1008 798; x_wconf 90' lang='lat' dir='ltr'>sermonibus</span> <span class='ocrx_word' id='word_1_58' title='bbox 1027 764 1066 795; x_wconf 90' lang='lat' dir='ltr'>et</span> <span class='ocrx_word' id='word_1_59' title='bbox 1081 754 1209 793; x_wconf 88' lang='lat' dir='ltr'>nobili</span> 
     </span>
     <span class='ocr_line' id='line_1_10' title="bbox 149 814 1211 873; baseline -0.009 -12"><span class='ocrx_word' id='word_1_60' title='bbox 149 822 256 861; x_wconf 91' lang='lat' dir='ltr'>libro</span> <span class='ocrx_word' id='word_1_61' title='bbox 293 822 343 873; x_wconf 83' lang='lat'>(9)</span> <span class='ocrx_word' id='word_1_62' title='bbox 366 820 563 868; x_wconf 86' lang='lat' dir='ltr'>defendit,</span> <span class='ocrx_word' id='word_1_63' title='bbox 598 819 666 858; x_wconf 91' lang='lat' dir='ltr'>sed</span> <span class='ocrx_word' id='word_1_64' title='bbox 689 819 821 858; x_wconf 90' lang='lat' dir='ltr'>eadem</span> <span class='ocrx_word' id='word_1_65' title='bbox 855 817 972 856; x_wconf 89' lang='lat' dir='ltr'>etiam</span> <span class='ocrx_word' id='word_1_66' title='bbox 998 814 1145 854; x_wconf 86' lang='lat' dir='ltr'>similia</span> <span class='ocrx_word' id='word_1_67' title='bbox 1173 822 1211 852; x_wconf 93' lang='lat' dir='ltr'>et</span> 
     </span>
     <span class='ocr_line' id='line_1_11' title="bbox 151 876 1211 930; baseline -0.009 -10"><span class='ocrx_word' id='word_1_68' title='bbox 151 881 360 920; x_wconf 85' lang='lat' dir='ltr'>dissimilia</span> <span class='ocrx_word' id='word_1_69' title='bbox 372 909 383 930; x_wconf 89' lang='lat'>,</span> <span class='ocrx_word' id='word_1_70' title='bbox 400 893 521 918; x_wconf 92' lang='lat' dir='ltr'>unum</span> <span class='ocrx_word' id='word_1_71' title='bbox 539 887 576 917; x_wconf 92' lang='lat' dir='ltr'>et</span> <span class='ocrx_word' id='word_1_72' title='bbox 601 879 744 926; x_wconf 89' lang='lat' dir='ltr'>multa,</span> <span class='ocrx_word' id='word_1_73' title='bbox 761 885 866 916; x_wconf 89' lang='lat' dir='ltr'>mota</span> <span class='ocrx_word' id='word_1_74' title='bbox 890 886 927 914; x_wconf 93' lang='lat' dir='ltr'>et</span> <span class='ocrx_word' id='word_1_75' title='bbox 947 876 1110 914; x_wconf 87' lang='lat' dir='ltr'>immota</span> <span class='ocrx_word' id='word_1_76' title='bbox 1127 885 1211 912; x_wconf 90' lang='lat' dir='ltr'>esse</span> 
     </span>
     <span class='ocr_line' id='line_1_12' title="bbox 152 937 1210 988; baseline -0.01 -9"><span class='ocrx_word' id='word_1_77' title='bbox 152 939 454 979; x_wconf 86' lang='lat' dir='ltr'>demonstravit.</span> <span class='ocrx_word' id='word_1_78' title='bbox 514 938 595 977; x_wconf 86' lang='lat' dir='ltr'>Hac</span> <span class='ocrx_word' id='word_1_79' title='bbox 624 938 747 988; x_wconf 87' lang='lat' dir='ltr'>igitur</span> <span class='ocrx_word' id='word_1_80' title='bbox 775 937 818 975; x_wconf 91' lang='lat' dir='ltr'>in</span> <span class='ocrx_word' id='word_1_81' title='bbox 837 944 1042 985; x_wconf 85' lang='lat' dir='ltr'>utramque</span> <span class='ocrx_word' id='word_1_82' title='bbox 1062 940 1210 984; x_wconf 86' lang='lat' dir='ltr'>partem</span> 
     </span>
     <span class='ocr_line' id='line_1_13' title="bbox 153 989 1213 1051; baseline -0.01 -13"><span class='ocrx_word' id='word_1_83' title='bbox 153 999 380 1051; x_wconf 90' lang='lat' dir='ltr'>disputandi</span> <span class='ocrx_word' id='word_1_84' title='bbox 403 996 685 1036; x_wconf 87' lang='lat' dir='ltr'>consuetudine</span> <span class='ocrx_word' id='word_1_85' title='bbox 701 994 925 1034; x_wconf 88' lang='lat' dir='ltr'>introducta</span> <span class='ocrx_word' id='word_1_86' title='bbox 945 992 1086 1030; x_wconf 89' lang='lat' dir='ltr'>merito</span> <span class='ocrx_word' id='word_1_87' title='bbox 1110 1004 1131 1028; x_wconf 89' lang='lat' dir='ltr'>a</span> <span class='ocrx_word' id='word_1_88' title='bbox 1148 989 1213 1027; x_wconf 84' lang='lat' dir='ltr'>Ti-</span> 
     </span>
     <span class='ocr_line' id='line_1_14' title="bbox 153 1053 1210 1109; baseline -0.011 -12"><span class='ocrx_word' id='word_1_89' title='bbox 153 1071 269 1096; x_wconf 89' lang='lat' dir='ltr'>mone</span> <span class='ocrx_word' id='word_1_90' title='bbox 293 1057 470 1096; x_wconf 89' lang='lat' dir='ltr'>Phliasio</span> <span class='ocrx_word' id='word_1_91' title='bbox 492 1054 572 1109; x_wconf 89' lang='lat'>(10)</span> <span class='ocrx_word' id='word_1_92' title='bbox 604 1053 938 1108; x_wconf 79' lang='grc' dir='ltr'>ἀμφοτερόγλωσσος</span> <span class='ocrx_word' id='word_1_93' title='bbox 964 1059 1001 1088; x_wconf 92' lang='lat' dir='ltr'>et</span> <span class='ocrx_word' id='word_1_94' title='bbox 1027 1058 1210 1100; x_wconf 88' lang='lat' dir='ltr'>tanquam</span> 
     </span>
     <span class='ocr_line' id='line_1_15' title="bbox 152 1108 1214 1167; baseline -0.009 -12"><span class='ocrx_word' id='word_1_95' title='bbox 152 1117 323 1156; x_wconf 89' lang='lat' dir='ltr'>invictus</span> <span class='ocrx_word' id='word_1_96' title='bbox 337 1116 556 1167; x_wconf 85' lang='lat' dir='ltr'>disputator</span> <span class='ocrx_word' id='word_1_97' title='bbox 569 1114 659 1165; x_wconf 84' lang='grc' dir='ltr'>μέγα</span> <span class='ocrx_word' id='word_1_98' title='bbox 675 1112 792 1156; x_wconf 86' lang='grc' dir='ltr'>σθένος</span> <span class='ocrx_word' id='word_1_99' title='bbox 806 1112 868 1151; x_wconf 82' lang='grc' dir='ltr'>οὒκ</span> <span class='ocrx_word' id='word_1_100' title='bbox 879 1108 1080 1149; x_wconf 85' lang='grc' dir='ltr'>ἀλαπαδνόν</span> <span class='ocrx_word' id='word_1_101' title='bbox 1098 1121 1214 1146; x_wconf 86' lang='lat' dir='ltr'>voca-</span> 
     </span>
     <span class='ocr_line' id='line_1_16' title="bbox 154 1167 1214 1223; baseline -0.009 -10"><span class='ocrx_word' id='word_1_102' title='bbox 154 1184 216 1214; x_wconf 91' lang='lat' dir='ltr'>tus</span> <span class='ocrx_word' id='word_1_103' title='bbox 247 1183 319 1214; x_wconf 91' lang='lat' dir='ltr'>est.</span> <span class='ocrx_word' id='word_1_104' title='bbox 379 1174 570 1212; x_wconf 86' lang='lat' dir='ltr'>Caeterum</span> <span class='ocrx_word' id='word_1_105' title='bbox 605 1170 792 1223; x_wconf 75' lang='grc' dir='ltr'>διχοτομία</span> <span class='ocrx_word' id='word_1_106' title='bbox 819 1170 903 1209; x_wconf 91' lang='lat' dir='ltr'>sive</span> <span class='ocrx_word' id='word_1_107' title='bbox 942 1167 1139 1207; x_wconf 91' lang='lat' dir='ltr'>divisione</span> <span class='ocrx_word' id='word_1_108' title='bbox 1173 1167 1214 1204; x_wconf 90' lang='lat' dir='ltr'>in</span> 
     </span>
     <span class='ocr_line' id='line_1_17' title="bbox 153 1226 1213 1284; baseline -0.009 -11"><span class='ocrx_word' id='word_1_109' title='bbox 153 1234 251 1272; x_wconf 93' lang='lat' dir='ltr'>duas</span> <span class='ocrx_word' id='word_1_110' title='bbox 274 1246 416 1284; x_wconf 90' lang='lat' dir='ltr'>easque</span> <span class='ocrx_word' id='word_1_111' title='bbox 435 1232 604 1283; x_wconf 83' lang='lat' dir='ltr'>aequales</span> <span class='ocrx_word' id='word_1_112' title='bbox 618 1239 761 1283; x_wconf 90' lang='lat' dir='ltr'>partes,</span> <span class='ocrx_word' id='word_1_113' title='bbox 776 1242 891 1281; x_wconf 87' lang='lat' dir='ltr'>quam</span> <span class='ocrx_word' id='word_1_114' title='bbox 908 1227 1135 1279; x_wconf 87' lang='lat' dir='ltr'>bipartitam</span> <span class='ocrx_word' id='word_1_115' title='bbox 1154 1226 1213 1264; x_wconf 91' lang='lat' dir='ltr'>di-</span> 
     </span>
     <span class='ocr_line' id='line_1_18' title="bbox 152 1289 1210 1336; baseline -0.009 -5"><span class='ocrx_word' id='word_1_116' title='bbox 152 1293 348 1332; x_wconf 87' lang='lat' dir='ltr'>visionem</span> <span class='ocrx_word' id='word_1_117' title='bbox 368 1303 511 1330; x_wconf 88' lang='lat' dir='ltr'>vocare</span> <span class='ocrx_word' id='word_1_118' title='bbox 533 1290 830 1336; x_wconf 86' lang='lat' dir='ltr'>consuevimus,</span> <span class='ocrx_word' id='word_1_119' title='bbox 852 1289 907 1327; x_wconf 89' lang='lat' dir='ltr'>ita</span> <span class='ocrx_word' id='word_1_120' title='bbox 931 1300 1027 1325; x_wconf 88' lang='lat' dir='ltr'>usus</span> <span class='ocrx_word' id='word_1_121' title='bbox 1050 1294 1130 1333; x_wconf 91' lang='lat' dir='ltr'>est,</span> <span class='ocrx_word' id='word_1_122' title='bbox 1166 1293 1210 1323; x_wconf 90' lang='lat' dir='ltr'>ut</span> 
     </span>
     <span class='ocr_line' id='line_1_19' title="bbox 153 1346 1214 1402; baseline -0.005 -12"><span class='ocrx_word' id='word_1_123' title='bbox 153 1353 196 1390; x_wconf 89' lang='lat' dir='ltr'>in</span> <span class='ocrx_word' id='word_1_124' title='bbox 217 1351 418 1390; x_wconf 86' lang='lat' dir='ltr'>infinitum</span> <span class='ocrx_word' id='word_1_125' title='bbox 454 1349 787 1402; x_wconf 86' lang='lat' dir='ltr'>progrediendum</span> <span class='ocrx_word' id='word_1_126' title='bbox 814 1361 899 1387; x_wconf 90' lang='lat' dir='ltr'>esse</span> <span class='ocrx_word' id='word_1_127' title='bbox 920 1347 1089 1386; x_wconf 86' lang='lat' dir='ltr'>doceret.</span> <span class='ocrx_word' id='word_1_128' title='bbox 1150 1346 1214 1385; x_wconf 92' lang='lat' dir='ltr'>Sic</span> 
     </span>
     <span class='ocr_line' id='line_1_20' title="bbox 153 1406 1215 1462; baseline -0.005 -13"><span class='ocrx_word' id='word_1_129' title='bbox 153 1409 358 1462; x_wconf 86' lang='lat' dir='ltr'>quodlibet</span> <span class='ocrx_word' id='word_1_130' title='bbox 378 1422 522 1461; x_wconf 90' lang='lat' dir='ltr'>corpus</span> <span class='ocrx_word' id='word_1_131' title='bbox 540 1422 590 1448; x_wconf 85' lang='lat' dir='ltr'>ex</span> <span class='ocrx_word' id='word_1_132' title='bbox 606 1406 967 1448; x_wconf 84' lang='lat' dir='ltr'>innumerabilibus</span> <span class='ocrx_word' id='word_1_133' title='bbox 998 1419 1215 1458; x_wconf 86' lang='lat' dir='ltr'>corpuscu—</span> 
     </span>
     <span class='ocr_line' id='line_1_21' title="bbox 153 1467 1215 1521; baseline -0.004 -12"><span class='ocrx_word' id='word_1_134' title='bbox 153 1471 203 1510; x_wconf 92' lang='lat' dir='ltr'>lis</span> <span class='ocrx_word' id='word_1_135' title='bbox 221 1470 484 1521; x_wconf 89' lang='lat' dir='ltr'>compositum</span> <span class='ocrx_word' id='word_1_136' title='bbox 503 1469 642 1520; x_wconf 88' lang='lat' dir='ltr'>ingens</span> <span class='ocrx_word' id='word_1_137' title='bbox 657 1468 874 1509; x_wconf 84' lang='lat' dir='ltr'>videbitur.</span> <span class='ocrx_word' id='word_1_138' title='bbox 932 1467 1054 1518; x_wconf 87' lang='lat' dir='ltr'>Atqui</span> <span class='ocrx_word' id='word_1_139' title='bbox 1071 1481 1215 1518; x_wconf 91' lang='lat' dir='ltr'>corpu-</span> 
     </span>
     <span class='ocr_line' id='line_1_22' title="bbox 153 1526 1215 1581; baseline -0.006 -12"><span class='ocrx_word' id='word_1_140' title='bbox 153 1530 263 1569; x_wconf 88' lang='lat' dir='ltr'>scula</span> <span class='ocrx_word' id='word_1_141' title='bbox 283 1529 354 1568; x_wconf 89' lang='lat' dir='ltr'>illa</span> <span class='ocrx_word' id='word_1_142' title='bbox 386 1537 550 1581; x_wconf 88' lang='lat' dir='ltr'>propter</span> <span class='ocrx_word' id='word_1_143' title='bbox 587 1528 821 1580; x_wconf 85' lang='lat' dir='ltr'>parvitatem</span> <span class='ocrx_word' id='word_1_144' title='bbox 853 1527 1059 1565; x_wconf 81' lang='lat' dir='ltr'>oculorum</span> <span class='ocrx_word' id='word_1_145' title='bbox 1093 1526 1215 1564; x_wconf 88' lang='lat' dir='ltr'>aciem</span> 
     </span>
     <span class='ocr_line' id='line_1_23' title="bbox 156 1586 1218 1639; baseline -0.005 -11"><span class='ocrx_word' id='word_1_146' title='bbox 156 1589 327 1639; x_wconf 82' lang='lat' dir='ltr'>fugiunt.</span> <span class='ocrx_word' id='word_1_147' title='bbox 384 1587 571 1639; x_wconf 88' lang='lat' dir='ltr'>Sequitur</span> <span class='ocrx_word' id='word_1_148' title='bbox 599 1595 775 1638; x_wconf 88' lang='lat' dir='ltr'>ergo‚ut</span> <span class='ocrx_word' id='word_1_149' title='bbox 798 1586 1033 1637; x_wconf 76' lang='lat' dir='ltr'>compositio</span> <span class='ocrx_word' id='word_1_150' title='bbox 1061 1598 1218 1636; x_wconf 89' lang='lat' dir='ltr'>quoque</span> 
     </span>
     <span class='ocr_line' id='line_1_24' title="bbox 155 1644 1217 1698; baseline -0.005 -11"><span class='ocrx_word' id='word_1_151' title='bbox 155 1661 292 1687; x_wconf 90' lang='lat' dir='ltr'>eorum</span> <span class='ocrx_word' id='word_1_152' title='bbox 310 1647 522 1686; x_wconf 88' lang='lat' dir='ltr'>admodum</span> <span class='ocrx_word' id='word_1_153' title='bbox 542 1659 664 1698; x_wconf 89' lang='lat' dir='ltr'>parva</span> <span class='ocrx_word' id='word_1_154' title='bbox 684 1646 736 1684; x_wconf 92' lang='lat' dir='ltr'>sit</span> <span class='ocrx_word' id='word_1_155' title='bbox 757 1647 819 1695; x_wconf 66' lang='grc' dir='ltr'>(Ἴ.</span> <span class='ocrx_word' id='word_1_156' title='bbox 877 1644 964 1683; x_wconf 83' lang='lat' dir='ltr'>Jam</span> <span class='ocrx_word' id='word_1_157' title='bbox 986 1645 1018 1683; x_wconf 92' lang='lat' dir='ltr'>si</span> <span class='ocrx_word' id='word_1_158' title='bbox 1042 1644 1083 1683; x_wconf 89' lang='lat' dir='ltr'>id</span> <span class='ocrx_word' id='word_1_159' title='bbox 1110 1644 1217 1695; x_wconf 90' lang='lat' dir='ltr'>quod</span> 
     </span>
     <span class='ocr_line' id='line_1_25' title="bbox 156 1703 1218 1758; baseline -0.005 -13"><span class='ocrx_word' id='word_1_160' title='bbox 156 1715 235 1754; x_wconf 84' lang='lat' dir='ltr'>est,</span> <span class='ocrx_word' id='word_1_161' title='bbox 261 1707 303 1745; x_wconf 92' lang='lat' dir='ltr'>in</span> <span class='ocrx_word' id='word_1_162' title='bbox 335 1707 469 1758; x_wconf 90' lang='lat' dir='ltr'>aliquo</span> <span class='ocrx_word' id='word_1_163' title='bbox 502 1705 631 1744; x_wconf 89' lang='lat' dir='ltr'>inesse</span> <span class='ocrx_word' id='word_1_164' title='bbox 662 1704 891 1751; x_wconf 85' lang='lat' dir='ltr'>statuimus,</span> <span class='ocrx_word' id='word_1_165' title='bbox 925 1712 1031 1755; x_wconf 86' lang='lat' dir='ltr'>patet</span> <span class='ocrx_word' id='word_1_166' title='bbox 1064 1703 1218 1741; x_wconf 88' lang='lat' dir='ltr'>minora</span> 
     </span>
     <span class='ocr_line' id='line_1_26' title="bbox 157 1762 1217 1817; baseline -0.003 -14"><span class='ocrx_word' id='word_1_167' title='bbox 157 1765 380 1817; x_wconf 64' lang='lat' dir='ltr'>majoribus&gt;</span> <span class='ocrx_word' id='word_1_168' title='bbox 395 1765 603 1804; x_wconf 80' lang='lat' dir='ltr'>contineri.</span> <span class='ocrx_word' id='word_1_169' title='bbox 663 1763 813 1810; x_wconf 89' lang='lat' dir='ltr'>Quodsi</span> <span class='ocrx_word' id='word_1_170' title='bbox 830 1763 1068 1802; x_wconf 90' lang='lat' dir='ltr'>divisionem</span> <span class='ocrx_word' id='word_1_171' title='bbox 1090 1762 1133 1800; x_wconf 91' lang='lat' dir='ltr'>in</span> <span class='ocrx_word' id='word_1_172' title='bbox 1152 1762 1217 1801; x_wconf 90' lang='lat' dir='ltr'>in-</span> 
     </span>
     <span class='ocr_line' id='line_1_27' title="bbox 156 1820 1218 1877; baseline -0.003 -14"><span class='ocrx_word' id='word_1_173' title='bbox 156 1825 310 1863; x_wconf 87' lang='lat' dir='ltr'>finitum</span> <span class='ocrx_word' id='word_1_174' title='bbox 331 1836 586 1877; x_wconf 86' lang='lat' dir='ltr'>persequare,</span> <span class='ocrx_word' id='word_1_175' title='bbox 601 1823 776 1875; x_wconf 86' lang='lat' dir='ltr'>reperias</span> <span class='ocrx_word' id='word_1_176' title='bbox 800 1822 970 1861; x_wconf 82' lang='lat' dir='ltr'>maxima</span> <span class='ocrx_word' id='word_1_177' title='bbox 987 1835 1153 1874; x_wconf 88' lang='lat' dir='ltr'>corpora</span> <span class='ocrx_word' id='word_1_178' title='bbox 1170 1820 1218 1860; x_wconf 89' lang='lat' dir='ltr'>ad</span> 
     </span>
     <span class='ocr_line' id='line_1_28' title="bbox 156 1881 1216 1936; baseline -0.003 -13"><span class='ocrx_word' id='word_1_179' title='bbox 156 1884 340 1923; x_wconf 88' lang='lat' dir='ltr'>minimas</span> <span class='ocrx_word' id='word_1_180' title='bbox 359 1884 592 1936; x_wconf 85' lang='lat' dir='ltr'>particulas,</span> <span class='ocrx_word' id='word_1_181' title='bbox 611 1883 834 1921; x_wconf 85' lang='lat' dir='ltr'>vastissima</span> <span class='ocrx_word' id='word_1_182' title='bbox 845 1882 932 1921; x_wconf 90' lang='lat' dir='ltr'>loca</span> <span class='ocrx_word' id='word_1_183' title='bbox 948 1889 985 1920; x_wconf 92' lang='lat' dir='ltr'>et</span> <span class='ocrx_word' id='word_1_184' title='bbox 1004 1881 1216 1920; x_wconf 90' lang='lat' dir='ltr'>immensos</span> 
     </span>
     <span class='ocr_line' id='line_1_29' title="bbox 157 1940 1216 1995; baseline -0.003 -14"><span class='ocrx_word' id='word_1_185' title='bbox 157 1956 317 1995; x_wconf 90' lang='lat' dir='ltr'>campos</span> <span class='ocrx_word' id='word_1_186' title='bbox 333 1942 380 1981; x_wconf 89' lang='lat' dir='ltr'>ad</span> <span class='ocrx_word' id='word_1_187' title='bbox 399 1943 629 1995; x_wconf 85' lang='lat' dir='ltr'>parvitatem</span> <span class='ocrx_word' id='word_1_188' title='bbox 653 1951 768 1993; x_wconf 89' lang='lat' dir='ltr'>atque</span> <span class='ocrx_word' id='word_1_189' title='bbox 787 1941 883 1980; x_wconf 90' lang='lat' dir='ltr'>adeo</span> <span class='ocrx_word' id='word_1_190' title='bbox 897 1941 1026 1992; x_wconf 88' lang='lat' dir='ltr'>ipsum</span> <span class='ocrx_word' id='word_1_191' title='bbox 1045 1940 1216 1992; x_wconf 89' lang='lat' dir='ltr'>spatium</span> 
     </span>
     <span class='ocr_line' id='line_1_30' title="bbox 157 2000 1213 2054; baseline -0.004 -13"><span class='ocrx_word' id='word_1_192' title='bbox 157 2003 266 2054; x_wconf 90' lang='lat' dir='ltr'>quod</span> <span class='ocrx_word' id='word_1_193' title='bbox 280 2003 323 2041; x_wconf 91' lang='lat' dir='ltr'>in</span> <span class='ocrx_word' id='word_1_194' title='bbox 340 2003 466 2054; x_wconf 88' lang='lat' dir='ltr'>spatio</span> <span class='ocrx_word' id='word_1_195' title='bbox 478 2015 562 2041; x_wconf 92' lang='lat' dir='ltr'>esse</span> <span class='ocrx_word' id='word_1_196' title='bbox 579 2015 658 2040; x_wconf 89' lang='lat' dir='ltr'>non</span> <span class='ocrx_word' id='word_1_197' title='bbox 675 2009 802 2053; x_wconf 91' lang='lat' dir='ltr'>potest</span> <span class='ocrx_word' id='word_1_198' title='bbox 819 2001 867 2054; x_wconf 86' lang='lat' dir='ltr'>ad</span> <span class='ocrx_word' id='word_1_199' title='bbox 887 2000 1056 2038; x_wconf 90' lang='lat' dir='ltr'>nihilum</span> <span class='ocrx_word' id='word_1_200' title='bbox 1073 2000 1213 2050; x_wconf 87' lang='lat' dir='ltr'>redigi.</span> 
     </span>
     <span class='ocr_line' id='line_1_31' title="bbox 156 2061 1218 2114; baseline -0.003 -13"><span class='ocrx_word' id='word_1_201' title='bbox 156 2062 216 2101; x_wconf 91' lang='lat' dir='ltr'>Ita</span> <span class='ocrx_word' id='word_1_202' title='bbox 232 2061 380 2114; x_wconf 87' lang='lat' dir='ltr'>rejecto</span> <span class='ocrx_word' id='word_1_203' title='bbox 395 2062 521 2114; x_wconf 91' lang='lat' dir='ltr'>spatio</span> <span class='ocrx_word' id='word_1_204' title='bbox 536 2075 691 2100; x_wconf 90' lang='lat' dir='ltr'>omnem</span> <span class='ocrx_word' id='word_1_205' title='bbox 710 2061 825 2099; x_wconf 90' lang='lat' dir='ltr'>etiam</span> <span class='ocrx_word' id='word_1_206' title='bbox 841 2074 1052 2112; x_wconf 88' lang='lat' dir='ltr'>corporum</span> <span class='ocrx_word' id='word_1_207' title='bbox 1070 2069 1218 2098; x_wconf 91' lang='lat' dir='ltr'>motum</span> 
     </span>
     <span class='ocr_line' id='line_1_32' title="bbox 157 2119 1220 2175; baseline -0.005 -13"><span class='ocrx_word' id='word_1_208' title='bbox 157 2122 360 2175; x_wconf 85' lang='lat' dir='ltr'>repudiari</span> <span class='ocrx_word' id='word_1_209' title='bbox 375 2135 531 2161; x_wconf 91' lang='lat' dir='ltr'>necesse</span> <span class='ocrx_word' id='word_1_210' title='bbox 545 2130 616 2162; x_wconf 89' lang='lat' dir='ltr'>est.</span> <span class='ocrx_word' id='word_1_211' title='bbox 674 2121 770 2159; x_wconf 89' lang='lat' dir='ltr'>Nam</span> <span class='ocrx_word' id='word_1_212' title='bbox 786 2121 819 2160; x_wconf 92' lang='lat' dir='ltr'>si</span> <span class='ocrx_word' id='word_1_213' title='bbox 837 2134 917 2159; x_wconf 91' lang='lat' dir='ltr'>non</span> <span class='ocrx_word' id='word_1_214' title='bbox 933 2128 990 2159; x_wconf 91' lang='lat' dir='ltr'>est</span> <span class='ocrx_word' id='word_1_215' title='bbox 1002 2119 1072 2159; x_wconf 91' lang='lat' dir='ltr'>ubi</span> <span class='ocrx_word' id='word_1_216' title='bbox 1087 2132 1220 2171; x_wconf 84' lang='lat' dir='ltr'>exspa-</span> 
     </span>
     <span class='ocr_line' id='line_1_33' title="bbox 157 2179 1220 2233; baseline -0.002 -13"><span class='ocrx_word' id='word_1_217' title='bbox 157 2183 256 2233; x_wconf 83' lang='lat' dir='ltr'>tiere</span> <span class='ocrx_word' id='word_1_218' title='bbox 268 2190 306 2220; x_wconf 90' lang='lat' dir='ltr'>et</span> <span class='ocrx_word' id='word_1_219' title='bbox 321 2195 473 2229; x_wconf 87' lang='lat' dir='ltr'>curras,</span> <span class='ocrx_word' id='word_1_220' title='bbox 491 2182 653 2219; x_wconf 90' lang='lat' dir='ltr'>omnino</span> <span class='ocrx_word' id='word_1_221' title='bbox 671 2180 772 2219; x_wconf 88' lang='lat' dir='ltr'>nihil</span> <span class='ocrx_word' id='word_1_222' title='bbox 789 2189 981 2231; x_wconf 85' lang='lat' dir='ltr'>movetur,</span> <span class='ocrx_word' id='word_1_223' title='bbox 1001 2179 1068 2219; x_wconf 90' lang='lat' dir='ltr'>sed</span> <span class='ocrx_word' id='word_1_224' title='bbox 1082 2188 1220 2218; x_wconf 89' lang='lat' dir='ltr'>cuncta</span> 
     </span>
     <span class='ocr_line' id='line_1_34' title="bbox 159 2239 1219 2292; baseline -0.002 -13"><span class='ocrx_word' id='word_1_225' title='bbox 159 2241 375 2292; x_wconf 90' lang='lat' dir='ltr'>quiescunt.</span> <span class='ocrx_word' id='word_1_226' title='bbox 433 2240 547 2287; x_wconf 91' lang='lat' dir='ltr'>Quod</span> <span class='ocrx_word' id='word_1_227' title='bbox 561 2254 639 2292; x_wconf 94' lang='lat' dir='ltr'>quo</span> <span class='ocrx_word' id='word_1_228' title='bbox 657 2240 782 2291; x_wconf 85' lang='lat' dir='ltr'>magis</span> <span class='ocrx_word' id='word_1_229' title='bbox 793 2240 1044 2292; x_wconf 88' lang='lat' dir='ltr'>perspicuum</span> <span class='ocrx_word' id='word_1_230' title='bbox 1061 2239 1219 2278; x_wconf 86' lang='lat' dir='ltr'>audien-</span> 
     </span>
     <span class='ocr_line' id='line_1_35' title="bbox 159 2298 1222 2351; baseline -0.001 -13"><span class='ocrx_word' id='word_1_231' title='bbox 159 2299 264 2339; x_wconf 87' lang='lat' dir='ltr'>tibus</span> <span class='ocrx_word' id='word_1_232' title='bbox 280 2309 403 2348; x_wconf 89' lang='lat' dir='ltr'>esset‚</span> <span class='ocrx_word' id='word_1_233' title='bbox 424 2309 608 2351; x_wconf 88' lang='lat' dir='ltr'>quattuor</span> <span class='ocrx_word' id='word_1_234' title='bbox 637 2300 858 2339; x_wconf 89' lang='lat' dir='ltr'>rationibus</span> <span class='ocrx_word' id='word_1_235' title='bbox 881 2299 1051 2351; x_wconf 89' lang='lat' dir='ltr'>probare</span> <span class='ocrx_word' id='word_1_236' title='bbox 1071 2298 1222 2338; x_wconf 88' lang='lat' dir='ltr'>solebat</span> 
     </span>
     <span class='ocr_line' id='line_1_36' title="bbox 160 2362 1222 2414; baseline 0 -14"><span class='ocrx_word' id='word_1_237' title='bbox 160 2369 256 2413; x_wconf 82' lang='lat' dir='ltr'>quas</span> <span class='ocrx_word' id='word_1_238' title='bbox 266 2363 309 2402; x_wconf 91' lang='lat' dir='ltr'>in</span> <span class='ocrx_word' id='word_1_239' title='bbox 320 2363 547 2414; x_wconf 87' lang='lat' dir='ltr'>fragmentis</span> <span class='ocrx_word' id='word_1_240' title='bbox 561 2376 609 2401; x_wconf 82' lang='lat' dir='ltr'>ex</span> <span class='ocrx_word' id='word_1_241' title='bbox 620 2363 829 2401; x_wconf 88' lang='lat' dir='ltr'>Aristotele</span> <span class='ocrx_word' id='word_1_242' title='bbox 840 2363 1064 2402; x_wconf 87' lang='lat' dir='ltr'>afferemus.</span> <span class='ocrx_word' id='word_1_243' title='bbox 1086 2362 1222 2401; x_wconf 87' lang='lat' dir='ltr'>Prima</span> 
     </span>
     <span class='ocr_line' id='line_1_37' title="bbox 161 2421 1221 2474; baseline 0 -15"><span class='ocrx_word' id='word_1_244' title='bbox 161 2430 220 2460; x_wconf 90' lang='lat' dir='ltr'>est</span> <span class='ocrx_word' id='word_1_245' title='bbox 248 2435 326 2474; x_wconf 84' lang='lat' dir='ltr'>qua</span> <span class='ocrx_word' id='word_1_246' title='bbox 358 2432 505 2461; x_wconf 91' lang='lat' dir='ltr'>motum</span> <span class='ocrx_word' id='word_1_247' title='bbox 538 2423 582 2461; x_wconf 90' lang='lat' dir='ltr'>in</span> <span class='ocrx_word' id='word_1_248' title='bbox 605 2422 834 2461; x_wconf 82' lang='lat' dir='ltr'>universum</span> <span class='ocrx_word' id='word_1_249' title='bbox 869 2421 1041 2462; x_wconf 87' lang='lat' dir='ltr'>tollebat.</span> <span class='ocrx_word' id='word_1_250' title='bbox 1097 2421 1221 2467; x_wconf 84' lang='lat' dir='ltr'>Quid-</span> 
     </span>
     <span class='ocr_line' id='line_1_38' title="bbox 162 2480 1221 2532; baseline 0.002 -16"><span class='ocrx_word' id='word_1_251' title='bbox 162 2480 259 2530; x_wconf 88' lang='lat' dir='ltr'>quid</span> <span class='ocrx_word' id='word_1_252' title='bbox 280 2481 402 2531; x_wconf 85' lang='lat' dir='ltr'>igitur</span> <span class='ocrx_word' id='word_1_253' title='bbox 430 2481 479 2520; x_wconf 92' lang='lat' dir='ltr'>ad</span> <span class='ocrx_word' id='word_1_254' title='bbox 498 2481 709 2519; x_wconf 89' lang='lat' dir='ltr'>terminum</span> <span class='ocrx_word' id='word_1_255' title='bbox 739 2482 908 2531; x_wconf 88' lang='lat' dir='ltr'>aliquem</span> <span class='ocrx_word' id='word_1_256' title='bbox 940 2488 1221 2532; x_wconf 90' lang='lat' dir='ltr'>perventurum</span> 
     </span>
     <span class='ocr_line' id='line_1_39' title="bbox 165 2540 1222 2593; baseline 0.001 -16"><span class='ocrx_word' id='word_1_257' title='bbox 165 2540 326 2589; x_wconf 87' lang='lat' dir='ltr'>dicitur,</span> <span class='ocrx_word' id='word_1_258' title='bbox 359 2541 469 2593; x_wconf 88' lang='lat' dir='ltr'>prius</span> <span class='ocrx_word' id='word_1_259' title='bbox 497 2540 706 2579; x_wconf 87' lang='lat' dir='ltr'>dimidium</span> <span class='ocrx_word' id='word_1_260' title='bbox 739 2541 815 2579; x_wconf 82' lang='lat' dir='ltr'>viae</span> <span class='ocrx_word' id='word_1_261' title='bbox 845 2540 1027 2579; x_wconf 79' lang='lat' dir='ltr'>conficiat</span> <span class='ocrx_word' id='word_1_262' title='bbox 1049 2548 1222 2591; x_wconf 89' lang='lat' dir='ltr'>oportet,</span> 
     </span>
     <span class='ocr_line' id='line_1_40' title="bbox 165 2599 1223 2650; baseline 0.001 -13"><span class='ocrx_word' id='word_1_263' title='bbox 165 2613 280 2650; x_wconf 88' lang='lat' dir='ltr'>quam</span> <span class='ocrx_word' id='word_1_264' title='bbox 298 2609 421 2639; x_wconf 86' lang='lat' dir='ltr'>totum</span> <span class='ocrx_word' id='word_1_265' title='bbox 450 2601 525 2639; x_wconf 89' lang='lat' dir='ltr'>iter</span> <span class='ocrx_word' id='word_1_266' title='bbox 547 2600 763 2639; x_wconf 86' lang='lat' dir='ltr'>emetiatur.</span> <span class='ocrx_word' id='word_1_267' title='bbox 823 2601 874 2638; x_wconf 89' lang='lat' dir='ltr'>At</span> <span class='ocrx_word' id='word_1_268' title='bbox 895 2599 1102 2638; x_wconf 89' lang='lat' dir='ltr'>dimidium</span> <span class='ocrx_word' id='word_1_269' title='bbox 1124 2599 1223 2638; x_wconf 90' lang='lat' dir='ltr'>illud</span> 
     </span>
     <span class='ocr_line' id='line_1_41' title="bbox 164 2658 1224 2710; baseline 0 -13"><span class='ocrx_word' id='word_1_270' title='bbox 164 2672 239 2710; x_wconf 90' lang='lat' dir='ltr'>pro</span> <span class='ocrx_word' id='word_1_271' title='bbox 269 2668 350 2698; x_wconf 91' lang='lat' dir='ltr'>toto</span> <span class='ocrx_word' id='word_1_272' title='bbox 384 2659 521 2698; x_wconf 85' lang='lat' dir='ltr'>haberi</span> <span class='ocrx_word' id='word_1_273' title='bbox 559 2660 765 2707; x_wconf 87' lang='lat' dir='ltr'>convenit,</span> <span class='ocrx_word' id='word_1_274' title='bbox 789 2660 882 2710; x_wconf 89' lang='lat' dir='ltr'>quia</span> <span class='ocrx_word' id='word_1_275' title='bbox 914 2658 1067 2697; x_wconf 87' lang='lat' dir='ltr'>duabus</span> <span class='ocrx_word' id='word_1_276' title='bbox 1096 2659 1224 2710; x_wconf 91' lang='lat' dir='ltr'>iisque</span> 
     </span>
     <span class='ocr_line' id='line_1_42' title="bbox 167 2718 1223 2772; baseline -0.001 -16"><span class='ocrx_word' id='word_1_277' title='bbox 167 2719 382 2770; x_wconf 77' lang='lat' dir='ltr'>aequalibus</span> <span class='ocrx_word' id='word_1_278' title='bbox 396 2719 576 2772; x_wconf 89' lang='lat' dir='ltr'>partibus</span> <span class='ocrx_word' id='word_1_279' title='bbox 592 2728 755 2759; x_wconf 89' lang='lat' dir='ltr'>constat.</span> <span class='ocrx_word' id='word_1_280' title='bbox 815 2718 917 2769; x_wconf 87' lang='lat' dir='ltr'>Ergo</span> <span class='ocrx_word' id='word_1_281' title='bbox 933 2732 995 2757; x_wconf 91' lang='lat' dir='ltr'>res</span> <span class='ocrx_word' id='word_1_282' title='bbox 1011 2718 1059 2756; x_wconf 90' lang='lat' dir='ltr'>ad</span> <span class='ocrx_word' id='word_1_283' title='bbox 1078 2727 1223 2756; x_wconf 91' lang='lat' dir='ltr'>motum</span> 
     </span>
    </p>
   </div>
   <div class='ocr_carea' id='block_1_3' title="bbox 166 2849 1230 3178">
    <p class='ocr_par' dir='ltr' id='par_1_3' title="bbox 166 2849 1228 3036">
     <span class='ocr_line' id='line_1_43' title="bbox 211 2849 1225 2893; baseline -0.001 -10"><span class='ocrx_word' id='word_1_284' title='bbox 211 2852 255 2891; x_wconf 86' lang='lat'>(7)</span> <span class='ocrx_word' id='word_1_285' title='bbox 278 2851 436 2892; x_wconf 79' lang='lat' dir='ltr'>Diogenes</span> <span class='ocrx_word' id='word_1_286' title='bbox 448 2852 595 2885; x_wconf 76' lang='lat' dir='ltr'>Laertius</span> <span class='ocrx_word' id='word_1_287' title='bbox 608 2852 664 2885; x_wconf 89' lang='lat' dir='ltr'>lib.</span> <span class='ocrx_word' id='word_1_288' title='bbox 675 2853 733 2893; x_wconf 77' lang='lat' dir='ltr'>lx,</span> <span class='ocrx_word' id='word_1_289' title='bbox 750 2854 788 2885; x_wconf 80' lang='lat'>29</span> <span class='ocrx_word' id='word_1_290' title='bbox 803 2860 811 2880; x_wconf 67' lang='grc' dir='ltr'>ἒ</span> <span class='ocrx_word' id='word_1_291' title='bbox 827 2851 928 2888; x_wconf 78' lang='grc' dir='ltr'>Οὗτος</span> <span class='ocrx_word' id='word_1_292' title='bbox 943 2852 996 2883; x_wconf 85' lang='grc' dir='ltr'>καὶ</span> <span class='ocrx_word' id='word_1_293' title='bbox 1014 2851 1068 2883; x_wconf 80' lang='grc' dir='ltr'>τὸν</span> <span class='ocrx_word' id='word_1_294' title='bbox 1085 2849 1225 2891; x_wconf 77' lang='grc' dir='ltr'>Ἀχιλλέα</span> 
     </span>
     <span class='ocr_line' id='line_1_44' title="bbox 166 2898 1227 2942; baseline -0.002 -11"><span class='ocrx_word' id='word_1_295' title='bbox 166 2902 288 2940; x_wconf 84' lang='grc' dir='ltr'>πρῶτος</span> <span class='ocrx_word' id='word_1_296' title='bbox 300 2899 393 2941; x_wconf 81' lang='grc' dir='ltr'>λόγον</span> <span class='ocrx_word' id='word_1_297' title='bbox 409 2900 574 2941; x_wconf 85' lang='grc' dir='ltr'>ἠρώτησε·</span> <span class='ocrx_word' id='word_1_298' title='bbox 593 2900 775 2942; x_wconf 77' lang='grc' dir='ltr'>Φαὸωρῖνος</span> <span class='ocrx_word' id='word_1_299' title='bbox 798 2899 831 2932; x_wconf 84' lang='grc' dir='ltr'>δέ</span> <span class='ocrx_word' id='word_1_300' title='bbox 855 2911 931 2941; x_wconf 84' lang='grc' dir='ltr'>φησι</span> <span class='ocrx_word' id='word_1_301' title='bbox 951 2898 1149 2940; x_wconf 79' lang='grc' dir='ltr'>Παρμενίδην</span> <span class='ocrx_word' id='word_1_302' title='bbox 1171 2898 1227 2930; x_wconf 84' lang='grc' dir='ltr'>καὶ</span> 
     </span>
     <span class='ocr_line' id='line_1_45' title="bbox 172 2946 1228 2989; baseline -0.001 -12"><span class='ocrx_word' id='word_1_303' title='bbox 172 2946 283 2984; x_wconf 87' lang='grc' dir='ltr'>ἀλλους</span> <span class='ocrx_word' id='word_1_304' title='bbox 301 2947 448 2988; x_wconf 83' lang='grc' dir='ltr'>συχνούς.</span> <span class='ocrx_word' id='word_1_305' title='bbox 471 2947 521 2980; x_wconf 82' lang='lat' dir='ltr'>Cf.</span> <span class='ocrx_word' id='word_1_306' title='bbox 537 2947 719 2980; x_wconf 82' lang='lat' dir='ltr'>Aristotelis</span> <span class='ocrx_word' id='word_1_307' title='bbox 733 2947 896 2989; x_wconf 83' lang='lat' dir='ltr'>Physicor.</span> <span class='ocrx_word' id='word_1_308' title='bbox 911 2946 968 2978; x_wconf 86' lang='lat' dir='ltr'>lib.</span> <span class='ocrx_word' id='word_1_309' title='bbox 986 2948 1031 2978; x_wconf 89' lang='lat' dir='ltr'>Vl</span> <span class='ocrx_word' id='word_1_310' title='bbox 1053 2954 1122 2987; x_wconf 71' lang='lat' dir='ltr'>cap,</span> <span class='ocrx_word' id='word_1_311' title='bbox 1143 2947 1177 2978; x_wconf 85' lang='lat'>14</span> <span class='ocrx_word' id='word_1_312' title='bbox 1196 2946 1228 2977; x_wconf 87' lang='lat' dir='ltr'>et</span> 
     </span>
     <span class='ocr_line' id='line_1_46' title="bbox 171 2993 1005 3036; baseline 0 -11"><span class='ocrx_word' id='word_1_313' title='bbox 171 2993 253 3025; x_wconf 73' lang='lat' dir='ltr'>infra</span> <span class='ocrx_word' id='word_1_314' title='bbox 276 2994 466 3034; x_wconf 76' lang='lat' dir='ltr'>fragmenta.</span> <span class='ocrx_word' id='word_1_315' title='bbox 479 2994 555 3028; x_wconf 86' lang='lat' dir='ltr'>vid.</span> <span class='ocrx_word' id='word_1_316' title='bbox 570 2995 668 3027; x_wconf 84' lang='lat' dir='ltr'>etiam</span> <span class='ocrx_word' id='word_1_317' title='bbox 684 2994 777 3036; x_wconf 77' lang='lat' dir='ltr'>praef.</span> <span class='ocrx_word' id='word_1_318' title='bbox 795 2993 836 3026; x_wconf 86' lang='lat' dir='ltr'>ad</span> <span class='ocrx_word' id='word_1_319' title='bbox 855 2996 1005 3026; x_wconf 84' lang='lat' dir='ltr'>Parmen.</span> 
     </span>
    </p>

    <p class='ocr_par' dir='ltr' id='par_1_4' title="bbox 172 3038 1230 3178">
     <span class='ocr_line' id='line_1_47' title="bbox 215 3038 1228 3084; baseline -0.006 -9"><span class='ocrx_word' id='word_1_320' title='bbox 215 3042 260 3084; x_wconf 82' lang='lat'>(8)</span> <span class='ocrx_word' id='word_1_321' title='bbox 276 3044 367 3076; x_wconf 81' lang='lat' dir='ltr'>Plato</span> <span class='ocrx_word' id='word_1_322' title='bbox 377 3042 509 3075; x_wconf 76' lang='lat' dir='ltr'>Phaedr.</span> <span class='ocrx_word' id='word_1_323' title='bbox 522 3051 554 3083; x_wconf 86' lang='lat' dir='ltr'>p.</span> <span class='ocrx_word' id='word_1_324' title='bbox 567 3045 624 3075; x_wconf 80' lang='lat'>261</span> <span class='ocrx_word' id='word_1_325' title='bbox 645 3043 690 3074; x_wconf 91' lang='lat' dir='ltr'>D·</span> <span class='ocrx_word' id='word_1_326' title='bbox 699 3042 760 3074; x_wconf 88' lang='grc' dir='ltr'>Τὸν</span> <span class='ocrx_word' id='word_1_327' title='bbox 773 3041 827 3073; x_wconf 84' lang='grc' dir='ltr'>οὖν</span> <span class='ocrx_word' id='word_1_328' title='bbox 841 3040 1019 3073; x_wconf 86' lang='grc' dir='ltr'>ἘἸεατικὸν</span> <span class='ocrx_word' id='word_1_329' title='bbox 1033 3038 1228 3080; x_wconf 79' lang='grc' dir='ltr'>Παλαμήδην</span> 
     </span>
     <span class='ocr_line' id='line_1_48' title="bbox 174 3087 1229 3132; baseline -0.006 -10"><span class='ocrx_word' id='word_1_330' title='bbox 174 3091 301 3131; x_wconf 82' lang='grc' dir='ltr'>Αὲγοντα</span> <span class='ocrx_word' id='word_1_331' title='bbox 313 3089 371 3122; x_wconf 79' lang='grc' dir='ltr'>οὐκ</span> <span class='ocrx_word' id='word_1_332' title='bbox 382 3090 474 3131; x_wconf 83' lang='grc' dir='ltr'>ισμεν</span> <span class='ocrx_word' id='word_1_333' title='bbox 486 3091 598 3132; x_wconf 79' lang='grc' dir='ltr'>τέχνῃ,</span> <span class='ocrx_word' id='word_1_334' title='bbox 610 3090 693 3121; x_wconf 84' lang='grc' dir='ltr'>ὥστε</span> <span class='ocrx_word' id='word_1_335' title='bbox 711 3089 813 3121; x_wconf 79' lang='grc' dir='ltr'>δοκεῖν</span> <span class='ocrx_word' id='word_1_336' title='bbox 827 3088 990 3128; x_wconf 83' lang='grc' dir='ltr'>φαίνεσθαι</span> <span class='ocrx_word' id='word_1_337' title='bbox 1000 3090 1063 3123; x_wconf 85' lang='grc' dir='ltr'>τοῖς</span> <span class='ocrx_word' id='word_1_338' title='bbox 1078 3087 1229 3118; x_wconf 79' lang='grc' dir='ltr'>ἀκούουσι</span> 
     </span>
     <span class='ocr_line' id='line_1_49' title="bbox 172 3131 1230 3178; baseline -0.006 -9"><span class='ocrx_word' id='word_1_339' title='bbox 172 3137 212 3169; x_wconf 79' lang='grc' dir='ltr'>τὰ</span> <span class='ocrx_word' id='word_1_340' title='bbox 234 3137 312 3170; x_wconf 82' lang='grc' dir='ltr'>αὐτὰ</span> <span class='ocrx_word' id='word_1_341' title='bbox 328 3137 423 3178; x_wconf 86' lang='grc' dir='ltr'>ὅμοια</span> <span class='ocrx_word' id='word_1_342' title='bbox 438 3137 491 3169; x_wconf 83' lang='grc' dir='ltr'>καὶ</span> <span class='ocrx_word' id='word_1_343' title='bbox 505 3137 656 3178; x_wconf 80' lang='grc' dir='ltr'>ἀνόμοια,</span> <span class='ocrx_word' id='word_1_344' title='bbox 671 3137 724 3168; x_wconf 87' lang='grc' dir='ltr'>καὶ</span> <span class='ocrx_word' id='word_1_345' title='bbox 741 3136 774 3168; x_wconf 91' lang='grc' dir='ltr'>ἓν</span> <span class='ocrx_word' id='word_1_346' title='bbox 793 3136 846 3168; x_wconf 91' lang='grc' dir='ltr'>καὶ</span> <span class='ocrx_word' id='word_1_347' title='bbox 859 3135 982 3174; x_wconf 82' lang='grc' dir='ltr'>ποἸλὰ,</span> <span class='ocrx_word' id='word_1_348' title='bbox 999 3133 1128 3175; x_wconf 61' lang='grc' dir='ltr'>μέν-οντα</span> <span class='ocrx_word' id='word_1_349' title='bbox 1142 3144 1176 3165; x_wconf 90' lang='grc' dir='ltr'>τε</span> <span class='ocrx_word' id='word_1_350' title='bbox 1190 3131 1230 3164; x_wconf 76' lang='grc' dir='ltr'>αὖ</span> 
     </span>
    </p>
   </div>
   <div class='ocr_carea' id='block_1_4' title="bbox 111 3183 415 3225">
    <p class='ocr_par' dir='ltr' id='par_1_5' title="bbox 111 3183 415 3225">
     <span class='ocr_line' id='line_1_50' title="bbox 111 3183 415 3225; baseline 0.003 -10"><span class='ocrx_word' id='word_1_351' title='bbox 111 3196 115 3200; x_wconf 78' lang='grc'><strong>’</strong></span> <span class='ocrx_word' id='word_1_352' title='bbox 174 3184 227 3215; x_wconf 86' lang='grc' dir='ltr'>καὶ</span> <span class='ocrx_word' id='word_1_353' title='bbox 247 3183 414 3225; x_wconf 83' lang='grc' dir='ltr'>φερόμενα·</span> <span class='ocrx_word' id='word_1_354' title='bbox 405 3208 415 3224; x_wconf 90' lang='grc'><em>,</em></span> 
     </span>
    </p>
   </div>
   <div class='ocr_carea' id='block_1_5' title="bbox 177 3227 1233 3557">
    <p class='ocr_par' dir='ltr' id='par_1_6' title="bbox 177 3227 1233 3557">
     <span class='ocr_line' id='line_1_51' title="bbox 220 3227 1230 3272; baseline -0.004 -8"><span class='ocrx_word' id='word_1_355' title='bbox 220 3230 265 3272; x_wconf 84' lang='grc'>(9)</span> <span class='ocrx_word' id='word_1_356' title='bbox 280 3233 365 3263; x_wconf 89' lang='lat' dir='ltr'>Zeno</span> <span class='ocrx_word' id='word_1_357' title='bbox 383 3230 466 3272; x_wconf 86' lang='lat' dir='ltr'>apud</span> <span class='ocrx_word' id='word_1_358' title='bbox 488 3231 653 3264; x_wconf 80' lang='lat' dir='ltr'>Platonem</span> <span class='ocrx_word' id='word_1_359' title='bbox 676 3229 857 3263; x_wconf 81' lang='lat' dir='ltr'>Parmenid.</span> <span class='ocrx_word' id='word_1_360' title='bbox 877 3238 907 3270; x_wconf 85' lang='lat' dir='ltr'>p.</span> <span class='ocrx_word' id='word_1_361' title='bbox 934 3231 1016 3261; x_wconf 87' lang='lat'>128:</span> <span class='ocrx_word' id='word_1_362' title='bbox 1037 3228 1161 3260; x_wconf 83' lang='grc' dir='ltr'>Ἔστι</span> <span class='ocrx_word' id='word_1_363' title='bbox 1146 3228 1178 3260; x_wconf 84' lang='grc' dir='ltr'>οὲ</span> <span class='ocrx_word' id='word_1_364' title='bbox 1193 3227 1230 3260; x_wconf 87' lang='grc' dir='ltr'>τό</span> 
     </span>
     <span class='ocr_line' id='line_1_52' title="bbox 177 3276 1231 3320; baseline -0.001 -12"><span class='ocrx_word' id='word_1_365' title='bbox 177 3285 212 3317; x_wconf 86' lang='grc' dir='ltr'>γε</span> <span class='ocrx_word' id='word_1_366' title='bbox 226 3277 334 3315; x_wconf 78' lang='grc' dir='ltr'>ἀληθὲς</span> <span class='ocrx_word' id='word_1_367' title='bbox 345 3278 471 3320; x_wconf 85' lang='grc' dir='ltr'>βοήθειά</span> <span class='ocrx_word' id='word_1_368' title='bbox 480 3289 526 3316; x_wconf 87' lang='grc' dir='ltr'>τις</span> <span class='ocrx_word' id='word_1_369' title='bbox 538 3282 638 3311; x_wconf 80' lang='grc' dir='ltr'>ταῦτα</span> <span class='ocrx_word' id='word_1_370' title='bbox 648 3279 687 3311; x_wconf 85' lang='grc' dir='ltr'>τὰ</span> <span class='ocrx_word' id='word_1_371' title='bbox 701 3278 871 3320; x_wconf 85' lang='grc' dir='ltr'>γράμματα</span> <span class='ocrx_word' id='word_1_372' title='bbox 883 3280 928 3319; x_wconf 89' lang='grc' dir='ltr'>τῷ</span> <span class='ocrx_word' id='word_1_373' title='bbox 940 3276 1136 3318; x_wconf 72' lang='grc' dir='ltr'>Παρμενίδου</span> <span class='ocrx_word' id='word_1_374' title='bbox 1146 3276 1231 3318; x_wconf 85' lang='grc' dir='ltr'>λόγῳ</span> 
     </span>
     <span class='ocr_line' id='line_1_53' title="bbox 178 3324 1229 3369; baseline -0.001 -13"><span class='ocrx_word' id='word_1_375' title='bbox 178 3324 254 3366; x_wconf 81' lang='grc' dir='ltr'>πρὸς</span> <span class='ocrx_word' id='word_1_376' title='bbox 271 3325 341 3362; x_wconf 86' lang='grc' dir='ltr'>τοὺς</span> <span class='ocrx_word' id='word_1_377' title='bbox 366 3325 593 3369; x_wconf 80' lang='grc' dir='ltr'>ἐπιχειροῦντας</span> <span class='ocrx_word' id='word_1_378' title='bbox 612 3327 706 3359; x_wconf 77' lang='grc' dir='ltr'>αὐτὸν</span> <span class='ocrx_word' id='word_1_379' title='bbox 732 3326 918 3368; x_wconf 78' lang='grc' dir='ltr'>κωμῳδεῖν,</span> <span class='ocrx_word' id='word_1_380' title='bbox 941 3327 1003 3363; x_wconf 84' lang='grc' dir='ltr'>ὡς,</span> <span class='ocrx_word' id='word_1_381' title='bbox 1025 3325 1052 3356; x_wconf 87' lang='grc' dir='ltr'>εἰ</span> <span class='ocrx_word' id='word_1_382' title='bbox 1082 3325 1114 3356; x_wconf 85' lang='grc' dir='ltr'>ἓν</span> <span class='ocrx_word' id='word_1_383' title='bbox 1142 3325 1229 3364; x_wconf 83' lang='grc' dir='ltr'>ἔστι,</span> 
     </span>
     <span class='ocr_line' id='line_1_54' title="bbox 178 3371 1232 3417; baseline 0 -14"><span class='ocrx_word' id='word_1_384' title='bbox 178 3372 278 3417; x_wconf 76' lang='grc' dir='ltr'>πολλοι</span> <span class='ocrx_word' id='word_1_385' title='bbox 301 3373 356 3404; x_wconf 83' lang='grc' dir='ltr'>καὶ</span> <span class='ocrx_word' id='word_1_386' title='bbox 381 3373 488 3412; x_wconf 82' lang='grc' dir='ltr'>γελοῖα</span> <span class='ocrx_word' id='word_1_387' title='bbox 507 3374 670 3415; x_wconf 76' lang='grc' dir='ltr'>συμὸαίνει</span> <span class='ocrx_word' id='word_1_388' title='bbox 694 3374 829 3415; x_wconf 83' lang='grc' dir='ltr'>πάσχειν</span> <span class='ocrx_word' id='word_1_389' title='bbox 845 3376 890 3414; x_wconf 90' lang='grc' dir='ltr'>τῷ</span> <span class='ocrx_word' id='word_1_390' title='bbox 917 3373 1002 3414; x_wconf 79' lang='grc' dir='ltr'>λόγῳ</span> <span class='ocrx_word' id='word_1_391' title='bbox 1025 3372 1078 3404; x_wconf 90' lang='grc' dir='ltr'>καὶ</span> <span class='ocrx_word' id='word_1_392' title='bbox 1108 3371 1232 3404; x_wconf 80' lang='grc' dir='ltr'>ἐναντίοι</span> 
     </span>
     <span class='ocr_line' id='line_1_55' title="bbox 180 3418 1233 3463; baseline 0.002 -15"><span class='ocrx_word' id='word_1_393' title='bbox 180 3418 277 3459; x_wconf 75' lang='grc' dir='ltr'>αὐτῷ.</span> <span class='ocrx_word' id='word_1_394' title='bbox 297 3418 447 3459; x_wconf 85' lang='grc' dir='ltr'>ἀντιλέγει</span> <span class='ocrx_word' id='word_1_395' title='bbox 462 3420 500 3459; x_wconf 81' lang='grc' dir='ltr'>δὴ</span> <span class='ocrx_word' id='word_1_396' title='bbox 519 3419 573 3452; x_wconf 83' lang='grc' dir='ltr'>οὗν</span> <span class='ocrx_word' id='word_1_397' title='bbox 589 3424 682 3453; x_wconf 86' lang='grc' dir='ltr'>τοῦτο</span> <span class='ocrx_word' id='word_1_398' title='bbox 703 3421 739 3453; x_wconf 85' lang='grc' dir='ltr'>τὸ</span> <span class='ocrx_word' id='word_1_399' title='bbox 755 3421 885 3463; x_wconf 74' lang='grc' dir='ltr'>γράμμα</span> <span class='ocrx_word' id='word_1_400' title='bbox 898 3421 973 3463; x_wconf 82' lang='grc' dir='ltr'>πρὸς</span> <span class='ocrx_word' id='word_1_401' title='bbox 991 3420 1062 3456; x_wconf 78' lang='grc' dir='ltr'>τοὺς</span> <span class='ocrx_word' id='word_1_402' title='bbox 1080 3419 1119 3451; x_wconf 85' lang='grc' dir='ltr'>τὰ</span> <span class='ocrx_word' id='word_1_403' title='bbox 1133 3419 1233 3451; x_wconf 84' lang='grc' dir='ltr'>πολλὰ</span> 
     </span>
     <span class='ocr_line' id='line_1_56' title="bbox 180 3465 1232 3508; baseline 0.001 -11"><span class='ocrx_word' id='word_1_404' title='bbox 180 3465 323 3505; x_wconf 80' lang='grc' dir='ltr'>Αέγοντας</span> <span class='ocrx_word' id='word_1_405' title='bbox 338 3467 392 3499; x_wconf 90' lang='grc' dir='ltr'>καὶ</span> <span class='ocrx_word' id='word_1_406' title='bbox 409 3466 638 3500; x_wconf 82' lang='grc' dir='ltr'>ἀνταποδίδωσι</span> <span class='ocrx_word' id='word_1_407' title='bbox 655 3468 752 3500; x_wconf 83' lang='grc' dir='ltr'>ταύτὰ</span> <span class='ocrx_word' id='word_1_408' title='bbox 769 3469 822 3500; x_wconf 85' lang='grc' dir='ltr'>καὶ</span> <span class='ocrx_word' id='word_1_409' title='bbox 839 3467 937 3500; x_wconf 86' lang='grc' dir='ltr'>πλείω</span> <span class='ocrx_word' id='word_1_410' title='bbox 950 3491 958 3506; x_wconf 93' lang='grc'><strong>,</strong></span> <span class='ocrx_word' id='word_1_411' title='bbox 973 3469 1065 3499; x_wconf 79' lang='grc' dir='ltr'>τοῦτο</span> <span class='ocrx_word' id='word_1_412' title='bbox 1080 3465 1232 3508; x_wconf 85' lang='grc' dir='ltr'>βουλόμε-</span> 
     </span>
     <span class='ocr_line' id='line_1_57' title="bbox 181 3513 1232 3557; baseline 0.003 -13"><span class='ocrx_word' id='word_1_413' title='bbox 181 3523 232 3545; x_wconf 91' lang='grc' dir='ltr'>νον</span> <span class='ocrx_word' id='word_1_414' title='bbox 250 3513 377 3555; x_wconf 80' lang='grc' dir='ltr'>δηλοῦν,</span> <span class='ocrx_word' id='word_1_415' title='bbox 392 3515 433 3551; x_wconf 76' lang='grc' dir='ltr'>ὡς</span> <span class='ocrx_word' id='word_1_416' title='bbox 448 3514 493 3547; x_wconf 81' lang='grc' dir='ltr'>ἔτι</span> <span class='ocrx_word' id='word_1_417' title='bbox 510 3515 689 3557; x_wconf 82' lang='grc' dir='ltr'>γελοιότερα</span> <span class='ocrx_word' id='word_1_418' title='bbox 711 3515 830 3556; x_wconf 73' lang='grc' dir='ltr'>πάσχοι</span> <span class='ocrx_word' id='word_1_419' title='bbox 845 3516 882 3548; x_wconf 83' lang='grc' dir='ltr'>ἂν</span> <span class='ocrx_word' id='word_1_420' title='bbox 900 3515 1003 3547; x_wconf 78' lang='grc' dir='ltr'>αὐτῶν</span> <span class='ocrx_word' id='word_1_421' title='bbox 1028 3517 1047 3552; x_wconf 86' lang='grc' dir='ltr'>ἡ</span> <span class='ocrx_word' id='word_1_422' title='bbox 1062 3514 1210 3552; x_wconf 68' lang='grc' dir='ltr'>ὑπόθεσις</span> <span class='ocrx_word' id='word_1_423' title='bbox 1223 3539 1232 3554; x_wconf 88' lang='grc'>,</span> 
     </span>
    </p>
   </div>
   <div class='ocr_carea' id='block_1_6' title="bbox 2245 267 2317 299">
    <p class='ocr_par' dir='ltr' id='par_1_7' title="bbox 2245 267 2317 299">
     <span class='ocr_line' id='line_1_58' title="bbox 2245 267 2317 299; baseline 0.028 -2"><span class='ocrx_word' id='word_1_424' title='bbox 2245 267 2317 299; x_wconf 74' lang='lat'>‘267</span> 
     </span>
    </p>
   </div>
   <div class='ocr_carea' id='block_1_7' title="bbox 1270 341 2350 2768">
    <p class='ocr_par' dir='ltr' id='par_1_8' title="bbox 1271 341 2322 456">
     <span class='ocr_line' id='line_1_59' title="bbox 1271 341 2322 396; baseline 0.004 -16"><span class='ocrx_word' id='word_1_425' title='bbox 1271 341 1462 380; x_wconf 87' lang='lat' dir='ltr'>destinata</span> <span class='ocrx_word' id='word_1_426' title='bbox 1491 341 1650 379; x_wconf 90' lang='lat' dir='ltr'>alteram</span> <span class='ocrx_word' id='word_1_427' title='bbox 1686 355 1734 380; x_wconf 85' lang='lat' dir='ltr'>ex</span> <span class='ocrx_word' id='word_1_428' title='bbox 1772 342 1990 393; x_wconf 81' lang='lat' dir='ltr'>aequalibus</span> <span class='ocrx_word' id='word_1_429' title='bbox 2028 345 2108 383; x_wconf 88' lang='lat' dir='ltr'>illis</span> <span class='ocrx_word' id='word_1_430' title='bbox 2145 346 2322 396; x_wconf 84' lang='lat' dir='ltr'>partibus</span> 
     </span>
     <span class='ocr_line' id='line_1_60' title="bbox 1273 402 2327 456; baseline 0.006 -19"><span class='ocrx_word' id='word_1_431' title='bbox 1273 407 1444 438; x_wconf 88' lang='lat' dir='ltr'>transeat</span> <span class='ocrx_word' id='word_1_432' title='bbox 1471 412 1628 438; x_wconf 90' lang='lat' dir='ltr'>necesse</span> <span class='ocrx_word' id='word_1_433' title='bbox 1647 408 1725 449; x_wconf 86' lang='lat' dir='ltr'>est,</span> <span class='ocrx_word' id='word_1_434' title='bbox 1756 409 1963 452; x_wconf 90' lang='lat' dir='ltr'>antequam</span> <span class='ocrx_word' id='word_1_435' title='bbox 1996 402 2182 442; x_wconf 86' lang='lat' dir='ltr'>ulteriora</span> <span class='ocrx_word' id='word_1_436' title='bbox 2209 414 2327 456; x_wconf 88' lang='lat' dir='ltr'>petat.</span> 
     </span>
    </p>

    <p class='ocr_par' dir='ltr' id='par_1_9' title="bbox 1270 448 2350 2114">
     <span class='ocr_line' id='line_1_61' title="bbox 1270 448 2329 527; baseline 0.006 -31"><span class='ocrx_word' id='word_1_437' title='bbox 1270 458 1412 498; x_wconf 89' lang='lat' dir='ltr'>Verum</span> <span class='ocrx_word' id='word_1_438' title='bbox 1418 448 1548 497; x_wconf 87' lang='lat' dir='ltr'>altera</span> <span class='ocrx_word' id='word_1_439' title='bbox 1566 471 1657 510; x_wconf 86' lang='lat' dir='ltr'>pars</span> <span class='ocrx_word' id='word_1_440' title='bbox 1677 458 1811 497; x_wconf 91' lang='lat' dir='ltr'>itidem</span> <span class='ocrx_word' id='word_1_441' title='bbox 1830 460 1994 527; x_wconf 81' lang='lat' dir='ltr'>repetita</span> <span class='ocrx_word' id='word_1_442' title='bbox 2010 460 2209 501; x_wconf 90' lang='lat' dir='ltr'>divisione</span> <span class='ocrx_word' id='word_1_443' title='bbox 2226 477 2329 502; x_wconf 87' lang='lat' dir='ltr'>seca-</span> 
     </span>
     <span class='ocr_line' id='line_1_62' title="bbox 1270 517 2336 572; baseline 0.006 -16"><span class='ocrx_word' id='word_1_444' title='bbox 1270 517 1380 556; x_wconf 92' lang='lat' dir='ltr'>bitur</span> <span class='ocrx_word' id='word_1_445' title='bbox 1400 526 1438 556; x_wconf 92' lang='lat' dir='ltr'>et</span> <span class='ocrx_word' id='word_1_446' title='bbox 1458 517 1653 570; x_wconf 88' lang='lat' dir='ltr'>quidquid</span> <span class='ocrx_word' id='word_1_447' title='bbox 1673 527 1850 569; x_wconf 86' lang='lat' dir='ltr'>superest</span> <span class='ocrx_word' id='word_1_448' title='bbox 1877 520 1953 557; x_wconf 80' lang='lat' dir='ltr'>viae</span> <span class='ocrx_word' id='word_1_449' title='bbox 1979 520 2068 559; x_wconf 87' lang='lat' dir='ltr'>aliis</span> <span class='ocrx_word' id='word_1_450' title='bbox 2100 530 2215 572; x_wconf 90' lang='lat' dir='ltr'>atque</span> <span class='ocrx_word' id='word_1_451' title='bbox 2243 524 2336 563; x_wconf 86' lang='lat' dir='ltr'>aliis</span> 
     </span>
     <span class='ocr_line' id='line_1_63' title="bbox 1272 575 2330 628; baseline 0.006 -14"><span class='ocrx_word' id='word_1_452' title='bbox 1272 575 1554 628; x_wconf 87' lang='lat' dir='ltr'>partitionibus</span> <span class='ocrx_word' id='word_1_453' title='bbox 1587 577 1699 615; x_wconf 87' lang='lat' dir='ltr'>factis</span> <span class='ocrx_word' id='word_1_454' title='bbox 1732 575 1912 615; x_wconf 86' lang='lat' dir='ltr'>bifariam</span> <span class='ocrx_word' id='word_1_455' title='bbox 1945 578 2216 618; x_wconf 87' lang='lat' dir='ltr'>distribuetur.</span> <span class='ocrx_word' id='word_1_456' title='bbox 2276 581 2330 620; x_wconf 83' lang='lat' dir='ltr'>Ita</span> 
     </span>
     <span class='ocr_line' id='line_1_64' title="bbox 1270 636 2335 689; baseline 0.005 -15"><span class='ocrx_word' id='word_1_457' title='bbox 1270 645 1461 688; x_wconf 88' lang='lat' dir='ltr'>perpetuo</span> <span class='ocrx_word' id='word_1_458' title='bbox 1478 636 1594 675; x_wconf 88' lang='lat' dir='ltr'>novis</span> <span class='ocrx_word' id='word_1_459' title='bbox 1614 636 1734 674; x_wconf 92' lang='lat' dir='ltr'>veluti</span> <span class='ocrx_word' id='word_1_460' title='bbox 1753 637 1936 675; x_wconf 92' lang='lat' dir='ltr'>cancellis</span> <span class='ocrx_word' id='word_1_461' title='bbox 1954 638 2167 689; x_wconf 89' lang='lat' dir='ltr'>interjectis</span> <span class='ocrx_word' id='word_1_462' title='bbox 2182 652 2243 678; x_wconf 90' lang='lat' dir='ltr'>res</span> <span class='ocrx_word' id='word_1_463' title='bbox 2259 640 2335 679; x_wconf 87' lang='lat' dir='ltr'>ista</span> 
     </span>
     <span class='ocr_line' id='line_1_65' title="bbox 1273 695 2331 747; baseline 0.004 -14"><span class='ocrx_word' id='word_1_464' title='bbox 1273 708 1472 747; x_wconf 86' lang='lat' dir='ltr'>nunquam</span> <span class='ocrx_word' id='word_1_465' title='bbox 1496 695 1544 733; x_wconf 90' lang='lat' dir='ltr'>acl</span> <span class='ocrx_word' id='word_1_466' title='bbox 1564 696 1774 734; x_wconf 91' lang='lat' dir='ltr'>terminum</span> <span class='ocrx_word' id='word_1_467' title='bbox 1795 697 2012 747; x_wconf 86' lang='lat' dir='ltr'>perveniet.</span> <span class='ocrx_word' id='word_1_468' title='bbox 2071 697 2250 736; x_wconf 89' lang='lat' dir='ltr'>Secunda</span> <span class='ocrx_word' id='word_1_469' title='bbox 2270 713 2331 737; x_wconf 89' lang='lat' dir='ltr'>ra-</span> 
     </span>
     <span class='ocr_line' id='line_1_66' title="bbox 1272 754 2334 807; baseline 0.005 -15"><span class='ocrx_word' id='word_1_470' title='bbox 1272 755 1328 793; x_wconf 93' lang='lat' dir='ltr'>tio</span> <span class='ocrx_word' id='word_1_471' title='bbox 1368 763 1425 793; x_wconf 89' lang='lat' dir='ltr'>est</span> <span class='ocrx_word' id='word_1_472' title='bbox 1466 754 1635 794; x_wconf 89' lang='lat' dir='ltr'>Achillis</span> <span class='ocrx_word' id='word_1_473' title='bbox 1666 755 1828 793; x_wconf 91' lang='lat' dir='ltr'>nomine</span> <span class='ocrx_word' id='word_1_474' title='bbox 1859 764 2014 803; x_wconf 86' lang='lat' dir='ltr'>notata,</span> <span class='ocrx_word' id='word_1_475' title='bbox 2049 757 2118 807; x_wconf 91' lang='lat' dir='ltr'>qui</span> <span class='ocrx_word' id='word_1_476' title='bbox 2154 759 2334 807; x_wconf 86' lang='lat' dir='ltr'>quamvis</span> 
     </span>
     <span class='ocr_line' id='line_1_67' title="bbox 1275 814 2339 866; baseline 0.003 -14"><span class='ocrx_word' id='word_1_477' title='bbox 1275 814 1465 866; x_wconf 88' lang='lat' dir='ltr'>celeripes</span> <span class='ocrx_word' id='word_1_478' title='bbox 1498 828 1700 865; x_wconf 90' lang='lat' dir='ltr'>nunquam</span> <span class='ocrx_word' id='word_1_479' title='bbox 1731 814 2209 862; x_wconf 53' lang='lat' dir='ltr'>testudineirutardissime</span> <span class='ocrx_word' id='word_1_480' title='bbox 2236 817 2339 855; x_wconf 86' lang='lat' dir='ltr'>ince-</span> 
     </span>
     <span class='ocr_line' id='line_1_68' title="bbox 1275 873 2336 925; baseline 0.003 -14"><span class='ocrx_word' id='word_1_481' title='bbox 1275 873 1428 911; x_wconf 89' lang='lat' dir='ltr'>dentem</span> <span class='ocrx_word' id='word_1_482' title='bbox 1454 882 1728 924; x_wconf 88' lang='lat' dir='ltr'>consequetur.</span> <span class='ocrx_word' id='word_1_483' title='bbox 1787 873 2043 925; x_wconf 85' lang='lat' dir='ltr'>Occupandus</span> <span class='ocrx_word' id='word_1_484' title='bbox 2064 874 2169 912; x_wconf 91' lang='lat' dir='ltr'>enim</span> <span class='ocrx_word' id='word_1_485' title='bbox 2190 875 2336 914; x_wconf 88' lang='lat' dir='ltr'>Achilli</span> 
     </span>
     <span class='ocr_line' id='line_1_69' title="bbox 1275 932 2332 985; baseline 0.003 -16"><span class='ocrx_word' id='word_1_486' title='bbox 1275 940 1332 970; x_wconf 90' lang='lat' dir='ltr'>est</span> <span class='ocrx_word' id='word_1_487' title='bbox 1348 933 1457 970; x_wconf 89' lang='lat' dir='ltr'>locus</span> <span class='ocrx_word' id='word_1_488' title='bbox 1471 962 1482 983; x_wconf 87' lang='lat'>,</span> <span class='ocrx_word' id='word_1_489' title='bbox 1504 932 1608 970; x_wconf 90' lang='lat' dir='ltr'>unde</span> <span class='ocrx_word' id='word_1_490' title='bbox 1626 945 1777 983; x_wconf 84' lang='lat' dir='ltr'>egressa</span> <span class='ocrx_word' id='word_1_491' title='bbox 1802 941 1884 971; x_wconf 90' lang='lat' dir='ltr'>erat</span> <span class='ocrx_word' id='word_1_492' title='bbox 1904 932 2079 983; x_wconf 84' lang='lat' dir='ltr'>testudo,</span> <span class='ocrx_word' id='word_1_493' title='bbox 2102 934 2332 985; x_wconf 89' lang='lat' dir='ltr'>priusquam</span> 
     </span>
     <span class='ocr_line' id='line_1_70' title="bbox 1275 991 2340 1043; baseline 0.004 -15"><span class='ocrx_word' id='word_1_494' title='bbox 1275 991 1460 1042; x_wconf 81' lang='lat' dir='ltr'>progredi</span> <span class='ocrx_word' id='word_1_495' title='bbox 1491 1001 1618 1042; x_wconf 87' lang='lat' dir='ltr'>queat.</span> <span class='ocrx_word' id='word_1_496' title='bbox 1674 991 1788 1037; x_wconf 75' lang='lat' dir='ltr'>Quod</span> <span class='ocrx_word' id='word_1_497' title='bbox 1809 992 1996 1043; x_wconf 92' lang='lat' dir='ltr'>quoniam</span> <span class='ocrx_word' id='word_1_498' title='bbox 2022 992 2235 1031; x_wconf 87' lang='lat' dir='ltr'>identidem</span> <span class='ocrx_word' id='word_1_499' title='bbox 2271 1008 2340 1032; x_wconf 91' lang='lat' dir='ltr'>ne-</span> 
     </span>
     <span class='ocr_line' id='line_1_71' title="bbox 1277 1051 2340 1104; baseline 0.003 -15"><span class='ocrx_word' id='word_1_500' title='bbox 1277 1054 1485 1090; x_wconf 88' lang='lat' dir='ltr'>cessarium</span> <span class='ocrx_word' id='word_1_501' title='bbox 1507 1064 1591 1090; x_wconf 89' lang='lat' dir='ltr'>esse</span> <span class='ocrx_word' id='word_1_502' title='bbox 1611 1064 1726 1090; x_wconf 92' lang='lat' dir='ltr'>nemo</span> <span class='ocrx_word' id='word_1_503' title='bbox 1760 1065 1840 1090; x_wconf 87' lang='lat' dir='ltr'>non</span> <span class='ocrx_word' id='word_1_504' title='bbox 1859 1051 1992 1100; x_wconf 83' lang='lat' dir='ltr'>videt,</span> <span class='ocrx_word' id='word_1_505' title='bbox 2015 1065 2168 1104; x_wconf 90' lang='lat' dir='ltr'>semper</span> <span class='ocrx_word' id='word_1_506' title='bbox 2193 1066 2340 1104; x_wconf 85' lang='lat' dir='ltr'>praece-</span> 
     </span>
     <span class='ocr_line' id='line_1_72' title="bbox 1277 1109 2341 1162; baseline 0.003 -14"><span class='ocrx_word' id='word_1_507' title='bbox 1277 1110 1369 1148; x_wconf 87' lang='lat' dir='ltr'>dere</span> <span class='ocrx_word' id='word_1_508' title='bbox 1386 1110 1619 1149; x_wconf 88' lang='lat' dir='ltr'>testudinem</span> <span class='ocrx_word' id='word_1_509' title='bbox 1638 1118 1816 1162; x_wconf 87' lang='lat' dir='ltr'>apparet.</span> <span class='ocrx_word' id='word_1_510' title='bbox 1873 1109 2047 1149; x_wconf 89' lang='lat' dir='ltr'>Tertiam</span> <span class='ocrx_word' id='word_1_511' title='bbox 2068 1112 2258 1150; x_wconf 89' lang='lat' dir='ltr'>rationem</span> <span class='ocrx_word' id='word_1_512' title='bbox 2281 1113 2341 1151; x_wconf 89' lang='lat' dir='ltr'>sic</span> 
     </span>
     <span class='ocr_line' id='line_1_73' title="bbox 1277 1170 2340 1221; baseline 0.003 -14"><span class='ocrx_word' id='word_1_513' title='bbox 1277 1170 1498 1217; x_wconf 88' lang='lat' dir='ltr'>concludit,</span> <span class='ocrx_word' id='word_1_514' title='bbox 1526 1178 1569 1208; x_wconf 92' lang='lat' dir='ltr'>ut</span> <span class='ocrx_word' id='word_1_515' title='bbox 1597 1170 1794 1219; x_wconf 86' lang='lat' dir='ltr'>sagittam,</span> <span class='ocrx_word' id='word_1_516' title='bbox 1815 1183 1937 1221; x_wconf 92' lang='lat' dir='ltr'>quum</span> <span class='ocrx_word' id='word_1_517' title='bbox 1952 1170 2088 1218; x_wconf 88' lang='lat' dir='ltr'>fertur,</span> <span class='ocrx_word' id='word_1_518' title='bbox 2108 1180 2208 1210; x_wconf 87' lang='lat' dir='ltr'>stare</span> <span class='ocrx_word' id='word_1_519' title='bbox 2224 1172 2340 1210; x_wconf 85' lang='lat' dir='ltr'>affir-</span> 
     </span>
     <span class='ocr_line' id='line_1_74' title="bbox 1275 1229 2337 1282; baseline 0.002 -15"><span class='ocrx_word' id='word_1_520' title='bbox 1275 1238 1364 1268; x_wconf 89' lang='lat' dir='ltr'>met.</span> <span class='ocrx_word' id='word_1_521' title='bbox 1422 1229 1619 1268; x_wconf 87' lang='lat' dir='ltr'>Nimirum</span> <span class='ocrx_word' id='word_1_522' title='bbox 1662 1230 1696 1268; x_wconf 91' lang='lat' dir='ltr'>si</span> <span class='ocrx_word' id='word_1_523' title='bbox 1731 1230 1920 1282; x_wconf 89' lang='lat' dir='ltr'>temporis</span> <span class='ocrx_word' id='word_1_524' title='bbox 1952 1232 2249 1282; x_wconf 88' lang='lat' dir='ltr'>perpetuitatem</span> <span class='ocrx_word' id='word_1_525' title='bbox 2289 1245 2337 1270; x_wconf 83' lang='lat' dir='ltr'>ex</span> 
     </span>
     <span class='ocr_line' id='line_1_75' title="bbox 1275 1289 2339 1342; baseline 0.002 -14"><span class='ocrx_word' id='word_1_526' title='bbox 1275 1289 1444 1328; x_wconf 89' lang='lat' dir='ltr'>infinitis</span> <span class='ocrx_word' id='word_1_527' title='bbox 1471 1290 1631 1342; x_wconf 80' lang='lat' dir='ltr'>punctis</span> <span class='ocrx_word' id='word_1_528' title='bbox 1658 1290 1864 1328; x_wconf 90' lang='lat' dir='ltr'>conflatam</span> <span class='ocrx_word' id='word_1_529' title='bbox 1877 1319 1887 1337; x_wconf 92' lang='lat'>,</span> <span class='ocrx_word' id='word_1_530' title='bbox 1907 1290 2024 1342; x_wconf 89' lang='lat' dir='ltr'>spatii</span> <span class='ocrx_word' id='word_1_531' title='bbox 2043 1291 2339 1331; x_wconf 87' lang='lat' dir='ltr'>continuitatem</span> 
     </span>
     <span class='ocr_line' id='line_1_76' title="bbox 1275 1349 2335 1401; baseline 0.003 -14"><span class='ocrx_word' id='word_1_532' title='bbox 1275 1362 1322 1387; x_wconf 85' lang='lat' dir='ltr'>ex</span> <span class='ocrx_word' id='word_1_533' title='bbox 1342 1349 1510 1388; x_wconf 80' lang='lat' dir='ltr'>infinitis</span> <span class='ocrx_word' id='word_1_534' title='bbox 1531 1349 1709 1401; x_wconf 86' lang='lat' dir='ltr'>partibus</span> <span class='ocrx_word' id='word_1_535' title='bbox 1733 1349 1909 1388; x_wconf 88' lang='lat' dir='ltr'>effectam</span> <span class='ocrx_word' id='word_1_536' title='bbox 1931 1363 2014 1388; x_wconf 89' lang='lat' dir='ltr'>esse</span> <span class='ocrx_word' id='word_1_537' title='bbox 2032 1350 2139 1395; x_wconf 68' lang='lat' dir='ltr'>dicas</span> <span class='ocrx_word' id='word_1_538' title='bbox 2152 1381 2163 1399; x_wconf 88' lang='lat'>,</span> <span class='ocrx_word' id='word_1_539' title='bbox 2187 1352 2335 1401; x_wconf 89' lang='lat' dir='ltr'>quovis</span> 
     </span>
     <span class='ocr_line' id='line_1_77' title="bbox 1275 1409 2341 1461; baseline 0.002 -15"><span class='ocrx_word' id='word_1_540' title='bbox 1275 1409 1465 1460; x_wconf 88' lang='lat' dir='ltr'>temporis</span> <span class='ocrx_word' id='word_1_541' title='bbox 1493 1418 1639 1461; x_wconf 90' lang='lat' dir='ltr'>puncto</span> <span class='ocrx_word' id='word_1_542' title='bbox 1662 1409 1801 1459; x_wconf 80' lang='lat' dir='ltr'>sagitta</span> <span class='ocrx_word' id='word_1_543' title='bbox 1827 1410 2009 1460; x_wconf 84' lang='lat' dir='ltr'>exiguam</span> <span class='ocrx_word' id='word_1_544' title='bbox 2025 1410 2142 1461; x_wconf 88' lang='lat' dir='ltr'>spatii</span> <span class='ocrx_word' id='word_1_545' title='bbox 2163 1411 2341 1461; x_wconf 85' lang='lat' dir='ltr'>particu-</span> 
     </span>
     <span class='ocr_line' id='line_1_78' title="bbox 1276 1468 2340 1520; baseline 0.002 -14"><span class='ocrx_word' id='word_1_546' title='bbox 1276 1468 1352 1506; x_wconf 86' lang='lat' dir='ltr'>lam</span> <span class='ocrx_word' id='word_1_547' title='bbox 1367 1477 1503 1507; x_wconf 89' lang='lat' dir='ltr'>tenens</span> <span class='ocrx_word' id='word_1_548' title='bbox 1518 1482 1597 1506; x_wconf 89' lang='lat' dir='ltr'>non</span> <span class='ocrx_word' id='word_1_549' title='bbox 1616 1478 1810 1517; x_wconf 87' lang='lat' dir='ltr'>movetur,</span> <span class='ocrx_word' id='word_1_550' title='bbox 1825 1469 1893 1508; x_wconf 91' lang='lat' dir='ltr'>sed</span> <span class='ocrx_word' id='word_1_551' title='bbox 1913 1469 2094 1520; x_wconf 90' lang='lat' dir='ltr'>quiescit.</span> <span class='ocrx_word' id='word_1_552' title='bbox 2153 1469 2340 1515; x_wconf 87' lang='lat' dir='ltr'>Quartam</span> 
     </span>
     <span class='ocr_line' id='line_1_79' title="bbox 1277 1527 2338 1582; baseline 0.002 -15"><span class='ocrx_word' id='word_1_553' title='bbox 1277 1527 1441 1580; x_wconf 91' lang='lat' dir='ltr'>subjicit</span> <span class='ocrx_word' id='word_1_554' title='bbox 1454 1528 1646 1567; x_wconf 89' lang='lat' dir='ltr'>rationem</span> <span class='ocrx_word' id='word_1_555' title='bbox 1668 1541 1746 1580; x_wconf 90' lang='lat' dir='ltr'>qua</span> <span class='ocrx_word' id='word_1_556' title='bbox 1766 1528 2007 1567; x_wconf 88' lang='lat' dir='ltr'>demonstret</span> <span class='ocrx_word' id='word_1_557' title='bbox 2032 1529 2154 1580; x_wconf 90' lang='lat' dir='ltr'>duplo</span> <span class='ocrx_word' id='word_1_558' title='bbox 2172 1531 2338 1582; x_wconf 50' lang='lat' dir='ltr'>tempta:</span> 
     </span>
     <span class='ocr_line' id='line_1_80' title="bbox 1280 1587 2344 1641; baseline 0.002 -15"><span class='ocrx_word' id='word_1_559' title='bbox 1280 1587 1486 1626; x_wconf 88' lang='lat' dir='ltr'>dimidium</span> <span class='ocrx_word' id='word_1_560' title='bbox 1504 1600 1588 1626; x_wconf 90' lang='lat' dir='ltr'>esse</span> <span class='ocrx_word' id='word_1_561' title='bbox 1610 1601 1695 1639; x_wconf 88' lang='lat' dir='ltr'>par.</span> <span class='ocrx_word' id='word_1_562' title='bbox 1753 1587 1840 1634; x_wconf 90' lang='lat' dir='ltr'>Quo</span> <span class='ocrx_word' id='word_1_563' title='bbox 1861 1588 1903 1626; x_wconf 92' lang='lat' dir='ltr'>in</span> <span class='ocrx_word' id='word_1_564' title='bbox 1920 1588 2182 1637; x_wconf 80' lang='lat' dir='ltr'>generebinis</span> <span class='ocrx_word' id='word_1_565' title='bbox 2202 1603 2344 1641; x_wconf 85' lang='lat' dir='ltr'>corpo-</span> 
     </span>
     <span class='ocr_line' id='line_1_81' title="bbox 1279 1646 2344 1700; baseline 0.003 -16"><span class='ocrx_word' id='word_1_566' title='bbox 1279 1646 1391 1685; x_wconf 89' lang='lat' dir='ltr'>ribus</span> <span class='ocrx_word' id='word_1_567' title='bbox 1408 1647 1518 1686; x_wconf 69' lang='lat' dir='ltr'>inter.</span> <span class='ocrx_word' id='word_1_568' title='bbox 1528 1659 1568 1685; x_wconf 92' lang='lat' dir='ltr'>se</span> <span class='ocrx_word' id='word_1_569' title='bbox 1589 1646 1755 1698; x_wconf 90' lang='lat' dir='ltr'>paribus</span> <span class='ocrx_word' id='word_1_570' title='bbox 1775 1647 1900 1685; x_wconf 84' lang='lat' dir='ltr'>utitur</span> <span class='ocrx_word' id='word_1_571' title='bbox 1926 1647 2041 1698; x_wconf 81' lang='lat' dir='ltr'>juxta</span> <span class='ocrx_word' id='word_1_572' title='bbox 2063 1647 2159 1685; x_wconf 85' lang='lat' dir='ltr'>bina</span> <span class='ocrx_word' id='word_1_573' title='bbox 2178 1662 2344 1700; x_wconf 88' lang='lat' dir='ltr'>corpora</span> 
     </span>
     <span class='ocr_line' id='line_1_82' title="bbox 1280 1705 2343 1757; baseline 0.002 -14"><span class='ocrx_word' id='word_1_574' title='bbox 1280 1714 1374 1743; x_wconf 91' lang='lat' dir='ltr'>1tem</span> <span class='ocrx_word' id='word_1_575' title='bbox 1407 1706 1522 1757; x_wconf 88' lang='lat' dir='ltr'>paria</span> <span class='ocrx_word' id='word_1_576' title='bbox 1554 1719 1721 1756; x_wconf 90' lang='lat' dir='ltr'>quorum</span> <span class='ocrx_word' id='word_1_577' title='bbox 1755 1705 1920 1745; x_wconf 86' lang='lat' dir='ltr'>alterum</span> <span class='ocrx_word' id='word_1_578' title='bbox 1949 1715 2145 1753; x_wconf 88' lang='lat' dir='ltr'>movetur,</span> <span class='ocrx_word' id='word_1_579' title='bbox 2178 1707 2343 1745; x_wconf 90' lang='lat' dir='ltr'>alterum</span> 
     </span>
     <span class='ocr_line' id='line_1_83' title="bbox 1281 1764 2345 1816; baseline 0.003 -14"><span class='ocrx_word' id='word_1_580' title='bbox 1281 1764 1470 1814; x_wconf 89' lang='lat' dir='ltr'>quiescit,</span> <span class='ocrx_word' id='word_1_581' title='bbox 1494 1765 1696 1803; x_wconf 87' lang='lat' dir='ltr'>contrario</span> <span class='ocrx_word' id='word_1_582' title='bbox 1716 1773 1823 1803; x_wconf 90' lang='lat' dir='ltr'>motu</span> <span class='ocrx_word' id='word_1_583' title='bbox 1838 1794 1847 1812; x_wconf 90' lang='lat'>‚</span> <span class='ocrx_word' id='word_1_584' title='bbox 1867 1765 1934 1803; x_wconf 89' lang='lat' dir='ltr'>sed</span> <span class='ocrx_word' id='word_1_585' title='bbox 1952 1766 2038 1816; x_wconf 89' lang='lat' dir='ltr'>pari</span> <span class='ocrx_word' id='word_1_586' title='bbox 2053 1766 2250 1804; x_wconf 90' lang='lat' dir='ltr'>celeritate</span> <span class='ocrx_word' id='word_1_587' title='bbox 2269 1776 2345 1805; x_wconf 85' lang='lat' dir='ltr'>sta-</span> 
     </span>
     <span class='ocr_line' id='line_1_84' title="bbox 1284 1822 2344 1874; baseline 0.002 -13"><span class='ocrx_word' id='word_1_588' title='bbox 1284 1822 1393 1861; x_wconf 89' lang='lat' dir='ltr'>dium</span> <span class='ocrx_word' id='word_1_589' title='bbox 1415 1822 1688 1871; x_wconf 87' lang='lat' dir='ltr'>currentibus,</span> <span class='ocrx_word' id='word_1_590' title='bbox 1714 1823 1808 1862; x_wconf 89' lang='lat' dir='ltr'>hinc</span> <span class='ocrx_word' id='word_1_591' title='bbox 1839 1837 1861 1861; x_wconf 88' lang='lat' dir='ltr'>a</span> <span class='ocrx_word' id='word_1_592' title='bbox 1885 1824 1989 1862; x_wconf 91' lang='lat' dir='ltr'>calce</span> <span class='ocrx_word' id='word_1_593' title='bbox 2009 1824 2145 1874; x_wconf 83' lang='lat' dir='ltr'>stadii,</span> <span class='ocrx_word' id='word_1_594' title='bbox 2174 1825 2287 1863; x_wconf 86' lang='lat' dir='ltr'>illinc</span> <span class='ocrx_word' id='word_1_595' title='bbox 2321 1839 2344 1864; x_wconf 88' lang='lat' dir='ltr'>a</span> 
     </span>
     <span class='ocr_line' id='line_1_85' title="bbox 1282 1882 2350 1933; baseline 0.003 -13"><span class='ocrx_word' id='word_1_596' title='bbox 1282 1882 1411 1921; x_wconf 88' lang='lat' dir='ltr'>medio</span> <span class='ocrx_word' id='word_1_597' title='bbox 1437 1883 1562 1921; x_wconf 90' lang='lat' dir='ltr'>stadio</span> <span class='ocrx_word' id='word_1_598' title='bbox 1583 1883 1863 1933; x_wconf 82' lang='lat' dir='ltr'>proficiscendi</span> <span class='ocrx_word' id='word_1_599' title='bbox 1885 1884 2002 1921; x_wconf 83' lang='lat' dir='ltr'>initio</span> <span class='ocrx_word' id='word_1_600' title='bbox 2022 1883 2136 1923; x_wconf 90' lang='lat' dir='ltr'>facto.</span> <span class='ocrx_word' id='word_1_601' title='bbox 2194 1884 2280 1930; x_wconf 89' lang='lat' dir='ltr'>Qua</span> <span class='ocrx_word' id='word_1_602' title='bbox 2299 1885 2350 1923; x_wconf 89' lang='lat' dir='ltr'>de</span> 
     </span>
     <span class='ocr_line' id='line_1_86' title="bbox 1279 1942 2345 1994; baseline 0.002 -14"><span class='ocrx_word' id='word_1_603' title='bbox 1279 1955 1322 1980; x_wconf 89' lang='lat' dir='ltr'>re</span> <span class='ocrx_word' id='word_1_604' title='bbox 1342 1955 1471 1994; x_wconf 89' lang='lat' dir='ltr'>operae</span> <span class='ocrx_word' id='word_1_605' title='bbox 1495 1943 1667 1993; x_wconf 89' lang='lat' dir='ltr'>pretium</span> <span class='ocrx_word' id='word_1_606' title='bbox 1689 1951 1747 1980; x_wconf 91' lang='lat' dir='ltr'>est</span> <span class='ocrx_word' id='word_1_607' title='bbox 1767 1942 1904 1981; x_wconf 89' lang='lat' dir='ltr'>audire</span> <span class='ocrx_word' id='word_1_608' title='bbox 1926 1942 2173 1994; x_wconf 85' lang='lat' dir='ltr'>Simplicium</span> <span class='ocrx_word' id='word_1_609' title='bbox 2195 1944 2273 1994; x_wconf 87' lang='lat'>(11)</span> <span class='ocrx_word' id='word_1_610' title='bbox 2297 1946 2345 1983; x_wconf 86' lang='lat' dir='ltr'>ad</span> 
     </span>
     <span class='ocr_line' id='line_1_87' title="bbox 1279 2001 2345 2054; baseline 0.003 -16"><span class='ocrx_word' id='word_1_611' title='bbox 1279 2001 1441 2040; x_wconf 89' lang='lat' dir='ltr'>Aristot.</span> <span class='ocrx_word' id='word_1_612' title='bbox 1463 2001 1621 2053; x_wconf 89' lang='lat' dir='ltr'>Physic.</span> <span class='ocrx_word' id='word_1_613' title='bbox 1636 2001 1707 2042; x_wconf 85' lang='lat' dir='ltr'>lib.</span> <span class='ocrx_word' id='word_1_614' title='bbox 1720 2001 1772 2039; x_wconf 88' lang='lat' dir='ltr'>Vl</span> <span class='ocrx_word' id='word_1_615' title='bbox 1790 2015 1874 2054; x_wconf 88' lang='lat' dir='ltr'>cap.</span> <span class='ocrx_word' id='word_1_616' title='bbox 1890 2015 1913 2052; x_wconf 91' lang='lat'>9</span> <span class='ocrx_word' id='word_1_617' title='bbox 1930 2014 2020 2053; x_wconf 83' lang='lat' dir='ltr'>pag.</span> <span class='ocrx_word' id='word_1_618' title='bbox 2039 2003 2114 2051; x_wconf 82' lang='lat'>237</span> <span class='ocrx_word' id='word_1_619' title='bbox 2133 2003 2175 2049; x_wconf 90' lang='lat' dir='ltr'>b,</span> <span class='ocrx_word' id='word_1_620' title='bbox 2199 2002 2345 2042; x_wconf 89' lang='lat' dir='ltr'>Scholl.</span> 
     </span>
     <span class='ocr_line' id='line_1_88' title="bbox 1278 2060 2343 2114; baseline 0.003 -16"><span class='ocrx_word' id='word_1_621' title='bbox 1278 2060 1340 2098; x_wconf 92' lang='lat' dir='ltr'>ed.</span> <span class='ocrx_word' id='word_1_622' title='bbox 1366 2060 1546 2100; x_wconf 88' lang='lat' dir='ltr'>Brandis.</span> <span class='ocrx_word' id='word_1_623' title='bbox 1568 2073 1658 2113; x_wconf 86' lang='lat' dir='ltr'>pag.</span> <span class='ocrx_word' id='word_1_624' title='bbox 1681 2061 1757 2106; x_wconf 78' lang='lat'>413</span> <span class='ocrx_word' id='word_1_625' title='bbox 1774 2074 1885 2112; x_wconf 91' lang='lat' dir='ltr'>seqq.</span> <span class='ocrx_word' id='word_1_626' title='bbox 1903 2061 1958 2099; x_wconf 91' lang='lat' dir='ltr'>sic</span> <span class='ocrx_word' id='word_1_627' title='bbox 1974 2061 2343 2114; x_wconf 86' lang='lat' dir='ltr'>philosophantem.</span> 
     </span>
    </p>

    <p class='ocr_par' dir='ltr' id='par_1_10' title="bbox 1280 2118 2349 2768">
     <span class='ocr_line' id='line_1_89' title="bbox 1281 2118 2349 2174; baseline 0.003 -17"><span class='ocrx_word' id='word_1_628' title='bbox 1281 2119 1354 2158; x_wconf 87' lang='grc' dir='ltr'>Και</span> <span class='ocrx_word' id='word_1_629' title='bbox 1374 2122 1392 2158; x_wconf 81' lang='grc' dir='ltr'>ὁ</span> <span class='ocrx_word' id='word_1_630' title='bbox 1412 2118 1577 2173; x_wconf 84' lang='grc' dir='ltr'>τέταρτος</span> <span class='ocrx_word' id='word_1_631' title='bbox 1591 2121 1659 2158; x_wconf 85' lang='grc' dir='ltr'>τῶν</span> <span class='ocrx_word' id='word_1_632' title='bbox 1674 2118 1755 2171; x_wconf 69' lang='grc' dir='ltr'>περὶ</span> <span class='ocrx_word' id='word_1_633' title='bbox 1771 2119 1945 2166; x_wconf 72' lang='grc' dir='ltr'>κινήσεως</span> <span class='ocrx_word' id='word_1_634' title='bbox 1966 2135 2025 2159; x_wconf 88' lang='grc' dir='ltr'>του</span> <span class='ocrx_word' id='word_1_635' title='bbox 2042 2119 2204 2167; x_wconf 82' lang='grc' dir='ltr'>Ζήνωνος</span> <span class='ocrx_word' id='word_1_636' title='bbox 2220 2121 2349 2174; x_wconf 82' lang='grc' dir='ltr'>λόγων,</span> 
     </span>
     <span class='ocr_line' id='line_1_90' title="bbox 1280 2173 2348 2231; baseline 0.002 -14"><span class='ocrx_word' id='word_1_637' title='bbox 1280 2181 1327 2223; x_wconf 86' lang='grc' dir='ltr'>εἷς</span> <span class='ocrx_word' id='word_1_638' title='bbox 1347 2177 1518 2218; x_wconf 86' lang='grc' dir='ltr'>ἀδυνατον</span> <span class='ocrx_word' id='word_1_639' title='bbox 1538 2179 1688 2231; x_wconf 86' lang='grc' dir='ltr'>ἀπάγων</span> <span class='ocrx_word' id='word_1_640' title='bbox 1708 2178 1769 2218; x_wconf 77' lang='grc' dir='ltr'>καὶ</span> <span class='ocrx_word' id='word_1_641' title='bbox 1786 2173 1882 2222; x_wconf 86' lang='grc' dir='ltr'>ουτος</span> <span class='ocrx_word' id='word_1_642' title='bbox 1898 2195 1938 2218; x_wconf 87' lang='grc' dir='ltr'>το</span> <span class='ocrx_word' id='word_1_643' title='bbox 1954 2182 2043 2218; x_wconf 81' lang='grc' dir='ltr'>εἶναι</span> <span class='ocrx_word' id='word_1_644' title='bbox 2058 2181 2218 2229; x_wconf 82' lang='grc' dir='ltr'>κίνησιν,</span> <span class='ocrx_word' id='word_1_645' title='bbox 2234 2184 2348 2220; x_wconf 80' lang='grc' dir='ltr'>τοιοῦ-</span> 
     </span>
     <span class='ocr_line' id='line_1_91' title="bbox 1281 2238 2347 2293; baseline 0.003 -16"><span class='ocrx_word' id='word_1_646' title='bbox 1281 2238 1338 2284; x_wconf 84' lang='grc' dir='ltr'>τός</span> <span class='ocrx_word' id='word_1_647' title='bbox 1358 2256 1409 2284; x_wconf 86' lang='grc' dir='ltr'>τις</span> <span class='ocrx_word' id='word_1_648' title='bbox 1429 2243 1486 2287; x_wconf 88' lang='grc' dir='ltr'>ἠν.</span> <span class='ocrx_word' id='word_1_649' title='bbox 1547 2238 1634 2279; x_wconf 79' lang='grc' dir='ltr'>Εἷ”</span> <span class='ocrx_word' id='word_1_650' title='bbox 1615 2255 1690 2278; x_wconf 88' lang='grc' dir='ltr'>εστι</span> <span class='ocrx_word' id='word_1_651' title='bbox 1720 2239 1875 2289; x_wconf 85' lang='grc' dir='ltr'>κίνησις,</span> <span class='ocrx_word' id='word_1_652' title='bbox 1900 2241 1969 2279; x_wconf 85' lang='grc' dir='ltr'>τῶν</span> <span class='ocrx_word' id='word_1_653' title='bbox 1990 2239 2076 2279; x_wconf 86' lang='grc' dir='ltr'>ἴσων</span> <span class='ocrx_word' id='word_1_654' title='bbox 2110 2243 2265 2293; x_wconf 81' lang='grc' dir='ltr'>μεγεθῶν</span> <span class='ocrx_word' id='word_1_655' title='bbox 2286 2257 2347 2281; x_wconf 89' lang='grc' dir='ltr'>και</span> 
     </span>
     <span class='ocr_line' id='line_1_92' title="bbox 1281 2298 2347 2354; baseline 0.003 -17"><span class='ocrx_word' id='word_1_656' title='bbox 1281 2299 1460 2351; x_wconf 79' lang='grc' dir='ltr'>ἰσοταχῶν</span> <span class='ocrx_word' id='word_1_657' title='bbox 1480 2298 1520 2338; x_wconf 82' lang='grc' dir='ltr'>τὸ</span> <span class='ocrx_word' id='word_1_658' title='bbox 1549 2300 1666 2351; x_wconf 79' lang='grc' dir='ltr'>ἕτερον</span> <span class='ocrx_word' id='word_1_659' title='bbox 1689 2302 1750 2338; x_wconf 83' lang='grc' dir='ltr'>τοῦ</span> <span class='ocrx_word' id='word_1_660' title='bbox 1769 2298 1888 2351; x_wconf 83' lang='grc' dir='ltr'>ἐτέρου</span> <span class='ocrx_word' id='word_1_661' title='bbox 1909 2299 1945 2337; x_wconf 81' lang='grc' dir='ltr'>ἐν</span> <span class='ocrx_word' id='word_1_662' title='bbox 1964 2301 2015 2353; x_wconf 82' lang='grc' dir='ltr'>τῷ</span> <span class='ocrx_word' id='word_1_663' title='bbox 2036 2301 2132 2353; x_wconf 79' lang='grc' dir='ltr'>αὐτῷ</span> <span class='ocrx_word' id='word_1_664' title='bbox 2154 2301 2270 2354; x_wconf 78' lang='grc' dir='ltr'>χρόνῳ</span> <span class='ocrx_word' id='word_1_665' title='bbox 2291 2301 2347 2340; x_wconf 90' lang='grc' dir='ltr'>δι-</span> 
     </span>
     <span class='ocr_line' id='line_1_93' title="bbox 1282 2357 2349 2412; baseline 0.003 -16"><span class='ocrx_word' id='word_1_666' title='bbox 1282 2358 1437 2398; x_wconf 86' lang='grc' dir='ltr'>πλασίαν</span> <span class='ocrx_word' id='word_1_667' title='bbox 1454 2359 1592 2406; x_wconf 85' lang='grc' dir='ltr'>κίνησιν</span> <span class='ocrx_word' id='word_1_668' title='bbox 1608 2357 1792 2406; x_wconf 78' lang='grc' dir='ltr'>κινήσεται</span> <span class='ocrx_word' id='word_1_669' title='bbox 1808 2358 1869 2397; x_wconf 81' lang='grc' dir='ltr'>καὶ</span> <span class='ocrx_word' id='word_1_670' title='bbox 1886 2359 1946 2397; x_wconf 81' lang='grc' dir='ltr'>οὔκ</span> <span class='ocrx_word' id='word_1_671' title='bbox 1964 2358 2055 2407; x_wconf 80' lang='grc' dir='ltr'>ἴσην.</span> <span class='ocrx_word' id='word_1_672' title='bbox 2100 2360 2174 2399; x_wconf 86' lang='grc' dir='ltr'>Καὶ</span> <span class='ocrx_word' id='word_1_673' title='bbox 2192 2359 2266 2399; x_wconf 86' lang='grc' dir='ltr'>ἔστι</span> <span class='ocrx_word' id='word_1_674' title='bbox 2284 2361 2349 2412; x_wconf 81' lang='grc' dir='ltr'>μὲν</span> 
     </span>
     <span class='ocr_line' id='line_1_94' title="bbox 1282 2416 2344 2472; baseline 0.003 -17"><span class='ocrx_word' id='word_1_675' title='bbox 1282 2416 1342 2455; x_wconf 76' lang='grc' dir='ltr'>καὶ</span> <span class='ocrx_word' id='word_1_676' title='bbox 1363 2420 1464 2456; x_wconf 76' lang='grc' dir='ltr'>τοῦτο</span> <span class='ocrx_word' id='word_1_677' title='bbox 1486 2417 1615 2456; x_wconf 82' lang='grc' dir='ltr'>ἄτοπον</span> <span class='ocrx_word' id='word_1_678' title='bbox 1631 2447 1641 2466; x_wconf 85' lang='grc'><em>,</em></span> <span class='ocrx_word' id='word_1_679' title='bbox 1663 2417 1793 2456; x_wconf 88' lang='grc' dir='ltr'>ἄτοπον</span> <span class='ocrx_word' id='word_1_680' title='bbox 1816 2417 1852 2456; x_wconf 81' lang='grc' dir='ltr'>δὲ</span> <span class='ocrx_word' id='word_1_681' title='bbox 1871 2418 1932 2457; x_wconf 77' lang='grc' dir='ltr'>καὶ</span> <span class='ocrx_word' id='word_1_682' title='bbox 1959 2417 1999 2457; x_wconf 81' lang='grc' dir='ltr'>τὸ</span> <span class='ocrx_word' id='word_1_683' title='bbox 2018 2418 2132 2472; x_wconf 84' lang='grc' dir='ltr'>τούτῳ</span> <span class='ocrx_word' id='word_1_684' title='bbox 2152 2419 2344 2469; x_wconf 79' lang='grc' dir='ltr'>ἑπόμενον,</span> 
     </span>
     <span class='ocr_line' id='line_1_95' title="bbox 1282 2475 2348 2529; baseline 0 -14"><span class='ocrx_word' id='word_1_685' title='bbox 1282 2476 1322 2515; x_wconf 80' lang='grc' dir='ltr'>τὸ</span> <span class='ocrx_word' id='word_1_686' title='bbox 1341 2475 1400 2516; x_wconf 82' lang='grc' dir='ltr'>τὸν</span> <span class='ocrx_word' id='word_1_687' title='bbox 1434 2478 1537 2516; x_wconf 77' lang='grc' dir='ltr'>αὐτὸν</span> <span class='ocrx_word' id='word_1_688' title='bbox 1558 2477 1618 2516; x_wconf 81' lang='grc' dir='ltr'>καὶ</span> <span class='ocrx_word' id='word_1_689' title='bbox 1652 2476 1728 2516; x_wconf 82' lang='grc' dir='ltr'>ἴσον</span> <span class='ocrx_word' id='word_1_690' title='bbox 1758 2476 1882 2529; x_wconf 89' lang='grc' dir='ltr'>χρόνον</span> <span class='ocrx_word' id='word_1_691' title='bbox 1913 2477 1989 2527; x_wconf 87' lang='grc' dir='ltr'>ἅμα</span> <span class='ocrx_word' id='word_1_692' title='bbox 2013 2476 2196 2517; x_wconf 84' lang='grc' dir='ltr'>διπλάσιόν</span> <span class='ocrx_word' id='word_1_693' title='bbox 2228 2493 2266 2515; x_wconf 84' lang='grc' dir='ltr'>τε</span> <span class='ocrx_word' id='word_1_694' title='bbox 2288 2478 2348 2516; x_wconf 85' lang='grc' dir='ltr'>καὶ</span> 
     </span>
     <span class='ocr_line' id='line_1_96' title="bbox 1282 2529 2346 2588; baseline 0.001 -14"><span class='ocrx_word' id='word_1_695' title='bbox 1282 2535 1412 2587; x_wconf 81' lang='grc' dir='ltr'>ἥμισυν</span> <span class='ocrx_word' id='word_1_696' title='bbox 1431 2529 1533 2576; x_wconf 67' lang='grc' dir='ltr'>εἶναι.</span> <span class='ocrx_word' id='word_1_697' title='bbox 1590 2536 1755 2575; x_wconf 87' lang='grc' dir='ltr'>Δείκνυσι</span> <span class='ocrx_word' id='word_1_698' title='bbox 1776 2533 1811 2575; x_wconf 84' lang='grc' dir='ltr'>δὲ</span> <span class='ocrx_word' id='word_1_699' title='bbox 1833 2536 1918 2575; x_wconf 82' lang='grc' dir='ltr'>αὐτὸ</span> <span class='ocrx_word' id='word_1_700' title='bbox 1934 2535 2213 2588; x_wconf 77' lang='grc' dir='ltr'>ὁμολογούμενον</span> <span class='ocrx_word' id='word_1_701' title='bbox 2226 2536 2346 2576; x_wconf 74' lang='grc' dir='ltr'>λαὸὼν</span> 
     </span>
     <span class='ocr_line' id='line_1_97' title="bbox 1283 2596 2347 2650; baseline 0 -15"><span class='ocrx_word' id='word_1_702' title='bbox 1283 2596 1323 2636; x_wconf 79' lang='grc' dir='ltr'>τὸ</span> <span class='ocrx_word' id='word_1_703' title='bbox 1340 2596 1382 2635; x_wconf 75' lang='grc' dir='ltr'>τὰ</span> <span class='ocrx_word' id='word_1_704' title='bbox 1399 2598 1548 2650; x_wconf 78' lang='grc' dir='ltr'>ἷσοταχῆ</span> <span class='ocrx_word' id='word_1_705' title='bbox 1568 2597 1628 2635; x_wconf 80' lang='grc' dir='ltr'>καὶ</span> <span class='ocrx_word' id='word_1_706' title='bbox 1648 2596 1709 2635; x_wconf 86' lang='grc' dir='ltr'>ἴσα</span> <span class='ocrx_word' id='word_1_707' title='bbox 1724 2598 1758 2635; x_wconf 83' lang='grc' dir='ltr'>ἐν</span> <span class='ocrx_word' id='word_1_708' title='bbox 1779 2599 1830 2650; x_wconf 86' lang='grc' dir='ltr'>τῷ</span> <span class='ocrx_word' id='word_1_709' title='bbox 1849 2596 1917 2650; x_wconf 85' lang='grc' dir='ltr'>ἴσῳ</span> <span class='ocrx_word' id='word_1_710' title='bbox 1938 2596 2052 2650; x_wconf 82' lang='grc' dir='ltr'>χρόνῳ</span> <span class='ocrx_word' id='word_1_711' title='bbox 2072 2596 2147 2636; x_wconf 86' lang='grc' dir='ltr'>ἴσον</span> <span class='ocrx_word' id='word_1_712' title='bbox 2166 2597 2347 2648; x_wconf 80' lang='grc' dir='ltr'>διάστημα</span> 
     </span>
     <span class='ocr_line' id='line_1_98' title="bbox 1284 2655 2346 2709; baseline -0.002 -13"><span class='ocrx_word' id='word_1_713' title='bbox 1284 2659 1511 2706; x_wconf 66' lang='grc' dir='ltr'>κεκινῆσθαι,</span> <span class='ocrx_word' id='word_1_714' title='bbox 1534 2656 1596 2695; x_wconf 80' lang='grc' dir='ltr'>καὶ</span> <span class='ocrx_word' id='word_1_715' title='bbox 1619 2655 1672 2694; x_wconf 85' lang='grc' dir='ltr'>ἔτι</span> <span class='ocrx_word' id='word_1_716' title='bbox 1691 2656 1810 2707; x_wconf 83' lang='grc' dir='ltr'>μέντοι</span> <span class='ocrx_word' id='word_1_717' title='bbox 1831 2659 1901 2695; x_wconf 86' lang='grc' dir='ltr'>τῶν</span> <span class='ocrx_word' id='word_1_718' title='bbox 1924 2658 2101 2709; x_wconf 79' lang='grc' dir='ltr'>ἰσοταχῶν</span> <span class='ocrx_word' id='word_1_719' title='bbox 2122 2657 2183 2695; x_wconf 73' lang='grc' dir='ltr'>καὶ</span> <span class='ocrx_word' id='word_1_720' title='bbox 2203 2656 2289 2695; x_wconf 83' lang='grc' dir='ltr'>ἴσων</span> <span class='ocrx_word' id='word_1_721' title='bbox 2306 2658 2346 2695; x_wconf 84' lang='grc' dir='ltr'>ἂν</span> 
     </span>
     <span class='ocr_line' id='line_1_99' title="bbox 1285 2715 2346 2768; baseline -0.002 -13"><span class='ocrx_word' id='word_1_722' title='bbox 1285 2716 1324 2755; x_wconf 80' lang='grc' dir='ltr'>τὸ</span> <span class='ocrx_word' id='word_1_723' title='bbox 1353 2715 1414 2767; x_wconf 77' lang='grc' dir='ltr'>μὲν</span> <span class='ocrx_word' id='word_1_724' title='bbox 1435 2715 1547 2768; x_wconf 80' lang='grc' dir='ltr'>ἥμισυ</span> <span class='ocrx_word' id='word_1_725' title='bbox 1579 2715 1617 2754; x_wconf 81' lang='grc' dir='ltr'>τὸ</span> <span class='ocrx_word' id='word_1_726' title='bbox 1647 2715 1683 2754; x_wconf 83' lang='grc' dir='ltr'>δὲ</span> <span class='ocrx_word' id='word_1_727' title='bbox 1719 2716 1904 2755; x_wconf 85' lang='grc' dir='ltr'>διπλάσιον</span> <span class='ocrx_word' id='word_1_728' title='bbox 1943 2716 1997 2763; x_wconf 88' lang='grc' dir='ltr'>εἴη</span> <span class='ocrx_word' id='word_1_729' title='bbox 2027 2716 2272 2767; x_wconf 83' lang='grc' dir='ltr'>κεκινημένον,</span> <span class='ocrx_word' id='word_1_730' title='bbox 2313 2718 2346 2754; x_wconf 80' lang='grc' dir='ltr'>ἐν</span> 
     </span>
    </p>
   </div>
   <div class='ocr_carea' id='block_1_8' title="bbox 1285 2847 2349 3365">
    <p class='ocr_par' dir='ltr' id='par_1_11' title="bbox 1285 2847 2349 3031">
     <span class='ocr_line' id='line_1_100' title="bbox 1286 2847 2348 2888; baseline -0.001 -8"><span class='ocrx_word' id='word_1_731' title='bbox 1286 2851 1306 2888; x_wconf 84' lang='grc' dir='ltr'>ἡ</span> <span class='ocrx_word' id='word_1_732' title='bbox 1326 2849 1353 2880; x_wconf 83' lang='grc' dir='ltr'>εἰ</span> <span class='ocrx_word' id='word_1_733' title='bbox 1367 2848 1466 2880; x_wconf 82' lang='grc' dir='ltr'>πολλὰ</span> <span class='ocrx_word' id='word_1_734' title='bbox 1481 2848 1564 2880; x_wconf 79' lang='grc' dir='ltr'>ἔστιν</span> <span class='ocrx_word' id='word_1_735' title='bbox 1585 2849 1603 2887; x_wconf 84' lang='grc' dir='ltr'>ἢ</span> <span class='ocrx_word' id='word_1_736' title='bbox 1627 2850 1647 2887; x_wconf 85' lang='grc' dir='ltr'>ἡ</span> <span class='ocrx_word' id='word_1_737' title='bbox 1663 2851 1718 2880; x_wconf 82' lang='grc' dir='ltr'>τοῦ</span> <span class='ocrx_word' id='word_1_738' title='bbox 1735 2848 1767 2880; x_wconf 86' lang='grc' dir='ltr'>ἓν</span> <span class='ocrx_word' id='word_1_739' title='bbox 1781 2848 1858 2880; x_wconf 82' lang='grc' dir='ltr'>εἶναι</span> <span class='ocrx_word' id='word_1_740' title='bbox 1871 2870 1879 2883; x_wconf 88' lang='grc'><strong><em>,</em></strong></span> <span class='ocrx_word' id='word_1_741' title='bbox 1896 2847 1922 2880; x_wconf 78' lang='grc' dir='ltr'>εί</span> <span class='ocrx_word' id='word_1_742' title='bbox 1936 2859 1981 2885; x_wconf 82' lang='grc' dir='ltr'>τις</span> <span class='ocrx_word' id='word_1_743' title='bbox 1999 2849 2113 2885; x_wconf 86' lang='grc' dir='ltr'>ἱκανῶς</span> <span class='ocrx_word' id='word_1_744' title='bbox 2139 2848 2265 2885; x_wconf 82' lang='grc' dir='ltr'>ἐπεξίοι.</span> <span class='ocrx_word' id='word_1_745' title='bbox 2288 2850 2348 2879; x_wconf 80' lang='grc' dir='ltr'>Διὰ</span> 
     </span>
     <span class='ocr_line' id='line_1_101' title="bbox 1285 2894 2349 2936; baseline -0.002 -9"><span class='ocrx_word' id='word_1_746' title='bbox 1285 2895 1432 2933; x_wconf 82' lang='grc' dir='ltr'>τοιαύτην</span> <span class='ocrx_word' id='word_1_747' title='bbox 1452 2895 1490 2932; x_wconf 82' lang='grc' dir='ltr'>δὴ</span> <span class='ocrx_word' id='word_1_748' title='bbox 1506 2894 1692 2935; x_wconf 81' lang='grc' dir='ltr'>φιλονεικίαν</span> <span class='ocrx_word' id='word_1_749' title='bbox 1709 2894 1771 2927; x_wconf 80' lang='grc' dir='ltr'>ὑπὸ</span> <span class='ocrx_word' id='word_1_750' title='bbox 1787 2895 1858 2926; x_wconf 88' lang='grc' dir='ltr'>νέου</span> <span class='ocrx_word' id='word_1_751' title='bbox 1880 2894 1966 2931; x_wconf 79' lang='grc' dir='ltr'>ὄντος</span> <span class='ocrx_word' id='word_1_752' title='bbox 1983 2895 2060 2935; x_wconf 79' lang='grc' dir='ltr'>ἐμοῦ</span> <span class='ocrx_word' id='word_1_753' title='bbox 2074 2895 2209 2936; x_wconf 84' lang='grc' dir='ltr'>ἐγράφη,</span> <span class='ocrx_word' id='word_1_754' title='bbox 2226 2895 2281 2927; x_wconf 89' lang='grc' dir='ltr'>καί</span> <span class='ocrx_word' id='word_1_755' title='bbox 2305 2905 2349 2931; x_wconf 79' lang='grc' dir='ltr'>τις</span> 
     </span>
     <span class='ocr_line' id='line_1_102' title="bbox 1287 2941 2349 2983; baseline 0 -9"><span class='ocrx_word' id='word_1_756' title='bbox 1287 2942 1364 2974; x_wconf 79' lang='grc' dir='ltr'>αὐτὸ</span> <span class='ocrx_word' id='word_1_757' title='bbox 1387 2942 1496 2982; x_wconf 78' lang='grc' dir='ltr'>ἔκλεψε</span> <span class='ocrx_word' id='word_1_758' title='bbox 1510 2942 1643 2983; x_wconf 85' lang='grc' dir='ltr'>γραφέν,</span> <span class='ocrx_word' id='word_1_759' title='bbox 1661 2942 1746 2975; x_wconf 87' lang='grc' dir='ltr'>ὥστε</span> <span class='ocrx_word' id='word_1_760' title='bbox 1762 2941 1832 2974; x_wconf 73' lang='grc' dir='ltr'>οὐδὲ</span> <span class='ocrx_word' id='word_1_761' title='bbox 1847 2943 2076 2983; x_wconf 77' lang='grc' dir='ltr'>βουλεύσασθαι</span> <span class='ocrx_word' id='word_1_762' title='bbox 2094 2943 2266 2983; x_wconf 81' lang='grc' dir='ltr'>ἐξεγένετο,</span> <span class='ocrx_word' id='word_1_763' title='bbox 2287 2942 2349 2975; x_wconf 77' lang='grc' dir='ltr'>εἴτε</span> 
     </span>
     <span class='ocr_line' id='line_1_103' title="bbox 1288 2989 1864 3031; baseline -0.003 -8"><span class='ocrx_word' id='word_1_764' title='bbox 1288 2991 1438 3028; x_wconf 83' lang='grc' dir='ltr'>ἐξοιστέον</span> <span class='ocrx_word' id='word_1_765' title='bbox 1452 2989 1528 3022; x_wconf 83' lang='grc' dir='ltr'>αὐτὸ</span> <span class='ocrx_word' id='word_1_766' title='bbox 1542 2990 1585 3027; x_wconf 84' lang='grc' dir='ltr'>εἰς</span> <span class='ocrx_word' id='word_1_767' title='bbox 1599 2989 1635 3021; x_wconf 85' lang='grc' dir='ltr'>τὸ</span> <span class='ocrx_word' id='word_1_768' title='bbox 1648 2993 1712 3031; x_wconf 84' lang='grc' dir='ltr'>φῶς</span> <span class='ocrx_word' id='word_1_769' title='bbox 1729 2989 1790 3022; x_wconf 82' lang='grc' dir='ltr'>εἴτε</span> <span class='ocrx_word' id='word_1_770' title='bbox 1810 2990 1864 3031; x_wconf 87' lang='grc' dir='ltr'>μή.</span> 
     </span>
    </p>

    <p class='ocr_par' dir='ltr' id='par_1_12' title="bbox 1288 3036 2349 3365">
     <span class='ocr_line' id='line_1_104' title="bbox 1331 3036 2349 3079; baseline -0.002 -10"><span class='ocrx_word' id='word_1_771' title='bbox 1331 3037 1396 3079; x_wconf 88' lang='grc' dir='ltr'>(ιο)</span> <span class='ocrx_word' id='word_1_772' title='bbox 1413 3037 1603 3070; x_wconf 79' lang='lat' dir='ltr'>Plutarchus</span> <span class='ocrx_word' id='word_1_773' title='bbox 1615 3038 1681 3070; x_wconf 87' lang='lat' dir='ltr'>vit.</span> <span class='ocrx_word' id='word_1_774' title='bbox 1698 3037 1809 3070; x_wconf 71' lang='lat' dir='ltr'>Pei-iel.</span> <span class='ocrx_word' id='word_1_775' title='bbox 1829 3045 1900 3078; x_wconf 83' lang='lat' dir='ltr'>cap.</span> <span class='ocrx_word' id='word_1_776' title='bbox 1914 3038 1931 3068; x_wconf 83' lang='grc'>4</span> <span class='ocrx_word' id='word_1_777' title='bbox 1951 3044 1959 3065; x_wconf 88' lang='lat'><strong>:</strong></span> <span class='ocrx_word' id='word_1_778' title='bbox 1977 3037 2134 3075; x_wconf 77' lang='grc' dir='ltr'>Διήκουσε</span> <span class='ocrx_word' id='word_1_779' title='bbox 2148 3036 2182 3068; x_wconf 84' lang='grc' dir='ltr'>δὲ</span> <span class='ocrx_word' id='word_1_780' title='bbox 2195 3037 2349 3079; x_wconf 75' lang='grc' dir='ltr'>Περικλῆς</span> 
     </span>
     <span class='ocr_line' id='line_1_105' title="bbox 1288 3083 2347 3126; baseline -0.001 -10"><span class='ocrx_word' id='word_1_781' title='bbox 1288 3086 1496 3123; x_wconf 77' lang='grc' dir='ltr'>καὶΖήνωνος</span> <span class='ocrx_word' id='word_1_782' title='bbox 1508 3087 1564 3116; x_wconf 84' lang='grc' dir='ltr'>τοῦ</span> <span class='ocrx_word' id='word_1_783' title='bbox 1586 3085 1732 3118; x_wconf 75' lang='grc' dir='ltr'>Ἐλεάτου</span> <span class='ocrx_word' id='word_1_784' title='bbox 1745 3109 1754 3124; x_wconf 90' lang='grc'>,</span> <span class='ocrx_word' id='word_1_785' title='bbox 1768 3083 2070 3126; x_wconf 86' lang='grc' dir='ltr'>πραγματευομένου</span> <span class='ocrx_word' id='word_1_786' title='bbox 2084 3083 2153 3124; x_wconf 87' lang='grc' dir='ltr'>περὶ</span> <span class='ocrx_word' id='word_1_787' title='bbox 2177 3083 2285 3124; x_wconf 81' lang='grc' dir='ltr'>φύσιν,</span> <span class='ocrx_word' id='word_1_788' title='bbox 2305 3085 2347 3118; x_wconf 80' lang='grc' dir='ltr'>ὡς</span> 
     </span>
     <span class='ocr_line' id='line_1_106' title="bbox 1289 3129 2348 3174; baseline -0.005 -9"><span class='ocrx_word' id='word_1_789' title='bbox 1289 3131 1505 3174; x_wconf 79' lang='grc' dir='ltr'>Παρμενίδης·</span> <span class='ocrx_word' id='word_1_790' title='bbox 1531 3132 1710 3172; x_wconf 81' lang='grc' dir='ltr'>ἐλεγκτικὴν</span> <span class='ocrx_word' id='word_1_791' title='bbox 1737 3132 1771 3164; x_wconf 81' lang='grc' dir='ltr'>δέ</span> <span class='ocrx_word' id='word_1_792' title='bbox 1793 3142 1865 3163; x_wconf 89' lang='grc' dir='ltr'>τινα</span> <span class='ocrx_word' id='word_1_793' title='bbox 1879 3154 1888 3170; x_wconf 92' lang='grc'><em>,</em></span> <span class='ocrx_word' id='word_1_794' title='bbox 1911 3130 1966 3162; x_wconf 88' lang='grc' dir='ltr'>καὶ</span> <span class='ocrx_word' id='word_1_795' title='bbox 1992 3130 2032 3162; x_wconf 85' lang='grc' dir='ltr'>δι’</span> <span class='ocrx_word' id='word_1_796' title='bbox 2050 3129 2277 3170; x_wconf 78' lang='grc' dir='ltr'>ἐναντιολογίας</span> <span class='ocrx_word' id='word_1_797' title='bbox 2305 3131 2348 3165; x_wconf 74' lang='grc' dir='ltr'>εἰς</span> 
     </span>
     <span class='ocr_line' id='line_1_107' title="bbox 1289 3177 2348 3221; baseline -0.003 -11"><span class='ocrx_word' id='word_1_798' title='bbox 1289 3179 1420 3221; x_wconf 81' lang='grc' dir='ltr'>ἀπορίαν</span> <span class='ocrx_word' id='word_1_799' title='bbox 1434 3179 1685 3211; x_wconf 86' lang='grc' dir='ltr'>κατακλείουσαν</span> <span class='ocrx_word' id='word_1_800' title='bbox 1705 3179 1936 3216; x_wconf 74' lang='grc' dir='ltr'>ἐξασκήσαντος</span> <span class='ocrx_word' id='word_1_801' title='bbox 1958 3177 2035 3218; x_wconf 79' lang='grc' dir='ltr'>ἕξιν,</span> <span class='ocrx_word' id='word_1_802' title='bbox 2051 3178 2158 3219; x_wconf 87' lang='grc' dir='ltr'>ὥσπερ</span> <span class='ocrx_word' id='word_1_803' title='bbox 2170 3177 2223 3208; x_wconf 86' lang='grc' dir='ltr'>καὶ</span> <span class='ocrx_word' id='word_1_804' title='bbox 2240 3177 2348 3217; x_wconf 88' lang='grc' dir='ltr'>Τίμων</span> 
     </span>
     <span class='ocr_line' id='line_1_108' title="bbox 1290 3225 2349 3268; baseline -0.005 -9"><span class='ocrx_word' id='word_1_805' title='bbox 1290 3228 1307 3259; x_wconf 85' lang='grc' dir='ltr'>ὁ</span> <span class='ocrx_word' id='word_1_806' title='bbox 1330 3227 1481 3264; x_wconf 77' lang='grc' dir='ltr'>Φλιάσιος</span> <span class='ocrx_word' id='word_1_807' title='bbox 1514 3227 1619 3268; x_wconf 75' lang='grc' dir='ltr'>ε’ίρηκε</span> <span class='ocrx_word' id='word_1_808' title='bbox 1643 3227 1694 3260; x_wconf 86' lang='grc' dir='ltr'>διὰ</span> <span class='ocrx_word' id='word_1_809' title='bbox 1715 3227 1833 3259; x_wconf 78' lang='grc' dir='ltr'>τούτων</span> <span class='ocrx_word' id='word_1_810' title='bbox 1848 3235 1855 3242; x_wconf 91' lang='grc'><em>·</em></span> <span class='ocrx_word' id='word_1_811' title='bbox 1880 3225 2187 3268; x_wconf 84' lang='grc' dir='ltr'>ἀμφοτερογλώσσου</span> <span class='ocrx_word' id='word_1_812' title='bbox 2212 3235 2247 3257; x_wconf 88' lang='grc' dir='ltr'>τε</span> <span class='ocrx_word' id='word_1_813' title='bbox 2267 3225 2349 3266; x_wconf 85' lang='grc' dir='ltr'>μέγα</span> 
     </span>
     <span class='ocr_line' id='line_1_109' title="bbox 1291 3274 2347 3316; baseline -0.003 -9"><span class='ocrx_word' id='word_1_814' title='bbox 1291 3276 1396 3312; x_wconf 75' lang='grc' dir='ltr'>σθένος</span> <span class='ocrx_word' id='word_1_815' title='bbox 1421 3275 1478 3307; x_wconf 79' lang='grc' dir='ltr'>οὐκ</span> <span class='ocrx_word' id='word_1_816' title='bbox 1502 3275 1680 3308; x_wconf 85' lang='grc' dir='ltr'>ἀλαπαδνὸν</span> <span class='ocrx_word' id='word_1_817' title='bbox 1712 3276 1875 3315; x_wconf 78' lang='grc' dir='ltr'>Ζήνωνος,</span> <span class='ocrx_word' id='word_1_818' title='bbox 1896 3275 2022 3308; x_wconf 83' lang='grc' dir='ltr'>πάντων</span> <span class='ocrx_word' id='word_1_819' title='bbox 2048 3275 2264 3316; x_wconf 84' lang='grc' dir='ltr'>ἐπιλήπτορος.</span> <span class='ocrx_word' id='word_1_820' title='bbox 2296 3274 2347 3306; x_wconf 77' lang='lat' dir='ltr'>Cf.</span> 
     </span>
     <span class='ocr_line' id='line_1_110' title="bbox 1292 3323 2075 3365; baseline -0.003 -9"><span class='ocrx_word' id='word_1_821' title='bbox 1292 3323 1384 3363; x_wconf 80' lang='lat' dir='ltr'>Diog.</span> <span class='ocrx_word' id='word_1_822' title='bbox 1404 3325 1510 3356; x_wconf 85' lang='lat' dir='ltr'>Laert.</span> <span class='ocrx_word' id='word_1_823' title='bbox 1532 3325 1575 3356; x_wconf 82' lang='lat' dir='ltr'>IX</span> <span class='ocrx_word' id='word_1_824' title='bbox 1588 3348 1597 3365; x_wconf 91' lang='lat'>‚</span> <span class='ocrx_word' id='word_1_825' title='bbox 1619 3328 1658 3356; x_wconf 86' lang='lat'>25</span> <span class='ocrx_word' id='word_1_826' title='bbox 1678 3327 1709 3356; x_wconf 86' lang='lat' dir='ltr'>et</span> <span class='ocrx_word' id='word_1_827' title='bbox 1726 3323 1872 3356; x_wconf 88' lang='lat' dir='ltr'>Timonis</span> <span class='ocrx_word' id='word_1_828' title='bbox 1887 3323 2075 3363; x_wconf 81' lang='lat' dir='ltr'>fragmenta.</span> 
     </span>
    </p>
   </div>
   <div class='ocr_carea' id='block_1_9' title="bbox 1335 3368 2410 3412">
    <p class='ocr_par' dir='ltr' id='par_1_13' title="bbox 1335 3368 2410 3412">
     <span class='ocr_line' id='line_1_111' title="bbox 1335 3368 2410 3412; baseline -0.006 -9"><span class='ocrx_word' id='word_1_829' title='bbox 1335 3371 1376 3412; x_wconf 83' lang='lat'>(*)</span> <span class='ocrx_word' id='word_1_830' title='bbox 1393 3373 1461 3403; x_wconf 82' lang='lat' dir='ltr'>Hoc</span> <span class='ocrx_word' id='word_1_831' title='bbox 1489 3371 1734 3412; x_wconf 75' lang='lat' dir='ltr'>argumentandi</span> <span class='ocrx_word' id='word_1_832' title='bbox 1756 3379 1855 3411; x_wconf 85' lang='lat' dir='ltr'>genus</span> <span class='ocrx_word' id='word_1_833' title='bbox 1874 3370 2020 3403; x_wconf 89' lang='lat' dir='ltr'>nonnulli</span> <span class='ocrx_word' id='word_1_834' title='bbox 2043 3369 2127 3402; x_wconf 85' lang='lat' dir='ltr'>male</span> <span class='ocrx_word' id='word_1_835' title='bbox 2157 3368 2350 3410; x_wconf 84' lang='lat' dir='ltr'>accipientes</span> <span class='ocrx_word' id='word_1_836' title='bbox 2405 3393 2410 3396; x_wconf 93' lang='lat'>.</span> 
     </span>
    </p>
   </div>
   <div class='ocr_carea' id='block_1_10' title="bbox 1293 3414 2348 3555">
    <p class='ocr_par' dir='ltr' id='par_1_14' title="bbox 1293 3414 2348 3555">
     <span class='ocr_line' id='line_1_112' title="bbox 1294 3414 2348 3458; baseline -0.005 -7"><span class='ocrx_word' id='word_1_837' title='bbox 1294 3421 1400 3451; x_wconf 88' lang='lat' dir='ltr'>Unum</span> <span class='ocrx_word' id='word_1_838' title='bbox 1417 3428 1435 3451; x_wconf 86' lang='lat' dir='ltr'>a</span> <span class='ocrx_word' id='word_1_839' title='bbox 1452 3421 1580 3452; x_wconf 87' lang='lat' dir='ltr'>Zenone</span> <span class='ocrx_word' id='word_1_840' title='bbox 1598 3418 1792 3451; x_wconf 86' lang='lat' dir='ltr'>dissolutum</span> <span class='ocrx_word' id='word_1_841' title='bbox 1814 3427 1883 3450; x_wconf 86' lang='lat' dir='ltr'>esse</span> <span class='ocrx_word' id='word_1_842' title='bbox 1902 3419 2067 3458; x_wconf 81' lang='lat' dir='ltr'>putarunt.</span> <span class='ocrx_word' id='word_1_843' title='bbox 2084 3416 2133 3448; x_wconf 79' lang='lat' dir='ltr'>Cf.</span> <span class='ocrx_word' id='word_1_844' title='bbox 2145 3416 2234 3448; x_wconf 86' lang='lat' dir='ltr'>Alex.</span> <span class='ocrx_word' id='word_1_845' title='bbox 2246 3414 2348 3456; x_wconf 79' lang='lat' dir='ltr'>Aplir.</span> 
     </span>
     <span class='ocr_line' id='line_1_113' title="bbox 1293 3463 2346 3508; baseline -0.006 -9"><span class='ocrx_word' id='word_1_846' title='bbox 1293 3467 1324 3499; x_wconf 93' lang='lat' dir='ltr'>in</span> <span class='ocrx_word' id='word_1_847' title='bbox 1339 3467 1480 3508; x_wconf 78' lang='lat' dir='ltr'>Metapli.</span> <span class='ocrx_word' id='word_1_848' title='bbox 1497 3469 1537 3506; x_wconf 92' lang='lat'>11,</span> <span class='ocrx_word' id='word_1_849' title='bbox 1549 3468 1567 3498; x_wconf 87' lang='grc'>4</span> <span class='ocrx_word' id='word_1_850' title='bbox 1588 3475 1619 3506; x_wconf 86' lang='lat' dir='ltr'>p.</span> <span class='ocrx_word' id='word_1_851' title='bbox 1649 3468 1706 3498; x_wconf 85' lang='lat'>183</span> <span class='ocrx_word' id='word_1_852' title='bbox 1720 3465 1773 3498; x_wconf 91' lang='lat' dir='ltr'>ed.</span> <span class='ocrx_word' id='word_1_853' title='bbox 1791 3465 1914 3497; x_wconf 83' lang='lat' dir='ltr'>Bonitz.</span> <span class='ocrx_word' id='word_1_854' title='bbox 1936 3466 2056 3497; x_wconf 89' lang='lat' dir='ltr'>Seneca</span> <span class='ocrx_word' id='word_1_855' title='bbox 2078 3463 2181 3503; x_wconf 76' lang='lat' dir='ltr'>Epist.</span> <span class='ocrx_word' id='word_1_856' title='bbox 2205 3464 2245 3495; x_wconf 91' lang='lat'>88</span> <span class='ocrx_word' id='word_1_857' title='bbox 2263 3463 2346 3495; x_wconf 78' lang='lat' dir='ltr'>extr.</span> 
     </span>
     <span class='ocr_line' id='line_1_114' title="bbox 1338 3509 2345 3555; baseline -0.006 -8"><span class='ocrx_word' id='word_1_858' title='bbox 1338 3514 1404 3555; x_wconf 76' lang='grc' dir='ltr'>(ιι)</span> <span class='ocrx_word' id='word_1_859' title='bbox 1429 3515 1478 3546; x_wconf 78' lang='lat' dir='ltr'>Cf.</span> <span class='ocrx_word' id='word_1_860' title='bbox 1500 3516 1536 3547; x_wconf 71' lang='grc' dir='ltr'>Ρ.</span> <span class='ocrx_word' id='word_1_861' title='bbox 1554 3513 1644 3546; x_wconf 83' lang='lat' dir='ltr'>Boelii</span> <span class='ocrx_word' id='word_1_862' title='bbox 1664 3512 1772 3546; x_wconf 79' lang='lat' dir='ltr'>Lexic.</span> <span class='ocrx_word' id='word_1_863' title='bbox 1791 3512 1866 3545; x_wconf 82' lang='lat' dir='ltr'>hist.</span> <span class='ocrx_word' id='word_1_864' title='bbox 1890 3513 1923 3545; x_wconf 84' lang='lat' dir='ltr'>et</span> <span class='ocrx_word' id='word_1_865' title='bbox 1947 3512 2019 3544; x_wconf 87' lang='lat' dir='ltr'>crit.</span> <span class='ocrx_word' id='word_1_866' title='bbox 2042 3519 2076 3544; x_wconf 81' lang='lat' dir='ltr'>v.</span> <span class='ocrx_word' id='word_1_867' title='bbox 2101 3513 2221 3544; x_wconf 87' lang='lat' dir='ltr'>Zenon.</span> <span class='ocrx_word' id='word_1_868' title='bbox 2240 3509 2287 3542; x_wconf 84' lang='lat' dir='ltr'>lit.</span> <span class='ocrx_word' id='word_1_869' title='bbox 2308 3510 2345 3541; x_wconf 90' lang='lat' dir='ltr'>T.</span> 
     </span>
    </p>
   </div>
  </div>
 </body>
</html>
