2612 3814
293 253 371 286 558

292 336 374 384 θέα,
398 334 454 374 διὰ
475 334 515 374 τὸ
545 334 687 387 γνώμας
711 335 945 385 τελεσθῆμεν·
967 333 1058 373 ὥστε
1081 334 1103 373 ἃ
1137 333 1187 385 μὴ
1209 332 1361 381 δήληταί

292 410 344 438 τις
373 393 572 447 παριόντων
600 393 640 443 ¹²,
665 396 729 434 οὐκ
756 393 933 446 εὐδαίμων
967 392 1057 445 μέν,
1084 394 1123 432 οὗ
1150 392 1221 444 μὰν
1244 392 1362 446 πάντα

292 454 538 505 κακοδαίμων.

349 514 527 566 (Scripsi
553 517 568 536 ⁸
591 512 660 552 αἰεὶ
688 513 828 567 ἀνάγκα
851 507 941 564 ἦμεν
962 512 1091 567 τυφλόν
1122 525 1210 565 quae
1240 511 1363 551 verba

293 576 334 614 in
367 574 610 614 membranis
644 573 930 613 desiderantur.
957 571 974 596 ¹³
1006 572 1222 626 παριόντων;
1244 572 1359 612 codd.

291 635 527 710 παριόντας.)

348 688 459 740 Μὴ
433 711 481 734 ων
501 694 624 733 ἄνοσον
648 711 707 733 και
731 693 928 746 ἀνάλγατον
949 691 1161 743 τολμώντων
1182 693 1241 731 τὸν
1270 693 1362 744 ἀγα-

294 753 351 794 θὸν
372 754 468 794 εἶπέν
485 785 495 802 ,
514 754 603 805 μηδὲ
623 754 755 793 ἄλυπον
782 754 1075 806 θρασυνέσθωσαν
1089 752 1212 804 λέγεν·
1227 755 1274 797 ὡς
1294 751 1363 805 γὰρ

291 813 438 866 σώματι
467 813 611 866 ἀλγεινά
643 829 720 851 τινα
743 812 1003 862 ἀπολείπομες,
1028 810 1119 851 οὕτω
1151 811 1212 851 καὶ
1231 813 1363 864 ψυχαῖς

293 874 471 914 ἐπώδυνα.
533 872 640 913 Ἀλλὰ
662 872 721 911 ταὶ
751 872 813 924 μὲν
843 871 1001 926 ἀφρόνων
1032 872 1144 911 λῦπαι
1183 871 1363 923 ἀλόγιστοι

292 934 486 984 πέλονται,
507 933 566 971 ταὶ
594 932 628 972 δὲ
652 932 831 986 φρονίμων
855 933 887 975 ἐς
907 931 987 970 ὅσον
1011 934 1028 972 ὁ
1057 930 1160 983 λόγος
1182 930 1363 984 ἐπιτρέπει

290 994 440 1047 ὀρίδδων
472 992 517 1031 τὰ
538 992 750 1045 πράγματα.
811 991 918 1032 Ἀλλὰ
942 990 1013 1043 μὰν
1032 990 1094 1030 καὶ
1117 990 1158 1030 τὸ
1187 990 1362 1044 καύχαμα

293 1055 409 1092 αὐτῶν
441 1058 503 1096 τᾶς
538 1050 711 1096 ἀπαθείας
739 1050 858 1090 ἐκλύει
878 1057 941 1096 τᾶς
969 1054 1098 1104 ἀρετᾶς
1118 1050 1158 1090 τὸ
1179 1056 1360 1102 γενναῖον,

290 1115 377 1152 αἴκα
410 1113 444 1151 ἐν
467 1111 644 1165 διαφόροις
670 1110 731 1150 καὶ
763 1111 931 1165 μεγάλοις
959 1118 974 1138 ³
1003 1116 1124 1156 κακοῖς
1153 1110 1293 1163 θανάτῳ
1319 1126 1357 1150 τε

294 1172 356 1212 καὶ
375 1171 541 1224 ἀλγηδόνι
559 1170 619 1210 καὶ
637 1170 739 1210 πενία
759 1169 992 1232 n'tvrtsssssoixQ
1055 1169 1362 1222 Εὖκαταγώνιστα

257 1261 259 1263 .
286 1232 358 1287 γὰρ
377 1231 420 1271 τὰ
436 1230 547 1285 μικρὰ
562 1229 703 1272 ι’κακιιί.
763 1229 984 1271 Ἄσκατέον’
963 1247 1011 1270 ων
1025 1228 1158 1269 ποτταν
1171 1245 1363 1283 μετριοπα-

286 1291 366 1333 θίαν
388 1290 498 1344 ἱέμεν,
518 1293 565 1336 ὡς
581 1291 620 1331 τό
637 1307 674 1330 τε
693 1290 924 1343 ἀνάλγατον’
909 1307 942 1335 ες
957 1289 1032 1330 ἴσον
1049 1292 1129 1329 τῶ
1115 1291 1267 1341 ἐμπαθεῖ
1281 1289 1363 1342 φεύ-

287 1367 426 1405 γωμες,
448 1351 539 1403 μηδὲ
557 1351 661 1403 μέζον
679 1350 800 1404 φύσιος
819 1356 882 1395 τᾶς
899 1350 1075 1404 ἁμετέρας
1091 1348 1339 1404 φθεγγώμεθα.

347 1410 548 1464 (Stobaeus
572 1410 706 1450 Floril.
732 1410 764 1462 1,
799 1425 940 1460 7o·71.
966 1410 1138 1462 Reposui
1157 1434 1173 1452 a
1195 1409 1362 1461 μεγάλοις

289 1473 411 1519 κακοῖς
431 1485 519 1512 cum
538 1470 736 1518 Gesner03
755 1470 867 1510 codd.
885 1469 935 1520 μὴ
951 1475 1085 1514 κακοῖς.
1103 1470 1121 1495 ¹³
1139 1468 1250 1523 μικρὰ
1268 1469 1362 1508 κακά

286 1545 378 1571 cum
397 1531 556 1580 eodem3
580 1530 675 1570 libri
688 1530 744 1582 μὴ
765 1529 909 1580 κακά.)

573 1616 622 1671 γ’.
656 1617 723 1657 Ἐκ
745 1621 807 1658 τοῦ
827 1617 909 1671 περὶ
933 1616 1067 1669 σοφίας.

345 1705 404 1759 ιγ’.
442 1706 662 1760 Ἀρχύτας
700 1705 856 1745 τοίνυν
884 1707 927 1745 ἐν
967 1707 1024 1759 τῷ
1056 1705 1166 1759 περὶ
1201 1705 1362 1760 σοφίας

285 1767 417 1812 εὐθὺς
451 1767 658 1821 ἀρχόμεν
673 1782 715 1811 ος
732 1765 987 1820 προτρέπει
1010 1765 1143 1805 οὕτω·

345 1830 367 1880 §
390 1843 418 1869 1.
445 1829 625 1868 Τοσοῦτον
647 1826 805 1881 διαφέρει
826 1826 932 1882 σοφία
954 1827 990 1865 ἐν
1020 1832 1111 1866 πᾶσι
1127 1828 1200 1872 τοῖς
1227 1829 1361 1880 ἀνθρω-

287 1889 398 1933 πίνοις
415 1889 623 1942 πράγμασιν
638 1918 649 1938 ,
673 1886 753 1927 ὅσον
772 1887 851 1941 ὄψις
870 1886 933 1939 μὲν
962 1887 1155 1926 αἷσθασίων
1177 1887 1356 1938 σώματος,

288 1949 365 1994 νόος
391 1949 427 1988 δὲ
448 1951 583 2003 ψυχᾶς,
608 1946 705 1992 ἅλιος
725 1946 761 1986 δὲ
783 1949 933 1999 ἄστρων.
989 1945 1100 2001 Ὀψις
1126 1964 1166 1987 τε
1186 1947 1255 2002 γὰρ
1281 1951 1360 1987 ἑκα-

286 2008 489 2049 &moretm
522 2007 584 2048 καὶ
616 2008 898 2048 πολυειδεστοίτα
930 2014 994 2047 τᾶν
1026 2008 1138 2047 ἀλλᾶν
1164 2007 1358 2047 αἷσθασίων

291 2148 471 2190 praedicat=
490 2149 690 2190 quapropter
710 2131 957 2181 trariseuntibus
971 2147 1010 2180 iis
1029 2155 1104 2188 quae
1123 2147 1197 2188 quis
1214 2156 1282 2180 non
1299 2147 1358 2180 de-

284 2212 427 2252 siderat,
440 2212 477 2245 ut
493 2210 608 2244 beatus
628 2219 725 2244 nemo
746 2211 813 2251 est,
834 2210 879 2243 ita
902 2218 962 2243 nec
979 2210 1075 2251 plane
1097 2209 1207 2242 miser.

332 2273 378 2305 Ne
401 2271 500 2313 igitur
516 2270 622 2304 morbi
651 2271 684 2304 et
705 2269 826 2303 doloris
857 2271 1024 2312 expertem
1058 2269 1200 2302 audeant
1236 2269 1359 2302 bonum

286 2332 474 2374 appellare,
501 2340 583 2365 neve
613 2340 758 2364 vacuum
787 2331 877 2365 omni
905 2340 1045 2364 moerore
1072 2332 1195 2364 temere
1218 2330 1358 2364 dicant:

287 2393 375 2426 sicut
391 2392 479 2426 enim
497 2392 625 2434 corpori
638 2392 785 2425 dolorem
805 2391 953 2425 facientia
968 2391 1118 2433 quaedam
1133 2391 1359 2433 relinquimus,

286 2454 338 2486 sic
353 2454 386 2487 et
398 2452 516 2486 animis
527 2477 537 2493 ,
549 2461 624 2494 quae
637 2452 784 2485 dolorem
802 2451 955 2485 inferant.
1000 2453 1226 2500 Veruntamen
1242 2451 1359 2483 stulto·

287 2522 363 2546 rum
384 2512 513 2546 dolores
535 2513 660 2546 ratione
677 2514 809 2554 carent,
829 2511 1014 2554 sapientum
1036 2521 1116 2545 vero
1140 2520 1206 2544 non
1223 2510 1360 2543 ulterius

295 2582 395 2615 quam
414 2573 498 2607 ratio
517 2573 616 2606 rebus
638 2572 775 2605 modum
798 2572 1001 2606 constituens
1028 2572 1205 2614 permittit,
1231 2580 1361 2613 progre-

286 2634 435 2666 diuntur.
481 2632 544 2667 Sed
567 2634 600 2666 et
626 2632 748 2674 jactata
776 2640 891 2665 eorum
920 2630 1097 2664 indolentia
1117 2629 1247 2663 virtutis
1267 2637 1360 2671 gene-

293 2692 460 2724 rositatem
495 2692 605 2732 tollit,
631 2692 658 2724 si
688 2691 871 2733 insignibus
908 2690 1100 2732 magnisque
1130 2689 1223 2722 malis
1243 2688 1360 2729 morti,

286 2749 452 2782 cruciatui
485 2751 518 2783 et
545 2750 726 2792 paupertati
759 2759 795 2783 se
822 2749 964 2791 objiciat.
1010 2748 1115 2783 Facile
1142 2749 1230 2782 enim
1261 2756 1360 2790 parva

294 2810 379 2843 mala
398 2811 603 2852 superantur.
650 2810 885 2843 Incumbamus
899 2810 994 2852 igitur
1010 2809 1166 2843 omnibus
1181 2808 1308 2842 viribus
1325 2810 1362 2841 ut

293 2870 554 2905 mediocritatem
577 2869 754 2902 affectuum
778 2878 1032 2911 consequamur,
1065 2878 1132 2911 quo
1158 2869 1281 2902 doloris
1311 2877 1363 2902 va-

292 2931 448 2964 cuitatem
469 2930 589 2972 pariter
603 2931 703 2970 atque
718 2930 982 2971 exsuperantiam
1006 2930 1168 2972 vitemus,
1184 2938 1266 2963 neve
1292 2938 1362 2962 ma·

288 2991 363 3032 jora
379 2990 541 3032 iactemus
556 3013 565 3029 ‚
587 2997 686 3031 quam
706 2990 822 3022 natura
839 2991 952 3022 nostra
976 2989 1107 3031 patitur.

608 3087 648 3113 c..
661 3080 688 3112 E
707 3078 789 3112 libro
806 3078 846 3111 de
866 3079 1041 3121 Sapientia.

337 3170 426 3201 xm.
451 3169 610 3209 Archytas
627 3168 725 3210 igitur
741 3167 775 3201 in
795 3167 879 3201 libro
896 3168 936 3201 de
952 3169 1107 3210 sapientia
1130 3168 1239 3202 statim
1262 3177 1281 3202 a
1307 3168 1362 3202 tali

292 3227 518 3260 cohortatione
531 3228 656 3261 orditur
677 3239 687 3261 z

335 3287 356 3328 §
376 3291 403 3319 t.
420 3288 564 3320 Tantum
582 3287 715 3329 praestat
733 3286 891 3328 sapientia
909 3287 1064 3320 omnibus
1081 3288 1114 3320 in
1132 3287 1228 3322 rebus
1250 3289 1359 3322 liuma-

295 3347 366 3388 nis,
385 3347 543 3389 quantum
567 3347 656 3380 visus
679 3347 827 3380 sensibus
855 3346 1019 3388 corporis,
1046 3355 1139 3381 mens
1159 3347 1286 3389 animo,
1314 3348 1362 3382 sol

294 3407 402 3440 astris.
448 3407 548 3440 Visus
569 3406 656 3440 enim
670 3407 819 3440 omnium
837 3415 992 3440 sensuum
1008 3406 1161 3440 latissime
1170 3407 1363 3441 diffunditur

294 3469 328 3499 et
355 3466 596 3500 diversissimas
627 3467 725 3501 habet
747 3467 893 3510 species,
923 3475 1016 3500 mens
1046 3475 1217 3500 summum
1255 3468 1362 3501 locum

297 3527 405 3567 ἐπεὶ,
423 3527 546 3561 ratione
569 3528 602 3560 et
620 3526 816 3569 cogitatione
849 3526 881 3559 id
908 3526 997 3569 quod
1019 3526 1086 3560 fieri
1117 3528 1245 3569 oportet
1268 3528 1361 3570 perti-

1233 235 1236 238 ’
1261 244 1526 284 AncnYTAE

1424 334 1522 383 ἐντί,
1552 333 1613 373 καὶ
1630 333 1705 379 νόος
1730 333 1865 379 ὕπατος
1890 335 1984 388 λόγῳ
2003 336 2063 375 καὶ
2085 337 2220 377 διανοία
2253 339 2294 378 τὸ
2314 339 2389 379 δέον
2409 342 2490 381 ἔπι·

1423 392 1602 446 κραίνων,
1626 393 1686 433 καὶ
1703 393 1781 448 ὄψις
1799 409 1860 433 και
1879 394 2026 446 δύναμις
2042 398 2111 435 τῶν
2132 398 2355 449 τιμιωτάτων
2373 399 2492 452 ὑπάρ-

1422 468 1512 505 χων.
1568 450 1687 497 Ἅλιός
1716 467 1757 504 γε
1787 451 1858 503 μ’)ιν
1885 452 2063 508 ὀφθαλμός
2090 456 2163 495 ε’ντι
2194 455 2255 496 καὶ
2287 457 2387 512 ψυχὰ
2420 473 2489 498 των

1424 511 1525 566 φύσιν
1545 512 1716 565 ἐχόντων·
1731 512 1856 567 ὁρῆταί
1873 529 1912 553 τε
1924 513 1993 568 γὰρ
2016 515 2061 554 δι’
2083 516 2176 556 αὐτῶ
2193 516 2311 557 πάντα
2331 517 2392 557 καὶ
2411 533 2488 571 γεν·

1424 576 1528 620 νῆται
1539 572 1600 611 καὶ
1613 588 1753 621 νοηται,
1772 572 1959 627 ῥιζωθέντα
1973 589 2035 614 και
2046 576 2254 627 γενναθέντα
2270 576 2306 616 δὲ
2319 577 2492 631 τράφιται

1424 631 1485 670 καὶ
1505 631 1642 678 ἀέξεται
1662 632 1724 671 καὶ
1745 634 1951 685 ζωπυρῆται
1972 634 2050 684 μετ’
2073 635 2272 681 αἰσθοίσιος.

1480 693 1552 743 §2.
1585 691 1704 732 Ἡδὲ
1736 692 1923 732 ἀπὸτοῦ
1951 692 2098 740 ὄντως
2129 696 2362 749 ἀνθρώπου
2388 698 2494 737 ὕπο·

1426 751 1754 803 μιμνήσκουσα
1788 755 1866 801 τῆς
1903 752 1977 792 ἐπὶ
2003 753 2059 793 τὰ
2091 755 2202 796 αὐτὰ
2227 759 2494 810 προτροπῆς

1426 811 1495 850 διὰ
1529 815 1616 851 τῶν
1649 811 1754 860 ἑξῆς
1786 812 2124 854 ἐπιδείκνυται
2158 818 2242 856 τῶν
2273 816 2385 856 οὕτω
2424 818 2493 857 λε·

1423 872 1641 925 γομένων·

1480 931 1682 986 Ἄνθρωπος
1703 931 1847 972 πάντων
1869 931 1969 988 ζῴων
1991 933 2050 974 ἐπὶ
2069 934 2201 975 πολλὸν
2232 935 2356 989 γέγονε
2376 934 2494 990 σοφώ-

1424 1007 1548 1037 τατος”
1569 992 1748 1045 θεωρῆσαί
1780 1007 1818 1032 τε
1852 993 1921 1047 γὰρ
1953 993 2098 1039 δυνατός
2129 996 2201 1034 ἐντι
2231 995 2277 1035 τὰ
2309 995 2412 1036 ἐόντα
2432 996 2495 1036 καὶ

1426 1052 1628 1104 ἐπιστάμαν
1651 1051 1711 1091 καὶ
1728 1051 1896 1125 φρόνασιν
1910 1052 2020 1093 λαὸὲν
2038 1054 2077 1093 ἐκ
2091 1057 2160 1094 τῶν
2176 1055 2357 1098 ἁπάντων.
2387 1054 2494 1109 Παρὸ

1425 1112 1484 1151 καὶ
1506 1111 1695 1166 ἐνεχάραξε
1716 1127 1776 1151 και
1805 1113 2059 1164 ἐπεσημήνατο
2087 1113 2127 1153 τὸ
2143 1115 2234 1154 θεῖον
2256 1117 2355 1169 αὐτῷ
2376 1114 2418 1155 τὸ
2441 1117 2495 1155 τῶ

1424 1171 1555 1217 παντὸς
1586 1172 1680 1223 λόγω
1701 1171 1889 1225 σύσταμα,
1921 1175 1956 1213 ἐν
1987 1167 2017 1227 ᾧ
2049 1173 2093 1213 τά
2122 1189 2161 1213 τε
2181 1173 2277 1214 εἴδεα
2295 1175 2415 1218 πάντα
2442 1177 2494 1215 τῶ

1425 1232 1539 1277 ἐόντος
1570 1232 1778 1273 ἐνδέδασται
1808 1233 1870 1272 καὶ
1902 1249 1961 1272 ται
1989 1233 2167 1283 σημασίαι
2194 1236 2265 1274 τῶν
2290 1235 2492 1310 ὀνυμάτων.

1424 1294 1509 1338 Ἱοῖς
1530 1291 1595 1344 μὲν
1620 1291 1689 1366 γὰρ
1708 1292 1887 1365 φθόγγρις
1920 1298 1984 1337 τᾶς
2020 1299 2136 1347 φωνᾶς
2165 1293 2271 1340 τόπος
2295 1294 2494 1349 ἀφώρισται

1425 1349 1559 1403 φαρυγξ
1575 1351 1637 1390 καὶ
1655 1351 1770 1402 στόμα
1786 1352 1847 1390 καὶ
1861 1354 1965 1406 ῥῖνες.
2025 1351 2167 1406 εὨσπερ
2185 1352 2221 1393 δὲ
2234 1356 2304 1393 τῶν
2317 1355 2493 1409 φθόγγων,

1425 1411 1468 1449 δι’
1484 1415 1533 1450 ὡν
1554 1409 1599 1450 τὰ
1626 1410 1788 1462 ὀνόματά
1814 1427 1852 1450 τε
1873 1428 1934 1451 και
1970 1412 2115 1467 ῥήματα
2135 1413 2339 1466 τυπούμενα
2344 1415 2493 1486 ησημαί·

1425 1487 1551 1519 νεται,
1574 1470 1716 1524 γέγονεν
1740 1470 1924 1525 ἄνθρωπος
1944 1472 2111 1526 ὄργανοψ
2134 1473 2227 1512 οὕτω
2243 1473 2304 1514 καὶ
2320 1490 2390 1514 των
2408 1490 2493 1516 νοα
2517 1495 2520 1499 ’

1428 1532 1551 1582 μάτων
1583 1533 1620 1571 ἐν
1650 1538 1722 1576 τοῖς
1752 1530 1910 1571 ἐόντεσσι
1941 1532 2184 1583 ὀπτιζομένοις
2221 1534 2357 1588 θεαρός.
2418 1534 2492 1576 Καὶ

1424 1596 1527 1631 τοῦτο
1548 1593 1643 1632 δοκεῖ
1664 1607 1724 1643 μοι
1745 1608 1861 1643 ημεν,
1883 1592 1962 1631 ποθ’
1988 1592 2075 1646 ὅπερ
2095 1608 2157 1632 και
2177 1592 2295 1645 γέγονε
2315 1595 2377 1634 καὶ
2397 1596 2492 1635 cuvi-

1426 1669 1492 1692 στα
1513 1655 1530 1691 ὁ
1552 1652 1752 1705 ἄνθρωπος,
1775 1667 1837 1693 και
1865 1650 2000 1706 ὄργανά
2020 1668 2059 1692 τε
2082 1651 2144 1692 καὶ
2172 1652 2339 1706 δυνάμεις
2366 1653 2492 1711 εἴλαφε

1423 1711 1522 1766 παρὰ
1546 1714 1596 1751 τῶ
1612 1714 1694 1753 θεῶ.

1479 1775 1501 1825 §
1525 1787 1556 1812 3.
1581 1768 1711 1825 Γέγονε
1737 1788 1799 1811 και
1819 1771 1971 1812 συνέστα
1991 1775 2010 1811 ὃ
2031 1772 2213 1842 ἄνθρωπος
2231 1772 2340 1816 ποττὸ
2357 1777 2492 1843 θεωρῆ-

1423 1844 1484 1866 σαι
1505 1827 1564 1866 τὸν
1555 1826 1680 1910 ωλόγον
1699 1834 1762 1871 τᾶς
1775 1828 1824 1865 τῶ
1838 1826 1908 1866 ὅλω
1927 1826 2067 1880 φύσιος,
2083 1843 2142 1866 και
2156 1833 2219 1872 τᾶς
2233 1826 2375 1881 σοφίας·
2391 1828 2491 1882 ἔργον

1421 1891 1470 1927 ὠν
1486 1889 1580 1940 αὐτῶ
1594 1890 1776 1926 εικτᾶσθαι
1789 1902 1850 1926 και
1864 1886 1989 1941 θεωρὲν
2003 1886 2066 1925 τὰν
2082 1903 2151 1926 των
2167 1886 2291 1926 ἐόντων
2309 1887 2491 1942 φρόνασιν.

1480 1946 1490 2001 (
1506 1947 1657 1999 Scripsi
1677 1950 1694 1969 ³¹
1727 1947 1827 2000 ἔργον
1864 1939 1913 1985 ὦν
1957 1947 2073 2001 αὖτῷ;
2116 1947 2232 1987 codd.
2274 1940 2324 1987 ὧν
2374 1948 2489 2002 ἔργον.

1431 2007 1490 2045 cf.
1524 2006 1746 2045 Perictione
1784 2006 1888 2059 apud
1919 2006 2116 2046 Stobaeum
2153 2007 2288 2049 Floril.
2322 2007 2352 2057 Ι,
2390 2007 2486 2063 62.)

1421 2147 1510 2180 ciens
1521 2172 1529 2186 ,
1544 2147 1666 2179 interni
1691 2146 1785 2188 quasi
1799 2146 1886 2179 oculi
1906 2146 2137 2188 facultatisque
2153 2147 2276 2189 optima
2291 2149 2363 2180 tum
2378 2147 2491 2181 viden-

1421 2206 1453 2238 di
1470 2208 1540 2239 tum
1563 2205 1768 2248 perpetrandi
1790 2205 1896 2238 vicem
1914 2205 2078 2239 obtinens.
2124 2208 2226 2239 Porro
2237 2206 2287 2239 sol
2308 2208 2358 2240 est
2375 2206 2499 2255 oculus.

1421 2267 1454 2299 et
1477 2266 1587 2298 anima
1604 2275 1714 2298 rerum
1737 2266 1943 2298 creatarum:
1963 2273 2002 2299 eo
2021 2265 2108 2297 enim
2128 2267 2306 2298 cernuntur
2329 2269 2446 2299 cuncta
2459 2269 2492 2300 et

1422 2325 1598 2366 gignuntur
1612 2325 1714 2366 atque
1730 2323 1969 2365 intelliguntur,
1988 2322 2153 2356 radicibus
2181 2323 2308 2358 firmata
2330 2326 2363 2358 et
2384 2326 2492 2367 genita

1421 2385 1623 2425 nutriuntur,
1640 2386 1794 2417 crescunt
1807 2382 2006 2425 redditisque
2025 2383 2174 2416 sensibus
2194 2383 2385 2419 excitantur.

1464 2446 1484 2487 ς
1509 2450 1539 2478 2.
1562 2447 1608 2478 Ea
1624 2447 1734 2477 autem
1752 2444 1953 2484 cohortatio,
1973 2452 2048 2486 quae
2061 2443 2102 2476 ab
2122 2443 2266 2478 hominis
2282 2446 2399 2478 natura
2415 2454 2491 2487 pro·

1423 2505 1508 2538 fecta
1525 2503 1611 2536 idem
1631 2504 1760 2544 monet,
1782 2502 1890 2536 verbis
1903 2511 1979 2545 quae
1995 2501 2148 2544 deinceps
2161 2502 2312 2544 leguntur
2323 2502 2369 2536 ita
2381 2504 2492 2547 expri-

1425 2565 1525 2598 mitur
1543 2574 1551 2597 :

1467 2628 1575 2658 Homo
1594 2624 1742 2658 onmium
1771 2623 1964 2657 animalium
1991 2623 2084 2665 longe
2107 2625 2158 2657 est
2187 2623 2461 2665 sapientissimum
2481 2638 2489 2656 ι

1425 2685 1636 2727 contemplari
1657 2684 1743 2717 enim
1764 2685 1871 2726 potest
1888 2692 1964 2716 vera
1985 2685 2018 2716 et
2034 2683 2200 2716 scientiam
2219 2682 2491 2727 prudentiamque

1423 2755 1465 2778 ex
1482 2744 1635 2778 omnibus
1651 2743 1816 2785 consequi.
1862 2744 2067 2785 Quapropter
2082 2742 2180 2776 etiam
2210 2751 2333 2784 numen
2360 2742 2396 2777 in
2421 2743 2492 2786 eius

1425 2805 1534 2838 animo
1555 2804 1726 2846 insculpsit
1746 2805 1779 2837 et
1797 2803 1961 2845 impressit
1981 2802 2089 2836 omnis
2105 2803 2266 2836 sermonis
2285 2802 2412 2846 copiam
2425 2827 2436 2843 .
2457 2802 2491 2837 in

1424 2875 1491 2908 qua
1507 2868 1540 2899 et
1555 2868 1684 2899 cunctae
1701 2873 1812 2898 rerum
1838 2865 1952 2897 formae
1976 2866 2010 2897 et
2041 2864 2215 2897 verborum
2242 2863 2491 2906 significationes

1424 2926 1600 2969 dispertitae
1617 2925 1704 2959 sunt.
1749 2918 1828 2959 ¹Soni
1848 2924 1934 2958 enim
1955 2923 2045 2957 vocis
2062 2924 2152 2957 locos
2171 2923 2348 2957 attributos
2366 2922 2475 2957 baben

1424 2989 1550 3028 guttur,
1575 2995 1613 3019 os
1650 2987 1683 3020 et
1713 2994 1820 3019 nares.
1865 2984 2150 3024 Quemadmodum
2171 2985 2282 3017 autem
2312 2991 2490 3024 sonorum,

1424 3047 1546 3089 quibus
1560 3045 1691 3080 nomina
1701 3046 1735 3079 et
1745 3045 1843 3079 verba
1858 3045 2029 3078 informata
2045 3043 2281 3085 significantur,
2293 3043 2490 3078 instrumen—

1426 3110 1494 3139 tum
1520 3106 1619 3139 homo
1639 3108 1716 3140 est.
1733 3105 1778 3139 ita
1796 3104 1893 3138 etiam
1914 3104 2087 3137 notionum
2114 3103 2212 3136 rebus
2242 3103 2492 3145 aspectabilibus

1426 3166 1604 3211 inditarum
1637 3164 1868 3198 considerator.
1924 3164 2031 3204 Atque
2063 3162 2126 3195 hoc
2151 3162 2232 3195 illud
2255 3162 2334 3196 mihi
2363 3162 2491 3196 videtur

1424 3236 1512 3267 esse,
1530 3225 1571 3258 ad
1583 3225 1671 3268 quod
1688 3233 1763 3257 cum
1776 3228 1873 3257 natus
1886 3223 2054 3264 factusque
2075 3223 2173 3255 homo
2189 3225 2258 3263 est,
2275 3223 2349 3256 tum
2364 3221 2491 3256 instra·-

1425 3288 1534 3319 menta
1552 3289 1585 3319 et
1600 3285 1770 3318 facultates
1787 3292 1807 3316 a
1827 3283 1888 3316 deo
1908 3283 2046 3324 accepit.

1465 3345 1486 3389 ἕ
1507 3349 1538 3380 3.
1563 3346 1662 3379 Ortus
1675 3343 1938 3387 compositusque
1956 3345 2005 3375 est
2025 3342 2122 3375 homo
2141 3341 2183 3375 ad
2206 3341 2488 3384 contemplandam

1426 3415 1534 3440 rerum
1552 3407 1677 3438 naturae
1693 3407 1725 3437 et
1751 3402 1921 3445 sapientiae
1949 3402 2106 3435 rationem
2133 3411 2141 3435 ε
2165 3401 2319 3443 quocirca
2335 3401 2405 3443 eius
2420 3400 2490 3434 offi-

1425 3468 1512 3500 cinm
1528 3470 1577 3500 est
1591 3473 1779 3508 comparare
1793 3465 1825 3498 et
1842 3463 2052 3505 contemplari
2071 3472 2180 3497 rerum
2199 3472 2274 3506 quoe
2291 3465 2421 3497 exstant
2437 3471 2489 3496 sa·

1426 3527 1592 3569 pientiam.
