2612 3814
1018 240 1088 280 DE
1117 241 1442 282 EMPEDOCLE.

2258 257 2324 293 xit

158 332 266 381 ginta
279 329 656 370 millibusannorum
668 329 898 369 absolvitur.
913 330 1239 380 Dubitatumest1
1271 332 1402 371 rodoti
1429 333 1579 372 dictum
1611 334 1662 373 ad
1694 334 1963 386 Pythagoram
1994 341 2033 376 et
2063 337 2328 388 Pherecydem

155 406 180 434 a
193 396 286 435 viris
306 396 454 446 doctis,
474 406 570 434 num
586 394 842 445 Empedocles
861 392 955 447 ὥρας
974 398 1122 435 vocarit
1133 396 1211 435 diei

1271 398 1465 446 pertinere
1484 399 1562 444 ait,
1580 398 1765 437 Brinkius
1781 399 1832 438 ad
1849 400 2123 450 Empedoclem
2140 402 2329 453 aequalem

154 458 292 507 horas,
315 470 364 499 an
385 470 560 510 menses,
575 470 628 498 an
644 460 739 498 anni
757 463 954 511 tempora,
973 471 1024 499 an
1043 460 1212 510 denique
1272 462 1353 501 fere
1370 462 1527 502 illorum
1545 467 1769 514 temporum
1784 469 1823 503 et
1843 476 1997 504 summa
2017 469 2253 507 auctoritate
2268 471 2331 508 in-

154 535 293 564 annos.
315 524 458 565 Primae
473 526 679 564 sententiae
691 528 827 564 auctor
843 527 992 565 exstitit
1010 525 1213 576 Xylander

153 590 223 639 qui
243 599 378 629 versus
401 600 425 628 a
442 588 657 628 Plutarcho
677 593 857 629 servatos
878 592 934 629 sie
954 592 1071 629 vertit
1088 602 1099 629 z

235 697 314 730 Fata
330 695 464 738 jubent,
479 697 567 729 siant
585 696 656 730 haee
670 695 802 730 decreta
820 697 952 739 antiqua
974 696 1109 731 deorum
1122 722 1132 739 ,

234 749 260 782 si
277 749 355 791 quid
373 748 537 790 peccando
554 749 695 791 longaevi
716 749 884 782 daemones
904 753 1013 782 errant
1030 759 1038 779 :

234 802 372 843 quisque
389 801 451 833 luit
469 810 581 843 poenas
598 801 747 842 coeloque
763 800 903 834 extorris
919 801 960 834 ab
975 802 1042 834 alto

232 853 366 895 triginta
393 853 549 886 horarum
568 862 625 895 per
646 857 747 887 terras
766 853 866 886 millia
886 853 1039 887 oberrat:

234 908 281 940 sic
299 909 331 940 et
353 917 412 948 ego
429 916 515 939 nunc
534 907 603 949 ipse
619 915 718 948 vagor
734 906 892 940 divinitus
907 907 1012 940 exsul.

151 995 402 1046 Quamquam
434 995 519 1035 fieri
539 999 689 1046 potest,
717 999 762 1035 ut
785 995 989 1046 Xylander
1020 994 1137 1033 horas
1166 1006 1212 1034 eo

150 1063 343 1111 acceperit
370 1072 489 1100 sensu
512 1072 591 1111 quo
611 1060 797 1101 Horatius
819 1060 959 1099 Jovem
977 1060 1078 1099 dixit
1093 1061 1212 1100 variis

151 1126 346 1165 mundum
371 1125 480 1164 horis
507 1129 748 1176 temperare,
777 1128 823 1164 ut
842 1126 934 1163 anni
959 1128 1212 1174 tempestates

149 1191 435 1243 intelligantur.
450 1190 628 1230 Sturzius
646 1201 800 1230 menses
813 1201 895 1229 esse
910 1190 1078 1230 credidit
1094 1194 1213 1240 atque

148 1267 305 1295 omnem
335 1256 454 1294 istum
487 1266 697 1294 numerum
724 1254 777 1294 ad
803 1255 968 1306 triginta
1001 1254 1206 1293 hominum

148 1324 281 1359 aetates
298 1319 545 1358 referendum
560 1324 670 1359 ratus
684 1330 811 1359 annos
827 1324 930 1358 2500
949 1321 1208 1369 computavit.

150 1384 229 1424 Sed
253 1385 296 1423 in
315 1384 390 1424 hae
409 1386 585 1436 mysticae
616 1383 874 1435 philosophiae
902 1385 1106 1435 disciplina
1134 1385 1207 1424 hu-

147 1454 273 1488 m'anae
296 1450 382 1488 vitae
401 1450 569 1499 spatium
586 1453 743 1488 centum
760 1459 956 1488 annorum
975 1461 1058 1488 esse
1074 1450 1210 1488 crede-

148 1513 275 1553 batur.
304 1514 418 1553 Plato
437 1513 486 1553 de
506 1526 588 1564 rep.
617 1514 668 1563 X,
696 1526 736 1565 p.
767 1521 843 1554 615
877 1527 886 1554 :

147 1577 248 1625 δίκην
269 1578 456 1617 δεδωκέναι
470 1580 505 1618 ἐν
523 1578 644 1632 μέρει,
661 1577 749 1634 ὑπὲρ
763 1578 914 1618 ἑκάστου
936 1578 1090 1624 δεκάκις.
1109 1584 1210 1620 τοῦτο

925 1514 1013 1567 ὑπὲρ
1041 1513 1208 1554 ἁπάντων

147 1642 184 1682 δὲ
205 1637 292 1683 εἶναι
312 1643 406 1684 κατὰ
429 1644 750 1699 ἑκατονταετηρίδα
778 1645 955 1694 ἑκάστην,
978 1647 1026 1690 ὡς
1049 1646 1125 1698 βίου
1145 1646 1210 1685 ὅν-

146 1723 204 1752 τος
224 1708 391 1748 τοσούτου
408 1712 471 1748 τοῦ
493 1709 727 1764 ἀνθρωπίνου.
751 1712 805 1749 At
824 1711 900 1750 diei
914 1711 1021 1750 horae
1040 1716 1079 1750 et
1099 1723 1206 1751 men·

146 1785 208 1813 ses
234 1786 316 1813 non
343 1776 471 1825 magis
498 1775 574 1814 hoc
596 1775 681 1815 loeo
710 1775 808 1814 mihi
829 1776 1060 1825 probantur,
1088 1787 1207 1826 quam

145 1840 239 1877 anni
266 1843 517 1888 tempestates
545 1851 647 1889 quas
667 1841 854 1878 acerrime
875 1840 1049 1879 defendit
1076 1841 1125 1880 R.
1161 1841 1205 1881 C.

144 1904 369 1944 Bakhuizen
387 1916 465 1944 van
481 1905 557 1944 den
571 1906 692 1945 Brink
707 1907 748 1945 in
763 1906 890 1946 Variis
910 1907 1142 1946 lectionibus
1158 1919 1208 1946 ex

145 1968 310 2010 historia
339 1969 595 2020 philosophiae
620 1971 794 2021 antiquae
813 1982 850 2021 p.
881 1976 925 2010 31
961 1983 1044 2022 seq.
1066 1973 1207 2010 miram

143 2035 245 2072 inter
267 2033 397 2072 locum
414 2033 717 2083 Empedocleum
733 2038 772 2073 et
792 2034 982 2074 Herodoti
998 2036 1116 2075 verba
1134 2036 1204 2075 lib.

146 2099 199 2148 ll,
233 2104 308 2138 123
341 2098 640 2138 similitudinem
666 2101 860 2139 invenisse
892 2100 966 2139 sibi
994 2102 1113 2139 visus.
1147 2101 1206 2140 lbi

144 2165 253 2202 enim
284 2162 457 2202 historiae
479 2167 591 2213 pater
614 2163 698 2203 haec
725 2164 855 2214 prodit
878 2176 888 2203 ι
916 2165 1050 2216 πρῶτοι
1083 2163 1119 2202 δὲ
1145 2164 1205 2203 καὶ

143 2227 242 2267 τόνδε
262 2227 320 2266 τὸν
340 2227 442 2280 λόγον
463 2227 654 2280 Αἰγύπτιοί
677 2229 746 2268 εἶσι
762 2230 793 2268 οἱ
816 2228 994 2278 εἰπόντες,
1011 2231 1058 2274 ὡς
1072 2229 1206 2282 ἀνθρώ-

143 2307 211 2331 που
233 2293 331 2346 ψυχὴ
347 2290 519 2336 ἀθάνατός
535 2293 610 2331 ἐστι
625 2321 636 2344 ,
658 2295 719 2332 τοῦ
737 2291 902 2344 σώματος
922 2292 957 2333 δὲ
972 2294 1205 2348 καταφθίνον-

141 2371 200 2400 τος
226 2357 260 2400 ἐς
302 2356 390 2395 ἄλλο
417 2356 505 2408 ζῷον
532 2356 601 2396 αἰεὶ
624 2355 807 2410 γινόμενον
837 2357 1018 2406 ἐσδύεται,
1039 2358 1146 2398 ε’πεὰν
1168 2359 1203 2399 δὲ

143 2419 311 2474 περιέλθῃ
333 2419 453 2459 πάντα.
482 2419 527 2459 τὰ
547 2426 699 2473 χερσαῖα
723 2420 784 2460 καὶ
816 2420 862 2460 τὰ
882 2422 1059 2461 θαλάσσια
1078 2422 1139 2461 καὶ
1160 2422 1205 2461 τὰ

142 2483 304 2532 πετεινά,
327 2478 424 2528 αὖτις
444 2485 478 2528 ἐς
500 2483 684 2537 ἀνθρώπου
700 2487 804 2535 σῶμα
825 2485 1007 2537 γινόμενον
1028 2487 1203 2526 ἐσδύνειν·

142 2547 207 2596 τὴν
228 2547 437 2601 περιήλυσιν
453 2547 489 2586 δὲ
512 2550 600 2601 αὐτῇ
617 2548 773 2601 γίνεσθαι
790 2551 825 2588 ἐν
846 2550 1075 2602 τρισχιλίοισι
1096 2551 1202 2590 ἔτεσι·

140 2611 255 2665 τούτῳ
282 2613 331 2664 τῷ
358 2613 453 2664 λόγῳ
477 2611 544 2651 εἶσὶ
565 2612 598 2651 οἳ
624 2611 808 2659 Ἑλλήνων
831 2613 1051 2667 ἐχρήσαντο,
1075 2617 1107 2654 οἱ
1140 2615 1203 2667 μὲν

140 2675 310 2728 πρότερον
325 2706 335 2724 ,
359 2677 390 2714 οἱ
412 2675 448 2714 δὲ
483 2674 649 2730 ὕστερον,
676 2678 721 2722 ὡς
738 2675 816 2730 ἰδίῳ
842 2679 979 2716 ἑωυτῶν
1003 2678 1112 2718 ἐόντι·
1134 2682 1203 2718 τῶν

140 2740 210 2792 ἐγὼ
232 2740 332 2785 εἰδὼς
359 2740 403 2779 τὰ
437 2740 617 2791 οὐνόματα
652 2742 691 2781 οὐ
720 2742 858 2795 γράφω.
884 2744 1080 2793 Quaeritur
1105 2758 1204 2796 quos

141 2808 388 2856 potissimum
403 2809 638 2857 spectaverit
657 2808 882 2848 Herodotus
898 2811 964 2859 qui
983 2812 1204 2850 animorum

142 2873 418 2922 migrationem
457 2872 507 2911 ab
543 2872 740 2924 AEgyptiis
774 2879 975 2924 acceptam
1013 2880 1203 2926 tanquam

142 2948 255 2977 suam
276 2938 496 2977 doctrinam
521 2938 684 2989 professi
705 2940 796 2978 sint.
818 2940 1102 2992 Wesselingius
1118 2941 1203 2981 He-

139 3121 214 3162 φησὶ
238 3121 270 3153 δὲ
287 3122 340 3153 καὶ
354 3122 372 3154 ὁ
390 3121 604 3163 Ἐμπεδοκλῆς
616 3125 679 3155 τῶν
695 3127 802 3165 σοφῶν
823 3124 877 3161 τὰς
895 3124 998 3166 ψυχὰς
1015 3125 1102 3161 θεοὺς
1118 3124 1200 3164 γίνε-

139 3169 233 3209 σθαι,
256 3169 316 3201 ὧδέ
339 3181 406 3207 πως
426 3169 567 3212 γράφων·

222 3240 266 3276 εἷς
282 3240 313 3271 δὲ
330 3240 417 3277 τέλος
435 3239 558 3281 μάντεις
576 3251 609 3272 τε
623 3238 674 3272 καί
691 3240 862 3282 ὑμνοπόλοι
876 3242 929 3273 καὶ
946 3242 1045 3282 ἰητροὶ

224 3290 278 3320 καὶ
292 3288 408 3330 πρόμοι
424 3289 633 3330 ἀνθρώποισιν
646 3289 851 3330 ἑπιχῡονίοισι
865 3290 1026 3322 πέλονται·

226 3336 308 3369 ἔνθεν
322 3337 556 3370 ἀναὸλαστοῦσι
572 3338 635 3369 θεοὶ
651 3339 760 3377 τιμῇσι
781 3338 931 3379 φέριστοι.
952 3343 954 3345 “

141 3399 188 3432 ld.
206 3402 325 3433 Strom.
347 3401 404 3434 lib.
426 3403 468 3440 V,
491 3411 521 3443 p.
541 3404 600 3434 607
621 3404 669 3434 B·
661 3410 668 3416 ·
691 3401 728 3440 ἢν
747 3401 779 3433 δὲ
803 3402 899 3440 ὁσίως
912 3404 966 3435 καὶ
982 3403 1111 3440 δικαίως
1131 3406 1199 3436 δια-

140 3447 321 3488 erasmum»,
338 3448 486 3491 μακάριοι
498 3450 552 3492 μὲν
564 3451 718 3490 ἐνταῦθα,
737 3452 969 3494 μακαριώτεροι
989 3453 1021 3485 δὲ
1042 3463 1078 3493 με
1065 3453 1119 3484 ετὰ
1144 3453 1199 3491 τὴν

141 3494 258 3528 ἐνθένδε
282 3497 465 3539 ἀπαλλαγὴν
485 3498 641 3539 ἐσόμεθα,
667 3500 705 3533 οὐ
727 3499 831 3543 χρόνῳ
847 3501 905 3532 τινὶ
925 3501 980 3539 τήν
1002 3499 1199 3541 ευδαιμονίαν

141 3542 265 3585 ὶχοντες
279 3567 288 3584 ,
311 3546 389 3578 ἀλλὰ
402 3547 433 3578 ἐν
446 3546 537 3579 αἰῶνι
554 3547 769 3581 ἀναπαύεσθαι
781 3547 957 3591 δυνάμενοι·

1272 530 1438 578 signem.
1459 528 1545 577 Qua
1569 531 1654 580 ipsa
1679 532 1915 570 auctoritate
1940 531 2168 571 historicum
2188 545 2211 572 a
2234 546 2333 584 pro-

1272 593 1434 633 ferendo
1481 594 1731 646 Agrigentini
1764 598 1866 636 vatis
1910 598 2071 636 nomine
2103 598 2333 639 deterritum

1273 669 1357 697 esse
1373 661 1543 710 conjicit.
1555 660 1694 710 Neque
1711 665 1771 700 est
1781 661 1889 711 quod
1905 666 2125 712 temporum
2142 664 2333 702 rationem

1273 722 1364 762 huic
1382 725 1592 774 suspicioni
1612 724 1771 764 obstare
1799 724 1918 765 dieas.
1956 742 1973 760 «
1998 726 2091 765 Sive
2120 728 2226 767 enim
2256 732 2335 767 sta-

1272 792 1381 836 tuas,
1410 790 1558 840 inquit,
1582 789 1666 830 haee
1689 792 1774 840 jam
1794 794 1879 829 tum
1907 790 1956 829 ab
1987 791 2189 831 Herodoto
2213 792 2334 832 fuisse

1271 857 1438 905 scripta,
1458 867 1583 905 quum
1601 857 1641 894 in
1667 867 1812 907 magno
1840 855 1999 895 Graeeiae
2027 868 2213 897 consessu
2242 870 2335 898 suas

1271 923 1452 960 recitaret
1471 921 1677 971 historias,
1700 922 1835 961 eadem
1863 922 2050 974 Olympia
2066 923 2129 962 vel
2150 927 2330 964 nostrum

1271 987 1550 1037 Empedoclem
1576 987 1639 1026 vel
1659 987 1777 1038 hujus
1802 989 2078 1038 cognominem
2104 999 2226 1028 avum
2247 989 2335 1029 olea

1271 1054 1442 1092 silvestri
1473 1057 1702 1092 coronatum
1733 1053 1909 1101 viderat3
1942 1058 2122 1093 nostrum
2157 1058 2263 1093 certe
2291 1065 2335 1094 o-

1271 1119 1426 1157 mnium
1443 1117 1669 1157 Graecorum
1683 1129 1750 1156 ore
1769 1118 2010 1157 celebratum
2026 1124 2186 1169 propter
2199 1121 2334 1173 καθαρ·

1275 1182 1361 1234 μούς
1381 1183 1519 1223 eodem
1540 1183 1626 1222 loco
1648 1183 1877 1222 decantatos
1897 1181 1948 1237 (ι)
1972 1197 1981 1221 :
2003 1186 2086 1223 sive
2107 1185 2223 1224 malis
2253 1185 2336 1225 haec

1271 1255 1358 1289 tum
1383 1250 1544 1289 demum
1574 1249 1624 1288 ab
1662 1249 1864 1288 Herodoto
1899 1250 2037 1289 addita
2063 1262 2146 1289 esse
2159 1280 2170 1299 ‚
2210 1262 2333 1301 quum

1270 1315 1439 1355 Thurios
1474 1314 1670 1366 profectus
1701 1316 1847 1366 scripta
1883 1326 1955 1354 sua
2002 1316 2186 1354 secundis
2228 1318 2333 1356 curis

1271 1385 1521 1429 retractaret,
1539 1380 1645 1420 haud
1664 1381 1759 1420 levis
1779 1392 1874 1420 sane
1896 1392 2015 1421 causa
2037 1386 2141 1431 erat,
2160 1393 2231 1421 cur
2249 1393 2333 1421 mo-

1272 1448 1380 1486 deste
1411 1447 1636 1497 loqueretur
1655 1447 1705 1486 de
1725 1448 1885 1486 homine
1904 1459 1973 1499 per
1998 1458 2156 1487 omnem
2177 1447 2334 1487 Italiam

1271 1513 1520 1563 Siciliamque
1540 1514 1688 1565 nobili,
1711 1516 1779 1565 qui
1798 1517 1838 1553 et
1856 1515 1939 1565 ipse
1960 1514 2206 1564 aliquamdiu
2226 1515 2334 1554 Thu-

1271 1581 1338 1618 riis
1355 1583 1623 1618 commoratus
1644 1576 1694 1631 (2)
1718 1583 1806 1629 post
1825 1584 1991 1618 mortem
2011 1590 2169 1630 quoque
2191 1581 2333 1619 statuis

1270 1656 1293 1683 a
1316 1644 1467 1683 civibus
1487 1646 1568 1683 suis
1597 1643 1866 1694 Agrigentinis
1892 1644 2173 1686 honorabatur.
2201 1658 2221 1682 »

1325 1711 1417 1750 Haee
1437 1710 1649 1761 Brinkius‚
1672 1712 1742 1760 qui
1769 1711 1886 1749 simul
1920 1713 2190 1762 conjecturam
2220 1722 2332 1750 suam

1269 1777 1444 1816 Platonis
1460 1776 1593 1826 aliquo
1610 1777 1836 1814 testimonio
1850 1775 2009 1815 firmare
2021 1780 2162 1815 tentat.
2180 1776 2333 1854 Quippe

1268 1841 1382 1880 Plato
1403 1842 1444 1878 in
1461 1839 1627 1879 Phaedro
1656 1851 1696 1890 p.
1717 1845 1794 1879 248
1822 1844 1922 1879 extr.
1946 1841 2035 1879 ait:
2054 1841 2103 1883 εἷς
2124 1838 2188 1890 μὲν
2208 1839 2276 1892 γὰρ
2293 1839 2332 1877 τὸ

1271 1903 1377 1951 αὐτό,
1400 1903 1477 1942 ὅθεν
1495 1903 1574 1950 ἥκει
1592 1905 1614 1950 ἡ
1638 1902 1736 1956 ψυχὴ
1761 1901 1916 1950 ἑκάστη,
1937 1905 1998 1942 οὐκ
2021 1907 2219 1957 ἀφικνεῖται
2244 1905 2331 1942 ε’των

1271 1967 1423 2021 μυρίων·
1442 1968 1481 2006 οὗ
1501 1966 1569 2020 γὰρ
1590 1971 1778 2019 πτεροῦται
1794 1966 1863 2021 πρὸ
1883 1967 2049 2006 τοσούτου
2066 1967 2217 2021 χρόνου,
2237 1967 2331 2015 πλὴν

1268 2034 1290 2078 ἡ
1307 2035 1364 2070 τοῦ
1377 2030 1678 2084 φιλοσοφήσαντος
1693 2030 1825 2075 ἀδόλως
1838 2030 1860 2078 ἢ
1877 2030 2227 2084 παιδεραστήσαντος
2242 2031 2333 2082 μετὰ

1269 2095 1495 2149 φιλοσοφίας·
1521 2088 1627 2133 αὗται
1653 2093 1689 2132 δὲ
1710 2093 1810 2147 τρίτῃ
1835 2095 1987 2149 περιόδῳ
2007 2098 2052 2148 τῇ
2076 2097 2248 2149 χιλιετεῖ,
2271 2095 2331 2134 ἐὰν

1268 2159 1420 2199 ἕλωνται
1451 2159 1525 2213 τρὶς
1551 2158 1677 2213 ἐφεξῆς
1708 2158 1770 2198 τὸν
1805 2158 1878 2212 βίον
1901 2161 2332 2214 τοῦτον-τρισχιλιοστῷ

1268 2225 1337 2264 ἔτει
1361 2223 1594 2278 ἀπέρχονται.
1620 2225 1661 2265 Si
1679 2228 1782 2264 enim
1806 2227 1915 2276 illas,
1939 2237 2108 2276 quarum
2135 2226 2331 2276 Empedo-

1267 2292 1346 2330 cles
1378 2292 1584 2342 meminit,
1618 2288 1831 2343 τρισμυρίας
1863 2288 1967 2342 ὥρας’
1988 2291 2145 2341 propria
2173 2293 2330 2329 notione

1267 2358 1536 2408 intelligamus
1554 2358 1650 2396 anni
1670 2357 1961 2396 vicissitudines
1975 2386 1986 2407 ‚
2012 2368 2181 2407 quarum
2198 2359 2332 2407 singu-

1267 2422 1315 2461 lis
1331 2423 1446 2461 annis
1466 2426 1600 2461 ternas
1621 2419 1816 2460 contineri
1837 2423 2091 2460 vetustissimi
2116 2421 2241 2461 Graeci
2260 2424 2329 2472 qui

1267 2486 1363 2539 θέρος
1379 2492 1417 2526 et
1433 2486 1577 2540 ὀπώραν
1595 2499 1677 2526 11011
1694 2487 1968 2526 discernebant
1986 2487 2064 2538 (3),
2080 2492 2329 2534 censuerunt,

1266 2552 1398 2591 decem
1416 2564 1609 2591 annorum
1626 2552 1748 2591 millia
1766 2552 1868 2591 effici
1881 2552 2100 2592 videamus.
2118 2553 2238 2603 Atqui
2256 2553 2330 2592 hoc

1266 2629 1357 2657 cum
1375 2617 1538 2657 Platone
1557 2619 1761 2669 convenit,
1785 2629 1867 2656 non
1886 2619 1981 2657 item
2001 2629 2093 2657 cum
2112 2618 2327 2658 Herodoto.

1266 2683 1530 2731 Quamobrem
1553 2682 1662 2722 nulla
1681 2686 1739 2721 est
1758 2683 1859 2721 ratio
1872 2712 1883 2730 ‚
1900 2693 1969 2722 cur
1986 2682 2263 2733 Empedoclem
2280 2682 2331 2722 ab

1266 2747 1467 2786 Herodoto
1486 2746 1749 2798 significatum
1772 2758 1931 2786 censeas
1944 2776 1955 2795 ,
1973 2749 2188 2798 praesertim
2205 2759 2329 2798 quum

1266 2814 1419 2862 priores
1446 2816 1486 2851 et
1516 2813 1747 2863 posteriores
1773 2813 1997 2851 animorum
2022 2813 2330 2852 immortalitatis

1266 2881 1306 2915 et
1327 2879 1572 2928 migrationis
1592 2877 1767 2916 vindices
1787 2877 2025 2928 distinguat,
2043 2879 2112 2927 qui
2126 2877 2222 2916 mihi
2239 2889 2328 2917 cum

1268 2942 1528 2992 Wesselingio
1549 2941 1795 2993 Pherecydes
1807 2972 1817 2989 ,
1835 2942 2081 2993 Pythagoras
2098 2947 2136 2981 et
2159 2944 2328 2992 quicun-

1347 3125 1512 3163 ἆθανάτοις
1526 3126 1665 3159 ἄλλοισιν
1682 3127 1835 3168 ὁμέστιοι,
1854 3125 1885 3158 ἔν
1901 3137 1935 3158 τε
1950 3125 2118 3168 τραπέζαις
2136 3126 2227 3167 (vss.
2247 3128 2325 3157 400-

1347 3175 1443 3212 εῠνιες
1457 3174 1605 3217 ἀνδρείων
1620 3175 1725 3217 ἀχέων
1736 3199 1745 3215 ‚
1767 3173 1921 3216 ᾰπὸκηροι
1933 3199 1941 3215 ,
1957 3175 2098 3216 ἀτειρεῖς,
2229 3172 2299 3215 [461
2315 3175 2326 3212 )

1263 3264 1304 3300 ὡς
1328 3264 1348 3301 ἡ
1368 3262 1534 3305 φιλόσοφος
1557 3263 1807 3304 Ἐμπεδοκλέους
1825 3263 1906 3304 λέγει
1920 3263 2082 3302 ποιητική.

1308 3310 1336 3351 1)
1363 3311 1415 3343 Cf.
1442 3311 1534 3353 Diog.
1568 3313 1676 3345 Laert.
1706 3313 1777 3351 vll,
1797 3316 1849 3344 66.
1879 3311 2092 3344 Dicaearchus
2119 3311 2207 3353 apud
2234 3311 2326 3344 Athe-

1263 3368 1372 3391 naeum
1390 3361 1480 3400 XIV,
1499 3370 1530 3401 p.
1548 3365 1625 3393 620.

1305 3406 1336 3447 2)
1360 3407 1452 3448 Diog.
1475 3409 1578 3440 baert.
1601 3409 1693 3446 VIII,
1710 3412 1760 3440 52.
1783 3406 1824 3438 cf.
1843 3408 1993 3440 Karsten.
2019 3405 2155 3448 Emped.
2173 3415 2203 3445 p.
2225 3406 2278 3436 45.

1305 3455 1338 3494 3)
1357 3454 1431 3487 Vid.
1454 3455 1556 3488 Ideler
1579 3454 1776 3488 Handbuclz
1799 3453 1862 3487 der
1883 3454 1994 3488 math.
2015 3463 2052 3488 u.
2073 3453 2188 3488 ιρι-[ιιι.
2215 3450 2322 3484 Chro-

1262 3502 1333 3536 nol.
1353 3504 1392 3536 T.
1418 3506 1446 3544 1,
1463 3512 1495 3545 p.
1516 3505 1664 3536 240-251.
