2612 3814
621 313 688 374 B.
757 308 1092 370 ΦΥΣΙΚΑ
1156 305 1920 368 ΑΠΟΣΠΑΣΜΑΤΙΑ.

864 514 1307 574 FRAGMENTA
1351 510 1692 572 PHYSICA.

222 729 249 757 1.
270 713 490 766 Δημόκριτος
506 712 543 752 δὲ
563 712 615 750 ὅτι
634 710 697 760 μὲν
724 712 860 763 ἀναιρεῖ
886 710 932 749 τὰ
954 710 1150 763 φαινόμενα
1171 714 1246 752 ταῖς

275 772 457 820 αἰσθήσεσι
470 801 482 823 ,
502 770 563 810 καὶ
577 769 707 808 τούτων
723 768 817 820 λέγει
832 769 940 820 μηδὲν
958 768 1141 822 φαίνεσθαι
1156 770 1248 806 κατὰ

276 830 464 879 ἀλήθειαν,
487 828 577 868 ἀλλὰ
603 827 706 880 μόνον
738 827 831 866 κατὰ
863 827 982 872 δόξαν·
999 826 1124 874 ἀληθὲς
1159 825 1247 864 δὲέν

263 893 346 934 *τοῖς
366 884 462 928 οῧσιν
495 887 668 940 ὑπάρχειν
688 886 728 926 τὸ
757 887 906 937 ἀτόμους
928 879 1018 926 εἶναι
1046 885 1107 924 καὶ
1135 884 1247 924 κενόν.

278 949 408 1001 Νόμῳ
427 947 523 1000 γάρ,
540 945 650 1000 φησί,
669 944 1055 996 γλυκύ,καὶνόμῳ
1071 942 1247 995 πικρόν,

276 1009 399 1061 νόμῳ
420 1006 607 1060 θερμόν,
627 1005 744 1059 νόμῳ
760 1000 1249 1058 ψυχρόν,νόμῳχροιή·

277 1070 381 1120 ἐτεῇ
402 1065 446 1105 δὲ
467 1066 617 1116 ἄτομα
636 1063 714 1102 καὶ
746 1063 888 1102 κενόν.
918 1060 1051 1114 “Aut-:p
1069 1060 1251 1111 νομίζε-

275 1143 343 1165 ται
368 1125 442 1178 μὲν
459 1117 569 1163 εἶναι
588 1123 661 1163 καὶ
691 1121 936 1167 δοξάζεται
960 1122 1013 1159 τὰ
1037 1119 1249 1167 αἰσθητά,

275 1187 350 1224 οὐκ
378 1182 535 1223 ἔστιδὲ
567 1180 678 1222 κατὰ
698 1177 922 1228 ἀλήθειαν
952 1178 1252 1219 *canta-‚aniz

277 1243 326 1283 τὰ
365 1243 514 1293 ἄτομα
553 1240 686 1293 μόνον
712 1239 787 1278 καὶ
811 1239 954 1279 κενόν.
1014 1236 1144 1277 Ἐν’δὲ
1183 1240 1253 1282 τοῖς

279 1299 554 1354 Κρατυντηρίοις
571 1298 700 1351 καίπερ
715 1297 957 1350 ὑπεσχημένος
974 1302 1049 1340 ταῖς
1069 1295 1253 1357 αἰσθήσεσι

274 1361 315 1400 τὸ
329 1359 455 1412 κράτος
474 1361 535 1405 τῇς
554 1357 705 1401 πίστεως
728 1358 930 1407 ἀναθεῖναι,
951 1355 1049 1394 οὐδὲν
1069 1358 1173 1402 ἡττον
1194 1357 1251 1393 εὓ-

278 1419 434 1470 ρίσκεται
445 1416 576 1457 τούτων
585 1414 842 1460 καταδικάζων.
874 1414 976 1462 Φησὶ
990 1414 1057 1466 γάρ
1069 1429 1078 1438 ·
1091 1413 1139 1453 Ἥ
1150 1415 1201 1464 με’
1213 1430 1228 1452 ε
1239 1431 1254 1459 ς

276 1477 321 1517 δὲ
368 1480 425 1530 τῷ
472 1475 550 1528 μὲν
590 1475 710 1515 ἐόντι
756 1472 881 1513 οὐδὲν
931 1472 1118 1527 ἀτρεκὲς
1166 1473 1253 1518 Euv-

277 1537 422 1588 ίεμεν,
451 1540 741 1586 μεταπῖπτον
765 1531 810 1572 δὲ
833 1533 948 1572 κατά
972 1549 1020 1571 τε
1041 1532 1254 1583 σώματος

277 1594 503 1646 διαθιγήν,
529 1592 607 1633 καὶ
627 1595 709 1632 τῶν
728 1591 1047 1639 ἐπεισιόντων,
1070 1591 1146 1630 καὶ
1165 1594 1252 1630 τῶν

278 1652 722 1706 ἀντιστηριζόντων.
779 1650 853 1690 Καὶ
882 1650 989 1690 πάλιν
1018 1650 1123 1703 φησί·
1156 1651 1253 1702 ἐτεῇ

279 1713 360 1763 μέν
381 1727 481 1764 νυν,
512 1710 581 1750 ὅτι
603 1705 693 1751 οἶον
725 1708 924 1750 ἕκαστόν
953 1712 1103 1760 ἐστιν,
1129 1708 1152 1757 ἢ
1177 1711 1255 1749 οὔκ

279 1772 416 1821 ἔστιν,
433 1772 481 1810 οὗ
503 1770 734 1819 ξυνίεμεν,
755 1767 962 1821 πολλαχῇ
987 1768 1253 1817 δεδήλωται.

279 1830 344 1870 Ἐν
360 1829 395 1868 δὲ
413 1832 462 1884 τῷ
475 1829 556 1883 περὶ
573 1828 943 1880 ἷδεῶν,γινώσκειν
961 1843 1006 1866 τε
1028 1827 1136 1880 χρή,
1153 1827 1253 1878 φησί,

279 1889 515 1941 ἄνθρωπον
557 1889 669 1942 τῷδε
711 1890 768 1940 τῷ
804 1886 982 1934 κανόνι,
1021 1886 1088 1926 ὅτι
1123 1888 1254 1934 ἐτεῇς

279 1948 588 1996 ἀπήλλακται.
623 1946 691 1986 Καὶ
705 1947 832 1984 πάλιν·
851 1944 1088 1996 Δηλοῖμὲν
1106 1945 1155 1993 δὴ
1179 1945 1256 1984 καὶ

278 2003 407 2053 οὗτος
426 2011 444 2047 ὃ
462 2007 620 2059 λόγος,
637 2005 708 2044 ὅτι
728 2007 827 2059 ἐτεῇ
848 2004 977 2044 οὐδὲν
1002 2004 1133 2056 ἴδμεν
1148 2021 1198 2044 πε
1213 2004 1255 2058 ρὶ

280 2067 487 2110 οὐδενός·
522 2067 613 2105 ἀλλ’
649 2063 918 2118 ἐπιῤῥυσμίῃ
949 2064 1189 2104 ἑκάστοισι
1231 2067 1254 2111 ἡ

281 2126 500 2172 δόξις.Καὶ
515 2123 1133 2173 ἔτι·Καίτοιδῇλονέ“στᾳι,ὅτι
1154 2126 1254 2175 ἐτεῇ

280 2180 367 2225 οἷον
385 2185 593 2231 ἕκαστον,
611 2183 877 2236 γινώσκειν,
893 2185 933 2222 ἐν
956 2182 1112 2237 ἀπόρῳ
1138 2183 1252 2222 ἐστί.

1390 706 1462 747 Καὶ
1481 706 1523 754 δὴ
1539 708 1572 745 ἐν
1589 707 1652 758 μὲν
1672 706 1804 751 τούτοις
1820 712 1937 745 πᾶσαν
1960 705 2084 758 σχεδὸν
2101 707 2189 745 κινεῖ
2201 706 2360 754 κατάλη-

1389 769 1469 820 ψιν,
1489 765 1551 805 καὶ
1573 766 1676 816 μόνον
1696 766 1877 818 ἐξαιρέτως
1895 769 2115 804 καθάπτεται
2137 767 2205 804 τῶν
2235 766 2361 812 αἰσθή-

1391 841 1493 866 σεων.
1551 824 1614 865 Ἐν
1643 824 1680 864 δὲ
1698 827 1769 869 τοῖς
1788 825 1924 864 Κανόσι
1942 824 2001 863 δύο
2031 824 2136 878 φησὶν
2156 817 2244 863 εἶναι
2268 825 2363 876 γνώ-

1391 900 1480 932 σεις,
1500 882 1564 932 τὴν
1587 883 1650 934 μὲν
1670 884 1727 922 διὰ
1745 886 1814 922 τῶν
1837 883 2057 934 αἰσθήσεων,
2076 884 2138 931 τὴν
2156 884 2191 923 δὲ
2224 883 2281 922 διὰ
2301 888 2363 932 τῇς

1391 942 1564 991 διανοίας·
1586 937 1634 981 ὧν
1654 942 1718 990 τὴν
1752 942 1814 994 μὲν
1836 942 1894 982 διὰ
1912 945 1975 990 τῇς
1998 943 2149 986 διανοίας
2177 943 2362 994 γνησίην

1391 1002 1559 1055 κατάγει,
1576 1004 1858 1055 προσμαρτυρῶν
1882 1003 1970 1055 αὐτῇ
1989 1002 2030 1041 τὸ
2049 1002 2172 1041 πιστὸν
2200 1005 2247 1046 εἰς
2275 1004 2364 1050 ἀλη-

1392 1059 1485 1104 θείας
1504 1059 1636 1112 κρίσιν·
1656 1059 1719 1106 τὴν
1744 1060 1780 1098 δὲ
1801 1059 1860 1099 διὰ
1879 1062 1947 1098 τῶν
1966 1060 2160 1108 αἰσθήσεων
2181 1061 2364 1108 σκοτίην

1391 1119 1579 1170 ὀνομάζει,
1600 1117 1853 1171 ἀφαιρούμενος
1879 1121 1985 1166 αὐτῇς
2015 1120 2056 1159 τὸ
2074 1119 2159 1173 πρὸς
2180 1119 2364 1173 διάγνωσιν

1391 1181 1451 1215 τοῦ
1491 1178 1638 1223 ἀληθοῦς
1676 1178 1843 1222 ἀπλανές.
1901 1178 2008 1230 Λέγει
2056 1178 2093 1217 δὲ
2126 1179 2218 1217 κατὰ
2256 1178 2364 1224 λέξιν·

1392 1236 1583 1287 Γνώμης
1603 1236 1645 1274 δὲ
1667 1235 1740 1275 δύο
1760 1235 1879 1275 εἰσὶν
1899 1237 2037 1276 ἰδέαι·
2054 1239 2076 1284 ἠ
2095 1237 2171 1289 μὲν
2186 1238 2365 1289 γνησίη,

1393 1298 1415 1342 ἡ
1437 1295 1479 1333 δὲ
1512 1294 1695 1343 σκοτίη·
1718 1294 1791 1333 καὶ
1817 1295 1996 1344 σκοτίης
2022 1297 2103 1347 μὲν
2128 1297 2236 1336 τάδε
2263 1296 2367 1347 ξύμ-

1393 1369 1563 1401 παντα,
1597 1353 1722 1407 ὄψις,
1742 1354 1872 1403 ἀκοή,
1900 1355 2041 1407 ὀδμή,
2073 1359 2243 1407 γεῦσις,
2261 1358 2368 1410 ψαῧ·

1396 1429 1484 1457 σις·
1507 1416 1530 1460 ἡ
1553 1411 1595 1451 δὲ
1620 1413 1790 1465 γνησίη
1813 1413 2160 1466 ἀποκεκριμένη
2186 1414 2229 1453 δὲ
2262 1415 2368 1454 ταύ-

1392 1489 1476 1520 της.
1536 1466 1626 1512 Εἶτα
1646 1475 1843 1525 προκρίνων
1872 1475 1934 1520 τῇς
1965 1473 2107 1521 σκοτίης
2138 1475 2200 1520 τὴν
2221 1474 2366 1525 γνησίην

1393 1529 1548 1585 ἐπιφέρει
1577 1531 1707 1583 λέγων·
1723 1531 1864 1571 “Οταν
1883 1534 1906 1579 ἡ
1933 1532 2087 1581 σκοτίη
2115 1533 2274 1584 μηκέτι
2299 1535 2368 1572 δύ-

1393 1605 1529 1637 νηται
1546 1589 1656 1640 μήτε
1673 1593 1776 1644 ὁρῇν
1792 1590 1855 1629 ἐπ’
1875 1591 2084 1640 ἔλαττον,
2104 1591 2217 1641 μήτε
2235 1593 2369 1631 ἀκού-

1394 1666 1473 1697 ειν,
1497 1649 1858 1701 μήτεόδμᾶσθαι,
1880 1651 1993 1702 μήτε
2013 1651 2241 1703 γεύεσθαι,
2257 1652 2368 1702 μήτε

1396 1711 1439 1747 ἐν
1468 1712 1520 1762 τῇ
1549 1709 2025 1762 ψαύσειαῖσθάνεσθαι
2041 1740 2051 1759 ,
2073 1710 2166 1749 ἀλλ’
2185 1710 2258 1749 ἐπὶ
2286 1713 2369 1751 λε·-

1395 1767 1476 1806 πτό
1488 1783 1625 1820 τερον.
1652 1770 1790 1808 Οὐκοῦν
1813 1768 1873 1808 καὶ
1894 1767 1986 1807 κατὰ
2000 1773 2120 1808 τοῦτον
2143 1772 2161 1808 ὁ
2175 1770 2278 1821 λόγος
2295 1771 2369 1810 ἐστὶ

1394 1827 1588 1880 κριτήριον,
1608 1827 1644 1867 ὃν
1663 1828 1809 1879 γνησίην
1825 1828 1969 1881 γνώμην
1983 1829 2097 1868 καλεῖ.

1451 1886 1461 1940 (
1477 1887 1616 1926 Sextus
1635 1887 1857 1939 Empiricus
1872 1888 1960 1928 adv.
1981 1888 2164 1928 Mathem.
2187 1889 2368 1940 (Legio.)

1396 1945 1467 1983 lib.
1504 1946 1576 1984 Vll
1612 1947 1634 1997 S
1668 1947 1891 1997 135—139.
1925 1960 2014 1998 pag.
2050 1949 2126 1999 399
2159 1961 2267 2000 seqq.
2308 1949 2368 1988 ed.

1398 2004 1573 2057 Fabi-ic.)

1341 2079 1372 2106 2.
1396 2064 1543 2104 Παλαιὰ
1567 2064 1635 2117 γάρ
1652 2081 1702 2109 τις
1715 2094 1726 2113 ,
1749 2068 1795 2109 ὡς
1822 2067 1988 2118 προεῖπον
2004 2096 2014 2113 ,
2038 2065 2167 2105 ἄνωθεν
2185 2065 2283 2117 παρὰ
2300 2071 2370 2110 τοῖς

1397 2130 1554 2199 Zosimi<
1572 2124 1728 2163 κυλίεται
1749 2125 1831 2169 δόξα
1859 2124 1940 2177 περὶ
1967 2128 2027 2163 τοῦ
2054 2125 2099 2163 τὰ
2118 2124 2222 2175 ὅμοια
2242 2124 2371 2175 ὁμοίων

1397 2198 1484 2221 ειναι
1505 2182 1735 2236 γνωριστικά·
1757 2183 1818 2221 καὶ
1834 2182 1963 2231 ταύτης
1981 2182 2072 2228 ἔδοξε
2093 2182 2156 2235 μὲν
2177 2184 2235 2222 καὶ
2254 2184 2370 2234 Δημό-

247 2301 273 2330 1.
297 2296 502 2330 Democritus
530 2296 639 2328 autem
667 2302 770 2334 quum
803 2302 841 2326 ea
870 2293 979 2334 tollat,
1006 2303 1081 2334 quae
1106 2295 1259 2334 apparent
1285 2295 1294 2355 1
1319 2302 1422 2333 num,
1444 2294 1550 2335 quale
1579 2295 1627 2326 εἱι
1655 2293 1940 2336 unumquidque,
1960 2296 2123 2327 sciamus.
2147 2297 2252 2335 Atque
2270 2295 2302 2327 in
2325 2295 2372 2326 liis

201 2356 370 2395 sensibus,
392 2364 431 2388 ex
446 2355 486 2387 iis
503 2355 600 2387 etiam
614 2352 691 2385 dicit
708 2352 787 2384 nihil
806 2361 881 2385 vere
895 2360 1068 2393 apparere,
1082 2353 1138 2385 sed
1154 2353 1258 2385 solum
1289 2359 1294 2409 1
1318 2353 1449 2394 quidem
1468 2362 1599 2386 omnem
1621 2353 1686 2386 fere
1701 2353 1803 2394 rejicit
1822 2353 2139 2394 comprehensionem
2153 2377 2162 2393 ,
2189 2354 2261 2386 licet
2275 2354 2372 2386 modo

202 2425 239 2447 ex
259 2415 412 2456 opinione
424 2438 434 2454 ,
450 2422 566 2446 verum
581 2416 690 2447 autem
710 2423 779 2447 esse
796 2414 828 2446 in
844 2413 883 2446 iis
897 2422 971 2454 quae
986 2414 1083 2453 sunt,
1099 2413 1258 2453 quatenus

203 2473 370 2506 individua
388 2473 453 2505 sint
469 2474 502 2505 et
526 2473 633 2506 inane.
658 2475 826 2515 opinione
843 2474 935 2505 enim
960 2475 994 2506 ει
1010 2474 1190 2511 instituto,
1208 2471 1259 2503 in-

203 2533 295 2573 quit,
310 2533 362 2565 εει
378 2531 482 2565 dulce
502 2532 535 2563 ει
553 2540 734 2572 amarum,
752 2532 914 2572 opinione
933 2530 1091 2563 calidum
1105 2532 1139 2563 ει
1148 2530 1259 2570 friqi-

203 2589 307 2630 dum,
328 2590 490 2630 opinione
503 2589 596 2621 color
614 2596 625 2619 .·
644 2598 722 2622 vere
745 2591 866 2622 autem
889 2589 1075 2622 individua
1091 2591 1125 2621 ει
1138 2590 1257 2621 inane.

207 2653 290 2688 Quae
306 2650 420 2689 mitur
436 2656 509 2681 esse
526 2650 782 2681 existimantur
795 2650 827 2681 ει
839 2649 1019 2690 putantur
1030 2648 1177 2680 sensilia
1188 2672 1197 2688 ,
1219 2656 1259 2680 ea

204 2716 273 2740 non
293 2709 377 2740 sunt
391 2715 527 2740 revera.
547 2706 631 2740 Sola
656 2709 774 2740 autem
793 2709 876 2740 sunt
892 2706 1076 2740 individua
1092 2708 1125 2739 ει
1141 2707 1256 2739 inane.

203 2767 242 2798 ln
288 2765 394 2799 Libris
437 2765 614 2807 probativis
653 2765 785 2806 itidem,
815 2766 967 2807 quamvis
1011 2765 1191 2807 pollicitus,
1224 2774 1259 2798 se

204 2825 352 2858 sensibus
387 2825 453 2857 vim
486 2825 733 2858 conciliaturum
768 2825 932 2866 fidemque
968 2825 1129 2858 [acturum
1142 2849 1151 2866 ‚
1172 2825 1258 2857 nihi-

205 2884 345 2918 lominus
362 2884 527 2917 invenitur
553 2893 608 2918 eos
626 2884 854 2918 condemnare.
890 2885 944 2918 Ait
976 2885 1062 2917 enim
1093 2897 1101 2916 ι
1128 2886 1196 2917 Νοε
1214 2893 1251 2917 re

206 2945 284 2992 ipsa
311 2943 452 2986 quidem
478 2943 569 2976 nihil
602 2945 672 2977 veri
696 2944 948 2985 intelliqimus‚
966 2943 1025 2976 sed
1053 2943 1092 2976 id
1119 2945 1260 2976 tantum

203 3005 436 3046 percipimus,
459 3004 553 3047 quod
572 3006 736 3037 mutatur
752 3013 817 3046 pro
839 3006 1003 3046 positura
1027 3005 1180 3045 corporis
1205 3012 1258 3037 eo-

207 3071 357 3105 rumque
375 3072 451 3105 quoe
471 3063 568 3096 nobis
587 3063 751 3096 incidunt
770 3065 803 3096 et
827 3063 1013 3096 obsistunt.
1034 3064 1074 3095 Et
1092 3062 1169 3094 alibi
1185 3062 1230 3095 ait
1249 3075 1258 3095 :

207 3123 275 3154 Νοε
291 3130 367 3155 vere
382 3122 523 3164 quidem
538 3123 654 3164 qualis
666 3125 712 3155 εῐι
727 3132 947 3165 unaquaeque
963 3131 1028 3162 res,
1045 3122 1100 3155 vel
1113 3130 1182 3155 non
1197 3123 1258 3163 sit,

207 3188 430 3222 nequaquam
451 3181 674 3223 incelliyere‚
704 3181 875 3223 plurimis
907 3182 990 3214 locis
1020 3183 1073 3214 εει
1097 3180 1260 3214 declara-

206 3241 296 3272 tum.
312 3240 349 3272 ln
365 3239 445 3272 libro
461 3243 568 3273 autem
583 3240 623 3273 de
633 3241 822 3281 imaginibus
838 3241 906 3273 ait:
927 3235 1067 3282 opor-'tec
1086 3240 1260 3272 hominem

209 3297 278 3330 hac
296 3298 420 3339 requla
440 3300 547 3335 scire,
563 3307 598 3331 εε
614 3308 637 3331 a
657 3308 738 3338 vero
753 3300 854 3340 lonqe
872 3299 1002 3332 abesse.
1021 3301 1062 3331 Et
1078 3298 1142 3330 alio
1157 3299 1229 3331 loco
1249 3311 1257 3332 :

214 3356 373 3389 Ostendit
392 3357 534 3399 quidem
549 3357 620 3390 ἠως
636 3367 773 3400 quoque
790 3360 884 3391 ratio
900 3383 909 3399 ,
926 3358 968 3390 de
979 3358 1082 3390 nulla
1102 3366 1141 3390 re
1155 3357 1260 3399 quid-

207 3423 315 3456 quam
342 3423 403 3447 nos
438 3424 514 3448 vere
539 3418 647 3457 scire,
673 3417 734 3450 sed
760 3426 832 3450 esse
861 3417 1012 3458 sinqulae's
1044 3418 1258 3458 opinionem,

206 3475 315 3515 prout
340 3483 511 3516 quemque
532 3483 587 3508 res
617 3477 833 3509 extrinsecus
868 3476 986 3509 allata
1007 3475 1182 3516 affecerit.
1220 3476 1261 3509 Et

209 3532 274 3564 alio
288 3533 385 3566 etiam
403 3534 472 3566 loco
492 3546 500 3566 ε
522 3537 742 3577 Quamquam
760 3536 827 3568 erit
842 3534 996 3576 evidens,
1012 3534 1159 3568 dubium
1177 3542 1259 3575 esse,

1319 2420 1431 2444 sensus
1451 2411 1612 2453 praecipue
1625 2413 1723 2445 testes
1745 2412 1908 2444 adhibeat.
1957 2413 1994 2444 In
2016 2412 2145 2453 Regulis
2165 2414 2273 2445 autem
2292 2412 2373 2445 duas

1319 2471 1465 2512 perhibet
1485 2480 1556 2504 esse
1583 2471 1798 2512 cognitiones,
1825 2471 1959 2504 alteram
1995 2481 2050 2512 per
2082 2480 2215 2512 sensus,
2238 2472 2372 2511 alteram

1320 2539 1375 2571 per
1389 2530 1621 2571 'cogitationem
1644 2543 1651 2563 ε
1671 2539 1712 2563 ex
1728 2530 1848 2571 quibus
1869 2530 2083 2571 cognitionem
2109 2539 2184 2572 quae
2210 2540 2266 2572 per
2285 2531 2372 2572 cogi-

1319 2589 1473 2621 tationem
1496 2588 1553 2630 fit,
1576 2589 1747 2630 genuinam
1765 2588 1873 2629 ducit,
1897 2588 1959 2621 tide
1976 2588 2108 2629 dignum
2126 2589 2272 2623 veritatis
2287 2589 2374 2631 judi-

1318 2649 1405 2680 cium
1434 2657 1493 2680 suo
1514 2648 1697 2681 testimonio
1731 2647 1789 2689 ipsi
1824 2648 1987 2689 tribuens;
2015 2648 2232 2689 cognitionem
2263 2653 2372 2681 autem

1319 2716 1376 2748 per
1393 2716 1507 2739 sensus
1534 2707 1714 2748 comparari
1739 2707 1867 2740 solitam
1895 2706 2068 2739 obscuram
2097 2710 2213 2747 vocat,
2242 2707 2275 2740 in
2298 2716 2374 2740 vero

1320 2766 1530 2799 discernendo
1549 2766 1666 2798 erroris
1684 2766 1880 2799 vacuitatem
1894 2766 1922 2798 ei
1939 2766 2089 2807 eripiens.
2107 2766 2195 2799 Dicit
2208 2769 2316 2799 autem
2333 2766 2371 2798 ad

1319 2824 1453 2857 verbum
1468 2834 1477 2856 :
1493 2827 1706 2865 coquitionis
1724 2826 1802 2858 duae
1813 2827 1898 2859 sunt
1913 2827 2040 2867 specie-s
2050 2848 2060 2864 ‚
2074 2825 2191 2858 altera
2205 2827 2372 2865 qenuina,

1320 2885 1436 2916 altera
1452 2885 1624 2923 obscura5
1645 2887 1680 2917 ει
1702 2884 1855 2918 obscurae
1872 2884 2017 2927 quidem
2037 2885 2108 2918 haec
2123 2886 2208 2917 sunt
2233 2886 2371 2923 omnia,

1319 2931 1432 2985 visus,
1450 2943 1616 2985 auditus,
1635 2944 1809 2985 οζΐασιιιε,
1824 2946 1967 2985 qustus,
1987 2946 2103 2977 tactus
2113 2956 2125 2984 ‚·
2139 2945 2294 2985 qenuina
2307 2952 2373 2976 au—

1320 3005 1389 3036 tem
1403 3003 1468 3036 illa
1483 3005 1553 3044 εει,
1569 3012 1647 3046 quae
1671 3004 1715 3036 ab
1734 3004 1800 3037 hac
1821 3007 1873 3037 est
1894 3007 2040 3037 secreta.
2062 3004 2185 3037 Deinde
2201 3004 2372 3045 genuinam

1318 3062 1465 3095 obscurae
1488 3063 1660 3104 prael'erens
1675 3063 1839 3105 subjungit
1857 3063 1927 3096 haec
1946 3072 1954 3092 :
1972 3063 2115 3102 Quando
2134 3063 2278 3096 obscura
2304 3071 2373 3096 non

1320 3122 1472 3164 amplius
1485 3125 1600 3164 potest
1618 3124 1653 3156 in
1672 3123 1774 3156 rebus
1784 3123 1884 3164 justo
1902 3123 2097 3155 minoribus
2114 3130 2226 3164 neq-ue
2240 3122 2372 3162 videre,

1320 3189 1431 3223 neque
1457 3181 1605 3222 audire,
1622 3189 1734 3224 neque
1749 3181 1911 3217 odorari,
1939 3189 2050 3223 neque
2075 3183 2238 3222 qustare,
2265 3189 2374 3222 neque

1321 3243 1418 3274 tactu
1435 3243 1568 3274 sentire
1579 3266 1588 3282 ,
1603 3241 1664 3274 sed
1680 3241 1728 3274 ad
1742 3241 1909 3275 subtilius
1926 3240 2230 3282 (confugiendum).
2251 3242 2306 3273 Est
2319 3240 2374 3279 igi-

1319 3301 1372 3332 tur
1394 3309 1435 3332 ex
1454 3289 1782 3342 Democriti'quoqne
1806 3300 1965 3334 sententia
1987 3301 2068 3332 ratio
2090 3308 2199 3332 rerum
2232 3298 2372 3337 arbitra,

1319 3367 1417 3400 quam
1435 3359 1575 3401 appellat
1591 3359 1764 3400 genuinam
1783 3359 2008 3401 cognitionem.

1362 3422 1392 3451 2.
1420 3420 1500 3451 Nam
1521 3423 1613 3452 vetus
1632 3419 1802 3461 quaedam,
1824 3420 1861 3451 ut
1886 3418 1973 3460 prius
1997 3417 2082 3457 dixi,
2102 3418 2135 3449 et
2156 3417 2220 3457 jam
2250 3415 2372 3456 pridem

1321 3480 1450 3518 recepta
1478 3477 1561 3510 inter
1581 3477 1730 3519 physicos
1757 3478 1904 3510 versatur
1930 3475 2038 3517 opinio
2053 3499 2062 3514 ‚
2076 3474 2192 3507 similia
2213 3472 2373 3505 similibus

1323 3536 1496 3576 cognosci;
1517 3537 1617 3576 atque
1637 3535 1707 3576 ejus
1723 3535 1854 3576 quidem
1882 3535 1970 3567 visus
1986 3535 2033 3566 est
2051 3533 2148 3566 etiam
2170 3531 2382 3566 Democritus-

1248 3600 1325 3633 3⁵7
