2612 3814
305 293 377 328 102

379 366 444 414 τὴν
458 365 630 421 σφετέρην
646 364 676 404 τ’
691 364 852 413 αἴσθησιν
877 363 970 418 ἔχειν
987 363 1105 418 φωνήν
1119 379 1157 402 τε
1177 363 1283 415 δέμας
1299 380 1350 405 τε.

326 442 354 467 o.
383 426 479 465 Ἀλλ’
500 425 586 465 εἴτοι
605 425 727 479 χεῖράς
747 426 779 478 γ’
800 418 894 478 εἶχον
915 425 992 478 βόες
1011 423 1053 471 ἠὲ
1074 423 1211 467 λέοντες
1224 455 1234 470 .,

379 485 402 533 ἢ
423 484 558 539 γράψαι
577 485 735 539 χείρεσσι
755 484 815 524 καὶ
835 483 921 537 ἔργα
939 485 1050 522 τελεῖν
1077 481 1170 537 ἅπερ
1188 482 1325 536 ἄνδρες,

381 543 484 583 ἵπποι
507 544 571 596 μέν
595 546 624 582 θ’
638 543 778 583 ἵπποισι
796 573 806 593 ,
832 543 909 596 βόες
929 542 966 582 δέ
981 559 1018 582 τε
1041 543 1161 595 βουσὶν
1178 544 1302 593 ὁμοίας

380 603 441 643 καί
461 619 499 642 κε
521 605 606 642 θεῶν
625 602 719 646 ἰδέας
736 601 886 656 ἔγραφον
908 602 968 641 καὶ
993 600 1130 652 σώματ’
1150 601 1285 640 ἐποίουν

381 663 525 711 τοιαῦθ’,
541 657 610 702 οἶόν
631 678 696 715 περ
714 662 774 700 καὶ
789 661 888 701 αὐτοὶ
907 661 1014 712 δέμας
1028 655 1121 713 εἶχον
1139 663 1272 711 ὁμοῖον.

328 737 358 765 7.
388 723 515 762 Πάντα
537 723 626 767 θεοῖς
644 721 816 769 ἀνέθηκαν
837 718 1002 772 ’Ὀμηρός
1022 722 1052 758 θ’
1074 718 1238 762 Ἡσίοδός
1258 734 1295 757 τε

381 781 468 822 ὅσσα
490 783 574 833 παρ’
597 779 830 834 ἀνθρώποισιν
855 780 989 819 ὀνείδεα
1013 777 1073 817 καὶ
1097 778 1201 833 ψόγος
1223 778 1319 825 ἐστί,

383 842 443 881 καὶ
461 840 597 880 πλεῖστ’
614 838 820 893 ἐφθέγξαντο
842 841 928 877 θεῶν
949 837 1135 888 ἀθεμίστια
1153 837 1260 891 ἔργα,

383 898 566 946 κλέπτειν,
593 898 767 951 μοιχεύειν
784 913 821 936 τε
841 897 901 935 καὶ
922 897 1096 944 ἀλλήλους
1117 897 1321 937 ἀπατεύειν.

330 968 359 993 8.
389 951 473 1008 [Ἐκ
486 952 587 1004 γαίης
601 951 667 1004 γὰρ
680 950 795 990 πάντα
807 982 817 1000 ,
829 950 889 989 καὶ
900 952 948 994 εἷς
961 954 1026 1002 γῆν
1043 951 1160 988 πάντα
1176 952 1358 1005 τελευτᾷ.]

1225 280 1566 321 XENOPHANIS

1498 367 1690 409 mortalique
1709 376 1806 400 sensu
1825 369 1857 401 et
1879 377 1958 402 voce
1973 369 2006 402 et
2027 368 2130 411 figura
2149 378 2220 403 esse
2242 370 2403 411 praeditos.

1438 432 1467 460 ο.
1498 427 1530 466 Si
1549 435 1624 459 vero
1642 435 1758 459 manus
1773 426 1928 461 haberent
1941 427 2041 461 boves
2061 429 2111 462 vei
2132 429 2260 470 leones,

1500 486 1557 517 aut
1568 484 1698 525 pingere
1708 485 1858 518 manibus
1869 487 1967 528 atque
1980 486 2093 520 eadem
2104 496 2178 529 quae
2192 488 2340 522 homines
2350 489 2487 524 euicere

1500 543 1701 586 equisimiles
1716 544 1808 586 equis
1816 568 1825 584 ,
1836 544 1936 578 boves
1942 547 2050 579 autem
2066 546 2170 580 bobus
2179 548 2302 581 similes
2310 548 2458 591 [possent
2467 575 2480 592 ,

1501 603 1636 636 deorum
1652 612 1783 645 quoque
1799 604 1918 637 formas
1932 605 2100 647 pingerent
2112 607 2292 650 figurasque
2303 609 2480 643 formarent

1501 662 1599 703 tales,
1615 662 1726 704 quales
1745 672 1804 696 suo
1827 663 1984 706 cujusque
2000 666 2127 708 corpori
2145 666 2268 700 similes
2281 669 2396 703 forent.

1439 725 1470 755 7.
1500 722 1618 754 Omnia
1632 722 1694 755 diis
1711 723 1897 756 tribuerunt
1921 725 2083 758 Homerus
2098 729 2131 759 et
2150 727 2311 761 Hesiodus

1502 790 1719 823 quaecumque
1735 782 1818 816 inter
1833 782 1980 816 homines
1995 783 2134 818 dedecus
2150 787 2183 819 et
2197 786 2348 828 probrum
2366 779 2482 829 putn'n-

1503 841 1708 883 plurimaque
1729 842 1978 883 pronuntiarunt
1997 844 2116 877 nefarie
2132 854 2151 878 a
2170 845 2233 879 diis
2252 846 2335 880 facta
2347 871 2358 888 ,
2401 847 2482 892 [tur.

1503 900 1601 933 iurari
1624 901 1706 934 inter
1721 910 1773 942 se,
1789 902 1988 943 adulterare,
2006 902 2166 938 fraudare.

1444 962 1475 991 8.
1505 958 1552 1001 [E.
1569 961 1654 993 terra
1669 961 1819 994 oriuntur
1832 962 1940 995 omnia
1956 964 1988 995 et
2006 963 2037 996 in
2054 967 2171 997 terram
2191 965 2409 999 resolvuntur.
2426 964 2439 1010 1

305 1051 2485 1072 Μ

358 1100 434 1147 Τὴν
458 1100 627 1154 σφετέρην
647 1100 678 1139 τ’
698 1099 859 1149 αἴσθησιν
880 1099 974 1152 ἔχειν
992 1099 1110 1153 φωνήν
1127 1116 1163 1139 τε
1179 1099 1287 1152 δέμας
1307 1117 1358 1142 τε.

306 1192 390 1227 Huc
411 1189 613 1226 referenda
632 1196 719 1226 sunt
736 1202 857 1239 porro
880 1203 963 1239 quae
979 1191 1139 1240 legimus
1156 1192 1259 1240 apud
1280 1192 1361 1229 Cle-

305 1256 471 1286 mentem
502 1249 608 1288 Alex.
634 1249 778 1288 Strom.
810 1248 888 1288 VII
907 1262 947 1298 p.
982 1262 1074 1296 711,
1105 1252 1133 1287 B
1155 1261 1164 1288 ε
1186 1247 1361 1296 ’Έλληνες

308 1306 345 1346 δὲ
363 1305 484 1359 ὥσπερ
506 1307 844 1360 ἀνθρωπομόρφους,
863 1306 971 1352 οὕτως
992 1307 1052 1346 καὶ
1077 1310 1363 1362 ἀνθρυ)ποπαθεῖς

307 1365 384 1411 τοὺς
405 1365 498 1409 θεοὺς
518 1367 760 1415 ὑποτίθενται,
782 1366 841 1405 καὶ
871 1367 1030 1417 καθάπερ
1053 1367 1115 1412 τὰς
1139 1369 1277 1422 μορφὰς
1294 1371 1362 1407 αὗ-

306 1428 376 1465 τῶν
393 1425 515 1477 ὁμοίας
533 1427 666 1469 ἑαυτοῖς
683 1425 826 1464 ἕκαστοι
845 1426 1166 1478 διαζωγραφοῧσιν,
1182 1426 1229 1471 ὥς
1255 1443 1361 1480 φησιν

307 1486 325 1523 ὁ
345 1484 803 1537 Ξενοφάνης·Αἰθίοπές
823 1500 864 1523 τε
886 1484 1092 1536 μέλανας
1116 1486 1282 1538 σιμούς
1302 1503 1361 1535 τε,

308 1542 490 1597 Θρᾷκές
509 1558 557 1580 τε
573 1541 775 1596 πυῤῥοὺς
800 1542 873 1581 καὶ
902 1543 1154 1595 γλαυκούς·
1174 1543 1284 1590 οὕτως
1303 1546 1362 1583 καὶ

306 1601 371 1646 τὰς
392 1601 509 1655 ψυχὰς
535 1604 714 1652 ὁμοιοῦσιν
732 1602 793 1640 καὶ
812 1607 884 1646 τοῖς
913 1602 1198 1642 ἀναπλάττουσιν
1233 1605 1359 1656 (corr.

306 1675 394 1699 cum
425 1663 631 1698 Karstenio
653 1659 714 1704 τὰς
734 1660 850 1714 ψυχὰς
875 1661 998 1712 ὁμοίας
1018 1663 1152 1707 ἑαυτοῖς
1179 1664 1362 1702 ἀναπλάτ-

305 1736 422 1759 τουσιν
436 1719 464 1772 ).
475 1723 522 1758 In
535 1722 707 1758 eamdem
718 1723 941 1759 sententiam
958 1723 1224 1762 Theodoretus
1243 1738 1251 1761 :
1273 1717 1362 1763 Εἶτα

305 1778 518 1831 σαφέστερον
537 1780 718 1832 κωμῳδῶν
755 1778 801 1832 (ὃ
827 1780 1054 1834 Ξενοφάνης)
1071 1781 1175 1830 τήνδε
1197 1782 1260 1830 τὴν
1282 1783 1361 1828 ἐξα·

305 1837 421 1885 πάτην
435 1868 446 1890 ,
466 1837 536 1877 ἀπὸ
558 1842 617 1877 τοῦ
645 1837 837 1891 χρώματος
855 1842 926 1878 τῶν
948 1840 1091 1879 εἰκόνων
1113 1841 1288 1895 διελέγχει
1318 1843 1357 1882 τὸ

306 1899 447 1951 ψεῦδος·
480 1896 560 1940 τοὺς
591 1896 653 1948 μὲν
674 1897 742 1951 γὰρ
771 1897 945 1944 Αἰθίοπας
966 1899 1120 1952 μέλανας
1148 1901 1208 1940 καὶ
1239 1902 1363 1952 σιμοὺς

305 1955 451 2009 γράφειν
470 1955 578 2008 ἔφησε
598 1955 677 2000 τοὺς
694 1955 839 2001 οἰκείους
857 1957 972 2004 θεούς·
987 1961 1101 1998 ὁποῖοι
1128 1959 1170 2007 δὴ
1189 1959 1248 1998 καὶ
1265 1961 1363 2000 αὐτοὶ

306 2014 503 2070 πεφύκασι·
527 2014 607 2060 τοὺς
634 2016 673 2054 δέ
693 2031 730 2066 γε
755 2019 903 2070 Θρᾷκας
932 2018 1107 2069 γλαυκούς
1132 2035 1169 2058 τε
1190 2020 1249 2058 καὶ
1280 2022 1359 2073 ἐρυ-

306 2076 422 2129 θρούς,
438 2076 497 2115 καὶ
513 2075 632 2126 μέντοι
653 2076 713 2114 καὶ
727 2077 875 2125 Μήδους
902 2077 963 2117 καὶ
980 2079 1120 2132 Πέρσας
1149 2079 1266 2133 σφίσιν
1296 2083 1362 2119 αὖ·

306 2140 378 2179 τοῖς
398 2134 578 2186 ἐοικότας,
605 2135 668 2174 καὶ
695 2136 912 2190 Αἰγυπτίους
938 2138 1105 2183 ὡσαύτως
1134 2138 1259 2184 αὐτοὺς
1286 2141 1362 2179 δια-

307 2197 460 2248 μορφοῧν
485 2194 573 2248 πρὸς
594 2195 657 2242 τὴν
678 2196 809 2236 οἰκείαν
831 2198 984 2251 μορφήν.

359 2254 398 2291 6.
434 2255 481 2290 In
500 2254 558 2291 his
575 2256 746 2292 versibus
774 2258 840 2306 qui
861 2259 952 2295 item
975 2258 1080 2308 apud
1101 2260 1333 2297 Clementem
1349 2289 1360 2307 ,

305 2312 508 2350 Eusebium
528 2320 566 2350 et
595 2315 881 2352 Theodoretum
909 2317 936 2353 1.
958 2317 985 2357 1.
1007 2318 1259 2356 inveniuntur
1280 2321 1364 2356 exi-

305 2381 378 2419 gua
398 2369 569 2407 lectionis
589 2373 752 2409 varietas
778 2382 845 2413 est.
873 2374 991 2413 Initio
1015 2378 1198 2414 Eusebius
1221 2391 1364 2428 perpe—

306 2441 389 2464 ram
414 2441 423 2464 :
460 2427 537 2466 ἀλλ’
558 2429 589 2467 εἷ
608 2435 729 2482 χεῖρας
756 2430 862 2483 ἔχον,
882 2442 972 2484 post
1004 2440 1128 2487 χεῖρας
1151 2437 1364 2486 Stephanus

306 2490 419 2525 metri
437 2501 548 2526 causa
565 2492 694 2539 posuit
705 2490 750 2542 γ’,
767 2493 933 2543 denique
946 2508 1019 2544 pro
1032 2494 1074 2541 ἠὲ
1089 2495 1225 2540 λέοντες
1239 2499 1363 2535 Theo-

308 2547 464 2584 doretus
491 2545 514 2593 ἢ
549 2547 746 2600 ἐλέφαντες.
784 2551 908 2591 Versu
941 2555 1112 2592 secundo
1153 2555 1364 2594 infinitivos

309 2604 445 2658 γράψαι
477 2614 514 2643 et
533 2606 644 2644 τελεῖν
666 2621 713 2645 ex
746 2601 840 2661 εἶχον
872 2612 1043 2661 pendere
1076 2622 1214 2663 sponte
1244 2624 1361 2665 patet.

308 2663 432 2702 Versu
445 2666 557 2702 tertio
571 2679 644 2715 pro
663 2666 785 2716 ὁμοίας
801 2671 909 2718 quod
926 2672 1193 2711 Theodoretus
1204 2676 1363 2724 praebet,

311 2722 415 2771 apud
452 2724 684 2762 Clementem
713 2734 750 2763 et
775 2729 980 2767 Eusebium
1006 2733 1121 2782 ὁμοῖοι
1155 2736 1360 2783 reperitur.

309 2782 583 2830 Versu-quarto
597 2782 658 2820 καί
674 2797 713 2821 κε
729 2786 932 2838 Sylburgio
954 2789 1116 2828 debetur
1126 2792 1167 2828 in
1185 2794 1362 2831 Theodo-

309 2840 381 2876 reti
401 2841 570 2879 editione
592 2855 602 2879 z
631 2846 755 2880 caeteri
777 2844 837 2884 καί
867 2862 905 2885 τε
925 2855 1092 2888 tuentur.
1116 2854 1190 2890 Pro
1211 2851 1362 2902 σώματα

312 2898 494 2937 Eusebius
511 2902 610 2938 male
633 2901 795 2953 δώματα.
816 2908 934 2943 Versu
954 2910 1089 2956 quinto
1108 2911 1168 2950 καὶ
1189 2912 1285 2951 αὐτοὶ
1307 2915 1364 2951 le-

310 2958 412 3006 gitur
438 2959 478 2995 in
501 2961 589 2999 cod.
605 2963 723 3001 Paris.
747 2971 786 2999 et
804 2965 844 3000 in
865 2966 1044 3015 Stephani
1063 2969 1173 3007 Poesi
1192 2972 1364 3020 philoso-

310 3016 421 3064 phica
439 3031 481 3067 p.
506 3018 554 3056 36
582 3033 590 3056 z
615 3021 771 3070 vulgata
790 3024 978 3073 scriptura
997 3034 1052 3064 est
1072 3028 1217 3080 καύτοί,
1239 3033 1303 3068 vel
1323 3040 1365 3068 ut

310 3074 528 3113 Brandisius
553 3080 723 3116 exaravit
753 3080 786 3117 κ’
819 3081 932 3122 αὐτοί.
964 3086 1014 3121 At
1030 3098 1111 3123 non
1145 3089 1364 3128 elidendum

311 3147 390 3172 esse
404 3134 483 3181 καί,
499 3136 566 3172 sed
584 3149 654 3186 per
670 3140 853 3187 synizesin
870 3154 957 3179 cum
974 3147 1146 3193 sequenti
1161 3147 1260 3185 αὐτοί
1275 3163 1364 3187 con-

307 3193 551 3244 jungendum
570 3208 646 3232 esse
670 3205 774 3235 recte
794 3207 903 3238 notat
919 3203 1153 3242 Karstenius.
1175 3205 1285 3244 Idem
1305 3212 1364 3246 vir

311 3253 448 3290 doctus
474 3256 586 3291 tertio
608 3267 719 3292 versu
739 3257 778 3293 in
795 3257 872 3295 fine
895 3260 1093 3310 fragmenti
1111 3266 1239 3313 posito
1264 3267 1363 3305 duo-

311 3311 458 3360 busque
507 3314 703 3351 vocabulis
748 3319 902 3355 mutatis
945 3327 1066 3357 totum
1104 3323 1278 3374 fragmen
1313 3328 1365 3365 ita

311 3369 434 3407 edidit
450 3382 458 3407 ι

365 3457 459 3498 Ἀλλ’
478 3458 561 3498 εἴτοι
578 3460 698 3514 χεῖράς
712 3464 745 3514 γ’
766 3456 861 3516 εἶχον
885 3465 962 3518 βόες
983 3467 1023 3514 ἠὲ
1045 3469 1201 3522 λέοντες,

366 3517 390 3565 ἢ
407 3517 540 3573 γράψαι
558 3519 712 3574 χείρεσσι
731 3522 792 3561 καὶ
813 3522 897 3577 ἔργα
917 3527 1027 3566 τελεῖν
1049 3527 1140 3582 ἅπερ
1159 3530 1302 3584 ἄνδρες,

1475 1103 1538 1142 καί
1555 1120 1594 1143 κε
1609 1107 1695 1143 θεῶν
1713 1105 1805 1151 ἰδέας
1822 1106 1974 1161 ἔγραφον
1994 1108 2055 1146 καὶ
2075 1108 2214 1160 σώματ’
2241 1110 2378 1151 ἐποίουν

1475 1164 1621 1213 τοιαῦθ’,
1636 1158 1707 1204 οἶόν
1721 1182 1788 1219 περ
1803 1166 1863 1205 καὶ
1879 1166 1976 1206 αὐτοὶ
1994 1167 2104 1218 δέμας
2121 1162 2216 1222 εἰχον
2234 1169 2398 1223 ἕκαστον,

1477 1223 1578 1263 ἵπποι
1599 1224 1663 1276 μέν
1684 1226 1714 1265 θ’
1733 1226 1893 1281 ἵπποισι,
1919 1227 1997 1280 βόες
2011 1227 2050 1267 δέ
2070 1244 2107 1267 τε
2130 1228 2251 1282 βουσὶν
2268 1232 2402 1283 ὁμοῖον.

1423 1325 1499 1361 Sed
1518 1326 1577 1362 hae
1595 1327 1880 1367 emendationes
1897 1331 1991 1367 mihi
2012 1344 2092 1368 non
2117 1332 2299 1369 videntur
2318 1345 2493 1371 necessa·>

1422 1385 1500 1423 riae.
1524 1385 1773 1436 Xenophanis
1797 1392 1984 1427 sententia
2005 1390 2219 1429 illustratur
2247 1405 2269 1430 a
2299 1393 2494 1431 Cicerone

1424 1443 1472 1480 de
1487 1446 1576 1482 Nat.
1594 1446 1700 1484 deor.
1716 1446 1750 1494 Ι,
1769 1461 1835 1496 ²7·
1855 1449 1913 1487 Cf.
1928 1457 1966 1486 et
1986 1451 2205 1500 Epicharmi
2221 1451 2369 1489 dictum
2385 1452 2489 1503 apud

1423 1505 1636 1555 Diogenem
1655 1509 1784 1547 Laert.
1805 1507 1883 1560 111,
1910 1510 1971 1550 16.

1481 1578 1518 1611 7.
1551 1566 1742 1614 Quattuor
1772 1581 1902 1606 versus
1934 1582 2031 1618 quos
2059 1569 2240 1621 deinceps
2271 1572 2493 1622 scripsimus

1425 1623 1577 1660 duobus
1603 1626 1707 1675 apud
1734 1627 1893 1664 Sextum
1911 1629 2148 1677 Empiricum
2166 1630 2261 1666 locis
2286 1631 2489 1681 separatim

1423 1685 1536 1732 positi
1567 1686 1828 1734 reperiuntur.
1869 1689 1966 1724 Nam
1995 1688 2083 1725 adv.
2106 1689 2288 1730 Mathem.
2311 1691 2386 1738 IX,
2414 1690 2490 1740 193

1423 1743 1582 1793 legimus
1605 1758 1614 1781 :

1482 1830 1607 1870 Πάντα
1628 1835 1715 1876 θεοῖς
1735 1832 1909 1881 ἀνέθηκαν
1930 1832 2098 1887 ’Όμηρός
2118 1838 2148 1875 θ’
2169 1835 2333 1883 Ἡσίοδός
2352 1854 2391 1878 τε

1478 1887 1568 1928 ὅσσα
1589 1892 1675 1942 παρ’
1694 1891 1931 1944 ἀνθρώποισιν
1952 1893 2086 1933 ὀνείδεα
2108 1896 2169 1934 καὶ
2185 1897 2292 1949 ψόγος
2308 1897 2406 1947 ἐστί,

1478 1948 1641 1988 κλέπτειν
1655 1979 1666 1998 ,
1689 1951 1866 2004 μοιχεύειν
1887 1969 1926 1992 τε
1942 1954 2004 1993 καὶ
2025 1954 2200 2002 ἀλλήλους
2216 1957 2408 1998 ἅπατεύειν
2421 1989 2433 2010 ,

1424 2049 1461 2078 et
1483 2042 1524 2078 in
1543 2043 1681 2080 eodem
1700 2057 1819 2093 opere
1842 2045 1875 2092 I,
1896 2045 1973 2095 289
1993 2059 2002 2082 :
2025 2043 2193 2100 ’Όμηρος
2223 2045 2260 2085 δὲ
2281 2047 2344 2087 καὶ
2364 2047 2487 2089 Ἡσίο-

1423 2099 1478 2144 δος
1495 2099 1589 2139 κατὰ
1607 2100 1665 2139 τὸν
1687 2102 1914 2155 Κολοφώνιον
1937 2103 2138 2158 Ξενοφάνη·

1479 2188 1528 2228 Οἳ
1547 2190 1684 2230 πλεῖστ’
1710 2190 1920 2244 ἐφθέγξαντο
1941 2195 2027 2232 θεῶν
2057 2195 2245 2245 ἀθεμίστια
2266 2195 2354 2249 ἔργα
2367 2227 2379 2245 ,

1479 2249 1642 2290 κλέπτειν
1655 2280 1666 2299 ,
1688 2252 1869 2305 μοιχεύειν
1889 2269 1927 2291 τε
1947 2254 2008 2293 καὶ
2029 2255 2204 2303 ἀλλήλους
2227 2256 2431 2300 ἀπατεύειν.

1424 2346 1472 2384 In
1486 2347 1546 2383 his
1568 2348 1695 2385 verbis
1718 2347 1752 2386 οἳ
1770 2348 1908 2388 πλεῖστ’
1924 2348 2131 2402 ἐφθέγξαντο
2147 2365 2168 2390 a
2188 2353 2381 2403 Stephano
2395 2368 2490 2405 pro—

1425 2406 1566 2443 fectum
1587 2415 1660 2455 est;
1695 2416 1807 2446 antea
1837 2411 1941 2447 enim
1961 2411 2066 2461 apud
2099 2412 2258 2450 Sextum
2288 2414 2491 2464 legebatur

1425 2464 1649 2504 adversante
1665 2475 1789 2505 metro
1810 2466 1845 2511 ὃς
1868 2469 2022 2507 πλεῖστα
2043 2469 2268 2522 ἐφθέγξαντο.
2290 2473 2492 2512 Fabricius

1424 2526 1540 2562 scribi
1559 2525 1669 2574 jussit
1694 2528 1740 2571 ὡς
1760 2528 1900 2566 πλεῖστ’
1924 2528 2150 2582 ἐφθέγξαντο.
2185 2533 2265 2570 Nos
2284 2533 2356 2570 hos
2376 2542 2488 2583 quat-

1426 2593 1515 2622 tuor
1546 2599 1676 2624 versus
1706 2600 1750 2625 ea
1780 2601 1856 2639 qua
1896 2591 2121 2628 Karstenius
2153 2593 2310 2630 volebat
2334 2594 2486 2632 ratione

1426 2644 1694 2693 conjunximus
1721 2660 1764 2684 ac
1799 2649 1901 2684 tertii
1940 2650 2051 2686 initio
2087 2649 2149 2687 καὶ
2171 2663 2246 2700 pro
2278 2648 2315 2694 ὃς
2345 2651 2489 2689 substi-

1426 2706 1580 2744 tuimus.

1480 2764 1517 2801 8.
1541 2766 1748 2803 Servarunt
1781 2768 1884 2805 hunc
1915 2780 2067 2806 versum
2101 2770 2233 2807 Sextus
2273 2772 2492 2821 Empiricus

1425 2823 1514 2860 adv.
1533 2825 1651 2864 Math.
1669 2826 1724 2871 X,
1743 2827 1833 2873 313,
1852 2828 2023 2865 Stobaeus
2036 2829 2168 2878 Eclog.
2187 2829 2296 2878 phys.
2313 2828 2334 2868 I
2349 2843 2390 2879 p.
2409 2836 2487 2879 294

1425 2882 1486 2920 ed.
1510 2884 1625 2922 Heer.
1646 2885 1774 2923 Schol.
1793 2886 1841 2923 ad
1858 2888 1975 2926 Hom.
1998 2887 2110 2926 Iliad.
2129 2903 2168 2934 η,
2190 2901 2255 2937 99,
2271 2895 2387 2938 atque
2405 2890 2484 2927 alii.

1426 2943 1555 2991 Quum
1570 2956 1664 2981 vero
1686 2945 1822 2982 Sextus
1841 2946 1943 2983 dicat
1963 2961 1971 2985 :
2000 2945 2202 2999 Ξενοφάνης
2222 2946 2258 2985 δὲ
2279 2945 2358 2986 κατ’
2378 2947 2491 3004 Ιἐνίους

1425 3003 1464 3039 ἐκ
1481 3004 1545 3053 γῆς
1561 3017 1598 3042 κ.
1618 3018 1649 3041 τ.
1670 3003 1703 3041 λ.
1725 3012 1839 3053 atque
1861 3006 1932 3042 hac
1953 3007 2101 3043 ratione
2123 3020 2203 3044 non
2227 3020 2266 3044 se
2287 3008 2414 3058 ipsum
2430 3016 2486 3046 te·

1424 3070 1519 3099 stem
1540 3075 1617 3110 esse
1637 3064 1750 3110 velit,
1774 3064 1841 3101 sed
1858 3063 1952 3102 alios
1975 3072 2084 3103 testes
2110 3066 2308 3114 adhibeat,
2329 3066 2493 3119 insuper

1425 3129 1552 3158 autem
1572 3122 1648 3159 hoc
1661 3131 1898 3173 praeceptum
1920 3137 2007 3161 cum
2025 3126 2292 3175 Xenophanea
2308 3126 2489 3165 doctrina
2511 3139 2516 3144 ’

1425 3180 1633 3218 difficulter
1655 3188 1770 3230 queat
1795 3183 2016 3229 conciliari,
2035 3182 2117 3231 jam
2137 3186 2360 3223 Meinersius
2381 3185 2482 3227 nist,

1426 3240 1613 3283 doctrinae
1646 3240 1695 3277 de
1728 3253 1822 3277 vero
1844 3241 1918 3278 deo
1949 3255 1990 3291 p.
2019 3242 2092 3290 327
2127 3251 2165 3280 et
2195 3245 2407 3282 Heerenius
2436 3245 2488 3283 ad

1426 3300 1566 3336 Stobaei
1583 3301 1657 3338 loc.
1676 3301 1739 3338 cit.
1758 3301 1862 3337 hunc
1883 3303 2115 3339 versiculum
2137 3304 2381 3353 Xenophani'
2394 3318 2487 3355 sup-

1425 3361 1595 3408 positum
1617 3373 1695 3397 esse
1719 3360 1918 3408 dixerunt,
1951 3363 2092 3411 quibus
2119 3376 2245 3413 nuper
2263 3365 2487 3402 Karstenius

1427 3419 1650 3468 astipulatus
1664 3427 1731 3458 est.
1749 3421 1916 3457 Omnino
1932 3434 2013 3458 non
2033 3422 2216 3460 absimilis
2233 3431 2288 3460 est
2307 3431 2421 3473 atque
2436 3425 2484 3461 ab

1427 3478 1565 3515 eodem
1583 3478 1741 3516 forsitan
1760 3480 1966 3517 architecto
1983 3483 2218 3532 compositus
2231 3496 2359 3520 versus
2375 3484 2489 3520 Pseu·

1427 3538 1708 3577 doheracliteus
1723 3540 1828 3590 apud
1844 3541 1951 3580 Stob.
1970 3542 2008 3580 II
2023 3555 2063 3592 p.
2089 3542 2164 3579 282
2191 3556 2199 3580 :
