2612 3814
689 247 738 287 ιΝ
770 220 1102 286 EMrEDocus
1134 243 1420 283 cARMtNUM
1449 242 1743 291 nnttQmAs.
2263 255 2307 290 3.

137 346 206 373 101
244 332 348 371 idem
387 331 436 370 de
465 330 625 369 Melisso
639 359 649 377 ,
688 328 928 381 Xenophane
963 335 1001 366 et
1037 325 1190 376 Gorgia

131 406 221 446 pag.
245 393 321 444 975
351 392 381 433 B
400 391 515 442 (pag.
540 404 586 440 19
604 402 699 441 seq.
708 389 770 428 ed.
801 397 921 427 nostr.
937 387 961 440 ).
981 387 1107 426 Porro
1130 399 1188 425 vs.

132 453 183 503 98
203 451 320 490 habet
345 450 593 501 Philoponus
615 447 662 486 de
691 447 832 487 Gener.
856 456 894 486 et
917 447 1036 485 Inter.
1056 445 1087 486 1.
1111 445 1136 485 f.
1165 451 1186 491 4

134 511 190 560 Α;
214 511 316 549 idem
339 508 508 560 Metaph
540 508 566 548 f.
603 509 650 546 18
671 507 712 545 B.
734 506 800 547 Vs.
822 521 895 545 100
915 515 1077 556 tangunt
1096 505 1190 544 Ari-

133 571 290 609 stoteles
310 569 359 607 de
378 568 476 607 Gen.
494 576 532 606 et
545 580 644 606 corr.
661 566 718 614 ll,
735 569 758 605 6
776 581 814 618 p.
836 572 910 612 404
926 565 960 603 G
976 580 986 613 ;
1004 564 1188 615 Philopo-

131 643 206 668 nus
228 629 276 668 dc
296 629 394 667 Gen.
409 636 446 666 et
464 626 538 665 Int.
565 628 593 666 l.
616 641 647 665 c.
663 626 894 679 Simplicius
907 625 1025 676 Phys.
1043 626 1076 671 I,
1097 624 1120 662 f.
1139 625 1186 667 34

130 689 176 736 Β,
197 690 247 741 39
262 689 310 737 Α,
333 688 378 726 51
403 687 434 726 B
447 702 458 735 3
472 686 552 725 alii.
568 685 700 725 Verba
717 685 800 724 haec
816 699 837 724 e
856 685 987 736 primo
1003 682 1189 722 carminis

129 747 381 801 Empedoclei
409 746 457 785 de
489 759 621 784 rerum
655 754 795 784 natura
829 743 933 782 libro
962 742 1084 794 petita
1104 754 1189 779 esse

131 807 279 846 diserte
311 815 474 845 testatut
501 804 740 844 Plutarchus
764 804 811 843 de
835 804 936 856 plac.
966 801 1066 853 phil.
1093 801 1120 840 l.
1151 814 1186 838 c.

128 865 377 919 Ἐμπεδοκλης
394 865 498 920 φύσιν
521 863 629 916 μηδὲν
651 865 750 916 (leg.
772 862 940 915 μηδενὸς)
962 865 1076 908 εἰναι,
1096 859 1188 912 μῖξιν

130 927 166 968 δὲ
186 929 256 966 τῶν
272 926 456 979 στοιχείων
480 942 541 965 και
563 925 770 965 διάστασιν·
788 923 915 977 γράφει
930 921 999 976 γὰρ
1015 937 1124 964 ουτως
1154 922 1188 960 ἐν

131 990 183 1026 τῶ
217 986 348 1041 πρώτῳ
377 988 526 1041 φυσικῶ.
569 985 733 1024 Sensum
778 984 928 1023 indicat
959 982 1189 1055 Simplicius

127 1028 249 1097 Phys.
273 1045 290 1083 I
313 1046 339 1083 f.
361 1047 424 1092 34.
447 1045 490 1084 B.
506 1043 570 1092 τὴν
590 1060 630 1096 γε
615 1058 725 1082 ..νεσιν
746 1043 806 1081 καὶ
820 1041 952 1096 φθορὰν
969 1039 1079 1092 μηδὲν
1101 1039 1189 1079 ἄλλο

129 1108 243 1157 εἶναι,
259 1103 353 1144 ἀλλὰ
382 1103 490 1155 μόνον
515 1103 607 1153 μῖξίν
632 1118 670 1141 τε
691 1118 752 1141 και
779 1100 961 1146 διάλλαξιν
990 1099 1188 1152 μιγέντων,

127 1165 189 1204 καὶ
211 1164 354 1204 σύνοδον
372 1162 553 1208 διάπτυξίν
574 1178 611 1201 τε
627 1162 816 1214 γίνεσθαι’
801 1177 835 1200 εν
859 1161 958 1214 μέρει
975 1160 1091 1209 αἴσης.
1113 1161 1187 1199 Ex

128 1223 292 1276 ponitur
310 1222 416 1261 enim
435 1221 498 1260 his
520 1220 703 1260 versibus
722 1220 857 1259 nobile
877 1220 977 1260 illud
997 1220 1188 1272 Empedo-

129 1283 202 1321 clis
227 1282 426 1320 decretum
438 1311 449 1331 ‚
474 1294 552 1332 quo
570 1279 724 1319 sublata
739 1281 992 1331 generatione
1012 1289 1050 1319 et
1065 1289 1189 1318 morte

130 1340 230 1379 nihil
257 1340 337 1379 nisi
358 1340 494 1391 figurae
521 1341 690 1380 mutatio
706 1370 718 1389 ,
742 1340 874 1379 mistio
910 1354 954 1379 ac
980 1340 1188 1379 dissolutio

127 1402 171 1440 in
200 1414 331 1440 rerum
353 1409 504 1439 naturae
525 1413 693 1452 corpore
718 1400 864 1440 dicitur
889 1401 1076 1441 inveniri.
1102 1400 1187 1439 Non

125 1473 266 1511 magna
294 1460 498 1512 scripturae
518 1460 784 1512 discrepantia
804 1460 910 1512 apud
934 1460 1186 1499 Plutarchum

127 1528 208 1568 est,
228 1521 297 1571 qui
320 1520 420 1559 duos
441 1521 596 1573 priores
618 1533 754 1560 versus
779 1522 822 1558 in
838 1520 945 1559 libro
964 1520 1012 1559 de
1031 1520 1188 1572 placitis

127 1579 186 1618 sic
205 1579 365 1618 exhibet
384 1594 393 1618 t

184 1669 269 1708 ἄλλο
290 1669 328 1709 δέ
348 1685 401 1708 τοι
422 1668 508 1721 ἐρέω
520 1685 529 1693 ·
545 1668 648 1722 φύσις
663 1668 761 1708 οὐδέν
779 1669 873 1708 ἐστιν
891 1668 1058 1708 ἁπάντων
1070 1700 1080 1716 ,

181 1732 318 1777 θνητῶν
331 1760 342 1782 ,
366 1729 445 1769 οὐδέ
465 1745 515 1773 τις
535 1728 724 1780 οὐλομένου
738 1727 903 1768 Θανάτοιο
920 1730 1079 1777 τελευτή,

123 1820 165 1856 in
194 1831 240 1856 eo
271 1830 387 1869 quem
410 1817 596 1857 adversus
629 1818 792 1857 Coloten
824 1818 1008 1871 scripsit,
1031 1819 1086 1857 ita
1112 1833 1190 1858 νει->

125 1877 202 1916 riat
224 1891 233 1915 :

178 1965 267 2004 ἄλλο
280 1964 319 2005 δέ
338 1980 393 2003 σοι
409 1964 514 2017 ἐρέω·
529 1963 630 2016 φύσις
646 1964 783 2010 οὐδενός
804 1966 897 2004 ἐστιν
925 1965 1078 2006 ἑκάστου

178 2027 335 2074 θνητῶν,
347 2023 426 2063 οὐδέ
445 2040 496 2069 τις
510 2022 684 2075 οὐλομένη
702 2024 864 2064 θανάτοιο
883 2025 1043 2077 γενέθλη.

124 2115 315 2153 Caeterum
334 2114 435 2167 φύσις
450 2111 585 2157 οὐδενός
602 2122 726 2152 tutum
745 2115 860 2153 etiam
882 2114 1105 2155 Aristotelis
1125 2130 1185 2155 re·

128 2174 412 2225 liquorumque
441 2172 695 2222 auctoritate,
729 2187 857 2225 neque
892 2174 1056 2213 dubium
1089 2178 1187 2227 quin

128 2228 291 2271 θανάτοιο
309 2230 455 2278 τελευτή
481 2240 586 2270 recte
605 2245 645 2270 se
665 2231 817 2271 habeat.
840 2232 1088 2271 Aristotelem
1108 2248 1187 2273 non

125 2304 325 2330 moramur
347 2293 390 2330 in
413 2290 692 2344 Metaphysicis
709 2305 784 2343 pro
800 2291 965 2331 ἁπάντων
982 2295 1184 2332 memoriae

126 2351 240 2404 lapsu
276 2351 467 2401 legentem
500 2350 647 2398 ἐόντων,
692 2364 814 2402 quum
848 2353 1031 2404 proxima
1064 2353 1187 2392 verba

126 2413 259 2458 θνητῶν
282 2413 360 2451 κτλ.
386 2425 466 2449 non
482 2410 667 2462 adjiciat,
684 2410 830 2463 quibus
849 2412 1041 2464 appositis
1061 2411 1186 2452 ἐόντων

129 2469 228 2507 ferri
251 2483 330 2507 non
346 2483 462 2521 posse
480 2470 523 2508 in
545 2478 703 2521 promtu
717 2479 789 2511 est.
813 2471 965 2510 Deinde
983 2471 1083 2510 illud
1104 2473 1186 2511 ἐκά-

126 2542 210 2566 στου
227 2527 332 2579 quod
350 2528 472 2566 altero
489 2529 577 2566 loco
601 2528 803 2567 Plutarchi
825 2528 1064 2567 membranae
1085 2543 1183 2581 prae-

125 2587 238 2635 bent,
262 2587 483 2633 necessario
509 2600 558 2626 ex
587 2587 754 2626 ἁπάντων
780 2587 1038 2627 librariorum
1055 2589 1185 2641 culpa,

126 2647 196 2698 qui
214 2648 357 2698 saepius
376 2646 458 2685 haec
477 2646 671 2685 vocabula
691 2646 974 2696 confuderunt,
991 2647 1184 2698 originem

130 2707 260 2746 traxit.
280 2706 342 2746 Vs.
362 2721 447 2744 101.
468 2706 546 2745 Pro
566 2706 668 2760 φύσις
684 2708 714 2744 δ’
730 2706 787 2745 ἐπὶ
803 2712 874 2751 τοῖς
895 2707 1128 2746 Plutarchus
1140 2709 1187 2747 de

65 2776 73 2782 ·
125 2765 224 2817 plac.
248 2766 350 2819 φύσις
366 2765 401 2804 δὲ
419 2766 579 2818 βροτοῖς,
600 2766 667 2804 sed
696 2766 819 2805 altero
839 2767 926 2805 loeo
948 2765 1006 2806 ἐπὶ
1031 2772 1127 2819 τοῖς,
1145 2776 1188 2806 ut

130 2826 361 2864 Aristoteles
392 2826 495 2878 apud
525 2839 640 2877 quem
678 2834 830 2875 tamen,
868 2826 1037 2878 Metaph.
1067 2826 1132 2879 lv,
1162 2833 1180 2873 4

131 2885 324 2923 nonnulla
342 2885 583 2938 exemplaria
604 2885 816 2938 praeferunt
832 2885 954 2926 τοῖσδ’.
976 2885 1103 2925 Verba
1123 2886 1187 2940 φύ·

128 2959 180 2988 σις
204 2945 235 2982 δ’
252 2945 309 2983 ἐπὶ
331 2950 401 2989 τοῖς
436 2945 647 2996 ὀνομάζεται
675 2946 910 2999 ἀνθρώποισιν
938 2946 1042 2985 idem
1059 2948 1188 2986 valent

129 3004 234 3054 quod
258 3003 394 3057 γένεσις
426 3004 456 3044 δ’
470 3004 529 3044 ἐπὶ
557 3003 692 3050 τούτοις
719 3006 932 3059 ὀνομάζεται
949 3006 1016 3044 ὑπὸ
1036 3009 1104 3045 τῶν
1129 3008 1187 3044 ἀν·

129 3062 294 3116 θρώπων.
312 3064 410 3103 Nam
444 3063 545 3118 φύσις
566 3079 642 3118 pro
664 3066 800 3119 γένεσις
819 3067 889 3105 alii
922 3067 1038 3105 etiam
1069 3067 1189 3106 dixe-

128 3132 244 3170 runt,
269 3124 379 3163 velut
407 3124 564 3163 Ocellus
584 3139 669 3178 cap.
705 3125 742 3165 ΙΙ
775 3124 806 3180 §
837 3127 857 3164 3
898 3139 986 3178 pag.
1026 3128 1096 3165 161
1125 3127 1185 3166 ed.

130 3191 251 3222 nostr.
265 3183 444 3223 AElianus
458 3197 542 3225 var.
557 3184 647 3225 hist.
664 3185 734 3225 lib.
756 3185 812 3223 111
831 3200 916 3238 cap.
942 3200 956 3223 1
977 3199 1092 3237 quem
1111 3186 1190 3223 lau-

128 3240 217 3280 davi
250 3242 298 3280 ad
325 3243 500 3282 Ocellum
534 3257 576 3295 p.
598 3258 686 3282 210.
713 3244 812 3283 Cum
838 3245 1099 3297 Empedocleo
1131 3244 1188 3282 di-

130 3301 244 3340 cendi
267 3315 407 3352 genere
430 3303 488 3341 ἐπὶ
515 3308 585 3347 τοῖς
605 3304 631 3342 i.
663 3317 695 3343 e.
730 3304 789 3344 ἐπὶ
817 3303 951 3349 τούτοις
979 3304 1188 3354 ὀνομάζεται

130 3373 345 3413 componas
371 3362 500 3401 locum
537 3363 713 3402 Platonis
744 3363 872 3405 Alcib.
897 3364 913 3402 I
936 3377 977 3416 p.
1018 3363 1091 3401 108
1124 3363 1154 3400 A
1178 3377 1185 3399 :

129 3419 249 3467 ἐπειδὴ
271 3419 405 3473 βέλτιον
423 3420 485 3472 μὲν
501 3422 679 3473 ὠνόμαζες
694 3424 749 3462 ἐπ’
769 3421 991 3477 ἀμφοτέροις,
1012 3427 1188 3473 quoniam

129 3482 229 3517 istud
243 3483 377 3519 melius
388 3485 426 3518 in
441 3492 592 3532 utroque
608 3487 823 3521 nominasti.
848 3483 955 3521 Adde
976 3482 1023 3520 de
1039 3482 1107 3533 Res
1124 3481 1187 3520 ul).

1250 323 1297 372 V,
1322 325 1367 362 16
1392 338 1434 377 p.
1461 330 1538 374 470
1563 325 1628 364 B:
1655 325 1712 363 ἔπι
1734 323 1817 396 μὲνω
1819 320 1878 365 ουν
1913 330 1957 379 τῇ
1976 332 2036 367 τοῦ
2056 329 2185 368 οἰκείου
2203 329 2312 385 ἔχθρα

1253 383 1377 428 στάσις
1408 383 1596 431 κέκληται,
1626 383 1684 422 ἐπι
1708 384 1743 422 δὲ
1772 387 1817 437 τῇ
1845 400 1906 423 του
1941 386 2126 440 ἀλλοτρίου
2145 387 2314 439 πόλεμος

1254 443 1427 482 Eundem
1450 456 1563 482 usum
1584 443 1685 482 illud
1717 443 1777 482 ἐπί
1796 459 1866 483 τινι
1892 445 1955 483 vel
1992 444 2050 484 ἐπί
2081 461 2173 491 τινος
2199 447 2312 500 λέγειν

1252 503 1355 555 apud
1375 503 1636 555 philosophos
1657 511 1695 541 et
1712 504 1991 553 grammaticos
2010 504 2148 557 habet,
2171 520 2250 557 quo
2272 509 2313 546 fit

1252 562 1473 610 interdum,
1498 571 1542 601 ut
1562 561 1620 602 ἐπὶ
1647 563 1791 602 vocula
1822 563 1871 601 ad
1903 563 1985 616 περὶ
2019 566 2318 616 praepositionis

1251 622 1553 660 similitudinem
1591 621 1776 660 accedere
1808 622 2001 661 videatur.
2035 622 2100 660 Sic
2132 622 2214 674 jam
2250 625 2312 663 AE·

1251 681 1373 733 schyl.
1406 682 1512 734 Sept.
1546 683 1642 734 905,
1664 681 1814 734 πάρεστι
1835 683 1866 722 δ’
1897 684 2006 722 εἰπεῖν
2037 683 2092 722 ἐπ’
2130 683 2315 724 ἀθλίοισιν.

1250 742 1371 796 Soph.
1384 743 1474 783 OEd.
1491 743 1576 783 Col.
1595 749 1616 789 4
1628 759 1640 781 1
1651 744 1689 792 5,
1708 742 1769 781 καὶ
1784 745 1884 782 ταῦτ’
1897 742 1948 796 ἐφ’
1970 746 2055 794 ἡμῖν
2069 744 2204 788 Φοῖὸος
2221 747 2313 796 εἰρη-

1250 799 1319 846 κὼς
1335 809 1445 854 κυρεῖ.
1459 802 1557 842 Vide
1571 816 1658 854 quae
1672 803 1806 842 notavi
1823 803 1871 841 ad
1890 804 2050 843 Aristot.
2071 804 2119 842 de
2135 804 2310 852 Melisso,

1250 860 1430 914 Xenoph.
1465 870 1502 900 et
1529 861 1651 912 Gorg.
1675 875 1761 914 pag.
1788 862 1837 911 57
1865 870 1903 900 et
1923 876 2008 913 quae
2038 862 2170 903 Herm.
2194 862 2319 902 Fritz-

1250 921 1381 960 schius
1399 921 1447 960 ad
1466 921 1593 961 Ethic.
1611 921 1761 960 Nicom.
1782 921 1854 960 lib.
1870 921 1978 972 V111,
1999 935 2020 960 2
2042 936 2079 974 p.
2104 924 2148 961 13
2173 922 2314 962 obser—

1250 984 1371 1022 vavit.

1303 1041 1367 1081 Vs.
1382 1043 1446 1092 98.
1471 1040 1573 1094 φύσις
1593 1039 1730 1084 οὐδενός
1750 1038 1858 1095 ἐστιν]
1875 1040 2066 1086 Quamvis
2083 1042 2319 1082 Aristoteles

1250 1099 1419 1152 Metaph.
1435 1101 1506 1139 lib.
1529 1099 1591 1148 IV,
1620 1107 1642 1146 4
1660 1101 1835 1138 nativam
1858 1100 1971 1139 vocis
1992 1100 2096 1154 φύσις
2116 1102 2314 1152 significa·

1251 1160 1422 1208 tionem,
1453 1160 1501 1199 de
1529 1173 1607 1211 qua
1640 1173 1760 1211 supra
1786 1160 1938 1210 egimus
1959 1169 2161 1209 agnoscat,
2192 1160 2312 1214 φύσις,

1251 1219 1461 1270 inquiens,
1492 1218 1636 1271 λέγεται
1665 1217 1725 1256 ἕνα
1747 1218 1811 1268 μὲν
1838 1217 1969 1271 τρόπον
1992 1222 2013 1265 ἡ
2036 1222 2105 1259 τῶν
2128 1219 2319 1273 φυομένων

1249 1277 1384 1329 γένεσις
1405 1293 1414 1317 z
1432 1292 1640 1331 perperam
1656 1287 1786 1317 tamen
1805 1278 1880 1317 hoc
1900 1278 2149 1330 Empedoclis
2166 1280 2317 1319 dictum

1251 1338 1415 1391 accipit,
1441 1337 1542 1391 φύσιν
1571 1338 1647 1377 hoc
1671 1339 1759 1377 loco
1789 1337 2047 1377 substantiam
2075 1352 2206 1378 rerum
2228 1355 2320 1392 quae

1251 1406 1391 1436 natuia
1404 1406 1496 1436 sunt
1512 1410 1596 1436 esse
1617 1397 1871 1438 contendens.
1887 1398 1951 1436 Sic
1968 1399 2074 1437 enim
2093 1400 2181 1439 ait:
2209 1399 2262 1440 ἔτι
2282 1401 2315 1439 δ’

1251 1456 1356 1495 ἄλλον
1360 1455 1507 1518 τρόπον
1534 1456 1718 1509 λέγεταιὴ
1741 1457 1843 1511 φύσις
1861 1461 1884 1505 ἡ
1915 1460 1983 1497 τῶν
2005 1458 2106 1507 φύσει
2123 1458 2231 1498 ὄντων
2255 1462 2313 1500 οὗ·

1251 1515 1331 1565 σία,
1345 1519 1416 1555 οῖον
1438 1517 1469 1555 οἱ
1488 1516 1649 1568 λέγοντες
1665 1516 1731 1564 τὴν
1748 1515 1851 1571 φύσιν
1873 1510 1964 1556 εἶναι
1981 1517 2043 1566 τὴν
2065 1518 2211 1571 πρώτην
2229 1519 2314 1559 σύν-

1251 1579 1364 1624 θεσιν,
1385 1574 1506 1629 ὥσπερ
1525 1575 1778 1626 Ἐμπεδοκλῆς
1806 1575 1903 1629 λέγει
1929 1575 1981 1616 ὅτι
2012 1577 2154 1631 «φύσις
2176 1579 2319 1625 οὐθενός

1250 1637 1344 1674 ἐστιν
1359 1634 1500 1686 ἐόντων,
1510 1635 1602 1675 ἀλλὰ
1621 1635 1725 1687 μόνον
1738 1654 1754 1670 »
1766 1637 1845 1676 κτλ.
1864 1636 2048 1675 Errorem
2060 1638 2314 1678 confutarunt

1250 1708 1338 1733 cum
1363 1695 1456 1743 alii,
1479 1705 1562 1734 tum
1592 1696 1797 1735 Bonitzius
1817 1696 2038 1735 Comment.
2068 1697 2110 1735 in
2138 1697 2313 1750 Metaph.

1250 1769 1288 1807 p.
1323 1756 1412 1794 230.
1444 1756 1500 1794 De
1533 1756 1701 1808 proprio
1730 1765 1858 1795 autem
1887 1757 2061 1795 nominis
2091 1758 2318 1807 significatu.

1250 1816 1471 1854 Alexander
1486 1815 1812 1868 Aphrodisiensis
1826 1830 1914 1868 pag.
1935 1816 2011 1854 315
2028 1816 2087 1855 ed.
2100 1817 2199 1858 Bon.
2218 1831 2227 1855 ε
2247 1817 2312 1866 τὴν

1250 1875 1352 1930 φύσιν
1372 1879 1558 1929 πενταχῶς
1586 1876 1815 1915 ἀποδίδοσθαι
1848 1876 1958 1926 λέγει.
1991 1878 2056 1923 τῆς
2082 1876 2151 1930 γὰρ
2177 1877 2319 1930 φύσεως

1249 1935 1312 1983 τὴν
1331 1935 1394 1988 μὲν
1410 1938 1456 1980 ὡς
1473 1935 1578 1990 φύσιν
1598 1951 1637 1974 τε
1657 1935 1719 1974 καὶ
1737 1934 1931 1988 βλάστησιν
1946 1934 2060 2008 λέγει·
2075 1937 2224 1989 λέγομεν
2245 1937 2314 1991 γὰρ

1250 1996 1314 2049 φύε
1299 1999 1399 2035 εσθαι
1426 1995 1467 2034 τὸ
1496 1993 1704 2047 γινόμενον,
1732 2010 1793 2034 και
1814 1993 1856 2033 τὸ
1878 1996 1926 2039 εἷς
1963 1995 2100 2048 γένεσιν
2133 1998 2181 2042 εἷς
2209 1997 2312 2051 φύσιν

1250 2054 1413 2108 ἄγεσθαι.
1435 2054 1499 2102 τὴν
1522 2053 1691 2102 τοιαύτην
1719 2054 1822 2115 φύσιν
1846 2053 2008 2128 ὡρίσατο
2035 2056 2070 2094 ἐν
2102 2058 2146 2109 τῇ
2166 2058 2318 2110 Φυσικῇ

1249 2114 1450 2169 Ἀκροάσε·.
1487 2113 1646 2162 συνήθως
1666 2112 1730 2164 μὲν
1756 2116 1815 2152 οὖν
1841 2114 1899 2152 ἐπι
1919 2116 1987 2152 τῶν
2021 2130 2139 2168 φυτων
2160 2115 2224 2169 φύε
2211 2120 2316 2156 σθαι

1249 2181 1520 2229 κατηγορεῖται,
1541 2173 1603 2213 καὶ
1633 2173 1691 2211 ἐπι
1722 2175 1790 2212 τῶν
1789 2171 1911 2234 υζῴων
1938 2174 1974 2212 δὲ
2000 2174 2160 2226 λέγεται·
2179 2174 2319 2226 γένεσις

1251 2234 1320 2288 γὰρ
1341 2239 1442 2273 πᾶσα
1462 2236 1485 2280 ἡ
1507 2234 1554 2277 εἷς
1574 2231 1613 2272 τὸ
1629 2231 1790 2271 τέλειονε
1777 2224 1865 2276 εἶδος
1882 2230 2041 2285 πρόοδος.

1304 2294 1366 2333 Vs.
1398 2308 1485 2334 101.
1509 2292 1610 2346 φύσις
1644 2292 1674 2330 δ’
1695 2291 1754 2330 ἐπὶ
1786 2297 1857 2336 τοῖς
1877 2292 1956 2331 κτλ.
1972 2291 1985 2347 ]
2008 2293 2315 2346 Empedocleum-

1249 2355 1394 2405 dogma
1414 2352 1670 2405 reprehendit
1684 2351 1916 2390 Aristoteles
1930 2351 1978 2390 de
1992 2352 2135 2392 Gener.
2158 2362 2196 2392 et
2209 2367 2310 2392 corr.

1250 2413 1301 2462 Il,
1324 2415 1347 2452 6
1368 2412 1439 2451 ubi
1458 2424 1638 2463 quaerens
1657 2410 1755 2461 quid
1776 2423 1903 2449 causae
1924 2424 2008 2450 esse
2030 2411 2240 2451 dicendum
2261 2414 2313 2452 sit

1249 2487 1319 2511 cur
1337 2485 1446 2512 suam
1463 2482 1629 2521 quaeque
1647 2482 1710 2507 res
1727 2477 1764 2507 et
1786 2469 1867 2507 vim
1885 2478 1923 2507 et
1938 2470 2103 2520 figuram
2117 2469 2313 2520 obtineat,

1248 2535 1352 2570 τοῦτο
1371 2531 1399 2570 δ’
1423 2530 1538 2576 ἐστὶν,
1562 2529 1715 2579 inquit,
1745 2529 1765 2576 ἡ
1793 2527 1894 2566 οὐσία
1914 2531 1936 2575 ἡ
1959 2528 2133 2576 ἑκάστου,
2168 2530 2249 2569 ἀλλ’
2271 2532 2309 2569 οὐ

1249 2590 1353 2642 μόνον
1370 2609 1384 2625 (ι
1406 2588 1497 2642 μῖξίς
1515 2604 1554 2627 τε
1577 2586 1759 2633 διάλλαξίς
1778 2603 1815 2626 τε
1836 2587 2024 2640 μιγέντων,
2040 2607 2054 2623 u
2076 2587 2198 2643 ὥσπερ
2220 2591 2309 2629 ἐκεῖ·

1247 2651 1304 2696 νός
1320 2665 1436 2702 φησιν.
1450 2648 1543 2702 τύχη
1557 2647 1589 2686 δ’
1601 2646 1660 2686 ἐπὶ
1677 2646 1809 2687 τούτων
1827 2647 1898 2699 (al.
1915 2647 2070 2700 τούτοις)
2087 2649 2316 2699 ὀνομάζεται,

1249 2709 1330 2750 ἀλλ’
1343 2710 1382 2748 οὗ
1392 2707 1508 2761 λόγος.
1524 2706 1601 2747 ἔστι
1615 2705 1683 2760 γὰρ
1701 2709 1872 2759 μιχθῆναι
1887 2709 1933 2751 ὡς
1947 2705 2083 2761 ἔτυχεν.
2104 2708 2312 2747 Contraria

1249 2781 1344 2807 vero
1360 2766 1630 2820 Empedocleae
1643 2765 1789 2803 rationi
1810 2766 1946 2817 ponit,
1963 2780 2036 2818 pro
2051 2764 2152 2819 φύσις
2173 2767 2215 2805 in
2234 2781 2312 2818 qua

1251 2826 1351 2879 λόγος
1366 2835 1444 2878 est,
1466 2825 1581 2879 τύχην
1605 2823 1871 2875 substituens,
1892 2824 1934 2863 in
1955 2839 2034 2876 qua
2053 2825 2204 2864 nullum
2227 2838 2313 2864 esse

1249 2886 1352 2939 λόγον
1374 2895 1513 2939 sponte
1533 2893 1649 2937 patet.
1678 2884 1780 2923 Male
1809 2885 2018 2937 Asclepius
2035 2885 2167 2925 Schol.
2187 2885 2309 2924 Arist.

1250 2961 1288 2999 p.
1309 2947 1400 2998 695.
1423 2960 1456 2985 a.
1492 2945 1550 2984 ἐπὶ
1570 2950 1639 2988 τοῖς
1667 2944 1715 2982 ad
1734 2944 1926 2983 elementa
1945 2945 2064 2984 refert
2083 2959 2092 2983 t
2115 2943 2233 2996 ἔλεγεν
2257 2943 2311 2983 ὅτι

1250 3007 1350 3060 φύσις
1365 3008 1394 3046 δ’
1413 3006 1470 3047 ἐπὶ
1487 3005 1619 3050 τούτοις
1642 3004 1714 3050 τοῖς
1729 3004 1915 3057 στοιχείοις
1932 3006 2144 3057 ὀνομάζεται
2159 3007 2230 3049 τοῖς
2254 3006 2311 3043 ἀν-

1250 3066 1414 3119 Θρώποις.

1302 3124 1367 3164 Vs.
1397 3126 1632 3170 ιοα-ιοίιέκ
1652 3130 1711 3165 τοῦ
1727 3123 1992 3179 γὰρ-ἐρείδῃ]
2011 3125 2243 3164 Aristoteles
2263 3125 2313 3164 de

1250 3184 1407 3224 Melisso
1422 3214 1433 3233 ‚
1446 3184 1690 3237 Xenophane
1704 3193 1742 3224 et
1759 3184 1909 3235 Gorgia
1924 3198 2013 3237 pag.
2031 3185 2109 3236 975
2127 3184 2170 3224 B.
2187 3186 2242 3236 (p.
2264 3186 2310 3222 18

1251 3258 1331 3296 seq.
1354 3244 1414 3283 ed.
1433 3252 1556 3287 nostr.
1578 3243 1588 3297 )
1620 3243 1670 3282 ἔτι
1687 3245 1718 3283 εἷ
1748 3244 1808 3283 καὶ
1829 3243 1883 3282 ὅτι
1905 3243 2064 3295 μάλιστα
2092 3243 2183 3294 μήτε
2201 3243 2241 3282 τὸ
2259 3242 2308 3294 μὴ

1250 3303 1287 3342 ὂν
1305 3303 1486 3356 ἐνδέχεται
1500 3303 1664 3356 γενέσθαι
1680 3334 1690 3352 ,
1712 3303 1806 3352 μήτε
1824 3303 2019 3343 ἀπολέσθαι
2037 3304 2076 3342 τὸ
2091 3303 2127 3342 ὅν
2140 3333 2150 3353 ,
2167 3301 2265 3354 ὅμως
2277 3302 2310 3340 τί

1251 3362 1401 3411 κωλύει,
1417 3362 1462 3402 τὰ
1477 3362 1540 3414 μὲν
1564 3362 1736 3415 γενόμενα
1756 3363 1872 3400 αὐτῶν
1892 3357 2000 3410 εἶναι,
2017 3361 2062 3400 τὰ
2077 3361 2107 3401 δ’
2125 3361 2244 3413 ἀΐδια,
2262 3362 2309 3404 ὡς

1253 3420 1312 3460 καὶ
1328 3421 1580 3473 Ἐμπεδοκλῆς
1600 3421 1713 3473 λέγει;
1743 3420 1886 3461 ἅπαντα
1907 3420 1975 3474 γὰρ
2006 3423 2168 3463 κάκεῖνος
2194 3422 2307 3457 ταῦτα

1252 3481 1474 3535 ὁμολογήσας
1487 3513 1497 3531 ,
1514 3480 1566 3520 ὅτι
1582 3482 1620 3519 ἐκ
1637 3485 1697 3519 τοῦ
1723 3480 1773 3533 μὴ
1801 3480 1898 3525 ὄντος
1921 3479 2108 3533 ἀμήχανόν
2127 3481 2201 3518 ἐστι
2215 3477 2317 3531 γενέ·
