2612 3814
288 242 362 276 3³⁴

286 325 565 364 Abderitanum
604 320 691 362 visa
719 324 829 361 varie
864 324 1032 375 probare
1070 331 1108 361 et
1134 322 1341 374 explorare

285 385 480 424 studuisse
495 413 504 431 ,
521 382 717 422 interdum
733 383 771 421 in
787 382 999 422 solitudine
1015 391 1214 433 vagantem
1229 390 1342 432 atque

286 444 326 483 in
345 442 535 495 sepulcris
556 450 864 480 commorantem
888 455 896 478 ι
928 441 968 479 in
985 454 1031 479 eo
1062 441 1241 493 sepulcra
1261 439 1337 477 dis·

285 503 446 555 plicent.
470 501 636 554 Insuper
650 501 845 540 Lucianus
866 507 1001 539 auctor
1014 508 1092 546 cst,
1111 498 1342 536 Abderiticae

285 561 456 601 civitatis
471 561 669 599 alumnum
691 560 769 612 (38)
792 561 833 598 in
852 559 1032 612 sepulcro
1053 559 1233 596 latentem
1255 558 1341 595 ibi-

285 632 363 671 que
383 618 539 658 diurnis
564 618 846 669 nocturnisque
867 616 977 654 horis
998 614 1206 654 scribendo
1232 627 1343 652 occu-

286 687 419 731 patum
452 691 475 717 a
508 678 644 730 pueris
673 678 841 715 lemures
873 673 1150 714 simulantibus
1178 685 1344 723 eumque

287 746 432 776 terrere
452 735 679 775 volentibus
696 736 855 774 illusum
876 747 974 773 esse.
1003 732 1157 779 Quibus
1178 745 1265 770 eum
1288 732 1345 769 ni-

288 795 343 833 hil
365 796 440 834 ista
468 808 509 834 re
543 803 689 832 motum
721 807 765 832 ac
797 807 845 831 ne
881 792 1153 844 respicientem
1188 790 1343 841 quidem

287 856 537 907 respondisse
566 857 617 893 ait
651 869 660 892 ι
702 871 718 888 α
757 856 915 891 desinite
942 855 1096 889 tandem
1135 853 1286 896 ludere,
1325 867 1340 883 υ

286 914 436 966 quippe
457 914 519 952 cui
539 926 766 963 persuasum
790 921 912 960 esset,
938 911 1089 949 animos
1120 924 1141 948 e
1167 910 1346 961 eorpori-

287 973 361 1011 bus
381 972 485 1011 hisce
513 973 666 1023 elapsos
686 971 784 1009 nihil
805 983 904 1011 esse.
928 970 1026 1016 Quis
1051 977 1179 1008 autem
1208 982 1344 1007 eorum

286 1030 356 1081 qui
375 1029 589 1068 Lucianum
610 1030 710 1069 bene
730 1039 876 1068 norunt
893 1029 934 1067 in
955 1029 1131 1067 animum
1161 1028 1344 1074 inducat,

288 1088 595 1128 urbanissimum
615 1090 847 1142 scriptorem
864 1089 933 1140 qui
951 1087 1069 1140 hujus
1087 1087 1241 1138 generis
1256 1100 1344 1125 nar·

288 1148 526 1188 ratiunculas
566 1157 686 1201 prout
735 1161 908 1201 praesens
951 1147 1115 1185 materia
1149 1146 1348 1198 postulare

286 1207 494 1246 videbatur
511 1210 718 1247 immutare
732 1215 1009 1255 consueverat,
1027 1206 1092 1244 hic
1105 1206 1256 1244 illibata
1273 1206 1348 1244 fide

288 1267 435 1306 reserre
464 1282 551 1319 qua„-
579 1269 620 1307 in
647 1268 820 1320 antiquis
847 1268 1066 1306 litterarum
1084 1266 1348 1305 monumentis

287 1329 512 1380 repererat?

342 1387 470 1428 Venio
491 1401 595 1426 nunc
618 1387 667 1426 ad
697 1386 847 1426 fabulas
868 1399 890 1424 a
912 1385 1062 1424 Graeeis
1083 1385 1349 1436 Romanisque

287 1446 475 1485 inferiore
495 1455 605 1485 aetate
639 1448 892 1497 excogitatas.
920 1448 976 1484 Ac
994 1445 1166 1497 primum
1189 1444 1347 1496 quidem

285 1505 595 1544 celebratissima
614 1515 671 1545 est
692 1507 759 1544 illa
778 1519 865 1557 quae
881 1505 930 1544 de
950 1505 1178 1544 voluntaria
1198 1505 1346 1544 Demo-

287 1564 379 1603 criti
399 1564 569 1603 caecitate
585 1578 607 1603 a
627 1564 808 1617 pluribus
829 1573 1156 1603 commemoratur
1177 1564 1348 1602 auctori·

288 1622 364 1663 bus
384 1625 464 1676 (39)
481 1654 491 1672 ,
511 1638 627 1676 quam
650 1624 880 1676 tamenjure
893 1634 934 1663 ut
952 1625 1200 1664 mendacium
1218 1623 1350 1675 rejicit

287 1681 518 1722 Plutarchus
533 1683 623 1735 Περὶ
633 1685 866 1737 πολυπραγμ.
883 1697 922 1736 p.
939 1684 1012 1722 521
1031 1685 1077 1723 D.
1095 1683 1246 1723 Deinde
1270 1697 1348 1722 non

286 1741 401 1792 pauci
418 1743 630 1794 scriptores
660 1743 740 1796 (40)
764 1743 857 1782 inde
875 1743 924 1781 ab
945 1743 1151 1782 Octaviani
1179 1744 1344 1795 Augusti

290 1799 368 1838 fere
390 1802 634 1853 temporibus
650 1801 761 1853 ajunt
776 1803 1044 1841 Democritum
1061 1803 1197 1841 risisse
1214 1816 1349 1842 omnes

289 1872 350 1899 res
366 1860 555 1900 humanas
566 1862 626 1900 vel
643 1870 686 1899 ut
701 1861 769 1899 alii
785 1861 924 1900 volunt
943 1875 1144 1913 nunquam
1163 1862 1248 1900 sine
1267 1862 1350 1899 risu

289 1920 331 1958 in
360 1920 562 1972 publicum
596 1921 805 1974 prodiisse.
834 1920 910 1959 Sed
938 1930 981 1959 ut
1002 1930 1211 1974 perpetuas
1233 1921 1350 1959 Hera-

289 1979 374 2018 cliti
394 1979 576 2019 lacrimas
589 2009 599 2028 ,
620 1980 674 2019 ita
690 1980 813 2019 risum
832 1980 1119 2020 Democriteum
1132 2010 1142 2028 ,
1162 1980 1225 2018 cui
1249 1981 1352 2019 inter

289 2048 346 2078 tot
376 2048 581 2092 tantosque
609 2039 827 2078 doctissimi
855 2040 1030 2081 hominis
1058 2040 1213 2078 labores
1250 2040 1350 2079 nihil

290 2098 368 2137 loci
405 2098 526 2138 fuisse
571 2099 717 2151 liquet,
763 2112 891 2151 neque
922 2100 1151 2139 Aristoteles
1189 2109 1352 2139 noverat

290 2172 417 2210 neque
436 2161 645 2212 quisquam
667 2169 843 2199 veterum
865 2160 1109 2202 Graecorum.
1137 2161 1267 2207 Quare
1286 2161 1351 2200 hic

287 2232 447 2270 quoque
478 2233 550 2271 pro
578 2220 843 2258 commentitio
870 2219 1073 2258 habendus
1104 2219 1193 2258 erit.
1226 2220 1350 2258 Porro

290 2277 502 2315 multorum
543 2277 617 2316 fuit
640 2279 778 2330 opinio
815 2292 938 2330 eaque
971 2292 994 2316 a
1030 2278 1152 2317 Plinii
1190 2277 1351 2330 majoris

291 2349 414 2388 usque
431 2337 676 2389 temporibus
696 2338 811 2376 ducta
826 2367 836 2386 ‚
857 2338 1125 2377 Democritum
1146 2338 1250 2376 inter
1273 2352 1350 2377 ma-

291 2410 361 2447 gos
378 2411 518 2435 nomen
533 2411 643 2436 suum
656 2398 874 2450 professum
890 2411 988 2439 esse.
1000 2399 1119 2437 Plinii
1134 2399 1212 2450 (41)
1230 2398 1352 2438 verba

292 2465 383 2494 sunt
404 2472 413 2494 ι
438 2475 454 2492 α
482 2471 717 2510 quamquam
742 2459 1012 2498 animadverto
1043 2472 1232 2497 summam
1254 2459 1352 2498 litte-

295 2529 423 2554 rarum
445 2517 655 2555 claritatem
675 2518 922 2569 gloriamque
939 2531 988 2556 ex
1014 2531 1059 2557 ea
1077 2517 1240 2557 scientia
1252 2518 1295 2570 [i.
1313 2531 1347 2556 e.

295 2587 316 2612 e
342 2574 509 2631 magice]
544 2577 761 2628 antiquitus
781 2586 822 2616 et.
848 2591 958 2629 paene
989 2590 1144 2628 semper
1177 2578 1350 2629 petitam.

292 2633 408 2672 Certe
457 2634 720 2686 Pythagoras,
762 2636 1016 2688 Empedocles
1030 2669 1042 2686 ,
1078 2636 1348 2685 Democritus,

296 2692 407 2731 Plato
439 2693 486 2731 ad
515 2694 614 2732 hauc
647 2696 870 2734 discendam
904 2696 1163 2747 navigavere,
1197 2696 1351 2735 exsiliis

296 2752 428 2791 verius
462 2766 577 2804 quam
600 2755 986 2806 peregrinationibus
1013 2755 1219 2808 susceptis.
1245 2755 1351 2794 Hanc

299 2812 447 2850 reversi
464 2813 724 2864 praedicavere
751 2828 760 2851 ε
792 2813 891 2853 hanc
916 2815 958 2852 in
983 2815 1138 2854 arcanis
1166 2814 1348 2855 habuere.

300 2869 541 2910 Democritus
558 2872 846 2924 Apollobechen
867 2874 1050 2926 Coptiten
1071 2884 1108 2913 et
1125 2875 1349 2913 Dardanum

294 2940 317 2965 e
335 2928 519 2969 Phoenice
538 2931 772 2981 illustravit,
801 2933 1073 2973 voluminibus
1107 2934 1280 2972 Dardani
1310 2934 1351 2972 in

297 2989 518 3039 sepulcrum
540 2991 625 3042 ejus
647 2992 780 3043 petitis
810 3007 818 3030 :
842 2993 923 3032 suis
944 3007 1039 3032 vero
1071 3007 1120 3032 ex
1144 2994 1353 3046 disciplina

298 3058 431 3085 eorum
452 3049 567 3088 editis
591 3065 599 3087 ε
616 3064 702 3102 quae
722 3061 876 3103 recepta
895 3052 944 3090 ab
965 3053 1054 3090 aliis
1069 3052 1274 3091 hominum
1297 3062 1351 3091 at·

296 3117 374 3154 que
403 3108 599 3147 transiisse
625 3123 695 3161 per
731 3112 958 3149 memoriam
986 3125 1096 3162 aeque
1117 3125 1160 3149 ac
1189 3111 1288 3149 nihil
1311 3112 1351 3150 in

301 3293 325 3324 R
344 3244 409 3324 (338)
427 3246 587 3278 Luc-ianus
603 3248 807 3289 Pliilopseud.
831 3259 903 3292 cap.
928 3255 966 3283 32
983 3251 1047 3283 vol.
1073 3252 1131 3291 111,
1150 3259 1221 3292 pag.
1245 3254 1283 3284 59
1300 3252 1353 3297 ed.

330 3301 356 3324 ει
374 3301 402 3324 z.

343 3341 408 3380 (39)
433 3341 555 3372 Gellius
577 3342 631 3374 lib.
646 3344 676 3374 X
701 3352 769 3384 cap.
798 3348 846 3377 17.
865 3346 1080 3378 Tertullianus
1099 3346 1231 3386 apolog.
1250 3354 1278 3377 c.
1298 3348 1350 3378 46.

300 3386 415 3464 1(ζιίςεῖνο
431 3389 560 3420 Tuscul.
576 3389 664 3430 Disp.
683 3390 738 3423 lib.
757 3392 794 3431 V,
816 3394 875 3432 39;
896 3393 972 3425 item
991 3393 1030 3425 de
1044 3393 1112 3425 Fin.
1130 3393 1204 3424 bon.
1223 3395 1255 3425 et
1274 3393 1350 3424 mal.

314 3441 355 3465 ι’).
416 3443 486 3476 cap.
509 3441 560 3469 29.

342 3482 404 3519 (40)
418 3485 534 3515 Seneca
554 3485 606 3516 lib.
628 3487 655 3517 ΙΙ
670 3485 709 3518 ‹le
727 3488 776 3518 Ira
793 3496 862 3528 cap.
885 3491 918 3520 to
931 3500 940 3528 ;
955 3488 995 3520 de
1016 3487 1259 3529 Tranquillitatc
1279 3496 1348 3528 cap.

1190 232 1258 272 DE
1288 229 1602 271 DEMOCRITO.

1406 320 1488 359 vita
1507 318 1729 358 mirandum
1749 328 1821 359 est.
1846 319 1889 359 In
1919 328 2069 358 tantum
2103 319 2197 358 fides
2225 319 2311 358 istis
2332 319 2470 372 sasque

1408 392 1526 419 omne
1557 379 1692 426 deest,
1724 378 1821 417 adeo
1841 386 1885 417 ut
1903 378 2029 430 iitqui
2050 387 2190 416 caetera
2209 377 2252 416 in
2279 378 2369 417 viro
2396 378 2468 418 illo

1409 439 1603 493 probant,
1630 438 1712 477 baec
1739 436 1825 490 ejus
1858 451 1978 489 opera
2008 451 2092 477 esse
2133 438 2365 478 infitientur.
2395 437 2472 478 Sed

1411 501 1565 538 frustra.
1587 497 1700 536 Hunc
1717 497 1825 536 enim
1845 497 2014 536 maxime
2033 497 2204 536 affixisse
2223 497 2366 537 animis
2381 509 2467 536 eam

1408 558 1656 598 dulcedinem
1685 565 1849 597 constat.
1870 557 2110 609 Plenumque
2122 556 2301 596 miraculi
2315 565 2354 596 et
2371 556 2468 606 hoc,

1410 618 1556 671 pariter
1593 624 1779 668 utrasque
1813 624 1914 655 artes
1951 616 2191 669 effloruisse,
2235 616 2470 656 medicinam

1411 678 1500 715 (lico
1524 676 1780 727 magicenque
1793 704 1803 722 ,
1819 675 1953 714 eadem
1967 683 2078 715 aetate
2091 676 2198 715 illam
2217 673 2470 729 Hippocrate,

1411 737 1510 775 hanc
1532 735 1754 775 Democrito
1775 734 2063 775 illustrantibus
2076 765 2087 783 ‚
2106 736 2211 775 circa
2224 735 2473 789 Peloponne-

1411 797 1558 835 siacum
1586 795 1749 834 Graeciae
1769 794 1919 833 bellum
1951 795 2056 846 quod
2090 804 2239 846 gestum
2260 805 2319 836 est
2338 809 2362 836 a
2378 795 2474 839 CCC

1411 855 1522 895 urbis
1548 864 1692 894 nostrae
1715 868 1831 893 anno.
1850 871 1867 889 υ
1902 853 2007 892 Nihil
2029 868 2201 906 unquam
2230 856 2362 895 minus
2381 868 2476 895 vere

1411 928 1526 966 quam
1541 914 1623 953 haec
1648 913 1770 953 verba
1786 913 1942 952 Plinius
1963 913 2135 965 scripsit.
2153 912 2228 952 Sed
2245 926 2366 966 quum
2381 913 2476 954 inde

1411 988 1432 1012 a
1451 974 1607 1013 Claudii
1628 972 1884 1026 Imperatoris
1906 981 2080 1025 tempore
2108 973 2237 1023 magia
2256 985 2327 1026 per
2347 972 2475 1026 impe·

1412 1035 1513 1073 rium
1534 1034 1751 1073 Romanum
1777 1045 1918 1084 magna
1938 1032 2117 1084 quotidie
2138 1033 2384 1072 incrementa
2403 1045 2476 1072 ca-

1411 1102 1546 1146 peret,
1568 1107 1647 1132 non
1661 1092 1895 1131 dubitabant
1913 1092 2070 1142 magicae
2086 1092 2235 1130 fraudis
2251 1090 2475 1132 defensores

1412 1154 1459 1192 ad
1478 1153 1749 1192 auctoritatem
1765 1152 1801 1190 ei
1820 1165 1934 1204 quam
1952 1151 2239 1204 profitebantur
2255 1150 2475 1205 disciplinae

1413 1213 1699 1252 conciliandam
1734 1211 1909 1263 antiquis
1960 1211 2224 1264 philosophiae
2250 1210 2476 1252 auctoribus

1412 1286 1533 1325 opera
1552 1271 1702 1322 magica
1716 1270 1927 1322 subjicere.
1944 1269 2207 1317 Quamobrem
2226 1270 2347 1309 Plinii
2365 1278 2477 1310 aetate

1412 1330 1618 1370 subdititia
1654 1330 1879 1368 ferebantur
1908 1330 2098 1382 opuscula
2131 1330 2180 1368 ad
2210 1330 2475 1371 Democritum

1413 1398 1610 1428 auctorem
1627 1403 1650 1428 a
1662 1388 1954 1441 subjector-ibus
1972 1390 2105 1430 relata.
2124 1389 2180 1427 Ex
2196 1389 2258 1428 his
2275 1390 2476 1442 opusculis

1417 1448 1565 1486 Plinius
1586 1448 1711 1487 variis
1736 1448 1913 1487 historiae
1942 1448 2131 1486 naturalis
2148 1448 2246 1486 locis
2268 1449 2387 1497 mira,
2409 1449 2474 1488 in-

1413 1506 1618 1545 credibilia
1631 1535 1642 1554 ,
1661 1515 1886 1559 portentosa
1903 1507 1943 1544 in
1965 1506 2135 1544 medium
2157 1507 2328 1558 profert,
2351 1520 2438 1559 quae
2454 1520 2477 1545 a

1413 1566 1637 1604 Democrito
1666 1567 1813 1618 scripta
1843 1578 1927 1605 esse
1949 1564 2031 1617 jam
2053 1578 2167 1604 nemo
2188 1565 2330 1606 credet.
2365 1568 2475 1605 Prae-

1414 1626 1516 1664 clare
1537 1638 1632 1664 vero
1658 1624 1811 1664 Gellius
1846 1624 1959 1664 Noct.
1983 1626 2060 1662 Att.
2089 1624 2139 1673 X,
2178 1638 2223 1662 12
2259 1624 2473 1674 intellexit,

1413 1685 1616 1737 deceptum
1645 1685 1764 1724 fuisse
1793 1685 1985 1723 naturalis
2019 1684 2196 1723 historiae
2230 1684 2473 1724 conditorem

1413 1743 1556 1782 libellis
1578 1743 1857 1795 supposititiis.
1879 1744 2129 1795 Quapropter
2149 1744 2199 1782 iis
2223 1757 2310 1796 quae
2330 1757 2378 1783 ex
2393 1744 2474 1785 Pli-

1414 1803 1480 1841 nio
1503 1804 1699 1855 excerpsit
1718 1803 1800 1841 haec
1821 1802 2027 1854 subjungit
2049 1817 2058 1840 ε
2083 1821 2097 1835 α
2121 1804 2242 1842 multa
2261 1812 2389 1843 autem
2410 1805 2476 1844 vi-

1413 1862 1555 1900 dentur
1574 1863 1623 1900 ab
1645 1861 1873 1900 hominibus
1903 1862 2004 1900 male
2029 1862 2256 1901 sollertibus
2284 1862 2477 1915 hujusce-

1415 1921 1521 1960 modi
1568 1930 1788 1960 commenta
1835 1921 1877 1959 in
1921 1922 2140 1960 Democriti
2183 1927 2344 1961 nomen'
2366 1923 2477 1972 data,

1414 1981 1635 2020 nobilitatis
1670 1981 1993 2033 auctoritatisque
2009 1980 2096 2033 ejus
2123 1980 2307 2034 perfugio
2332 1983 2476 2023 utenti-

1413 2040 1501 2080 bus.
1524 2058 1540 2075 2,
1562 2040 1695 2079 Plinio
1708 2040 1811 2079 haud
1831 2041 1914 2080 scio
1932 2054 1981 2079 an
2000 2053 2201 2093 opponere
2219 2041 2336 2081 liceat
2357 2043 2476 2082 etiam

1414 2099 1555 2140 C.Jul.
1585 2100 1763 2138 Solinum
1792 2100 1985 2151 Polyhist.
2020 2114 2106 2152 cap.
2137 2101 2158 2139 3
2186 2101 2290 2152 apud
2310 2102 2473 2143 Salmas.

1414 2159 1585 2199 Exercit.
1604 2159 1707 2198 Plin.
1724 2172 1812 2210 pag.
1834 2161 1878 2197 13
1904 2159 1964 2199 ed.
1982 2159 2094 2211 Traj.
2123 2160 2177 2198 ita
2198 2160 2433 2201 scribentem
2464 2177 2473 2200 ι

1419 2236 1435 2253 «
1451 2218 1595 2257 Verum
1622 2231 1714 2269 ager
1738 2218 1988 2266 corsicanus,
2015 2219 2122 2270 quod
2147 2220 2188 2257 in
2207 2233 2254 2258 eo
2273 2233 2367 2271 agro
2387 2221 2478 2260 uni·
2502 2229 2509 2234 '

1415 2291 1503 2315 cum
1524 2286 1602 2325 est,
1639 2277 1746 2316 solus
1766 2276 1847 2315 edit
1867 2290 1982 2328 quem
2004 2278 2196 2331 κατοχίτην
2217 2288 2361 2318 vocant
2375 2279 2477 2332 lapi-

1414 2335 1502 2373 dem
1525 2336 1604 2387 fatu
1627 2336 1917 2387 dignissimum.
1936 2337 2062 2388 Major
2083 2346 2140 2376 est
2157 2338 2307 2377 caeteris
2337 2339 2410 2391 quiv
2427 2339 2475 2378 ad
2511 2366 2518 2375 .

1414 2403 1593 2432 ornatum
1612 2394 1872 2446 destinantur,
1896 2409 1966 2433 nec
1986 2405 2063 2433 tam
2084 2409 2235 2446 gemma
2249 2410 2366 2448 quam
2383 2406 2480 2438 cau-v

1415 2462 1482 2492 tes.
1504 2454 1609 2493 ldem
1626 2455 1832 2507 impositas
1859 2469 1995 2494 manus
2017 2456 2182 2503 detinet,
2203 2456 2258 2494 ita
2277 2455 2476 2509 sejunctis

1415 2514 1652 2566 corporibus
1695 2524 1925 2563 annectens,
1962 2524 2005 2553 ut
2045 2529 2133 2554 cum
2179 2516 2267 2567 ipso
2307 2515 2478 2557 haereant

1415 2573 1560 2624 quibus
1594 2574 1792 2626 tangitur3
1825 2576 1881 2614 sic
1908 2576 1945 2614 ei
1969 2575 2069 2613 inest
2105 2575 2213 2613 velut
2246 2575 2295 2615 de
2324 2577 2477 2628 glutino

1414 2633 1579 2672 lentiore
1604 2634 1739 2673 nescio
1765 2635 1863 2686 quid
1883 2647 2034 2687 parque
2053 2635 2214 2685 gummi.
2248 2635 2476 2691 Accipimus

1414 2692 1682 2732 Democritum
1737 2693 1954 2732 Abderiten
1998 2695 2253 2732 ostentatione
2297 2696 2476 2748 scrupuli

1415 2751 1533 2804 hujus
1555 2753 1782 2804 frequenter
1808 2766 1921 2792 usum
1953 2753 2002 2791 ad
2026 2752 2268 2804 probandam
2284 2755 2475 2794 occultam

1414 2820 1564 2850 naturae
1589 2812 1805 2865 potentiam
1828 2812 1870 2850 in
1908 2811 2190 2850 certaminibus
2220 2825 2304 2863 quae
2338 2821 2476 2852 contra

1416 2885 1550 2923 magos
1571 2872 1722 2912 habuit.
1749 2890 1765 2908 n
1793 2872 1830 2912 Si
1854 2886 2027 2924 unquam
2051 2885 2138 2910 cum
2167 2871 2289 2921 magis
2316 2871 2360 2909 in
2383 2873 2474 2910 Per·

1417 2934 1502 2972 side
1537 2932 1703 2971 certavit
1732 2932 2006 2979 Democritus,
2027 2930 2134 2982 quod
2165 2930 2278 2968 valde
2308 2930 2472 2970 dubium

1415 3002 1493 3042 est,
1512 3006 1533 3032 e
1555 2992 1683 3032 Solini
1700 2991 1833 3031 verbis
1848 2992 1960 3043 sequi
1976 2991 2145 3039 videtur,
2170 2991 2364 3030 studuisse
2383 3005 2473 3030 eum

1417 3066 1547 3091 rerum
1564 3052 1800 3091 naturalium
1820 3064 1894 3103 ope
1913 3064 2111 3101 magorum
2130 3058 2251 3088 artem
2273 3049 2370 3089 nihil
2390 3064 2475 3091 esse

1417 3112 1695 3151 demonstrare.
1715 3110 1760 3148 In
1781 3111 1867 3162 ipsa
1886 3110 2041 3147 Graecia
2061 3110 2130 3147 illa
2150 3117 2376 3161 tempestate
2392 3123 2472 3150 non

1420 3255 1467 3284 15.
1483 3252 1627 3284 AElianus
1647 3252 1724 3282 Var.
1747 3250 1828 3282 nist.
1846 3249 1900 3281 lib.
1927 3250 1983 3287 lv,
2004 3252 2060 3289 203
2084 3250 2125 3281 cf.
2154 3251 2211 3290 lV,
2229 3252 2279 3282 29.
2305 3249 2421 3283 suidas
2438 3259 2470 3284 ν.

1414 3300 1619 3341 Δημόκριτος.
1638 3298 1790 3338 ἐπεκλήθη
1804 3297 1837 3329 δὲ
1859 3297 1911 3328 καὶ
1928 3297 2091 3333 remotim<
2111 3297 2161 3328 διὰ
2183 3298 2218 3330 τὸ
2240 3298 2332 3339 γε).ᾄν
2349 3298 2472 3339 πρὸςτὸ

1413 3347 1623 3379 κενόσπουδον
1639 3349 1702 3378 τῶν
1716 3345 1898 3386 ἀνθρώπων.
1917 3345 2067 3376 Juvenal.
2086 3346 2151 3377 Sat.
2173 3346 2216 3386 X,
2234 3348 2341 3378 33-53.
2365 3346 2470 3378 Hor--

1416 3393 1477 3424 tius
1493 3393 1589 3434 Epist.
1612 3392 1665 3424 lib.
1684 3394 1727 3431 ll,
1748 3394 1761 3424 1
1781 3400 1830 3423 vs.
1858 3392 1915 3423 194
1937 3395 2009 3422 201.

1457 3441 1521 3483 (41)
1538 3440 1657 3473 Plinius
1673 3439 1756 3472 Hist.
1770 3441 1838 3472 nat.
1858 3438 1911 3470 lib.
1929 3439 2015 3469 XXX
2035 3446 2105 3478 cap.
2126 3440 2152 3469 1.
