2612 3814
1040 244 1109 284 DE
1138 243 1468 284 EMPEDOCLE.

2254 265 2336 312 xvij

166 342 317 390 quanto
343 339 383 377 in
416 348 545 376 errore
577 339 782 375 versentur
802 336 872 385 qui
896 335 939 373 in
968 333 1220 384 explananda
1260 334 1399 387 ‘modo
1415 334 1478 373 dei
1499 334 1659 373 nomine
1689 334 1832 382 afficit,
1855 338 1969 386 quasi
1989 337 2054 376 ille
2076 343 2217 388 praeter
2233 338 2339 378 hunc

165 403 413 455 Empedoclis
428 400 671 453 philosophia
685 400 847 439 deorum
862 399 1147 438 immortalium
1162 410 1221 438 res

165 470 408 518 omninoque
434 467 606 506 coelestia
624 475 714 504 cum
734 463 810 503 hoc
838 464 1106 503 universitatis
1131 474 1215 502 cor-

165 545 258 584 pore
279 532 320 573 in
358 544 459 584 quo,
497 531 606 570 salva
653 530 935 569 elementorum
977 530 1194 567 aeternitate
1206 557 1216 575 ,

164 599 297 638 omnia
316 602 409 637 sunt
431 595 613 636 mortalia
632 599 673 634 et
703 594 872 645 caduca,
899 594 1155 632 commiscere
1182 598 1221 632 et

163 662 402 703 confundere
432 673 513 701 non
545 660 778 700 dubitarunt
810 659 880 711 (ι).
918 660 1113 699 Nimirum
1152 657 1220 697 illa

163 740 244 768 non
260 729 389 768 solum
407 739 480 767 sua
498 731 642 766 natura
656 756 667 778 ,
685 726 755 765 sed
771 727 890 764 etiam
906 723 1083 764 locorum
1098 726 1219 763 inter-

163 795 282 835 vallis
301 795 449 833 distare
474 795 578 833 inter
597 804 637 832 se
655 791 911 843 philosophus
930 790 1107 829 credidit.
1128 789 1150 827 J
1154 800 1218 828 am

162 861 362 910 quaeritur,
387 857 483 908 quid
511 857 768 907 Empedocles
791 855 840 894 de
862 855 937 893 diis
957 865 1003 893 ac
1021 854 1071 892 de
1094 854 1218 904 geniis

161 926 244 964 sive
259 922 503 962 daemonibus
520 932 733 970 eorumque
748 930 838 958 cum
851 918 1076 957 hominibus
1090 928 1219 956 neces-

162 989 335 1028 situdine
351 988 563 1038 censuerit,
582 985 782 1036 quomodo
801 984 878 1023 illae
906 980 1111 1037 τρισμύριαι
1128 974 1218 1034 ὧραι

162 1053 425 1105 intelligendae
456 1054 558 1102 sint,
595 1051 765 1101 denique
795 1060 892 1089 num
920 1050 962 1087 in
995 1048 1218 1087 definienda

161 1119 326 1158 deorum
341 1122 485 1157 natura
505 1116 578 1155 sibi
599 1116 823 1166 congruerit
842 1112 1109 1164 philosophus.

214 1182 470 1234 Empedocles
490 1181 638 1232 duplex
659 1180 812 1219 videtur
831 1179 996 1218 deorum
1015 1188 1138 1228 genus
1155 1178 1214 1216 di-

160 1249 364 1296 stinxisse,
386 1246 551 1285 alterum
572 1249 755 1284 aeternum
768 1273 780 1295 ‚
797 1243 1012 1294 perfectum
1026 1272 1036 1291 ‚
1055 1244 1219 1281 sanctis-

159 1314 320 1362 simum,
333 1321 491 1350 summa
509 1309 675 1359 denique
690 1309 941 1358 conspicuum
955 1306 1194 1346 beatitudine
1204 1337 1215 1354 ‚

159 1378 329 1418 alterum
349 1376 486 1427 fragile
501 1380 539 1414 et
558 1375 769 1425 caducum,
786 1378 831 1413 ut
849 1384 870 1412 e
882 1377 1037 1412 terrena
1056 1373 1219 1411 materie

159 1448 383 1484 concretum
397 1472 408 1490 ,
424 1453 470 1481 ac
485 1443 627 1493 partim
644 1440 832 1480 diuturna
851 1439 1010 1490 quidem
1023 1468 1035 1490 ,
1050 1438 1117 1477 sed
1137 1450 1218 1477 non

159 1510 395 1558 sempiterna
421 1507 503 1546 vita
521 1505 727 1556 praeditum
742 1534 753 1554 ,
776 1505 922 1554 partim
945 1515 1037 1542 vero
1061 1507 1218 1552 propter

159 1574 330 1612 materiae
348 1572 632 1622 perennitatem
654 1573 907 1620 perpetuum,
931 1579 955 1607 a
974 1569 1080 1607 vitiis
1100 1569 1216 1607 etiam

158 1637 362 1676 hominum
381 1638 506 1675 instar
518 1646 596 1674 non
606 1636 794 1674 immune.
809 1633 924 1672 Prius
943 1632 1041 1671 illud
1055 1632 1218 1670 deorum

160 1713 283 1753 genus
299 1701 516 1741 luculenter
531 1702 578 1739 iis
594 1700 770 1739 versibus
783 1696 834 1751 (2)
850 1698 1060 1748 describit,
1076 1698 1218 1748 quibus

158 1766 215 1804 ait
233 1765 350 1804 deum
376 1775 457 1803 non
478 1775 583 1811 esse,
605 1767 651 1803 ut
677 1762 821 1813 vulgus
841 1763 1032 1812 opinetur,
1062 1761 1218 1799 mortali

158 1841 320 1881 corpore
353 1831 586 1869 instructum
600 1858 611 1876 ,
653 1838 780 1878 neque
827 1827 951 1866 oculis
986 1826 1218 1865 manibusve

157 1907 271 1947 posse
285 1897 447 1946 attingi,
463 1894 532 1934 sed
545 1898 717 1933 mentem
735 1905 819 1932 esse
836 1897 1014 1932 sanctam
1030 1897 1069 1930 et
1084 1892 1217 1931 infini—

157 1965 264 2005 tam,
281 1961 508 1998 universum
539 1958 654 1997 celeri
677 1959 912 2008 cogitatione
932 1961 1212 2007 permeantem.

157 2025 202 2064 ln
218 2025 323 2064 hanc
341 2024 484 2062 mentis
503 2025 752 2061 sanctitatem
769 2023 862 2072 quin
877 2021 993 2060 cadat
1013 2021 1217 2060 beatitudo

156 2089 320 2128 dubium
342 2099 427 2127 esse
458 2088 616 2137 nequit,
638 2086 758 2137 idque
777 2090 911 2137 aperte
936 2090 1110 2125 testatur
1130 2086 1214 2136 phi-

157 2152 343 2204 losophus
359 2154 399 2191 in
415 2153 599 2191 carminis
616 2152 804 2201 prooemio
819 2151 888 2188 τῶν
912 2149 1083 2204 μακάρων
1102 2161 1215 2189 men-

157 2220 267 2257 tione
291 2217 395 2256 facta
420 2218 487 2266 qui
513 2220 606 2255 sunt
622 2215 676 2254 dii
695 2215 856 2254 beatum
877 2225 1005 2254 aevum
1025 2214 1163 2265 procul
1192 2226 1214 2253 a

158 2282 386 2321 mortalibus
405 2285 582 2331 agentes,
596 2279 700 2318 Alibi
720 2283 834 2330 poeta
853 2280 910 2318 ita
926 2279 1018 2318 deos
1031 2279 1209 2317 homini-

157 2347 230 2385 bus
263 2346 449 2396 opponit,
482 2349 529 2383 ut
564 2343 652 2383 illos
689 2344 821 2382 beatos
852 2348 892 2382 et
927 2348 1091 2382 aeternos
1105 2373 1115 2393 ,
1144 2342 1215 2381 hos

157 2413 364 2462 aerumnis,
383 2409 721 2448 vicissitudinibus
744 2413 784 2447 et
803 2408 896 2448 fatis
918 2409 1110 2447 obnoxios
1144 2420 1214 2458 ap-

156 2475 275 2526 pellet
297 2472 368 2527 (3).
390 2474 465 2513 Hic
480 2478 610 2512 autem
631 2473 743 2512 locus
761 2473 822 2512 vel
841 2473 930 2512 ideo
949 2472 1215 2511 memorabilis

158 2545 242 2587 est,
263 2539 370 2590 quod
400 2539 653 2577 Aristotelem
687 2537 738 2588 (4)
768 2540 909 2576 erroris
939 2539 1118 2588 coarguit
1145 2539 1213 2587 qui

159 2602 405 2653 Empedoclis
451 2601 643 2650 sphaeram
680 2601 908 2650 simpliciter
944 2601 1062 2639 modo
1095 2602 1215 2639 unius

1280 398 1443 449 globum
1467 397 1620 437 nullum
1649 401 1803 438 noverit
1828 410 1974 439 numen
2000 401 2191 441 divinum.
2224 403 2339 450 Quod

1278 466 1410 501 autem
1428 474 1450 501 e
1466 464 1567 502 vatis
1587 463 1838 514 Agrigentini
1856 464 2009 514 placitis
2028 464 2180 504 efficere
2199 477 2335 517 aggre-

1280 527 1404 578 ditur,
1426 527 1542 566 deum
1562 529 1681 566 istum
1709 527 1981 567 felicissimum
2014 531 2144 567 minus
2170 541 2254 569 esse
2277 543 2340 571 sa-

1280 594 1451 644 pientem
1475 591 1530 645 (5)
1552 594 1705 632 caeteris
1734 593 1874 644 rebus,
1895 595 1990 643 quia
2009 605 2088 632 non
2111 597 2243 634 omnia
2262 597 2338 635 ele-

1279 662 1413 695 menta
1432 658 1591 707 cognita
1613 657 1757 696 habeat
1769 686 1781 708 ,
1799 668 1923 707 quum
1950 663 2101 697 remota
2119 661 2170 697 sit
2192 660 2340 699 discor-

1280 721 1373 772 dia,
1396 721 1539 760 similia
1557 726 1689 760 autem
1712 722 1910 761 similibus
1930 727 2082 761 tantum
2100 734 2340 774 cognoscan-

1279 790 1359 833 tur,
1381 785 1422 824 id
1441 790 1576 836 aperte
1610 784 1753 825 salsum
1784 791 1867 833 est,
1891 788 1923 825 si
1945 787 1994 825 de
2022 789 2153 837 priore
2176 787 2339 829 deorum

1279 860 1418 900 genere
1428 849 1670 901 intelligitur.
1682 849 1758 898 Qui
1772 851 1877 889 enim
1897 861 2028 889 rerum
2043 853 2339 892 universitatem

1281 919 1411 953 mente
1433 915 1719 965 complectitur,
1741 925 1830 954 eum
1848 926 1927 954 non
1946 915 2064 954 modo
2081 916 2337 965 beatitudine,

1279 980 1348 1018 sed
1367 981 1487 1018 etiam
1506 981 1697 1029 sapientia
1716 981 1771 1018 ita
1793 980 1983 1019 excellere
2008 985 2162 1031 oportet
2178 1011 2189 1029 ‚
2213 987 2259 1021 ut
2278 994 2338 1022 re·

1281 1044 1388 1093 liqua
1412 1045 1545 1082 omnia
1566 1048 1760 1094 tanquam
1793 1044 1896 1083 infra
1927 1055 1970 1083 se
1998 1047 2127 1094 posita
2160 1057 2232 1085 sua
2256 1048 2339 1097 ipse

1280 1110 1489 1149 divinitate
1521 1110 1682 1148 obruat.
1719 1111 1770 1148 At
1803 1109 1941 1160 globus
1971 1112 2047 1149 iste
2072 1122 2191 1160 quem
2220 1114 2338 1151 etiam

1278 1177 1360 1226 ipse
1385 1175 1641 1226 Empedocles
1665 1175 1808 1215 alicubi
1829 1173 1882 1228 (6)
1907 1176 2024 1215 deum
2048 1182 2185 1225 vocat,
2207 1184 2340 1228 poste—

1280 1243 1373 1280 riori
1392 1242 1554 1281 deorum
1573 1244 1704 1293 generi
1717 1243 2036 1282 adnumerandus
2052 1247 2122 1282 est.
2139 1244 2183 1283 In
2200 1244 2338 1285 horum

1279 1317 1371 1344 vero
1391 1317 1556 1345 numero
1573 1306 1754 1356 ponenda
1773 1311 1913 1357 praeter
1932 1307 2046 1346 illum
2063 1313 2250 1357 quattuor
2266 1310 2340 1349 ele-

1279 1376 1415 1411 menta
1435 1372 1582 1411 divinis
1602 1372 1829 1411 nominibus
1861 1384 1885 1411 a
1907 1372 2142 1424 philosopho
2163 1380 2303 1414 ornata
2326 1387 2335 1413 ε

1279 1437 1448 1487 Jupiter,
1469 1437 1599 1488 Juno,
1622 1437 1780 1489 Hades,
1805 1437 1955 1486 Nestis,
1980 1439 2077 1477 item
2098 1440 2285 1479 Amicitia·
2301 1445 2341 1479 et

1279 1503 1479 1542 Discordia
1497 1501 1566 1555 (7).
1597 1503 1699 1542 Nam
1719 1514 1843 1553 quum
1860 1514 1880 1542 e
1904 1503 2158 1553 Xenophanis
2176 1509 2340 1544 senten-

1278 1571 1332 1608 tia
1353 1569 1548 1608 Homerus
1571 1573 1608 1608 et
1626 1568 1822 1608 Hesiodus
1842 1568 1919 1607 diis
1938 1569 2213 1609 attribuissent
2232 1582 2339 1621 quae-

1278 1644 1436 1684 cunque
1476 1635 1577 1672 inter
1623 1633 1807 1672 homines
1855 1633 2024 1672 dedecus
2062 1638 2100 1673 et
2150 1635 2337 1685 probrum

1278 1703 1467 1749 putantur
1503 1696 1573 1751 (8),
1610 1698 1866 1748 Empedocles
1893 1700 2148 1748 antiquorum
2174 1700 2337 1740 deorum

1278 1765 1504 1804 nominibus
1524 1764 1574 1803 ad
1593 1764 1881 1815 designandum
1897 1764 2060 1803 inferius
2078 1765 2152 1804 hoc
2175 1766 2335 1805 deorum

1279 1842 1402 1881 genus
1418 1832 1478 1869 uti
1497 1841 1577 1869 non
1597 1833 1783 1880 gravatus
1803 1834 1871 1869 est.
1902 1828 2077 1880 Denique
2098 1831 2149 1869 ad
2169 1830 2239 1870 hos
2259 1843 2338 1870 una

1279 1908 1369 1936 cum
1391 1896 1644 1943 hominibus,
1664 1895 1800 1934 bestiis
1814 1926 1826 1947 ,
1848 1896 1998 1946 plantis
2019 1898 2220 1946 pertinent
2246 1898 2336 1936 reli-

1278 1965 1347 2013 qui
1378 1963 1435 2002 dii
1462 1974 1512 2002 ex
1542 1962 1831 2001 elementorum
1864 1965 2206 2013 coagmentatione
2244 1974 2337 2003 con-

1278 2029 1360 2067 flati
1382 2040 1392 2066 ε

1332 2116 1373 2154 ἐκ
1399 2116 1468 2153 τῶν
1495 2113 1600 2152 πάνθ’
1625 2111 1692 2152 δ’σα
1722 2115 1755 2152 τ’
1779 2107 1821 2161 ἦν
1849 2112 1914 2153 ὅσα
1939 2112 2060 2152 τ’ἔσθ’
2087 2114 2153 2153 ὅσα
2182 2116 2215 2153 τ’
2236 2113 2335 2153 ἔσται

2171 2178 2334 2229 [ὀπίσσω,

1334 2244 1477 2298 δένδρεά
1504 2244 1534 2283 τ’
1555 2243 1754 2292 ἐὸλάστησε
1772 2243 1833 2283 καὶ
1853 2243 1970 2297 ἀνέρες
1989 2243 2052 2291 ἠδὲ
2070 2249 2252 2296 γυναῖκες,

1333 2309 1435 2365 θῆρές
1448 2309 1479 2349 τ’
1499 2309 1613 2348 οἰωνοί
1627 2324 1664 2347 τε
1685 2308 1746 2348 καὶ
1767 2307 2068 2361 ὑδατοθρέμμονες
2090 2309 2208 2361 ἰχθῦς,

1330 2376 1392 2416 καί
1411 2392 1450 2415 τε
1469 2375 1539 2415 θεοὶ
1557 2374 1782 2429 δολιχαίωνες
1802 2376 1926 2426 τιμῇσι
1947 2373 2102 2428 φέριστοι
2120 2372 2187 2428 (9).

1277 2468 1394 2508 Tales
1414 2468 1500 2507 sine
1516 2466 1637 2505 dubio
1672 2464 1834 2503 fuerunt
1853 2463 1908 2502 dii
1932 2474 2031 2514 quos
2050 2464 2192 2514 vulgus
2214 2467 2336 2514 puta-

1276 2534 1344 2572 bat
1373 2537 1411 2571 et
1441 2533 1546 2583 genii
1579 2530 1640 2568 illi
1663 2539 1765 2579 quos
1785 2529 1869 2579 ipse
1887 2532 2135 2567 commentus
2162 2533 2234 2567 est.
2258 2529 2334 2577 Qui

1280 2609 1410 2637 rerum
1433 2597 1697 2635 humanarum
1715 2604 1853 2633 curam
1879 2597 2060 2644 gerentes
2079 2594 2182 2632 inter
2197 2593 2337 2632 beatos

159 2671 2332 2690 Μ

199 2720 230 2761 1)
253 2718 444 2753 Karstenius
465 2718 499 2750 et
519 2716 787 2750 Panzerbieterus
802 2716 826 2750 l.
841 2725 870 2749 c.

197 2770 229 2805 2)
252 2770 312 2808 Ap.
329 2767 489 2798 Clement.
517 2765 608 2797 Alex.
629 2766 749 2797 Strom.
765 2766 808 2801 V,
829 2773 860 2805 p.
882 2767 938 2798 587
971 2765 996 2797 B
1016 2764 1048 2796 et
1068 2763 1214 2796 Theodo-

156 2818 215 2850 ret.
230 2815 367 2856 Therap.
385 2817 412 2852 l,
433 2824 465 2855 p.
483 2816 544 2846 476
572 2815 611 2846 D.
633 2813 719 2855 (vss.
750 2813 912 2855 389-391)
937 2812 1094 2845 οὐκέστιν
1119 2811 1211 2844 πελά-

155 2864 247 2898 aaa&
265 2863 330 2896 οὐδ’
347 2862 551 2903 ὀφθαλμοῖσιν
570 2861 693 2903 ἐφικτόν
706 2861 774 2893 κτλ.

198 2911 230 2953 3)
254 2910 347 2952 Apud
380 2910 542 2943 Clement.
573 2909 596 2942 l.
621 2909 642 2941 l.
669 2911 710 2948 V,
742 2918 774 2950 p.
810 2912 870 2942 607
911 2909 947 2941 Β.
975 2909 1008 2940 et
1037 2906 1212 2940 Eusebium

156 2961 264 3000 Praep.
283 2960 344 2991 Ev.
365 2960 455 2997 Xlll,
488 2962 524 2990 13
543 2966 572 2998 p.
604 2958 664 2989 684
692 2955 771 2997 (vss.
794 2955 954 2996 460-461)
983 2954 1147 2991 ἀθανάτοις
1161 2954 1213 2987 ἆλ-

154 3007 254 3040 λοισιν
268 3006 410 3049 ὀμέστιοι
430 3005 462 3038 ἔν
478 3016 512 3037 τε
527 3005 692 3047 τραπέζαις
705 3003 773 3035 κτλ.

197 3054 231 3096 4)
254 3053 387 3087 Aristot.
413 3052 554 3094 Metaph.
573 3054 618 3085 Il.
635 3054 651 3084 4
680 3064 689 3084 ε
718 3052 771 3083 καὶ
791 3050 852 3092 γὰρ
868 3050 960 3092 ὅνπερ
980 3049 1100 3088 οἰηθείη
1115 3049 1214 3089 λέγειν

157 3103 195 3135 ἄν
208 3113 254 3140 τις
274 3101 412 3143 μάλιστα
433 3100 695 3142 ὁμολογουμένως
712 3099 819 3140 αὐτῷ,
838 3096 1074 3140 Ἐμπεδοκλῆς,
1091 3097 1145 3128 καὶ
1162 3095 1212 3128 οὗ·

158 3161 210 3187 τος
228 3149 341 3183 ταύτὸν
359 3148 523 3181 πέπονθεν·
539 3147 642 3184 τίθησι
659 3145 714 3187 μὲν
741 3145 800 3188 γὰρ
825 3145 924 3187 ἀρχήν
945 3156 1016 3177 τινα
1033 3144 1136 3176 αἰτίαν
1161 3147 1215 3182 τῆς

158 3198 271 3239 φθορᾶς
286 3197 323 3229 τὸ
338 3199 440 3232 νεῖκος
451 3220 461 3236 ,
478 3195 574 3233 δόξειε
590 3193 616 3227 δ’
633 3195 670 3226 ἂν
684 3193 772 3226 οὐθὲν
795 3192 891 3233 ἦττον
915 3193 968 3224 καὶ
997 3195 1090 3223 τοῦτο
1106 3193 1214 3232 γεννᾶν

158 3246 217 3283 ἔξω
231 3248 287 3278 τοῦ
304 3245 381 3282 ἑνός·
398 3244 523 3276 ἅπαντα
538 3244 598 3284 γὰρ
622 3242 658 3274 ἐκ
672 3241 784 3274 τούτου
800 3240 898 3273 τᾶλλά
915 3241 982 3272 ἐστι
996 3240 1076 3278 πλὴν
1090 3240 1107 3271 ὁ
1130 3239 1212 3275 θεός.

159 3293 253 3333 Λέγει
269 3295 357 3333 γοῦν·
377 3304 393 3320 ιι
409 3292 439 3328 ἐξ
452 3291 496 3323 ὧν
512 3289 604 3322 πάνθ’
621 3290 683 3322 ὅσα
698 3288 726 3321 τ’
743 3288 781 3329 ἦν
803 3288 865 3320 ὅσα
880 3288 907 3319 τ’
926 3286 991 3319 ἐσθ’
1005 3286 1067 3318 ὅσα
1080 3284 1108 3317 τ’
1124 3285 1214 3317 ἔσται

157 3340 285 3372 ὀπίσσω
304 3352 319 3368 ιι
344 3351 375 3371 κ.
404 3350 432 3371 τ.
457 3339 486 3371 λ.
513 3337 618 3370 Verba
638 3338 698 3375 ἔξω
715 3339 771 3368 τοῦ
797 3336 863 3372 ἑνὸς
882 3338 968 3366 recte
985 3334 1214 3373 interpretatur

160 3387 305 3419 Bonitius
322 3399 331 3419 ς
354 3399 371 3415 ιι
392 3387 510 3427 praeter
527 3384 692 3425 spliaerum
708 3383 778 3416 sive
793 3382 999 3415 indiscretam
1018 3380 1106 3412 illam
1130 3389 1214 3420 qna-

162 3438 233 3466 tuor
246 3433 478 3466 elementorum
488 3432 683 3473 mistionem,
697 3440 796 3474 quam
810 3430 906 3463 etiam
922 3429 1019 3461 deum
1031 3427 1182 3469 appellat.
1197 3437 1214 3453 n

159 3479 210 3512 Cf.
228 3479 268 3512 dc
286 3481 368 3513 Gen.
392 3482 425 3512 et
445 3489 527 3512 corr.
545 3481 589 3519 Il,
612 3483 641 3512 o.

205 3528 237 3569 5)
261 3529 390 3561 Aristot.
409 3528 552 3569 metaph.
577 3527 599 3561 l.
620 3536 648 3560 c.
672 3535 742 3569 pag.
767 3529 857 3559 1000.
886 3525 923 3557 B.
945 3524 995 3556 ed.
1020 3522 1106 3556 Bekk
1126 3531 1134 3551 ε
1166 3522 1214 3554 διὸ

1277 2716 1330 2748 καὶ
1347 2713 1514 2756 συμὸαίνει
1535 2713 1621 2752 αὐτῷ
1646 2711 1700 2743 τὸν
1719 2710 2000 2751 εὐδαιμονέστατον
2023 2709 2093 2742 θεὸν
2115 2708 2209 2749 ἦττον
2229 2709 2332 2750 φρόνι-

1279 2775 1336 2805 μον
1351 2763 1430 2795 εἶναι
1446 2765 1509 2794 τῶν
1528 2761 1644 2792 ἄλλων·
1661 2759 1697 2791 οὐ
1714 2759 1774 2800 γὰρ
1784 2758 1925 2800 γνωρίζει
1944 2758 1985 2790 τὰ
2005 2761 2150 2799 στοιχεῖα
2162 2757 2279 2790 πάντα·
2301 2758 2337 2790 τὸ

1277 2813 1337 2853 γὰρ
1354 2815 1453 2847 νεῖκος
1472 2810 1532 2842 οὐκ
1560 2809 1644 2850 ἔχει,
1674 2809 1695 2846 ἡ
1722 2807 1755 2839 δὲ
1780 2810 1895 2848 γνῶσις
1924 2811 1980 2839 τοῦ
2008 2806 2121 2848 ὁμοίου
2150 2808 2198 2847 τῷ
2220 2806 2334 2848 ὁμοίῳ·

1281 2873 1297 2889 ιι
1316 2859 1391 2900 γαίῃ
1415 2859 1472 2900 μὲν
1495 2857 1567 2899 γάρ,
1585 2855 1661 2897 φησί
1674 2879 1683 2892 .
1699 2858 1793 2896 γαῖαν
1807 2855 1984 2896 ὀπώπαμεν
1999 2855 2067 2886 κτλ.
2089 2866 2105 2882 υ

1319 2907 1351 2948 6)
1376 2909 1436 2947 Ap.
1467 2904 1613 2945 Simplic.
1639 2903 1671 2935 in
1697 2903 1794 2944 Phys.
1826 2905 1916 2944 Vlll,
1937 2904 1958 2936 s.
1987 2904 2047 2936 272
2065 2904 2102 2935 B.
2123 2914 2132 2934 ε
2151 2901 2255 2934 πάντα
2278 2901 2337 2944 γὰρ

1276 2956 1372 2994 ἑξείης
1401 2954 1580 2996 πελεμίζετο
1610 2955 1683 2993 γυῖα
1701 2952 1797 2983 θεοῖο.
1817 2951 1877 2983 Sed
1901 2951 1966 2983 veri
1995 2950 2053 2989 dii,
2086 2951 2124 2982 ut
2147 2958 2165 2982 e
2187 2949 2336 2982 versibus

1276 3013 1372 3045 supra
1390 3003 1484 3045 (adn.
1497 3001 1531 3043 2)
1553 3001 1656 3033 allatis
1674 3002 1774 3042 patet,
1793 3008 1857 3032 non
1877 2999 1996 3031 liabent
2018 2998 2176 3030 membra.

1319 3052 1350 3093 7)
1375 3055 1434 3092 Ap.
1454 3050 1621 3083 Stobaeum
1642 3049 1709 3081 ΕΗ.
1729 3049 1756 3088 Ι,
1780 3058 1810 3079 c.
1835 3050 1885 3088 11,
1908 3050 1939 3080 11
1959 3056 1991 3088 p.
2014 3049 2072 3079 287
2096 3049 2128 3078 et
2147 3044 2228 3078 alios
2255 3045 2336 3078 scri-

1278 3102 1393 3141 ptores.
1413 3098 1489 3131 Vid.
1511 3097 1551 3130 ad
1565 3107 1633 3131 vss.
1656 3101 1714 3130 159
1734 3100 1790 3128 162
1803 3096 1944 3137 τέσσαρα
1957 3098 2020 3127 τῶν
2035 3094 2160 3126 πάντων
2175 3094 2336 3135 ῥιζώματα

1275 3151 1398 3190 πρῶτον
1418 3147 1488 3180 ἔασι
1505 3146 1574 3178 κτλ.

1318 3196 1350 3236 8)
1375 3195 1588 3236 Xenophanes
1605 3194 1718 3234 fragm.
1740 3195 1756 3225 7
1777 3204 1786 3224 :

1358 3289 1462 3321 πάντα
1478 3289 1557 3324 θεοῖς
1576 3286 1732 3324 ἀνέθηκαν
1745 3285 1887 3326 Ὅμηρός
1905 3284 1931 3316 θ’
1945 3283 2095 3320 *Ησίοδός
2113 3294 2146 3315 τε

1359 3337 1443 3368 ὅσσα
1459 3336 1530 3377 παρ’
1546 3334 1754 3375 ἀνθρώποισιν
1778 3333 1899 3365 ὀνείδεα
1915 3333 1968 3363 καὶ
1982 3332 2081 3373 ψόγος
2100 3330 2167 3363 ἐστί
2180 3355 2189 3370 ,

1358 3385 1412 3416 καὶ
1432 3383 1552 3415 πλεῖστ’
1570 3382 1752 3423 ἐφθέγξαντο
1773 3382 1850 3413 θεῶν
1865 3380 2031 3420 ἀθεμίστια
2044 3379 2119 3420 ἔργα
2133 3402 2141 3416 ,

1358 3432 1500 3463 κλέπτειν
1513 3455 1522 3471 ,
1537 3430 1694 3472 μοιχεύειν
1712 3440 1746 3461 τε
1765 3429 1818 3461 καὶ
1836 3428 1986 3466 ἀλλήλους
2004 3425 2185 3458 ἁπατεύειν.

1318 3522 1350 3561 9)
1374 3521 1433 3561 Ap.
1453 3519 1583 3552 Aristot.
1604 3518 1745 3559 Metapli.
1759 3517 1782 3552 l.
1796 3527 1824 3549 c.
1841 3520 1872 3548 et
1889 3515 1977 3547 alibi.
