2612 3814
334 228 406 265 30⁴

1159 189 1492 249 Anis‘roreus
1526 208 1677 249 Lim-:n

300 321 319 348 ι
336 301 396 342 καὶ
409 300 484 340 ἔστι
503 299 542 339 τὸ
564 299 613 351 μὴ
627 299 664 338 ὂν
685 299 734 350 μὴ
750 298 803 347 ὄν,
817 298 997 352 οὖχοῦτως
1013 298 1142 350 ὁμοίως
1151 297 1192 336 ἂν
1206 297 1260 345 εἴη
1281 298 1321 337 τὸ
1341 296 1391 348 μὴ
1457 295 1507 347 μὴ
1525 294 1561 335 ὂν
1585 295 1676 347 ἔστι,
1700 296 1761 335 καὶ
1784 297 1823 336 τὸ
1842 296 1879 336 ὂν
1906 297 1957 350 μὴ
1977 291 2084 338 εἶναι.
2110 299 2155 338 Εἴ
2185 298 2220 337 δὲ
2252 298 2314 338 καὶ
2345 298 2447 340 τοῦτό
2460 314 2514 346 τις

282 671 313 697 to

337 362 374 401 ὃν
388 362 437 414 τῷ
454 359 547 399 ὄντι·
567 359 605 398 τὸ
622 358 684 410 μὲν
699 357 768 411 γάρ
788 359 862 399 ἔστι
884 357 934 410 μὴ
956 359 1009 410 ὄν,
1029 358 1070 397 τὸ
1085 356 1120 397 δὲ
1138 356 1199 397 καὶ
1214 356 1308 396 ἔστιν
1327 359 1390 395 ἔτι.

339 422 383 462 Εἰ
403 420 438 460 δὲ
460 419 540 468 καί,
558 419 679 463 ἁπλῶς
702 420 827 470 εἰπεῖν,
851 417 988 467 ἀληθές,
1017 419 1064 461 ὡς
1085 416 1126 464 δὴ
1148 415 1341 468 θαυμάσιόν
1361 416 1393 468 γ’

337 478 380 518 ἂν
402 479 454 527 εἴη
476 479 522 518 τὸ
551 477 610 529 μὴ
641 476 686 517 ὂν
715 476 859 518 ἔστιν·
893 477 984 526 ἀλλ’,
1004 478 1034 516 εἰ
1051 475 1092 524 δὴ
1114 476 1220 526 οὕτω,
1245 475 1392 527 πότερον

336 540 469 589 μᾶλλον
487 536 668 589 ξυμὸαίνει
690 535 830 575 ἅπαντα
850 530 952 584 εἶναι,
972 535 995 583 ἢ
1014 535 1063 587 μὴ
1080 529 1187 585 εἶναι;
1215 535 1301 575 αὐτὸ
1322 533 1390 587 γὰρ

335 598 426 637 οὕτω
447 613 486 651 γε
509 596 706 636 τούναντίον
722 595 811 635 ἔοικε
825 595 1015 648 γίγνεσθαι.
1081 597 1123 636 Εἰ
1142 595 1210 648 γὰρ
1227 594 1266 633 τό
1280 610 1317 633 τε
1338 594 1387 645 μὴ

335 656 372 697 ὃν
392 657 467 698 ἔστι
492 657 552 696 καὶ
585 658 624 695 τὸ
657 655 695 695 ὂν
727 654 835 706 ἔστιν,
864 655 1004 693 ἅπαντα
1038 653 1131 693 ἔστι·
1165 654 1225 693 καὶ
1256 653 1324 705 γὰρ
1343 653 1387 693 τὰ

334 716 418 757 ὄντα
435 717 493 756 καὶ
513 716 557 755 τὰ
579 715 628 768 μὴ
656 714 739 755 ὄντα
762 714 871 755 ἔστιν.
931 715 1008 754 Οὐκ
1039 712 1176 767 ἀνάγκη
1197 713 1281 767 γάρ,
1302 713 1387 753 εἰτὸ

332 868 416 901 lllud
437 871 542 900 tamen
560 866 753 908 probabilius
770 874 837 898 esse
854 866 961 906 putal;
982 867 1078 905 atque
1100 865 1143 896 ita
1162 864 1235 903 legit
1256 863 1385 896 Felicia—

332 924 410 954 nus,
424 915 515 955 cujus
535 914 603 947 lioec
620 915 697 946 sunt
717 912 836 945 verba:
856 925 871 940 α
888 914 969 945 Nam
983 912 1008 944 si
1023 921 1086 943 non
1104 920 1161 943 cns
1175 914 1220 943 est
1240 920 1303 943 non
1319 920 1387 949 enz,

331 971 397 995 non
419 963 585 1003 propterea
611 959 760 999 eflicitur,
786 960 824 992 ut
839 959 936 991 simili
965 958 1062 991 modo
1092 960 1127 991 ut
1147 966 1227 998 enS,
1244 967 1309 990 non
1331 966 1389 991 ens

331 1010 393 1049 sit,
416 1009 535 1051 quippe
551 1017 654 1050 quum
674 1006 752 1040 illud
768 1007 810 1040 sit
824 1015 889 1039 non
905 1015 963 1039 ens
976 1031 985 1047 ‚
1000 1015 1056 1039 ens
1070 1007 1179 1039 autem
1194 1006 1247 1038 sit.
1267 1018 1283 1034 υ
1299 1006 1389 1038 Prin·

332 1058 451 1100 cipium
472 1057 599 1099 planius
619 1055 666 1088 sic
684 1055 904 1097 interpreteris
922 1067 930 1087 ι
953 1067 970 1083 «
987 1054 1119 1087 Etiamsi
1148 1063 1225 1086 vero
1250 1063 1313 1086 non
1333 1062 1390 1087 ens

331 1107 453 1145 exstat,
468 1105 626 1146 quatenus
639 1103 763 1136 estnon
780 1110 846 1135 ens.
866 1114 885 1133 ι

373 1155 405 1186 7.
429 1151 502 1185 εἰδὲ
517 1151 570 1183 καὶ
587 1151 693 1187 ἁπλῶς
714 1150 814 1183 εἰπεῖν
836 1150 965 1196 ἀληθές,
984 1151 1027 1188 ὡς
1054 1150 1092 1189 δὴ
1111 1148 1283 1189 θαυμάσιόν
1305 1148 1333 1181 τ’
1353 1149 1391 1181 ἂν

330 1200 379 1240 εἵη
400 1200 435 1232 τὸ
449 1200 492 1240 μὴ
508 1199 543 1232 ὄν
559 1199 655 1232 ἐστιν.
678 1197 743 1231 ἀλλ’
756 1199 783 1231 εἰ
795 1199 834 1238 δὴ
847 1198 930 1231 οὕτω
939 1223 948 1240 ,
961 1198 1091 1240 πότερον
1105 1198 1219 1239 μᾶλλον
1232 1196 1389 1240 ξυμὸαίνει

329 1248 369 1280 τὰ
388 1246 489 1280 πάντα
503 1246 580 1279 εἶναι
595 1247 615 1285 ἢ
634 1245 677 1286 μὴ
691 1245 768 1278 εἶναι
777 1256 788 1287 ;
802 1245 879 1278 αὐτὸ
895 1245 953 1287 γὰρ
969 1244 1052 1277 οὕτω
1065 1255 1101 1285 γε
1116 1243 1295 1277 τούναντίον
1308 1244 1391 1276 ἔοικε

329 1295 479 1336 γίνεσθαι.
497 1294 549 1327 Sic
565 1292 728 1327 Bekkerus
746 1293 851 1326 locum
867 1291 1045 1325 constituit.
1061 1294 1097 1324 ln
1111 1291 1265 1333 Lipsiensi
1280 1291 1391 1324 codiee

329 1343 484 1383 scriptum
510 1342 559 1374 est
590 1340 763 1382 θαυμάσιόν
785 1341 815 1382 γ’
835 1341 872 1374 ἂν
903 1340 968 1381 εἵη,
987 1339 1076 1382 quod
1099 1340 1230 1381 praestat
1253 1339 1391 1379 vulgatae

330 1390 480 1429 lectioni,
501 1391 571 1422 tum
591 1397 667 1421 vero
688 1388 793 1429 inepte
820 1389 854 1421 et
871 1388 984 1421 vitiose
1011 1387 1162 1431 πρότερον
1180 1388 1295 1430 μᾶλλον
1314 1387 1390 1428 ξυμ-

331 1437 428 1469 6αίνει
443 1436 564 1479 dium-ro:
579 1436 599 1475 ἣ
613 1436 691 1468 εἶναι
709 1436 751 1476 μὴ
766 1436 856 1468 εἶναι.
874 1435 1005 1468 Fossius
1021 1435 1120 1468 verba
1144 1434 1189 1467 ita
1207 1432 1391 1474 castiganda

330 1483 455 1525 putavit
478 1492 486 1515 :
508 1483 535 1515 εἰ
551 1482 584 1516 δὲ
606 1482 675 1520 καί,
695 1483 801 1519 ἁπλῶς
824 1483 934 1518 εἰπεῖν,
958 1483 1065 1521 ἀληθές
1076 1507 1087 1522 ,
1104 1483 1146 1519 ὡς
1164 1482 1202 1521 δή
1219 1481 1391 1522 θαυμάσιόν

329 1529 360 1572 γ’
374 1530 411 1563 ἂν
427 1529 476 1569 εἴη
492 1530 528 1563 τὸ
548 1531 590 1571 μὴ
606 1530 646 1562 ὃν
666 1530 788 1562 ἔστιν·
808 1530 874 1562 ἀλλ’
891 1530 918 1562 εἰ
943 1530 980 1569 δὴ
1006 1530 1088 1562 οὕτω
1098 1555 1110 1571 ,
1127 1529 1259 1572 πότερον
1274 1529 1391 1570 μᾶλλον

330 1578 492 1620 conceive:
508 1577 630 1610 ἅπαντα
643 1577 721 1610 εἶναι
731 1601 740 1617 ,
755 1578 775 1616 ἢ
793 1578 836 1619 μὴ
850 1577 927 1610 εἶναι
939 1588 949 1618 3
963 1577 1039 1610 αὐτὸ
1051 1577 1111 1619 γὰρ
1125 1577 1207 1610 οὕτω
1220 1587 1256 1617 γε
1266 1576 1391 1608 τούναν-

327 1624 395 1658 τίον
414 1624 496 1658 ἔοικε
509 1624 677 1666 γίγνεσθαι.
694 1623 778 1656 Nihil
797 1623 849 1655 liic
869 1623 1069 1656 mutavimus
1089 1622 1147 1656 nisi
1164 1622 1332 1664 συμὸαίνει
1349 1623 1391 1655 ob

329 1674 527 1705 constantem
549 1671 620 1704 libri
643 1671 817 1712 Lipsiensis
833 1671 1023 1713 scripturam
1043 1671 1074 1703 in
1092 1672 1249 1714 ξυμὸαίνει
1261 1695 1270 1710 ,
1289 1671 1320 1703 in
1343 1680 1391 1704 re·

328 1719 425 1762 liquis
443 1719 540 1753 Fossii
557 1719 715 1752 rationem
736 1718 954 1760 probavimus.
971 1719 1091 1751 Eadem
1107 1722 1241 1761 apparet
1260 1719 1391 1752 Felicia-

327 1777 407 1800 num
420 1768 453 1801 in
469 1776 530 1801 suo
546 1767 627 1800 libro
640 1767 758 1809 scripta
772 1766 958 1808 offendisse,
972 1767 1045 1800 licet
1059 1766 1156 1808 paulo
1171 1766 1302 1799 liberius
1315 1775 1390 1799 con-

327 1816 483 1849 verterit:
504 1827 521 1844 α
536 1814 626 1849 Adde
654 1814 761 1856 quod,
781 1814 808 1847 si
834 1814 932 1847 etiam
951 1814 1099 1847 absolute
1130 1823 1169 1847 ac
1202 1814 1391 1855 simpliciter

328 1872 442 1897 verum
461 1863 566 1902 esset,
582 1871 683 1904 quum
704 1862 842 1895 dicimus
856 1870 922 1895 non
938 1871 995 1895 ens
1011 1871 1078 1895 esse
1090 1886 1100 1901 ,
1121 1862 1241 1894 mirum
1259 1862 1391 1903 quidem

330 1911 473 1952 proiecto
492 1910 525 1943 id
545 1909 709 1943 videretur
729 1920 738 1942 :
766 1909 823 1943 sed
843 1910 870 1943 si
892 1910 1002 1942 tamen
1022 1909 1067 1942 ita
1088 1912 1191 1950 esset,
1212 1910 1335 1942 utrum.
1350 1919 1392 1941 ex

329 1968 368 1992 eo
385 1959 484 2001 magis
499 1958 662 2000 eveniret,
678 1960 717 1991 ut
734 1957 842 1991 omnia
855 1958 978 1998 essent,
996 1966 1092 1999 quam
1108 1966 1173 1990 non
1197 1958 1328 1990 essent?
1344 1958 1391 1990 lta

329 2007 414 2040 enim
429 2007 628 2040 contrarium
646 2006 871 2048 proculdubio
885 2006 1078 2039 efficeretur.
1098 2018 1114 2034 ι»

371 2058 404 2089 9.
427 2055 454 2088 εἴ
468 2055 528 2099 γὰρ
539 2054 577 2088 τό
589 2066 623 2088 τε
639 2055 682 2098 μὴ
695 2054 730 2087 ὄν
743 2054 808 2087 ἐστι
822 2054 876 2086 καὶ
888 2054 924 2087 τὸ
937 2054 972 2087 ὃν
990 2053 1025 2087 ὄν
1037 2053 1134 2095 ἐστιν,
1148 2053 1273 2087 ἅπαντά
1293 2054 1389 2087 ἐστιν.

325 2103 382 2136 καὶ
396 2103 456 2146 γὰρ
471 2102 512 2136 τὰ
527 2102 602 2136 ὄντα
621 2102 675 2136 καὶ
693 2102 732 2135 τὰ
749 2103 791 2143 μὴ
805 2102 879 2135 ὄντα
897 2101 993 2135 ἐστίν.
1014 2101 1067 2136 Sic
1083 2110 1249 2143 perperam
1268 2101 1392 2134 Brklte-

328 2159 403 2191 rus,
422 2159 519 2191 quem
538 2150 588 2183 vel
606 2149 786 2183 Felicianus
803 2148 920 2181 docere
944 2148 1086 2190 poterat,
1103 2147 1197 2180 aliter
1222 2147 1294 2180 haec
1318 2156 1390 2180 esse

327 2197 566 2230 constituenda.
584 2197 763 2230 Felicianus
779 2196 865 2230 enim
886 2196 919 2228 in
938 2204 996 2229 suo
1013 2195 1096 2228 libro
1117 2195 1258 2237 repperit
1274 2204 1389 2228 exara-

327 2247 399 2280 tum
419 2259 427 2279 :
443 2246 471 2279 εἰ
483 2246 542 2288 γὰρ
553 2245 591 2279 τό
603 2257 636 2279 τε
650 2246 694 2288 μὴ
707 2245 742 2278 ὃν
764 2245 848 2278 ἔστιν
865 2245 919 2277 καὶ
934 2244 971 2277 τὸ
993 2244 1028 2277 ὃν
1046 2244 1142 2283 ἔστιν,
1158 2243 1284 2276 ἅπαντα
1299 2243 1366 2276 ἔστι
1379 2254 1388 2262 ·

326 2295 380 2326 καὶ
394 2294 453 2337 γὰρ
467 2292 506 2327 τὰ
519 2293 594 2326 ὄντα
607 2293 662 2326 καὶ
678 2293 717 2326 τὰ
730 2294 771 2334 μὴ
785 2292 860 2325 ὄντα
876 2293 959 2326 ἔστιν
967 2302 978 2333 ;
996 2291 1026 2323 id
1045 2291 1132 2333 quod
1146 2300 1187 2324 ex
1199 2290 1270 2332 ejus
1285 2290 1391 2323 verbis

328 2342 467 2376 eflicitur
484 2350 492 2373 :
507 2354 524 2370 α
540 2341 568 2373 si
584 2341 670 2374 enim
686 2342 718 2373 et
734 2349 798 2373 non
815 2349 872 2373 ens
888 2340 955 2381 est,
972 2340 1005 2372 et
1017 2347 1073 2372 ens
1090 2340 1155 2380 est,
1173 2338 1283 2371 omnia
1299 2339 1387 2378 sunt,

329 2398 429 2431 quum
443 2389 475 2422 et
491 2397 526 2421 ea
541 2396 616 2429 quae
626 2389 703 2421 sunt
713 2390 746 2420 et
758 2396 795 2420 ea
805 2395 879 2429 quoe
895 2395 959 2419 non
973 2387 1050 2419 sunt
1063 2385 1158 2418 simili
1170 2385 1266 2418 modo
1280 2385 1355 2418 sint.
1373 2398 1389 2414 ι»

330 2439 423 2469 Hunc
442 2436 538 2477 igitur
556 2435 687 2479 Fossius
701 2435 814 2468 merito
829 2435 962 2468 secutus
973 2437 1035 2467 est.
1058 2434 1143 2467 Male
1159 2433 1191 2466 in
1211 2432 1285 2466 cod.
1303 2432 1388 2474 Lips.

328 2483 446 2524 iegitur
459 2483 486 2516 st
497 2483 556 2526 γὰρ
568 2483 605 2516 τὸ
618 2494 651 2516 τε
666 2483 708 2525 μὴ
729 2482 764 2515 ὃν
779 2482 814 2516 ὄν
840 2482 907 2516 ἐστι
922 2482 954 2515 et
970 2482 1025 2514 καὶ
1047 2482 1087 2514 τὰ
1108 2481 1168 2524 γὰρ
1186 2481 1225 2513 τὰ
1245 2480 1322 2513 ὄντα
1336 2480 1391 2512 καὶ

331 2531 374 2571 μὴ
392 2530 466 2563 ὄντα
482 2530 577 2563 ἐστίν.
595 2527 830 2571 Repetitionem
847 2529 936 2562 vocis
956 2529 1004 2570 ὃν,
1021 2538 1096 2571 quae
1116 2530 1148 2562 et
1165 2521 1390 2570 apud'casau-
1406 2532 1410 2537 ’

328 2577 451 2610 bonum
462 2579 576 2616 exstat,
585 2576 658 2610 ideo
670 2578 755 2610 recte
769 2576 877 2617 rejecit
891 2576 1030 2617 Fossius,
1049 2575 1126 2617 quia
1139 2575 1307 2608 continent
1319 2574 1392 2607 haec

336 2623 435 2657 verba
449 2623 671 2657 refutationem
685 2623 816 2656 secundi
835 2623 1015 2664 argumenti
1034 2635 1043 2656 ι
1062 2623 1089 2655 εἰ
1103 2623 1140 2655 τὸ
1155 2623 1198 2664 μή
1214 2622 1292 2655 εἶναι
1311 2620 1390 2662 ἔστι,

337 2671 373 2704 τὸ
392 2671 470 2704 εἶναι
489 2671 547 2704 οὐκ
559 2670 625 2704 ἔστι
643 2672 678 2704 τὸ
694 2671 902 2713 ἀντικείμενον
913 2696 923 2713 ,
941 2670 997 2703 ubi
1016 2679 1080 2703 non
1100 2670 1217 2703 dicitur
1235 2669 1290 2709 bv,
1305 2669 1392 2711 quod

339 2725 492 2765 praeterea
509 2731 573 2755 non
588 2722 721 2755 iteratur
738 2722 770 2754 in
787 2722 892 2755 verbis
905 2723 963 2756 οὐκ
981 2722 1102 2765 ἀνάγκη
1118 2721 1194 2766 γάρ,
1209 2721 1287 2755 εἰτὸ
1302 2722 1344 2764 μὴ
1358 2720 1393 2753 ὃν

338 2772 417 2811 ἔστι,
429 2770 524 2803 καὶτὸ
538 2769 572 2802 ὃν
583 2771 624 2810 μή
637 2770 727 2802 εἶναι.
743 2769 832 2803 Adde
845 2770 931 2812 quod
945 2779 984 2803 ne
998 2770 1080 2802 dixit
1093 2770 1225 2811 quidem
1238 2768 1390 2810 Gorgias:

339 2818 373 2851 τὸ
387 2819 430 2860 μὴ
441 2816 475 2850 ὅν
482 2816 565 2856 ἐστιν
581 2816 628 2857 ὄν,
638 2816 692 2849 sed
701 2816 795 2853 ἔστιν,
803 2818 835 2849 et
845 2817 931 2858 quod
947 2817 1134 2850 Aristoteles
1147 2816 1190 2848 ita
1205 2815 1391 2849 concludit:

335 2864 389 2898 καὶ
409 2863 469 2907 γὰρ
490 2863 530 2896 τὰ
553 2864 595 2905 μὴ
625 2862 699 2897 ὄντα
729 2864 782 2897 καὶ
809 2863 848 2896 τὰ
879 2864 953 2897 ὄντα
981 2864 1076 2897 ἔστιν.
1108 2863 1201 2896 Idem
1232 2872 1331 2906 supra
1360 2864 1393 2896 in

320 2921 323 2923 ’
339 2910 553 2944 memorandis
568 2911 694 2952 Gorgiae
716 2911 823 2944 verbis
839 2911 883 2944 ait
904 2921 913 2944 :
933 2911 1106 2954 θαυμάσιόν
1118 2910 1148 2953 γ’
1166 2911 1204 2944 ἂν
1220 2911 1268 2951 εἴη
1292 2910 1328 2944 τὸ
1350 2911 1393 2953 μὴ

335 2958 373 2991 ὂν
390 2957 490 2991 ἔστιν.

380 3010 429 3040 11.
448 3006 507 3039 οὗκ
523 3005 642 3048 ἀνάγκη
655 3006 734 3049 γάρ,
753 3007 780 3040 εὶ
795 3007 831 3040 τὸ
849 3008 891 3050 μὴ
907 3007 941 3040 ὄν
956 3007 1021 3040 ἐστι
1031 3032 1040 3048 ,
1054 3008 1107 3040 καὶ
1122 3008 1158 3040 τὸ
1176 3008 1209 3041 ὃν
1231 3008 1274 3051 μὴ
1299 3008 1391 3041 εἶναι.

332 3054 363 3086 εὶ
385 3054 423 3092 δὴ
443 3054 496 3086 καὶ
516 3052 598 3086 οὕτω
613 3064 658 3090 τις
671 3053 838 3095 ξυγχωρεῖ,
853 3054 907 3086 καὶ
926 3054 961 3087 τὸ
979 3054 1034 3096 μὲν
1049 3055 1091 3097 μὴ
1116 3054 1150 3087 ὃν
1175 3054 1242 3096 εἴη,
1261 3055 1297 3088 τὸ
1312 3054 1345 3088 δὲ
1359 3055 1394 3088 ὃν

336 3102 379 3141 μὴ
399 3101 449 3140 εῐη
459 3125 469 3142 ,
485 3100 570 3143 ὅμως
583 3101 670 3133 οὐδὲν
685 3100 777 3142 ἧττον
790 3101 838 3141 εἴη
852 3101 901 3134 ἄν·
915 3101 955 3134 τὰ
965 3101 1025 3145 γὰρ
1038 3103 1081 3144 μὴ
1093 3101 1168 3135 ὄντα
1181 3101 1228 3142 εῐη
1241 3102 1323 3136 κατὰ
1334 3103 1390 3136 τὸν

335 3149 455 3182 ἐκείνου
469 3148 574 3189 λόγον.
594 3149 643 3181 Ita
661 3147 792 3182 Bekkeri
805 3148 921 3190 editio,
934 3157 954 3182 a
969 3149 1078 3191 quain
1091 3159 1129 3182 eo
1142 3149 1247 3182 solum
1269 3149 1391 3183 discre-

337 3196 392 3236 pat
415 3194 491 3228 cod.
521 3194 605 3236 Lips.
629 3194 716 3237 quod
740 3204 797 3237 pro
821 3196 972 3238 ξυγχωρεῖ
990 3195 1113 3237 praebet
1134 3196 1299 3239 ξυγχωροῖ.
1329 3196 1393 3230 Sed

336 3240 527 3284 Sylburgius
546 3240 614 3282 jam
630 3242 808 3283 conjecerat
832 3241 1030 3287 conmpoin,
1047 3242 1135 3285 quod
1154 3244 1284 3276 Fossius
1303 3252 1392 3276 rece·

338 3289 403 3331 pit,
422 3288 479 3331 qui
497 3288 604 3322 locum
630 3288 676 3322 ita
697 3289 922 3331 corrigendum
938 3290 1137 3324 existimavit
1160 3303 1168 3324 ι
1193 3290 1253 3323 οὐκ
1273 3290 1394 3333 ἀνάγκη

337 3335 416 3379 γάρ,
430 3335 506 3370 εἰτὸ
520 3335 563 3377 μὴ
580 3335 615 3369 ὃν
629 3335 714 3376 ἔστι,
728 3336 782 3369 καὶ
802 3337 837 3370 τὸ
854 3336 888 3369 ὃν
904 3337 946 3379 μὴ
960 3335 1052 3370 εἶναι.
1067 3337 1094 3369 εἶ
1116 3336 1150 3369 δὲ
1173 3337 1211 3376 δὴ
1232 3338 1286 3369 καὶ
1311 3337 1395 3369 οὕτω

337 3394 383 3420 τις
397 3382 577 3426 συγχωροὶη
589 3407 598 3423 ,
616 3383 670 3416 καὶ
688 3383 724 3416 τὸ
740 3383 795 3426 μὲν
815 3384 857 3425 μὴ
875 3384 909 3417 ὃν
925 3382 973 3422 εἰη
983 3409 992 3423 ,
1009 3384 1044 3416 τὸ
1063 3383 1100 3416 -δὲ
1114 3383 1149 3416 ὃν
1164 3384 1206 3424 μὴ
1220 3383 1267 3423 εἴη
1277 3408 1288 3425 ,
1309 3383 1395 3427 ὅμως

339 3429 428 3463 οὐδὲν
450 3429 543 3471 ἧττον
563 3430 612 3469 εἴη
628 3430 666 3463 ἄν
679 3441 709 3463 τι
722 3441 730 3450 ·
750 3431 789 3464 τὰ
810 3431 869 3475 γὰρ
886 3432 929 3472 μὴ
943 3431 1019 3464 ὄντα
1041 3430 1090 3470 εἴη
1109 3432 1191 3464 κατὰ
1205 3432 1259 3465 τὸν
1276 3433 1395 3466 ἐκείνου

338 3476 441 3519 λόγον.
459 3478 498 3510 In
514 3477 631 3520 quibus
645 3477 750 3511 verbis
765 3487 859 3511 nemo
878 3478 1056 3520 dubitabit,
1070 3478 1148 3521 quin
1167 3482 1251 3513 recte
1274 3479 1394 3512 substi-

1456 355 1628 408 ξυγχωροῖ
1647 355 1709 395 καὶ
1732 355 1846 407 τὸμὲν
1862 357 1912 409 μὴ
1933 356 1972 396 ὃν
1989 357 2059 405 εἴη,
2080 357 2119 396 τὸ
2138 357 2174 396 δὲ
2194 356 2232 397 ὂν
2250 357 2300 408 μὴ
2321 357 2397 411 εἴη,
2417 354 2514 410 ditm}
2565 375 2567 378 ·

1454 415 1552 455 οὐδὲν
1577 411 1682 464 ἧττον
1698 416 1754 465 εἴη
1787 416 1830 456 ἂν
1856 418 1992 458 πάντα·
2025 417 2069 457 τὰ
2088 417 2157 472 γὰρ
2178 418 2229 470 μὴ
2242 418 2327 458 ὄντα
2344 417 2398 467 εἴη
2418 418 2513 460 κατὰ
2562 419 2563 462 J

1453 475 1512 514 τὸν
1534 474 1665 515 ἐκείνου
1686 474 1804 528 λόγον.
1863 478 1909 518 Εἰ
1930 476 1967 516 δὲ
1987 477 2113 517 ταύτόν
2134 478 2209 517 ἐστι
2228 478 2268 518 τὸ
2288 469 2376 517 εἶναι
2391 478 2454 531 καὶ
2471 477 2512 519 τὸ
2564 503 2567 505 >

1452 534 1502 586 μὴ
1525 527 1636 585 εἶναι,
1655 534 1727 575 οὐδ’
1746 534 1856 582 οὕτως
1876 537 2013 588 μᾶλλον
2036 535 2090 585 εἴη
2104 536 2145 575 ἄν
2163 552 2197 576 τι
2216 535 2239 585 ἢ
2259 538 2322 594 οὐκ
2340 537 2410 587 εἴη.
2443 537 2512 585 ‘sse

1450 594 1518 647 γὰρ
1534 594 1693 636 κάκεῖνος
1709 593 1820 646 λέγει,
1834 593 1896 634 ’ὅτι
1916 596 1946 634 εἰ
1962 594 2068 635 ταῦτδ
2086 594 2125 634 τὸ
2139 596 2190 647 μὴ
2210 595 2247 636 ὂν
2264 596 2325 636 καὶ
2341 595 2381 636 τὸ
2397 596 2452 647 ὄν,
2470 597 2512 639 τό
2570 605 2573 608 ’

1448 668 1486 692 τε
1510 650 1547 693 ὂν
1568 653 1629 692 οὐκ
1646 651 1721 692 ἔστι
1741 653 1802 692 καὶ
1822 653 1861 693 τὸ
1881 653 1931 705 μὴ
1962 655 2017 705 ὄν,
2037 653 2129 695 ὥστε
2148 655 2244 695 οὐδὲν
2266 654 2382 695 ἔστιν·
2405 657 2510 697 ἀντι-

1448 712 1638 767 στρέψαντι
1660 711 1754 752 ἔστιν
1776 713 1905 765 ὁμοίως
1935 714 2063 769 φάναι,
2087 713 2142 754 ὅτι
2153 714 2278 762 πάντα
2299 714 2388 756 ἔστι·
2408 714 2449 756 τό
2467 731 2510 757 τι

1450 865 1558 899 tutum
1576 865 1617 898 sit
1630 866 1656 898 εἰ
1669 866 1706 898 τὸ
1721 866 1763 906 μή
1777 866 1811 898 ὃν
1825 866 1890 899 ἔστι
1907 875 1965 908 pro
1982 867 2068 907 vulg.
2087 867 2122 900 ὄν
2138 869 2223 908 ἐστι,
2237 868 2354 902 deinde
2377 871 2405 904 rt
2421 869 2454 903 δὲ
2467 870 2507 912 δὴ
2574 895 2575 898 ¹

1448 915 1524 946 satis
1535 913 1814 946 accommodatum
1822 916 1882 954 est,
1892 923 2089 956 quamquam
2103 915 2142 955 δὴ
2155 917 2280 958 poterat
2289 916 2411 950 abesse.
2422 918 2508 952 Tum
2568 907 2574 938 ’-

1450 964 1520 1003 post
1536 961 1621 1004 ὅμως
1635 960 1724 994 οὐδὲν
1735 960 1829 1002 ἧττον
1842 960 1891 1001 εἴη
1903 961 1941 994 ἄν
1953 959 2070 1002 adjecit
2078 973 2108 994 τι
2117 986 2127 1002 ,
2142 962 2234 1004 cuius
2247 962 2317 996 loco
2329 963 2509 998 relicinus

1450 1009 1524 1051 legit
1544 1008 1657 1042 πάντα.
1680 1010 1721 1042 At
1735 1017 1800 1042 non
1816 1009 1925 1042 minus
1947 1012 2035 1043 recte
2049 1010 2086 1044 τὸ
2102 1010 2138 1043 ὃν
2161 1010 2319 1053 suspicari
2339 1011 2426 1046 licet.
2442 1013 2509 1046 De-

1449 1057 1546 1098 nique
1575 1056 1606 1089 in
1624 1056 1739 1090 ultima
1763 1057 1993 1091 enuntiationis
2015 1060 2106 1100 perte
2126 1059 2163 1091 ἂν
2183 1058 2342 1100 particula
2366 1060 2441 1102 post
2459 1059 2509 1100 εἴη

1449 1104 1662 1146 desideratur,
1675 1105 1847 1146 repetenda
1861 1106 1914 1138 illa
1927 1114 1946 1138 e
1960 1115 2134 1147 praegressa
2146 1106 2303 1140 sententia
2316 1106 2404 1141 haud
2415 1115 2511 1142 actu

1450 1155 1547 1194 atque
1563 1153 1646 1185 infra
1660 1153 1695 1185 τὸ
1709 1153 1766 1196 μὲν
1787 1154 1822 1187 ὃν
1841 1154 1902 1186 οὐκ
1922 1153 1960 1187 ἂν
1974 1153 2041 1196 εἴη,
2054 1155 2090 1187 τὸ
2106 1153 2135 1187 δ’
2153 1155 2212 1188 οὐκ
2233 1154 2269 1189 ὃν
2290 1155 2418 1196 γεγονὸς
2439 1154 2508 1196 dn,
2574 1178 2578 1186 ,

1449 1199 1536 1239 quod
1557 1201 1704 1233 Fossium
1724 1210 1788 1234 non
1810 1201 1901 1243 sugit.
1925 1201 2105 1235 Felicianus
2121 1202 2220 1236 vertit
2236 1211 2246 1235 t
2263 1213 2282 1230 ι
2300 1204 2374 1237 Non
2388 1203 2510 1236 etenim
2580 1231 2581 1234 ,

1448 1248 1498 1280 est
1513 1257 1661 1289 necesse,
1683 1248 1711 1281 si
1729 1258 1794 1281 non
1810 1258 1867 1282 ens
1882 1250 1951 1289 est,
1968 1250 2003 1282 ut
2021 1248 2119 1282 etiam
2132 1258 2192 1282 ens
2212 1258 2278 1283 non
2296 1249 2352 1284 sit.
2382 1251 2511 1284 Verun-
2577 1270 2579 1274 Δ

1449 1297 1576 1337 tamen,
1597 1295 1623 1329 si
1647 1296 1692 1330 ita
1717 1296 1813 1329 etiam
1829 1296 1987 1338 quispiam
2004 1297 2223 1337 concesserit,
2247 1299 2284 1330 ut
2302 1297 2337 1331 et
2362 1304 2429 1331 non
2451 1305 2512 1331 ens

1449 1343 1491 1375 sit
1505 1347 1537 1375 et
1555 1352 1613 1376 ens
1627 1352 1691 1376 non
1709 1343 1767 1384 sit,
1786 1343 1886 1376 nihilo
1910 1343 2017 1376 minus
2041 1344 2151 1377 omnia
2173 1347 2287 1386 erunt,
2307 1353 2347 1379 eo
2364 1343 2452 1387 quod
2473 1353 2512 1378 ea
2577 1338 2580 1344 ’

1449 1399 1522 1431 quae
1539 1399 1603 1423 non
1621 1392 1715 1430 sunt,
1729 1400 1768 1424 ex
1782 1391 1866 1424 illius
1880 1391 2005 1424 ratione
2024 1391 2136 1433 procul
2155 1390 2255 1425 dubio
2279 1393 2398 1425 essent.
2413 1403 2432 1421 n
2449 1392 2512 1426 llic
2580 1403 2583 1405 ·

1449 1446 1580 1479 quoque
1596 1439 1624 1471 εἰ
1640 1438 1741 1471 δὲκαὶ
1758 1438 1842 1471 οὕτω
1866 1451 1912 1476 τις
1934 1441 2091 1481 ξυγχωροῖ
2108 1439 2203 1480 legit,
2216 1438 2274 1472 sed
2299 1439 2510 1473 scribendum

1450 1484 1578 1517 videtur
1597 1486 1624 1518 εἰ
1647 1486 1681 1518 δὲ
1701 1486 1755 1518 καὶ
1779 1486 1873 1518 τοῦτό
1896 1498 1942 1524 τις
1967 1487 2132 1529 ξυγχωροῖ.
2150 1486 2308 1525 Quocirca
2330 1487 2439 1521 locum
2464 1487 2512 1521 sie

1449 1533 1650 1565 restituimus
1672 1543 1680 1564 ε
1697 1534 1755 1565 οὐκ
1767 1533 1887 1575 ἀνάγκη
1901 1534 1961 1576 γάρ
1973 1560 1981 1574 ,
2000 1535 2027 1567 εἰ
2044 1534 2080 1566 τὸ
2095 1534 2138 1576 μὴ
2155 1534 2189 1566 ὃν
2202 1533 2286 1573 ἔστι,
2303 1535 2404 1568 καὶτὸ
2417 1534 2452 1567 ὃν
2466 1535 2512 1576 μή

1450 1580 1541 1613 εἶναι.
1555 1581 1593 1612 Εἰ
1607 1581 1640 1613 δὲ
1651 1581 1704 1612 καὶ
1717 1580 1810 1612 τοῦτό
1821 1592 1868 1619 τις
1882 1582 2037 1624 ξυγχωροῖ
2048 1582 2101 1614 καὶ
2115 1581 2151 1614 τὸ
2166 1578 2223 1623 μὲν
2234 1581 2278 1624 μὴ
2291 1581 2327 1615 ὃν
2342 1581 2390 1618 etn
2400 1607 2411 1622 ,
2423 1583 2461 1615 τὸ
2476 1582 2512 1616 ἃ

1449 1628 1483 1660 ὃν
1499 1628 1542 1669 μὴ
1559 1627 1624 1668 εἴη,
1639 1627 1725 1667 ὅμως
1740 1628 1828 1660 οὐδὲν
1843 1627 1937 1669 ἦττον
1951 1628 1998 1668 εἴη
2011 1629 2048 1662 ἂν
2061 1628 2179 1662 πάντα·
2191 1629 2231 1662 τὰ
2246 1629 2304 1672 γὰρ
2318 1629 2362 1672 μὴ
2375 1629 2449 1663 ὄντα
2462 1629 2511 1670 εἰη

1449 1676 1532 1708 κατὰ
1549 1676 1601 1708 τὸν
1623 1676 1741 1708 ἐκείνου
1758 1676 1862 1717 λόγον.

1494 1727 1544 1757 15.
1568 1724 1637 1757 εἰδὲ
1649 1723 1763 1756 ταύτόν
1776 1724 1842 1756 ἐστι
1856 1724 1910 1756 καὶ
1922 1723 1958 1756 τὸ
1971 1723 2050 1756 εἶναι
2062 1724 2115 1756 καὶ
2128 1724 2163 1756 τὸ
2174 1724 2218 1765 μὴ
2230 1724 2322 1766 εἶναι,
2335 1725 2402 1758 οὐδ’
2412 1724 2514 1764 οὕτως

1451 1773 1566 1814 μᾶλλον
1580 1771 1638 1804 οὐκ
1652 1771 1701 1810 εἴη
1720 1770 1758 1804 ἄν
1772 1782 1802 1804 τι
1821 1770 1881 1809 εἴη.
1903 1773 1952 1804 lta
1973 1771 2196 1804 casaubonus.
2214 1773 2368 1806 Extrema
2390 1772 2523 1806 mendo·

1449 1819 1555 1860 aliquo
1570 1818 1713 1851 laborare
1729 1818 1815 1851 recte
1835 1818 2020 1851 observavit
2043 1818 2190 1858 Fossius‚
2211 1818 2267 1860 qni
2280 1818 2386 1852 deleto
2405 1819 2514 1861 [tiore
2580 1852 2582 1854 ,

1450 1866 1497 1903 εἴη
1508 1890 1517 1906 ,
1538 1866 1606 1899 οὐδ’
1624 1866 1722 1903 οὕτως
1738 1866 1854 1909 μᾶλλον
1870 1865 1928 1898 οὐκ
1952 1865 1990 1900 ἄν
2014 1877 2044 1898 τι
2067 1865 2116 1904 εἶτ,
2132 1865 2273 1908 scripsit.
2293 1867 2406 1909 Neque
2421 1866 2514 1900 stite:

1451 1913 1614 1947 Bekkerus
1629 1913 1742 1947 eodem
1757 1912 1806 1951 εῐη
1819 1912 1910 1946 uncis
1925 1912 2052 1946 incluso
2064 1913 2104 1947 de
2121 1913 2183 1946 hoc
2199 1913 2368 1947 enuntiato
2383 1913 2514 1947 videtur

1447 1961 1619 2002 judicasse.
1640 1963 1676 1994 In
1690 1960 1762 1993 cod.
1780 1960 1867 2002 Lips.
1886 1959 1959 1993 haec
1975 1959 2159 1994 habentur:
2178 1960 2252 1994 εἰδὲ
2263 1959 2376 1994 ταύτόν
2388 1961 2457 1995 ἐστι
2474 1961 2514 1995 τὸ
2576 1967 2593 1995 ἒ

1450 2010 1529 2042 εἶναι
1546 2009 1645 2042 καὶτὸ
1655 2009 1698 2051 μὴ
1708 2009 1800 2049 εἶναι,
1810 2007 1875 2041 οὔθ’
1882 2007 1981 2045 οὕτως
1995 2009 2111 2049 μᾶλλον
2125 2007 2173 2047 εἴη
2181 2010 2264 2050 ἄντι,
2277 2008 2425 2050 sequitur
2437 2017 2513 2051 spa·
2580 2027 2588 2047 ,ς

1451 2057 1532 2089 tium
1552 2065 1695 2090 vacuum
1712 2055 1812 2088 trium
1829 2056 2026 2097 quattuorve
2044 2055 2242 2098 litterarum,
2255 2054 2374 2088 deinde
2389 2054 2432 2093 ὥς
2449 2055 2525 2098 γὰρ.
2579 2051 2586 2096 ζ

1450 2104 1591 2140 κάκεῖνος
1604 2115 1636 2136 κ.
1648 2114 1677 2135 τ.
1694 2103 1724 2135 λ.
1740 2103 1849 2140 Quare
1864 2102 2012 2143 suspicor
2031 2101 2075 2134 ita
2094 2101 2423 2144 essereponendum=
2440 2101 2514 2136 atet
2580 2099 2589 2147 ᾖ

1449 2151 1562 2184 ταύτόν
1576 2152 1642 2184 ἐστι
1652 2151 1688 2184 τὸ
1701 2150 1780 2183 εἶναι
1793 2150 1846 2182 καὶ
1859 2149 1896 2182 τὸ
1914 2149 1958 2191 μὴ
1970 2149 2068 2190 εἶναι,
2079 2148 2145 2182 οὐδ’
2162 2148 2262 2187 οὕτως
2276 2148 2393 2192 μᾶλλον
2409 2148 2460 2188 dn
2473 2148 2514 2183 ἄν
2580 2164 2583 2166 ·

1450 2212 1478 2232 τι
1498 2202 1519 2240 ἢ
1539 2199 1598 2233 οὐκ
1619 2198 1679 2237 εἴη.
1703 2197 1854 2231 Concinit
1869 2197 1936 2230 fere
1949 2195 2130 2230 Felicianus
2143 2196 2189 2229 sic
2205 2198 2335 2230 vertens
2354 2205 2364 2228 :
2381 2207 2400 2226 κ
2426 2197 2515 2230 Pm-
2583 2202 2589 2242 ⁷]

1450 2251 1538 2280 terea
1554 2247 1579 2280 si
1594 2246 1680 2279 idem
1693 2246 1790 2279 etiam
1803 2245 1844 2278 sit
1856 2246 1888 2278 et
1901 2253 1968 2278 esse
1982 2247 2013 2276 et
2031 2252 2094 2276 non
2107 2252 2197 2284 esse,
2213 2252 2320 2286 neque
2340 2243 2386 2276 ita
2407 2243 2511 2284 magis
2586 2259 2587 2263 =

1453 2298 1487 2328 ut
1503 2304 1568 2328 non
1587 2294 1650 2335 sit,
1667 2302 1765 2335 quam
1783 2293 1818 2325 ut
1835 2293 1895 2332 sit,
1909 2291 2111 2324 conficietur.
2132 2303 2150 2321 n

1496 2347 1545 2376 16.
1570 2344 1612 2378 ὡς
1630 2341 1689 2384 γὰρ
1702 2340 1844 2375 κάκεῖνος
1862 2340 1964 2380 λέγει,
1979 2338 2027 2372 ὅτι
2047 2339 2075 2371 εἰ
2091 2338 2203 2371 ταύτον
2223 2337 2267 2380 μὴ
2285 2337 2320 2371 ὃν
2337 2338 2391 2371 καὶ
2411 2337 2459 2378 ὄν,
2475 2338 2514 2371 τὸ

1449 2401 1483 2422 τε
1496 2390 1531 2423 ὃν
1544 2390 1602 2422 οὐκ
1615 2387 1681 2422 ἔστι
1695 2388 1748 2420 καὶ
1764 2387 1800 2419 τὸ
1812 2387 1855 2428 μὴ
1874 2386 1921 2419 ὄν.
1944 2386 2029 2418 ὥστε
2045 2385 2134 2418 οὐδέν
2155 2384 2260 2435 ἑστινζ
2268 2384 2515 2429 ἀναστρέψαντα
2562 2399 2566 2404 ·
2590 2380 2598 2387 ”

1451 2438 1535 2470 ἔστιν
1555 2436 1671 2477 ὁμοίως
1691 2435 1783 2475 φάναι
1798 2435 1846 2467 ὅτι
1861 2433 1964 2467 πάντα
1977 2432 2072 2466 ἐστίν.
2085 2432 2121 2465 τό
2136 2443 2170 2465 τε
2184 2431 2246 2475 γὰρ
2258 2432 2303 2475 μὴ
2322 2431 2359 2466 ὄν
2371 2433 2438 2466 ἐστι
2457 2433 2512 2466 καὶ
2583 2445 2588 2455 *

1433 2487 1485 2519 ’τὸ
1502 2486 1548 2527 ὄν,
1563 2486 1647 2517 ὥστε
1660 2484 1761 2516 πάντα
1771 2482 1867 2516 ἐστίν.
1882 2484 2055 2523 Perperani
2070 2481 2152 2522 haec,
2166 2480 2444 2523 quemadmodum
2456 2490 2515 2514 no·

1451 2533 1539 2574 tavi,
1558 2542 1576 2564 a
1604 2531 1749 2565 Bekkero
1773 2530 1926 2563 distincta
1957 2530 2044 2562 sunt.
2081 2526 2198 2570 lnepta
2226 2537 2324 2570 porro
2352 2527 2515 2570 sylburgii

1451 2581 1639 2621 conjectura
1654 2580 1703 2612 est
1719 2578 1775 2620 qui
1794 2578 1841 2610 ὅτι
1858 2576 1959 2609 πάντα
1974 2576 2019 2609 ἔτι
2039 2585 2097 2618 pro
2115 2575 2163 2608 ὅτι
2180 2574 2283 2608 πάντα
2293 2574 2363 2608 ἔστι
2381 2574 2518 2616 legivo·
2585 2571 2600 2598 --ῖ

1452 2628 1551 2662 lebat.
1579 2626 1759 2660 Felicianus
1790 2624 2021 2666 interpretatur
2043 2636 2052 2656 ι
2076 2635 2094 2652 α
2119 2624 2202 2657 Nam
2237 2622 2514 2665 quemadmodum

1452 2677 1505 2709 ille
1522 2675 1647 2716 inquit,
1668 2673 1696 2706 si
1719 2681 1782 2705 nou
1806 2680 1862 2705 ens
1881 2673 1914 2704 et
1934 2680 1990 2703 ens
2009 2670 2095 2704 idem
2124 2671 2192 2712 est,
2221 2679 2289 2704 non
2317 2678 2376 2704 etas
2403 2673 2515 2708 autem
2584 2662 2598 2675 '³

1452 2732 1516 2756 non
1536 2723 1606 2762 est,
1620 2720 1719 2754 etiam
1740 2728 1798 2752 ens
1815 2727 1880 2754 non
1899 2719 1978 2755 erit.
1998 2717 2211 2760 quamobrem
2238 2715 2319 2750 nibil
2342 2715 2406 2750 erit
2433 2724 2443 2748 ε
2470 2717 2517 2748 ιιι
2584 2729 2586 2732 >

1452 2778 1583 2812 quoque
1599 2768 1669 2801 vice
1684 2776 1774 2800 versa
1787 2766 1894 2798 dicere
1905 2765 2015 2798 omnia
2030 2773 2101 2798 esse
2115 2772 2175 2797 nos
2187 2768 2368 2806 possumus.
2382 2760 2515 2796 slenim

1453 2826 1517 2850 nou
1540 2824 1596 2849 ens
1617 2816 1685 2854 est,
1704 2817 1733 2846 et
1754 2822 1811 2846 ens
1824 2816 1894 2854 est,
1911 2812 2021 2845 omnia
2035 2811 2142 2844 erunt.
2160 2823 2178 2839 u
2192 2810 2278 2850 Quid
2291 2810 2345 2843 illc
2356 2809 2391 2843 in
2403 2809 2517 2843 codice
2573 2799 2602 2854 52}

1453 2873 1515 2897 suo
1531 2861 1710 2902 invenerit,
1730 2861 1807 2893 satis
1828 2861 1934 2902 patet;
1949 2859 2006 2892 sed
2021 2859 2114 2892 aliter
2133 2856 2381 2891 constituendus
2399 2859 2451 2890 est
2466 2857 2516 2890 lo-

1453 2921 1520 2945 cus.
1547 2910 1679 2945 Fossius
1696 2908 1859 2942 intellecta
1878 2907 2037 2941 sententia
2059 2915 2097 2939 eo
2118 2905 2217 2938 m'odo
2238 2905 2420 2938 orationem
2437 2913 2516 2938 con-
2583 2931 2584 2934 ,

1456 2959 1625 2999 formavit,
1646 2958 1683 2990 nt
1711 2965 1752 2990 ex
1782 2955 1879 2989 variis
1901 2954 2012 2988 incisis
2039 2962 2137 2986 unam
2157 2951 2325 2994 periodum
2347 2951 2514 2985 conderet.

1455 3009 1508 3042 Sic
1527 3007 1636 3039 autem
1663 3003 1768 3046 posuit
1789 3016 1798 3036 ε
1816 3004 1858 3040 ὡς
1875 3001 1936 3044 γὰρ
1956 3001 2100 3038 κάκεῖνος
2117 3002 2218 3041 λέγει,
2234 2998 2296 3040 ὅτι,
2316 2999 2343 3032 εἰ
2361 2999 2458 3032 ταύτὸ
2478 2999 2516 3032 τὸ

1456 3057 1500 3099 μή
1512 3055 1547 3088 ὃν
1562 3054 1615 3087 καὶ
1629 3052 1676 3093 ὄν,
1690 3050 1726 3084 τό
1741 3062 1775 3083 τε
1789 3050 1822 3084 ὃν
1837 3050 1895 3083 οὐκ
1907 3049 1974 3082 ἔστι
1989 3050 2042 3081 καὶ
2052 3060 2089 3081 το
2102 3048 2145 3089 μὴ
2159 3047 2205 3086 ὄν,
2219 3047 2303 3080 ὥστε
2316 3045 2406 3080 οὐδὲν
2413 3045 2515 3080 ἔστιν·

1456 3101 1688 3144 ἀντιστρέψαντι
1709 3099 1792 3132 ἔστιν
1808 3097 1924 3141 ὁμοίως
1941 3096 2035 3140 φάναι
2049 3096 2097 3129 ὅτι
2119 3096 2222 3128 πάντα
2246 3095 2332 3128 ἔστι·
2345 3094 2383 3127 τό
2400 3104 2436 3127 τι
2454 3093 2517 3136 γὰρ
2585 3105 2586 3108 ’

1453 3150 1496 3190 μὴ
1519 3149 1553 3182 ὃν
1576 3148 1642 3181 ἐστι
1663 3147 1717 3180 καὶ
1735 3147 1773 3179 τὸ
1794 3145 1842 3187 ὅν,
1861 3145 1945 3178 ὥστε
1960 3143 2062 3177 πάντα
2081 3143 2176 3176 ἔστιν.
2199 3141 2280 3175 Cod.
2308 3142 2397 3183 Lips.
2422 3140 2516 3174 exhi·
2536 3179 2541 3183 *
2588 3163 2590 3166 ψ

1453 3196 1534 3229 bet:
1553 3194 1601 3228 ὅτι
1618 3194 1646 3227 εἰ
1667 3193 1761 3226 ταύτὸ
1783 3188 1819 3225 τὸ
1842 3192 1886 3234 μὴ
1911 3192 1945 3224 ὃν
1967 3192 2021 3224 καὶ
2043 3191 2079 3223 τὸ
2102 3190 2149 3223 ὃν.
2170 3190 2295 3223 inserto
2319 3188 2417 3230 igitur
2432 3187 2517 3221 inter
2582 3207 2587 3231 3

1453 3243 1507 3275 καὶ
1526 3243 1560 3275 et
1581 3241 1615 3274 ὄν
1637 3239 1774 3274 articulo
1794 3239 1936 3281 reliqua,
1959 3239 1996 3271 ut
2012 3247 2030 3270 a
2047 3238 2158 3271 Fossio
2173 3237 2328 3270 distincta
2339 3237 2539 3276 sunt,ser-‘

1455 3289 1559 3323 vanda
1574 3295 1755 3322 censemus.
1771 3288 1829 3319 Est
1850 3286 1936 3319 enim
1958 3285 2132 3318 verborum
2157 3293 2271 3318 sensus
2290 3295 2302 3318 z
2320 3296 2338 3314 ι
2358 3283 2516 3325 quemad·
2585 3263 2602 3323 Ῐχ

1457 3337 1591 3370 modum
1615 3336 1669 3369 ille
1691 3334 1752 3374 ait,
1769 3334 1795 3366 si
1818 3333 1902 3366 idem
1923 3334 1966 3366 sit
1988 3342 2052 3365 nou
2078 3342 2136 3366 ens
2155 3333 2188 3366 et
2202 3341 2282 3374 ens,
2299 3330 2432 3373 perinde
2450 3337 2516 3362 non

1457 3392 1529 3417 esse
1544 3391 1601 3416 ens
1617 3391 1655 3415 ac
1667 3390 1730 3414 non
1744 3389 1816 3420 ens,
1833 3380 1878 3412 ita
1892 3381 1928 3412 ut
1941 3379 2019 3412 nibil
2032 3378 2073 3411 sit
2089 3392 2096 3412 :
2111 3379 2257 3412 similiter
2270 3378 2345 3412 licet
2356 3377 2517 3411 contraria

1459 3431 1581 3464 ratione
1601 3430 1726 3468 dicere,
1742 3427 1850 3461 omnia
1870 3435 1939 3460 esse
1961 3437 1969 3459 :
1989 3425 2149 3468 siquidem
2169 3436 2234 3459 non
2252 3434 2311 3459 ens
2326 3426 2375 3459 est
2399 3419 2516 3467 paritz-r
2547 3467 2552 3471 ἱ
2579 3429 2587 3457 j

1457 3480 1555 3521 atque
1571 3486 1648 3518 enS,
1667 3477 1710 3510 ita
1727 3478 1763 3509 ut
1784 3474 1892 3508 omnia
1907 3474 1982 3506 sint.
2002 3486 2018 3502 u
