2612 3814
321 279 370 313 8ss
1155 267 1375 308 TIMONJS
1404 267 1631 307 PHLlAsu

353 375 371 402 2
404 358 629 411 Παρμενίδου
646 374 684 398 τε
706 356 785 411 βίην
804 356 1050 410 μεγαλόφρονα
1063 386 1072 404 ,
1089 355 1153 403 τὴν
1169 355 1372 407 πολύδοξον,

399 419 433 464 ὅς
450 421 481 474 ῤ’
502 418 559 459 ἐπὶ
580 417 774 472 φαντασίας
796 417 936 465 ἀπάτης
953 415 1155 455 ἀνενείκατο
1171 415 1303 459 νώσεις.

629 526 646 543 ἢ
864 525 880 540 ff

1438 361 1729 403 Parmenidemque
1748 360 1992 403 magnanimum
2012 360 2110 402 atque
2126 358 2287 392 illustrem
2300 382 2310 400 ,

1438 421 1492 463 qui
1509 420 1549 454 ad
1562 429 1661 454 vanas
1677 420 1800 463 species
1812 419 1913 453 animi
1925 427 2147 461 sensuumque
2160 418 2308 452 notiones
2319 419 2498 454 revoc-vit.

1709 518 1727 537 ἱ
1973 519 1987 537 Ω
2208 518 2228 537 ⁴}

400 595 756 651 Ἀμφοτερογλώσσου
779 611 816 634 τε
848 594 940 648 μέγα
961 593 1077 637 σθένος
1094 594 1157 632 οὐκ
1175 592 1376 631 ἀλαπαδνὸν
1441 596 1662 638 Bilinguisque
1675 595 1762 628 illius
1779 603 1929 636 magnam
1949 595 2017 628 vim
2031 603 2095 628 uon
2116 594 2311 628 imbecillam

400 657 583 704 Ζήνωνος,
601 656 744 696 πάντων
766 655 1022 708 ἐπιλήπτορος,
1042 652 1105 701 ἠδὲ
1127 652 1306 692 Μέλισσον

399 718 540 756 πολλῶν
562 717 778 770 φαντασμῶν
800 714 940 766 ἐπάνω,
962 711 1107 766 παύρων
1128 727 1166 765 γε
1183 710 1245 762 μὲν
1259 710 1374 759 ἥσσω.

600 821 618 838 ὑ
834 819 852 836 ὑ
1075 819 1093 836 ί

359 894 389 940 §2
414 891 483 935 Γοῖς
502 891 533 929 δ’
556 888 604 928 ἔνι
624 887 819 935 κοκκυστῆς
833 887 1073 941 ὀχλολοίδορος
1092 886 1323 940 Ἡράκλειτος

405 949 554 996 ιῖνικτὴς
570 948 733 1001 ἀνόρουσε
750 948 809 986 καὶ
832 947 1078 998 Ἐμπεδοκλῆς
1091 975 1101 994 ,
1118 945 1295 998 ἀγοραίων

401 1011 512 1057 κηλητ
530 1025 554 1055 ,ς
575 1006 706 1047 ἐπέων·
725 1008 790 1047 ὅσα
807 1007 837 1046 δ’
854 1007 970 1046 ἔσθενε
982 1036 991 1054 ,
1012 1005 1160 1046 τοσσάδε
1178 1000 1266 1045 εἶλεν

400 1069 518 1122 ἄρχων
533 1097 543 1117 ,
566 1066 602 1112 ὃς
622 1065 754 1116 διέθηκ’
776 1066 888 1121 ἀρχὰς
906 1065 1085 1110 ἐπιδευέας
1105 1065 1238 1106 ἄλλων.

605 1174 620 1190 ff
847 1170 863 1185 ἱ
1079 1170 1095 1186 ί

402 1244 641 1299 Ξεινοφάνης,
667 1243 845 1297 ὓπάτυφος
867 1240 1137 1293 Ὁμηραπάτης
1157 1239 1373 1288 ἐπικόπτης,

345 1320 379 1345 31)
400 1306 504 1343 ἄλλον
526 1305 761 1356 ἀπάνθρωπον
779 1302 854 1342 θεὸν
875 1293 1163 1349 ἐπλάσατ’,’ἰ’σον
1185 1299 1326 1348 ἁπάντη
1340 1329 1350 1347 ,

313 1467 338 1502 Υοἱ
346 1463 544 1503 ποκλίναντ’
563 1462 738 1510 ἐπιδόξην.
761 1461 983 1513 Legendum
1002 1462 1126 1513 γόητος
1147 1460 1374 1499 ἀποκλίναντ’

319 1524 374 1561 ἐπὶ
395 1522 512 1570 δόξαν,
535 1521 862 1574 quemadmodum
895 1521 1085 1571 Diogenis
1117 1520 1287 1558 editores
1318 1533 1376 1558 re-

318 1582 538 1621 stituerunt.

370 1641 452 1680 Vss.
468 1638 837 1693 αο·αι.Παρμενίδου
846 1654 883 1678 τε
894 1638 1169 1692 βίην-νώσεις]
1186 1640 1377 1690 Diogenes

321 1700 494 1739 Laertius
507 1698 576 1747 IX,
598 1701 646 1738 23
665 1712 673 1738 z
692 1699 756 1739 Διὸ
772 1699 832 1738 καὶ
854 1700 935 1752 περὶ
952 1700 1057 1738 αὐτοῦ
1074 1715 1178 1752 φησιν
1199 1702 1217 1738 ὃ
1235 1699 1375 1751 Τίμων·

323 1760 548 1813 Παρμενίδου
567 1776 606 1799 τε
627 1760 705 1800 κτλ.
723 1759 846 1798 Attuli
861 1769 898 1798 et
911 1760 1119 1811 explanavi
1140 1760 1222 1799 haec
1240 1760 1375 1799 Timo-

321 1821 379 1858 nis
396 1818 608 1871 verbajam
629 1819 677 1858 ad
695 1819 939 1858 parmenidis
956 1833 1014 1859 vs.
1036 1820 1098 1859 30.

372 1880 456 1919 Vss.
471 1885 592 1924 τεο-21.
604 1877 945 1932 ἀμφοτερογλώσσου
958 1893 995 1916 τε
1006 1878 1166 1930 -ἥσσω]
1182 1880 1377 1929 Diogenes

322 1940 496 1978 Laertius
521 1938 590 1987 IX,
608 1939 656 1976 25
676 1952 684 1976 :
707 1937 797 1987 Περὶ
813 1936 937 1976 τούτου
959 1937 1019 1976 καὶ
1040 1938 1223 1978 Μελίσσου
1251 1938 1376 1986 Τίμων

321 1998 406 2049 ’φησὶ
433 2000 565 2036 ταῦτα·
598 1995 937 2050 ἀμφοτερογλώσσου
965 2013 1002 2035 τε
1030 1999 1112 2036 κτλ.
1142 1998 1377 2038 Plutarchus

321 2057 393 2094 vit.
412 2056 556 2094 Pericl.
583 2068 668 2107 cap.
688 2061 707 2100 Ι.
734 2069 742 2093 t
769 2054 944 2102 Διήκουσε
962 2054 997 2093 δὲ
1020 2056 1198 2108 Περικλῆς
1223 2057 1284 2096 καὶ
1304 2057 1378 2104 Ζή-

320 2131 425 2159 νωνος
444 2119 503 2155 τοῦ
520 2115 716 2166 Ἐλεάτου,
737 2114 1080 2167 πραγματευομένου
1104 2115 1185 2169 περὶ
1206 2116 1308 2169 φύσιν
1331 2119 1378 2161 ὡς

322 2175 569 2229 Παρμενίδης·
598 2174 803 2226 ἐλεγκτικὴν
821 2174 858 2213 δέ
876 2190 956 2214 τινα
971 2174 1031 2213 καὶ
1056 2176 1099 2213 δι’
1122 2176 1378 2228 ἐναντιολογίας

321 2237 367 2278 εἷς
388 2232 535 2287 ἀπορίαν
561 2233 841 2273 κατακλείουσαν
869 2232 1127 2281 ἐξασκήσαντος
1152 2234 1239 2280 ἕξιν·
1257 2235 1377 2290 ὥσπερ

321 2294 380 2332 καὶ
397 2297 430 2334 Τ
435 2294 522 2345 ίμων
539 2296 557 2333 ὅ
574 2292 745 2337 Φλιάσιος
765 2291 882 2347 εἴρηκε
902 2293 959 2332 διὰ
978 2293 1120 2333 τούτων·

375 2399 730 2453 Ἄμφοτερογλώσσου
753 2414 789 2437 τε
809 2399 900 2450 μέγα
921 2397 1040 2445 σθένος
1059 2401 1122 2439 οὐκ
1142 2400 1324 2449 ἀπατηλὸν

377 2458 557 2507 Ζήνωνος,
574 2459 714 2496 πάντων
735 2458 982 2512 ἐπιλήπτορος.

324 2559 435 2609 Quod
469 2558 570 2611 apud
596 2558 791 2596 Laertium
821 2558 1057 2609 vulgabatur
1091 2560 1154 2598 οὐκ
1177 2561 1378 2600 ἀλαπαδνὸν

325 2617 485 2664 Ζήνωνός
504 2633 541 2656 τε
564 2617 715 2655 Πλάτων
742 2616 973 2670 ἐπιλήπτορος
989 2631 1037 2657 ex
1056 2618 1268 2658 Plutarcho
1289 2634 1378 2659 cor·

326 2672 425 2715 rexit
447 2675 700 2714 Casaubonus
719 2675 926 2714 scribendo
947 2677 1109 2725 Ζήνωνος
1135 2678 1279 2717 πάντων
1301 2681 1380 2718 ἐπι-

324 2737 509 2788 λήπτορος.
530 2735 624 2773 Nam
654 2734 752 2773 illud
773 2735 974 2774 ἀλαπαδνὸν
992 2737 1097 2788 quod
1122 2737 1268 2776 habent
1286 2739 1378 2778 Dio-

326 2795 437 2845 genis
452 2793 685 2833 membranae
706 2794 864 2832 minime
878 2794 1179 2835 sollicitandum.
1194 2797 1381 2847 Sequitur

327 2854 430 2906 apud
446 2854 657 2903 Diogenem
665 2853 728 2900 ἠδὲ
741 2852 921 2892 Μελίσσου
939 2853 1149 2905 cujusloco
1163 2856 1380 2897 Meinekius

328 2913 356 2949 l‘.
386 2926 420 2950 c.
443 2926 484 2964 p.
507 2925 527 2960 7
549 2912 611 2959 ἠδὲ
639 2910 816 2951 Μέλισσον
843 2911 1010 2951 rescribi
1031 2911 1162 2963 jussit.
1201 2915 1381 2967 Denique

327 2985 399 3022 pro
413 2969 558 3023 παύρων
575 2985 613 3021 γε
636 2969 697 3020 μὲν
719 2969 819 3019 εἴσω,
837 2983 922 3021 quae
940 2980 1050 3010 vetus
1070 2973 1263 3025 scriptura
1282 2984 1378 3024 erat,

328 3029 528 3078 Menagius
548 3041 570 3067 e
588 3029 696 3079 regio
721 3029 854 3068 codice
876 3031 1040 3082 protulit
1064 3029 1178 3078 ἥσσω.
1199 3032 1382 3074 Concinit

329 3101 415 3126 cum
433 3088 508 3126 hoc
529 3087 849 3127 Aldobrandinus
868 3097 1023 3129 vertens
1043 3105 1051 3128 :
1073 3096 1207 3141 pauc-Is
1224 3093 1381 3142 inferio-

327 3161 421 3187 '‘CHI-

381 3205 467 3246 Vss.
489 3206 626 3244 25-28.
643 3208 714 3250 τοῖς
734 3207 763 3245 δ’
793 3206 843 3246 ἔνι
870 3207 1257 3264 κοκκυστής-ἄλλων]
1279 3213 1383 3252 Dio—

329 3278 445 3314 genes
469 3265 647 3304 Laertius
663 3265 728 3317 IX,
750 3267 772 3304 6
791 3281 799 3304 ε
822 3267 957 3307 Τοῦτον
983 3267 1020 3306 δὲ
1036 3266 1097 3307 καὶ
1119 3271 1138 3308 ὁ
1157 3269 1281 3321 Τίμων
1301 3274 1384 3312 ὑπο-

329 3323 478 3378 γράφει,
502 3323 628 3377 λέγων·

439 3436 525 3479 Τοῖς
546 3434 576 3473 δ’
596 3433 646 3473 ἔνι
665 3434 861 3484 κοκκυστὴς
878 3435 1118 3492 ὀχλολοίδορος
1138 3437 1368 3494 Ἡράκλειτος

439 3492 596 3541 αἰνικτὴς
613 3493 789 3547 ἀνόρουσε.

1438 657 1588 693 Zenonis.
1607 655 1755 689 omnium
1773 655 2002 697 vituperatoris
2013 680 2023 696 ,
2037 657 2070 688 et
2085 655 2248 689 Melissum

1440 719 1552 752 multis
1567 716 1701 759 spectris
1717 715 1872 757 maiorem
1885 739 1896 756 ‚
1920 715 2034 758 paucis
2050 715 2182 758 quidem
2201 716 2372 750 minorem.

1710 800 1728 835 ἑ
1956 816 1975 834 ὑ
2210 816 2228 834 Ἰ

1440 898 1528 929 Inter
1545 895 1606 928 hos
1622 895 1775 928 clamator
1788 897 1820 927 et
1838 893 1940 935 plebis
1955 893 2131 927 insectator
2145 893 2328 927 Heraclitus
2339 918 2349 935 ,
2378 893 2448 938 [tioe
2470 899 2502 928 vl

1439 956 1574 988 obscure
1587 955 1740 996 loquens,
1758 953 1898 986 surrexit
1915 956 1946 986 et
1965 952 2178 995 Empedocles
2198 953 2336 987 rorensis
2346 954 2502 996 eloquen-

1440 1014 1627 1047 animorum
1645 1013 1802 1046 delenitor
1826 1025 1835 1046 ε
1858 1015 2017 1055 quantum
2037 1020 2115 1045 vero
2129 1012 2231 1045 valuit
2244 1036 2253 1052 ,
2267 1013 2397 1046 tantum
2417 1013 2504 1056 oepit

1440 1074 1605 1115 princeps,
1620 1073 1675 1116 qni
1690 1072 1897 1114 magistratus
1913 1072 1984 1105 aliis
1997 1071 2177 1114 indign-ntes
2194 1071 2375 1106 constituit.

1670 1171 1688 1190 ᾗ
1961 1172 1979 1190 θ
2253 1170 2271 1188 Ὠ

1440 1249 1752 1291 xenophanes,satis
1761 1248 1929 1282 modestus
1937 1248 2073 1282 fallaciae
2084 1248 2267 1282 Homericae
2277 1248 2502 1292 reprehensor,

1439 1308 1538 1341 alium
1554 1309 1646 1342 finxit
1659 1309 1756 1343 deum
1771 1309 1986 1341 inhumanum
1997 1333 2007 1350 ,
2023 1308 2169 1350 undique
2179 1309 2353 1350 aequalem,

1440 1460 1546 1498 Idem
1570 1459 1639 1498 lib.
1654 1459 1764 1507 vill,
1785 1461 1833 1508 67
1852 1460 1929 1499 3οὗ
1949 1461 2090 1513 παρῆκε
2110 1458 2145 1497 δὲ
2166 1459 2245 1499 οὐδὲ
2261 1462 2383 1499 τοῦτον
2400 1463 2419 1500 ὁ
2437 1459 2506 1501 Τί-

1442 1535 1531 1570 μων,
1563 1519 1640 1558 ἀλλ’
1656 1512 1717 1557 ὧδ’
1739 1519 1847 1558 αὐτοῦ
1868 1518 2089 1559 καθάπτεται
2109 1518 2244 1571 λέγων·

1791 1608 1853 1648 καὶ
1869 1609 2121 1660 Ἐμπεδοκλῆς
2139 1608 2315 1662 ἀγοραίων

1493 1668 1652 1716 κηλητὴς
1671 1667 1784 1707 ἐπέων
1797 1684 1805 1693 ·
1822 1668 1889 1708 ὅσα
1907 1670 1936 1708 δ’
1959 1669 2091 1718 ἔσθενε,
2112 1669 2266 1709 τοσσάδε
2286 1663 2378 1709 εἷλεν

1494 1726 1627 1780 ἄρχων,
1645 1725 1681 1772 ὃς
1698 1727 1828 1777 διέθηκ’
1846 1728 1960 1781 ἀρχὰς
1982 1727 2166 1774 ἐπιδευέας
2184 1728 2314 1768 ἄλλων.

1438 1827 1462 1866 J
1467 1828 1559 1866 unxi
1576 1827 1659 1867 haec
1679 1828 1976 1881 superioribus,
1996 1829 2102 1881 quod
2119 1828 2169 1868 ab
2191 1829 2281 1882 ipso
2298 1838 2413 1883 poeta
2426 1843 2506 1868 uno

1440 1894 1575 1927 tenore
1613 1888 1762 1939 scripta
1793 1887 2045 1928 videbantur.
2073 1889 2118 1927 In
2151 1889 2287 1930 verbis
2322 1889 2504 1943 ἀγοραίων

1439 1946 1596 1995 κηλητὴς
1607 1947 1717 1986 ἐπέων
1732 1947 1943 1999 genitivus,
1957 1948 2287 2000 quemadmodum
2303 1950 2406 2002 apud
2416 1962 2508 2002 poe·

1440 2017 1496 2057 tas
1506 2008 1658 2047 ionicos
1673 2008 1870 2046 interdum
1886 2008 1945 2059 fit,
1955 2008 2077 2047 dativi
2091 2009 2221 2048 vicem
2234 2008 2399 2050 obtinet.
2413 2009 2504 2051 vid.

1439 2068 1486 2106 ad
1501 2067 1751 2119 Empedoclis
1769 2081 1828 2107 vs.
1852 2081 1941 2118 179.
1955 2066 2054 2106 Sunt
2067 2068 2136 2119 qui
2150 2082 2224 2121 pro
2238 2068 2359 2123 ἄρχων
2377 2069 2508 2120 legant

1440 2128 1574 2180 ἀρχῶν.
1600 2126 1819 2178 Utrumque
1836 2127 2008 2177 intelligi
2023 2136 2166 2179 potest.

1493 2186 1577 2225 Vss.
1595 2187 1690 2236 29-3
1702 2201 1715 2224 1
1728 2218 1735 2226 .
1748 2186 1888 2224 Sextus
1901 2185 2124 2238 Empiricus
2136 2186 2333 2240 Pyrrhon.
2353 2187 2448 2241 hyp.
2469 2188 2506 2238 l,

1442 2246 1490 2282 33
1511 2259 1520 2283 :
1534 2244 1604 2284 Διὰ
1615 2248 1718 2283 τοῦτο
1729 2248 1812 2296 γοῦν
1825 2245 1884 2283 καὶ
1898 2244 2080 2298 ὑπάτυφον
2091 2245 2196 2284 αὑτὸν
2210 2245 2305 2299 λέγει
2315 2246 2350 2300 [ὁ
2362 2246 2507 2301 Τίμων]

1440 2304 1500 2343 καὶ
1520 2306 1558 2343 οὗ
1594 2306 1721 2349 τελέως
1751 2304 1883 2359 ἄτυφον
1911 2303 1955 2343 δι’
1973 2298 2024 2342 ὧν
2050 2320 2148 2359 φησι·
2185 2306 2406 2360 Ξεινοφάνης
2426 2309 2505 2348 κτλ.

1441 2363 1648 2418 Ὗπάτυφον
1669 2363 1738 2418 γὰρ
1759 2358 1836 2403 εἶπε
1857 2363 1916 2404 τὸν
1934 2364 2028 2403 κατά
2044 2380 2078 2403 τι
2096 2364 2508 2419 ἄτυφον,“Ομηραπάτης

1441 2424 1476 2462 δὲ
1497 2426 1710 2475 ἐπικόπτην,
1727 2424 1803 2464 ἐπεὶ
1817 2423 1879 2473 τὴν
1898 2425 1981 2478 παρ’
2000 2423 2154 2479 Ὁμήρῳ
2177 2424 2318 2474 ἀπάτην
2335 2423 2506 2482 διέσυρεν.

1439 2483 1675 2537 Ἔδογμάτιζε
1699 2484 1734 2524 δὲ
1755 2486 1773 2523 ὃ
1793 2484 1998 2538 Ξενοφάνης
2015 2485 2114 2538 παρὰ
2130 2483 2192 2530 τὰς
2211 2487 2281 2525 τῶν
2303 2484 2420 2526 ἄλλων
2441 2487 2508 2525 ἀν-

1442 2543 1590 2596 θρώπων
1623 2544 1833 2599 προλήψεις,
1870 2543 1907 2583 ἓν
1938 2537 2033 2583 εἶναι
2067 2544 2108 2584 τὸ
2138 2551 2209 2584 πᾶν
2243 2544 2306 2585 καὶ
2334 2544 2395 2585 τὸν
2430 2545 2507 2586 θεὸν

1441 2605 1584 2655 συμφυῆ
1613 2608 1685 2648 τοῖς
1715 2610 1842 2643 πᾶσιν·
1871 2596 1960 2642 εἶναι
1990 2602 2026 2642 δὲ
2056 2605 2263 2659 σφαιροειδῆ
2294 2603 2356 2647 καὶ
2385 2605 2507 2653 ἀπαθῆ

1440 2661 1500 2700 καὶ
1522 2661 1768 2710 ἀμετᾶὅλητον
1789 2661 1851 2701 καὶ
1866 2662 2024 2716 λογικόν.
2039 2663 2235 2714 Diogenes
2248 2663 2504 2713 LaertiusIX,

1446 2724 1492 2759 18
1514 2736 1521 2758 :
1546 2722 1752 2775 Ξενοφάνης
1781 2721 1922 2771 Δεξιοῧ,
1945 2721 1967 2769 ἢ
1989 2723 2048 2774 (ὥς
2078 2722 2360 2777 Ἀπολλόδωρος)
2379 2724 2507 2777 Ὀρθο-

1442 2780 1591 2832 μένους,
1618 2781 1861 2837 Κολοφώνιος,
1893 2783 2090 2822 ἐπαινεῖται
2122 2782 2211 2836 πρὸς
2240 2788 2303 2824 τοῦ
2322 2783 2502 2836 Τίμωνος.

1442 2841 1544 2886 Φησὶ
1562 2843 1656 2892 γοῦν·

1523 2934 1743 2989 Ξεινοφάνην
1766 2935 1959 2989 ὑπότυφον,
1977 2934 2258 2988 Ὁμηραπάτην,
2279 2937 2488 2988 ἐπικόπτην.

1442 3028 1640 3068 Laertium
1674 3042 1696 3067 e
1725 3028 1846 3067 Sexto
1875 3030 2099 3069 emendavit
2131 3031 2348 3083 Menagius.
2389 3034 2507 3086 Apud

1442 3088 1599 3127 Sextum
1620 3097 1748 3127 tamen
1778 3090 1900 3140 vulgo
1939 3100 2182 3142 repugnante
2211 3100 2336 3131 metro
2363 3093 2507 3145 legitur

1445 3147 1686 3196 ἐπισκώπτης.

1496 3207 1563 3247 Vs.
1599 3209 1660 3246 30.
1698 3206 1805 3246 ἄλλον
1836 3207 2069 3260 ἀπάνθρωπον
2110 3211 2255 3262 flagitat
2290 3213 2502 3262 sententia3

1444 3267 1552 3306 Sexti
1573 3268 1727 3306 codices
1747 3267 1846 3307 ἑκτὸν
1877 3268 1939 3307 ἀπ’
1956 3269 2151 3322 ἄνθρωπον.
2177 3271 2382 3312 Fabricius
2406 3271 2506 3317 ἐκτὸς

1445 3326 1590 3374 edidit,
1625 3326 1770 3365 Paulus
1793 3326 1855 3365 ἀπ’
1875 3326 2086 3381 ἀνθρώπων,
2113 3339 2323 3384 utrumque
2353 3333 2499 3385 inepte.

1448 3385 1514 3424 Est
1530 3399 1628 3425 vero
1641 3385 1714 3430 θεὸς
1726 3386 1972 3440 ἀπάνθρωπος,
1988 3398 2032 3428 ut
2046 3399 2133 3429 utar
2148 3391 2296 3431 Kuhnii
2311 3392 2445 3432 verbis
2455 3393 2504 3439 ad

1446 3444 1658 3492 Laertium,
1682 3448 1700 3483 ὁ
1721 3446 1830 3497 μηδὲν
1851 3446 1970 3498 ὅμοιον
1996 3447 2089 3502 ἔχων
2110 3449 2304 3506 ἀνθρώπῳ,
2325 3452 2394 3504 qui
2414 3466 2502 3492 cum

1445 3503 1606 3543 homine
1620 3505 1720 3544 nihil
1742 3505 1857 3546 habet
1871 3521 2091 3558 commune,
2112 3523 2183 3549 nec
2202 3510 2501 3551 similitudinem
