2612 3814
1063 261 1132 300 DE
1162 260 1475 301 DEMocano.

181 349 370 388 mocritus
389 362 491 387 anno
516 357 604 386 ante
628 348 721 389 Chr.
744 354 820 394 400
841 350 903 388 vel
932 350 1064 402 primo
1090 349 1229 401 Olym-

182 409 310 461 piadis
328 408 378 460 95
404 408 508 446 hunc
528 408 596 458 qui
629 407 752 460 μικρὸς
776 407 980 460 Διάκοσμος
1000 408 1238 448 inscribeba-

185 477 250 507 tur
284 468 332 507 de
371 467 551 505 ordinata
588 468 726 506 mundi
766 469 1053 520 compositione
1089 467 1236 506 librum

186 527 331 574 edidit,
361 526 480 565 unius
509 534 547 563 et
569 527 771 577 sexaginta
790 540 982 567 annorum
1004 540 1123 567 senex
1143 535 1237 566 erat.

183 585 239 624 Ea
268 593 377 624 aetate
409 585 676 624 Democritum
710 586 988 626 difficillimum
1010 600 1109 639 opus
1134 586 1239 638 quod

185 644 234 683 ab
254 644 386 683 adulto
406 652 444 682 et
466 643 617 683 subacti
638 643 782 696 judicii
800 646 962 685 homine
989 645 1110 685 scribi
1130 659 1253 697 opor-·

185 702 291 742 tebat
305 732 315 750 ‚
357 716 591 755 componere
627 704 804 755 potuisse
833 718 968 744 omnes
1014 704 1239 743 concedent.

183 762 377 801 Praeterea
395 762 592 800 Diodorus
618 763 669 814 (8)
685 763 841 802 Siculus
857 764 930 802 lib.
949 763 978 810 l,
1004 764 1054 814 98
1073 762 1240 801 Abderi-

187 829 318 860 tanum
354 821 634 872 philosophum
667 836 746 860 non
783 823 981 873 octoginta
1019 834 1164 868 annos,
1201 830 1244 859 ut

188 879 292 932 apud
321 879 559 919 Clementem
591 880 750 930 legitur,
767 881 834 920 sed
858 880 1167 932 quinquennium
1202 881 1243 919 in

185 939 353 990 AEgypto
390 947 671 977 commoratum
707 952 791 978 esse
834 948 982 979 narrat.
1010 939 1138 985 Quum
1172 953 1244 978 au·-

186 1006 263 1036 tem
281 998 322 1036 in
339 998 514 1036 numeris
534 1011 605 1049 per
621 1006 733 1036 notas
747 998 905 1050 scriptis
923 999 958 1036 Π
979 998 1082 1050 apud
1099 1006 1245 1036 veteres

187 1055 291 1096 πέντε
311 1057 523 1109 posteriori
547 1070 633 1095 aevo
650 1070 730 1108 quo
748 1057 981 1096 minusculis
1001 1057 1142 1095 litteris
1164 1066 1247 1095 ute-

187 1115 347 1163 bantur,
369 1116 619 1168 superposita
644 1116 708 1154 vel
740 1115 1093 1167 asc1·iptzilineola‚
1120 1115 1242 1167 ὀγδοή-

188 1190 296 1213 κοντα
318 1174 543 1225 designaret
566 1189 574 1211 :
611 1174 799 1225 conjicias
820 1174 1073 1213 librariorum
1093 1175 1247 1213 incuria

187 1242 399 1285 utrumque
418 1246 622 1271 numerum
651 1233 912 1272 consusum'et
944 1233 1047 1285 apud
1067 1233 1245 1271 Clemen-

189 1305 264 1335 tem
284 1295 388 1336 πέντε
403 1295 684 1334 restituendum
699 1308 797 1335 esse.

242 1355 433 1394 Caeterum
457 1368 573 1406 quam
605 1354 674 1392 diu
691 1355 837 1392 vixerit
856 1363 894 1392 et
918 1353 1075 1405 quando
1103 1353 1248 1392 obierit

187 1414 435 1453 Democritus
455 1423 630 1452 veterum
653 1414 835 1465 plerique
855 1414 1085 1464 ignorarunt
1098 1423 1164 1452 aut
1180 1427 1247 1452 va-

188 1473 270 1512 rios
288 1472 375 1524 ejus
397 1473 454 1511 rei
474 1482 652 1512 auctores
687 1474 809 1512 secuti
831 1481 936 1514 sunt.
966 1475 1046 1513 Nos
1070 1486 1148 1511 non
1170 1486 1248 1511 una

190 1533 238 1570 de
274 1545 390 1571 causa
430 1532 712 1584 philosophum
753 1541 907 1571 centum
952 1545 1076 1570 annos
1114 1541 1245 1571 natum

189 1599 329 1642 quarto
350 1590 598 1642 Olympiadis
624 1596 695 1635 104
726 1604 830 1630 anno
851 1591 912 1630 vel
935 1600 1022 1630 ante
1048 1591 1139 1631 Chr.
1171 1592 1242 1629 361

189 1649 410 1701 exspirasse
430 1663 658 1700 persuasum
682 1649 886 1690 habemus.
903 1650 967 1689 Sic
981 1659 1116 1689 auctor
1132 1650 1235 1688 Chro

189 1709 269 1748 nici
293 1708 495 1747 Paschalis
526 1709 628 1760 apud
657 1709 897 1760 Scaligerum
919 1710 962 1748 in
992 1710 1110 1748 Thes.
1133 1709 1249 1748 Tem-

189 1781 277 1820 por.
305 1782 347 1820 p.
372 1768 449 1806 250
465 1768 513 1806 ad
537 1768 694 1820 Olymp.
716 1775 787 1815 104
811 1769 923 1821 (ρδ’)·
944 1769 1165 1821 Δημόκριτος
1182 1785 1250 1808 τε-

188 1826 298 1878 λευτᾷ
319 1825 428 1873 ζήσας
447 1825 510 1874 ἔτη
541 1843 570 1878 ρ.
602 1828 794 1867 Similiter
817 1828 1011 1867 Eusebius
1034 1829 1181 1868 Chi-on.
1208 1829 1248 1867 in

190 1884 381 1936 Scaliger-i
403 1886 523 1926 Thes.
545 1886 686 1938 Temp.
705 1901 746 1939 p.
774 1890 847 1937 173
870 1888 918 1927 ad
938 1888 1097 1940 Olymp.
1116 1894 1165 1939 94
1183 1902 1251 1927 an-

190 1958 284 1983 num
321 1954 502 1996 quartum
537 1955 646 1984 notat
677 1961 686 1987 :
713 1947 936 2000 Δημόκριτος
967 1947 1114 2000 τελευτᾷ
1143 1947 1250 1995 ζήσας

189 2002 251 2050 ἔτη
271 2019 304 2057 ρ,
321 2004 390 2055 qui
408 2013 534 2042 tamen
555 2005 598 2043 in
618 2006 915 2045 transcribenda
933 2006 1165 2058 Olympiade
1191 2008 1251 2045 si-

189 2062 357 2101 millima
377 2064 490 2113 signa
503 2077 671 2114 qnorum
690 2065 853 2103 alterum
875 2080 950 2118 pro
968 2067 1245 2116 nonagenario,

189 2120 355 2160 alterum
377 2135 450 2174 pro
468 2123 693 2162 centenario
715 2137 879 2163 numero
897 2125 1104 2177 accipitur,
1127 2125 1199 2164 rho
1214 2135 1251 2165 et

192 2194 318 2233 eoppa
336 2182 584 2233 permiscuit.
612 2183 871 2234 Reliquorum
898 2185 1136 2236 scriptorum
1165 2186 1251 2238 opi-

191 2241 330 2280 niones
350 2255 518 2294 quorum
538 2242 607 2281 alii
625 2256 808 2293 magnum
831 2253 980 2283 naturae
999 2245 1248 2296 interpretem

191 2302 405 2352 nonaginta
427 2301 479 2354 (9)
499 2315 644 2349 annos,
673 2303 742 2342 alii
772 2312 926 2343 centum
959 2313 1145 2356 quattuor
1164 2305 1246 2357 (10)

191 2359 255 2398 vel
275 2369 363 2398 octo
385 2373 504 2412 supra
525 2370 825 2411 centum,annos
840 2392 850 2411 ,
872 2363 1030 2414 quidam
1049 2364 1164 2402 etiam
1183 2378 1252 2403 no-

191 2430 280 2456 vem
302 2427 340 2456 et
358 2428 511 2457 centum
533 2433 656 2458 annos
673 2434 793 2471 quum
824 2431 1044 2460 moreretur
1070 2422 1253 2461 habuisse

193 2478 323 2515 testati
341 2486 454 2526 sunt,
475 2477 681 2517 brevitatis
712 2480 836 2529 gratia
852 2480 945 2518 nolo
972 2481 1156 2522 refutare.
1178 2481 1253 2520 Sed

193 2534 276 2575 haec
290 2536 490 2575 hactenus.

249 2596 534 2646 Hegesistratus
562 2597 637 2647 (ita
658 2598 763 2637 enim
783 2599 995 2637 Democriti
1016 2608 1163 2650 patrem
1183 2613 1252 2652 ap·

193 2655 443 2709 pellabimus)
466 2666 544 2695 tres
564 2657 722 2696 videtur
747 2657 894 2696 liberos
914 2659 1130 2711 suscepisse
1154 2659 1188 2712 (1
1201 2661 1251 2710 1),

237 2768 282 2811 (8)
299 2768 463 2802 Diodorus
476 2769 602 2802 Siculus
623 2770 678 2802 lib.
705 2772 732 2812 1,
757 2773 796 2803 98
821 2783 829 2803 :
852 2770 1128 2812 Ὑπολαμὸἔινουσι
1150 2772 1183 2804 δὲ
1197 2773 1250 2804 καὶ

194 2815 248 2858 [οἱ
264 2816 429 2857 Αἰγύπτιοι
443 2816 454 2859 ]
474 2817 669 2860 Δημόκριτον
684 2818 760 2859 παρ’
777 2818 883 2855 αὐτοῖς
904 2818 958 2858 ἐτη
974 2819 1130 2861 διατρῖψαι
1147 2820 1249 2860 πέντε,

193 2864 246 2895 καὶ
263 2863 363 2896 πολλὰ
381 2864 561 2906 διδαχθῆναι
575 2869 636 2898 τῶν
653 2865 726 2897 κατ’
746 2865 961 2907 ἀστρολογίαν.

235 2909 279 2952 (9)
294 2910 389 2944 Dion.
414 2912 477 2944 Sic.
494 2914 581 2953 XIV,
601 2916 634 2945 11
653 2925 661 2945 :
683 2914 757 2954 Περὶ
776 2913 808 2945 δὲ
827 2913 880 2945 τὸν
894 2914 986 2946 αὑτὸν
1006 2913 1116 2957 χρόνον
1127 2914 1180 2946 καὶ
1194 2916 1254 2953 Δη·

195 2957 339 3000 μόκριτος
355 2959 372 2991 ὁ
390 2958 555 3000 φιλόσοφος
571 2958 751 2997 ἐτελεύτησε
761 2983 769 2999 ,
789 2960 908 3000 βιώσας
923 2960 975 2999 ἔτη
990 2961 1186 2999 ἐνενήκοντα.

235 3005 303 3047 (10)
325 3007 486 3038 Lucianus
505 3005 647 3038 Macrob.
662 3008 738 3038 tom.
763 3008 811 3039 111
829 3016 861 3048 p.
889 3011 946 3039 221
966 3008 1017 3040 ed.
1036 3009 1136 3040 Reitz.
1156 3016 1164 3036 :
1186 3010 1252 3046 Δη·

196 3051 340 3094 μὸκριτος
360 3052 414 3094 μὲν
425 3054 442 3085 ὁ
464 3052 640 3095 Ἀὃόηρίτης
653 3053 730 3085 ἐτῶν
746 3055 881 3094 γεγονὼς
897 3054 1058 3096 τεσσάρων
1075 3056 1126 3087 καὶ
1142 3055 1253 3087 ἑκατὸν

195 3099 413 3142 ἀποσχόμενος
429 3104 540 3143 τροφῆς
558 3101 711 3133 ἐτελεύτα.
737 3101 784 3133 Cf.
805 3101 960 3142 Phlegon.
985 3110 1058 3143 cap.
1084 3103 1113 3134 11
1142 3111 1173 3144 p.
1197 3107 1253 3135 118

197 3146 248 3179 ed.
266 3148 378 3180 Franz.
410 3148 606 3181 Censorinus
627 3158 699 3191 cap.
730 3150 768 3182 15
791 3158 861 3191 pag.
898 3154 937 3182 39
966 3148 1018 3181 ed.
1041 3149 1139 3182 Jahn.
1159 3150 1251 3191 Diog.

196 3194 305 3227 Laert.
319 3194 376 3227 lib.
392 3196 452 3236 lx,
470 3198 511 3228 39
526 3198 557 3228 01
580 3197 634 3229 43.

241 3241 308 3283 (11)
334 3242 495 3283 Diogenes
525 3243 675 3276 Laertius
693 3243 751 3277 lib.
774 3246 832 3284 lx,
856 3247 896 3278 35
912 3246 944 3278 et
968 3247 1020 3278 39.
1038 3244 1152 3277 AElian.
1174 3247 1251 3278 var.

199 3288 283 3320 Hist.
303 3290 360 3330 lv,
384 3294 436 3322 20.
456 3290 539 3323 Plin.
557 3293 675 3332 xvm,
696 3294 749 3325 35.
767 3292 917 3325 Clemens
931 3294 1051 3326 Strom.
1071 3293 1114 3324 Vl
1133 3301 1163 3332 p.
1181 3296 1251 3325 255.

241 3335 307 3378 (12)
336 3336 492 3377 Diogenes
520 3339 667 3371 Laertius
686 3341 742 3380 lx,
764 3342 817 3373 43.
837 3341 887 3372 Cf.
911 3339 1091 3382 Hesychius
1111 3340 1255 3373 Milesius

199 3390 230 3424 p.
252 3385 289 3415 18
303 3382 356 3415 ed.
377 3385 476 3416 Orell.
499 3387 532 3417 et
551 3386 664 3419 suidas
681 3395 713 3419 v.
739 3387 945 3429 Δημόκριτος.
1195 3428 1198 3429 ⁷

239 3430 303 3471 (13)
321 3432 394 3471 Pag.
425 3435 502 3464 1274
521 3433 572 3464 ed.
599 3435 691 3466 Fons.
717 3435 893 3473 (tom.·lll
913 3444 944 3476 p.
966 3436 1024 3468 777
1043 3434 1094 3467 ed.
1116 3434 1255 3477 Kolln.)

243 3476 309 3518 (14)
335 3478 481 3510 Valerius
508 3480 669 3512 Maximus
697 3481 752 3520 lib,
771 3483 848 3514 Vlll
876 3491 946 3522 cap.
966 3486 982 3516 7
1014 3495 1022 3515 ε
1054 3483 1257 3514 Democritus

199 3533 301 3566 quum
321 3524 440 3558 divitiis
459 3528 579 3560 censeri
593 3530 722 3569 posset,
739 3538 813 3571 quoe
826 3531 927 3562 tantae
945 3530 1073 3562 suerunt
1088 3552 1096 3569 ,
1115 3534 1151 3562 ut
1168 3531 1257 3571 pater

2276 268 2348 303 331

1298 350 1537 388 Herodotum
1550 379 1559 396 ,
1578 350 1784 387 Damasum
1804 358 1918 400 atque
1934 362 2021 387 eum
2037 349 2084 387 de
2098 364 2176 401 quo
2192 349 2257 389 hic
2272 353 2335 401 agi

1298 418 1361 447 tur
1381 409 1522 448 filium.
1548 409 1623 448 Hic
1643 416 1771 446 autem
1794 408 1934 446 ordine
1951 409 2088 447 tertius
2105 418 2142 447 et
2163 419 2254 448 natu
2281 413 2354 449 mi·

1298 470 1428 508 nimus
1461 468 1547 507 suit.
1578 467 1691 506 Haud
1723 467 1805 506 scio
1835 480 1884 505 an
1913 468 2027 505 etiam
2062 468 2241 506 Damaste
2275 470 2356 508 filia

1300 528 1567 579 Hegesistrato
1604 527 1744 574 suerit,
1784 539 1899 577 quam
1940 527 2153 564 Democriti
2181 540 2355 566 sororem

1299 595 1413 626 vocat
1426 586 1620 636 Diogenes
1635 585 1813 623 Laertius
1831 583 1924 635 (12).
1941 584 2133 623 Natalium
2152 585 2359 636 splendore

1302 647 1558 699 conspicuum
1581 645 1700 684 fuisse
1723 645 2003 697 philosophum
2025 658 2073 683 ex
2101 645 2261 684 indiciis
2283 647 2358 684 mi-

1301 707 1408 744 nime
1428 705 1562 744 dubiis
1597 705 1731 755 colligi
1764 713 1932 756 oportet.
1973 704 2218 755 Quamquam
2251 707 2357 743 enim

1304 779 1383 803 non
1405 764 1604 804 credimus
1641 765 1749 816 quod
1768 765 1811 802 in
1846 763 2052 803 subdititia
2081 764 2358 804 Abderitarum

1307 829 1355 866 ad
1377 829 1656 880 Hippocratem
1684 827 1849 879 epistola
1867 827 2011 877 legitur
2029 825 2123 879 (13),
2147 828 2359 867 Democri-

1304 896 1385 925 tum
1406 888 1587 926 Herculis
1612 900 1661 926 ex
1693 887 1811 925 fratre
1846 895 2025 936 nepotem
2061 886 2200 933 fuisse,
2232 896 2359 926 tamen

1304 947 1607 996 Hegesistratum
1629 947 1732 984 inter
1751 945 1967 984 ditissimos
1987 944 2072 996 ejus
2092 946 2280 995 temporis
2299 947 2360 985 vi-

1304 1018 1370 1042 ros
1390 1005 1590 1044 numerari
1622 1005 1716 1043 satis
1737 1012 1902 1043 constat.
1927 1003 2061 1054 Neque
2092 1003 2194 1041 enim
2219 1005 2360 1043 multas

1305 1073 1529 1102 exterorum
1551 1073 1675 1102 terras
1692 1062 1805 1101 obire
1821 1075 1865 1100 ac
1880 1062 2102 1100 diutissime
2118 1063 2361 1114 peregrinari

1306 1125 1497 1174 potuisset
1525 1122 1655 1172 filius,
1677 1122 1751 1159 nisi
1786 1121 1930 1172 opibus
1950 1121 2117 1159 maxime
2147 1121 2358 1162 floruisset.

1307 1182 1407 1219 Hinc
1428 1182 1584 1220 fuerunt
1599 1180 1847 1232 qui-Xerxem
1865 1193 1984 1231 quum
2003 1180 2043 1218 in
2059 1180 2189 1218 Asiam
2207 1181 2361 1220 rediens

1305 1240 1501 1278 Abderam
1521 1240 1692 1278 venisset
1708 1238 1757 1277 ab
1783 1239 2045 1288 Hegesistrato
2054 1239 2234 1290 -hospitio
2255 1253 2364 1278 exce·

1305 1308 1414 1350 ptum
1448 1312 1533 1339 esse
1571 1298 1864 1337 contenderent.
1898 1297 2002 1343 Quin
2043 1298 2157 1335 etiam
2187 1298 2364 1338 Valerius

1307 1357 1500 1396 Maximus
1528 1357 1604 1408 (14)
1627 1365 1759 1395 narrat
1782 1354 2010 1407 philosophi
2039 1364 2238 1407 parentem
2270 1356 2364 1395 Xer·

1310 1416 1373 1454 xis
1399 1415 1589 1454 exercitui
1606 1415 1765 1465 epulum
1794 1412 1962 1453 dedisse.
1984 1412 2079 1459 Quae
2108 1426 2169 1451 res
2190 1412 2365 1453 fabulosa

1307 1484 1345 1513 et
1365 1474 1631 1513 commentitia
1647 1482 1717 1520 est,
1735 1485 1861 1524 neque
1877 1472 1996 1522 digna
2013 1472 2074 1510 cui
2092 1473 2363 1515 immoremur.

1307 1535 1420 1581 Quod
1450 1548 1547 1573 vero
1565 1534 1713 1572 addunt
1732 1531 1809 1583 (15)
1830 1531 1999 1571 Xerxem
2021 1532 2283 1582 Hegesistrato
2303 1548 2365 1573 re-

1310 1594 1475 1644 liquisse
1496 1606 1630 1642 magos
1652 1606 1674 1630 a
1694 1591 1838 1643 quibus
1872 1591 2118 1629 Democritus
2137 1605 2236 1642 puer
2252 1591 2364 1632 theo-

1309 1652 1453 1701 logiam
1475 1661 1512 1690 et
1537 1651 1788 1700 astrologiam
1818 1650 2000 1688 didicerit
2022 1664 2030 1687 :
2052 1649 2092 1687 id
2115 1649 2251 1689 falsum
2281 1663 2365 1690 esse

1310 1723 1424 1747 nemo
1457 1708 1627 1759 negabit.
1647 1708 1744 1746 Nam
1765 1722 1844 1760 quo
1864 1717 2039 1760 tempore
2067 1707 2273 1746 Persarum
2295 1722 2366 1748 rex

1310 1770 1470 1808 domum
1502 1767 1788 1813 revertebatur,
1817 1767 2075 1820 philosophus
2101 1767 2364 1808 Abderitanus

1310 1828 1483 1866 nondum
1503 1827 1606 1865 inter
1626 1828 1741 1865 vivos
1771 1827 1858 1868 fuit.
1882 1828 1932 1865 At
1957 1841 2036 1865 non
2056 1835 2138 1865 erat
2165 1841 2263 1878 opus
2285 1829 2367 1866 De*-

1311 1886 1476 1925 mocrito
1489 1899 1689 1936 magorum
1702 1886 1949 1925 institutione
1958 1898 2034 1937 qua
2044 1885 2218 1936 reliquos
2230 1900 2363 1925 omnes

1310 1945 1518 1985 Abderitas
1546 1946 1615 1996 qui
1646 1945 1796 1995 ingenii
1829 1945 2096 1997 doctrinaeque
2121 1945 2235 1983 laude
2270 1947 2367 1984 insi-

1311 2018 1406 2054 gnes
1452 2006 1632 2055 fuerunt,
1668 2004 1842 2043 caruisse
1868 2004 1985 2045 nobis
2025 2012 2266 2056 compertum
2293 2012 2364 2044 est.

1310 2063 1445 2115 Neque
1477 2065 1594 2102 enim·
1615 2063 1780 2102 dubium
1800 2063 1897 2114 quin
1926 2063 1969 2101 in
2000 2063 2128 2115 patria
2161 2062 2259 2102 urbe
2282 2076 2368 2114 quae

1311 2124 1497 2176 Tejorum
1519 2125 1751 2163 colonorum
1780 2123 1976 2162 beneficio
1998 2123 2075 2175 (16)
2098 2123 2146 2161 ad
2178 2123 2367 2174 majorem

1312 2192 1540 2222 mercaturae
1555 2213 1565 2231 ,
1587 2184 1808 2221 litterarum
1834 2182 2055 2233 artiumque
2074 2182 2208 2220 florem
2232 2195 2369 2234 perve-

1312 2252 1440 2290 nerat,
1456 2244 1549 2282 satis
1567 2242 1695 2281 bonos
1715 2242 1922 2292 magistros
1938 2250 2072 2279 nactus
2100 2241 2164 2281 sit.

1365 2302 1543 2351 Mortuo,
1558 2311 1601 2340 ut
1619 2301 1785 2347 videtur,
1807 2309 1967 2352 parente
1983 2300 2261 2352 patrimonium
2283 2314 2370 2339 cum

1315 2361 1506 2400 fratribus
1535 2361 1674 2399 divisit
1704 2359 1979 2407 Democritus,
2011 2359 2097 2411 ipse
2116 2358 2193 2397 sibi
2213 2359 2370 2399 itineris

1314 2434 1426 2460 causa
1446 2422 1639 2459 minorem
1660 2419 1882 2471 portionem
1919 2432 2006 2470 quae
2027 2427 2228 2456 numerata
2258 2432 2374 2470 pecu-

1315 2482 1381 2519 nia
1418 2479 1619 2519 constabat
1644 2479 1795 2529 eligens
1845 2478 1938 2531 (17).
1976 2477 2121 2516 Ferunt
2156 2478 2372 2517 Democriti

1314 2550 1463 2593 partem
1486 2548 1640 2579 centum
1662 2539 1833 2591 amplius
1854 2538 1998 2576 talenta
2023 2538 2219 2590 explesse,
2255 2552 2370 2589 quam

1315 2602 1383 2639 ille
1404 2613 1594 2639 summam
1614 2607 1750 2650 postea
1774 2607 1893 2636 totam
1928 2597 2143 2636 consumsit
2164 2597 2256 2649 (18).
2287 2598 2372 2636 Non

1319 2659 1538 2698 audiendus
1558 2658 1679 2708 igitur
1698 2657 1876 2696 Valerius
1889 2657 2081 2695 Maximus
2095 2656 2172 2710 (19)
2194 2657 2262 2708 qui
2284 2669 2372 2695 eum

1315 2772 1386 2812 ejus
1402 2771 1518 2804 xerxis
1538 2770 1694 2803 exercitui
1722 2770 1855 2812 epulum
1876 2769 1954 2802 dare
1975 2778 2015 2802 ex
2037 2769 2119 2801 sacili
2144 2770 2283 2810 potuerit
2309 2773 2373 2802 etc.

1361 2820 1428 2861 (15)
1447 2819 1605 2860 Diogenes
1632 2818 1778 2851 Laertius
1791 2820 1852 2858 1Χ,
1877 2820 1916 2850 34
1947 2827 1954 2849 :
1974 2817 2075 2854 Οὗτος
2091 2818 2130 2858 (ό
2147 2817 2341 2859 Δημόκριτος
2361 2817 2372 2858 )

1318 2867 1425 2909 μάγων
1442 2870 1534 2900 τινῶν
1552 2866 1701 2906 διήκουσε
1723 2866 1777 2899 καὶ
1797 2865 1981 2905 Χαλδαίων,
1999 2865 2115 2907 Ξέρξου
2141 2868 2197 2896 τοῦ
2221 2864 2375 2906 βασιλέως

1316 2914 1485 2951 ἐπιστάτας
1505 2917 1551 2955 τῷ
1563 2914 1656 2955 πατρὶ
1670 2913 1766 2946 αὐτοῦ
1780 2913 2023 2951 καταλιπόντος,
2042 2910 2135 2949 ἡνίκα
2152 2911 2289 2949 ἐξενίσθη
2302 2909 2376 2951 παρ’

1315 2962 1411 2993 αὐτοῦ
1428 2960 1508 2993 καθά
1524 2972 1599 3002 φησι
1615 2961 1668 2992 καὶ
1684 2960 1863 3001 Ἡρόδοτος·
1875 2959 1948 3000 παρ’
1962 2959 2005 2990 ὧν
2018 2958 2058 2991 τά
2073 2969 2107 2990 τε
2126 2959 2195 3000 περὶ
2218 2958 2376 2996 θεολογίας

1314 3010 1367 3041 καὶ
1386 3009 1589 3051 ἀστρολογίας
1603 3009 1714 3051 ἔμαθεν
1731 3007 1775 3040 ἔτι
1795 3011 1868 3044 παῖς
1882 3007 1938 3039 ὧν.
1954 3007 2003 3039 Cs-
2019 3006 2174 3038 Herodot.
2194 3007 2286 3045 Vlll,
2305 3008 2377 3037 120.

1360 3055 1426 3096 (16)
1444 3056 1562 3089 Herod.
1578 3057 1605 3097 Ι,
1630 3058 1700 3088 168.
1722 3055 1838 3088 Strabo
1854 3056 1929 3088 xlv
1943 3063 1974 3095 p.
1989 3055 2060 3086 644.

1359 3103 1426 3145 (17)
1445 3104 1605 3145 Diogenes
1630 3103 1778 3137 Laertius
1798 3104 1857 3142 IX,
1876 3106 1916 3135 35
1935 3114 1942 3134 ε
1960 3101 2072 3143 Τρίτον
2088 3112 2121 3132 τε
2148 3100 2225 3133 ὄντα
2249 3099 2377 3141 ἀδελφὸν

1315 3149 1482 3191 νείμασθαι
1499 3151 1555 3189 τὴν
1579 3150 1700 3183 οὐσίαν.
1732 3150 1786 3182 καὶ
1804 3150 1833 3181 οἱ
1863 3149 1918 3190 μὲν
1942 3147 2066 3184 πλείους
2085 3147 2161 3188 φασὶ
2187 3147 2243 3184 τήν
2260 3146 2376 3177 ἐλάττω

1317 3202 1425 3240 μοῖραν
1445 3199 1586 3238 ἑλέσθαι,
1616 3198 1672 3237 τὴν
1694 3198 1728 3230 ἐν
1751 3197 1907 3240 ἀργυρίῳ,
1936 3196 2042 3239 χρείαν
2064 3195 2177 3238 ἔχοντα
2199 3194 2269 3227 κατ’
2296 3193 2377 3225 ἀπο-

1317 3245 1448 3288 δημίαν,
1472 3249 1568 3278 τοῦτο
1582 3245 1738 3278 κάκείνων
1754 3245 1864 3281 δολίως
1886 3243 2164 3277 ὑποπτευσάντων.
2189 3243 2238 3275 Cf.
2259 3240 2376 3274 AElian.

1316 3295 1392 3326 Var.
1410 3294 1494 3326 Hisl..
1513 3295 1566 3334 lV,
1586 3298 1637 3326 20.

1360 3342 1426 3383 (18)
1452 3342 1610 3383 Diogenes
1632 3341 1781 3374 Laertius
1806 3342 1863 3381 lx,
1881 3345 1920 3374 36
1943 3349 1951 3372 ε
1982 3340 2021 3371 Ὁ
2039 3339 2072 3371 δὲ
2101 3337 2276 3379 Δημήτριος
2302 3335 2378 3376 ὑπὲρ

1319 3390 1430 3422 ἑκατὸν
1449 3390 1586 3423 τάλαντά
1601 3401 1693 3431 φησιν
1711 3390 1791 3422 εἶναι
1808 3388 1895 3431 αὐτῷ
1914 3388 1950 3420 τὸ
1964 3389 2070 3429 μέρος,
2087 3386 2210 3418 ἅπαντα
2230 3385 2262 3415 δὲ
2280 3394 2377 3414 κατα-

1317 3438 1470 3470 ναλῶσαι.

1363 3485 1430 3524 (19)
1454 3483 1604 3517 valerius
1628 3484 1791 3516 Maximus
1820 3481 1878 3515 lib.
1908 3483 1984 3514 vlll
2011 3489 2084 3520 cap.
2113 3482 2130 3511 7
2166 3476 2305 3517 exempl.
2323 3484 2378 3508 ex-

1320 3534 1403 3563 leru.
1426 3533 1457 3563 4.
