2612 3814
1103 282 1433 329 PROOEMIUM.
2304 289 2348 332 [x

175 379 256 417 fere
276 376 420 416 saeculo
441 384 517 415 tam
536 374 741 415 christiani
761 373 840 428 (ιο)
859 388 975 426 quam
998 375 1140 427 pagani
1171 388 1231 413 se-

175 435 414 489 quebantur,
436 449 524 487 quae
542 447 605 474 res
623 443 662 474 et
681 434 832 488 profuit
850 443 887 473 et
907 434 1036 473 obfuit
1054 434 1230 487 philoso-

177 495 294 548 phiae.
315 494 411 534 Nam
438 508 563 547 pravo
589 494 757 533 consilio
786 493 954 533 inferior
974 502 1066 533 aetas
1098 493 1231 532 Plato-

178 566 267 593 nem
295 562 334 592 et
369 553 621 594 Aristotelem
660 552 709 591 de
746 552 880 591 multis
910 552 1144 592 dissidentes
1178 553 1232 591 ita

179 613 393 652 conciliare
412 611 587 660 studuit,
609 619 653 651 ut
677 624 833 651 omnem
854 611 1134 651 dissensionem
1158 611 1230 649 tol-

177 671 274 711 leret
294 680 410 724 atque
438 671 535 710 adeo
554 671 701 724 scripta
719 671 763 710 in
791 670 937 723 quibus
958 670 1165 723 utriusque
1195 678 1233 709 et

176 731 390 771 voluntatis
409 740 447 770 et
467 730 612 783 judicii
641 731 846 770 diversitas
865 738 1027 784 apparet
1055 729 1104 768 ab
1133 730 1232 769 Aca-

178 790 342 831 demicis
361 799 399 830 et
414 789 688 842 Peripateticis
708 790 803 830 olim
826 790 979 842 magnis
1001 790 1082 829 illis
1099 789 1232 842 philo—

177 850 328 903 sophiae
359 849 588 889 auctoribus
621 851 828 903 supposita
857 863 942 890 esse
963 849 1228 890 contenderet.

175 910 242 950 Sic
269 910 472 950 Hierocles
505 909 609 962 apud
636 910 823 949 Photium
842 909 932 949 cod.
968 908 1041 947 251
1082 923 1124 961 p.
1155 909 1232 958 750

175 969 239 1010 ed.
261 969 417 1009 Hoesch.
435 969 594 1009 εΠολλοὶ
606 971 676 1009 τῶν
691 969 763 1009 ἀπὸ
778 969 968 1013 Πλάτωνος
987 968 1049 1008 καὶ
1069 970 1231 1020 Ἀριστο-

176 1027 297 1074 τέλους
329 1028 535 1082 συγκρούειν
565 1028 730 1078 ἀλλήλοις
760 1027 842 1073 τοὺς
878 1029 975 1081 σφῶν
1000 1028 1232 1075 διδασκάλους

176 1087 270 1128 κατὰ
294 1089 339 1127 τὰ
365 1089 507 1142 καίρια,
537 1087 640 1143 φησί,
665 1089 735 1128 τῶν
765 1087 954 1141 δογμάτων
983 1087 1140 1136 σπουδὴν
1171 1087 1233 1127 καὶ

218 1200 286 1243 (10)
307 1200 457 1234 clemens
473 1200 710 1234 Alexandrinus
723 1202 843 1234 Strom.
856 1202 871 1233 1
890 1210 922 1243 p.
941 1203 1000 1233 ¹188
1016 1204 1042 1234 Α
1064 1209 1073 1230 =
1095 1201 1234 1234 Φιλοσο-

178 1247 250 1290 φίαν
272 1247 306 1281 δὲ
319 1248 356 1281 οὗ
375 1249 432 1287 τήν
456 1249 599 1288 Στωικὴν
620 1250 704 1291 λέγω
726 1249 799 1283 οὐδὲ
816 1250 874 1290 τὴν
906 1250 1116 1289 Πλατωνικὴν
1139 1250 1158 1288 ἢ
1177 1251 1234 1289 τὴν

177 1291 391 1337 Ἐπικούρειόν
418 1307 452 1328 τε
474 1298 528 1329 καὶ
545 1297 810 1342 Ἀριστοτελικήν.
835 1297 903 1331 ἀλλ’
924 1298 988 1332 ὅσα
1011 1298 1132 1341 εἴρηται
1157 1299 1233 1342 παρ’

1296 372 1449 424 μελέτην
1469 372 1752 427 εἰσενηνοχότες,
1772 373 1879 428 μέχρι
1902 374 2028 415 τούτου
2048 377 2258 431 φιλονεικίας
2285 380 2348 419 καὶ

1294 433 1430 485 τόλμης
1444 432 1608 486 ἤλασαν,
1626 435 1672 478 ὡς
1687 432 1749 472 καὶ
1771 434 1815 472 τὰ
1834 434 2101 488 συγγράμματα
2119 438 2190 475 τῶν
2209 437 2348 477 οἰκείων

1294 496 1458 532 νοθεῦσαι
1479 492 1722 544 διδασκάλων,
1751 495 1801 538 εἷς
1828 492 1871 534 τὸ
1903 495 2038 544 μᾶλλον
2069 495 2237 541 ἐπιδεῖξαι
2271 495 2351 541 τοὺς

1294 551 1425 606 ἄνδρας
1453 552 1618 600 ἀλλήλοις
1644 552 1884 605 μαχομένους.
1916 553 1992 593 Καὶ
2018 553 2166 603 διέμεινε
2187 557 2291 593 τοῦτο
2310 555 2352 594 τὸ

1291 612 1402 657 πάθος
1417 617 1489 656 τοῖς
1509 612 1711 667 φιλοσόφοις
1731 613 1929 666 διατριὸαἶς
1952 614 2131 667 ἐνσκῆψαν
2144 642 2155 661 ,
2169 613 2235 659 ἕως
2258 614 2353 665 Ἀμ-

1294 671 1426 724 μωνίου
1445 675 1508 712 τοῦ
1531 670 1770 712 θεοδιδᾶκτου.
1791 665 1904 717 Οὗτος
1922 671 1991 725 γὰρ
2008 675 2148 726 πρῶτος
2168 672 2354 712 ἐνθουσιά-

1293 747 1358 776 σας
1377 731 1463 785 πρὸς
1494 731 1535 771 τὸ
1559 734 1622 779 τῆς
1651 730 1859 786 φιλοσοφίας
1880 730 2044 781 α’ληθινόν
2062 761 2075 782 ‚
2099 731 2162 771 καὶ
2191 730 2255 776 τὰς
2282 733 2353 771 τῶν

1292 793 1434 833 πολλῶν
1454 791 1556 838 δόξας
1572 790 1748 846 ὑπεριδὼν
1771 790 1835 837 τὰς
1855 793 2024 832 πλεῖστον
2044 790 2176 834 ὄνειδος
2203 792 2353 846 φιλοσο-

1293 851 1356 907 φία
1384 850 1689 906 προστριὸομένας
1709 844 1779 891 εἶδε
1798 852 1917 897 καλῶς
1934 851 1979 890 τὰ
2001 850 2168 904 ἑκατέρου
2189 850 2250 890 καὶ
2268 867 2355 890 συν-

1291 911 1423 964 ἤγαγεν
1437 914 1484 956 εἷς
1503 911 1565 951 ἕνα
1579 910 1640 951 καὶ
1657 910 1714 950 τὸν
1731 911 1833 950 αὐτὸν
1851 915 1948 960 νοῦν,
1961 910 2022 951 καὶ
2038 909 2276 949 ἀστασίαστον
2291 909 2356 958 τὴν

1294 971 1504 1026 φιλοσοφίαν
1533 970 1769 1025 παραδέδωκε
1790 976 1881 1010 πᾶσι
1905 971 1975 1015 τοῖς
2004 971 2110 1010 αὐτοῦ
2145 969 2356 1023 γνωρίμοις,

1295 1029 1453 1081 μάλιστα
1485 1030 1522 1069 δὲ
1554 1035 1627 1075 τοῖς
1659 1029 1814 1083 ἀρίστοις
1847 1031 1916 1069 τῶν
1956 1030 2050 1082 αὐτῷ
2075 1027 2356 1081 συγγεγονότων,

1295 1088 1471 1144 Πλωτίνῳ
1496 1088 1559 1128 καὶ
1582 1088 1764 1143 Ὠριγένει
1794 1088 1947 1132 καὶτοῖς
1983 1086 2061 1135 ἑξῆς
2098 1086 2168 1127 ἀπὸ
2207 1085 2354 1126 τούτων.

1295 1201 1414 1243 ἑκάστῃ
1432 1204 1495 1234 τῶν
1515 1201 1668 1242 αἱρέσεων
1688 1200 1809 1234 τούτων
1826 1200 1931 1237 καλῶς
1944 1211 1953 1241 ;
1968 1200 2173 1239 δικαιοσύνην
2189 1199 2256 1241 μετ’
2272 1194 2373 1232 εὐσε·ν

1293 1249 1366 1286 6οὓς
1386 1249 1560 1291 ἐπιστήμης
1575 1248 1824 1290 ἐκδιδάσκονται,
1847 1251 1944 1281 τοῦτο
1962 1248 2090 1287 σύμπαν
2119 1248 2156 1280 τὸ
2173 1246 2355 1280 ἐκλεκτικὸν

1291 1299 1476 1342 φιλοσοφίαν
1493 1299 1582 1342 φημί.
