2612 3814
1076 242 1418 283 FRAGMENTA.

157 331 256 370 πόνω
275 331 392 384 τυχὼν
411 331 446 369 ἐν
462 331 645 382 λογισμοῖς
664 345 700 368 τε
717 329 778 369 καὶ
795 329 1047 381 μαθημάτεσσι
1062 330 1123 370 καὶ
1141 336 1218 375 ταῖς

160 390 241 429 ποτ’
263 389 445 443 ἀκρίὸειαν
471 388 631 441 θεωρίαις
661 387 760 433 εὐθὺς
795 390 834 427 ἐκ
861 388 928 427 νέω
961 387 979 412 ¹³
999 389 1219 441 γυμνάσαιτο

160 450 226 489 τὰν
257 450 414 488 διάνοιαν
445 447 650 502 φιλοσοφίας
677 447 873 499 ἁπτόμενος
901 449 1030 502 ὀρθᾶς,
1066 447 1157 500 μετὰ
1182 448 1218 487 δὲ

158 509 287 553 ταύτας
305 510 390 546 θεῶν
410 523 449 546 τε
468 507 530 547 καὶ
542 507 660 557 νόμων
674 507 735 546 καὶ
754 507 839 583 βίων
856 507 1114 561 ἀνθρωπίνων’
1099 523 1218 559 εμπει-

161 568 239 621 ρίαν
258 566 377 607 Mem.
435 565 508 605 Δύο
522 564 592 618 γάρ
611 566 683 604 ἐντι
705 560 775 611 ἐξ’ἓ
754 581 801 605 ων
818 568 870 605 τῶ
893 566 1052 620 φρονίμω
1069 567 1220 610 διάθεσις

159 627 419 681 παραγίνεται,
438 619 486 665 ὧν
504 626 544 664 τὸ
564 624 629 676 μέν
650 626 721 665 ἐντι
742 624 810 671 ἕξιν
832 626 1085 678 μαθηματικάν
1102 642 1139 665 τε
1160 642 1220 665 και

160 685 357 740 γνωστικὰν
383 685 514 734 λαὸέν,
553 685 593 724 τὸ
619 684 656 724 δὲ
689 685 904 738 θεωρήματα
929 686 991 725 καὶ
1023 686 1221 740 πράγματα

161 746 277 787 πολλὰ
297 745 486 786 ἐπελθόντα
499 775 509 794 ,
531 745 577 784 τὰ
606 744 669 796 μὲν
691 745 751 784 καὶ
771 745 876 784 αὐτὸν
901 745 1020 785 ἰδόντα
1040 745 1085 786 τὰ
1105 745 1141 784 δὲ
1160 745 1222 784 καὶ

162 806 206 845 δι’
223 805 331 858 ἑτέρω
351 805 445 850 τινος
461 804 581 858 τρόπω
600 804 886 852 κατανοήσαντα.
946 804 1041 845 Οὔτε
1060 805 1129 858 γὰρ
1148 808 1167 844 6
1187 807 1221 844 ἐν

161 867 343 918 λογισμοῖς
377 864 438 903 καὶ
461 863 711 915 μαθημάτεσσι
742 863 804 903 καὶ
831 864 907 907 ταῖς
932 865 1011 902 ποτ’
1041 863 1222 917 ἀκρίὸειαν

163 925 322 978 θεωρίαις
351 923 449 968 εὐθὺς
479 925 519 962 ἐκ
542 923 610 962 νέω
636 922 816 974 γυμνάσας
835 921 900 961 τὰν
922 922 1075 962 διάνοιαν
1105 922 1224 967 ἱκανός

164 986 236 1022 ἐντι
255 983 336 1022 ποτὶ
354 982 540 1036 φρόνασιν,
554 981 626 1021 οὔθ’
648 985 667 1022 6
692 981 825 1021 τούτων
845 981 909 1033 μὲν
933 981 1172 1035 ἀπολειφθείς,
1187 984 1222 1021 ἐν

163 1041 430 1096 ἀκροαμάτεσσι
450 1042 486 1080 δὲ
505 1042 649 1086 πολλοῖς
669 1040 730 1079 καὶ
757 1040 1027 1094 πραγμάτεσσιν
1056 1043 1224 1094 ἀναστρε-

163 1102 271 1156 φθείς.
331 1101 424 1141 Ἀλλ’
445 1103 464 1140 6
485 1101 549 1151 μὲν
572 1102 607 1139 ἐν
627 1102 677 1154 τῷ
697 1102 774 1139 καθ’
792 1100 926 1139 ἕκαστα
955 1099 1070 1153 κρίνεν
1097 1099 1225 1152 τυφλὸς

165 1161 303 1212 ἐγένετο
325 1161 390 1200 τὰν
420 1160 573 1199 διάνοιαν
586 1190 597 1212 ‚
615 1162 634 1199 6
653 1159 690 1198 δὲ
712 1161 746 1198 ἐν
770 1161 818 1213 τῷ
837 1159 978 1198 καθόλω
995 1158 1121 1209 θεωρὲν
1153 1158 1222 1198 ἀεί.

170 1219 340 1272 Καθάπερ
370 1219 437 1271 γὰρ
459 1219 517 1258 ἐπὶ
537 1222 606 1258 τῶν
626 1220 807 1270 λογισμῶν
831 1218 983 1256 δύναται
1010 1219 1028 1256 6
1055 1216 1156 1268 λόγος
1183 1217 1228 1257 τὰ

167 1277 278 1331 μέρεα
295 1278 464 1322 συντιθεὶς
484 1277 525 1316 τὸ
541 1277 620 1316 ὅλον
641 1275 676 1322 ἐξ
693 1278 807 1315 αὐτῶν
820 1276 1043 1327 λογίζεσθαι,
1061 1275 1152 1315 οὕτω
1168 1276 1232 1325 καὶι

166 1336 225 1376 ἐπὶ
250 1339 320 1375 τῶν
341 1337 562 1389 πραγμάτιον
593 1336 739 1375 δύναται
760 1337 778 1374 6
799 1335 862 1386 μὲν
883 1334 983 1387 λόγος
1006 1334 1070 1374 τὰν
1090 1335 1230 1375 καθόλω

166 1395 313 1449 θεωρίαν
330 1396 554 1450 ὖπογράφεν,
574 1395 597 1434 ἇ
616 1395 649 1434 δ’
668 1393 835 1447 ἐμπειρία
855 1397 934 1433 καθ’
949 1394 1081 1434 ἕκαστα
1098 1395 1227 1448 κρίνεν.

224 1460 358 1511 (Stob.
382 1460 484 1500 Flor.
504 1460 577 1509 111,
610 1462 674 1508 76.
697 1459 862 1498 Correxi
887 1461 903 1480 ³

167 1534 258 1567 σιος;
286 1520 383 1559 libri
403 1520 556 1570 γένοιτο,
581 1520 716 1572 φύσιος.
736 1518 753 1542 ¹³

172 1579 253 1629 gi03
274 1579 388 1620 codd.
411 1581 450 1618 ἐκ
469 1578 569 1618 νέων.
592 1579 606 1631 )

194 1643 201 1649 “
223 1638 497 1689 Παραπλησίως
515 1639 550 1677 δὲ
571 1638 632 1677 καὶ
651 1641 763 1692 γῆρας
782 1637 858 1692 ἔχει
872 1637 955 1676 ποτὶ
980 1636 1149 1687 νεότατα,
1171 1636 1231 1674 καὶ

167 1697 262 1736 ποιεῖ
279 1697 302 1735 ἅ
320 1696 383 1749 μὲν
405 1697 527 1743 νεότας
543 1697 793 1752 ἕγχειρητικώς
814 1702 842 1746 ³,
862 1696 901 1736 τὸ
921 1697 956 1735 δὲ
976 1699 1087 1749 γῆρας
1107 1711 1235 1748 προνο-

169 1756 317 1800 ατικώς·
345 1757 406 1796 καὶ
427 1756 615 1808 μηδέποκα
633 1757 833 1811 ἀφύλακτον
858 1751 948 1807 ἦμεν
968 1756 1103 1809 πέφυκε
1119 1753 1138 1779 b
1156 1756 1232 1794 δια-

169 1814 264 1860 νοίας
275 1845 286 1866 ,
309 1815 402 1854 ἀλλὰ
417 1816 477 1855 καὶ
491 1815 526 1854 τί
537 1815 691 1868 πράσσει
704 1816 765 1855 καὶ
781 1815 815 1855 τί
829 1815 1011 1868 πέπραχεν
1029 1816 1231 1865 ἐπισκοπεῖ,

168 1872 226 1912 ἵνα
247 1874 291 1913 τὰ
310 1875 372 1925 μὲν
397 1873 571 1927 μέλλοντα
586 1881 657 1920 τοῖς
676 1875 906 1928 παρεόντεσσι
926 1873 1186 1925 σταθμεύμενος
1205 1893 1232 1922 c,

172 1936 217 1974 τὰ
238 1935 269 1971 δ’
292 1934 504 1974 ἐνεστακότα
524 1940 596 1979 τοῖς
630 1935 903 1988 παρῳχημένοις
928 1934 1027 1977 αὐτὸς
1060 1933 1230 1972 αὔταυτον

171 1995 328 2047 διορθοῦν
347 1995 510 2042 δύνηται,
533 1993 614 2033 ποτὶ
636 1993 699 2045 μὲν
718 1994 776 2033 τὸν
804 1993 1060 2047 παροιχόμενον
1077 1993 1200 2046 χρόνον
1219 1993 1234 2015 ‘¹

929 1458 1083 1509 γένοιτο,
1107 1460 1143 1497 αἶ
1163 1458 1231 1511 φύ-

786 1520 828 1570 ,ἐκ
855 1518 922 1558 νέω
946 1532 1034 1557 cum
1057 1519 1233 1557 Hir-schi-

174 2181 395 2215 ratiocinando
424 2184 455 2215 et
484 2182 608 2215 artibus
632 2181 873 2215 mathematicis
900 2183 933 2214 et
953 2182 1103 2213 accurata
1126 2189 1235 2212 rerum

174 2241 451 2284 contemplatione
465 2242 574 2274 statim
591 2250 611 2273 a
627 2249 728 2282 puero
739 2240 885 2273 animum
900 2241 1048 2273 exerceat
1062 2239 1102 2271 ad
1117 2240 1236 2272 rectam

174 2300 412 2342 philosophiam
442 2299 652 2341 incumbens,
672 2300 787 2342 postea
803 2307 881 2332 vero
900 2299 1033 2331 deorum
1053 2307 1121 2340 reS‚
1152 2298 1239 2339 leges

175 2360 414 2401 hominumque
430 2359 513 2392 vitas
526 2360 793 2401 usu-cognoscat.
839 2361 912 2391 Duo
932 2359 1019 2392 enim
1041 2359 1117 2391 sunt
1138 2367 1156 2391 e
1169 2358 1238 2400 qui-

175 2419 236 2452 bus
254 2418 423 2460 prudentis
443 2418 575 2452 habitus
599 2418 710 2451 animo
731 2418 883 2459 accedit,
898 2427 1038 2460 quorum
1065 2427 1166 2450 unum
1191 2420 1240 2451 est

174 2478 320 2511 discendi
365 2478 649 2520 cognoscendique
684 2476 871 2511 facultatem
914 2477 1066 2520 adipisci,
1101 2478 1238 2510 alterum

178 2538 282 2571 multa
308 2537 494 2579 spectacula
511 2537 696 2579 multasque
712 2545 764 2570 res
784 2537 895 2578 obire,
916 2537 960 2569 ita
978 2538 1015 2569 nt
1038 2537 1154 2578 partim
1173 2537 1240 2579 ipse

178 2597 302 2639 singula
316 2596 441 2636 videas,
463 2596 582 2638 partim
595 2596 658 2629 alio
675 2596 774 2629 modo
791 2596 976 2638 perspicias.
1023 2598 1134 2637 Neque
1155 2596 1239 2628 enim

120 2704 123 2708 ι
179 2658 206 2691 is
225 2657 281 2699 qui
310 2655 421 2689 statim
452 2656 494 2688 ab
511 2656 646 2689 ineunte
671 2656 768 2689 aetate
794 2655 925 2688 calculis
946 2656 978 2688 et
1004 2655 1240 2689 mathematicis

180 2715 358 2757 disciplinis
375 2717 407 2748 et
420 2717 571 2748 accurata
584 2724 692 2748 rerum
706 2715 907 2756 inspectione
921 2715 1068 2747 animum
1088 2714 1236 2747 exercuit

182 2775 224 2809 ad
245 2775 449 2817 prudentiam
466 2777 563 2817 aptus
581 2778 651 2815 est,
668 2783 775 2816 neque
791 2774 845 2807 ille
868 2774 924 2816 qui
940 2774 992 2807 his
1008 2774 1187 2807 destitutus
1208 2773 1241 2806 in

185 2834 296 2868 multis
318 2834 390 2868 aliis
410 2833 632 2867 auditionibus
647 2835 680 2868 et
695 2834 794 2867 rebus
811 2834 1009 2876 experientia
1027 2833 1112 2866 duce
1130 2842 1241 2866 versa-

181 2897 236 2929 tus
250 2895 303 2928 sit.
350 2893 413 2928 Sed
430 2894 510 2927 alter
524 2894 564 2926 ad
578 2893 753 2935 singularia
767 2893 994 2936 perpendenda
1009 2902 1133 2926 caecum
1146 2892 1244 2926 habet

185 2954 330 2988 animum
343 2979 352 2996 ,
371 2954 453 2987 alter
471 2953 504 2986 in
522 2953 752 2987 universalium
771 2952 1042 2995 contemplatione
1057 2962 1186 2995 semper
1197 2955 1245 2984 nl-

187 3014 230 3047 hil
248 3014 350 3048 videt.
395 3014 678 3054 Quemadmodum
695 3012 829 3047 enimin
849 3013 982 3046 calculis
1006 3013 1086 3045 ratio
1108 3012 1244 3053 coniun-

189 3073 252 3107 ctis
263 3073 409 3115 partibus
420 3074 525 3106 totum
538 3072 685 3115 colligere
692 3074 809 3115 potest,
823 3074 871 3105 sic
890 3072 987 3105 etiarn
1006 3072 1038 3104 in
1056 3072 1151 3104 rebus
1165 3071 1246 3104 ratio

187 3133 501 3175 contemplationem
525 3133 745 3166 universalem
767 3132 926 3173 delineat,
950 3131 1148 3173 experientia
1168 3140 1247 3164 vero

188 3191 315 3234 singula
327 3192 465 3233 judicat.

231 3252 387 3286 Similiter
421 3255 573 3287 senectus
603 3263 735 3296 quoque
757 3253 799 3286 ad
827 3253 1034 3294 juventutem
1059 3261 1093 3285 se
1126 3252 1224 3284 habet
1237 3277 1246 3292 ‚

199 3311 362 3354 efficitque
393 3312 548 3355 juventus
575 3313 707 3355 quidem
732 3313 908 3347 industrios
920 3337 930 3354 ,
959 3312 1108 3345 senectus
1138 3313 1246 3344 autem

191 3372 343 3414 providos
362 3386 370 3405 ε
388 3382 494 3414 neque
514 3382 658 3415 unquam
678 3373 798 3407 mentis
811 3372 958 3406 custodia
972 3375 1076 3412 caret,
1098 3371 1155 3404 sed
1169 3371 1247 3412 quid

191 3433 263 3473 agat
273 3434 305 3464 et
320 3431 399 3474 quid
416 3432 538 3473 egerit,
553 3432 751 3473 considerat,
766 3433 803 3466 ut
816 3433 922 3465 sutura
937 3440 1012 3463 cum
1027 3430 1247 3472 praesentibus,

194 3490 363 3531 praesentia
386 3499 459 3522 curn
482 3490 651 3532 praeteritis
665 3491 830 3533 pensitans
846 3499 945 3524 senex
959 3490 1025 3532 ipse
1039 3499 1072 3522 se
1089 3490 1248 3530 corrigere

2263 255 2339 289 5¹57

1282 330 1347 369 τὰν
1378 330 1523 382 μνάμαν
1550 330 1781 382 ἐφαρμόζων,
1809 332 1892 372 ποτὶ
1929 333 1966 371 δὲ
1995 332 2053 372 τὸν
2073 334 2250 388 παρεόντα
2275 337 2340 375 τὰν

1282 391 1467 442 αἴσθασιν,
1489 390 1571 430 ποτὶ
1599 390 1635 429 δὲ
1655 390 1713 429 τὸν
1735 390 1907 440 μέλλοντα
1929 392 1992 430 τὰν
2010 393 2191 446 πρόνοιαν.
2238 393 2342 436 Ἔντι

1281 448 1350 499 γὰρ
1379 447 1432 487 ἀεὶ
1457 448 1583 500 μνάμα
1604 447 1667 499 μὲν
1699 448 1783 499 ἁμὶν
1818 452 1869 488 τῶ
1896 452 2178 505 παρεληλυθότος
2204 454 2340 506 χρόνω,

1283 507 1428 560 πρόνοια
1451 506 1487 547 δὲ
1511 509 1562 546 τῶ
1594 507 1804 559 μέλλοντος,
1827 508 1986 554 αἴσθασις
2008 511 2045 549 δὲ
2065 514 2114 549 τῶ
2137 513 2339 563 παρεόντος.

1283 566 1347 607 Διὸ
1368 567 1451 615 δὴ
1432 567 1485 606 οεῖ
1503 566 1561 605 τὸν
1583 568 1691 620 ὀρθως
1711 567 1773 606 καὶ
1786 568 1904 613 καλῶς
1922 569 2076 622 βιοτεύεν
2095 570 2270 622 μέλλοντα
2293 572 2341 622 μὴ

1282 625 1387 676 μόνον
1411 624 1613 665 αἷσθατικον
1632 626 1693 665 καὶ
1713 628 1990 678 μναμονευτικὸν
2018 629 2109 668 ἀλλὰ
2129 646 2188 668 και
2217 645 2344 682 προνο-

1283 684 1401 724 ατικὸν
1421 679 1527 735 ἠμεν.

1339 744 1538 796 (Stobaeus
1555 744 1689 783 Hori!
1707 745 1819 794 CXV,
1837 760 1902 796 27.
1919 747 2134 786 Emendavi
2151 753 2165 771 ³
2181 749 2345 801 ἐγχειρη-

1283 802 1388 847 τικώς
1414 811 1452 842 et
1477 819 1734 888 προνοατικωςῠ
1735 819 1823 843 cum
1846 806 2016 855 Orellio;
2041 807 2188 846 codd.’
2175 822 2344 861 εγχειργρ-

1282 865 1387 907 τικῶς
1400 871 1438 901 el:
1451 878 1704 915 προνοατικως.
1718 858 1837 915 θήμεν
1851 865 2004 919 πέφυκε;
2021 867 2133 907 codd.
2150 866 2234 905 αὐτὸ
2251 866 2348 919 ἀφίε-

1285 937 1363 973 μεν.
1381 925 1397 945 ⁰
1414 923 1698 974 σταθμευμενος·
1688 954 1699 974 ,
1718 923 1814 963 libri
1830 924 2159 976 σταθμευόμενος.(1
2175 926 2349 979 παροιχό-

1287 1000 1389 1036 μενον
1406 984 1532 1036 χρόνον
1560 998 1648 1023 cum
1674 985 1895 1035 Meineki03
1925 986 2020 1025 libri
2046 985 2343 1040 παροιχόμενον.)

1463 1071 1509 1125 β’.
1527 1071 1590 1112 Ἐν
1610 1074 1660 1127 τῷ
1676 1072 1757 1127 περὶ
1778 1079 1842 1119 τᾶς
1857 1075 1982 1122 ἠθικᾶς
1999 1073 2172 1119 παιδείας.

1345 1158 1410 1198 26¹.
1444 1158 1551 1211 Φαμὶ
1567 1159 1630 1198 τὰν
1652 1160 1781 1213 ἀρετὰν
1803 1155 1894 1213 ἦμεν
1918 1161 2028 1201 ποττὸ
2058 1161 2107 1212 μὴ
2134 1163 2350 1212 κακοδαιμο·

1293 1218 1350 1257 νὲν
1367 1219 1492 1258 ἱκανάν
1507 1249 1518 1267 ,
1540 1219 1603 1259 τὰν
1619 1219 1654 1258 δὲ
1678 1221 1806 1260 κακίαν
1827 1221 1936 1260 ποττὸ
1954 1220 2003 1272 μὴ
2022 1222 2244 1272 εὖδαιμονέν,
2266 1221 2350 1260 αἴκα

1294 1277 1356 1322 τὰς
1378 1278 1469 1323 ἕξιας
1499 1277 1606 1323 αὐτὰς
1621 1278 1806 1331 κρίνωμες.
1864 1280 1944 1321 Αἷεὶ
1966 1280 2028 1330 μὲν
2048 1280 2116 1333 γὰρ
2135 1281 2350 1331 κακοδαιμο-

1293 1337 1348 1376 νὲν
1370 1337 1507 1389 ἀνάγκα
1528 1337 1588 1376 τὸν
1609 1339 1740 1384 κακόν,
1766 1339 1842 1377 αἵτε
1861 1339 1934 1392 ἔχει
1950 1338 2036 1378 ὕλαν
2061 1340 2072 1394 (
2090 1343 2207 1383 κακῶς
2227 1355 2264 1378 τε
2283 1339 2351 1392 γὰρ

1296 1399 1385 1450 αὐτᾷ
1405 1397 1574 1458 χρεεται)
1605 1396 1680 1435 αἵτε
1699 1398 1878 1444 σπανίζει·
1903 1401 1950 1441 ὣς
1972 1398 2032 1437 καὶ
2051 1399 2110 1437 τὸν
2131 1399 2258 1453 τυφλὸν
2284 1400 2352 1437 αἷει

1297 1456 1432 1508 ἀνάγκα
1455 1460 1544 1507 ἠμεν
1564 1455 1724 1509 τυφλόνῧ
1728 1487 1739 1508 ,
1760 1473 1835 1496 αιτε
1854 1460 1925 1511 φῶς
1944 1457 2018 1510 ἔχει
2038 1457 2098 1497 καὶ
2115 1458 2352 1511 λαμπρότατα

1298 1516 1450 1569 ὃρατάν,
1473 1515 1548 1554 αἴτε
1570 1517 1604 1554 ἐν
1624 1516 1740 1554 σκότει
1761 1517 1943 1556 διατελεῖ.
1989 1518 2066 1558 Οὐκ
2089 1517 2156 1556 αἰει
2178 1517 2214 1557 δὲ
2236 1517 2353 1556 εὔδαι-

1299 1575 1400 1626 μονὲν
1421 1575 1479 1614 τὸν
1502 1574 1651 1626 ἀγαθόν·
1673 1576 1711 1614 οὗ
1730 1574 1799 1628 γὰρ
1823 1575 1846 1614 ἃ
1862 1581 1984 1618 κτᾶσις
2000 1581 2064 1620 τᾶς
2083 1578 2209 1628 ἀρετᾶς
2230 1576 2354 1614 εὔδαι-

1296 1635 1400 1685 μονία
1421 1629 1489 1684 ἦςς
1511 1634 1589 1672 ἀλλ’
1611 1634 1633 1672 ἄ
1653 1640 1796 1687 χρᾶσις.
1857 1635 1929 1674 Καὶ
1948 1634 2015 1686 γὰρ
2035 1636 2053 1672 6
2078 1633 2170 1686 ἔχων
2187 1633 2252 1673 τὰν
2276 1633 2353 1688 ὄψιν

1295 1696 1361 1747 οὐχ
1382 1697 1446 1746 ὁρᾷ
1466 1693 1534 1732 αἰεί
1543 1709 1552 1717 ·
1574 1695 1610 1732 αἶ
1629 1694 1698 1746 γὰρ
1726 1693 1777 1743 μὴ
1795 1691 1861 1746 ἔχῃ
1882 1696 1974 1748 φῶς,
1997 1695 2060 1732 οὐκ
2088 1693 2227 1747 ὄψεται.
2284 1695 2354 1733 Δύο

1297 1753 1334 1792 δὲ
1354 1753 1426 1791 ὁδοὶ
1442 1752 1626 1803 τέμνονται
1647 1754 1682 1791 ἐν
1706 1752 1795 1806 βίῳ,
1814 1753 1837 1790 ἆ
1854 1753 1917 1803 μὲν
1938 1752 2210 1807 σκυθρωποτέρα
2224 1782 2235 1801 ,
2256 1752 2321 1792 τὰν
2337 1756 2355 1792 6

1296 1812 1441 1863 τλάμων
1471 1812 1628 1858 ἐὸάδιζεν
1660 1811 1872 1860 Ὀδυσσεύς,
1905 1812 1928 1850 ἆ
1950 1813 1979 1850 δ’
2009 1812 2259 1864 εὗδιεινοτέρα,
2289 1812 2355 1851 τὰν

1298 1872 1485 1924 ἐπορεύετο
1514 1871 1680 1925 Νέστωρ.
1739 1870 1818 1911 Τὰν
1840 1865 1889 1910 ὧν
1921 1871 2050 1924 ἀρετάν
2072 1887 2163 1926 φαμι
2187 1872 2355 1919 δήλεσθαι

1298 1931 1361 1981 μὲν
1381 1931 1537 1979 ταύταν,
1562 1930 1729 1970 δύνασθαι
1750 1931 1785 1969 δὲ
1814 1931 1874 1969 καὶ
1899 1932 2023 1978 τήναν.
2082 1931 2187 1970 Ἀλλὰ
2213 1931 2276 1970 τὰν
2299 1933 2356 1970 εὗ-

1300 1992 1484 2042 δαιμονίαν
1511 1991 1680 2044 καρύσσει
1699 1991 1721 2028 ἁ
1740 1991 1840 2043 φύσις
1864 1991 1938 2043 βίον
1966 1992 2123 2030 εὐκταῖον
2145 1991 2205 2029 καὶ
2225 1993 2356 2030 εὐστα-

1295 2179 1416 2221 possit,
1441 2178 1481 2210 ad
1506 2179 1705 2220 praeteritum
1724 2181 1855 2219 tempus
1873 2178 2062 2210 memoriam
2085 2178 2355 2218 accommodans,

1297 2238 1336 2270 ad
1354 2246 1499 2279 praesens
1515 2246 1649 2270 sensum
1662 2262 1671 2277 ,
1687 2238 1727 2271 ad
1745 2238 1892 2271 futurum
1907 2246 1984 2270 vero
1999 2238 2246 2279 providentiam.
2271 2240 2358 2271 Sem-

1298 2306 1354 2339 per
1372 2297 1458 2330 enim
1473 2297 1631 2330 memoria
1646 2298 1740 2330 nobis
1756 2297 1848 2331 adest
1872 2298 2028 2339 praeteriti
2054 2298 2228 2339 temporis,
2251 2299 2357 2339 provi-

1297 2356 1406 2390 dentia
1426 2356 1538 2397 futuri,
1554 2358 1718 2398 praesentis
1731 2357 1870 2399 denique
1883 2366 2009 2390 sensus.
2059 2357 2182 2390 idcirco
2195 2357 2358 2390 hominem

1297 2416 1379 2449 bene
1393 2417 1546 2459 recteque
1561 2415 1725 2449 victurum
1740 2425 1806 2449 non
1822 2416 1926 2450 solum
1940 2425 2037 2449 sensu
2055 2417 2088 2450 et
2105 2417 2260 2449 memoria
2271 2441 2281 2458 ,
2301 2417 2358 2450 sed

1298 2477 1394 2510 etiarn
1416 2476 1614 2518 providentia
1628 2477 1734 2510 valere
1754 2477 1893 2519 oportet.

1528 2564 1560 2597 b.
1584 2566 1630 2597 Ex
1650 2565 1731 2597 libro
1760 2564 1800 2598 de
1821 2565 1975 2598 Doctrina
2000 2566 2126 2599 morali.

1342 2656 1415 2689 xli.
1437 2655 1498 2695 Ajo
1522 2655 1675 2688 virtutem
1692 2657 1731 2687 ad
1751 2656 1934 2697 miseriam,
1955 2656 2071 2689 vitium
2096 2666 2175 2689 vero
2197 2657 2238 2690 ad
2261 2657 2359 2692 beati-

1299 2714 1445 2746 tudinem
1464 2714 1658 2755 fugiendam,
1672 2716 1697 2747 si
1713 2715 1842 2748 habitus
1858 2716 1941 2757 ipsos
1957 2716 2182 2758 inspiciamuS,
2199 2716 2356 2750 sufficere.

1301 2773 1434 2814 Semper
1447 2772 1533 2805 enim
1551 2772 1658 2805 virum
1675 2773 1797 2805 malum
1816 2773 1971 2806 miserum
1985 2783 2055 2806 esse
2070 2782 2202 2807 necesse
2214 2775 2276 2814 est,
2292 2774 2360 2806 sive

1302 2831 1420 2864 habeat
1442 2832 1609 2864 materiam
1626 2832 1733 2874 (male
1758 2833 1844 2865 enim
1874 2842 1912 2866 ea
1940 2834 2065 2874 utitur)
2090 2833 2158 2866 sive
2181 2842 2217 2865 ea
2235 2834 2357 2873 careat,

1302 2891 1577 2934 quemadmodum
1597 2893 1628 2925 et
1646 2901 1769 2933 caecus,
1787 2892 1858 2925 sire
1874 2893 1983 2926 lumen
2007 2893 2036 2926 ei
2051 2892 2133 2926 adsit
2146 2891 2360 2933 splendorque

1303 2950 1524 2993 aspectabilis,
1543 2951 1662 2984 sivein
1684 2952 1828 2985 tenebris
1844 2952 1960 2994 degat,
1980 2953 2135 2994 perpetuo
2158 2960 2268 2984 caecus
2286 2959 2354 2982 ma-

1304 3010 1402 3043 nebit.
1447 3012 1489 3043 At
1509 3010 1640 3043 bonum
1669 3020 1734 3044 non
1755 3020 1882 3054 semper
1908 3011 2038 3044 beatum
2060 3020 2127 3043 esse
2144 3019 2273 3043 necesse
2290 3012 2359 3049 est,

1305 3069 1567 3111 quandoquidem
1595 3078 1661 3102 non
1691 3069 1724 3103 in
1745 3071 1948 3112 possessione
1970 3070 2116 3110 virtutis,
2151 3070 2205 3102 sed
2237 3070 2269 3101 in
2300 3078 2359 3100 usu

1307 3128 1474 3162 beatitudo
1509 3129 1665 3163 cernitur.
1712 3130 1839 3163 Etenim
1865 3130 1921 3171 qui
1947 3130 2017 3162 visu
2046 3129 2200 3171 praeditus
2225 3130 2274 3162 est
2296 3138 2360 3160 non

1307 3197 1437 3232 semper
1459 3188 1574 3222 videt:
1601 3191 1627 3222 si
1653 3189 1740 3223 enim
1758 3190 1829 3222 luce
1850 3190 1976 3229 careat,
1995 3188 2074 3220 nihil
2102 3188 2236 3221 videbit.
2281 3189 2361 3219 Duae

1307 3249 1418 3281 autem
1438 3248 1502 3282 viae
1517 3248 1550 3281 in
1574 3249 1642 3282 vita
1665 3251 1825 3288 secantur,
1851 3249 1949 3281 altera
1971 3247 2102 3289 quidem
2124 3247 2281 3280 difficilior
2298 3257 2362 3287 qna

1310 3308 1433 3350 patiens
1451 3309 1584 3342 incessit
1604 3309 1737 3351 Ulixes,
1759 3309 1860 3341 altera
1884 3317 1963 3340 vero
1989 3307 2104 3348 laetior,
2125 3316 2223 3348 quam
2252 3307 2363 3339 Nestor

1309 3368 1422 3401 tenuit.
1467 3369 1630 3401 Virtutem
1644 3368 1740 3410 igitur
1755 3367 1806 3408 ajo
1826 3367 1907 3399 hanc
1919 3366 2051 3408 quidem
2065 3367 2233 3407 expetere,
2252 3374 2363 3397 verum

1310 3428 1342 3460 et
1358 3428 1446 3460 illam
1475 3428 1597 3469 ingredi
1619 3437 1724 3470 posse.
1769 3426 1833 3461 Sed
1863 3426 2095 3459 beatitudinem
2125 3427 2241 3457 natura
2262 3425 2362 3457 vitam

1311 3489 1484 3531 optabilem
1503 3489 1766 3531 atquetirmam,
1795 3486 1946 3529 quoniam
1967 3485 2131 3529 proposita
2154 3486 2362 3526 peraguntur,
