2612 3814
1066 234 1310 275 ORPHlCA.
2198 242 2271 277 175

171 327 207 368 τί
235 325 442 379 θαυμαστὸν
472 325 503 364 εἷ
532 322 711 379 Τυρρηνοὶ
731 324 762 363 οἳ
791 323 965 378 βάρὸαροι
993 324 1152 378 αἰσχροῖς

178 386 270 428 οὕτω
286 384 507 426 τελίσκονται
535 382 767 436 παθήμασιν,
789 382 877 423 ὅπου
901 399 940 436 γε
958 383 1152 432 Ἀθηναίοις

143 487 146 489 ,
171 445 234 487 καὶ
253 447 298 499 τῇ
329 444 420 497 ἄλλῃ
452 441 606 482 Ἑλλάδι
628 443 822 495 (αἰδοῦμαι
841 443 902 482 καὶ
930 442 1071 496 λέγειν,
1094 443 1154 482 αἷ-

174 504 308 559 σχύνης
330 503 518 556 ἔμπλεως)
552 504 575 550 ἡ
608 501 691 556 περὶ
721 502 786 550 τὴν
819 502 907 551 Δηὼ
937 502 1153 556 μυθολογία;

173 563 341 617 ἀλωμένη
368 562 437 616 γὰρ
453 564 477 610 ἡ
509 560 595 610 Δηὼ
616 560 709 601 κατὰ
730 561 876 612 ζήτησιν
897 565 961 610 τ’ἧς
983 561 1154 616 θυγατρὸς

171 628 236 674 τῆς
270 623 388 677 Κόρης
415 624 497 674 περὶ
524 621 588 671 τὴν
616 622 805 663 Ἐλευσῖνα
835 622 1055 676 ἀποκάμνει,
1091 621 1154 662 καὶ

172 685 302 740 φρέατι
322 683 518 729 ἐπικαθίζει
533 682 751 734 λυπουμένη.
772 684 888 724 Τοῦτο
907 688 978 728 τοῖς
993 681 1154 734 μυουμέ-

169 760 243 791 νοις
264 742 524 796 ἀπαγορεύεται
561 741 668 783 εἰσέτι
688 748 766 793 νῦν,
797 741 856 783 ἵνα
885 742 935 794 μὴ
970 743 1102 782 δοκοῖεν
1124 743 1156 782 οἱ

147 809 151 812 ’
171 804 416 856 τετελεσμένοι
429 807 614 856 μιμεῖσθαι
629 803 694 852 τὴν
709 802 936 858 ὀδυρομένην.
958 802 1093 860 ’ᾩκουν
1118 801 1154 842 δὲ

171 864 340 914 τηνικάδε
364 863 427 912 τὴν
450 865 642 903 Ἐλευσῖνα
666 865 697 903 οἱ
718 865 894 917 γηγενεῖς·
911 863 1069 914 ὀνόματα
1092 863 1157 901 αὗ-

171 930 244 969 τοῖς
264 923 398 965 Βαυὸὼ
419 923 480 963 καὶ
502 922 692 972 Δυσαύλης
718 922 780 962 καὶ
806 921 1073 978 Τριπτόλεμος·
1106 921 1156 961 ἔτι

171 984 211 1024 δὲ
228 982 417 1036 Εὔμολπός
431 999 469 1022 τε
491 983 552 1022 καὶ
573 982 786 1027 Εὐὸουλεύς.
811 981 986 1026 Βουκόλος
1014 983 1032 1021 ὃ
1056 984 1156 1035 Τρι-

172 1043 349 1095 πτόλεμος
369 1037 411 1090 ἧν
423 1074 434 1093 ,
452 1042 586 1095 ποιμὴν
608 1042 644 1082 δὲ
666 1044 685 1081 ὁ
706 1040 919 1094 Εὔμολπος,
941 1040 1102 1090 συὸώτης
1120 1041 1156 1080 δὲ

175 1106 194 1143 ὁ
213 1101 414 1148 Εὖὸουλεύς
426 1118 434 1128 ·
452 1103 512 1158 ἀφ’
532 1097 581 1141 ὧν
596 1101 635 1141 τὸ
649 1102 887 1153 Εὐμολπιδῶν
907 1101 967 1140 καὶ
988 1101 1028 1140 τὸ
1048 1100 1158 1154 κηρύ·

175 1179 253 1203 κων
266 1163 304 1202 τὸ
321 1161 561 1218 ἱεροφαντικὸν
580 1161 622 1210 δὴ
641 1165 743 1202 τοῦτο
757 1160 924 1210 Ἀθήνησι
937 1160 1034 1214 γένος
1050 1160 1158 1208 ἤνθη-

173 1239 247 1263 σεν.
271 1223 342 1263 Καὶ
362 1222 404 1271 δὴ
426 1223 486 1275 (οὐ
504 1221 572 1275 γὰρ
591 1220 712 1270 ἀνήσω
733 1219 783 1273 μὴ
803 1220 883 1275 οὐχὶ
904 1220 1037 1275 εἰπεῖν)
1064 1220 1153 1266 ξενί-

173 1298 270 1322 σασα
287 1286 309 1331 ἡ
344 1281 477 1322 Βαυὸὼ
497 1280 561 1329 τὴν
587 1280 692 1329 Δηώ,
717 1280 830 1334 ὀρέγει
865 1282 1026 1321 κυκεῶνα
1049 1281 1155 1334 αὐτῇ.

174 1344 252 1391 Τῆς
271 1342 307 1382 δὲ
329 1339 561 1393 ἀναινομένης
580 1340 724 1391 λαὸεῖν,
743 1341 804 1380 καὶ
826 1346 918 1380 πιεῖν
936 1342 1000 1381 οὔκ
1017 1340 1158 1380 ἐθελού-

174 1417 240 1452 σης
265 1401 463 1455 (πενθήρης
482 1399 550 1455 γὰρ
565 1394 634 1453 ἦν)
653 1400 846 1454 περιαλγὴς
864 1403 886 1449 ἡ
908 1399 1040 1440 Βαυὸὼ
1060 1416 1158 1453 γενο-

177 1460 265 1513 μένη
280 1492 290 1512 ,
314 1463 361 1507 ὣς
396 1463 656 1515 ὑπεροραθεῖσα
684 1461 809 1516 δῆθεν,
831 1459 1088 1500 ἀναστέλλεται
1114 1458 1159 1499 τὰ

174 1521 312 1570 αἰδοῖα,
330 1520 392 1561 καὶ
412 1519 623 1560 ἐπιδεικνύει
643 1522 687 1573 τῇ
708 1523 795 1573 θεῷ·
818 1523 842 1568 ἡ
868 1519 903 1559 δὲ
925 1519 1093 1574 τέρπεται
1112 1522 1156 1572 τῇ

175 1579 253 1634 ὄψει
286 1584 309 1629 ἡ
333 1580 420 1628 Δηώ
434 1610 445 1632 ,
468 1580 529 1619 καὶ
551 1579 650 1631 μόλις
679 1578 766 1619 ποτὲ
796 1580 941 1633 δέχεται
962 1580 1001 1619 τὸ
1029 1579 1137 1619 ποτόν
1151 1609 1160 1625 ,

174 1643 327 1688 ἡσθεῖσα
349 1642 398 1693 τῷ
420 1639 586 1691 θεάματι.
618 1639 730 1680 Ταῦτ’
753 1638 828 1679 ἐστὶ
858 1639 903 1678 τὰ
930 1638 1061 1694 κρύφια
1089 1640 1159 1678 τῶν

175 1698 371 1747 Ἀθηναίων
393 1698 594 1753 μυστήρια·
612 1698 724 1738 ταῦτά
745 1714 800 1738 τοι
819 1698 881 1737 καὶ
901 1698 1053 1752 Ὀρφεὺς
1074 1699 1160 1736 ἀνα-

175 1757 316 1812 γράφει.
349 1758 620 1812 Παραθήσομαι
653 1757 691 1797 δέ
716 1774 770 1798 σοι
795 1757 884 1798 αὐτὰ
913 1761 973 1797 τοῦ
1000 1756 1162 1812 Ὀρφέως

177 1816 223 1855 τὰ
244 1817 312 1866 ἔπη
325 1846 335 1865 ,
356 1815 403 1856 ἵν’
432 1817 517 1872 ἔχῃς
552 1818 717 1872 μάρτυρα
752 1820 816 1866 τῆς
834 1817 1085 1871 ἀναισχυντίας
1102 1818 1160 1857 τὸν

182 1877 429 1930 μυσταγωγόν.
470 1877 538 1923 Ὦς
573 1880 720 1917 εἰποῦσα
759 1880 838 1918 κτλ.
888 1879 1044 1929 Repetit
1082 1878 1162 1914 haec

178 1936 315 1975 iisdem
343 1939 472 1976 verbis
502 1939 690 1977 Eusebius
718 1940 839 1988 Praep.
861 1940 1006 1988 Evang.
1031 1939 1085 1986 11,
1122 1936 1160 1975 3.

176 2017 232 2026 -—
245 1998 307 2036 Vs.
329 2011 344 2035 1
362 1999 415 2035 sie
429 2000 650 2036 immutatus
659 1999 800 2048 legitur
815 1998 922 2048 apud
934 1997 1164 2047 Gregorium

183 2056 464 2093 Nazianzenum
478 2059 519 2094 in
535 2059 680 2097 Julian.
699 2059 807 2097 Orat,
824 2059 886 2095 III
904 2071 944 2107 p.
968 2061 1040 2101 104
1064 2069 1072 2093 :
1092 2053 1165 2099 εὩς

180 2115 331 2153 εἰποῦσα
353 2113 417 2153 θεὰ
446 2114 557 2160 δοιοὺς
587 2115 787 2169 ἀνεσύρατο
810 2114 957 2167 μηρούς.
987 2115 1065 2153 Sed
1088 2115 1164 2152 hoc

178 2177 373 2212 memoriae
403 2177 498 2213 vitio
533 2175 691 2214 factum.
714 2179 848 2215 —Vs.
873 2189 895 2213 2
925 2175 1166 2213 scribebatur

178 2231 258 2272 οὐδὲ
275 2232 479 2287 πρέποντα,
499 2236 608 2285 quod
634 2237 877 2275 Hermannus
896 2236 935 2271 in
971 2233 1047 2272 οὔτι
1071 2232 1163 2287 πρέ-

179 2308 292 2332 ποντα
324 2296 530 2332 convertit.
553 2297 677 2332 Porro
698 2287 759 2342 ἦεν
788 2295 943 2332 codices
966 2294 1162 2344 praebent3

185 2362 224 2392 at
253 2367 381 2392 sensus
399 2356 565 2404 requirit
595 2348 672 2405 ἦεν.
695 2377 749 2384 -
776 2357 839 2393 Vs.
874 2356 896 2391 3
928 2352 1022 2405 χειρὶ
1043 2351 1083 2391 τέ
1106 2368 1164 2404 μιν

179 2410 352 2465 ῥίπτασκε
369 2413 482 2463 γελῶν
503 2412 666 2457 Βαυὸοῦς
687 2412 754 2451 ὑπὸ
771 2412 915 2456 κόλποις
928 2413 1166 2450 membrana-

181 2485 268 2509 rum
299 2473 489 2522 scriptura
506 2480 584 2520 est,
619 2472 728 2521 cujus
743 2474 833 2509 loco
855 2472 1048 2510 Gesnerus
1080 2472 1166 2509 edi-

179 2531 239 2568 dit
270 2543 281 2568 :
310 2529 416 2582 χεῖρά
436 2532 467 2569 θ’
501 2530 560 2577 ἑὴν
584 2530 750 2584 ῥίπτεσκε
776 2531 888 2583 γελῶν
910 2530 1073 2574 Βαυὸοῧς
1094 2529 1161 2569 ὑπὸ

182 2588 347 2634 κόλπους,
371 2592 454 2641 Ego
484 2589 657 2642 ῥίπτασκε
690 2592 854 2630 restitui.
877 2613 927 2620 —
950 2593 1010 2628 Vs.
1037 2595 1058 2634 4
1083 2592 1104 2636 ἡ
1135 2590 1165 2628 δ’

187 2648 263 2688 ἐπεὶ
280 2643 338 2687 οἶν
363 2649 510 2699 μείδησε
530 2649 610 2698 θεά,
630 2649 769 2699 μείδησ’
791 2649 839 2688 ἐνὶ
868 2651 968 2703 θυμῷ
989 2651 1163 2697 codices;

183 2710 318 2759 scripsi
334 2710 439 2759 quod
458 2712 646 2748 sententia
675 2709 821 2760 flagitat
835 2708 962 2760 γήθησ’
982 2708 1032 2747 ἐνὶ
1046 2709 1162 2761 θυμῷ.

183 2791 236 2798 -
263 2771 397 2819 Longe
435 2771 545 2807 aliter
565 2783 646 2807 rem
677 2777 809 2807 narrat
829 2770 1024 2808 Arnobius
1050 2781 1163 2819 quern

183 2829 378 2878 corrigere
401 2829 706 2878 supersedemus.
728 2831 765 2867 Is
780 2830 879 2867 enim
904 2829 1001 2867 Adv.
1031 2837 1164 2879 gentes

182 2890 253 2928 lib.
270 2891 300 2925 V
316 2902 356 2938 p.
379 2901 393 2925 1
406 2888 452 2937 75
470 2889 550 2926 haec
567 2890 715 2939 scripsit
735 2900 745 2927 :
766 2905 779 2923 κ
797 2886 930 2926 Baubo
945 2887 1166 2938 accipitho-

185 2950 298 2999 spitio
317 2946 520 2995 Cererem3
543 2950 685 2986 sitienti
706 2948 834 2986 adoris
858 2949 1009 2998 oggerit
1031 2949 1163 2998 potio-

185 3021 274 3045 nem
302 3010 482 3055 cinnum3
504 3016 701 3045 aversatur
720 3015 758 3045 et
781 3009 928 3058 respuit
957 3007 1043 3044 dea.
1066 3009 1163 3044 Tum

184 3069 299 3105 vertit
316 3068 450 3105 Baubo
473 3075 571 3105 artes
603 3075 642 3105 et
663 3081 780 3116 quam
807 3068 908 3105 serio
927 3080 1009 3104 non
1029 3067 1165 3116 quibat

186 3128 361 3175 allicere,
379 3127 640 3164 ludibriorum
660 3128 791 3164 statuit
808 3128 1020 3164 exhilarare
1040 3127 1135 3163 mira
1147 3147 1162 3154 -

186 3187 299 3233 culis;
330 3194 480 3236 partem
498 3188 603 3223 illam
624 3187 801 3236 corporis
823 3199 895 3236 per
919 3199 1034 3236 quarn
1063 3199 1165 3223 secus

185 3245 387 3283 femineum
422 3247 596 3283 sobolem
634 3248 732 3284 solet
766 3247 954 3296 prodere,
988 3246 1078 3282 facit
1123 3246 1164 3281 in

583 3396 689 3427 XVI!-

105 3463 215 3496 Turbo
234 3465 266 3497 et
279 3463 434 3497 rhombus
449 3465 481 3498 et
493 3466 604 3498 oscilla
624 3465 777 3499 flexibilm
788 3490 796 3505 ‚

109 3522 307 3565 pulchraque
328 3523 542 3566 Hesperidum
561 3525 723 3558 vocalium
744 3534 842 3558 aurea
863 3524 959 3557 mala.

1186 1347 1196 1430 .—

1293 328 1460 378 speciem
1489 329 1657 378 laevigari
1680 328 1856 365 nondum
1878 328 1965 365 duri
1991 335 2105 377 atque
2128 328 2278 366 striculi

1294 390 1487 438 pusionis,
1510 389 1613 426 redit
1635 387 1686 424 ad
1714 388 1825 424 deam
1848 388 1993 424 tristem
2015 395 2053 425 et
2070 389 2209 438 retegit
2237 400 2277 425 se

1297 449 1433 498 ipsam.
1456 450 1565 498 Ipsos
1600 449 1641 484 in
1665 447 1795 484 medio
1815 459 2003 495 ponemus
2024 458 2156 483 versus
2182 459 2279 495 quos

1300 509 1488 558 Calliopes
1513 507 1613 545 filius
1638 519 1705 544 ore
1728 506 1852 544 edidit
1871 506 2005 544 Graeco
2028 513 2066 542 et
2084 506 2278 543 cantando

1295 580 1367 617 per
1385 568 1523 605 saecula
1541 568 1672 618 generi
1685 565 1901 617 publ1cavit
1913 566 2084 602 humano
2104 575 2115 603 ε

1302 656 1355 689 Sic
1376 656 1474 689 effata
1497 656 1569 689 sinu
1591 656 1715 690 vestem
1737 654 1900 688 contraxit
1916 654 1957 686 ab
1984 653 2067 695 imo,

1300 703 1485 745 objecitque
1502 704 1605 736 oculis
1623 704 1778 736 formatas
1797 702 1986 743 inguinibus
2001 710 2068 742 res,

1301 761 1382 794 quas
1398 761 1478 785 cava
1495 752 1682 785 succutiens
1700 750 1818 785 Bacchi
1836 749 1960 791 manu’,
1978 758 2056 782 nam
2074 748 2207 790 puerilis

1281 831 1283 833 a
1302 800 1375 832 ollis
1394 799 1505 833 vultus
1522 801 1612 841 erat,
1629 799 1776 842 plaudit,
1790 798 1973 831 contrectat
1989 796 2109 830 amice.

1301 850 1386 880 Tum
1400 848 1460 881 dea
1477 847 1620 889 defigens
1641 846 1771 889 augusti
1793 845 1929 878 luminis
1951 845 2070 885 orbes,

1302 896 1452 929 tristitias
1465 896 1564 929 animi
1588 895 1734 937 paullum
1755 894 1879 927 mollita
1897 894 2050 935 reponit:

1302 944 1378 977 inde
1392 953 1490 977 manu
1507 944 1638 985 poclum
1657 942 1759 976 sumit
1776 942 1910 982 risuque
1929 940 2078 983 sequenti

1302 992 1450 1034 perducit
1468 994 1573 1025 totum
1585 991 1737 1033 cyceonis
1752 990 1827 1024 laeta
1849 990 2021 1031 liquorem.
2047 1001 2063 1016 »

1356 1081 1534 1130 Disputat
1566 1079 1723 1129 copiose
1745 1078 1794 1115 de
1826 1078 1902 1114 hoc
1938 1077 2029 1113 loco
2068 1073 2285 1113 Lobeckius

1302 1141 1559 1190 Aglaopham.
1591 1147 1684 1176 tom.
1705 1140 1744 1175 II
1772 1151 1813 1187 p.
1838 1137 2029 1184 818-827‚
2053 1148 2124 1173 nec
2157 1143 2286 1172 tamen

1301 1202 1377 1247 ita,
1399 1207 1443 1236 ut
1464 1212 1590 1250 operae
1610 1199 1780 1249 pretium
1809 1197 1940 1235 fecisse
1958 1192 2175 1247 videatur.)

1687 1285 1814 1326 XVlI.

1306 1378 1430 1421 Κῶνος
1451 1374 1513 1416 καὶ
1533 1373 1665 1430 ῥόμὲος
1683 1374 1745 1414 καὶ
1765 1371 1915 1427 παίγνια
1939 1371 2205 1425 καμπεσίγυια,
2235 1391 2237 1393 v

1306 1435 1405 1489 μ’ἧλά
1417 1452 1455 1475 τε
1465 1433 1604 1489 χρύσεα
1617 1432 1713 1474 καλὰ
1729 1432 1815 1487 παρ’
1827 1431 2046 1487 Ἑσπερίδων
2063 1429 2287 1486 λιγυφώνων.

1360 1526 1556 1578 (Clemens
1569 1523 1853 1563 Alexandrinus
1872 1523 2031 1561 Cohort.
2050 1535 2090 1572 p.
2127 1520 2173 1559 15
2197 1533 2207 1559 t
2230 1519 2289 1560 Τὰ

1303 1587 1372 1639 γὰρ
1401 1583 1572 1625 Διονύσου
1609 1582 1790 1636 μυστήρια
1816 1580 1946 1626 τελέως
1978 1581 2223 1634 ἀπάνθρωπα,
2249 1579 2288 1619 ὃν

1307 1646 1415 1686 εἰσέτι
1450 1646 1563 1684 παῖδα
1582 1643 1688 1692 ὄντα,
1711 1643 1849 1697 ἐνόπλῳ
1876 1640 2015 1689 κινήσει
2040 1639 2290 1694 περιχορευόν-

1304 1720 1374 1744 των
1390 1703 1585 1757 Κουρήτων
1597 1733 1607 1752 ,
1621 1703 1712 1757 δόλῳ
1726 1702 1761 1741 δὲ
1779 1700 1978 1741 ὖποδύντων
1996 1700 2178 1749 Τιτάνων,
2197 1702 2290 1739 ἀπα-

1303 1764 1477 1812 τήσαντες
1513 1763 1793 1815 παιδαριώδεσιν
1826 1760 2025 1815 ἀθύρμασιν
2058 1754 2153 1799 οἶτοι
2185 1759 2226 1808 δὴ
2259 1761 2291 1798 οἱ

1305 1827 1454 1869 Τιτᾶνες
1480 1824 1700 1872 διέσπασαν,
1726 1823 1779 1862 ἔτι
1798 1820 1973 1873 νηπίαχον
1999 1820 2106 1871 ὄντα,
2130 1822 2176 1864 ὣς
2195 1822 2214 1859 ὁ
2230 1822 2292 1867 τῆς

1306 1887 1450 1932 τελετῆς
1469 1882 1619 1932 ποιητὴς
1645 1881 1797 1936 Ὀρφεύς
1819 1897 1924 1935 φησιν
1945 1883 1963 1920 ὃ
1982 1879 2160 1934 Θρᾴκιος·
2181 1882 2293 1923 κῶνος

1309 1944 1370 1983 καὶ
1402 1943 1534 1998 ρόμὸος
1554 1943 1632 1983 κτλ.
1665 1941 1727 1981 καὶ
1763 1941 1870 1989 τῆσδε
1893 1940 1975 1992 ὑμῖν
1997 1942 2059 1987 τῆς
2081 1940 2227 1987 τελετῆς
2246 1938 2291 1976 τὰ

1308 2005 1437 2058 ἀχρεῖα
1458 2002 1623 2055 σύμὸολα
1643 2003 1706 2040 οὒκ
1735 2003 1876 2054 ἀχρεῖον
1898 2000 1946 2044 εἷς
1971 1998 2195 2051 κατάγνωσιν
2218 2015 2289 2042 πα-

1309 2064 1476 2119 ραθέσθαι
1491 2093 1503 2115 ,
1527 2061 1769 2116 ἀστράγαλος,
1791 2066 1944 2113 σφαῖρα,
1963 2058 2157 2112 στρόὸιλος,
2176 2060 2290 2107 μῆλα,

1309 2121 1440 2176 ρόμὸος
1452 2152 1463 2171 ,
1487 2121 1677 2175 ἔσοπτρον,
1691 2120 1813 2164 πόκος.
1832 2121 2026 2162 Arnobius
2040 2119 2140 2157 Adv.
2160 2126 2291 2169 gentes

1307 2186 1374 2223 lib.
1398 2187 1444 2231 V,
1470 2197 1516 2234 19
1533 2197 1575 2234 p.
1608 2183 1682 2231 169
1705 2195 1714 2218 t
1743 2197 1757 2216 ι
1782 2179 2035 2218 Bacchanalia
2057 2179 2291 2228 praetermit-

1309 2252 1433 2281 tamus
1447 2271 1457 2291 ‚
1473 2244 1514 2279 in
1532 2242 1673 2292 quibus
1690 2252 1832 2278 arcana
1853 2247 1890 2276 et
1909 2238 2070 2275 tacenda
2085 2250 2146 2275 res
2162 2238 2293 2287 prodi-

1309 2310 1373 2340 tur
1390 2303 1682 2350 insinuaturque
1698 2300 1872 2347 sacratis,
1895 2307 1940 2336 ut
1960 2304 2170 2347 occupatus
2189 2309 2289 2346 pue-

1308 2362 1445 2400 rilibus
1475 2361 1637 2398 ludicris
1670 2360 1870 2397 distractus
1895 2370 1918 2394 a
1947 2357 2146 2394 Titanibus
2172 2356 2291 2394 Liber

1308 2420 1629 2458 sit—sectus—in
1659 2420 1775 2455 ollam
1814 2418 2108 2466 conjectus—ut
2140 2417 2292 2466 Jupiter

1308 2470 1509 2518 invocatus
1535 2479 1776 2516 advolaverit
1797 2478 1847 2515 ad
1871 2477 2081 2528 prandium
2111 2488 2289 2526 comper-

1310 2549 1424 2590 taque
1453 2552 1495 2578 re
1524 2547 1755 2591 grassatores
1789 2539 1964 2575 obruerit
1990 2537 2149 2573 fulmine
2181 2543 2219 2573 et
2251 2537 2290 2572 in

1309 2603 1513 2638 Tartarum
1535 2599 1855 2649 praecipitaverit3
1880 2600 1990 2647 cujus
2005 2597 2064 2633 rei
2083 2608 2289 2646 argumen-

1310 2669 1390 2713 tum
1409 2660 1586 2711 prodidit
1598 2667 1699 2696 vates
1713 2659 1917 2705 Thracius,
1936 2658 2032 2693 talos
2045 2685 2055 2704 ,
2077 2657 2288 2705 speculum,

1311 2722 1503 2771 turbines,
1522 2719 1696 2756 volatiles
1715 2719 1862 2755 rotulas
1882 2725 1920 2754 et
1934 2723 2059 2754 sumta
2080 2716 2128 2752 ab
2145 2717 2288 2765 Hespe-

1308 2780 1456 2817 ridibus
1489 2780 1639 2819 mala.»
1671 2778 1728 2818 Cf.
1764 2777 1953 2815 Lobeckii
1982 2775 2235 2825 Aglaopham.
2268 2776 2284 2810 Ι

1306 2853 1347 2890 P·
1371 2839 1448 2890 699
1470 2836 1612 2890 serr)

1677 2908 1827 2949 XVIII.

1309 2982 1372 3028 Ὡς
1392 2983 1430 3022 οὖ
1446 2981 1609 3036 κύντερον
1627 2975 1670 3030 ἧν
1692 2980 1752 3020 καὶ
1772 2979 1881 3036 ῥίγιον
1897 2978 1984 3018 ἄλλο
1998 2976 2173 3031 γυναικός.

1365 3062 1560 3112 (Clemens
1598 3060 1882 3099 Alexandrinus
1929 3057 2073 3096 Strom.
2117 3055 2185 3094 lib.
2214 3054 2288 3091 ,Vl

1305 3137 1347 3173 p.
1365 3123 1440 3171 738
1461 3136 1470 3159 ι
1491 3119 1652 3175 Ὀρφέως
1666 3118 1954 3166 ποιήσαντος-’ὡς
1969 3117 2007 3155 οὒ
2022 3114 2186 3167 κύντερον
2203 3112 2283 3151 κτλ.

1306 3179 1471 3234 ”Ομηρος
1507 3179 1668 3233 ἄντικρυς
1697 3178 1792 3230 λέγει
1830 3177 1929 3229 (Ὀδ.
1958 3177 1996 3227 λ,
2020 3175 2123 3227 426)
2152 3175 2199 3218 ὡς
2219 3173 2282 3212 οὒκ

1308 3241 1482 3293 αἰνότερον
1504 3239 1566 3279 καὶ
1591 3238 1753 3291 κύντερον
1777 3237 1863 3275 ἄλλο
1882 3235 2084 3287 γυναικός.)

107 3327 2275 3351 -—-—.-—-——-..-..-.--—-——-—-————————-—-

1698 3388 1816 3419 xviii.

1225 3458 1495 3500 Quandoquidem
1522 3466 1586 3490 non
1611 3458 1680 3491 erat
1697 3455 1782 3489 aliud
1802 3450 2025 3496 impudentius
2044 3453 2075 3484 et
2096 3449 2285 3483 horribilius

2072 3510 2084 3552 [
2097 3510 2285 3542 muliere.—
