2612 3814
311 262 321 291 1
335 258 381 290 52
1251 243 1547 285 CLEANTHIS

309 340 473 392 μεγάλοις
507 345 642 392 μικροῖς
675 354 712 378 τε
746 337 895 391 φάεσσιν
913 337 1088 383 Brunck3
1111 334 1275 388 μεγάλων
1309 352 1368 385 μι-

307 402 421 452 κροῖσι
441 398 586 452 φάεσσιν
607 400 776 436 libri.—
804 400 865 436 Vs.
896 397 942 434 16
960 395 1010 435 ἐνὶ
1036 395 1156 448 πόντῳ
1185 396 1369 442 Brunck.;

308 459 366 498 ἐπὶ
405 459 523 512 πόντῳ
546 459 793 497 membranae.
820 478 876 486 —-
902 459 966 494 Vs.
1009 469 1054 493 21
1085 453 1187 493 ἐόντα
1227 455 1370 504 vulg03

307 520 373 556 alii
392 516 532 557 ἐόντων.
547 520 664 555 —Vs.
685 518 734 554 26
757 509 833 555 αὖθ’
852 516 950 555 Cod.
974 517 1237 566 Augustanus3
1256 515 1372 563 vulgo

308 570 367 617 αὖ.
383 581 512 617 —VS.
532 578 671 628 29-30.
695 577 800 614 Inter
826 572 914 621 ἡδέα
938 572 1023 626 ἔργα
1046 581 1083 611 et
1103 572 1311 616 σπεύδοντες
1334 574 1373 608 in

307 637 539 675 membranis
561 636 790 686 quibusdam
815 635 955 684 legitur
974 632 1030 669 ἐπ’
1052 630 1140 670 ἄλλο
1160 648 1199 670 τε
1224 631 1254 668 δ’
1279 630 1371 668 ἄλλα

309 694 470 749 φέροντες
490 697 598 746 quod
618 694 902 732 hemistichium
921 706 1008 730 cum
1033 692 1227 731 Brunckio
1246 692 1371 729 omisi.

306 778 360 785 —·
394 759 456 795 Vs.
495 756 543 793 32
581 753 676 808 ῥόοιο
722 754 887 802 conjecit
923 752 1165 798 Brunckius3
1198 752 1238 787 in
1265 751 1373 787 libris

308 814 418 867 ῥόου.)

660 882 1013 916 ἈΠΟΣΠΑΣΜΑΤΙΑ.

387 976 448 1024 Μὴ
468 977 550 1029 πρὸς
570 975 670 1021 δόξαν
692 975 778 1029 ὅρα,
796 975 924 1015 ἐθέλων
943 974 1047 1028 σοφὸς
1069 970 1156 1027 αἶψα
1183 972 1369 1025 γενέσθαι,

278 1069 284 1075 .
329 1050 368 1078 40
389 1035 479 1087 μηδὲ
496 1035 606 1090 φοὸοῦ
628 1036 768 1074 πολλῶν
788 1034 931 1088 ἄκριτον
953 1034 1014 1073 καὶ
1031 1033 1175 1073 ἀναιδέα
1195 1033 1310 1079 δόξαν.

384 1096 437 1135 Οὖ
462 1094 529 1147 γὰρ
547 1096 678 1141 πλῆθος
694 1093 768 1148 ἔχει
784 1093 932 1142 συνετὴν
952 1094 1081 1148 κρίσιν,
1108 1093 1188 1133 οὔτε
1217 1093 1371 1142 δικαίαν,

383 1153 463 1193 οὔτε
499 1153 625 1202 καλήν·
654 1153 782 1206 ὀλίγοις
815 1153 850 1194 δὲ
884 1155 969 1208 παρ’
1001 1153 1148 1206 ἀνδράσι
1174 1159 1276 1193 τοῦτο
1310 1170 1368 1192 κεν

1232 1211 1368 1268 [εὕροις.

438 1301 633 1349 (Clemens
660 1302 766 1338 Alex.
787 1302 930 1338 strom.
950 1304 981 1339 V
1006 1315 1049 1351 p.
1074 1299 1150 1345 554
1174 1302 1220 1339 A.
1243 1300 1318 1340 Καὶ
1344 1304 1366 1348 ἡ

382 1360 581 1404 Κλεάνθους
597 1358 632 1399 δὲ
650 1363 711 1398 τοῦ
725 1361 888 1398 Στωϊκοῦ
908 1359 1099 1414 φιλοσόφου
1116 1359 1283 1408 ποιητικὴ
1299 1354 1368 1398 ὧδέ

381 1435 455 1463 πως
477 1419 522 1457 τὰ
539 1419 643 1470 ὅμοια
659 1419 785 1472 γράφει
798 1417 894 1470 κτλ.)

380 1503 536 1555 Πόρναις
555 1518 592 1540 τε
610 1503 750 1548 δοῦναι,
775 1501 882 1554 σῶμά
902 1503 933 1541 τ’
955 1503 1003 1547 εἷς
1024 1501 1146 1547 νόσους
1163 1502 1271 1541 πεσὸν

383 1562 556 1605 δαπάναις
580 1562 776 1615 ἐπιτρῖψαι.

435 1651 685 1702 (Plutarchus
703 1653 842 1691 Moral.
873 1666 914 1702 p.
941 1651 1019 1701 889
1048 1649 1112 1690 Α.’
1133 1652 1192 1691 Cf.
1225 1654 1360 1702 Eurip.

381 1712 512 1750 Phoen.
535 1724 589 1749 V&
613 1724 658 1748 21
691 1722 701 1750 ε
723 1711 741 1748 ὃ
767 1710 798 1750 δ’
826 1710 935 1764 ἡδονῇ
953 1710 1031 1755 δοὺς
1059 1709 1109 1754 εἴς
1136 1725 1174 1748 τε
1197 1712 1365 1762 βακχεῖον

378 1768 528 1811 πεσών.)

324 1871 359 1895 45
380 1856 547 1908 Ἱ“οἰγαθὸν
563 1858 696 1910 ἐρωτᾶς
716 1857 753 1908 μ’
775 1850 846 1897 οἶόν
868 1858 956 1908 ἐστ’,
976 1856 1081 1895 ἄκουε
1098 1856 1159 1905 δή·

378 1917 410 1954 Τ
414 1915 620 1967 εταγμένον,
639 1915 788 1963 δίκαιον,
807 1914 917 1967 ὅσιον,
941 1916 1100 1964 εὖσεὸές,

377 1973 527 2023 κρατοῦν
547 1971 673 2008 ἑαυτοῦ
686 1999 697 2020 ,
713 1968 906 2023 χρήσιμον,
924 1968 1048 2014 καλόν,
1065 1969 1154 2009 δέον·

377 2027 567 2082 αὐστηρόν,
593 2026 823 2078 αὐθέκαστον,
847 2028 915 2067 αἰεὶ
934 2028 1132 2083 συμφέρον·

377 2088 522 2142 ἄφοδον,
539 2087 686 2138 ἄλυπον,
699 2087 878 2132 λυσιτελές
889 2118 900 2136 ,
917 2087 1106 2136 ἀνώδυνον,

322 2163 359 2189 50
376 2148 570 2202 ὠφέλιμον,
590 2148 792 2202 εὐάρεστον,
814 2146 984 2199 ἀσφαλές,
1004 2147 1118 2201 φίλον,

377 2208 534 2260 ἔντιμον,
551 2210 847 2261 ὁμολογούμενον,
864 2207 881 2223 *
909 2207 926 2224 *
955 2206 972 2220 ¹
1000 2208 1017 2224 *

377 2268 534 2316 εὐκλεές,
558 2268 704 2322 ἄτυφον,
724 2266 914 2320 ἐπιμελές,
934 2273 1064 2320 πρᾶον,
1084 2266 1248 2320 σφοδρόν,

375 2328 636 2381 χρονιζόμενον,
653 2328 855 2379 ἄμεμπτον,
873 2325 942 2366 αἰεὶ
963 2326 1142 2379 διαμένον.

375 2387 613 2440 Ἀνελεύθερος
631 2393 702 2431 πᾶς
717 2387 812 2431 ὅστις
832 2389 880 2431 εἷς
900 2386 1001 2432 δόξαν
1025 2387 1171 2440 βλέπει,

321 2462 356 2487 55
378 2450 424 2492 ὡς
441 2447 483 2495 δὴ
503 2449 589 2500 παρ’
614 2446 748 2495 ἐκείνης
769 2445 974 2498 τευξόμενος
993 2447 1103 2486 καλοῦ
1122 2461 1224 2490 τινος.

432 2544 617 2593 (Clemens
629 2545 734 2582 Alex.
744 2544 942 2583 Admonit.
953 2544 1003 2581 ad
1017 2544 1155 2582 Gentes
1167 2557 1255 2595 pag.
1275 2542 1324 2580 35
1342 2554 1352 2582 Ξ

691 2711 960 2744 FRAGMENTA.

294 2802 341 2835 Ne
357 2801 396 2834 ad
413 2802 546 2842 gloriam
561 2806 687 2844 specta,
702 2804 830 2845 sapiens
845 2804 991 2838 celeriter
1007 2805 1075 2838 fieri
1091 2806 1222 2846 volens,

295 2870 379 2896 neve
396 2861 541 2903 iniquam
567 2870 763 2904 gravemque
780 2863 814 2896 et
832 2863 1058 2898 vehementem
1075 2865 1253 2898 multorum
1269 2864 1310 2898 de
1324 2866 1358 2898 te

948 2924 1153 2967 [sententiam
1170 2926 1355 2960 reformida.

293 2982 421 3015 Etenim
437 2981 610 3014 multitudo
626 2991 732 3022 neque
747 2983 851 3024 perite
866 2983 991 3024 judicat
1003 2994 1109 3027 neque
1123 2985 1209 3026 juste
1220 3010 1230 3026 ,

294 3050 399 3083 neque
425 3050 465 3074 ex
494 3050 590 3083 aequo
618 3043 650 3075 et
681 3042 784 3083 bono;
800 3042 832 3075 in
859 3044 970 3085 paucis
986 3053 1064 3078 vero
1085 3045 1272 3079 hominibus
1293 3046 1356 3079 hoc

1035 3103 1296 3146 [animadvertas.
1314 3126 1352 3133 -

295 3159 515 3192 meretricibus
532 3169 567 3192 se
580 3160 656 3193 dare
673 3169 856 3203 corpusque
875 3162 908 3194 in
923 3162 1074 3195 morbum
1094 3163 1262 3205 delapsum

293 3219 462 3261 dispendio
480 3219 663 3253 exhaurire.
687 3241 728 3248 -

295 3281 400 3321 Rogas
419 3288 472 3312 me
491 3280 586 3321 quale
605 3281 647 3312 sit
666 3281 809 3322 bonum;
826 3281 901 3314 audi
915 3282 1023 3324 igitur.

294 3340 521 3381 compositum
532 3363 542 3379 ,
557 3339 682 3381 justum
693 3364 703 3381 ‚
723 3343 869 3374 sanctum
878 3365 888 3382 ,
909 3341 1017 3383 pium,

294 3397 462 3431 continens
478 3407 512 3432 se
523 3423 532 3439 ,
547 3399 626 3432 utile
636 3423 646 3440 ,
663 3399 833 3433 honestum
843 3425 852 3439 ‚
865 3401 1100 3442 necessarimm

292 3461 457 3491 austerum
468 3482 476 3498 ‚
498 3458 634 3499 rigidum
646 3483 655 3498 ‚
673 3468 800 3501 semper
815 3459 1036 3501 conducibile3

292 3516 504 3560 intrepidum,
521 3518 660 3551 tristitiae
678 3527 794 3560 expers
803 3543 813 3560 ,
829 3519 1032 3552 fructuosum
1045 3545 1054 3561 ,
1071 3529 1211 3553 vacuum
1223 3521 1330 3555 dolore
1342 3547 1351 3563 ,

1522 333 1703 382 Κλεάνθης
1730 334 1766 374 δὲ
1784 337 1802 374 ὁ
1820 335 2017 386 Πισαδεύς,
2045 337 2063 375 ὁ
2084 336 2154 375 ἀπὸ
2185 340 2247 384 τ’ἧς
2268 343 2374 383 στοᾶς
2401 339 2504 392 φιλό·

1520 411 1649 447 σοφος,
1680 393 1716 439 ὃς
1746 397 1784 434 οὐ
1811 395 1989 448 θεογονίαν
2022 397 2225 446 ποιητικήν,
2255 397 2436 450 θεολογίαν
2470 400 2508 439 δὲ

1519 454 1687 503 ἀληθινὴν
1720 454 1956 506 ἐνδείκνυται,
1986 456 2051 496 οὒκ
2081 458 2312 511 ἀπεκρύψατο
2343 463 2404 499 τοῦ
2428 462 2508 498 θεοῦ

1520 514 1601 566 πέρι
1621 513 1658 562 ὅ,
1675 529 1710 553 τι
1733 530 1803 568 περ
1818 508 1892 568 εἶχε
1913 518 2061 569 φρονῶν·
2075 516 2237 567 ’τάγαθὸν
2264 518 2398 569 ἐρωτᾶς
2424 519 2504 560 κτλ.

1519 572 1698 612 Ἐνταῦθα
1718 575 1838 627 σαφῶς
1868 569 1998 627 (οἶμαι)
2031 574 2190 614 διδάσκει
2219 576 2340 621 ὁποῖός
2370 577 2467 617 ἐστιν
2488 581 2510 618 ὁ

1519 632 1614 683 θεός,
1634 633 1694 671 καὶ
1726 635 1772 678 ὡς
1792 638 1815 683 ἠ
1834 633 1917 680 δόξα
1935 638 1958 682 ἠ
1986 635 2086 684 κοινὴ
2107 636 2169 676 καὶ
2190 640 2211 685 ἠ
2234 636 2402 685 συνήθεια
2429 636 2510 683 τοὺς

1518 692 1713 744 ἑπομένους
1728 694 1869 745 αὐταῖν,
1888 694 1980 733 ἀλλὰ
1999 694 2050 747 μὴ
2072 695 2130 735 τὸν
2160 696 2236 736 θεὸν
2257 698 2508 744 ἐπιζητοῦντας

1521 752 1896 805 ἐξηνδραποδιζέσθην.
1923 757 1999 793 Pro
2027 755 2209 801 Πισαδεὺς
2234 759 2432 809 Menagius
2457 759 2508 797 ad

1516 815 1632 865 Diog.
1655 816 1783 853 Laert.
1802 814 1893 861 VII,
1919 814 1994 852 168
2017 816 2093 866 legi
2126 818 2211 854 vult
2226 816 2385 862 Ἀσσεύς.
2417 819 2509 857 Post

1517 871 1796 923 ὁμολογούμενον
1832 875 1946 924 posui
1975 875 2120 912 lacunae
2148 877 2255 926 signa
2287 890 2376 915 cum
2410 877 2507 916 Sca-

1516 935 1637 985 ligero
1666 935 1772 985 apud
1792 933 2024 985 Stephanum
2053 937 2162 976 Poes.
2191 937 2288 988 phil.
2314 951 2356 988 p.
2385 936 2506 991 2¹7·)

1516 1033 1561 1071 Λ.
1581 1029 1630 1071 Τί
1662 1030 1741 1070 ποτ’
1770 1029 1841 1070 ἔσθ’
1868 1029 1902 1078 ὅ,
1925 1046 1958 1069 τι
1992 1029 2130 1084 βούλει,
2153 1031 2280 1084 Θυμέ;
2310 1032 2415 1072 τοῦτό
2445 1049 2506 1085 μοι

2339 1090 2503 1147 [φράσον.

1515 1151 1565 1191 Θ.
1588 1149 1709 1204 Ἔχω,
1726 1150 1910 1204 Λογισμέ,
1935 1157 2006 1190 πᾶν
2028 1150 2046 1190 ὃ
2068 1150 2244 1204 βούλομαι
2265 1158 2392 1194 ποιεῖν.

1515 1212 1559 1249 Λ.
1581 1209 1775 1250 Βασιλικόν
1795 1212 1883 1251 ἐστι.
1903 1209 2006 1258 Πλὴν
2027 1210 2124 1262 ὅμως
2144 1211 2242 1251 εἷπὸν
2257 1211 2382 1251 πάλιν.

1515 1272 1562 1311 Θ.
1584 1263 1654 1309 Ὧν
1672 1269 1715 1309 ἂν
1735 1271 1920 1323 ἐπιθυμῶ,
1942 1272 2041 1310 ταῦθ’
2061 1271 2156 1314 ὅπως
2177 1270 2378 1325 γενήσεται.

1571 1324 1750 1376 (Galenus
1782 1326 1831 1363 de
1858 1327 2011 1376 placitis
2038 1327 2231 1376 Hippocr.
2254 1334 2294 1364 et
2312 1327 2408 1366 Plat.
2430 1327 2498 1365 lib.

1515 1387 1559 1432 V,
1586 1398 1660 1433 170
1677 1399 1685 1422 :
1706 1383 1785 1431 Τὴν
1800 1383 1865 1435 μὲν
1879 1388 1940 1423 τοῦ
1955 1384 2159 1429 Κλεάνθους
2180 1384 2324 1436 γνώμην
2343 1384 2431 1438 ὑπὲρ
2441 1388 2504 1426 τοῦ

1510 1446 1709 1491 παθητικοῦ
1729 1446 1792 1492 τῆς
1808 1446 1926 1497 ψυχῆς
1945 1446 1984 1483 ἐκ
2003 1445 2112 1483 τῶνδε
2128 1443 2316 1499 φαίνεόθαί
2329 1460 2415 1498 φησι
2432 1448 2504 1485 τῶν

1513 1503 1605 1541 ἐπῶν
1631 1501 1663 1557 [ὁ
1682 1502 1946 1558 Ποσειδώνιος]·
1962 1503 1996 1542 τί
2010 1506 2090 1543 ποτ’
2109 1503 2182 1543 ἔσθ’
2207 1505 2289 1545 κτλ.
2318 1505 2435 1545 Ταυτὶ
2457 1505 2503 1546 τὰ

1516 1562 1691 1612 ἀμοιὸαῖα
1728 1563 1928 1608 Κλεάνθους
1970 1562 2078 1617 φησὶν
2113 1557 2204 1603 εἶναι
2239 1563 2500 1612 Ποσειδώνιος,

1512 1621 1667 1673 ἐναργῶς
1686 1620 1948 1673 ἐνδεικνύμενος
1966 1620 2032 1670 τὴν
2048 1621 2130 1676 περὶ
2144 1626 2205 1662 τοῦ
2220 1625 2422 1671 παθητικοῦ
2440 1626 2504 1671 τῆς

1511 1681 1627 1733 ψυχῆς
1641 1680 1786 1732 γνώμην
1805 1682 1912 1720 αὐτοῦ
1926 1711 1936 1730 ,
1959 1680 2031 1734 εἴγε
2047 1681 2088 1729 δὴ
2110 1682 2285 1731 πεποίηκε
2307 1682 2367 1722 τὸν
2392 1684 2502 1735 Λογι-

1511 1739 1601 1790 σμὸν
1615 1742 1666 1794 τῷ
1681 1741 1797 1794 Θυμῷ
1813 1739 2060 1793 διαλεγόμενον
2075 1743 2122 1785 ὡς
2136 1740 2254 1794 ἕτερον
2269 1742 2392 1796 ἑτέρῳ.
2411 1745 2498 1782 Col-

1509 1801 1725 1851 loquuntur
1759 1803 1877 1852 igitur
1901 1803 2019 1839 Ratio
2057 1810 2095 1839 et
2126 1802 2341 1853 Cupiditas.
2371 1806 2421 1842 Vs
2449 1803 2497 1852 57

1511 1859 1584 1912 ἔχω
1606 1859 1777 1911 λογισμὸν
1816 1861 1957 1908 codd.;
1991 1860 2064 1913 ἔχω
2077 1890 2088 1911 ,
2110 1859 2290 1913 Λογισμέ,
2330 1864 2500 1901 correxit

1507 1922 1832 1971 Wyttenbachius
1853 1922 1995 1972 Opusc.
2019 1914 2059 1960 1'1
2078 1935 2120 1972 p.
2143 1935 2235 1970 271.
2255 1924 2320 1961 Vs.
2345 1920 2410 1962 58.
2428 1923 2495 1974 βα-

1509 1980 1641 2020 σιλικόν
1667 1997 1706 2032 γε
1734 1983 1990 2030 membranae3
2033 1982 2215 2036 βασιλικόν
2251 1983 2328 2021 ἐστι
2363 1985 2500 2034 scripsi

1510 2043 1623 2080 metri
1650 2055 1774 2081 causa.
1797 2066 1850 2072 —
1879 2046 1941 2082 Vs.
1971 2042 2021 2093 59
2053 2044 2099 2086 ὡς
2130 2040 2172 2080 ἂν
2207 2043 2369 2094 ἐπιθυμῶ
2405 2044 2496 2081 libri

1508 2115 1606 2148 mss„
1624 2102 1690 2139 sed
1705 2103 1917 2152 requiritur
1933 2094 1981 2140 ῶν
2000 2101 2043 2140 ἂν
2065 2103 2227 2154 ἐπιθυμῶ
2251 2104 2360 2154 quod
2376 2106 2498 2143 textui

1509 2161 1683 2212 inserui.)

1450 2261 1486 2288 60
1507 2246 1798 2301 Κακουργότερον
1818 2247 1917 2288 οῦδὲν
1939 2247 2107 2295 διαὸολῆς
2128 2248 2205 2288 ἐστί
2219 2263 2289 2287 πω·

1505 2308 1620 2359 λάθρᾳ
1639 2306 1708 2360 γὰρ
1733 2306 1953 2355 ἀπατήσασα
1972 2307 2031 2345 τὸν
2051 2307 2285 2359 πεπεισμένον

1508 2368 1608 2418 μῖσος
1629 2366 1849 2406 ἀναπλάττει
1868 2366 1955 2421 πρὸς
1974 2366 2034 2406 τὸν
2057 2367 2156 2406 οὐδὲν
2178 2366 2303 2407 αἴτιον.

1563 2454 1747 2506 (Stobaeus
1765 2456 1903 2494 Floril.
1924 2457 2052 2502 XLII,
2077 2455 2132 2507 2.)

1505 2539 1634 2586 εὍστις
1651 2542 1831 2593 ἐπιθυμῶν
1849 2540 1987 2594 ἀνέχετ’
2011 2543 2163 2595 αἰσχροῦ
2178 2540 2386 2594 πράγματος
2398 2571 2409 2590 ,

1424 2688 1632 2721 commodum
1644 2712 1654 2728 ,
1672 2688 1826 2729 placitum
1837 2713 1847 2729 ,
1862 2690 1971 2721 tutum
1981 2713 1990 2728 ,
2006 2691 2132 2729 gratum
2143 2712 2153 2729 ,

1424 2748 1642 2781 honorificum
1654 2772 1664 2789 ,
1685 2748 1889 2788 consessum,
1905 2748 1924 2764 '¹
1946 2747 1963 2765 *
1982 2748 1999 2765 *
2020 2748 2039 2765 *

1420 2808 1615 2849 gloriosum,
1629 2807 1832 2847 modestum,
1848 2807 1985 2849 diligens
1997 2831 2008 2847 ‚
2029 2810 2261 2847 mansuetum,
2278 2815 2353 2841 acre
2364 2832 2375 2848 ‚

1420 2867 1611 2901 diuturnum
1624 2891 1635 2907 ,
1651 2867 1854 2909 inculpatum
1866 2891 1876 2908 ,
1895 2875 2022 2908 semper
2037 2875 2241 2908 permanens.

1421 2927 1592 2961 illiberalis
1609 2928 1657 2960 est
1670 2926 1870 2968 quicumque
1885 2926 1924 2959 ad
1944 2926 2077 2967 gloriam
2091 2926 2232 2968 spectat,

1418 2995 1535 3028 nempe
1549 2995 1588 3020 ex
1606 2985 1661 3018 illa
1675 2985 1796 3027 aliquid
1818 2985 1943 3018 honesti
1959 2986 2202 3018 consecuturus.
2222 3002 2266 3010 —

1420 3048 1457 3079 R.
1478 3046 1641 3084 Quidnam
1655 3046 1703 3078 est
1719 3044 1807 3086 quod
1823 3044 1889 3086 vis,
1909 3044 2096 3086 Cupiditas?
2109 3045 2172 3078 hoc
2187 3044 2267 3077 mihi
2284 3044 2350 3077 dic.

1421 3108 1459 3139 C.
1483 3108 1640 3146 Possum,
1657 3115 1678 3138 ο
1695 3104 1787 3138 Ratio
1798 3128 1809 3146 ,
1824 3104 1928 3138 facere
1941 3104 2098 3146 quidquid
2114 3104 2201 3138 volo.

1418 3170 1457 3201 R.
1480 3167 1615 3209 Regium
1630 3166 1763 3208 quidem
1780 3165 1812 3198 id
1830 3166 1892 3199 est.
1913 3165 2130 3198 Nihilominus
2152 3166 2260 3198 tamen
2283 3165 2335 3199 dic
2357 3174 2480 3200 rursus.

1418 3229 1454 3260 G.
1472 3230 1695 3268 Quaecumque
1711 3225 1858 3259 desidero
1870 3249 1879 3264 ,
1899 3225 1970 3257 haec
1985 3225 2107 3258 curabo
2124 3226 2158 3258 ut
2179 3225 2324 3258 fiant.-

1415 3286 1501 3319 Nitiil
1517 3286 1700 3328 quidquam
1716 3289 1765 3318 est
1778 3284 1970 3317 malitiosius
1987 3284 2159 3317 calumnia.

1416 3348 1496 3379 ilaec
1513 3345 1599 3379 enim
1615 3345 1671 3378 ubi
1692 3345 1776 3378 clam
1795 3344 1936 3386 aliquem
1952 3343 1992 3377 ad
2010 3343 2209 3378 credendum
2223 3343 2401 3377 adductum
2419 3341 2479 3375 de·

2362 3401 2481 3446 [ωΡῆι

1417 3463 1529 3497 odium
1545 3464 1684 3497 concitat
1697 3463 1730 3497 in
1744 3472 1819 3497 eum
1836 3462 1892 3505 qui
1905 3463 1985 3497 nihil
2001 3462 2208 3496 commeruit.
2229 3481 2271 3490 -

1415 3525 1623 3566 Quicumque
1641 3532 1709 3557 rem
1725 3525 1856 3565 turpem
1873 3522 2101 3565 concupiscere
2117 3522 2276 3564 sustinet,

2605 313 2612 364 i
