<?xml version="1.0" encoding="UTF-8"?>
<!DOCTYPE html PUBLIC "-//W3C//DTD XHTML 1.0 Transitional//EN"
    "http://www.w3.org/TR/xhtml1/DTD/xhtml1-transitional.dtd">
<html xmlns="http://www.w3.org/1999/xhtml" xml:lang="en" lang="en">
 <head>
  <title>
</title>
<meta http-equiv="Content-Type" content="text/html;charset=utf-8" />
  <meta name='ocr-system' content='tesseract 3.04.00' />
  <meta name='ocr-capabilities' content='ocr_page ocr_carea ocr_par ocr_line ocrx_word'/>
</head>
<body>
  <div class='ocr_page' id='page_1' title='image "./fragmentaphiloso01mulluoft_0354.png"; bbox 0 0 2612 3814; ppageno 0'>
   <div class='ocr_carea' id='block_1_1' title="bbox 0 2551 25 3814">
    <p class='ocr_par' dir='ltr' id='par_1_1' title="bbox 0 2551 25 3814">
     <span class='ocr_line' id='line_1_1' title="bbox 0 2551 25 3814; baseline 0 0"><span class='ocrx_word' id='word_1_1' title='bbox 0 2551 25 3814; x_wconf 95' lang='lat' dir='ltr'><strong> </strong></span> 
     </span>
    </p>
   </div>
   <div class='ocr_carea' id='block_1_2' title="bbox 315 294 387 328">
    <p class='ocr_par' dir='ltr' id='par_1_2' title="bbox 315 294 387 328">
     <span class='ocr_line' id='line_1_2' title="bbox 315 294 387 328; baseline -0.014 0"><span class='ocrx_word' id='word_1_2' title='bbox 315 294 387 328; x_wconf 70' lang='lat'><strong>814</strong></span> 
     </span>
    </p>
   </div>
   <div class='ocr_carea' id='block_1_3' title="bbox 312 371 1365 1132">
    <p class='ocr_par' dir='ltr' id='par_1_3' title="bbox 312 371 1365 1132">
     <span class='ocr_line' id='line_1_3' title="bbox 366 371 1362 426; baseline -0.006 -12"><span class='ocrx_word' id='word_1_3' title='bbox 366 375 470 414; x_wconf 88' lang='lat' dir='ltr'><strong>Idem</strong></span> <span class='ocrx_word' id='word_1_4' title='bbox 494 374 572 412; x_wconf 84' lang='lat' dir='ltr'><strong>alio</strong></span> <span class='ocrx_word' id='word_1_5' title='bbox 598 374 685 412; x_wconf 83' lang='lat' dir='ltr'><strong>loco</strong></span> <span class='ocrx_word' id='word_1_6' title='bbox 702 372 783 426; x_wconf 74' lang='lat'>(46)</span> <span class='ocrx_word' id='word_1_7' title='bbox 801 372 855 410; x_wconf 88' lang='lat' dir='ltr'><strong>ait</strong></span> <span class='ocrx_word' id='word_1_8' title='bbox 875 386 885 410; x_wconf 77' lang='lat' dir='ltr'><strong><em>z</em></strong></span> <span class='ocrx_word' id='word_1_9' title='bbox 909 389 925 406; x_wconf 76' lang='grc' dir='ltr'><strong>ιι</strong></span> <span class='ocrx_word' id='word_1_10' title='bbox 950 371 1014 410; x_wconf 81' lang='lat' dir='ltr'><strong>Est</strong></span> <span class='ocrx_word' id='word_1_11' title='bbox 1034 380 1219 423; x_wconf 86' lang='lat' dir='ltr'><strong>praeterea</strong></span> <span class='ocrx_word' id='word_1_12' title='bbox 1238 385 1362 409; x_wconf 89' lang='lat' dir='ltr'><strong>annus</strong></span> 
     </span>
     <span class='ocr_line' id='line_1_4' title="bbox 314 431 1360 486; baseline -0.005 -14"><span class='ocrx_word' id='word_1_13' title='bbox 314 447 428 486; x_wconf 89' lang='lat' dir='ltr'><strong>quem</strong></span> <span class='ocrx_word' id='word_1_14' title='bbox 463 432 691 472; x_wconf 81' lang='lat' dir='ltr'><strong>Aristoteles</strong></span> <span class='ocrx_word' id='word_1_15' title='bbox 724 431 933 470; x_wconf 84' lang='lat' dir='ltr'><strong>maximum</strong></span> <span class='ocrx_word' id='word_1_16' title='bbox 968 431 1100 482; x_wconf 83' lang='lat' dir='ltr'><strong>potius</strong></span> <span class='ocrx_word' id='word_1_17' title='bbox 1133 443 1250 481; x_wconf 89' lang='lat' dir='ltr'><strong>quam</strong></span> <span class='ocrx_word' id='word_1_18' title='bbox 1281 443 1360 468; x_wconf 90' lang='lat' dir='ltr'><strong>ma-</strong></span> 
     </span>
     <span class='ocr_line' id='line_1_5' title="bbox 313 490 1364 545; baseline -0.007 -12"><span class='ocrx_word' id='word_1_19' title='bbox 313 507 432 545; x_wconf 88' lang='lat' dir='ltr'><strong>gnum</strong></span> <span class='ocrx_word' id='word_1_20' title='bbox 453 493 642 545; x_wconf 86' lang='lat' dir='ltr'><strong>appellat,</strong></span> <span class='ocrx_word' id='word_1_21' title='bbox 664 504 778 543; x_wconf 86' lang='lat' dir='ltr'><strong>quem</strong></span> <span class='ocrx_word' id='word_1_22' title='bbox 797 491 891 530; x_wconf 87' lang='lat' dir='ltr'><strong>solis</strong></span> <span class='ocrx_word' id='word_1_23' title='bbox 909 498 947 528; x_wconf 87' lang='lat' dir='ltr'><strong>et</strong></span> <span class='ocrx_word' id='word_1_24' title='bbox 970 490 1072 527; x_wconf 87' lang='lat' dir='ltr'><strong>lunae</strong></span> <span class='ocrx_word' id='word_1_25' title='bbox 1100 501 1364 539; x_wconf 79' lang='lat' dir='ltr'><strong>vagarumque</strong></span> 
     </span>
     <span class='ocr_line' id='line_1_6' title="bbox 313 547 1361 605; baseline -0.008 -13"><span class='ocrx_word' id='word_1_26' title='bbox 313 553 486 605; x_wconf 89' lang='lat' dir='ltr'><strong>quinque</strong></span> <span class='ocrx_word' id='word_1_27' title='bbox 496 551 691 591; x_wconf 87' lang='lat' dir='ltr'><strong>stellarum</strong></span> <span class='ocrx_word' id='word_1_28' title='bbox 703 549 818 588; x_wconf 85' lang='lat' dir='ltr'><strong>orbes</strong></span> <span class='ocrx_word' id='word_1_29' title='bbox 831 548 1055 594; x_wconf 83' lang='lat' dir='ltr'><strong>conficiunt,</strong></span> <span class='ocrx_word' id='word_1_30' title='bbox 1068 561 1186 598; x_wconf 88' lang='lat' dir='ltr'><strong>quum</strong></span> <span class='ocrx_word' id='word_1_31' title='bbox 1202 547 1249 585; x_wconf 88' lang='lat' dir='ltr'><strong>ad</strong></span> <span class='ocrx_word' id='word_1_32' title='bbox 1262 548 1361 585; x_wconf 89' lang='lat' dir='ltr'><strong>idem</strong></span> 
     </span>
     <span class='ocr_line' id='line_1_7' title="bbox 313 607 1365 664; baseline -0.01 -11"><span class='ocrx_word' id='word_1_33' title='bbox 313 613 466 664; x_wconf 85' lang='lat' dir='ltr'><strong>signum</strong></span> <span class='ocrx_word' id='word_1_34' title='bbox 481 641 492 659; x_wconf 93' lang='lat'>‚</span> <span class='ocrx_word' id='word_1_35' title='bbox 513 611 581 651; x_wconf 89' lang='lat' dir='ltr'><strong>ubi</strong></span> <span class='ocrx_word' id='word_1_36' title='bbox 602 610 797 663; x_wconf 89' lang='lat' dir='ltr'><strong>quondam</strong></span> <span class='ocrx_word' id='word_1_37' title='bbox 818 608 932 647; x_wconf 87' lang='lat' dir='ltr'><strong>simul</strong></span> <span class='ocrx_word' id='word_1_38' title='bbox 970 608 1139 654; x_wconf 80' lang='lat' dir='ltr'><strong>fuerant,</strong></span> <span class='ocrx_word' id='word_1_39' title='bbox 1165 620 1243 645; x_wconf 90' lang='lat' dir='ltr'><strong>una</strong></span> <span class='ocrx_word' id='word_1_40' title='bbox 1264 607 1365 645; x_wconf 86' lang='lat' dir='ltr'><strong>rese—</strong></span> 
     </span>
     <span class='ocr_line' id='line_1_8' title="bbox 314 665 1362 722; baseline -0.009 -11"><span class='ocrx_word' id='word_1_41' title='bbox 314 680 475 719; x_wconf 87' lang='lat' dir='ltr'><strong>runtur;</strong></span> <span class='ocrx_word' id='word_1_42' title='bbox 491 670 601 722; x_wconf 84' lang='lat' dir='ltr'><strong>cujus</strong></span> <span class='ocrx_word' id='word_1_43' title='bbox 619 669 709 708; x_wconf 89' lang='lat' dir='ltr'><strong>anni</strong></span> <span class='ocrx_word' id='word_1_44' title='bbox 728 668 850 706; x_wconf 86' lang='lat' dir='ltr'><strong>hiems</strong></span> <span class='ocrx_word' id='word_1_45' title='bbox 865 679 1014 705; x_wconf 89' lang='lat' dir='ltr'><strong>summa</strong></span> <span class='ocrx_word' id='word_1_46' title='bbox 1028 674 1085 704; x_wconf 87' lang='lat' dir='ltr'><strong>est</strong></span> <span class='ocrx_word' id='word_1_47' title='bbox 1103 665 1362 716; x_wconf 75' lang='grc' dir='ltr'>κατακλυσμός,</span> 
     </span>
     <span class='ocr_line' id='line_1_9' title="bbox 313 728 1363 782; baseline -0.009 -12"><span class='ocrx_word' id='word_1_48' title='bbox 313 743 427 782; x_wconf 84' lang='lat' dir='ltr'><strong>quam</strong></span> <span class='ocrx_word' id='word_1_49' title='bbox 462 730 584 768; x_wconf 80' lang='lat' dir='ltr'>nostri</span> <span class='ocrx_word' id='word_1_50' title='bbox 621 728 862 767; x_wconf 76' lang='lat' dir='ltr'>diluvionem</span> <span class='ocrx_word' id='word_1_51' title='bbox 899 733 1059 774; x_wconf 83' lang='lat' dir='ltr'><strong>vocant,</strong></span> <span class='ocrx_word' id='word_1_52' title='bbox 1094 734 1203 763; x_wconf 86' lang='lat' dir='ltr'><strong>aestas</strong></span> <span class='ocrx_word' id='word_1_53' title='bbox 1237 733 1363 762; x_wconf 86' lang='lat' dir='ltr'><strong>autem</strong></span> 
     </span>
     <span class='ocr_line' id='line_1_10' title="bbox 315 782 1364 842; baseline -0.007 -14"><span class='ocrx_word' id='word_1_54' title='bbox 315 789 532 842; x_wconf 77' lang='grc' dir='ltr'>ὶκπύρωσις,</span> <span class='ocrx_word' id='word_1_55' title='bbox 552 786 655 839; x_wconf 91' lang='lat' dir='ltr'><strong>quod</strong></span> <span class='ocrx_word' id='word_1_56' title='bbox 684 794 740 824; x_wconf 90' lang='lat' dir='ltr'><strong>est</strong></span> <span class='ocrx_word' id='word_1_57' title='bbox 769 784 902 822; x_wconf 88' lang='lat' dir='ltr'><strong>mundi</strong></span> <span class='ocrx_word' id='word_1_58' title='bbox 925 783 1162 823; x_wconf 88' lang='lat' dir='ltr'>incendium.</span> <span class='ocrx_word' id='word_1_59' title='bbox 1186 783 1281 821; x_wconf 84' lang='lat' dir='ltr'><strong>Nam</strong></span> <span class='ocrx_word' id='word_1_60' title='bbox 1303 782 1364 821; x_wconf 83' lang='lat' dir='ltr'><strong>his</strong></span> 
     </span>
     <span class='ocr_line' id='line_1_11' title="bbox 315 842 1355 896; baseline -0.007 -10"><span class='ocrx_word' id='word_1_61' title='bbox 315 847 476 886; x_wconf 76' lang='lat' dir='ltr'><strong>alternis</strong></span> <span class='ocrx_word' id='word_1_62' title='bbox 506 844 746 896; x_wconf 77' lang='lat' dir='ltr'><strong>temporibus</strong></span> <span class='ocrx_word' id='word_1_63' title='bbox 777 842 943 881; x_wconf 87' lang='lat' dir='ltr'><strong>mundus</strong></span> <span class='ocrx_word' id='word_1_64' title='bbox 974 850 1053 879; x_wconf 91' lang='lat' dir='ltr'><strong>tum</strong></span> <span class='ocrx_word' id='word_1_65' title='bbox 1088 842 1355 891; x_wconf 78' lang='lat' dir='ltr'><strong>exignesccre,</strong></span> 
     </span>
     <span class='ocr_line' id='line_1_12' title="bbox 315 901 1363 955; baseline -0.004 -12"><span class='ocrx_word' id='word_1_66' title='bbox 315 914 395 943; x_wconf 94' lang='lat' dir='ltr'><strong>tum</strong></span> <span class='ocrx_word' id='word_1_67' title='bbox 416 917 673 955; x_wconf 86' lang='lat' dir='ltr'><strong>exaquescere</strong></span> <span class='ocrx_word' id='word_1_68' title='bbox 693 903 860 942; x_wconf 87' lang='lat' dir='ltr'><strong>videtur.</strong></span> <span class='ocrx_word' id='word_1_69' title='bbox 886 902 996 939; x_wconf 80' lang='lat' dir='ltr'><strong>Hunc</strong></span> <span class='ocrx_word' id='word_1_70' title='bbox 1022 901 1266 940; x_wconf 78' lang='lat' dir='ltr'><strong>Aristarchus</strong></span> <span class='ocrx_word' id='word_1_71' title='bbox 1290 915 1363 951; x_wconf 86' lang='lat' dir='ltr'><strong>pu-</strong></span> 
     </span>
     <span class='ocr_line' id='line_1_13' title="bbox 315 959 1362 1007; baseline -0.007 -3"><span class='ocrx_word' id='word_1_72' title='bbox 315 964 411 1005; x_wconf 66' lang='lat' dir='ltr'><strong>tavit</strong></span> <span class='ocrx_word' id='word_1_73' title='bbox 425 976 506 1002; x_wconf 86' lang='lat' dir='ltr'><strong>esse</strong></span> <span class='ocrx_word' id='word_1_74' title='bbox 517 975 705 1001; x_wconf 89' lang='lat' dir='ltr'><strong>annorum</strong></span> <span class='ocrx_word' id='word_1_75' title='bbox 723 962 955 1000; x_wconf 86' lang='lat' dir='ltr'><strong>vertentium</strong></span> <span class='ocrx_word' id='word_1_76' title='bbox 968 959 1362 1007; x_wconf 76' lang='lat' dir='ltr'>HCCCCLXXXIHI,</span> 
     </span>
     <span class='ocr_line' id='line_1_14' title="bbox 313 1019 1365 1073; baseline -0.002 -13"><span class='ocrx_word' id='word_1_77' title='bbox 313 1022 448 1061; x_wconf 82' lang='lat' dir='ltr'><strong>Aretes</strong></span> <span class='ocrx_word' id='word_1_78' title='bbox 469 1021 760 1073; x_wconf 87' lang='lat' dir='ltr'><strong>Dyrrhachinus</strong></span> <span class='ocrx_word' id='word_1_79' title='bbox 774 1019 911 1058; x_wconf 86' lang='lat' dir='ltr'><strong>VDLlI</strong></span> <span class='ocrx_word' id='word_1_80' title='bbox 925 1049 936 1071; x_wconf 89' lang='lat'>,</span> <span class='ocrx_word' id='word_1_81' title='bbox 954 1019 1172 1059; x_wconf 78' lang='lat' dir='ltr'><strong>Heraclitus</strong></span> <span class='ocrx_word' id='word_1_82' title='bbox 1192 1029 1228 1058; x_wconf 91' lang='lat' dir='ltr'><strong>et</strong></span> <span class='ocrx_word' id='word_1_83' title='bbox 1246 1019 1365 1058; x_wconf 90' lang='lat' dir='ltr'><strong>Linus</strong></span> 
     </span>
     <span class='ocr_line' id='line_1_15' title="bbox 312 1079 635 1132; baseline -0.015 -12"><span class='ocrx_word' id='word_1_84' title='bbox 312 1079 476 1120; x_wconf 78' lang='lat' dir='ltr'>XDCCC</span> <span class='ocrx_word' id='word_1_85' title='bbox 500 1079 595 1132; x_wconf 66' lang='grc'>(47).</span> <span class='ocrx_word' id='word_1_86' title='bbox 618 1098 635 1114; x_wconf 69' lang='grc' dir='ltr'>υ</span> 
     </span>
    </p>
   </div>
   <div class='ocr_carea' id='block_1_4' title="bbox 312 1188 1366 2032">
    <p class='ocr_par' dir='ltr' id='par_1_4' title="bbox 312 1188 1366 1654">
     <span class='ocr_line' id='line_1_16' title="bbox 314 1188 1363 1231; baseline -0.003 -8"><span class='ocrx_word' id='word_1_87' title='bbox 314 1189 441 1230; x_wconf 78' lang='lat' dir='ltr'><strong>attingit</strong></span> <span class='ocrx_word' id='word_1_88' title='bbox 455 1189 570 1231; x_wconf 83' lang='lat' dir='ltr'><strong>quarto</strong></span> <span class='ocrx_word' id='word_1_89' title='bbox 587 1191 619 1221; x_wconf 83' lang='lat' dir='ltr'><strong>et</strong></span> <span class='ocrx_word' id='word_1_90' title='bbox 635 1188 760 1221; x_wconf 86' lang='lat' dir='ltr'><strong>decimo</strong></span> <span class='ocrx_word' id='word_1_91' title='bbox 778 1188 883 1221; x_wconf 73' lang='lat' dir='ltr'><strong>aetatis</strong></span> <span class='ocrx_word' id='word_1_92' title='bbox 899 1196 984 1221; x_wconf 87' lang='lat' dir='ltr'><strong>anno</strong></span> <span class='ocrx_word' id='word_1_93' title='bbox 1000 1198 1064 1230; x_wconf 84' lang='lat' dir='ltr'><strong>quo</strong></span> <span class='ocrx_word' id='word_1_94' title='bbox 1075 1188 1232 1221; x_wconf 81' lang='lat' dir='ltr'><strong>seminare</strong></span> <span class='ocrx_word' id='word_1_95' title='bbox 1246 1189 1363 1229; x_wconf 84' lang='lat' dir='ltr'><strong>potest,</strong></span> 
     </span>
     <span class='ocr_line' id='line_1_17' title="bbox 313 1236 1366 1277; baseline -0.003 -6"><span class='ocrx_word' id='word_1_96' title='bbox 313 1245 423 1271; x_wconf 80' lang='lat' dir='ltr'><strong>semen</strong></span> <span class='ocrx_word' id='word_1_97' title='bbox 450 1240 559 1270; x_wconf 80' lang='lat' dir='ltr'><strong>autem</strong></span> <span class='ocrx_word' id='word_1_98' title='bbox 584 1237 654 1277; x_wconf 81' lang='lat' dir='ltr'><strong>eius</strong></span> <span class='ocrx_word' id='word_1_99' title='bbox 683 1236 766 1269; x_wconf 85' lang='lat' dir='ltr'><strong>inter</strong></span> <span class='ocrx_word' id='word_1_100' title='bbox 786 1244 906 1268; x_wconf 84' lang='lat' dir='ltr'><strong>annum</strong></span> <span class='ocrx_word' id='word_1_101' title='bbox 937 1237 1120 1268; x_wconf 74' lang='lat' dir='ltr'><strong>confectum</strong></span> <span class='ocrx_word' id='word_1_102' title='bbox 1149 1236 1266 1268; x_wconf 75' lang='lat' dir='ltr'><strong>iterum</strong></span> <span class='ocrx_word' id='word_1_103' title='bbox 1293 1237 1366 1277; x_wconf 84' lang='lat' dir='ltr'><strong>post</strong></span> 
     </span>
     <span class='ocr_line' id='line_1_18' title="bbox 312 1283 1363 1326; baseline 0 -10"><span class='ocrx_word' id='word_1_104' title='bbox 312 1292 432 1317; x_wconf 87' lang='lat' dir='ltr'><strong>annum</strong></span> <span class='ocrx_word' id='word_1_105' title='bbox 452 1283 524 1326; x_wconf 84' lang='lat' dir='ltr'><strong>(sic)</strong></span> <span class='ocrx_word' id='word_1_106' title='bbox 548 1283 731 1324; x_wconf 84' lang='lat' dir='ltr'><strong>quindecim</strong></span> <span class='ocrx_word' id='word_1_107' title='bbox 749 1284 877 1324; x_wconf 82' lang='lat' dir='ltr'><strong>generat</strong></span> <span class='ocrx_word' id='word_1_108' title='bbox 892 1283 1027 1316; x_wconf 82' lang='lat' dir='ltr'><strong>similem</strong></span> <span class='ocrx_word' id='word_1_109' title='bbox 1044 1283 1114 1317; x_wconf 86' lang='lat' dir='ltr'><strong>sibi.</strong></span> <span class='ocrx_word' id='word_1_110' title='bbox 1131 1285 1178 1316; x_wconf 84' lang='lat' dir='ltr'><strong>Ex</strong></span> <span class='ocrx_word' id='word_1_111' title='bbox 1195 1284 1242 1316; x_wconf 75' lang='lat' dir='ltr'><strong>his</strong></span> <span class='ocrx_word' id='word_1_112' title='bbox 1256 1287 1363 1316; x_wconf 86' lang='lat' dir='ltr'><strong>autem</strong></span> 
     </span>
     <span class='ocr_line' id='line_1_19' title="bbox 312 1329 1366 1371; baseline 0 -8"><span class='ocrx_word' id='word_1_113' title='bbox 312 1329 496 1363; x_wconf 79' lang='lat' dir='ltr'><strong>nominibus</strong></span> <span class='ocrx_word' id='word_1_114' title='bbox 524 1338 658 1362; x_wconf 85' lang='lat' dir='ltr'><strong>avorum</strong></span> <span class='ocrx_word' id='word_1_115' title='bbox 671 1353 681 1370; x_wconf 85' lang='lat'>‚</span> <span class='ocrx_word' id='word_1_116' title='bbox 702 1333 850 1371; x_wconf 81' lang='lat' dir='ltr'><strong>patrum,</strong></span> <span class='ocrx_word' id='word_1_117' title='bbox 867 1329 1002 1362; x_wconf 78' lang='lat' dir='ltr'><strong>liliorum</strong></span> <span class='ocrx_word' id='word_1_118' title='bbox 1015 1355 1024 1370; x_wconf 95' lang='lat'>‚</span> <span class='ocrx_word' id='word_1_119' title='bbox 1052 1333 1202 1362; x_wconf 85' lang='lat' dir='ltr'><strong>natorum</strong></span> <span class='ocrx_word' id='word_1_120' title='bbox 1227 1331 1310 1363; x_wconf 85' lang='lat' dir='ltr'><strong>sicut</strong></span> <span class='ocrx_word' id='word_1_121' title='bbox 1333 1332 1366 1363; x_wconf 81' lang='lat' dir='ltr'><strong>et</strong></span> 
     </span>
     <span class='ocr_line' id='line_1_20' title="bbox 314 1376 1366 1419; baseline 0.001 -10"><span class='ocrx_word' id='word_1_122' title='bbox 314 1377 475 1417; x_wconf 78' lang='lat' dir='ltr'><strong>matrum,</strong></span> <span class='ocrx_word' id='word_1_123' title='bbox 498 1376 637 1409; x_wconf 79' lang='lat' dir='ltr'><strong>tiliarum</strong></span> <span class='ocrx_word' id='word_1_124' title='bbox 654 1376 856 1418; x_wconf 83' lang='lat' dir='ltr'><strong>filiarumque</strong></span> <span class='ocrx_word' id='word_1_125' title='bbox 876 1376 1018 1418; x_wconf 83' lang='lat' dir='ltr'><strong>prolibus</strong></span> <span class='ocrx_word' id='word_1_126' title='bbox 1031 1377 1189 1418; x_wconf 73' lang='lat' dir='ltr'><strong>completa</strong></span> <span class='ocrx_word' id='word_1_127' title='bbox 1202 1377 1366 1419; x_wconf 75' lang='lat' dir='ltr'><strong>perficitur</strong></span> 
     </span>
     <span class='ocr_line' id='line_1_21' title="bbox 312 1423 1365 1466; baseline 0.002 -10"><span class='ocrx_word' id='word_1_128' title='bbox 312 1424 486 1464; x_wconf 73' lang='lat' dir='ltr'><strong>generatio.</strong></span> <span class='ocrx_word' id='word_1_129' title='bbox 501 1436 519 1453; x_wconf 74' lang='grc' dir='ltr'>ι</span> <span class='ocrx_word' id='word_1_130' title='bbox 536 1424 677 1456; x_wconf 83' lang='lat' dir='ltr'><strong>Eundem</strong></span> <span class='ocrx_word' id='word_1_131' title='bbox 699 1423 840 1456; x_wconf 81' lang='lat' dir='ltr'><strong>Philonis</strong></span> <span class='ocrx_word' id='word_1_132' title='bbox 853 1424 958 1456; x_wconf 87' lang='lat' dir='ltr'><strong>locum</strong></span> <span class='ocrx_word' id='word_1_133' title='bbox 973 1425 1165 1466; x_wconf 69' lang='lat' dir='ltr'><strong>negligenter</strong></span> <span class='ocrx_word' id='word_1_134' title='bbox 1178 1427 1365 1466; x_wconf 86' lang='lat' dir='ltr'><strong>excerptum</strong></span> 
     </span>
     <span class='ocr_line' id='line_1_22' title="bbox 314 1470 1361 1513; baseline 0.002 -10"><span class='ocrx_word' id='word_1_135' title='bbox 314 1470 450 1512; x_wconf 83' lang='lat' dir='ltr'><strong>legimus</strong></span> <span class='ocrx_word' id='word_1_136' title='bbox 472 1471 556 1512; x_wconf 85' lang='lat' dir='ltr'><strong>apud</strong></span> <span class='ocrx_word' id='word_1_137' title='bbox 587 1473 730 1504; x_wconf 78' lang='lat' dir='ltr'><strong>Cramer.</strong></span> <span class='ocrx_word' id='word_1_138' title='bbox 756 1471 878 1504; x_wconf 77' lang='lat' dir='ltr'><strong>Anecd.</strong></span> <span class='ocrx_word' id='word_1_139' title='bbox 904 1473 1004 1504; x_wconf 85' lang='lat' dir='ltr'><strong>Paris.</strong></span> <span class='ocrx_word' id='word_1_140' title='bbox 1025 1474 1034 1504; x_wconf 96' lang='grc' dir='ltr'>Ι</span> <span class='ocrx_word' id='word_1_141' title='bbox 1053 1481 1085 1513; x_wconf 85' lang='lat' dir='ltr'><strong>p.</strong></span> <span class='ocrx_word' id='word_1_142' title='bbox 1112 1475 1172 1505; x_wconf 71' lang='lat'><strong>224</strong></span> <span class='ocrx_word' id='word_1_143' title='bbox 1189 1482 1197 1504; x_wconf 89' lang='lat'><strong>:</strong></span> <span class='ocrx_word' id='word_1_144' title='bbox 1216 1473 1288 1504; x_wconf 81' lang='grc' dir='ltr'>’Ότι</span> <span class='ocrx_word' id='word_1_145' title='bbox 1304 1474 1320 1505; x_wconf 84' lang='grc' dir='ltr'><strong>ὁ</strong></span> <span class='ocrx_word' id='word_1_146' title='bbox 1334 1473 1361 1507; x_wconf 83' lang='grc' dir='ltr'><strong>λ’</strong></span> 
     </span>
     <span class='ocr_line' id='line_1_23' title="bbox 314 1517 1366 1561; baseline 0.003 -12"><span class='ocrx_word' id='word_1_147' title='bbox 314 1517 439 1559; x_wconf 77' lang='grc' dir='ltr'>ἀριθμὸς</span> <span class='ocrx_word' id='word_1_148' title='bbox 453 1517 665 1560; x_wconf 81' lang='grc' dir='ltr'>φυσικώτατός</span> <span class='ocrx_word' id='word_1_149' title='bbox 682 1518 776 1550; x_wconf 81' lang='grc' dir='ltr'>ἐστιν.</span> <span class='ocrx_word' id='word_1_150' title='bbox 791 1517 832 1550; x_wconf 90' lang='grc' dir='ltr'>Ὃ</span> <span class='ocrx_word' id='word_1_151' title='bbox 851 1519 909 1560; x_wconf 84' lang='grc' dir='ltr'><strong>γὰρ</strong></span> <span class='ocrx_word' id='word_1_152' title='bbox 926 1519 957 1550; x_wconf 81' lang='grc' dir='ltr'><strong>ἐν</strong></span> <span class='ocrx_word' id='word_1_153' title='bbox 977 1519 1084 1560; x_wconf 86' lang='grc' dir='ltr'>μονάδι</span> <span class='ocrx_word' id='word_1_154' title='bbox 1104 1519 1204 1561; x_wconf 80' lang='grc' dir='ltr'>τριάς,</span> <span class='ocrx_word' id='word_1_155' title='bbox 1223 1522 1315 1552; x_wconf 69' lang='grc' dir='ltr'>τοῦτο</span> <span class='ocrx_word' id='word_1_156' title='bbox 1335 1520 1366 1552; x_wconf 83' lang='grc' dir='ltr'><strong>ἐν</strong></span> 
     </span>
     <span class='ocr_line' id='line_1_24' title="bbox 314 1563 1366 1606; baseline 0.001 -10"><span class='ocrx_word' id='word_1_157' title='bbox 314 1564 422 1597; x_wconf 86' lang='grc' dir='ltr'>δεκάσι</span> <span class='ocrx_word' id='word_1_158' title='bbox 439 1563 638 1606; x_wconf 75' lang='grc' dir='ltr'>τριακοντάς,</span> <span class='ocrx_word' id='word_1_159' title='bbox 660 1565 726 1597; x_wconf 77' lang='grc' dir='ltr'>ἐπεὶ</span> <span class='ocrx_word' id='word_1_160' title='bbox 746 1564 799 1596; x_wconf 77' lang='grc' dir='ltr'><strong>καὶ</strong></span> <span class='ocrx_word' id='word_1_161' title='bbox 819 1565 836 1596; x_wconf 85' lang='lat'>6</span> <span class='ocrx_word' id='word_1_162' title='bbox 855 1568 910 1597; x_wconf 83' lang='grc' dir='ltr'><strong>τοῦ</strong></span> <span class='ocrx_word' id='word_1_163' title='bbox 931 1566 1025 1606; x_wconf 65' lang='grc' dir='ltr'>μηνὸς</span> <span class='ocrx_word' id='word_1_164' title='bbox 1041 1565 1152 1603; x_wconf 76' lang='grc' dir='ltr'>κύκλος</span> <span class='ocrx_word' id='word_1_165' title='bbox 1178 1566 1366 1604; x_wconf 75' lang='grc' dir='ltr'>συνέστηκεν</span> 
     </span>
     <span class='ocr_line' id='line_1_25' title="bbox 314 1611 1364 1654; baseline 0.001 -10"><span class='ocrx_word' id='word_1_166' title='bbox 314 1611 350 1644; x_wconf 81' lang='grc' dir='ltr'>ἐκ</span> <span class='ocrx_word' id='word_1_167' title='bbox 372 1611 535 1654; x_wconf 73' lang='grc' dir='ltr'>τεσσάρων</span> <span class='ocrx_word' id='word_1_168' title='bbox 559 1615 622 1644; x_wconf 88' lang='grc' dir='ltr'><strong>τῶν</strong></span> <span class='ocrx_word' id='word_1_169' title='bbox 650 1612 713 1644; x_wconf 84' lang='grc' dir='ltr'><strong>ἀπὸ</strong></span> <span class='ocrx_word' id='word_1_170' title='bbox 735 1612 864 1653; x_wconf 74' lang='grc' dir='ltr'>μονάδος</span> <span class='ocrx_word' id='word_1_171' title='bbox 884 1613 950 1651; x_wconf 82' lang='grc' dir='ltr'>ἑξῆς</span> <span class='ocrx_word' id='word_1_172' title='bbox 968 1613 1166 1653; x_wconf 80' lang='grc' dir='ltr'>τετραγώνων</span> <span class='ocrx_word' id='word_1_173' title='bbox 1185 1612 1214 1645; x_wconf 88' lang='grc' dir='ltr'>α’</span> <span class='ocrx_word' id='word_1_174' title='bbox 1230 1613 1256 1645; x_wconf 82' lang='grc' dir='ltr'><strong>δ’</strong></span> <span class='ocrx_word' id='word_1_175' title='bbox 1273 1613 1297 1645; x_wconf 83' lang='grc' dir='ltr'><strong>θ’</strong></span> <span class='ocrx_word' id='word_1_176' title='bbox 1310 1613 1364 1652; x_wconf 82' lang='grc' dir='ltr'>ις’.</span> 
     </span>
    </p>

    <p class='ocr_par' dir='ltr' id='par_1_5' title="bbox 313 1657 1363 1700">
     <span class='ocr_line' id='line_1_26' title="bbox 313 1657 1363 1700; baseline 0.002 -11"><span class='ocrx_word' id='word_1_177' title='bbox 313 1657 382 1690; x_wconf 78' lang='grc' dir='ltr'>ὅθεν</span> <span class='ocrx_word' id='word_1_178' title='bbox 411 1659 470 1690; x_wconf 74' lang='grc' dir='ltr'><strong>οὐκ</strong></span> <span class='ocrx_word' id='word_1_179' title='bbox 497 1658 559 1690; x_wconf 76' lang='grc' dir='ltr'><strong>ἀπὸ</strong></span> <span class='ocrx_word' id='word_1_180' title='bbox 583 1661 706 1690; x_wconf 81' lang='grc' dir='ltr'>σκοποῦ</span> <span class='ocrx_word' id='word_1_181' title='bbox 733 1658 932 1699; x_wconf 76' lang='grc' dir='ltr'>Ἡράκλειτος</span> <span class='ocrx_word' id='word_1_182' title='bbox 950 1660 1057 1698; x_wconf 77' lang='grc' dir='ltr'>γενεὰν</span> <span class='ocrx_word' id='word_1_183' title='bbox 1080 1660 1133 1691; x_wconf 89' lang='grc' dir='ltr'><strong>τὸν</strong></span> <span class='ocrx_word' id='word_1_184' title='bbox 1159 1663 1242 1700; x_wconf 86' lang='grc' dir='ltr'>μῆνα</span> <span class='ocrx_word' id='word_1_185' title='bbox 1264 1661 1363 1692; x_wconf 70' lang='grc' dir='ltr'>καλεῖ.</span> 
     </span>
    </p>

    <p class='ocr_par' dir='ltr' id='par_1_6' title="bbox 314 1703 1364 1746">
     <span class='ocr_line' id='line_1_27' title="bbox 314 1703 1364 1746; baseline 0.004 -11"><span class='ocrx_word' id='word_1_186' title='bbox 314 1703 398 1742; x_wconf 88' lang='lat' dir='ltr'><strong>Quid</strong></span> <span class='ocrx_word' id='word_1_187' title='bbox 413 1703 465 1736; x_wconf 76' lang='lat' dir='ltr'><strong>liic</strong></span> <span class='ocrx_word' id='word_1_188' title='bbox 478 1704 702 1738; x_wconf 80' lang='lat' dir='ltr'><strong>emendatione</strong></span> <span class='ocrx_word' id='word_1_189' title='bbox 715 1706 823 1745; x_wconf 77' lang='lat' dir='ltr'><strong>egeat,</strong></span> <span class='ocrx_word' id='word_1_190' title='bbox 843 1714 988 1746; x_wconf 79' lang='lat' dir='ltr'><strong>quaerere</strong></span> <span class='ocrx_word' id='word_1_191' title='bbox 1007 1705 1083 1738; x_wconf 86' lang='lat' dir='ltr'><strong>mihi</strong></span> <span class='ocrx_word' id='word_1_192' title='bbox 1101 1715 1166 1738; x_wconf 92' lang='lat' dir='ltr'><strong>non</strong></span> <span class='ocrx_word' id='word_1_193' title='bbox 1183 1706 1272 1739; x_wconf 78' lang='lat' dir='ltr'><strong>libet.</strong></span> <span class='ocrx_word' id='word_1_194' title='bbox 1297 1709 1364 1740; x_wconf 87' lang='lat' dir='ltr'><strong>Me·</strong></span> 
     </span>
    </p>

    <p class='ocr_par' dir='ltr' id='par_1_7' title="bbox 312 1751 1365 2032">
     <span class='ocr_line' id='line_1_28' title="bbox 314 1751 1364 1795; baseline 0.005 -12"><span class='ocrx_word' id='word_1_195' title='bbox 314 1751 468 1784; x_wconf 87' lang='lat' dir='ltr'><strong>morabile</strong></span> <span class='ocrx_word' id='word_1_196' title='bbox 484 1753 516 1784; x_wconf 82' lang='lat' dir='ltr'><strong>et</strong></span> <span class='ocrx_word' id='word_1_197' title='bbox 527 1752 688 1785; x_wconf 79' lang='lat' dir='ltr'><strong>Plutarchi</strong></span> <span class='ocrx_word' id='word_1_198' title='bbox 706 1753 924 1786; x_wconf 80' lang='lat' dir='ltr'><strong>testimonium</strong></span> <span class='ocrx_word' id='word_1_199' title='bbox 938 1756 987 1786; x_wconf 82' lang='lat' dir='ltr'><strong>est</strong></span> <span class='ocrx_word' id='word_1_200' title='bbox 999 1753 1039 1786; x_wconf 86' lang='lat' dir='ltr'><strong>de</strong></span> <span class='ocrx_word' id='word_1_201' title='bbox 1048 1754 1173 1788; x_wconf 77' lang='lat' dir='ltr'><strong>Desect.</strong></span> <span class='ocrx_word' id='word_1_202' title='bbox 1190 1763 1275 1788; x_wconf 87' lang='lat' dir='ltr'><strong>orac.</strong></span> <span class='ocrx_word' id='word_1_203' title='bbox 1292 1764 1364 1795; x_wconf 76' lang='lat' dir='ltr'><strong>cap.</strong></span> 
     </span>
     <span class='ocr_line' id='line_1_29' title="bbox 316 1798 1365 1842; baseline 0.003 -12"><span class='ocrx_word' id='word_1_204' title='bbox 316 1800 366 1838; x_wconf 82' lang='lat'><strong>11,</strong></span> <span class='ocrx_word' id='word_1_205' title='bbox 385 1798 450 1831; x_wconf 87' lang='lat' dir='ltr'><strong>vol.</strong></span> <span class='ocrx_word' id='word_1_206' title='bbox 466 1800 510 1832; x_wconf 81' lang='lat' dir='ltr'><strong>tx</strong></span> <span class='ocrx_word' id='word_1_207' title='bbox 530 1807 561 1841; x_wconf 86' lang='lat' dir='ltr'><strong>p.</strong></span> <span class='ocrx_word' id='word_1_208' title='bbox 579 1802 640 1833; x_wconf 81' lang='lat'><strong>316</strong></span> <span class='ocrx_word' id='word_1_209' title='bbox 658 1813 666 1832; x_wconf 74' lang='grc' dir='ltr'><strong>ι</strong></span> <span class='ocrx_word' id='word_1_210' title='bbox 684 1800 763 1839; x_wconf 82' lang='grc' dir='ltr'><strong>Ἐτη</strong></span> <span class='ocrx_word' id='word_1_211' title='bbox 780 1801 947 1842; x_wconf 84' lang='grc' dir='ltr'>τριάκοντα</span> <span class='ocrx_word' id='word_1_212' title='bbox 964 1804 1089 1833; x_wconf 78' lang='grc' dir='ltr'>ποιοῦσι</span> <span class='ocrx_word' id='word_1_213' title='bbox 1105 1802 1160 1840; x_wconf 76' lang='grc' dir='ltr'><strong>τὴν</strong></span> <span class='ocrx_word' id='word_1_214' title='bbox 1176 1802 1282 1842; x_wconf 83' lang='grc' dir='ltr'>γενεὰν</span> <span class='ocrx_word' id='word_1_215' title='bbox 1295 1803 1365 1834; x_wconf 81' lang='grc' dir='ltr'>καθ’</span> 
     </span>
     <span class='ocr_line' id='line_1_30' title="bbox 314 1845 1365 1890; baseline 0.004 -13"><span class='ocrx_word' id='word_1_216' title='bbox 314 1845 525 1886; x_wconf 77' lang='grc' dir='ltr'>Ἡράκλειτον·</span> <span class='ocrx_word' id='word_1_217' title='bbox 541 1845 573 1878; x_wconf 84' lang='grc' dir='ltr'><strong>ἐν</strong></span> <span class='ocrx_word' id='word_1_218' title='bbox 587 1846 613 1888; x_wconf 84' lang='grc' dir='ltr'>ᾧ</span> <span class='ocrx_word' id='word_1_219' title='bbox 626 1846 728 1889; x_wconf 75' lang='grc' dir='ltr'>χρόνῳ</span> <span class='ocrx_word' id='word_1_220' title='bbox 740 1849 896 1888; x_wconf 76' lang='grc' dir='ltr'>γεννῶντα</span> <span class='ocrx_word' id='word_1_221' title='bbox 908 1848 1036 1890; x_wconf 78' lang='grc' dir='ltr'>παρέχει</span> <span class='ocrx_word' id='word_1_222' title='bbox 1050 1849 1101 1881; x_wconf 86' lang='grc' dir='ltr'><strong>τὸν</strong></span> <span class='ocrx_word' id='word_1_223' title='bbox 1115 1849 1144 1886; x_wconf 81' lang='grc' dir='ltr'><strong>ἐξ</strong></span> <span class='ocrx_word' id='word_1_224' title='bbox 1155 1850 1250 1881; x_wconf 81' lang='grc' dir='ltr'>αὑτοῦ</span> <span class='ocrx_word' id='word_1_225' title='bbox 1262 1860 1365 1890; x_wconf 81' lang='grc' dir='ltr'>γεγεν-</span> 
     </span>
     <span class='ocr_line' id='line_1_31' title="bbox 313 1893 1364 1937; baseline 0.005 -14"><span class='ocrx_word' id='word_1_226' title='bbox 313 1893 443 1933; x_wconf 72' lang='grc' dir='ltr'>νημένον</span> <span class='ocrx_word' id='word_1_227' title='bbox 456 1893 474 1924; x_wconf 82' lang='grc' dir='ltr'><strong>ὁ</strong></span> <span class='ocrx_word' id='word_1_228' title='bbox 489 1893 650 1934; x_wconf 78' lang='grc' dir='ltr'>γεννήσας.</span> <span class='ocrx_word' id='word_1_229' title='bbox 670 1893 758 1927; x_wconf 80' lang='lat' dir='ltr'><strong>idem</strong></span> <span class='ocrx_word' id='word_1_230' title='bbox 777 1894 817 1927; x_wconf 85' lang='lat' dir='ltr'><strong>de</strong></span> <span class='ocrx_word' id='word_1_231' title='bbox 833 1895 915 1927; x_wconf 87' lang='lat' dir='ltr'><strong>Plac.</strong></span> <span class='ocrx_word' id='word_1_232' title='bbox 935 1895 1012 1936; x_wconf 79' lang='lat' dir='ltr'><strong>phil.</strong></span> <span class='ocrx_word' id='word_1_233' title='bbox 1027 1894 1083 1927; x_wconf 87' lang='lat' dir='ltr'><strong>lib.</strong></span> <span class='ocrx_word' id='word_1_234' title='bbox 1100 1897 1129 1928; x_wconf 87' lang='lat' dir='ltr'>V</span> <span class='ocrx_word' id='word_1_235' title='bbox 1146 1905 1216 1937; x_wconf 84' lang='lat' dir='ltr'><strong>cap.</strong></span> <span class='ocrx_word' id='word_1_236' title='bbox 1239 1899 1276 1928; x_wconf 81' lang='grc'><strong>24</strong></span> <span class='ocrx_word' id='word_1_237' title='bbox 1297 1897 1341 1928; x_wconf 87' lang='lat' dir='ltr'><strong>ait</strong></span> <span class='ocrx_word' id='word_1_238' title='bbox 1356 1906 1364 1928; x_wconf 90' lang='lat'><strong>:</strong></span> 
     </span>
     <span class='ocr_line' id='line_1_32' title="bbox 312 1939 1365 1985; baseline 0.003 -13"><span class='ocrx_word' id='word_1_239' title='bbox 312 1939 510 1982; x_wconf 75' lang='grc' dir='ltr'>Ἡράκλειτος</span> <span class='ocrx_word' id='word_1_240' title='bbox 523 1942 576 1972; x_wconf 82' lang='grc' dir='ltr'><strong>καὶ</strong></span> <span class='ocrx_word' id='word_1_241' title='bbox 592 1943 621 1973; x_wconf 84' lang='grc' dir='ltr'>οἱ</span> <span class='ocrx_word' id='word_1_242' title='bbox 638 1942 769 1974; x_wconf 75' lang='grc' dir='ltr'>Στωϊκοὶ</span> <span class='ocrx_word' id='word_1_243' title='bbox 781 1941 930 1982; x_wconf 80' lang='grc' dir='ltr'>ἄρχεσθαι</span> <span class='ocrx_word' id='word_1_244' title='bbox 945 1942 1015 1979; x_wconf 84' lang='grc' dir='ltr'>τοὺς</span> <span class='ocrx_word' id='word_1_245' title='bbox 1027 1942 1206 1985; x_wconf 80' lang='grc' dir='ltr'>ἀνθρώπους</span> <span class='ocrx_word' id='word_1_246' title='bbox 1215 1943 1365 1982; x_wconf 84' lang='grc' dir='ltr'>τελειότη·</span> 
     </span>
     <span class='ocr_line' id='line_1_33' title="bbox 313 1986 1365 2032; baseline 0.007 -16"><span class='ocrx_word' id='word_1_247' title='bbox 313 1997 365 2024; x_wconf 72' lang='grc' dir='ltr'><strong>τος</strong></span> <span class='ocrx_word' id='word_1_248' title='bbox 382 1986 451 2027; x_wconf 81' lang='grc' dir='ltr'>περὶ</span> <span class='ocrx_word' id='word_1_249' title='bbox 470 1987 524 2026; x_wconf 88' lang='grc' dir='ltr'><strong>τήν</strong></span> <span class='ocrx_word' id='word_1_250' title='bbox 542 1987 684 2030; x_wconf 78' lang='grc' dir='ltr'>δευτέραν</span> <span class='ocrx_word' id='word_1_251' title='bbox 706 1988 881 2029; x_wconf 78' lang='grc' dir='ltr'>ἑὸδομάδα,</span> <span class='ocrx_word' id='word_1_252' title='bbox 900 1990 968 2030; x_wconf 86' lang='grc' dir='ltr'>περὶ</span> <span class='ocrx_word' id='word_1_253' title='bbox 989 1990 1027 2027; x_wconf 86' lang='grc' dir='ltr'><strong>ἣν</strong></span> <span class='ocrx_word' id='word_1_254' title='bbox 1048 1991 1065 2022; x_wconf 85' lang='grc' dir='ltr'><strong>ὁ</strong></span> <span class='ocrx_word' id='word_1_255' title='bbox 1080 1991 1288 2032; x_wconf 80' lang='grc' dir='ltr'>σπερματικὸς</span> <span class='ocrx_word' id='word_1_256' title='bbox 1302 1991 1365 2027; x_wconf 75' lang='grc' dir='ltr'>κρί-</span> 
     </span>
    </p>
   </div>
   <div class='ocr_carea' id='block_1_5' title="bbox 1400 1150 1561 1156">
    <p class='ocr_par' dir='ltr' id='par_1_8' title="bbox 1400 1150 1561 1156">
     <span class='ocr_line' id='line_1_34' title="bbox 1400 1150 1561 1156; baseline 0 0"><span class='ocrx_word' id='word_1_257' title='bbox 1400 1150 1561 1156; x_wconf 95' lang='lat' dir='ltr'><strong> </strong></span> 
     </span>
    </p>
   </div>
   <div class='ocr_carea' id='block_1_6' title="bbox 1179 282 1594 322">
    <p class='ocr_par' dir='ltr' id='par_1_9' title="bbox 1179 282 1594 322">
     <span class='ocr_line' id='line_1_35' title="bbox 1179 282 1594 322; baseline -0.002 0"><span class='ocrx_word' id='word_1_258' title='bbox 1179 283 1246 322; x_wconf 82' lang='lat' dir='ltr'><strong>DE</strong></span> <span class='ocrx_word' id='word_1_259' title='bbox 1281 282 1594 322; x_wconf 80' lang='lat' dir='ltr'>HERACLITO.</span> 
     </span>
    </p>
   </div>
   <div class='ocr_carea' id='block_1_7' title="bbox 1423 370 2481 957">
    <p class='ocr_par' dir='ltr' id='par_1_10' title="bbox 1423 370 2480 888">
     <span class='ocr_line' id='line_1_36' title="bbox 1477 370 2480 424; baseline 0.005 -14"><span class='ocrx_word' id='word_1_260' title='bbox 1477 372 1656 422; x_wconf 86' lang='lat' dir='ltr'><strong>Denique</strong></span> <span class='ocrx_word' id='word_1_261' title='bbox 1683 371 1723 410; x_wconf 91' lang='lat' dir='ltr'><strong>in</strong></span> <span class='ocrx_word' id='word_1_262' title='bbox 1753 370 1858 410; x_wconf 90' lang='lat' dir='ltr'><strong>libro</strong></span> <span class='ocrx_word' id='word_1_263' title='bbox 1890 385 2005 424; x_wconf 89' lang='lat' dir='ltr'><strong>quem</strong></span> <span class='ocrx_word' id='word_1_264' title='bbox 2038 372 2164 411; x_wconf 86' lang='lat' dir='ltr'><strong>edidit</strong></span> <span class='ocrx_word' id='word_1_265' title='bbox 2189 373 2407 414; x_wconf 81' lang='lat' dir='ltr'><strong>Heraclitus</strong></span> <span class='ocrx_word' id='word_1_266' title='bbox 2429 376 2480 415; x_wconf 79' lang='lat' dir='ltr'><strong>de</strong></span> 
     </span>
     <span class='ocr_line' id='line_1_37' title="bbox 1423 429 2475 487; baseline 0.006 -20"><span class='ocrx_word' id='word_1_267' title='bbox 1423 431 1633 468; x_wconf 87' lang='lat' dir='ltr'><strong>verborum</strong></span> <span class='ocrx_word' id='word_1_268' title='bbox 1656 429 1695 468; x_wconf 88' lang='lat' dir='ltr'><strong>vi</strong></span> <span class='ocrx_word' id='word_1_269' title='bbox 1716 442 1760 467; x_wconf 91' lang='lat' dir='ltr'><strong>ac</strong></span> <span class='ocrx_word' id='word_1_270' title='bbox 1783 438 1971 482; x_wconf 75' lang='lat' dir='ltr'><strong>potestate</strong></span> <span class='ocrx_word' id='word_1_271' title='bbox 1996 430 2127 470; x_wconf 88' lang='lat' dir='ltr'><strong>dedita</strong></span> <span class='ocrx_word' id='word_1_272' title='bbox 2147 444 2268 485; x_wconf 82' lang='lat' dir='ltr'><strong>opera</strong></span> <span class='ocrx_word' id='word_1_273' title='bbox 2299 432 2380 483; x_wconf 81' lang='lat' dir='ltr'><strong>egit</strong></span> <span class='ocrx_word' id='word_1_274' title='bbox 2410 432 2475 487; x_wconf 80' lang='lat' dir='ltr'><strong>(fr.</strong></span> 
     </span>
     <span class='ocr_line' id='line_1_38' title="bbox 1424 488 2479 545; baseline 0.005 -18"><span class='ocrx_word' id='word_1_275' title='bbox 1424 489 1501 539; x_wconf 86' lang='lat'>67).</span> <span class='ocrx_word' id='word_1_276' title='bbox 1517 488 1563 526; x_wconf 86' lang='lat' dir='ltr'><strong>Et</strong></span> <span class='ocrx_word' id='word_1_277' title='bbox 1583 488 1745 527; x_wconf 87' lang='lat' dir='ltr'><strong>Proclus</strong></span> <span class='ocrx_word' id='word_1_278' title='bbox 1761 488 1840 540; x_wconf 75' lang='lat'>(48)</span> <span class='ocrx_word' id='word_1_279' title='bbox 1857 489 2086 529; x_wconf 87' lang='lat' dir='ltr'><strong>dialecticen</strong></span> <span class='ocrx_word' id='word_1_280' title='bbox 2109 491 2293 530; x_wconf 77' lang='lat' dir='ltr'><strong>Eleaticis</strong></span> <span class='ocrx_word' id='word_1_281' title='bbox 2309 492 2364 530; x_wconf 83' lang='lat' dir='ltr'><strong>ita</strong></span> <span class='ocrx_word' id='word_1_282' title='bbox 2383 504 2479 545; x_wconf 87' lang='lat' dir='ltr'><strong>pro-</strong></span> 
     </span>
     <span class='ocr_line' id='line_1_39' title="bbox 1424 546 2478 602; baseline 0.007 -18"><span class='ocrx_word' id='word_1_283' title='bbox 1424 547 1548 599; x_wconf 86' lang='lat' dir='ltr'><strong>priam</strong></span> <span class='ocrx_word' id='word_1_284' title='bbox 1569 546 1688 586; x_wconf 84' lang='lat' dir='ltr'><strong>fuisse</strong></span> <span class='ocrx_word' id='word_1_285' title='bbox 1701 546 1806 594; x_wconf 89' lang='lat' dir='ltr'><strong>dicit,</strong></span> <span class='ocrx_word' id='word_1_286' title='bbox 1827 555 1870 586; x_wconf 89' lang='lat' dir='ltr'><strong>ut</strong></span> <span class='ocrx_word' id='word_1_287' title='bbox 1883 548 2187 589; x_wconf 81' lang='lat' dir='ltr'><strong>mathematicam</strong></span> <span class='ocrx_word' id='word_1_288' title='bbox 2205 550 2478 602; x_wconf 82' lang='lat' dir='ltr'><strong>Pythagoreis,</strong></span> 
     </span>
     <span class='ocr_line' id='line_1_40' title="bbox 1423 604 2480 656; baseline 0.007 -14"><span class='ocrx_word' id='word_1_289' title='bbox 1423 604 1700 656; x_wconf 84' lang='lat' dir='ltr'><strong>etymologiam</strong></span> <span class='ocrx_word' id='word_1_290' title='bbox 1725 605 1971 646; x_wconf 83' lang='lat' dir='ltr'><strong>Heracliteis.</strong></span> <span class='ocrx_word' id='word_1_291' title='bbox 2002 606 2102 647; x_wconf 81' lang='lat' dir='ltr'><strong>Risit</strong></span> <span class='ocrx_word' id='word_1_292' title='bbox 2122 609 2207 648; x_wconf 88' lang='lat' dir='ltr'><strong>sine</strong></span> <span class='ocrx_word' id='word_1_293' title='bbox 2227 608 2350 648; x_wconf 89' lang='lat' dir='ltr'><strong>dubio</strong></span> <span class='ocrx_word' id='word_1_294' title='bbox 2368 608 2480 650; x_wconf 88' lang='lat' dir='ltr'><strong>Plato</strong></span> 
     </span>
     <span class='ocr_line' id='line_1_41' title="bbox 1425 664 2480 720; baseline 0.006 -18"><span class='ocrx_word' id='word_1_295' title='bbox 1425 665 1465 702; x_wconf 88' lang='lat' dir='ltr'><strong>in</strong></span> <span class='ocrx_word' id='word_1_296' title='bbox 1488 664 1646 715; x_wconf 87' lang='lat' dir='ltr'><strong>Cratylo</strong></span> <span class='ocrx_word' id='word_1_297' title='bbox 1667 664 1903 703; x_wconf 87' lang='lat' dir='ltr'><strong>Heraclitum</strong></span> <span class='ocrx_word' id='word_1_298' title='bbox 1921 664 1969 703; x_wconf 91' lang='lat' dir='ltr'><strong>de</strong></span> <span class='ocrx_word' id='word_1_299' title='bbox 1986 665 2129 706; x_wconf 86' lang='lat' dir='ltr'><strong>talibus</strong></span> <span class='ocrx_word' id='word_1_300' title='bbox 2145 666 2262 707; x_wconf 89' lang='lat' dir='ltr'><strong>rebus</strong></span> <span class='ocrx_word' id='word_1_301' title='bbox 2277 667 2480 720; x_wconf 75' lang='lat' dir='ltr'><strong>disputau-</strong></span> 
     </span>
     <span class='ocr_line' id='line_1_42' title="bbox 1425 723 2479 779; baseline 0.004 -17"><span class='ocrx_word' id='word_1_302' title='bbox 1425 732 1526 773; x_wconf 87' lang='lat' dir='ltr'><strong>tem‚</strong></span> <span class='ocrx_word' id='word_1_303' title='bbox 1566 723 1727 762; x_wconf 86' lang='lat' dir='ltr'><strong>fortasse</strong></span> <span class='ocrx_word' id='word_1_304' title='bbox 1756 723 1870 762; x_wconf 87' lang='lat' dir='ltr'><strong>etiam</strong></span> <span class='ocrx_word' id='word_1_305' title='bbox 1904 723 2171 765; x_wconf 84' lang='lat' dir='ltr'><strong>Democritum</strong></span> <span class='ocrx_word' id='word_1_306' title='bbox 2203 725 2308 779; x_wconf 74' lang='lat'>(49);</span> <span class='ocrx_word' id='word_1_307' title='bbox 2341 739 2479 766; x_wconf 85' lang='lat' dir='ltr'><strong>verum</strong></span> 
     </span>
     <span class='ocr_line' id='line_1_43' title="bbox 1424 782 2479 839; baseline 0.006 -19"><span class='ocrx_word' id='word_1_308' title='bbox 1424 796 1508 834; x_wconf 86' lang='lat' dir='ltr'><strong>quae</strong></span> <span class='ocrx_word' id='word_1_309' title='bbox 1539 782 1618 821; x_wconf 87' lang='lat' dir='ltr'><strong>sint</strong></span> <span class='ocrx_word' id='word_1_310' title='bbox 1648 782 1688 821; x_wconf 92' lang='lat' dir='ltr'><strong>in</strong></span> <span class='ocrx_word' id='word_1_311' title='bbox 1720 782 1795 821; x_wconf 90' lang='lat' dir='ltr'><strong>isto</strong></span> <span class='ocrx_word' id='word_1_312' title='bbox 1824 782 1980 834; x_wconf 86' lang='lat' dir='ltr'><strong>dialogo</strong></span> <span class='ocrx_word' id='word_1_313' title='bbox 2004 783 2189 825; x_wconf 82' lang='lat' dir='ltr'><strong>Heracliti</strong></span> <span class='ocrx_word' id='word_1_314' title='bbox 2219 795 2371 839; x_wconf 87' lang='lat' dir='ltr'><strong>partes,</strong></span> <span class='ocrx_word' id='word_1_315' title='bbox 2391 799 2479 839; x_wconf 73' lang='lat' dir='ltr'><strong>quoe</strong></span> 
     </span>
     <span class='ocr_line' id='line_1_44' title="bbox 1426 841 2111 888; baseline 0.007 -10"><span class='ocrx_word' id='word_1_316' title='bbox 1426 841 1663 888; x_wconf 83' lang='lat' dir='ltr'><strong>Democriti,</strong></span> <span class='ocrx_word' id='word_1_317' title='bbox 1686 854 1800 880; x_wconf 90' lang='lat' dir='ltr'><strong>nemo</strong></span> <span class='ocrx_word' id='word_1_318' title='bbox 1819 841 1937 880; x_wconf 85' lang='lat' dir='ltr'><strong>hodie</strong></span> <span class='ocrx_word' id='word_1_319' title='bbox 1954 842 2111 884; x_wconf 67' lang='lat' dir='ltr'><strong>dixerit.</strong></span> 
     </span>
    </p>

    <p class='ocr_par' dir='ltr' id='par_1_11' title="bbox 1478 899 2481 957">
     <span class='ocr_line' id='line_1_45' title="bbox 1478 899 2481 957; baseline 0.007 -20"><span class='ocrx_word' id='word_1_320' title='bbox 1478 899 1552 937; x_wconf 87' lang='lat' dir='ltr'><strong>Sed</strong></span> <span class='ocrx_word' id='word_1_321' title='bbox 1573 899 1651 938; x_wconf 85' lang='lat' dir='ltr'><strong>haec</strong></span> <span class='ocrx_word' id='word_1_322' title='bbox 1671 899 1869 939; x_wconf 88' lang='lat' dir='ltr'><strong>hactenus.</strong></span> <span class='ocrx_word' id='word_1_323' title='bbox 1890 900 1964 940; x_wconf 80' lang='lat' dir='ltr'><strong>Res</strong></span> <span class='ocrx_word' id='word_1_324' title='bbox 1983 910 2021 940; x_wconf 87' lang='lat' dir='ltr'><strong>et</strong></span> <span class='ocrx_word' id='word_1_325' title='bbox 2039 902 2193 942; x_wconf 90' lang='lat' dir='ltr'><strong>decreta</strong></span> <span class='ocrx_word' id='word_1_326' title='bbox 2211 902 2371 956; x_wconf 84' lang='lat' dir='ltr'><strong>Ephesii</strong></span> <span class='ocrx_word' id='word_1_327' title='bbox 2391 903 2481 957; x_wconf 84' lang='lat' dir='ltr'><strong>phi·</strong></span> 
     </span>
    </p>
   </div>
   <div class='ocr_carea' id='block_1_8' title="bbox 1425 958 2504 1012">
    <p class='ocr_par' dir='ltr' id='par_1_12' title="bbox 1425 958 2504 1012">
     <span class='ocr_line' id='line_1_46' title="bbox 1425 958 2504 1012; baseline 0.006 -16"><span class='ocrx_word' id='word_1_328' title='bbox 1425 958 1599 1010; x_wconf 88' lang='lat' dir='ltr'><strong>losophi‚</strong></span> <span class='ocrx_word' id='word_1_329' title='bbox 1618 967 1661 997; x_wconf 88' lang='lat' dir='ltr'><strong>ut</strong></span> <span class='ocrx_word' id='word_1_330' title='bbox 1694 972 1857 1011; x_wconf 75' lang='lat' dir='ltr'><strong>quaeque</strong></span> <span class='ocrx_word' id='word_1_331' title='bbox 1877 961 2065 999; x_wconf 69' lang='lat' dir='ltr'><strong>memoria</strong></span> <span class='ocrx_word' id='word_1_332' title='bbox 2092 960 2210 1012; x_wconf 82' lang='lat' dir='ltr'><strong>digna</strong></span> <span class='ocrx_word' id='word_1_333' title='bbox 2230 961 2479 1012; x_wconf 84' lang='lat' dir='ltr'><strong>videbantur,</strong></span> <span class='ocrx_word' id='word_1_334' title='bbox 2498 991 2504 996; x_wconf 76' lang='lat'>-</span> 
     </span>
    </p>
   </div>
   <div class='ocr_carea' id='block_1_9' title="bbox 1426 1018 2481 1075">
    <p class='ocr_par' dir='ltr' id='par_1_13' title="bbox 1426 1018 2481 1075">
     <span class='ocr_line' id='line_1_47' title="bbox 1426 1018 2481 1075; baseline 0.006 -19"><span class='ocrx_word' id='word_1_335' title='bbox 1426 1018 1591 1069; x_wconf 85' lang='lat' dir='ltr'><strong>carptim</strong></span> <span class='ocrx_word' id='word_1_336' title='bbox 1621 1019 1834 1071; x_wconf 87' lang='lat' dir='ltr'><strong>perscripsi</strong></span> <span class='ocrx_word' id='word_1_337' title='bbox 1858 1033 1867 1059; x_wconf 93' lang='lat'>:</span> <span class='ocrx_word' id='word_1_338' title='bbox 1893 1028 2029 1058; x_wconf 87' lang='lat' dir='ltr'><strong>caetera</strong></span> <span class='ocrx_word' id='word_1_339' title='bbox 2048 1032 2070 1058; x_wconf 92' lang='lat' dir='ltr'><strong>e</strong></span> <span class='ocrx_word' id='word_1_340' title='bbox 2091 1019 2316 1075; x_wconf 81' lang='lat' dir='ltr'><strong>fragmentis</strong></span> <span class='ocrx_word' id='word_1_341' title='bbox 2334 1034 2481 1073; x_wconf 78' lang='lat' dir='ltr'><strong>cogno-</strong></span> 
     </span>
    </p>
   </div>
   <div class='ocr_carea' id='block_1_10' title="bbox 1388 1085 1597 1128">
    <p class='ocr_par' dir='ltr' id='par_1_14' title="bbox 1388 1085 1597 1128">
     <span class='ocr_line' id='line_1_48' title="bbox 1388 1085 1597 1128; baseline 0.005 -12"><span class='ocrx_word' id='word_1_342' title='bbox 1388 1120 1393 1128; x_wconf 45' lang='lat'><em>,</em></span> <span class='ocrx_word' id='word_1_343' title='bbox 1427 1085 1597 1117; x_wconf 87' lang='lat' dir='ltr'><strong>scentur.</strong></span> 
     </span>
    </p>
   </div>
   <div class='ocr_carea' id='block_1_11' title="bbox 1423 1187 2486 1614">
    <p class='ocr_par' dir='ltr' id='par_1_15' title="bbox 1423 1187 2482 1276">
     <span class='ocr_line' id='line_1_49' title="bbox 1424 1187 2482 1233; baseline 0.007 -14"><span class='ocrx_word' id='word_1_344' title='bbox 1424 1199 1455 1220; x_wconf 89' lang='grc' dir='ltr'>νε</span> <span class='ocrx_word' id='word_1_345' title='bbox 1498 1199 1508 1220; x_wconf 88' lang='grc' dir='ltr'><strong>ι</strong></span> <span class='ocrx_word' id='word_1_346' title='bbox 1524 1187 1613 1231; x_wconf 85' lang='grc' dir='ltr'>ὀῤῥὸς</span> <span class='ocrx_word' id='word_1_347' title='bbox 1630 1211 1639 1220; x_wconf 93' lang='grc'><strong>.</strong></span> <span class='ocrx_word' id='word_1_348' title='bbox 1659 1211 1669 1221; x_wconf 89' lang='grc'><strong>.</strong></span> <span class='ocrx_word' id='word_1_349' title='bbox 1688 1211 1697 1220; x_wconf 89' lang='grc'><strong>.</strong></span> <span class='ocrx_word' id='word_1_350' title='bbox 1717 1211 1725 1219; x_wconf 94' lang='grc'><strong>.</strong></span> <span class='ocrx_word' id='word_1_351' title='bbox 1736 1189 1808 1230; x_wconf 83' lang='grc' dir='ltr'>περὶ</span> <span class='ocrx_word' id='word_1_352' title='bbox 1822 1188 1854 1220; x_wconf 78' lang='grc' dir='ltr'><strong>δὲ</strong></span> <span class='ocrx_word' id='word_1_353' title='bbox 1865 1188 1922 1227; x_wconf 82' lang='grc' dir='ltr'><strong>τὴν</strong></span> <span class='ocrx_word' id='word_1_354' title='bbox 1931 1189 2074 1230; x_wconf 78' lang='grc' dir='ltr'>δευτέραν</span> <span class='ocrx_word' id='word_1_355' title='bbox 2084 1190 2242 1230; x_wconf 74' lang='grc' dir='ltr'>ἐὸδομάδα</span> <span class='ocrx_word' id='word_1_356' title='bbox 2253 1190 2355 1223; x_wconf 76' lang='grc' dir='ltr'>ἔννοια</span> <span class='ocrx_word' id='word_1_357' title='bbox 2364 1191 2482 1233; x_wconf 82' lang='grc' dir='ltr'>γίνεται</span> 
     </span>
     <span class='ocr_line' id='line_1_50' title="bbox 1423 1199 2237 1276; baseline 0.002 -7"><span class='ocrx_word' id='word_1_358' title='bbox 1423 1199 1522 1269; x_wconf 49' lang='grc' dir='ltr'>κατλῗοῦ</span> <span class='ocrx_word' id='word_1_359' title='bbox 1534 1248 1568 1269; x_wconf 84' lang='grc' dir='ltr'><strong>τε</strong></span> <span class='ocrx_word' id='word_1_360' title='bbox 1583 1236 1635 1270; x_wconf 77' lang='grc' dir='ltr'><strong>καὶ</strong></span> <span class='ocrx_word' id='word_1_361' title='bbox 1648 1239 1750 1269; x_wconf 84' lang='grc' dir='ltr'>κακοῦ</span> <span class='ocrx_word' id='word_1_362' title='bbox 1765 1237 1819 1269; x_wconf 79' lang='grc' dir='ltr'><strong>καὶ</strong></span> <span class='ocrx_word' id='word_1_363' title='bbox 1832 1240 1887 1276; x_wconf 83' lang='grc' dir='ltr'>τῆς</span> <span class='ocrx_word' id='word_1_364' title='bbox 1902 1237 2104 1275; x_wconf 77' lang='grc' dir='ltr'>διδασκαλίας</span> <span class='ocrx_word' id='word_1_365' title='bbox 2122 1238 2237 1275; x_wconf 81' lang='grc' dir='ltr'>αὐτῶν.</span> 
     </span>
    </p>

    <p class='ocr_par' dir='ltr' id='par_1_16' title="bbox 1466 1282 2149 1326">
     <span class='ocr_line' id='line_1_51' title="bbox 1466 1282 2149 1326; baseline 0.004 -10"><span class='ocrx_word' id='word_1_366' title='bbox 1466 1282 1530 1324; x_wconf 84' lang='grc'>(46)</span> <span class='ocrx_word' id='word_1_367' title='bbox 1554 1284 1748 1317; x_wconf 83' lang='lat' dir='ltr'><strong>Censorinus</strong></span> <span class='ocrx_word' id='word_1_368' title='bbox 1764 1284 1805 1316; x_wconf 84' lang='lat' dir='ltr'><strong>de</strong></span> <span class='ocrx_word' id='word_1_369' title='bbox 1820 1284 1878 1317; x_wconf 87' lang='lat' dir='ltr'><strong>Die</strong></span> <span class='ocrx_word' id='word_1_370' title='bbox 1897 1285 1994 1317; x_wconf 70' lang='lat' dir='ltr'><strong>natali</strong></span> <span class='ocrx_word' id='word_1_371' title='bbox 2010 1294 2080 1326; x_wconf 81' lang='lat' dir='ltr'><strong>cap.</strong></span> <span class='ocrx_word' id='word_1_372' title='bbox 2100 1289 2149 1319; x_wconf 86' lang='lat'><strong>18.</strong></span> 
     </span>
    </p>

    <p class='ocr_par' dir='ltr' id='par_1_17' title="bbox 1423 1331 2485 1614">
     <span class='ocr_line' id='line_1_52' title="bbox 1466 1331 2483 1376; baseline 0.005 -13"><span class='ocrx_word' id='word_1_373' title='bbox 1466 1331 1533 1372; x_wconf 93' lang='grc'>(47)</span> <span class='ocrx_word' id='word_1_374' title='bbox 1558 1332 1750 1364; x_wconf 81' lang='lat' dir='ltr'><strong>Plutarchus</strong></span> <span class='ocrx_word' id='word_1_375' title='bbox 1776 1331 1817 1364; x_wconf 84' lang='lat' dir='ltr'><strong>de</strong></span> <span class='ocrx_word' id='word_1_376' title='bbox 1842 1331 1927 1365; x_wconf 78' lang='lat' dir='ltr'><strong>plac.</strong></span> <span class='ocrx_word' id='word_1_377' title='bbox 1955 1332 2034 1374; x_wconf 79' lang='lat' dir='ltr'><strong>phil.</strong></span> <span class='ocrx_word' id='word_1_378' title='bbox 2053 1333 2108 1366; x_wconf 82' lang='lat' dir='ltr'><strong>lib.</strong></span> <span class='ocrx_word' id='word_1_379' title='bbox 2124 1335 2157 1366; x_wconf 88' lang='lat'><strong>11</strong></span> <span class='ocrx_word' id='word_1_380' title='bbox 2178 1342 2246 1376; x_wconf 76' lang='lat' dir='ltr'><strong>cap.</strong></span> <span class='ocrx_word' id='word_1_381' title='bbox 2268 1337 2309 1367; x_wconf 74' lang='lat'><strong>32</strong></span> <span class='ocrx_word' id='word_1_382' title='bbox 2330 1346 2339 1367; x_wconf 77' lang='grc' dir='ltr'><strong>ι</strong></span> <span class='ocrx_word' id='word_1_383' title='bbox 2361 1334 2424 1368; x_wconf 84' lang='grc' dir='ltr'><strong>Τὸν</strong></span> <span class='ocrx_word' id='word_1_384' title='bbox 2449 1334 2483 1368; x_wconf 61' lang='grc' dir='ltr'><strong>δὲ</strong></span> 
     </span>
     <span class='ocr_line' id='line_1_53' title="bbox 1426 1379 2484 1422; baseline 0.006 -12"><span class='ocrx_word' id='word_1_385' title='bbox 1426 1379 1524 1420; x_wconf 85' lang='grc' dir='ltr'>μέγαν</span> <span class='ocrx_word' id='word_1_386' title='bbox 1551 1379 1690 1412; x_wconf 84' lang='grc' dir='ltr'>ἐνιαυτὸν</span> <span class='ocrx_word' id='word_1_387' title='bbox 1714 1380 1743 1411; x_wconf 78' lang='grc' dir='ltr'>οῖ</span> <span class='ocrx_word' id='word_1_388' title='bbox 1772 1379 1827 1420; x_wconf 85' lang='grc' dir='ltr'><strong>μὲν</strong></span> <span class='ocrx_word' id='word_1_389' title='bbox 1846 1379 1878 1412; x_wconf 85' lang='grc' dir='ltr'><strong>ἐν</strong></span> <span class='ocrx_word' id='word_1_390' title='bbox 1898 1383 1937 1420; x_wconf 79' lang='grc' dir='ltr'><strong>τῇ</strong></span> <span class='ocrx_word' id='word_1_391' title='bbox 1968 1379 2162 1422; x_wconf 79' lang='grc' dir='ltr'>ὀκταετηρίδι</span> <span class='ocrx_word' id='word_1_392' title='bbox 2184 1382 2337 1422; x_wconf 77' lang='grc' dir='ltr'>τίθενται,</span> <span class='ocrx_word' id='word_1_393' title='bbox 2353 1384 2383 1416; x_wconf 75' lang='lat' dir='ltr'><strong>oi</strong></span> <span class='ocrx_word' id='word_1_394' title='bbox 2405 1383 2437 1416; x_wconf 83' lang='grc' dir='ltr'><strong>δ’</strong></span> <span class='ocrx_word' id='word_1_395' title='bbox 2451 1383 2484 1416; x_wconf 71' lang='grc' dir='ltr'>ἐν</span> 
     </span>
     <span class='ocr_line' id='line_1_54' title="bbox 1424 1427 2481 1469; baseline 0.006 -11"><span class='ocrx_word' id='word_1_396' title='bbox 1424 1430 1464 1467; x_wconf 84' lang='grc' dir='ltr'><strong>τῇ</strong></span> <span class='ocrx_word' id='word_1_397' title='bbox 1486 1427 1840 1468; x_wconf 69' lang='grc' dir='ltr'>ἐννεακαιδεκαετηρίδι,</span> <span class='ocrx_word' id='word_1_398' title='bbox 1858 1430 1887 1460; x_wconf 77' lang='lat' dir='ltr'><strong>ot</strong></span> <span class='ocrx_word' id='word_1_399' title='bbox 1912 1428 1939 1460; x_wconf 90' lang='grc' dir='ltr'><strong>δ’</strong></span> <span class='ocrx_word' id='word_1_400' title='bbox 1961 1429 1992 1461; x_wconf 83' lang='grc' dir='ltr'><strong>ἐν</strong></span> <span class='ocrx_word' id='word_1_401' title='bbox 2016 1431 2080 1466; x_wconf 76' lang='grc' dir='ltr'>τοῖς</span> <span class='ocrx_word' id='word_1_402' title='bbox 2099 1430 2247 1469; x_wconf 79' lang='grc' dir='ltr'>ἑξήκοντα</span> <span class='ocrx_word' id='word_1_403' title='bbox 2264 1431 2332 1468; x_wconf 79' lang='grc' dir='ltr'>ἑνὸς</span> <span class='ocrx_word' id='word_1_404' title='bbox 2346 1431 2481 1464; x_wconf 79' lang='grc' dir='ltr'>δέουσιν.</span> 
     </span>
     <span class='ocr_line' id='line_1_55' title="bbox 1423 1473 2485 1519; baseline 0.006 -13"><span class='ocrx_word' id='word_1_405' title='bbox 1423 1473 1644 1516; x_wconf 78' lang='grc' dir='ltr'>Ἡράκλειτος,</span> <span class='ocrx_word' id='word_1_406' title='bbox 1661 1475 1697 1507; x_wconf 76' lang='grc' dir='ltr'>ἐκ</span> <span class='ocrx_word' id='word_1_407' title='bbox 1711 1473 1827 1514; x_wconf 84' lang='grc' dir='ltr'>μυρίων</span> <span class='ocrx_word' id='word_1_408' title='bbox 1841 1474 2083 1517; x_wconf 76' lang='grc' dir='ltr'>ὀκτακισχιλίων</span> <span class='ocrx_word' id='word_1_409' title='bbox 2100 1478 2252 1516; x_wconf 79' lang='grc' dir='ltr'>ἠ)ιακῶν.·</span> <span class='ocrx_word' id='word_1_410' title='bbox 2267 1478 2432 1519; x_wconf 77' lang='grc' dir='ltr'>Διογένης,</span> <span class='ocrx_word' id='word_1_411' title='bbox 2447 1479 2485 1511; x_wconf 68' lang='grc' dir='ltr'><strong>ἑτι</strong></span> 
     </span>
     <span class='ocr_line' id='line_1_56' title="bbox 1423 1521 2484 1566; baseline 0.007 -14"><span class='ocrx_word' id='word_1_412' title='bbox 1423 1521 1515 1553; x_wconf 84' lang='grc' dir='ltr'>πέντε</span> <span class='ocrx_word' id='word_1_413' title='bbox 1531 1522 1582 1553; x_wconf 75' lang='grc' dir='ltr'><strong>καὶ</strong></span> <span class='ocrx_word' id='word_1_414' title='bbox 1602 1522 1750 1559; x_wconf 75' lang='grc' dir='ltr'>ἑξήκοντα</span> <span class='ocrx_word' id='word_1_415' title='bbox 1769 1521 1822 1553; x_wconf 84' lang='grc' dir='ltr'><strong>καὶ</strong></span> <span class='ocrx_word' id='word_1_416' title='bbox 1842 1523 2030 1563; x_wconf 84' lang='grc' dir='ltr'>τριακοσίων</span> <span class='ocrx_word' id='word_1_417' title='bbox 2048 1523 2197 1557; x_wconf 77' lang='grc' dir='ltr'>ἐνιαυτῶν</span> <span class='ocrx_word' id='word_1_418' title='bbox 2211 1525 2382 1566; x_wconf 81' lang='grc' dir='ltr'>τοσούτων,</span> <span class='ocrx_word' id='word_1_419' title='bbox 2395 1525 2484 1559; x_wconf 73' lang='grc' dir='ltr'>ὅσων</span> 
     </span>
     <span class='ocr_line' id='line_1_57' title="bbox 1424 1567 2486 1614; baseline 0.006 -15"><span class='ocrx_word' id='word_1_420' title='bbox 1424 1569 1442 1600; x_wconf 81' lang='grc' dir='ltr'><strong>ὁ</strong></span> <span class='ocrx_word' id='word_1_421' title='bbox 1457 1568 1537 1599; x_wconf 83' lang='grc' dir='ltr'>κατὰ</span> <span class='ocrx_word' id='word_1_422' title='bbox 1548 1567 1747 1609; x_wconf 80' lang='grc' dir='ltr'>Ἡράκλειτον</span> <span class='ocrx_word' id='word_1_423' title='bbox 1763 1568 1911 1606; x_wconf 76' lang='grc' dir='ltr'>ἐνιαυτός.</span> <span class='ocrx_word' id='word_1_424' title='bbox 1927 1569 2020 1602; x_wconf 82' lang='lat' dir='ltr'><strong>Idem</strong></span> <span class='ocrx_word' id='word_1_425' title='bbox 2033 1569 2074 1604; x_wconf 80' lang='lat' dir='ltr'><strong>de</strong></span> <span class='ocrx_word' id='word_1_426' title='bbox 2082 1571 2217 1605; x_wconf 80' lang='lat' dir='ltr'><strong>Derecto</strong></span> <span class='ocrx_word' id='word_1_427' title='bbox 2231 1575 2486 1614; x_wconf 60' lang='lat' dir='ltr'><strong>ommam-19,</strong></span> 
     </span>
    </p>
   </div>
   <div class='ocr_carea' id='block_1_12' title="bbox 2193 1153 2459 1162">
    <p class='ocr_par' dir='ltr' id='par_1_18' title="bbox 2193 1153 2459 1162">
     <span class='ocr_line' id='line_1_58' title="bbox 2193 1153 2459 1162; baseline 0 2652"><span class='ocrx_word' id='word_1_428' title='bbox 2193 1153 2459 1162; x_wconf 95' lang='lat' dir='ltr'><strong> </strong></span> 
     </span>
    </p>
   </div>
   <div class='ocr_carea' id='block_1_13' title="bbox 1425 1597 2547 1661">
    <p class='ocr_par' dir='ltr' id='par_1_19' title="bbox 1425 1597 2547 1661">
     <span class='ocr_line' id='line_1_59' title="bbox 1425 1597 2547 1661; baseline 0.007 -15"><span class='ocrx_word' id='word_1_429' title='bbox 1425 1614 1489 1647; x_wconf 82' lang='lat' dir='ltr'><strong>vol.</strong></span> <span class='ocrx_word' id='word_1_430' title='bbox 1515 1616 1558 1646; x_wconf 86' lang='lat' dir='ltr'><strong>lx</strong></span> <span class='ocrx_word' id='word_1_431' title='bbox 1586 1624 1654 1657; x_wconf 81' lang='lat' dir='ltr'><strong>pag.</strong></span> <span class='ocrx_word' id='word_1_432' title='bbox 1674 1617 1761 1648; x_wconf 78' lang='lat'><strong>316:</strong></span> <span class='ocrx_word' id='word_1_433' title='bbox 1783 1617 1844 1649; x_wconf 82' lang='grc' dir='ltr'>Καὶ</span> <span class='ocrx_word' id='word_1_434' title='bbox 1866 1616 2132 1659; x_wconf 75' lang='grc' dir='ltr'>ὁΚλεόμὸροτος·</span> <span class='ocrx_word' id='word_1_435' title='bbox 2148 1618 2268 1652; x_wconf 79' lang='grc' dir='ltr'>Ἀκούω</span> <span class='ocrx_word' id='word_1_436' title='bbox 2291 1617 2378 1651; x_wconf 84' lang='grc' dir='ltr'>ταῦτ’</span> <span class='ocrx_word' id='word_1_437' title='bbox 2399 1597 2486 1661; x_wconf 66' lang='grc' dir='ltr'>(ἔφη)</span> <span class='ocrx_word' id='word_1_438' title='bbox 2542 1626 2547 1630; x_wconf 87' lang='grc'><em>”</em></span> 
     </span>
    </p>
   </div>
   <div class='ocr_carea' id='block_1_14' title="bbox 1423 1661 2485 2035">
    <p class='ocr_par' dir='ltr' id='par_1_20' title="bbox 1423 1661 2483 1752">
     <span class='ocr_line' id='line_1_60' title="bbox 1423 1661 2483 1708; baseline 0.006 -15"><span class='ocrx_word' id='word_1_439' title='bbox 1423 1662 1547 1693; x_wconf 71' lang='grc' dir='ltr'>ποὶλῶν</span> <span class='ocrx_word' id='word_1_440' title='bbox 1557 1661 1610 1693; x_wconf 86' lang='grc' dir='ltr'><strong>καὶ</strong></span> <span class='ocrx_word' id='word_1_441' title='bbox 1621 1662 1684 1704; x_wconf 85' lang='grc' dir='ltr'>ὁρω</span> <span class='ocrx_word' id='word_1_442' title='bbox 1695 1662 1750 1701; x_wconf 82' lang='grc' dir='ltr'><strong>τὴν</strong></span> <span class='ocrx_word' id='word_1_443' title='bbox 1761 1662 1900 1701; x_wconf 74' lang='grc' dir='ltr'>Στωϊκήν</span> <span class='ocrx_word' id='word_1_444' title='bbox 1910 1663 2098 1705; x_wconf 75' lang='grc' dir='ltr'>ἐκπύρωσιν,</span> <span class='ocrx_word' id='word_1_445' title='bbox 2108 1664 2267 1707; x_wconf 77' lang='grc' dir='ltr'>ὥσπερτὰ</span> <span class='ocrx_word' id='word_1_446' title='bbox 2275 1665 2483 1708; x_wconf 76' lang='grc' dir='ltr'>Ἡρακλείτου</span> 
     </span>
     <span class='ocr_line' id='line_1_61' title="bbox 1424 1709 2036 1752; baseline 0.003 -11.007"><span class='ocrx_word' id='word_1_447' title='bbox 1424 1710 1478 1741; x_wconf 86' lang='grc' dir='ltr'><strong>καὶ</strong></span> <span class='ocrx_word' id='word_1_448' title='bbox 1500 1709 1635 1751; x_wconf 66' lang='grc' dir='ltr'>Ορφέως</span> <span class='ocrx_word' id='word_1_449' title='bbox 1654 1710 1876 1752; x_wconf 78' lang='grc' dir='ltr'>ἐπινεμομένην</span> <span class='ocrx_word' id='word_1_450' title='bbox 1895 1709 1956 1748; x_wconf 85' lang='grc' dir='ltr'><strong>ἔπη</strong></span> <span class='ocrx_word' id='word_1_451' title='bbox 1969 1711 2036 1744; x_wconf 88' lang='grc' dir='ltr'>κτλ.</span> 
     </span>
    </p>

    <p class='ocr_par' dir='ltr' id='par_1_21' title="bbox 1425 1755 2485 1988">
     <span class='ocr_line' id='line_1_62' title="bbox 1469 1755 2485 1799; baseline 0.006 -12"><span class='ocrx_word' id='word_1_452' title='bbox 1469 1755 1535 1797; x_wconf 89' lang='grc'>(48)</span> <span class='ocrx_word' id='word_1_453' title='bbox 1561 1756 1696 1789; x_wconf 83' lang='lat' dir='ltr'><strong>Proclus</strong></span> <span class='ocrx_word' id='word_1_454' title='bbox 1721 1756 1752 1789; x_wconf 89' lang='lat' dir='ltr'><strong>in</strong></span> <span class='ocrx_word' id='word_1_455' title='bbox 1777 1757 1959 1789; x_wconf 83' lang='lat' dir='ltr'><strong>Parmenid.</strong></span> <span class='ocrx_word' id='word_1_456' title='bbox 1977 1759 2016 1790; x_wconf 89' lang='lat' dir='ltr'><strong>T.</strong></span> <span class='ocrx_word' id='word_1_457' title='bbox 2039 1759 2083 1791; x_wconf 87' lang='lat' dir='ltr'><strong>IV</strong></span> <span class='ocrx_word' id='word_1_458' title='bbox 2101 1767 2134 1799; x_wconf 85' lang='lat' dir='ltr'><strong>p.</strong></span> <span class='ocrx_word' id='word_1_459' title='bbox 2158 1761 2195 1792; x_wconf 81' lang='lat'><strong>12</strong></span> <span class='ocrx_word' id='word_1_460' title='bbox 2221 1771 2231 1791; x_wconf 75' lang='grc' dir='ltr'><strong>ι</strong></span> <span class='ocrx_word' id='word_1_461' title='bbox 2252 1759 2317 1799; x_wconf 77' lang='grc' dir='ltr'>Τὴν</span> <span class='ocrx_word' id='word_1_462' title='bbox 2334 1759 2485 1794; x_wconf 56' lang='lat' dir='ltr'><strong>etate-m·</strong></span> 
     </span>
     <span class='ocr_line' id='line_1_63' title="bbox 1425 1803 2484 1846; baseline 0.006 -11"><span class='ocrx_word' id='word_1_463' title='bbox 1425 1804 1483 1842; x_wconf 83' lang='grc' dir='ltr'><strong>κήν</strong></span> <span class='ocrx_word' id='word_1_464' title='bbox 1511 1826 1521 1836; x_wconf 92' lang='grc'><strong>.</strong></span> <span class='ocrx_word' id='word_1_465' title='bbox 1553 1826 1561 1835; x_wconf 96' lang='grc'><strong><em>.</em></strong></span> <span class='ocrx_word' id='word_1_466' title='bbox 1593 1827 1601 1835; x_wconf 91' lang='grc'><em>.</em></span> <span class='ocrx_word' id='word_1_467' title='bbox 1628 1828 1636 1836; x_wconf 96' lang='grc'><strong>.</strong></span> <span class='ocrx_word' id='word_1_468' title='bbox 1662 1827 1671 1836; x_wconf 93' lang='grc'><em>.</em></span> <span class='ocrx_word' id='word_1_469' title='bbox 1699 1828 1707 1837; x_wconf 93' lang='grc'><strong>.</strong></span> <span class='ocrx_word' id='word_1_470' title='bbox 1732 1804 1884 1846; x_wconf 84' lang='grc' dir='ltr'>ἐξαίρετον</span> <span class='ocrx_word' id='word_1_471' title='bbox 1911 1803 2010 1838; x_wconf 79' lang='grc' dir='ltr'>οὖσαν</span> <span class='ocrx_word' id='word_1_472' title='bbox 2034 1809 2090 1839; x_wconf 81' lang='grc' dir='ltr'><strong>τοῦ</strong></span> <span class='ocrx_word' id='word_1_473' title='bbox 2121 1807 2301 1840; x_wconf 79' lang='grc' dir='ltr'>Ἐλεατικοῦ</span> <span class='ocrx_word' id='word_1_474' title='bbox 2331 1807 2484 1841; x_wconf 75' lang='grc' dir='ltr'>διδασκα-</span> 
     </span>
     <span class='ocr_line' id='line_1_64' title="bbox 1425 1851 2484 1896; baseline 0.006 -14"><span class='ocrx_word' id='word_1_475' title='bbox 1425 1851 1525 1889; x_wconf 70' lang='grc' dir='ltr'>ὶείου,</span> <span class='ocrx_word' id='word_1_476' title='bbox 1546 1851 1685 1893; x_wconf 74' lang='grc' dir='ltr'>καθάπερ</span> <span class='ocrx_word' id='word_1_477' title='bbox 1713 1851 1789 1884; x_wconf 83' lang='grc' dir='ltr'>ἄλλο</span> <span class='ocrx_word' id='word_1_478' title='bbox 1814 1863 1844 1884; x_wconf 91' lang='grc' dir='ltr'><strong>τι</strong></span> <span class='ocrx_word' id='word_1_479' title='bbox 1869 1855 1925 1884; x_wconf 82' lang='grc' dir='ltr'><strong>τοῦ</strong></span> <span class='ocrx_word' id='word_1_480' title='bbox 1950 1853 2165 1896; x_wconf 78' lang='grc' dir='ltr'>Πυθαγορείου</span> <span class='ocrx_word' id='word_1_481' title='bbox 2190 1855 2346 1895; x_wconf 77' lang='grc' dir='ltr'>λέγωσιν,</span> <span class='ocrx_word' id='word_1_482' title='bbox 2367 1856 2410 1893; x_wconf 70' lang='grc' dir='ltr'><strong>ὥς</strong></span> <span class='ocrx_word' id='word_1_483' title='bbox 2429 1856 2484 1896; x_wconf 79' lang='grc' dir='ltr'><strong>τὴν</strong></span> 
     </span>
     <span class='ocr_line' id='line_1_65' title="bbox 1426 1897 2483 1944; baseline 0.006 -14"><span class='ocrx_word' id='word_1_484' title='bbox 1426 1898 1476 1930; x_wconf 79' lang='grc' dir='ltr'>διὰ</span> <span class='ocrx_word' id='word_1_485' title='bbox 1503 1901 1566 1930; x_wconf 86' lang='grc' dir='ltr'><strong>τῶν</strong></span> <span class='ocrx_word' id='word_1_486' title='bbox 1589 1897 1782 1940; x_wconf 79' lang='grc' dir='ltr'>μαθημάτων</span> <span class='ocrx_word' id='word_1_487' title='bbox 1800 1898 1941 1939; x_wconf 79' lang='grc' dir='ltr'>ἀγωγήν,</span> <span class='ocrx_word' id='word_1_488' title='bbox 1971 1899 2025 1931; x_wconf 82' lang='grc' dir='ltr'><strong>καὶ</strong></span> <span class='ocrx_word' id='word_1_489' title='bbox 2051 1899 2126 1933; x_wconf 75' lang='grc' dir='ltr'>ἄλλο</span> <span class='ocrx_word' id='word_1_490' title='bbox 2148 1904 2204 1934; x_wconf 84' lang='grc' dir='ltr'><strong>τοῦ</strong></span> <span class='ocrx_word' id='word_1_491' title='bbox 2224 1901 2483 1944; x_wconf 75' lang='grc' dir='ltr'>Ἡρακλειτείου,</span> 
     </span>
     <span class='ocr_line' id='line_1_66' title="bbox 1425 1945 2282 1988; baseline 0.002 -11"><span class='ocrx_word' id='word_1_492' title='bbox 1425 1945 1480 1984; x_wconf 84' lang='grc' dir='ltr'><strong>τὴν</strong></span> <span class='ocrx_word' id='word_1_493' title='bbox 1497 1945 1549 1977; x_wconf 81' lang='grc' dir='ltr'><strong>διὰ</strong></span> <span class='ocrx_word' id='word_1_494' title='bbox 1571 1948 1633 1977; x_wconf 85' lang='grc' dir='ltr'><strong>τῶν</strong></span> <span class='ocrx_word' id='word_1_495' title='bbox 1653 1945 1814 1986; x_wconf 83' lang='grc' dir='ltr'>ὀνομάτων</span> <span class='ocrx_word' id='word_1_496' title='bbox 1831 1946 1882 1978; x_wconf 82' lang='grc' dir='ltr'><strong>ἐπὶ</strong></span> <span class='ocrx_word' id='word_1_497' title='bbox 1898 1947 1954 1981; x_wconf 83' lang='grc' dir='ltr'><strong>τὴν</strong></span> <span class='ocrx_word' id='word_1_498' title='bbox 1970 1948 2033 1977; x_wconf 84' lang='grc' dir='ltr'><strong>τῶν</strong></span> <span class='ocrx_word' id='word_1_499' title='bbox 2049 1945 2147 1979; x_wconf 85' lang='grc' dir='ltr'>ὄντων</span> <span class='ocrx_word' id='word_1_500' title='bbox 2165 1950 2282 1988; x_wconf 85' lang='grc' dir='ltr'>γνῶσιν</span> 
     </span>
    </p>

    <p class='ocr_par' dir='ltr' id='par_1_22' title="bbox 1471 1992 2149 2035">
     <span class='ocr_line' id='line_1_67' title="bbox 1471 1992 2149 2035; baseline -0.001 -12"><span class='ocrx_word' id='word_1_501' title='bbox 1471 1993 1538 2030; x_wconf 87' lang='grc'>(49)</span> <span class='ocrx_word' id='word_1_502' title='bbox 1563 1992 1637 2025; x_wconf 88' lang='lat' dir='ltr'><strong>Vid.</strong></span> <span class='ocrx_word' id='word_1_503' title='bbox 1660 1993 1833 2026; x_wconf 86' lang='lat' dir='ltr'><strong>Democriti</strong></span> <span class='ocrx_word' id='word_1_504' title='bbox 1848 1993 1964 2029; x_wconf 72' lang='lat' dir='ltr'><strong>srattm.</strong></span> <span class='ocrx_word' id='word_1_505' title='bbox 1982 2001 2054 2035; x_wconf 60' lang='grc' dir='ltr'>ρος.</span> <span class='ocrx_word' id='word_1_506' title='bbox 2077 1997 2149 2026; x_wconf 81' lang='lat'><strong>109.</strong></span> 
     </span>
    </p>
   </div>
   <div class='ocr_carea' id='block_1_15' title="bbox 2556 0 2612 3814">
    <p class='ocr_par' dir='ltr' id='par_1_23' title="bbox 2556 0 2612 3814">
     <span class='ocr_line' id='line_1_68' title="bbox 2556 0 2612 3814; baseline 0 -85"><span class='ocrx_word' id='word_1_507' title='bbox 2556 0 2612 3814; x_wconf 95' lang='lat' dir='ltr'><strong>   </strong></span> 
     </span>
    </p>
   </div>
   <div class='ocr_carea' id='block_1_16' title="bbox 2570 3083 2596 3763">
    <p class='ocr_par' dir='ltr' id='par_1_24' title="bbox 2570 3083 2597 3763">
     <span class='ocr_line' id='line_1_69' title="bbox 2570 3083 2596 3763; textangle 90"><span class='ocrx_word' id='word_1_508' title='bbox 2570 3237 2596 3763; x_wconf 40' lang='lat' dir='ltr'><strong>‹fffxr&#39;ffxfflfflaffitffffiam-wm=</strong></span> <span class='ocrx_word' id='word_1_509' title='bbox 2575 3194 2580 3204; x_wconf 69' lang='grc'>’</span> <span class='ocrx_word' id='word_1_510' title='bbox 2578 3083 2580 3086; x_wconf 69' lang='grc'>’</span> 
     </span>
    </p>
   </div>
  </div>
 </body>
</html>
