<?xml version="1.0" encoding="UTF-8"?>
<!DOCTYPE html PUBLIC "-//W3C//DTD XHTML 1.0 Transitional//EN"
    "http://www.w3.org/TR/xhtml1/DTD/xhtml1-transitional.dtd">
<html xmlns="http://www.w3.org/1999/xhtml" xml:lang="en" lang="en">
 <head>
  <title>
</title>
<meta http-equiv="Content-Type" content="text/html;charset=utf-8" />
  <meta name='ocr-system' content='tesseract 3.04.00' />
  <meta name='ocr-capabilities' content='ocr_page ocr_carea ocr_par ocr_line ocrx_word'/>
</head>
<body>
  <div class='ocr_page' id='page_1' title='image "./fragmentaphiloso01mulluoft_0158.png"; bbox 0 0 2612 3814; ppageno 0'>
   <div class='ocr_carea' id='block_1_1' title="bbox 314 263 386 299">
    <p class='ocr_par' dir='ltr' id='par_1_1' title="bbox 314 263 386 299">
     <span class='ocr_line' id='line_1_1' title="bbox 314 263 386 299; baseline -0.028 0"><span class='ocrx_word' id='word_1_1' title='bbox 314 263 386 299; x_wconf 81' lang='grc'>118</span> 
     </span>
    </p>
   </div>
   <div class='ocr_carea' id='block_1_2' title="bbox 320 343 1335 637">
    <p class='ocr_par' dir='ltr' id='par_1_2' title="bbox 387 343 1246 398">
     <span class='ocr_line' id='line_1_2' title="bbox 387 343 1246 398; baseline 0.002 -16"><span class='ocrx_word' id='word_1_2' title='bbox 387 346 532 387; x_wconf 77' lang='grc' dir='ltr'>Πειθοῦς</span> <span class='ocrx_word' id='word_1_3' title='bbox 551 344 626 382; x_wconf 79' lang='grc' dir='ltr'>ἔστι</span> <span class='ocrx_word' id='word_1_4' title='bbox 647 344 806 388; x_wconf 78' lang='grc' dir='ltr'>κέλευθος</span> <span class='ocrx_word' id='word_1_5' title='bbox 820 375 829 392; x_wconf 89' lang='grc'><strong>,</strong></span> <span class='ocrx_word' id='word_1_6' title='bbox 850 343 995 392; x_wconf 78' lang='grc' dir='ltr'>ἀληθείη</span> <span class='ocrx_word' id='word_1_7' title='bbox 1015 344 1083 398; x_wconf 77' lang='grc' dir='ltr'>γὰρ</span> <span class='ocrx_word' id='word_1_8' title='bbox 1102 345 1246 393; x_wconf 79' lang='grc' dir='ltr'>ὀπηδεῖ·</span> 
     </span>
    </p>

    <p class='ocr_par' dir='ltr' id='par_1_3' title="bbox 381 396 1325 456">
     <span class='ocr_line' id='line_1_3' title="bbox 381 396 1325 456; baseline -0.001 -14"><span class='ocrx_word' id='word_1_9' title='bbox 381 407 402 451; x_wconf 84' lang='grc' dir='ltr'>ἡ</span> <span class='ocrx_word' id='word_1_10' title='bbox 424 405 468 451; x_wconf 87' lang='grc' dir='ltr'>δ’,</span> <span class='ocrx_word' id='word_1_11' title='bbox 489 406 534 447; x_wconf 83' lang='grc' dir='ltr'>ὡς</span> <span class='ocrx_word' id='word_1_12' title='bbox 552 404 614 442; x_wconf 82' lang='grc' dir='ltr'>οὐκ</span> <span class='ocrx_word' id='word_1_13' title='bbox 631 402 724 442; x_wconf 85' lang='grc' dir='ltr'>ἔστιν</span> <span class='ocrx_word' id='word_1_14' title='bbox 745 418 781 442; x_wconf 83' lang='grc' dir='ltr'>τε</span> <span class='ocrx_word' id='word_1_15' title='bbox 798 403 857 441; x_wconf 79' lang='grc' dir='ltr'>καὶ</span> <span class='ocrx_word' id='word_1_16' title='bbox 874 405 920 446; x_wconf 82' lang='grc' dir='ltr'>ὥς</span> <span class='ocrx_word' id='word_1_17' title='bbox 935 403 1049 456; x_wconf 78' lang='grc' dir='ltr'>χρεών</span> <span class='ocrx_word' id='word_1_18' title='bbox 1069 406 1142 443; x_wconf 76' lang='grc' dir='ltr'>ἔστι</span> <span class='ocrx_word' id='word_1_19' title='bbox 1159 403 1209 455; x_wconf 88' lang='grc' dir='ltr'>μὴ</span> <span class='ocrx_word' id='word_1_20' title='bbox 1226 396 1325 453; x_wconf 71' lang='grc' dir='ltr'>εἶναι,</span> 
     </span>
    </p>

    <p class='ocr_par' dir='ltr' id='par_1_4' title="bbox 379 462 1265 517">
     <span class='ocr_line' id='line_1_4' title="bbox 379 462 1265 517; baseline -0.002 -15"><span class='ocrx_word' id='word_1_21' title='bbox 379 463 443 510; x_wconf 78' lang='grc' dir='ltr'>τὴν</span> <span class='ocrx_word' id='word_1_22' title='bbox 460 463 502 511; x_wconf 86' lang='grc' dir='ltr'>δή</span> <span class='ocrx_word' id='word_1_23' title='bbox 520 478 572 502; x_wconf 80' lang='grc' dir='ltr'>τοι</span> <span class='ocrx_word' id='word_1_24' title='bbox 589 463 709 516; x_wconf 74' lang='grc' dir='ltr'>φράζω</span> <span class='ocrx_word' id='word_1_25' title='bbox 725 462 942 502; x_wconf 54' lang='lat' dir='ltr'>mmmm&amp;</span> <span class='ocrx_word' id='word_1_26' title='bbox 964 462 1074 513; x_wconf 77' lang='grc' dir='ltr'>ἔμμεν</span> <span class='ocrx_word' id='word_1_27' title='bbox 1095 462 1265 517; x_wconf 79' lang='grc' dir='ltr'>ἀταρπόν·</span> 
     </span>
    </p>

    <p class='ocr_par' dir='ltr' id='par_1_5' title="bbox 320 521 1335 637">
     <span class='ocr_line' id='line_1_5' title="bbox 380 521 1335 576; baseline -0.003 -14"><span class='ocrx_word' id='word_1_28' title='bbox 380 524 460 562; x_wconf 82' lang='grc' dir='ltr'>οὔτε</span> <span class='ocrx_word' id='word_1_29' title='bbox 479 523 546 575; x_wconf 76' lang='grc' dir='ltr'>γὰρ</span> <span class='ocrx_word' id='word_1_30' title='bbox 563 522 605 561; x_wconf 83' lang='grc' dir='ltr'>ἂν</span> <span class='ocrx_word' id='word_1_31' title='bbox 619 522 734 574; x_wconf 84' lang='grc' dir='ltr'>γνοίης</span> <span class='ocrx_word' id='word_1_32' title='bbox 754 522 845 573; x_wconf 82' lang='grc' dir='ltr'>τόγε</span> <span class='ocrx_word' id='word_1_33' title='bbox 861 522 910 573; x_wconf 84' lang='grc' dir='ltr'>μὴ</span> <span class='ocrx_word' id='word_1_34' title='bbox 927 523 995 569; x_wconf 84' lang='grc' dir='ltr'>ἓόν,</span> <span class='ocrx_word' id='word_1_35' title='bbox 1018 523 1068 573; x_wconf 79' lang='grc' dir='ltr'>(οὐ</span> <span class='ocrx_word' id='word_1_36' title='bbox 1086 522 1152 575; x_wconf 78' lang='grc' dir='ltr'>γὰρ</span> <span class='ocrx_word' id='word_1_37' title='bbox 1170 521 1335 576; x_wconf 46' lang='grc' dir='ltr'>ἐφικτόν)</span> 
     </span>
     <span class='ocr_line' id='line_1_6' title="bbox 320 574 1335 637; baseline -0.003 -16"><span class='ocrx_word' id='word_1_38' title='bbox 320 595 355 621; x_wconf 75' lang='grc'>40</span> <span class='ocrx_word' id='word_1_39' title='bbox 377 581 454 621; x_wconf 76' lang='grc' dir='ltr'>οὔτε</span> <span class='ocrx_word' id='word_1_40' title='bbox 472 582 636 637; x_wconf 75' lang='grc' dir='ltr'>φράσαις.</span> <span class='ocrx_word' id='word_1_41' title='bbox 654 582 705 621; x_wconf 83' lang='grc' dir='ltr'>Τὸ</span> <span class='ocrx_word' id='word_1_42' title='bbox 721 581 789 632; x_wconf 79' lang='grc' dir='ltr'>γὰρ</span> <span class='ocrx_word' id='word_1_43' title='bbox 804 580 888 621; x_wconf 76' lang='grc' dir='ltr'>αὐτὸ</span> <span class='ocrx_word' id='word_1_44' title='bbox 901 583 988 620; x_wconf 84' lang='grc' dir='ltr'>νοεῖν</span> <span class='ocrx_word' id='word_1_45' title='bbox 1004 581 1096 620; x_wconf 81' lang='grc' dir='ltr'>ἐστίν</span> <span class='ocrx_word' id='word_1_46' title='bbox 1110 597 1146 620; x_wconf 88' lang='grc' dir='ltr'>τε</span> <span class='ocrx_word' id='word_1_47' title='bbox 1162 582 1219 620; x_wconf 80' lang='grc' dir='ltr'>καὶ</span> <span class='ocrx_word' id='word_1_48' title='bbox 1237 574 1335 619; x_wconf 71' lang='grc' dir='ltr'>εἶναι.</span> 
     </span>
    </p>
   </div>
   <div class='ocr_carea' id='block_1_3' title="bbox 567 690 586 710">
    <p class='ocr_par' dir='ltr' id='par_1_6' title="bbox 567 690 586 710">
     <span class='ocr_line' id='line_1_7' title="bbox 567 690 586 710; baseline 0 -5"><span class='ocrx_word' id='word_1_49' title='bbox 567 690 586 710; x_wconf 63' lang='grc' dir='ltr'>η.</span> 
     </span>
    </p>
   </div>
   <div class='ocr_carea' id='block_1_4' title="bbox 378 756 1348 871">
    <p class='ocr_par' dir='ltr' id='par_1_7' title="bbox 378 756 1348 871">
     <span class='ocr_line' id='line_1_8' title="bbox 977 756 1348 808; baseline -0.003 -13"><span class='ocrx_word' id='word_1_50' title='bbox 977 757 1074 802; x_wconf 80' lang='grc' dir='ltr'>ξυνὸν</span> <span class='ocrx_word' id='word_1_51' title='bbox 1097 756 1135 796; x_wconf 80' lang='grc' dir='ltr'>δέ</span> <span class='ocrx_word' id='word_1_52' title='bbox 1155 757 1215 808; x_wconf 79' lang='grc' dir='ltr'>μοί</span> <span class='ocrx_word' id='word_1_53' title='bbox 1238 759 1348 807; x_wconf 79' lang='grc' dir='ltr'>ἔστιν,</span> 
     </span>
     <span class='ocr_line' id='line_1_9' title="bbox 378 810 1320 871; baseline -0.002 -14"><span class='ocrx_word' id='word_1_54' title='bbox 378 817 528 858; x_wconf 83' lang='grc' dir='ltr'>ὁππόθεν</span> <span class='ocrx_word' id='word_1_55' title='bbox 556 817 733 871; x_wconf 79' lang='grc' dir='ltr'>ἄρξωμαι,</span> <span class='ocrx_word' id='word_1_56' title='bbox 754 817 826 857; x_wconf 83' lang='grc' dir='ltr'>τόθι</span> <span class='ocrx_word' id='word_1_57' title='bbox 846 816 915 870; x_wconf 80' lang='grc' dir='ltr'>γὰρ</span> <span class='ocrx_word' id='word_1_58' title='bbox 939 817 1046 856; x_wconf 82' lang='grc' dir='ltr'>πάλιν</span> <span class='ocrx_word' id='word_1_59' title='bbox 1067 816 1189 867; x_wconf 75' lang='grc' dir='ltr'>ἵξομαι</span> <span class='ocrx_word' id='word_1_60' title='bbox 1209 810 1320 860; x_wconf 64' lang='grc' dir='ltr'>αὖθις.</span> 
     </span>
    </p>
   </div>
   <div class='ocr_carea' id='block_1_5' title="bbox 812 922 1082 939">
    <p class='ocr_par' dir='ltr' id='par_1_8' title="bbox 812 922 1082 939">
     <span class='ocr_line' id='line_1_10' title="bbox 812 922 1082 939; baseline 0 0"><span class='ocrx_word' id='word_1_61' title='bbox 812 922 828 939; x_wconf 57' lang='lat' dir='ltr'>st</span> <span class='ocrx_word' id='word_1_62' title='bbox 1065 923 1082 939; x_wconf 50' lang='lat' dir='ltr'>ff</span> 
     </span>
    </p>
   </div>
   <div class='ocr_carea' id='block_1_6' title="bbox 375 987 1348 1108">
    <p class='ocr_par' dir='ltr' id='par_1_9' title="bbox 375 987 1348 1108">
     <span class='ocr_line' id='line_1_11' title="bbox 379 987 1348 1047; baseline -0.005 -12"><span class='ocrx_word' id='word_1_63' title='bbox 379 994 457 1047; x_wconf 83' lang='grc' dir='ltr'>Χρὴ</span> <span class='ocrx_word' id='word_1_64' title='bbox 467 995 505 1034; x_wconf 83' lang='grc' dir='ltr'>τὸ</span> <span class='ocrx_word' id='word_1_65' title='bbox 515 994 627 1047; x_wconf 83' lang='grc' dir='ltr'>λέγειν</span> <span class='ocrx_word' id='word_1_66' title='bbox 642 1010 676 1033; x_wconf 76' lang='grc' dir='ltr'>τε</span> <span class='ocrx_word' id='word_1_67' title='bbox 685 1000 774 1033; x_wconf 87' lang='grc' dir='ltr'>νοεῖν</span> <span class='ocrx_word' id='word_1_68' title='bbox 787 996 817 1033; x_wconf 86' lang='grc' dir='ltr'>τ’</span> <span class='ocrx_word' id='word_1_69' title='bbox 832 995 886 1034; x_wconf 68' lang='grc' dir='ltr'>ε’ὶν</span> <span class='ocrx_word' id='word_1_70' title='bbox 900 994 1065 1045; x_wconf 87' lang='grc' dir='ltr'>ἔμμεναι,</span> <span class='ocrx_word' id='word_1_71' title='bbox 1078 993 1153 1033; x_wconf 83' lang='grc' dir='ltr'>ἔστι</span> <span class='ocrx_word' id='word_1_72' title='bbox 1164 993 1232 1046; x_wconf 87' lang='grc' dir='ltr'>γὰρ</span> <span class='ocrx_word' id='word_1_73' title='bbox 1247 987 1348 1041; x_wconf 73' lang='grc' dir='ltr'>εἶναι,</span> 
     </span>
     <span class='ocr_line' id='line_1_12' title="bbox 375 1047 1295 1108; baseline -0.001 -16"><span class='ocrx_word' id='word_1_74' title='bbox 375 1054 483 1105; x_wconf 81' lang='grc' dir='ltr'>μηδὲν</span> <span class='ocrx_word' id='word_1_75' title='bbox 503 1054 530 1092; x_wconf 78' lang='grc' dir='ltr'>δ’</span> <span class='ocrx_word' id='word_1_76' title='bbox 549 1055 609 1092; x_wconf 86' lang='grc' dir='ltr'>οὐκ</span> <span class='ocrx_word' id='word_1_77' title='bbox 629 1047 730 1092; x_wconf 65' lang='grc' dir='ltr'>εἶναι·</span> <span class='ocrx_word' id='word_1_78' title='bbox 751 1054 794 1092; x_wconf 79' lang='grc' dir='ltr'>τοί</span> <span class='ocrx_word' id='word_1_79' title='bbox 813 1056 845 1093; x_wconf 80' lang='grc' dir='ltr'>σ’</span> <span class='ocrx_word' id='word_1_80' title='bbox 863 1052 931 1106; x_wconf 84' lang='grc' dir='ltr'>ἐγὼ</span> <span class='ocrx_word' id='word_1_81' title='bbox 950 1055 1139 1108; x_wconf 75' lang='grc' dir='ltr'>φράζεσθαι</span> <span class='ocrx_word' id='word_1_82' title='bbox 1156 1053 1295 1106; x_wconf 86' lang='grc' dir='ltr'>ἄνωγα·</span> 
     </span>
    </p>
   </div>
   <div class='ocr_carea' id='block_1_7' title="bbox 288 1198 1349 2916">
    <p class='ocr_par' dir='ltr' id='par_1_10' title="bbox 294 1198 1348 1311">
     <span class='ocr_line' id='line_1_13' title="bbox 294 1198 1348 1250; baseline 0.001 -13"><span class='ocrx_word' id='word_1_83' title='bbox 294 1201 353 1237; x_wconf 88' lang='lat' dir='ltr'>vel</span> <span class='ocrx_word' id='word_1_84' title='bbox 379 1198 419 1237; x_wconf 84' lang='lat' dir='ltr'>rb</span> <span class='ocrx_word' id='word_1_85' title='bbox 450 1199 486 1238; x_wconf 83' lang='grc' dir='ltr'>ὄν</span> <span class='ocrx_word' id='word_1_86' title='bbox 506 1209 594 1250; x_wconf 90' lang='lat' dir='ltr'>post</span> <span class='ocrx_word' id='word_1_87' title='bbox 611 1200 717 1241; x_wconf 83' lang='grc' dir='ltr'>ἔστιν.</span> <span class='ocrx_word' id='word_1_88' title='bbox 742 1201 878 1239; x_wconf 87' lang='lat' dir='ltr'>Sensus</span> <span class='ocrx_word' id='word_1_89' title='bbox 895 1204 994 1239; x_wconf 89' lang='lat' dir='ltr'>enim</span> <span class='ocrx_word' id='word_1_90' title='bbox 1027 1210 1082 1239; x_wconf 86' lang='lat' dir='ltr'>est</span> <span class='ocrx_word' id='word_1_91' title='bbox 1104 1214 1113 1241; x_wconf 87' lang='lat'>:</span> <span class='ocrx_word' id='word_1_92' title='bbox 1143 1200 1197 1239; x_wconf 77' lang='grc' dir='ltr'>ὅτι</span> <span class='ocrx_word' id='word_1_93' title='bbox 1217 1200 1291 1239; x_wconf 84' lang='grc' dir='ltr'>ἔστι</span> <span class='ocrx_word' id='word_1_94' title='bbox 1309 1200 1348 1239; x_wconf 85' lang='grc' dir='ltr'>τὸ</span> 
     </span>
     <span class='ocr_line' id='line_1_14' title="bbox 295 1253 959 1311; baseline 0 -13"><span class='ocrx_word' id='word_1_95' title='bbox 295 1253 454 1299; x_wconf 69' lang='grc' dir='ltr'>εἶναικαὶ</span> <span class='ocrx_word' id='word_1_96' title='bbox 478 1259 529 1297; x_wconf 79' lang='grc' dir='ltr'>ὅτι</span> <span class='ocrx_word' id='word_1_97' title='bbox 545 1261 607 1298; x_wconf 83' lang='grc' dir='ltr'>οὐκ</span> <span class='ocrx_word' id='word_1_98' title='bbox 625 1258 699 1298; x_wconf 79' lang='grc' dir='ltr'>ἔστι</span> <span class='ocrx_word' id='word_1_99' title='bbox 722 1260 761 1298; x_wconf 89' lang='grc' dir='ltr'>τὸ</span> <span class='ocrx_word' id='word_1_100' title='bbox 784 1261 834 1311; x_wconf 82' lang='grc' dir='ltr'>μὴ</span> <span class='ocrx_word' id='word_1_101' title='bbox 859 1254 959 1299; x_wconf 73' lang='grc' dir='ltr'>εἶναι.</span> 
     </span>
    </p>

    <p class='ocr_par' dir='ltr' id='par_1_11' title="bbox 290 1318 1349 1664">
     <span class='ocr_line' id='line_1_15' title="bbox 347 1318 1347 1371; baseline -0.005 -14"><span class='ocrx_word' id='word_1_102' title='bbox 347 1322 391 1358; x_wconf 87' lang='lat' dir='ltr'>V.</span> <span class='ocrx_word' id='word_1_103' title='bbox 426 1318 565 1366; x_wconf 84' lang='grc'>35-37.</span> <span class='ocrx_word' id='word_1_104' title='bbox 598 1322 673 1357; x_wconf 89' lang='lat' dir='ltr'>Pro</span> <span class='ocrx_word' id='word_1_105' title='bbox 699 1321 721 1366; x_wconf 83' lang='grc' dir='ltr'>ἡ</span> <span class='ocrx_word' id='word_1_106' title='bbox 752 1319 894 1370; x_wconf 85' lang='grc' dir='ltr'>μὲν-ἡ</span> <span class='ocrx_word' id='word_1_107' title='bbox 913 1318 949 1358; x_wconf 85' lang='grc' dir='ltr'>δὲ</span> <span class='ocrx_word' id='word_1_108' title='bbox 975 1322 1077 1371; x_wconf 88' lang='lat' dir='ltr'>apud</span> <span class='ocrx_word' id='word_1_109' title='bbox 1108 1320 1347 1370; x_wconf 80' lang='lat' dir='ltr'>Simplicium</span> 
     </span>
     <span class='ocr_line' id='line_1_16' title="bbox 292 1376 1348 1431; baseline -0.001 -16"><span class='ocrx_word' id='word_1_110' title='bbox 292 1379 431 1428; x_wconf 82' lang='lat' dir='ltr'>legitur</span> <span class='ocrx_word' id='word_1_111' title='bbox 451 1377 674 1428; x_wconf 80' lang='grc' dir='ltr'>ἠμὲν-ἠδέ,</span> <span class='ocrx_word' id='word_1_112' title='bbox 695 1380 762 1416; x_wconf 90' lang='lat' dir='ltr'>sed</span> <span class='ocrx_word' id='word_1_113' title='bbox 784 1387 889 1416; x_wconf 92' lang='lat' dir='ltr'>reete</span> <span class='ocrx_word' id='word_1_114' title='bbox 912 1393 951 1417; x_wconf 90' lang='lat' dir='ltr'>se</span> <span class='ocrx_word' id='word_1_115' title='bbox 974 1381 1091 1418; x_wconf 84' lang='lat' dir='ltr'>habet</span> <span class='ocrx_word' id='word_1_116' title='bbox 1111 1383 1132 1427; x_wconf 83' lang='grc' dir='ltr'>ἠ</span> <span class='ocrx_word' id='word_1_117' title='bbox 1158 1379 1221 1431; x_wconf 84' lang='grc' dir='ltr'>μὲν</span> <span class='ocrx_word' id='word_1_118' title='bbox 1241 1376 1348 1428; x_wconf 92' lang='lat' dir='ltr'>quod</span> 
     </span>
     <span class='ocr_line' id='line_1_17' title="bbox 292 1435 1349 1491; baseline 0 -18"><span class='ocrx_word' id='word_1_119' title='bbox 292 1438 458 1487; x_wconf 86' lang='lat' dir='ltr'>pertinet</span> <span class='ocrx_word' id='word_1_120' title='bbox 486 1437 535 1474; x_wconf 89' lang='lat' dir='ltr'>ad</span> <span class='ocrx_word' id='word_1_121' title='bbox 569 1435 878 1482; x_wconf 54' lang='grc' dir='ltr'>ὁδοί-κέλευθος</span> <span class='ocrx_word' id='word_1_122' title='bbox 911 1446 954 1475; x_wconf 87' lang='lat' dir='ltr'>ut</span> <span class='ocrx_word' id='word_1_123' title='bbox 974 1452 1010 1478; x_wconf 91' lang='lat' dir='ltr'>v.</span> <span class='ocrx_word' id='word_1_124' title='bbox 1040 1440 1088 1478; x_wconf 85' lang='lat'>38</span> <span class='ocrx_word' id='word_1_125' title='bbox 1120 1437 1276 1491; x_wconf 78' lang='grc' dir='ltr'>ἀταρπός</span> <span class='ocrx_word' id='word_1_126' title='bbox 1311 1444 1349 1474; x_wconf 90' lang='lat' dir='ltr'>et</span> 
     </span>
     <span class='ocr_line' id='line_1_18' title="bbox 291 1493 1348 1546; baseline 0 -15"><span class='ocrx_word' id='word_1_127' title='bbox 291 1509 329 1534; x_wconf 88' lang='lat' dir='ltr'>v.</span> <span class='ocrx_word' id='word_1_128' title='bbox 347 1500 393 1542; x_wconf 78' lang='lat'>74</span> <span class='ocrx_word' id='word_1_129' title='bbox 411 1493 498 1541; x_wconf 84' lang='grc' dir='ltr'>ὁδός,</span> <span class='ocrx_word' id='word_1_130' title='bbox 517 1495 792 1545; x_wconf 77' lang='lat' dir='ltr'>significatione</span> <span class='ocrx_word' id='word_1_131' title='bbox 808 1497 1018 1533; x_wconf 88' lang='lat' dir='ltr'><strong>admodum</strong></span> <span class='ocrx_word' id='word_1_132' title='bbox 1038 1499 1175 1534; x_wconf 87' lang='lat' dir='ltr'>usitata</span> <span class='ocrx_word' id='word_1_133' title='bbox 1196 1510 1269 1546; x_wconf 88' lang='lat' dir='ltr'>pro</span> <span class='ocrx_word' id='word_1_134' title='bbox 1286 1497 1348 1532; x_wconf 86' lang='lat' dir='ltr'>via</span> 
     </span>
     <span class='ocr_line' id='line_1_19' title="bbox 291 1553 1347 1606; baseline 0 -16"><span class='ocrx_word' id='word_1_135' title='bbox 291 1561 330 1590; x_wconf 88' lang='lat' dir='ltr'>et</span> <span class='ocrx_word' id='word_1_136' title='bbox 343 1556 492 1591; x_wconf 84' lang='lat' dir='ltr'>ratione</span> <span class='ocrx_word' id='word_1_137' title='bbox 511 1555 571 1591; x_wconf 86' lang='lat' dir='ltr'>vel</span> <span class='ocrx_word' id='word_1_138' title='bbox 589 1555 846 1605; x_wconf 85' lang='lat' dir='ltr'>disputatione</span> <span class='ocrx_word' id='word_1_139' title='bbox 859 1564 1078 1606; x_wconf 87' lang='lat' dir='ltr'>usurpatur.</span> <span class='ocrx_word' id='word_1_140' title='bbox 1097 1578 1149 1584; x_wconf 94' lang='lat'>—</span> <span class='ocrx_word' id='word_1_141' title='bbox 1170 1557 1233 1593; x_wconf 86' lang='grc' dir='ltr'>οὐκ</span> <span class='ocrx_word' id='word_1_142' title='bbox 1254 1553 1347 1593; x_wconf 82' lang='grc' dir='ltr'>ἔστιν</span> 
     </span>
     <span class='ocr_line' id='line_1_20' title="bbox 290 1611 740 1664; baseline 0.002 -13"><span class='ocrx_word' id='word_1_143' title='bbox 290 1627 328 1651; x_wconf 88' lang='grc' dir='ltr'>τε</span> <span class='ocrx_word' id='word_1_144' title='bbox 347 1611 420 1663; x_wconf 80' lang='grc' dir='ltr'>καὶ)</span> <span class='ocrx_word' id='word_1_145' title='bbox 437 1614 593 1650; x_wconf 89' lang='lat' dir='ltr'>Proclus</span> <span class='ocrx_word' id='word_1_146' title='bbox 606 1628 645 1664; x_wconf 89' lang='grc' dir='ltr'>γε</span> <span class='ocrx_word' id='word_1_147' title='bbox 665 1613 740 1653; x_wconf 77' lang='grc' dir='ltr'>καί.</span> 
     </span>
    </p>

    <p class='ocr_par' dir='ltr' id='par_1_12' title="bbox 290 1671 1343 1782">
     <span class='ocr_line' id='line_1_21' title="bbox 341 1671 1343 1726; baseline 0.001 -15"><span class='ocrx_word' id='word_1_148' title='bbox 341 1675 387 1712; x_wconf 90' lang='lat' dir='ltr'>V.</span> <span class='ocrx_word' id='word_1_149' title='bbox 410 1672 474 1712; x_wconf 82' lang='grc'>38.</span> <span class='ocrx_word' id='word_1_150' title='bbox 493 1672 715 1712; x_wconf 84' lang='grc' dir='ltr'>παναπειθέα</span> <span class='ocrx_word' id='word_1_151' title='bbox 735 1671 860 1726; x_wconf 82' lang='grc' dir='ltr'>ἔμμεν)</span> <span class='ocrx_word' id='word_1_152' title='bbox 882 1676 1097 1725; x_wconf 87' lang='lat' dir='ltr'>Simplicius</span> <span class='ocrx_word' id='word_1_153' title='bbox 1113 1672 1343 1713; x_wconf 83' lang='grc' dir='ltr'>παναπευθέα</span> 
     </span>
     <span class='ocr_line' id='line_1_22' title="bbox 290 1730 453 1782; baseline 0.012 -13"><span class='ocrx_word' id='word_1_154' title='bbox 290 1730 453 1782; x_wconf 85' lang='grc' dir='ltr'>ἔμμεναι.</span> 
     </span>
    </p>

    <p class='ocr_par' dir='ltr' id='par_1_13' title="bbox 288 1788 1347 2141">
     <span class='ocr_line' id='line_1_23' title="bbox 340 1788 1347 1844; baseline 0.003 -16"><span class='ocrx_word' id='word_1_155' title='bbox 340 1793 387 1830; x_wconf 91' lang='lat' dir='ltr'>V.</span> <span class='ocrx_word' id='word_1_156' title='bbox 413 1791 475 1840; x_wconf 86' lang='lat'>39.</span> <span class='ocrx_word' id='word_1_157' title='bbox 501 1788 652 1844; x_wconf 76' lang='grc' dir='ltr'>ἐφικτόν)</span> <span class='ocrx_word' id='word_1_158' title='bbox 679 1793 737 1829; x_wconf 84' lang='lat' dir='ltr'>Ita</span> <span class='ocrx_word' id='word_1_159' title='bbox 763 1794 940 1843; x_wconf 79' lang='lat' dir='ltr'>Proclus3</span> <span class='ocrx_word' id='word_1_160' title='bbox 973 1794 1076 1843; x_wconf 87' lang='lat' dir='ltr'>apud</span> <span class='ocrx_word' id='word_1_161' title='bbox 1108 1795 1347 1844; x_wconf 87' lang='lat' dir='ltr'>Simplicium</span> 
     </span>
     <span class='ocr_line' id='line_1_24' title="bbox 290 1850 1345 1904; baseline 0.005 -17"><span class='ocrx_word' id='word_1_162' title='bbox 290 1852 481 1900; x_wconf 86' lang='lat' dir='ltr'>reperitur</span> <span class='ocrx_word' id='word_1_163' title='bbox 492 1850 652 1889; x_wconf 81' lang='grc' dir='ltr'>ἀνυστόν.</span> <span class='ocrx_word' id='word_1_164' title='bbox 671 1853 908 1890; x_wconf 85' lang='lat' dir='ltr'>Parmenidis</span> <span class='ocrx_word' id='word_1_165' title='bbox 923 1855 1044 1891; x_wconf 87' lang='lat' dir='ltr'>verba</span> <span class='ocrx_word' id='word_1_166' title='bbox 1062 1856 1217 1904; x_wconf 84' lang='lat' dir='ltr'>respicit</span> <span class='ocrx_word' id='word_1_167' title='bbox 1240 1855 1345 1893; x_wconf 79' lang='lat' dir='ltr'>Plato</span> 
     </span>
     <span class='ocr_line' id='line_1_25' title="bbox 291 1906 1346 1967; baseline 0.006 -21"><span class='ocrx_word' id='word_1_168' title='bbox 291 1911 407 1960; x_wconf 85' lang='lat' dir='ltr'>soph.</span> <span class='ocrx_word' id='word_1_169' title='bbox 431 1924 473 1961; x_wconf 92' lang='lat' dir='ltr'>p.</span> <span class='ocrx_word' id='word_1_170' title='bbox 498 1910 591 1961; x_wconf 77' lang='lat'>238,</span> <span class='ocrx_word' id='word_1_171' title='bbox 610 1912 638 1949; x_wconf 96' lang='lat' dir='ltr'>C</span> <span class='ocrx_word' id='word_1_172' title='bbox 659 1924 668 1948; x_wconf 73' lang='grc' dir='ltr'>ε</span> <span class='ocrx_word' id='word_1_173' title='bbox 698 1911 860 1955; x_wconf 81' lang='grc' dir='ltr'>Συννοεῖς</span> <span class='ocrx_word' id='word_1_174' title='bbox 880 1906 938 1951; x_wconf 73' lang='grc' dir='ltr'>οῧν</span> <span class='ocrx_word' id='word_1_175' title='bbox 960 1914 1006 1958; x_wconf 82' lang='grc' dir='ltr'>ὡς</span> <span class='ocrx_word' id='word_1_176' title='bbox 1034 1911 1114 1952; x_wconf 84' lang='grc' dir='ltr'>οὔτε</span> <span class='ocrx_word' id='word_1_177' title='bbox 1134 1913 1346 1967; x_wconf 76' lang='grc' dir='ltr'>φθέγξασθαι</span> 
     </span>
     <span class='ocr_line' id='line_1_26' title="bbox 290 1968 1346 2023; baseline 0.006 -17"><span class='ocrx_word' id='word_1_178' title='bbox 290 1968 434 2007; x_wconf 80' lang='grc' dir='ltr'>δυνατὸν</span> <span class='ocrx_word' id='word_1_179' title='bbox 454 1970 562 2021; x_wconf 82' lang='grc' dir='ltr'>ὀρθῶς</span> <span class='ocrx_word' id='word_1_180' title='bbox 588 1968 668 2008; x_wconf 82' lang='grc' dir='ltr'>οὔτε</span> <span class='ocrx_word' id='word_1_181' title='bbox 697 1971 807 2009; x_wconf 84' lang='grc' dir='ltr'>εἰπεῖν</span> <span class='ocrx_word' id='word_1_182' title='bbox 837 1970 916 2011; x_wconf 85' lang='grc' dir='ltr'>οὔτε</span> <span class='ocrx_word' id='word_1_183' title='bbox 934 1973 1158 2020; x_wconf 74' lang='grc' dir='ltr'>διανοηθῆναι</span> <span class='ocrx_word' id='word_1_184' title='bbox 1183 1973 1222 2011; x_wconf 84' lang='grc' dir='ltr'>τὸ</span> <span class='ocrx_word' id='word_1_185' title='bbox 1239 1974 1289 2023; x_wconf 83' lang='grc' dir='ltr'>μὴ</span> <span class='ocrx_word' id='word_1_186' title='bbox 1310 1972 1346 2013; x_wconf 82' lang='grc' dir='ltr'>ὂν</span> 
     </span>
     <span class='ocr_line' id='line_1_27' title="bbox 290 2027 1347 2087; baseline 0.006 -21"><span class='ocrx_word' id='word_1_187' title='bbox 290 2027 375 2067; x_wconf 79' lang='grc' dir='ltr'>αὐτὸ</span> <span class='ocrx_word' id='word_1_188' title='bbox 392 2029 470 2067; x_wconf 88' lang='grc' dir='ltr'>καθ’</span> <span class='ocrx_word' id='word_1_189' title='bbox 501 2027 600 2077; x_wconf 78' lang='grc' dir='ltr'>αὑτό,</span> <span class='ocrx_word' id='word_1_190' title='bbox 616 2030 695 2067; x_wconf 74' lang='grc' dir='ltr'>ἀλλ’</span> <span class='ocrx_word' id='word_1_191' title='bbox 713 2029 807 2068; x_wconf 83' lang='grc' dir='ltr'>ἔστιν</span> <span class='ocrx_word' id='word_1_192' title='bbox 831 2031 1038 2080; x_wconf 78' lang='grc' dir='ltr'>ἀδιανόητόν</span> <span class='ocrx_word' id='word_1_193' title='bbox 1065 2048 1101 2071; x_wconf 88' lang='grc' dir='ltr'>τε</span> <span class='ocrx_word' id='word_1_194' title='bbox 1118 2031 1178 2071; x_wconf 80' lang='grc' dir='ltr'>καὶ</span> <span class='ocrx_word' id='word_1_195' title='bbox 1196 2033 1347 2087; x_wconf 80' lang='grc' dir='ltr'>ἄῤῥητον</span> 
     </span>
     <span class='ocr_line' id='line_1_28' title="bbox 288 2086 796 2141; baseline 0.008 -16"><span class='ocrx_word' id='word_1_196' title='bbox 288 2086 348 2126; x_wconf 79' lang='grc' dir='ltr'>καὶ</span> <span class='ocrx_word' id='word_1_197' title='bbox 364 2086 556 2141; x_wconf 68' lang='grc' dir='ltr'>ἄφθεγκτον</span> <span class='ocrx_word' id='word_1_198' title='bbox 578 2089 638 2127; x_wconf 80' lang='grc' dir='ltr'>καὶ</span> <span class='ocrx_word' id='word_1_199' title='bbox 656 2088 796 2141; x_wconf 83' lang='grc' dir='ltr'>ἄλογον.</span> 
     </span>
    </p>

    <p class='ocr_par' dir='ltr' id='par_1_14' title="bbox 288 2144 1347 2916">
     <span class='ocr_line' id='line_1_29' title="bbox 343 2144 1346 2203; baseline 0.007 -18"><span class='ocrx_word' id='word_1_200' title='bbox 343 2149 389 2187; x_wconf 89' lang='lat' dir='ltr'>V.</span> <span class='ocrx_word' id='word_1_201' title='bbox 414 2153 476 2193; x_wconf 54' lang='grc' dir='ltr'>[νο.</span> <span class='ocrx_word' id='word_1_202' title='bbox 499 2147 539 2186; x_wconf 84' lang='grc' dir='ltr'>τὸ</span> <span class='ocrx_word' id='word_1_203' title='bbox 567 2148 636 2201; x_wconf 84' lang='grc' dir='ltr'>γὰρ</span> <span class='ocrx_word' id='word_1_204' title='bbox 660 2149 746 2187; x_wconf 77' lang='grc' dir='ltr'>αὐτὸ</span> <span class='ocrx_word' id='word_1_205' title='bbox 771 2156 860 2189; x_wconf 86' lang='grc' dir='ltr'>νοεῖν</span> <span class='ocrx_word' id='word_1_206' title='bbox 881 2150 975 2190; x_wconf 81' lang='grc' dir='ltr'>ἐστίν</span> <span class='ocrx_word' id='word_1_207' title='bbox 995 2167 1033 2190; x_wconf 85' lang='grc' dir='ltr'>τε</span> <span class='ocrx_word' id='word_1_208' title='bbox 1052 2151 1113 2190; x_wconf 74' lang='grc' dir='ltr'>καὶ</span> <span class='ocrx_word' id='word_1_209' title='bbox 1127 2144 1234 2203; x_wconf 71' lang='grc' dir='ltr'>εἶναι)</span> <span class='ocrx_word' id='word_1_210' title='bbox 1258 2153 1346 2192; x_wconf 82' lang='lat' dir='ltr'>Haec</span> 
     </span>
     <span class='ocr_line' id='line_1_30' title="bbox 291 2207 1346 2264; baseline 0.009 -21"><span class='ocrx_word' id='word_1_211' title='bbox 291 2207 407 2244; x_wconf 89' lang='lat' dir='ltr'>verba</span> <span class='ocrx_word' id='word_1_212' title='bbox 422 2208 632 2246; x_wconf 86' lang='lat' dir='ltr'>afferuntur</span> <span class='ocrx_word' id='word_1_213' title='bbox 647 2222 670 2246; x_wconf 88' lang='lat' dir='ltr'>a</span> <span class='ocrx_word' id='word_1_214' title='bbox 687 2211 840 2247; x_wconf 89' lang='lat' dir='ltr'>Plotino</span> <span class='ocrx_word' id='word_1_215' title='bbox 857 2213 1025 2251; x_wconf 88' lang='lat' dir='ltr'>Ennead.</span> <span class='ocrx_word' id='word_1_216' title='bbox 1043 2215 1092 2256; x_wconf 90' lang='lat' dir='ltr'>V,</span> <span class='ocrx_word' id='word_1_217' title='bbox 1120 2220 1152 2260; x_wconf 61' lang='grc' dir='ltr'>Γ,</span> <span class='ocrx_word' id='word_1_218' title='bbox 1177 2213 1199 2250; x_wconf 90' lang='grc'>8</span> <span class='ocrx_word' id='word_1_219' title='bbox 1215 2227 1252 2263; x_wconf 89' lang='lat' dir='ltr'>p.</span> <span class='ocrx_word' id='word_1_220' title='bbox 1270 2214 1346 2264; x_wconf 74' lang='lat'>489</span> 
     </span>
     <span class='ocr_line' id='line_1_31' title="bbox 291 2265 1343 2319; baseline 0.009 -19"><span class='ocrx_word' id='word_1_221' title='bbox 291 2271 329 2301; x_wconf 87' lang='lat' dir='ltr'>et</span> <span class='ocrx_word' id='word_1_222' title='bbox 349 2265 540 2304; x_wconf 86' lang='lat' dir='ltr'>Clemente</span> <span class='ocrx_word' id='word_1_223' title='bbox 567 2268 676 2306; x_wconf 85' lang='lat' dir='ltr'>Alex.</span> <span class='ocrx_word' id='word_1_224' title='bbox 699 2269 842 2308; x_wconf 76' lang='lat' dir='ltr'>strom.</span> <span class='ocrx_word' id='word_1_225' title='bbox 861 2271 910 2308; x_wconf 91' lang='lat' dir='ltr'>Vl</span> <span class='ocrx_word' id='word_1_226' title='bbox 936 2283 977 2319; x_wconf 90' lang='lat' dir='ltr'>p.</span> <span class='ocrx_word' id='word_1_227' title='bbox 1007 2271 1100 2318; x_wconf 83' lang='lat'><strong>627,</strong></span> <span class='ocrx_word' id='word_1_228' title='bbox 1123 2273 1164 2310; x_wconf 91' lang='lat' dir='ltr'>B.</span> <span class='ocrx_word' id='word_1_229' title='bbox 1183 2273 1343 2309; x_wconf 86' lang='lat' dir='ltr'>Sensum</span> 
     </span>
     <span class='ocr_line' id='line_1_32' title="bbox 292 2323 1340 2379; baseline 0.01 -21"><span class='ocrx_word' id='word_1_230' title='bbox 292 2323 393 2359; x_wconf 84' lang='lat' dir='ltr'>hunc</span> <span class='ocrx_word' id='word_1_231' title='bbox 413 2335 490 2361; x_wconf 84' lang='lat' dir='ltr'>esse</span> <span class='ocrx_word' id='word_1_232' title='bbox 505 2332 612 2374; x_wconf 89' lang='lat' dir='ltr'>patet</span> <span class='ocrx_word' id='word_1_233' title='bbox 630 2338 639 2364; x_wconf 73' lang='grc' dir='ltr'>ε</span> <span class='ocrx_word' id='word_1_234' title='bbox 662 2327 859 2376; x_wconf 90' lang='lat' dir='ltr'>Quidquid</span> <span class='ocrx_word' id='word_1_235' title='bbox 874 2331 1084 2379; x_wconf 74' lang='lat' dir='ltr'>cogitamus</span> <span class='ocrx_word' id='word_1_236' title='bbox 1101 2330 1141 2366; x_wconf 86' lang='lat' dir='ltr'>id</span> <span class='ocrx_word' id='word_1_237' title='bbox 1159 2332 1212 2367; x_wconf 91' lang='lat' dir='ltr'>sic</span> <span class='ocrx_word' id='word_1_238' title='bbox 1235 2345 1340 2368; x_wconf 90' lang='lat' dir='ltr'>com-</span> 
     </span>
     <span class='ocr_line' id='line_1_33' title="bbox 288 2388 1336 2440; baseline 0.01 -23"><span class='ocrx_word' id='word_1_239' title='bbox 288 2389 465 2430; x_wconf 82' lang='lat' dir='ltr'>paratum</span> <span class='ocrx_word' id='word_1_240' title='bbox 486 2396 561 2421; x_wconf 89' lang='lat' dir='ltr'>esse</span> <span class='ocrx_word' id='word_1_241' title='bbox 583 2394 750 2435; x_wconf 79' lang='lat' dir='ltr'>oportet,</span> <span class='ocrx_word' id='word_1_242' title='bbox 767 2394 809 2423; x_wconf 90' lang='lat' dir='ltr'>ut</span> <span class='ocrx_word' id='word_1_243' title='bbox 821 2388 882 2431; x_wconf 82' lang='lat' dir='ltr'>sit,</span> <span class='ocrx_word' id='word_1_244' title='bbox 905 2401 1031 2438; x_wconf 89' lang='lat' dir='ltr'>neque</span> <span class='ocrx_word' id='word_1_245' title='bbox 1051 2391 1153 2426; x_wconf 86' lang='lat' dir='ltr'>enim</span> <span class='ocrx_word' id='word_1_246' title='bbox 1171 2391 1211 2427; x_wconf 92' lang='lat' dir='ltr'>id</span> <span class='ocrx_word' id='word_1_247' title='bbox 1228 2392 1336 2440; x_wconf 87' lang='lat' dir='ltr'>quod</span> 
     </span>
     <span class='ocr_line' id='line_1_34' title="bbox 291 2441 1345 2497; baseline 0.01 -21"><span class='ocrx_word' id='word_1_248' title='bbox 291 2454 369 2477; x_wconf 85' lang='lat' dir='ltr'>uon</span> <span class='ocrx_word' id='word_1_249' title='bbox 395 2441 445 2478; x_wconf 87' lang='lat' dir='ltr'>sit</span> <span class='ocrx_word' id='word_1_250' title='bbox 467 2451 533 2479; x_wconf 89' lang='lat' dir='ltr'>aut</span> <span class='ocrx_word' id='word_1_251' title='bbox 564 2446 797 2495; x_wconf 81' lang='lat' dir='ltr'>cogitatione</span> <span class='ocrx_word' id='word_1_252' title='bbox 819 2449 967 2497; x_wconf 87' lang='lat' dir='ltr'>assequi</span> <span class='ocrx_word' id='word_1_253' title='bbox 987 2456 1053 2485; x_wconf 89' lang='lat' dir='ltr'>aut</span> <span class='ocrx_word' id='word_1_254' title='bbox 1079 2448 1206 2487; x_wconf 89' lang='lat' dir='ltr'>verbis</span> <span class='ocrx_word' id='word_1_255' title='bbox 1239 2463 1345 2487; x_wconf 87' lang='lat' dir='ltr'>com-</span> 
     </span>
     <span class='ocr_line' id='line_1_35' title="bbox 290 2502 1346 2558; baseline 0.012 -24"><span class='ocrx_word' id='word_1_256' title='bbox 290 2502 526 2550; x_wconf 74' lang='lat' dir='ltr'>prehendere</span> <span class='ocrx_word' id='word_1_257' title='bbox 557 2504 666 2552; x_wconf 89' lang='lat' dir='ltr'>licet,</span> <span class='ocrx_word' id='word_1_258' title='bbox 700 2515 884 2555; x_wconf 79' lang='lat' dir='ltr'>praeterea</span> <span class='ocrx_word' id='word_1_259' title='bbox 918 2509 1023 2558; x_wconf 91' lang='lat' dir='ltr'>quod</span> <span class='ocrx_word' id='word_1_260' title='bbox 1057 2511 1142 2556; x_wconf 87' lang='lat' dir='ltr'>est,‘</span> <span class='ocrx_word' id='word_1_261' title='bbox 1163 2510 1203 2546; x_wconf 89' lang='lat' dir='ltr'>id</span> <span class='ocrx_word' id='word_1_262' title='bbox 1234 2512 1346 2548; x_wconf 89' lang='lat' dir='ltr'>simul</span> 
     </span>
     <span class='ocr_line' id='line_1_36' title="bbox 292 2562 1345 2618; baseline 0.013 -23"><span class='ocrx_word' id='word_1_263' title='bbox 292 2562 514 2610; x_wconf 83' lang='lat' dir='ltr'>cogitationi</span> <span class='ocrx_word' id='word_1_264' title='bbox 539 2566 713 2612; x_wconf 85' lang='lat' dir='ltr'>pervium</span> <span class='ocrx_word' id='word_1_265' title='bbox 736 2568 783 2603; x_wconf 89' lang='lat' dir='ltr'>sit</span> <span class='ocrx_word' id='word_1_266' title='bbox 801 2581 953 2605; x_wconf 86' lang='lat' dir='ltr'>necesse</span> <span class='ocrx_word' id='word_1_267' title='bbox 980 2577 1049 2607; x_wconf 91' lang='lat' dir='ltr'>est.</span> <span class='ocrx_word' id='word_1_268' title='bbox 1068 2571 1215 2618; x_wconf 89' lang='lat' dir='ltr'>Quodsi</span> <span class='ocrx_word' id='word_1_269' title='bbox 1246 2573 1345 2609; x_wconf 85' lang='lat' dir='ltr'>tollis</span> 
     </span>
     <span class='ocr_line' id='line_1_37' title="bbox 292 2620 1344 2678; baseline 0.014 -25"><span class='ocrx_word' id='word_1_270' title='bbox 292 2632 368 2665; x_wconf 77' lang='lat' dir='ltr'>ens,</span> <span class='ocrx_word' id='word_1_271' title='bbox 389 2620 527 2657; x_wconf 88' lang='lat' dir='ltr'>eodem</span> <span class='ocrx_word' id='word_1_272' title='bbox 546 2629 718 2673; x_wconf 84' lang='lat' dir='ltr'>tempore</span> <span class='ocrx_word' id='word_1_273' title='bbox 739 2628 920 2676; x_wconf 84' lang='lat' dir='ltr'>cogitatio</span> <span class='ocrx_word' id='word_1_274' title='bbox 943 2630 1156 2666; x_wconf 86' lang='lat' dir='ltr'>necessario</span> <span class='ocrx_word' id='word_1_275' title='bbox 1179 2631 1344 2678; x_wconf 82' lang='lat' dir='ltr'>tollitur3</span> 
     </span>
     <span class='ocr_line' id='line_1_38' title="bbox 292 2679 1347 2738; baseline 0.015 -25"><span class='ocrx_word' id='word_1_276' title='bbox 292 2679 495 2729; x_wconf 77' lang='lat' dir='ltr'>si·c0g1&#39;!are</span> <span class='ocrx_word' id='word_1_277' title='bbox 503 2684 647 2729; x_wconf 79' lang='lat' dir='ltr'>statuis,</span> <span class='ocrx_word' id='word_1_278' title='bbox 666 2697 744 2721; x_wconf 81' lang='lat' dir='ltr'>esse</span> <span class='ocrx_word' id='word_1_279' title='bbox 759 2698 914 2735; x_wconf 90' lang='lat' dir='ltr'>quoque</span> <span class='ocrx_word' id='word_1_280' title='bbox 929 2689 1040 2724; x_wconf 87' lang='lat' dir='ltr'>statui</span> <span class='ocrx_word' id='word_1_281' title='bbox 1056 2697 1223 2738; x_wconf 89' lang='lat' dir='ltr'>oportet.</span> <span class='ocrx_word' id='word_1_282' title='bbox 1238 2690 1347 2728; x_wconf 87' lang='lat' dir='ltr'>Idem</span> 
     </span>
     <span class='ocr_line' id='line_1_39' title="bbox 294 2739 1346 2788; baseline 0.014 -16"><span class='ocrx_word' id='word_1_283' title='bbox 294 2739 409 2787; x_wconf 86' lang='lat' dir='ltr'>igitur</span> <span class='ocrx_word' id='word_1_284' title='bbox 425 2745 477 2775; x_wconf 88' lang='lat' dir='ltr'>est</span> <span class='ocrx_word' id='word_1_285' title='bbox 496 2744 660 2788; x_wconf 76' lang='lat' dir='ltr'>cogitare</span> <span class='ocrx_word' id='word_1_286' title='bbox 679 2751 716 2780; x_wconf 90' lang='lat' dir='ltr'>et</span> <span class='ocrx_word' id='word_1_287' title='bbox 733 2757 824 2783; x_wconf 84' lang='lat' dir='ltr'>esse.</span> <span class='ocrx_word' id='word_1_288' title='bbox 843 2747 971 2783; x_wconf 86' lang='lat' dir='ltr'>Latius</span> <span class='ocrx_word' id='word_1_289' title='bbox 990 2748 1134 2785; x_wconf 90' lang='lat' dir='ltr'>dictum</span> <span class='ocrx_word' id='word_1_290' title='bbox 1149 2750 1346 2787; x_wconf 87' lang='lat' dir='ltr'>Parmeni-</span> 
     </span>
     <span class='ocr_line' id='line_1_40' title="bbox 293 2796 1344 2851; baseline 0.015 -20"><span class='ocrx_word' id='word_1_291' title='bbox 293 2796 407 2832; x_wconf 84' lang='lat' dir='ltr'>‹leum</span> <span class='ocrx_word' id='word_1_292' title='bbox 428 2804 559 2847; x_wconf 87' lang='lat' dir='ltr'>patere</span> <span class='ocrx_word' id='word_1_293' title='bbox 578 2802 661 2837; x_wconf 84' lang='lat' dir='ltr'>vult</span> <span class='ocrx_word' id='word_1_294' title='bbox 675 2803 860 2851; x_wconf 86' lang='lat' dir='ltr'>Plotinus,</span> <span class='ocrx_word' id='word_1_295' title='bbox 877 2804 1067 2843; x_wconf 84' lang='lat' dir='ltr'>affirmans</span> <span class='ocrx_word' id='word_1_296' title='bbox 1087 2807 1241 2845; x_wconf 84' lang='lat' dir='ltr'>Eleaten</span> <span class='ocrx_word' id='word_1_297' title='bbox 1255 2806 1293 2846; x_wconf 97' lang='lat' dir='ltr'>rb</span> <span class='ocrx_word' id='word_1_298' title='bbox 1307 2806 1344 2847; x_wconf 80' lang='grc' dir='ltr'>ὃν</span> 
     </span>
     <span class='ocr_line' id='line_1_41' title="bbox 293 2859 1344 2916; baseline 0.015 -27"><span class='ocrx_word' id='word_1_299' title='bbox 293 2868 443 2893; x_wconf 80' lang='lat' dir='ltr'>vocasse</span> <span class='ocrx_word' id='word_1_300' title='bbox 462 2859 540 2894; x_wconf 78' lang='grc' dir='ltr'>νοῦν</span> <span class='ocrx_word' id='word_1_301' title='bbox 556 2866 670 2909; x_wconf 82' lang='lat' dir='ltr'>atque</span> <span class='ocrx_word' id='word_1_302' title='bbox 689 2874 755 2898; x_wconf 84' lang='lat' dir='ltr'>ens</span> <span class='ocrx_word' id='word_1_303' title='bbox 770 2863 996 2901; x_wconf 88' lang='lat' dir='ltr'>intellexisse</span> <span class='ocrx_word' id='word_1_304' title='bbox 1013 2870 1246 2916; x_wconf 75' lang='lat' dir='ltr'>cogitantem</span> <span class='ocrx_word' id='word_1_305' title='bbox 1269 2881 1344 2905; x_wconf 83' lang='grc' dir='ltr'>ηα-</span> 
     </span>
    </p>
   </div>
   <div class='ocr_carea' id='block_1_8' title="bbox 293 2917 1346 3025">
    <p class='ocr_par' dir='ltr' id='par_1_15' title="bbox 293 2917 1346 3025">
     <span class='ocr_line' id='line_1_42' title="bbox 294 2917 1346 2976; baseline 0.015 -27"><span class='ocrx_word' id='word_1_306' title='bbox 294 2922 428 2953; x_wconf 80' lang='lat' dir='ltr'>turam.</span> <span class='ocrx_word' id='word_1_307' title='bbox 455 2917 506 2952; x_wconf 84' lang='lat' dir='ltr'>At</span> <span class='ocrx_word' id='word_1_308' title='bbox 534 2918 755 2966; x_wconf 81' lang='lat' dir='ltr'>hujusmodi</span> <span class='ocrx_word' id='word_1_309' title='bbox 781 2923 996 2971; x_wconf 86' lang='lat' dir='ltr'>explanatio</span> <span class='ocrx_word' id='word_1_310' title='bbox 1019 2937 1105 2960; x_wconf 90' lang='lat' dir='ltr'>cum</span> <span class='ocrx_word' id='word_1_311' title='bbox 1124 2926 1346 2976; x_wconf 89' lang='lat' dir='ltr'>philosophi</span> 
     </span>
     <span class='ocr_line' id='line_1_43' title="bbox 293 2969 1015 3025; baseline 0.015 -22"><span class='ocrx_word' id='word_1_312' title='bbox 293 2969 411 3004; x_wconf 79' lang='lat' dir='ltr'>nostri</span> <span class='ocrx_word' id='word_1_313' title='bbox 429 2978 556 3007; x_wconf 89' lang='lat' dir='ltr'>mente</span> <span class='ocrx_word' id='word_1_314' title='bbox 572 2974 768 3010; x_wconf 84' lang='lat' dir='ltr'>conciliari</span> <span class='ocrx_word' id='word_1_315' title='bbox 783 2987 861 3011; x_wconf 89' lang='lat' dir='ltr'>non</span> <span class='ocrx_word' id='word_1_316' title='bbox 876 2984 1015 3025; x_wconf 87' lang='lat' dir='ltr'>potest.</span> 
     </span>
    </p>
   </div>
   <div class='ocr_carea' id='block_1_9' title="bbox 297 3025 1348 3555">
    <p class='ocr_par' dir='ltr' id='par_1_16' title="bbox 297 3025 1347 3378">
     <span class='ocr_line' id='line_1_44' title="bbox 347 3025 1346 3087; baseline 0.013 -23"><span class='ocrx_word' id='word_1_317' title='bbox 347 3029 391 3065; x_wconf 91' lang='lat' dir='ltr'>V.</span> <span class='ocrx_word' id='word_1_318' title='bbox 414 3032 546 3073; x_wconf 53' lang='grc' dir='ltr'>[μήτι.</span> <span class='ocrx_word' id='word_1_319' title='bbox 564 3028 724 3073; x_wconf 77' lang='grc' dir='ltr'>ξυνὸν-</span> <span class='ocrx_word' id='word_1_320' title='bbox 736 3025 844 3084; x_wconf 66' lang='grc' dir='ltr'>αὖθις)</span> <span class='ocrx_word' id='word_1_321' title='bbox 859 3035 984 3072; x_wconf 83' lang='lat' dir='ltr'>Ambo</span> <span class='ocrx_word' id='word_1_322' title='bbox 995 3048 1124 3074; x_wconf 85' lang='lat' dir='ltr'>versus</span> <span class='ocrx_word' id='word_1_323' title='bbox 1137 3039 1247 3087; x_wconf 89' lang='lat' dir='ltr'>petiti</span> <span class='ocrx_word' id='word_1_324' title='bbox 1259 3048 1346 3078; x_wconf 89' lang='lat' dir='ltr'>sunt</span> 
     </span>
     <span class='ocr_line' id='line_1_45' title="bbox 298 3087 1345 3149; baseline 0.016 -28"><span class='ocrx_word' id='word_1_325' title='bbox 298 3097 339 3122; x_wconf 72' lang='lat' dir='ltr'>ex</span> <span class='ocrx_word' id='word_1_326' title='bbox 364 3087 489 3123; x_wconf 87' lang='lat' dir='ltr'>Procli</span> <span class='ocrx_word' id='word_1_327' title='bbox 508 3090 546 3125; x_wconf 91' lang='lat' dir='ltr'>in</span> <span class='ocrx_word' id='word_1_328' title='bbox 563 3091 658 3130; x_wconf 90' lang='lat' dir='ltr'>Plat.</span> <span class='ocrx_word' id='word_1_329' title='bbox 681 3094 894 3131; x_wconf 90' lang='lat' dir='ltr'>Parmenid.</span> <span class='ocrx_word' id='word_1_330' title='bbox 914 3094 1061 3135; x_wconf 90' lang='lat' dir='ltr'>Comm.</span> <span class='ocrx_word' id='word_1_331' title='bbox 1083 3099 1125 3136; x_wconf 85' lang='lat' dir='ltr'>T.</span> <span class='ocrx_word' id='word_1_332' title='bbox 1148 3098 1196 3136; x_wconf 93' lang='lat' dir='ltr'>lV</span> <span class='ocrx_word' id='word_1_333' title='bbox 1208 3112 1249 3149; x_wconf 88' lang='lat' dir='ltr'>p.</span> <span class='ocrx_word' id='word_1_334' title='bbox 1271 3113 1345 3138; x_wconf 82' lang='lat'>120</span> 
     </span>
     <span class='ocr_line' id='line_1_46' title="bbox 297 3143 1346 3204; baseline 0.016 -24"><span class='ocrx_word' id='word_1_335' title='bbox 297 3143 359 3182; x_wconf 91' lang='lat' dir='ltr'>ed.</span> <span class='ocrx_word' id='word_1_336' title='bbox 392 3145 546 3186; x_wconf 80' lang='lat' dir='ltr'>cousin.</span> <span class='ocrx_word' id='word_1_337' title='bbox 571 3151 748 3188; x_wconf 91' lang='lat' dir='ltr'>Proclum</span> <span class='ocrx_word' id='word_1_338' title='bbox 781 3153 922 3190; x_wconf 89' lang='lat' dir='ltr'>horum</span> <span class='ocrx_word' id='word_1_339' title='bbox 955 3168 1111 3204; x_wconf 82' lang='lat' dir='ltr'>quoque</span> <span class='ocrx_word' id='word_1_340' title='bbox 1139 3159 1346 3198; x_wconf 87' lang='lat' dir='ltr'>verborum</span> 
     </span>
     <span class='ocr_line' id='line_1_47' title="bbox 299 3204 1345 3260; baseline 0.017 -22"><span class='ocrx_word' id='word_1_341' title='bbox 299 3204 545 3254; x_wconf 85' lang='lat' dir='ltr'>interpretem</span> <span class='ocrx_word' id='word_1_342' title='bbox 565 3211 634 3246; x_wconf 88' lang='lat' dir='ltr'>etsi</span> <span class='ocrx_word' id='word_1_343' title='bbox 648 3210 900 3260; x_wconf 86' lang='lat' dir='ltr'>ingeniosum,</span> <span class='ocrx_word' id='word_1_344' title='bbox 919 3216 1061 3251; x_wconf 84' lang='lat' dir='ltr'>erroris</span> <span class='ocrx_word' id='word_1_345' title='bbox 1082 3222 1208 3253; x_wconf 77' lang='lat' dir='ltr'>tamen</span> <span class='ocrx_word' id='word_1_346' title='bbox 1223 3220 1345 3255; x_wconf 86' lang='lat' dir='ltr'>mani-</span> 
     </span>
     <span class='ocr_line' id='line_1_48' title="bbox 299 3260 1347 3322; baseline 0.017 -25"><span class='ocrx_word' id='word_1_347' title='bbox 299 3260 435 3299; x_wconf 81' lang='lat' dir='ltr'>festum</span> <span class='ocrx_word' id='word_1_348' title='bbox 461 3266 581 3302; x_wconf 87' lang='lat' dir='ltr'>nolim</span> <span class='ocrx_word' id='word_1_349' title='bbox 601 3267 665 3305; x_wconf 85' lang='lat' dir='ltr'>hic</span> <span class='ocrx_word' id='word_1_350' title='bbox 700 3269 912 3318; x_wconf 84' lang='lat' dir='ltr'>confutare,</span> <span class='ocrx_word' id='word_1_351' title='bbox 945 3285 1065 3321; x_wconf 90' lang='lat' dir='ltr'>quum</span> <span class='ocrx_word' id='word_1_352' title='bbox 1094 3274 1174 3322; x_wconf 87' lang='lat' dir='ltr'>jam</span> <span class='ocrx_word' id='word_1_353' title='bbox 1193 3275 1241 3312; x_wconf 85' lang='lat' dir='ltr'>ab</span> <span class='ocrx_word' id='word_1_354' title='bbox 1264 3279 1347 3315; x_wconf 85' lang='lat' dir='ltr'>aliis</span> 
     </span>
     <span class='ocr_line' id='line_1_49' title="bbox 298 3324 908 3378; baseline 0.018 -22"><span class='ocrx_word' id='word_1_355' title='bbox 298 3329 437 3368; x_wconf 75' lang='lat' dir='ltr'>rejecta</span> <span class='ocrx_word' id='word_1_356' title='bbox 456 3324 505 3361; x_wconf 91' lang='lat' dir='ltr'>sit</span> <span class='ocrx_word' id='word_1_357' title='bbox 527 3325 607 3373; x_wconf 88' lang='lat' dir='ltr'>ejus</span> <span class='ocrx_word' id='word_1_358' title='bbox 626 3328 908 3378; x_wconf 84' lang='lat' dir='ltr'>interpretatio.</span> 
     </span>
    </p>

    <p class='ocr_par' dir='ltr' id='par_1_17' title="bbox 297 3381 1348 3555">
     <span class='ocr_line' id='line_1_50' title="bbox 334 3381 1348 3439; baseline 0.016 -22"><span class='ocrx_word' id='word_1_359' title='bbox 334 3381 395 3417; x_wconf 67' lang='lat' dir='ltr'>‘V.</span> <span class='ocrx_word' id='word_1_360' title='bbox 419 3381 561 3425; x_wconf 75' lang='lat'>43-51.</span> <span class='ocrx_word' id='word_1_361' title='bbox 589 3387 742 3423; x_wconf 86' lang='lat' dir='ltr'>Versum</span> <span class='ocrx_word' id='word_1_362' title='bbox 770 3388 1104 3439; x_wconf 81' lang='lat' dir='ltr'>quadragesimum</span> <span class='ocrx_word' id='word_1_363' title='bbox 1135 3394 1287 3431; x_wconf 87' lang='lat' dir='ltr'>tertium</span> <span class='ocrx_word' id='word_1_364' title='bbox 1312 3403 1348 3433; x_wconf 91' lang='lat' dir='ltr'>et</span> 
     </span>
     <span class='ocr_line' id='line_1_51' title="bbox 297 3442 1346 3504; baseline 0.018 -31"><span class='ocrx_word' id='word_1_365' title='bbox 297 3442 487 3487; x_wconf 83' lang='lat' dir='ltr'>sequentis</span> <span class='ocrx_word' id='word_1_366' title='bbox 503 3443 654 3481; x_wconf 88' lang='lat' dir='ltr'>initium</span> <span class='ocrx_word' id='word_1_367' title='bbox 671 3458 791 3495; x_wconf 90' lang='lat' dir='ltr'>usque</span> <span class='ocrx_word' id='word_1_368' title='bbox 813 3447 863 3484; x_wconf 88' lang='lat' dir='ltr'>ad</span> <span class='ocrx_word' id='word_1_369' title='bbox 878 3450 996 3486; x_wconf 76' lang='lat' dir='ltr'>verba</span> <span class='ocrx_word' id='word_1_370' title='bbox 1012 3450 1075 3487; x_wconf 81' lang='grc' dir='ltr'>οὐκ</span> <span class='ocrx_word' id='word_1_371' title='bbox 1096 3442 1185 3490; x_wconf 72' lang='grc' dir='ltr'>εἶναι</span> <span class='ocrx_word' id='word_1_372' title='bbox 1207 3454 1346 3504; x_wconf 83' lang='lat' dir='ltr'>allegat</span> 
     </span>
     <span class='ocr_line' id='line_1_52' title="bbox 299 3497 1347 3555; baseline 0.018 -22"><span class='ocrx_word' id='word_1_373' title='bbox 299 3497 512 3549; x_wconf 82' lang='lat' dir='ltr'>Simplicius</span> <span class='ocrx_word' id='word_1_374' title='bbox 535 3504 646 3553; x_wconf 89' lang='lat' dir='ltr'>Phys.</span> <span class='ocrx_word' id='word_1_375' title='bbox 684 3505 709 3544; x_wconf 83' lang='lat' dir='ltr'>f.</span> <span class='ocrx_word' id='word_1_376' title='bbox 752 3519 813 3555; x_wconf 86' lang='lat'>19·</span> <span class='ocrx_word' id='word_1_377' title='bbox 839 3519 875 3544; x_wconf 89' lang='lat' dir='ltr'>a.</span> <span class='ocrx_word' id='word_1_378' title='bbox 914 3509 1020 3547; x_wconf 88' lang='lat' dir='ltr'>ldem</span> <span class='ocrx_word' id='word_1_379' title='bbox 1051 3523 1179 3549; x_wconf 76' lang='lat' dir='ltr'>versus</span> <span class='ocrx_word' id='word_1_380' title='bbox 1208 3526 1347 3552; x_wconf 91' lang='lat' dir='ltr'>novem</span> 
     </span>
    </p>
   </div>
   <div class='ocr_carea' id='block_1_10' title="bbox 1219 254 1542 296">
    <p class='ocr_par' dir='ltr' id='par_1_18' title="bbox 1219 254 1542 296">
     <span class='ocr_line' id='line_1_53' title="bbox 1219 254 1542 296; baseline -0.003 0"><span class='ocrx_word' id='word_1_381' title='bbox 1219 254 1542 296; x_wconf 76' lang='lat' dir='ltr'>PARMENlDlS</span> 
     </span>
    </p>
   </div>
   <div class='ocr_carea' id='block_1_11' title="bbox 1414 351 2476 634">
    <p class='ocr_par' dir='ltr' id='par_1_19' title="bbox 1416 351 2147 393">
     <span class='ocr_line' id='line_1_54' title="bbox 1416 351 2147 393; baseline 0 -8"><span class='ocrx_word' id='word_1_382' title='bbox 1416 351 1531 385; x_wconf 82' lang='lat' dir='ltr'>suadae</span> <span class='ocrx_word' id='word_1_383' title='bbox 1548 351 1599 383; x_wconf 87' lang='lat' dir='ltr'>via</span> <span class='ocrx_word' id='word_1_384' title='bbox 1618 351 1687 392; x_wconf 76' lang='lat' dir='ltr'>est3</span> <span class='ocrx_word' id='word_1_385' title='bbox 1711 351 1830 384; x_wconf 75' lang='lat' dir='ltr'>vei-itas</span> <span class='ocrx_word' id='word_1_386' title='bbox 1850 351 1937 384; x_wconf 88' lang='lat' dir='ltr'>enim</span> <span class='ocrx_word' id='word_1_387' title='bbox 1953 351 2147 393; x_wconf 69' lang='lat' dir='ltr'>comitatui-3</span> 
     </span>
    </p>

    <p class='ocr_par' dir='ltr' id='par_1_20' title="bbox 1414 412 2288 455">
     <span class='ocr_line' id='line_1_55' title="bbox 1414 412 2288 455; baseline 0.002 -12"><span class='ocrx_word' id='word_1_388' title='bbox 1414 412 1513 444; x_wconf 80' lang='lat' dir='ltr'>altera</span> <span class='ocrx_word' id='word_1_389' title='bbox 1525 435 1535 451; x_wconf 86' lang='lat'>,</span> <span class='ocrx_word' id='word_1_390' title='bbox 1554 419 1617 443; x_wconf 91' lang='lat' dir='ltr'>non</span> <span class='ocrx_word' id='word_1_391' title='bbox 1634 419 1705 443; x_wconf 81' lang='lat' dir='ltr'>esse</span> <span class='ocrx_word' id='word_1_392' title='bbox 1719 419 1778 444; x_wconf 83' lang='lat' dir='ltr'>ens</span> <span class='ocrx_word' id='word_1_393' title='bbox 1795 419 1832 444; x_wconf 87' lang='lat' dir='ltr'>ac</span> <span class='ocrx_word' id='word_1_394' title='bbox 1848 412 2024 444; x_wconf 80' lang='lat' dir='ltr'>necessario</span> <span class='ocrx_word' id='word_1_395' title='bbox 2044 420 2115 445; x_wconf 72' lang='lat' dir='ltr'>esse</span> <span class='ocrx_word' id='word_1_396' title='bbox 2133 420 2195 445; x_wconf 88' lang='lat' dir='ltr'>non</span> <span class='ocrx_word' id='word_1_397' title='bbox 2212 421 2288 455; x_wconf 77' lang='lat' dir='ltr'>ens,</span> 
     </span>
    </p>

    <p class='ocr_par' dir='ltr' id='par_1_21' title="bbox 1415 470 2287 512">
     <span class='ocr_line' id='line_1_56' title="bbox 1415 470 2287 512; baseline 0.003 -9"><span class='ocrx_word' id='word_1_398' title='bbox 1415 471 1498 504; x_wconf 77' lang='lat' dir='ltr'>lianc</span> <span class='ocrx_word' id='word_1_399' title='bbox 1517 479 1593 503; x_wconf 85' lang='lat' dir='ltr'>vero</span> <span class='ocrx_word' id='word_1_400' title='bbox 1609 470 1667 503; x_wconf 84' lang='lat' dir='ltr'>tibi</span> <span class='ocrx_word' id='word_1_401' title='bbox 1681 470 1731 503; x_wconf 85' lang='lat' dir='ltr'>aio</span> <span class='ocrx_word' id='word_1_402' title='bbox 1749 470 1841 512; x_wconf 80' lang='lat' dir='ltr'>plane</span> <span class='ocrx_word' id='word_1_403' title='bbox 1855 470 2075 504; x_wconf 81' lang='lat' dir='ltr'>incredibilem</span> <span class='ocrx_word' id='word_1_404' title='bbox 2090 480 2160 506; x_wconf 78' lang='lat' dir='ltr'>esse</span> <span class='ocrx_word' id='word_1_405' title='bbox 2173 473 2259 506; x_wconf 75' lang='lat' dir='ltr'>viam</span> <span class='ocrx_word' id='word_1_406' title='bbox 2278 483 2287 506; x_wconf 74' lang='grc' dir='ltr'>ε</span> 
     </span>
    </p>

    <p class='ocr_par' dir='ltr' id='par_1_22' title="bbox 1414 529 2476 634">
     <span class='ocr_line' id='line_1_57' title="bbox 1415 529 2476 580; baseline 0.008 -18"><span class='ocrx_word' id='word_1_407' title='bbox 1415 539 1487 563; x_wconf 83' lang='lat' dir='ltr'>nam</span> <span class='ocrx_word' id='word_1_408' title='bbox 1502 539 1563 563; x_wconf 89' lang='lat' dir='ltr'>non</span> <span class='ocrx_word' id='word_1_409' title='bbox 1575 538 1632 562; x_wconf 78' lang='lat' dir='ltr'>ens</span> <span class='ocrx_word' id='word_1_410' title='bbox 1644 538 1703 562; x_wconf 88' lang='lat' dir='ltr'>nec</span> <span class='ocrx_word' id='word_1_411' title='bbox 1715 529 1824 563; x_wconf 79' lang='lat' dir='ltr'>animo</span> <span class='ocrx_word' id='word_1_412' title='bbox 1836 529 1991 572; x_wconf 70' lang='lat' dir='ltr'>percipias</span> <span class='ocrx_word' id='word_1_413' title='bbox 2001 554 2010 570; x_wconf 90' lang='lat'>,</span> <span class='ocrx_word' id='word_1_414' title='bbox 2024 540 2126 573; x_wconf 89' lang='lat' dir='ltr'>quum</span> <span class='ocrx_word' id='word_1_415' title='bbox 2144 534 2272 575; x_wconf 75' lang='lat' dir='ltr'>assequi</span> <span class='ocrx_word' id='word_1_416' title='bbox 2291 543 2356 568; x_wconf 84' lang='lat' dir='ltr'>non</span> <span class='ocrx_word' id='word_1_417' title='bbox 2368 535 2476 580; x_wconf 72' lang='lat' dir='ltr'>licent,</span> 
     </span>
     <span class='ocr_line' id='line_1_58' title="bbox 1414 589 2342 634; baseline 0.006 -12"><span class='ocrx_word' id='word_1_418' title='bbox 1414 599 1473 623; x_wconf 85' lang='lat' dir='ltr'>nec</span> <span class='ocrx_word' id='word_1_419' title='bbox 1491 590 1596 622; x_wconf 82' lang='lat' dir='ltr'>verbis</span> <span class='ocrx_word' id='word_1_420' title='bbox 1609 589 1769 623; x_wconf 83' lang='lat' dir='ltr'>enunties.</span> <span class='ocrx_word' id='word_1_421' title='bbox 1786 589 1876 622; x_wconf 82' lang='lat' dir='ltr'>Idem</span> <span class='ocrx_word' id='word_1_422' title='bbox 1892 590 1942 623; x_wconf 84' lang='lat' dir='ltr'>est</span> <span class='ocrx_word' id='word_1_423' title='bbox 1955 590 2040 624; x_wconf 87' lang='lat' dir='ltr'>enim</span> <span class='ocrx_word' id='word_1_424' title='bbox 2056 592 2197 634; x_wconf 76' lang='lat' dir='ltr'>cogitare</span> <span class='ocrx_word' id='word_1_425' title='bbox 2213 594 2246 627; x_wconf 83' lang='lat' dir='ltr'>et</span> <span class='ocrx_word' id='word_1_426' title='bbox 2261 603 2342 628; x_wconf 74' lang='lat' dir='ltr'>etse.</span> 
     </span>
    </p>
   </div>
   <div class='ocr_carea' id='block_1_12' title="bbox 1645 686 2247 706">
    <p class='ocr_par' dir='ltr' id='par_1_23' title="bbox 1645 686 2247 706">
     <span class='ocr_line' id='line_1_59' title="bbox 1645 686 2247 706; baseline 0.005 -3"><span class='ocrx_word' id='word_1_427' title='bbox 1645 686 1663 703; x_wconf 59' lang='lat' dir='ltr'><strong>t</strong></span> <span class='ocrx_word' id='word_1_428' title='bbox 1937 686 1957 704; x_wconf 68' lang='lat'><em>*</em></span> <span class='ocrx_word' id='word_1_429' title='bbox 2228 688 2247 706; x_wconf 55' lang='lat' dir='ltr'>fi</span> 
     </span>
    </p>
   </div>
   <div class='ocr_carea' id='block_1_13' title="bbox 1413 765 2359 865">
    <p class='ocr_par' dir='ltr' id='par_1_24' title="bbox 1413 765 2359 865">
     <span class='ocr_line' id='line_1_60' title="bbox 1897 765 2359 809; baseline 0.011 -13"><span class='ocrx_word' id='word_1_430' title='bbox 1897 772 1970 797; x_wconf 81' lang='lat' dir='ltr'>mea</span> <span class='ocrx_word' id='word_1_431' title='bbox 1986 767 2094 798; x_wconf 81' lang='lat' dir='ltr'>autem</span> <span class='ocrx_word' id='word_1_432' title='bbox 2109 765 2189 799; x_wconf 80' lang='lat' dir='ltr'>nihii</span> <span class='ocrx_word' id='word_1_433' title='bbox 2206 765 2359 809; x_wconf 75' lang='lat' dir='ltr'>interest,</span> 
     </span>
     <span class='ocr_line' id='line_1_61' title="bbox 1413 822 2187 865; baseline 0.003 -10"><span class='ocrx_word' id='word_1_434' title='bbox 1413 823 1498 856; x_wconf 86' lang='lat' dir='ltr'>unde</span> <span class='ocrx_word' id='word_1_435' title='bbox 1511 822 1637 862; x_wconf 57' lang='lat' dir='ltr'>ordiam</span> <span class='ocrx_word' id='word_1_436' title='bbox 1650 832 1792 865; x_wconf 83' lang='lat' dir='ltr'>namque</span> <span class='ocrx_word' id='word_1_437' title='bbox 1809 832 1925 856; x_wconf 82' lang='lat' dir='ltr'>rursus</span> <span class='ocrx_word' id='word_1_438' title='bbox 1939 823 2015 856; x_wconf 86' lang='lat' dir='ltr'>illuc</span> <span class='ocrx_word' id='word_1_439' title='bbox 2033 826 2187 858; x_wconf 77' lang='lat' dir='ltr'>revertar.</span> 
     </span>
    </p>
   </div>
   <div class='ocr_carea' id='block_1_14' title="bbox 1644 918 2245 937">
    <p class='ocr_par' dir='ltr' id='par_1_25' title="bbox 1644 918 2245 937">
     <span class='ocr_line' id='line_1_62' title="bbox 1644 918 2245 937; baseline 0.003 -2"><span class='ocrx_word' id='word_1_440' title='bbox 1644 918 1661 936; x_wconf 60' lang='grc' dir='ltr'><strong><em>ἡ</em></strong></span> <span class='ocrx_word' id='word_1_441' title='bbox 1937 918 1954 935; x_wconf 59' lang='grc' dir='ltr'>ί</span> <span class='ocrx_word' id='word_1_442' title='bbox 2226 919 2245 937; x_wconf 55' lang='grc' dir='ltr'><strong><em>ἡ</em></strong></span> 
     </span>
    </p>
   </div>
   <div class='ocr_carea' id='block_1_15' title="bbox 1411 997 2376 1099">
    <p class='ocr_par' dir='ltr' id='par_1_26' title="bbox 1411 997 2376 1099">
     <span class='ocr_line' id='line_1_63' title="bbox 1412 997 2376 1049; baseline 0.001 -20"><span class='ocrx_word' id='word_1_443' title='bbox 1412 999 1548 1038; x_wconf 79' lang='lat' dir='ltr'>Oportet</span> <span class='ocrx_word' id='word_1_444' title='bbox 1571 997 1678 1030; x_wconf 86' lang='lat' dir='ltr'>dicere</span> <span class='ocrx_word' id='word_1_445' title='bbox 1695 998 1728 1030; x_wconf 84' lang='lat' dir='ltr'>et</span> <span class='ocrx_word' id='word_1_446' title='bbox 1741 997 1882 1038; x_wconf 81' lang='lat' dir='ltr'>cogitare</span> <span class='ocrx_word' id='word_1_447' title='bbox 1898 1005 1970 1030; x_wconf 81' lang='lat' dir='ltr'>esse</span> <span class='ocrx_word' id='word_1_448' title='bbox 1985 1005 2060 1037; x_wconf 83' lang='lat' dir='ltr'>ens,</span> <span class='ocrx_word' id='word_1_449' title='bbox 2071 1005 2220 1049; x_wconf 28' lang='lat' dir='ltr'>‘namque</span> <span class='ocrx_word' id='word_1_450' title='bbox 2238 998 2288 1031; x_wconf 79' lang='lat' dir='ltr'>est</span> <span class='ocrx_word' id='word_1_451' title='bbox 2302 1005 2376 1038; x_wconf 81' lang='lat' dir='ltr'>ens,</span> 
     </span>
     <span class='ocr_line' id='line_1_64' title="bbox 1411 1056 2371 1099; baseline 0.002 -10"><span class='ocrx_word' id='word_1_452' title='bbox 1411 1057 1489 1090; x_wconf 74' lang='lat' dir='ltr'>nini!</span> <span class='ocrx_word' id='word_1_453' title='bbox 1510 1066 1585 1090; x_wconf 83' lang='lat' dir='ltr'>vero</span> <span class='ocrx_word' id='word_1_454' title='bbox 1601 1066 1664 1090; x_wconf 91' lang='lat' dir='ltr'>non</span> <span class='ocrx_word' id='word_1_455' title='bbox 1685 1066 1762 1099; x_wconf 88' lang='lat' dir='ltr'>ens;</span> <span class='ocrx_word' id='word_1_456' title='bbox 1775 1056 1860 1098; x_wconf 83' lang='lat' dir='ltr'>quod</span> <span class='ocrx_word' id='word_1_457' title='bbox 1878 1058 1910 1090; x_wconf 87' lang='lat' dir='ltr'>te</span> <span class='ocrx_word' id='word_1_458' title='bbox 1925 1057 2034 1089; x_wconf 81' lang='lat' dir='ltr'>animo</span> <span class='ocrx_word' id='word_1_459' title='bbox 2052 1057 2247 1099; x_wconf 80' lang='lat' dir='ltr'>perpendere</span> <span class='ocrx_word' id='word_1_460' title='bbox 2260 1057 2371 1098; x_wconf 83' lang='lat' dir='ltr'>jubeo.</span> 
     </span>
    </p>
   </div>
   <div class='ocr_carea' id='block_1_16' title="bbox 1409 1192 2476 1716">
    <p class='ocr_par' dir='ltr' id='par_1_27' title="bbox 1409 1192 2476 1716">
     <span class='ocr_line' id='line_1_65' title="bbox 1412 1192 2476 1255; baseline 0.004 -17"><span class='ocrx_word' id='word_1_461' title='bbox 1412 1202 1502 1239; x_wconf 86' lang='lat' dir='ltr'>inde</span> <span class='ocrx_word' id='word_1_462' title='bbox 1535 1215 1556 1239; x_wconf 91' lang='lat' dir='ltr'>a</span> <span class='ocrx_word' id='word_1_463' title='bbox 1585 1202 1868 1251; x_wconf 86' lang='lat' dir='ltr'>quadragesimi</span> <span class='ocrx_word' id='word_1_464' title='bbox 1903 1203 2005 1238; x_wconf 89' lang='lat' dir='ltr'>tertii</span> <span class='ocrx_word' id='word_1_465' title='bbox 2040 1201 2115 1238; x_wconf 83' lang='lat' dir='ltr'>fine</span> <span class='ocrx_word' id='word_1_466' title='bbox 2149 1199 2237 1251; x_wconf 82' lang='grc' dir='ltr'>(ἔστι</span> <span class='ocrx_word' id='word_1_467' title='bbox 2267 1200 2336 1255; x_wconf 79' lang='grc' dir='ltr'>γὰρ</span> <span class='ocrx_word' id='word_1_468' title='bbox 2369 1192 2476 1251; x_wconf 66' lang='grc' dir='ltr'>εἶναι)</span> 
     </span>
     <span class='ocr_line' id='line_1_66' title="bbox 1410 1258 2476 1316; baseline 0.003 -19"><span class='ocrx_word' id='word_1_469' title='bbox 1410 1274 1530 1310; x_wconf 88' lang='lat' dir='ltr'>usque</span> <span class='ocrx_word' id='word_1_470' title='bbox 1549 1261 1598 1298; x_wconf 91' lang='lat' dir='ltr'>ad</span> <span class='ocrx_word' id='word_1_471' title='bbox 1620 1262 1979 1311; x_wconf 83' lang='lat' dir='ltr'>quinquagesimum</span> <span class='ocrx_word' id='word_1_472' title='bbox 1996 1262 2166 1310; x_wconf 91' lang='lat' dir='ltr'>primum</span> <span class='ocrx_word' id='word_1_473' title='bbox 2183 1259 2275 1312; x_wconf 77' lang='grc' dir='ltr'>(ἐστι</span> <span class='ocrx_word' id='word_1_474' title='bbox 2296 1258 2476 1316; x_wconf 65' lang='grc' dir='ltr'>κέλευθος)</span> 
     </span>
     <span class='ocr_line' id='line_1_67' title="bbox 1410 1321 2472 1373; baseline 0.003 -16"><span class='ocrx_word' id='word_1_475' title='bbox 1410 1321 1558 1370; x_wconf 84' lang='lat' dir='ltr'>profert</span> <span class='ocrx_word' id='word_1_476' title='bbox 1583 1321 1680 1359; x_wconf 87' lang='lat' dir='ltr'>ibid.</span> <span class='ocrx_word' id='word_1_477' title='bbox 1715 1321 1742 1359; x_wconf 88' lang='lat' dir='ltr'>f.</span> <span class='ocrx_word' id='word_1_478' title='bbox 1776 1321 1842 1367; x_wconf 81' lang='lat'>25,</span> <span class='ocrx_word' id='word_1_479' title='bbox 1870 1333 1913 1367; x_wconf 76' lang='lat' dir='ltr'>a,</span> <span class='ocrx_word' id='word_1_480' title='bbox 1942 1327 1980 1358; x_wconf 89' lang='lat' dir='ltr'>et</span> <span class='ocrx_word' id='word_1_481' title='bbox 2008 1333 2161 1358; x_wconf 88' lang='lat' dir='ltr'>versum</span> <span class='ocrx_word' id='word_1_482' title='bbox 2196 1322 2472 1373; x_wconf 74' lang='lat' dir='ltr'>quinquagesi-</span> 
     </span>
     <span class='ocr_line' id='line_1_68' title="bbox 1410 1380 2475 1432; baseline 0.003 -16"><span class='ocrx_word' id='word_1_483' title='bbox 1410 1393 1516 1416; x_wconf 89' lang='lat' dir='ltr'>mum</span> <span class='ocrx_word' id='word_1_484' title='bbox 1545 1380 1748 1429; x_wconf 86' lang='lat' dir='ltr'>separatim</span> <span class='ocrx_word' id='word_1_485' title='bbox 1782 1380 1875 1416; x_wconf 87' lang='lat' dir='ltr'>citat</span> <span class='ocrx_word' id='word_1_486' title='bbox 1893 1380 1922 1420; x_wconf 84' lang='lat' dir='ltr'>f,</span> <span class='ocrx_word' id='word_1_487' title='bbox 1950 1393 2012 1427; x_wconf 85' lang='lat'>17,</span> <span class='ocrx_word' id='word_1_488' title='bbox 2042 1392 2079 1419; x_wconf 90' lang='lat' dir='ltr'>a.</span> <span class='ocrx_word' id='word_1_489' title='bbox 2112 1381 2330 1430; x_wconf 87' lang='lat' dir='ltr'>Simplicius</span> <span class='ocrx_word' id='word_1_490' title='bbox 2358 1393 2475 1432; x_wconf 42' lang='lat' dir='ltr'>argu&lt;</span> 
     </span>
     <span class='ocr_line' id='line_1_69' title="bbox 1410 1440 2474 1488; baseline 0.005 -13"><span class='ocrx_word' id='word_1_491' title='bbox 1410 1440 1656 1476; x_wconf 87' lang='lat' dir='ltr'>mentationis</span> <span class='ocrx_word' id='word_1_492' title='bbox 1674 1451 1859 1476; x_wconf 86' lang='lat' dir='ltr'>summam</span> <span class='ocrx_word' id='word_1_493' title='bbox 1880 1440 1907 1478; x_wconf 89' lang='lat' dir='ltr'>l.</span> <span class='ocrx_word' id='word_1_494' title='bbox 1931 1452 1965 1477; x_wconf 89' lang='lat' dir='ltr'>c.</span> <span class='ocrx_word' id='word_1_495' title='bbox 1992 1440 2019 1478; x_wconf 82' lang='lat' dir='ltr'>f.</span> <span class='ocrx_word' id='word_1_496' title='bbox 2050 1451 2112 1488; x_wconf 87' lang='lat'>19,</span> <span class='ocrx_word' id='word_1_497' title='bbox 2134 1451 2171 1486; x_wconf 84' lang='lat' dir='ltr'>a,</span> <span class='ocrx_word' id='word_1_498' title='bbox 2191 1440 2245 1477; x_wconf 88' lang='lat' dir='ltr'>sic</span> <span class='ocrx_word' id='word_1_499' title='bbox 2272 1442 2474 1480; x_wconf 77' lang='lat' dir='ltr'>enuntiat:</span> 
     </span>
     <span class='ocr_line' id='line_1_70' title="bbox 1411 1492 2475 1551; baseline 0.003 -16"><span class='ocrx_word' id='word_1_500' title='bbox 1411 1499 1440 1536; x_wconf 92' lang='grc' dir='ltr'>εἶ</span> <span class='ocrx_word' id='word_1_501' title='bbox 1461 1492 1520 1537; x_wconf 65' lang='grc' dir='ltr'>οὖν</span> <span class='ocrx_word' id='word_1_502' title='bbox 1541 1499 1629 1550; x_wconf 85' lang='grc' dir='ltr'>ὅπερ</span> <span class='ocrx_word' id='word_1_503' title='bbox 1652 1497 1694 1535; x_wconf 82' lang='grc' dir='ltr'>ἄν</span> <span class='ocrx_word' id='word_1_504' title='bbox 1715 1513 1766 1541; x_wconf 86' lang='grc' dir='ltr'>τις</span> <span class='ocrx_word' id='word_1_505' title='bbox 1784 1495 1807 1544; x_wconf 83' lang='grc' dir='ltr'>ἢ</span> <span class='ocrx_word' id='word_1_506' title='bbox 1825 1497 1935 1551; x_wconf 75' lang='grc' dir='ltr'>νοήσῃ</span> <span class='ocrx_word' id='word_1_507' title='bbox 1952 1496 1976 1545; x_wconf 81' lang='grc' dir='ltr'>ἢ</span> <span class='ocrx_word' id='word_1_508' title='bbox 1995 1497 2078 1551; x_wconf 86' lang='grc' dir='ltr'>εἴπῃ</span> <span class='ocrx_word' id='word_1_509' title='bbox 2102 1498 2141 1536; x_wconf 83' lang='grc' dir='ltr'>τὸ</span> <span class='ocrx_word' id='word_1_510' title='bbox 2161 1496 2200 1537; x_wconf 82' lang='grc' dir='ltr'>ὄν</span> <span class='ocrx_word' id='word_1_511' title='bbox 2217 1499 2310 1547; x_wconf 77' lang='grc' dir='ltr'>ἐστι,</span> <span class='ocrx_word' id='word_1_512' title='bbox 2330 1498 2475 1538; x_wconf 80' lang='grc' dir='ltr'>πάντων</span> 
     </span>
     <span class='ocr_line' id='line_1_71' title="bbox 1412 1551 2473 1609; baseline 0.003 -13"><span class='ocrx_word' id='word_1_513' title='bbox 1412 1551 1472 1601; x_wconf 69' lang='grc' dir='ltr'>Εἷς</span> <span class='ocrx_word' id='word_1_514' title='bbox 1484 1557 1584 1596; x_wconf 84' lang='grc' dir='ltr'>ἔσται</span> <span class='ocrx_word' id='word_1_515' title='bbox 1602 1560 1620 1596; x_wconf 86' lang='grc' dir='ltr'><strong>ὁ</strong></span> <span class='ocrx_word' id='word_1_516' title='bbox 1640 1557 1740 1609; x_wconf 85' lang='grc' dir='ltr'>λόγος</span> <span class='ocrx_word' id='word_1_517' title='bbox 1757 1559 1775 1595; x_wconf 76' lang='grc' dir='ltr'><strong>ὃ</strong></span> <span class='ocrx_word' id='word_1_518' title='bbox 1789 1560 1850 1596; x_wconf 77' lang='grc' dir='ltr'>τοῦ</span> <span class='ocrx_word' id='word_1_519' title='bbox 1871 1556 1980 1601; x_wconf 77' lang='grc' dir='ltr'>ὄντος.</span> <span class='ocrx_word' id='word_1_520' title='bbox 1996 1559 2258 1607; x_wconf 87' lang='lat' dir='ltr'>Quamobrem</span> <span class='ocrx_word' id='word_1_521' title='bbox 2275 1560 2473 1599; x_wconf 79' lang='lat' dir='ltr'>Heindor-</span> 
     </span>
     <span class='ocr_line' id='line_1_72' title="bbox 1409 1617 2470 1668; baseline 0.004 -14"><span class='ocrx_word' id='word_1_522' title='bbox 1409 1617 1481 1654; x_wconf 87' lang='lat' dir='ltr'>fius</span> <span class='ocrx_word' id='word_1_523' title='bbox 1501 1618 1551 1654; x_wconf 86' lang='lat' dir='ltr'>ad</span> <span class='ocrx_word' id='word_1_524' title='bbox 1571 1619 1721 1655; x_wconf 85' lang='lat' dir='ltr'>Platon.</span> <span class='ocrx_word' id='word_1_525' title='bbox 1744 1618 1866 1668; x_wconf 84' lang='lat' dir='ltr'>Soph.</span> <span class='ocrx_word' id='word_1_526' title='bbox 1887 1631 1929 1668; x_wconf 90' lang='lat' dir='ltr'>p.</span> <span class='ocrx_word' id='word_1_527' title='bbox 1945 1618 2038 1668; x_wconf 81' lang='lat'><strong>239,</strong></span> <span class='ocrx_word' id='word_1_528' title='bbox 2066 1621 2111 1668; x_wconf 82' lang='grc' dir='ltr'>Β,</span> <span class='ocrx_word' id='word_1_529' title='bbox 2133 1619 2237 1656; x_wconf 85' lang='lat' dir='ltr'>hunc</span> <span class='ocrx_word' id='word_1_530' title='bbox 2266 1618 2398 1657; x_wconf 79' lang='lat' dir='ltr'>locum</span> <span class='ocrx_word' id='word_1_531' title='bbox 2415 1621 2470 1659; x_wconf 85' lang='lat' dir='ltr'>sic</span> 
     </span>
     <span class='ocr_line' id='line_1_73' title="bbox 1410 1678 1809 1716; baseline 0 -1"><span class='ocrx_word' id='word_1_532' title='bbox 1410 1678 1607 1715; x_wconf 88' lang='lat' dir='ltr'>emendari</span> <span class='ocrx_word' id='word_1_533' title='bbox 1626 1678 1785 1715; x_wconf 85' lang='lat' dir='ltr'>volebat</span> <span class='ocrx_word' id='word_1_534' title='bbox 1800 1689 1809 1716; x_wconf 72' lang='grc' dir='ltr'>ε</span> 
     </span>
    </p>
   </div>
   <div class='ocr_carea' id='block_1_17' title="bbox 1462 1754 2474 1874">
    <p class='ocr_par' dir='ltr' id='par_1_28' title="bbox 1462 1754 2474 1874">
     <span class='ocr_line' id='line_1_74' title="bbox 1462 1754 2474 1818; baseline 0.006 -21"><span class='ocrx_word' id='word_1_535' title='bbox 1462 1758 1534 1812; x_wconf 81' lang='grc' dir='ltr'>χρὴ</span> <span class='ocrx_word' id='word_1_536' title='bbox 1553 1759 1592 1800; x_wconf 85' lang='lat' dir='ltr'>rb</span> <span class='ocrx_word' id='word_1_537' title='bbox 1611 1758 1738 1812; x_wconf 83' lang='grc' dir='ltr'>λέγεις,</span> <span class='ocrx_word' id='word_1_538' title='bbox 1752 1758 1791 1798; x_wconf 86' lang='lat' dir='ltr'>rb</span> <span class='ocrx_word' id='word_1_539' title='bbox 1799 1761 1887 1804; x_wconf 87' lang='grc' dir='ltr'>νοεῖς</span> <span class='ocrx_word' id='word_1_540' title='bbox 1897 1761 1928 1798; x_wconf 86' lang='grc' dir='ltr'>τ’</span> <span class='ocrx_word' id='word_1_541' title='bbox 1946 1758 2000 1798; x_wconf 81' lang='grc' dir='ltr'>ἐὸν</span> <span class='ocrx_word' id='word_1_542' title='bbox 2012 1758 2182 1811; x_wconf 84' lang='grc' dir='ltr'>ἔμμεναι·</span> <span class='ocrx_word' id='word_1_543' title='bbox 2194 1759 2269 1800; x_wconf 68' lang='grc' dir='ltr'>ἔστι</span> <span class='ocrx_word' id='word_1_544' title='bbox 2284 1759 2352 1816; x_wconf 78' lang='grc' dir='ltr'>γὰρ</span> <span class='ocrx_word' id='word_1_545' title='bbox 2366 1754 2474 1818; x_wconf 72' lang='grc' dir='ltr'>εἶναι,</span> 
     </span>
     <span class='ocr_line' id='line_1_75' title="bbox 1464 1813 2425 1874; baseline 0.006 -17"><span class='ocrx_word' id='word_1_546' title='bbox 1464 1818 1514 1870; x_wconf 82' lang='grc' dir='ltr'>μὴ</span> <span class='ocrx_word' id='word_1_547' title='bbox 1539 1818 1570 1858; x_wconf 83' lang='grc' dir='ltr'>δ’</span> <span class='ocrx_word' id='word_1_548' title='bbox 1592 1813 1652 1858; x_wconf 71' lang='grc' dir='ltr'>εἶν’</span> <span class='ocrx_word' id='word_1_549' title='bbox 1674 1818 1867 1859; x_wconf 83' lang='grc' dir='ltr'>οὐκέστιν·</span> <span class='ocrx_word' id='word_1_550' title='bbox 1891 1819 1936 1859; x_wconf 79' lang='grc' dir='ltr'>τά</span> <span class='ocrx_word' id='word_1_551' title='bbox 1960 1819 1998 1858; x_wconf 84' lang='grc' dir='ltr'>τέ</span> <span class='ocrx_word' id='word_1_552' title='bbox 2017 1835 2056 1860; x_wconf 91' lang='grc' dir='ltr'>σε</span> <span class='ocrx_word' id='word_1_553' title='bbox 2077 1820 2269 1874; x_wconf 81' lang='grc' dir='ltr'>φράζεσθαι</span> <span class='ocrx_word' id='word_1_554' title='bbox 2289 1820 2425 1874; x_wconf 81' lang='grc' dir='ltr'>ἄνωγα.</span> 
     </span>
    </p>
   </div>
   <div class='ocr_carea' id='block_1_18' title="bbox 1405 1901 2490 3572">
    <p class='ocr_par' dir='ltr' id='par_1_29' title="bbox 1406 1901 2474 2720">
     <span class='ocr_line' id='line_1_76' title="bbox 1408 1901 2470 1956; baseline 0.005 -16"><span class='ocrx_word' id='word_1_555' title='bbox 1408 1905 1528 1941; x_wconf 88' lang='lat' dir='ltr'>Recte</span> <span class='ocrx_word' id='word_1_556' title='bbox 1542 1905 1672 1954; x_wconf 89' lang='lat' dir='ltr'>posuit</span> <span class='ocrx_word' id='word_1_557' title='bbox 1682 1902 1736 1942; x_wconf 84' lang='grc' dir='ltr'>ἐὸν</span> <span class='ocrx_word' id='word_1_558' title='bbox 1755 1917 1830 1953; x_wconf 89' lang='lat' dir='ltr'>pro</span> <span class='ocrx_word' id='word_1_559' title='bbox 1850 1901 1889 1942; x_wconf 83' lang='grc' dir='ltr'>ὂν</span> <span class='ocrx_word' id='word_1_560' title='bbox 1902 1904 2010 1953; x_wconf 90' lang='lat' dir='ltr'>quod</span> <span class='ocrx_word' id='word_1_561' title='bbox 2022 1911 2077 1941; x_wconf 89' lang='lat' dir='ltr'>est</span> <span class='ocrx_word' id='word_1_562' title='bbox 2087 1905 2191 1954; x_wconf 79' lang='lat' dir='ltr'>apud</span> <span class='ocrx_word' id='word_1_563' title='bbox 2205 1903 2470 1956; x_wconf 82' lang='lat' dir='ltr'>Simplicium3</span> 
     </span>
     <span class='ocr_line' id='line_1_77' title="bbox 1407 1963 2474 2015; baseline 0.005 -14"><span class='ocrx_word' id='word_1_564' title='bbox 1407 1973 1592 2013; x_wconf 84' lang='lat' dir='ltr'>praeterea</span> <span class='ocrx_word' id='word_1_565' title='bbox 1606 1965 1720 2001; x_wconf 87' lang='lat' dir='ltr'>metri</span> <span class='ocrx_word' id='word_1_566' title='bbox 1733 1977 1845 2002; x_wconf 85' lang='lat' dir='ltr'>causa</span> <span class='ocrx_word' id='word_1_567' title='bbox 1859 1963 2014 2001; x_wconf 90' lang='lat' dir='ltr'>addidit</span> <span class='ocrx_word' id='word_1_568' title='bbox 2025 1978 2065 2002; x_wconf 90' lang='grc' dir='ltr'>τε</span> <span class='ocrx_word' id='word_1_569' title='bbox 2077 1968 2167 2015; x_wconf 84' lang='lat' dir='ltr'>post</span> <span class='ocrx_word' id='word_1_570' title='bbox 2182 1964 2242 2015; x_wconf 80' lang='grc' dir='ltr'>τά,</span> <span class='ocrx_word' id='word_1_571' title='bbox 2254 1966 2323 2004; x_wconf 85' lang='lat' dir='ltr'>sed</span> <span class='ocrx_word' id='word_1_572' title='bbox 2336 1975 2474 2007; x_wconf 69' lang='lat' dir='ltr'>catera</span> 
     </span>
     <span class='ocr_line' id='line_1_78' title="bbox 1407 2024 2474 2074; baseline 0.004 -13"><span class='ocrx_word' id='word_1_573' title='bbox 1407 2038 1488 2061; x_wconf 88' lang='lat' dir='ltr'>non</span> <span class='ocrx_word' id='word_1_574' title='bbox 1515 2033 1604 2062; x_wconf 89' lang='lat' dir='ltr'>sunt</span> <span class='ocrx_word' id='word_1_575' title='bbox 1629 2024 1882 2062; x_wconf 88' lang='lat' dir='ltr'>emendanda.</span> <span class='ocrx_word' id='word_1_576' title='bbox 1913 2026 2056 2074; x_wconf 87' lang='lat' dir='ltr'>Aperte</span> <span class='ocrx_word' id='word_1_577' title='bbox 2089 2026 2191 2062; x_wconf 89' lang='lat' dir='ltr'>enim</span> <span class='ocrx_word' id='word_1_578' title='bbox 2224 2026 2474 2068; x_wconf 65' lang='lat' dir='ltr'>Parmenides</span> 
     </span>
     <span class='ocr_line' id='line_1_79' title="bbox 1407 2084 2472 2138; baseline 0.006 -18"><span class='ocrx_word' id='word_1_579' title='bbox 1407 2085 1481 2122; x_wconf 89' lang='lat' dir='ltr'>hoc</span> <span class='ocrx_word' id='word_1_580' title='bbox 1500 2086 1553 2122; x_wconf 87' lang='lat' dir='ltr'>ait</span> <span class='ocrx_word' id='word_1_581' title='bbox 1575 2098 1584 2122; x_wconf 77' lang='lat' dir='ltr'>z</span> <span class='ocrx_word' id='word_1_582' title='bbox 1608 2090 1762 2134; x_wconf 90' lang='lat' dir='ltr'>oportet</span> <span class='ocrx_word' id='word_1_583' title='bbox 1790 2084 1919 2121; x_wconf 88' lang='lat' dir='ltr'>dicere</span> <span class='ocrx_word' id='word_1_584' title='bbox 1939 2091 1978 2121; x_wconf 92' lang='lat' dir='ltr'>et</span> <span class='ocrx_word' id='word_1_585' title='bbox 1996 2086 2166 2134; x_wconf 86' lang='lat' dir='ltr'>cogitare</span> <span class='ocrx_word' id='word_1_586' title='bbox 2182 2098 2260 2123; x_wconf 88' lang='lat' dir='ltr'>esse</span> <span class='ocrx_word' id='word_1_587' title='bbox 2270 2099 2348 2135; x_wconf 83' lang='lat' dir='ltr'>ens,</span> <span class='ocrx_word' id='word_1_588' title='bbox 2363 2088 2472 2138; x_wconf 83' lang='lat' dir='ltr'>quod</span> 
     </span>
     <span class='ocr_line' id='line_1_80' title="bbox 1407 2145 2466 2200; baseline 0.006 -20"><span class='ocrx_word' id='word_1_589' title='bbox 1407 2145 1677 2181; x_wconf 83' lang='lat' dir='ltr'>Fiillebornius</span> <span class='ocrx_word' id='word_1_590' title='bbox 1703 2145 1758 2181; x_wconf 89' lang='lat' dir='ltr'>sic</span> <span class='ocrx_word' id='word_1_591' title='bbox 1791 2151 2028 2193; x_wconf 82' lang='lat' dir='ltr'>expresserat</span> <span class='ocrx_word' id='word_1_592' title='bbox 2051 2157 2060 2181; x_wconf 76' lang='lat' dir='ltr'>z</span> <span class='ocrx_word' id='word_1_593' title='bbox 2079 2157 2120 2181; x_wconf 88' lang='lat' dir='ltr'>es</span> <span class='ocrx_word' id='word_1_594' title='bbox 2136 2147 2184 2184; x_wconf 74' lang='lat' dir='ltr'>ist</span> <span class='ocrx_word' id='word_1_595' title='bbox 2201 2146 2466 2200; x_wconf 72' lang='lat' dir='ltr'>nothwemh‘g,</span> 
     </span>
     <span class='ocr_line' id='line_1_81' title="bbox 1406 2204 2473 2251; baseline 0.007 -13"><span class='ocrx_word' id='word_1_596' title='bbox 1406 2204 1496 2239; x_wconf 81' lang='lat' dir='ltr'>dass</span> <span class='ocrx_word' id='word_1_597' title='bbox 1519 2205 1591 2239; x_wconf 84' lang='lat' dir='ltr'>das</span> <span class='ocrx_word' id='word_1_598' title='bbox 1616 2204 1745 2251; x_wconf 77' lang='lat' dir='ltr'>Sagen</span> <span class='ocrx_word' id='word_1_599' title='bbox 1775 2204 1855 2239; x_wconf 80' lang='lat' dir='ltr'>und</span> <span class='ocrx_word' id='word_1_600' title='bbox 1869 2204 2025 2240; x_wconf 55' lang='lat' dir='ltr'>Dent-en</span> <span class='ocrx_word' id='word_1_601' title='bbox 2041 2205 2113 2241; x_wconf 80' lang='lat' dir='ltr'>das</span> <span class='ocrx_word' id='word_1_602' title='bbox 2133 2205 2297 2243; x_wconf 63' lang='lat' dir='ltr'>Sea-nde</span> <span class='ocrx_word' id='word_1_603' title='bbox 2323 2209 2385 2246; x_wconf 77' lang='lat' dir='ltr'>ist.</span> <span class='ocrx_word' id='word_1_604' title='bbox 2406 2209 2473 2246; x_wconf 76' lang='lat' dir='ltr'>Est</span> 
     </span>
     <span class='ocr_line' id='line_1_82' title="bbox 1408 2264 2470 2315; baseline 0.007 -17"><span class='ocrx_word' id='word_1_605' title='bbox 1408 2264 1509 2299; x_wconf 90' lang='lat' dir='ltr'>enim</span> <span class='ocrx_word' id='word_1_606' title='bbox 1526 2265 1652 2300; x_wconf 75' lang='lat' dir='ltr'>dIcere</span> <span class='ocrx_word' id='word_1_607' title='bbox 1674 2271 1712 2300; x_wconf 93' lang='lat' dir='ltr'>et</span> <span class='ocrx_word' id='word_1_608' title='bbox 1737 2267 1919 2312; x_wconf 78' lang='lat' dir='ltr'>cogitare,</span> <span class='ocrx_word' id='word_1_609' title='bbox 1951 2264 2143 2314; x_wconf 87' lang='lat' dir='ltr'>quidquid</span> <span class='ocrx_word' id='word_1_610' title='bbox 2165 2273 2293 2303; x_wconf 87' lang='lat' dir='ltr'>autem</span> <span class='ocrx_word' id='word_1_611' title='bbox 2314 2274 2382 2315; x_wconf 82' lang='lat' dir='ltr'>est,</span> <span class='ocrx_word' id='word_1_612' title='bbox 2401 2280 2470 2306; x_wconf 80' lang='lat' dir='ltr'>ne·</span> 
     </span>
     <span class='ocr_line' id='line_1_83' title="bbox 1408 2323 2469 2374; baseline 0.006 -14"><span class='ocrx_word' id='word_1_613' title='bbox 1408 2323 1573 2360; x_wconf 85' lang='lat' dir='ltr'>cessario</span> <span class='ocrx_word' id='word_1_614' title='bbox 1594 2336 1659 2360; x_wconf 89' lang='lat' dir='ltr'>ens</span> <span class='ocrx_word' id='word_1_615' title='bbox 1683 2331 1758 2369; x_wconf 82' lang='lat' dir='ltr'>est3</span> <span class='ocrx_word' id='word_1_616' title='bbox 1781 2337 1873 2374; x_wconf 86' lang='lat' dir='ltr'>ergo</span> <span class='ocrx_word' id='word_1_617' title='bbox 1905 2325 2028 2360; x_wconf 77' lang='lat' dir='ltr'>dicere</span> <span class='ocrx_word' id='word_1_618' title='bbox 2053 2332 2091 2361; x_wconf 84' lang='lat' dir='ltr'>et</span> <span class='ocrx_word' id='word_1_619' title='bbox 2116 2329 2286 2373; x_wconf 77' lang='lat' dir='ltr'>cogitare</span> <span class='ocrx_word' id='word_1_620' title='bbox 2305 2339 2372 2364; x_wconf 80' lang='lat' dir='ltr'>ens</span> <span class='ocrx_word' id='word_1_621' title='bbox 2399 2334 2469 2366; x_wconf 85' lang='lat' dir='ltr'>est.</span> 
     </span>
     <span class='ocr_line' id='line_1_84' title="bbox 1407 2382 2472 2435; baseline 0.005 -17"><span class='ocrx_word' id='word_1_622' title='bbox 1407 2383 1542 2432; x_wconf 90' lang='lat' dir='ltr'>Neque</span> <span class='ocrx_word' id='word_1_623' title='bbox 1571 2390 1699 2419; x_wconf 83' lang='lat' dir='ltr'>tamen</span> <span class='ocrx_word' id='word_1_624' title='bbox 1726 2383 1767 2419; x_wconf 89' lang='lat' dir='ltr'>id</span> <span class='ocrx_word' id='word_1_625' title='bbox 1793 2382 1947 2420; x_wconf 89' lang='lat' dir='ltr'>efficere</span> <span class='ocrx_word' id='word_1_626' title='bbox 1976 2382 2105 2420; x_wconf 87' lang='lat' dir='ltr'>studet</span> <span class='ocrx_word' id='word_1_627' title='bbox 2127 2383 2405 2435; x_wconf 83' lang='lat' dir='ltr'>philosophus,</span> <span class='ocrx_word' id='word_1_628' title='bbox 2425 2393 2472 2423; x_wconf 84' lang='lat' dir='ltr'>ut</span> 
     </span>
     <span class='ocr_line' id='line_1_85' title="bbox 1409 2442 2471 2495; baseline 0.005 -17"><span class='ocrx_word' id='word_1_629' title='bbox 1409 2442 1583 2479; x_wconf 89' lang='lat' dir='ltr'>deleatur</span> <span class='ocrx_word' id='word_1_630' title='bbox 1605 2442 1809 2479; x_wconf 82' lang='lat' dir='ltr'>discrimen</span> <span class='ocrx_word' id='word_1_631' title='bbox 1831 2442 1938 2491; x_wconf 90' lang='lat' dir='ltr'>quod</span> <span class='ocrx_word' id='word_1_632' title='bbox 1958 2450 2014 2479; x_wconf 87' lang='lat' dir='ltr'>est</span> <span class='ocrx_word' id='word_1_633' title='bbox 2031 2443 2130 2479; x_wconf 88' lang='lat' dir='ltr'>inter</span> <span class='ocrx_word' id='word_1_634' title='bbox 2149 2455 2227 2480; x_wconf 90' lang='lat' dir='ltr'>esse</span> <span class='ocrx_word' id='word_1_635' title='bbox 2246 2451 2284 2480; x_wconf 92' lang='lat' dir='ltr'>et</span> <span class='ocrx_word' id='word_1_636' title='bbox 2300 2444 2471 2495; x_wconf 77' lang='lat' dir='ltr'>cogitare</span> 
     </span>
     <span class='ocr_line' id='line_1_86' title="bbox 1408 2502 2470 2552; baseline 0.004 -14"><span class='ocrx_word' id='word_1_637' title='bbox 1408 2503 1609 2551; x_wconf 88' lang='lat' dir='ltr'>omnisque</span> <span class='ocrx_word' id='word_1_638' title='bbox 1630 2514 1763 2539; x_wconf 90' lang='lat' dir='ltr'>rerum</span> <span class='ocrx_word' id='word_1_639' title='bbox 1792 2502 2055 2552; x_wconf 85' lang='lat' dir='ltr'>discrepantia</span> <span class='ocrx_word' id='word_1_640' title='bbox 2075 2503 2246 2550; x_wconf 90' lang='lat' dir='ltr'>tollatur,</span> <span class='ocrx_word' id='word_1_641' title='bbox 2279 2503 2470 2542; x_wconf 60' lang='lat' dir='ltr'>setl&#39;nihil</span> 
     </span>
     <span class='ocr_line' id='line_1_87' title="bbox 1406 2563 2471 2612; baseline 0.004 -14"><span class='ocrx_word' id='word_1_642' title='bbox 1406 2575 1562 2611; x_wconf 88' lang='lat' dir='ltr'>prorsus</span> <span class='ocrx_word' id='word_1_643' title='bbox 1590 2575 1670 2599; x_wconf 90' lang='lat' dir='ltr'>non</span> <span class='ocrx_word' id='word_1_644' title='bbox 1702 2575 1807 2609; x_wconf 87' lang='lat' dir='ltr'>esse,</span> <span class='ocrx_word' id='word_1_645' title='bbox 1838 2575 1903 2600; x_wconf 87' lang='lat' dir='ltr'>ens</span> <span class='ocrx_word' id='word_1_646' title='bbox 1931 2575 2002 2612; x_wconf 87' lang='lat' dir='ltr'>per</span> <span class='ocrx_word' id='word_1_647' title='bbox 2029 2563 2157 2599; x_wconf 86' lang='lat' dir='ltr'>omnia</span> <span class='ocrx_word' id='word_1_648' title='bbox 2187 2575 2265 2599; x_wconf 90' lang='lat' dir='ltr'>esse</span> <span class='ocrx_word' id='word_1_649' title='bbox 2288 2563 2471 2603; x_wconf 76' lang='lat' dir='ltr'>diffusum</span> 
     </span>
     <span class='ocr_line' id='line_1_88' title="bbox 1406 2621 2466 2673; baseline 0.004 -15"><span class='ocrx_word' id='word_1_650' title='bbox 1406 2634 1534 2671; x_wconf 88' lang='lat' dir='ltr'>neque</span> <span class='ocrx_word' id='word_1_651' title='bbox 1554 2623 1635 2660; x_wconf 88' lang='lat' dir='ltr'>siue</span> <span class='ocrx_word' id='word_1_652' title='bbox 1655 2623 1731 2660; x_wconf 90' lang='lat' dir='ltr'>hoc</span> <span class='ocrx_word' id='word_1_653' title='bbox 1753 2623 1828 2660; x_wconf 92' lang='lat' dir='ltr'>dici</span> <span class='ocrx_word' id='word_1_654' title='bbox 1861 2623 2072 2673; x_wconf 86' lang='lat' dir='ltr'>cogitarive</span> <span class='ocrx_word' id='word_1_655' title='bbox 2093 2621 2310 2671; x_wconf 87' lang='lat' dir='ltr'>quidquam</span> <span class='ocrx_word' id='word_1_656' title='bbox 2328 2629 2442 2673; x_wconf 83' lang='lat' dir='ltr'>posse</span> <span class='ocrx_word' id='word_1_657' title='bbox 2456 2653 2466 2670; x_wconf 88' lang='lat'><strong>‚</strong></span> 
     </span>
     <span class='ocr_line' id='line_1_89' title="bbox 1406 2681 1585 2720; baseline 0.004 -2"><span class='ocrx_word' id='word_1_658' title='bbox 1406 2681 1585 2720; x_wconf 84' lang='lat' dir='ltr'>affirmat.</span> 
     </span>
    </p>

    <p class='ocr_par' dir='ltr' id='par_1_30' title="bbox 1405 2733 2490 3572">
     <span class='ocr_line' id='line_1_90' title="bbox 1461 2733 2471 2793; baseline 0.003 -15"><span class='ocrx_word' id='word_1_659' title='bbox 1461 2743 1506 2780; x_wconf 95' lang='lat' dir='ltr'>V.</span> <span class='ocrx_word' id='word_1_660' title='bbox 1531 2746 1594 2786; x_wconf 76' lang='grc'>44.</span> <span class='ocrx_word' id='word_1_661' title='bbox 1621 2742 1837 2791; x_wconf 89' lang='lat' dir='ltr'>Simplicius</span> <span class='ocrx_word' id='word_1_662' title='bbox 1857 2741 1884 2778; x_wconf 87' lang='lat' dir='ltr'>f.</span> <span class='ocrx_word' id='word_1_663' title='bbox 1912 2754 1975 2791; x_wconf 91' lang='lat'>19,</span> <span class='ocrx_word' id='word_1_664' title='bbox 2011 2753 2048 2788; x_wconf 91' lang='lat' dir='ltr'>a,</span> <span class='ocrx_word' id='word_1_665' title='bbox 2069 2754 2142 2790; x_wconf 90' lang='lat' dir='ltr'>pro</span> <span class='ocrx_word' id='word_1_666' title='bbox 2162 2741 2225 2779; x_wconf 83' lang='grc' dir='ltr'>οὐκ</span> <span class='ocrx_word' id='word_1_667' title='bbox 2251 2733 2344 2780; x_wconf 72' lang='grc' dir='ltr'>εἶναι</span> <span class='ocrx_word' id='word_1_668' title='bbox 2376 2743 2471 2793; x_wconf 78' lang='lat' dir='ltr'>legit</span> 
     </span>
     <span class='ocr_line' id='line_1_91' title="bbox 1406 2800 2471 2852; baseline 0.002 -14"><span class='ocrx_word' id='word_1_669' title='bbox 1406 2801 1470 2838; x_wconf 81' lang='grc' dir='ltr'>οὐκ</span> <span class='ocrx_word' id='word_1_670' title='bbox 1493 2800 1599 2848; x_wconf 84' lang='grc' dir='ltr'>ἔστιν,</span> <span class='ocrx_word' id='word_1_671' title='bbox 1632 2815 1713 2839; x_wconf 89' lang='lat' dir='ltr'>non</span> <span class='ocrx_word' id='word_1_672' title='bbox 1739 2803 1868 2852; x_wconf 87' lang='lat' dir='ltr'>inepte</span> <span class='ocrx_word' id='word_1_673' title='bbox 1883 2829 1893 2849; x_wconf 93' lang='lat'>‚</span> <span class='ocrx_word' id='word_1_674' title='bbox 1915 2802 1981 2839; x_wconf 88' lang='lat' dir='ltr'>sed</span> <span class='ocrx_word' id='word_1_675' title='bbox 2001 2802 2137 2839; x_wconf 90' lang='lat' dir='ltr'>melius</span> <span class='ocrx_word' id='word_1_676' title='bbox 2157 2808 2412 2851; x_wconf 81' lang='lat' dir='ltr'>opponuntur</span> <span class='ocrx_word' id='word_1_677' title='bbox 2430 2801 2471 2840; x_wconf 82' lang='lat' dir='ltr'>rb</span> 
     </span>
     <span class='ocr_line' id='line_1_92' title="bbox 1407 2852 2470 2912; baseline 0.003 -15"><span class='ocrx_word' id='word_1_678' title='bbox 1407 2852 1496 2899; x_wconf 72' lang='grc' dir='ltr'>εἶναι</span> <span class='ocrx_word' id='word_1_679' title='bbox 1514 2868 1551 2898; x_wconf 89' lang='lat' dir='ltr'>et</span> <span class='ocrx_word' id='word_1_680' title='bbox 1571 2860 1610 2899; x_wconf 84' lang='lat' dir='ltr'>rb</span> <span class='ocrx_word' id='word_1_681' title='bbox 1632 2861 1695 2898; x_wconf 82' lang='grc' dir='ltr'>οὐκ</span> <span class='ocrx_word' id='word_1_682' title='bbox 1715 2853 1817 2908; x_wconf 72' lang='grc' dir='ltr'>εἶναι,</span> <span class='ocrx_word' id='word_1_683' title='bbox 1830 2874 1903 2912; x_wconf 90' lang='lat' dir='ltr'>pro</span> <span class='ocrx_word' id='word_1_684' title='bbox 1925 2874 2003 2911; x_wconf 90' lang='lat' dir='ltr'>quo</span> <span class='ocrx_word' id='word_1_685' title='bbox 2015 2861 2140 2898; x_wconf 88' lang='lat' dir='ltr'>soluta</span> <span class='ocrx_word' id='word_1_686' title='bbox 2157 2861 2280 2899; x_wconf 87' lang='lat' dir='ltr'>oratio</span> <span class='ocrx_word' id='word_1_687' title='bbox 2298 2862 2470 2912; x_wconf 76' lang='lat' dir='ltr'>postulat</span> 
     </span>
     <span class='ocr_line' id='line_1_93' title="bbox 1405 2913 2469 2971; baseline 0.002 -14"><span class='ocrx_word' id='word_1_688' title='bbox 1405 2919 1445 2958; x_wconf 86' lang='lat' dir='ltr'>rb</span> <span class='ocrx_word' id='word_1_689' title='bbox 1459 2918 1518 2970; x_wconf 86' lang='grc' dir='ltr'>,μὴ</span> <span class='ocrx_word' id='word_1_690' title='bbox 1540 2913 1642 2959; x_wconf 66' lang='grc' dir='ltr'>εἶναι.</span> <span class='ocrx_word' id='word_1_691' title='bbox 1664 2919 1858 2958; x_wconf 89' lang='lat' dir='ltr'>Sententia</span> <span class='ocrx_word' id='word_1_692' title='bbox 1877 2922 1995 2971; x_wconf 86' lang='lat' dir='ltr'>igitur</span> <span class='ocrx_word' id='word_1_693' title='bbox 2011 2921 2090 2957; x_wconf 85' lang='lat' dir='ltr'>haec</span> <span class='ocrx_word' id='word_1_694' title='bbox 2108 2928 2164 2958; x_wconf 88' lang='lat' dir='ltr'>est</span> <span class='ocrx_word' id='word_1_695' title='bbox 2186 2934 2195 2957; x_wconf 71' lang='grc' dir='ltr'>ι</span> <span class='ocrx_word' id='word_1_696' title='bbox 2219 2918 2260 2958; x_wconf 88' lang='lat' dir='ltr'>rb</span> <span class='ocrx_word' id='word_1_697' title='bbox 2285 2918 2350 2971; x_wconf 81' lang='grc' dir='ltr'>μὲν</span> <span class='ocrx_word' id='word_1_698' title='bbox 2378 2913 2469 2960; x_wconf 65' lang='grc' dir='ltr'>εἶναι</span> 
     </span>
     <span class='ocr_line' id='line_1_94' title="bbox 1407 2973 2469 3030; baseline 0.004 -14"><span class='ocrx_word' id='word_1_699' title='bbox 1407 2978 1494 3027; x_wconf 80' lang='grc' dir='ltr'>ἔστι,</span> <span class='ocrx_word' id='word_1_700' title='bbox 1512 2978 1552 3018; x_wconf 84' lang='grc' dir='ltr'>τὸ</span> <span class='ocrx_word' id='word_1_701' title='bbox 1573 2978 1609 3017; x_wconf 83' lang='grc' dir='ltr'>δὲ</span> <span class='ocrx_word' id='word_1_702' title='bbox 1628 2979 1678 3030; x_wconf 86' lang='grc' dir='ltr'>μὴ</span> <span class='ocrx_word' id='word_1_703' title='bbox 1695 2973 1785 3018; x_wconf 69' lang='grc' dir='ltr'>εἶναι</span> <span class='ocrx_word' id='word_1_704' title='bbox 1799 2979 1909 3026; x_wconf 83' lang='grc' dir='ltr'>μηδέν</span> <span class='ocrx_word' id='word_1_705' title='bbox 1930 2980 2038 3018; x_wconf 82' lang='grc' dir='ltr'>ἐστιν.</span> <span class='ocrx_word' id='word_1_706' title='bbox 2057 2981 2139 3028; x_wconf 86' lang='lat' dir='ltr'>Qua</span> <span class='ocrx_word' id='word_1_707' title='bbox 2158 2981 2205 3018; x_wconf 92' lang='lat' dir='ltr'>de</span> <span class='ocrx_word' id='word_1_708' title='bbox 2221 2993 2263 3018; x_wconf 88' lang='lat' dir='ltr'>re</span> <span class='ocrx_word' id='word_1_709' title='bbox 2285 2982 2339 3018; x_wconf 87' lang='lat' dir='ltr'>ita</span> <span class='ocrx_word' id='word_1_710' title='bbox 2358 2982 2469 3020; x_wconf 77' lang='lat' dir='ltr'>Plato</span> 
     </span>
     <span class='ocr_line' id='line_1_95' title="bbox 1407 3037 2469 3092; baseline 0.004 -17"><span class='ocrx_word' id='word_1_711' title='bbox 1407 3041 1582 3079; x_wconf 89' lang='lat' dir='ltr'>Parmen.</span> <span class='ocrx_word' id='word_1_712' title='bbox 1605 3053 1647 3089; x_wconf 91' lang='lat' dir='ltr'>p.</span> <span class='ocrx_word' id='word_1_713' title='bbox 1678 3039 1765 3089; x_wconf 80' lang='lat'>163,</span> <span class='ocrx_word' id='word_1_714' title='bbox 1791 3041 1820 3077; x_wconf 91' lang='lat' dir='ltr'>C</span> <span class='ocrx_word' id='word_1_715' title='bbox 1849 3053 1858 3076; x_wconf 91' lang='lat'>:</span> <span class='ocrx_word' id='word_1_716' title='bbox 1891 3040 2008 3089; x_wconf 75' lang='grc' dir='ltr'>Τοῦτο</span> <span class='ocrx_word' id='word_1_717' title='bbox 2031 3038 2071 3077; x_wconf 89' lang='lat' dir='ltr'>rb</span> <span class='ocrx_word' id='word_1_718' title='bbox 2086 3037 2135 3089; x_wconf 83' lang='grc' dir='ltr'>μὴ</span> <span class='ocrx_word' id='word_1_719' title='bbox 2161 3038 2252 3087; x_wconf 65' lang='grc' dir='ltr'>ἔστι,</span> <span class='ocrx_word' id='word_1_720' title='bbox 2279 3039 2469 3092; x_wconf 79' lang='grc' dir='ltr'>λεγόμενον</span> 
     </span>
     <span class='ocr_line' id='line_1_96' title="bbox 1407 3096 2469 3154; baseline 0.002 -18"><span class='ocrx_word' id='word_1_721' title='bbox 1407 3098 1540 3147; x_wconf 79' lang='grc' dir='ltr'>ἁπλῶς,</span> <span class='ocrx_word' id='word_1_722' title='bbox 1557 3097 1724 3151; x_wconf 80' lang='grc' dir='ltr'>σημαίνει</span> <span class='ocrx_word' id='word_1_723' title='bbox 1740 3096 1794 3136; x_wconf 84' lang='grc' dir='ltr'>ὅτι</span> <span class='ocrx_word' id='word_1_724' title='bbox 1810 3098 1971 3149; x_wconf 79' lang='grc' dir='ltr'>οὐδαμῶς</span> <span class='ocrx_word' id='word_1_725' title='bbox 1985 3099 2124 3152; x_wconf 81' lang='grc' dir='ltr'>οὐδαμῇ</span> <span class='ocrx_word' id='word_1_726' title='bbox 2141 3097 2236 3137; x_wconf 85' lang='grc' dir='ltr'>ἔστιν</span> <span class='ocrx_word' id='word_1_727' title='bbox 2248 3098 2388 3154; x_wconf 77' lang='grc' dir='ltr'>οὗδέπῃ</span> <span class='ocrx_word' id='word_1_728' title='bbox 2405 3114 2469 3152; x_wconf 64' lang='grc' dir='ltr'>με·</span> 
     </span>
     <span class='ocr_line' id='line_1_97' title="bbox 1408 3152 2468 3212; baseline 0.002 -15"><span class='ocrx_word' id='word_1_729' title='bbox 1408 3157 1502 3211; x_wconf 80' lang='grc' dir='ltr'>τέχει</span> <span class='ocrx_word' id='word_1_730' title='bbox 1520 3158 1640 3202; x_wconf 72' lang='grc' dir='ltr'>οὐσίας</span> <span class='ocrx_word' id='word_1_731' title='bbox 1656 3158 1697 3198; x_wconf 87' lang='grc' dir='ltr'>τό</span> <span class='ocrx_word' id='word_1_732' title='bbox 1711 3173 1751 3209; x_wconf 88' lang='grc' dir='ltr'>γε</span> <span class='ocrx_word' id='word_1_733' title='bbox 1768 3157 1819 3210; x_wconf 73' lang='grc' dir='ltr'>μὴ</span> <span class='ocrx_word' id='word_1_734' title='bbox 1839 3157 1892 3198; x_wconf 79' lang='grc' dir='ltr'>ὅν.</span> <span class='ocrx_word' id='word_1_735' title='bbox 1911 3180 1962 3187; x_wconf 89' lang='grc'>-</span> <span class='ocrx_word' id='word_1_736' title='bbox 1983 3156 2055 3196; x_wconf 85' lang='grc' dir='ltr'>οὔτ’</span> <span class='ocrx_word' id='word_1_737' title='bbox 2076 3158 2145 3212; x_wconf 83' lang='grc' dir='ltr'>ἄρα</span> <span class='ocrx_word' id='word_1_738' title='bbox 2162 3152 2252 3198; x_wconf 70' lang='grc' dir='ltr'>εἶναι</span> <span class='ocrx_word' id='word_1_739' title='bbox 2269 3157 2411 3199; x_wconf 82' lang='grc' dir='ltr'>δύναιτο</span> <span class='ocrx_word' id='word_1_740' title='bbox 2426 3158 2468 3199; x_wconf 72' lang='grc' dir='ltr'>ἂν</span> 
     </span>
     <span class='ocr_line' id='line_1_98' title="bbox 1405 3215 2469 3271; baseline 0.004 -16"><span class='ocrx_word' id='word_1_741' title='bbox 1405 3217 1445 3255; x_wconf 89' lang='lat' dir='ltr'>rb</span> <span class='ocrx_word' id='word_1_742' title='bbox 1463 3215 1513 3269; x_wconf 83' lang='grc' dir='ltr'>μὴ</span> <span class='ocrx_word' id='word_1_743' title='bbox 1539 3215 1577 3257; x_wconf 78' lang='grc' dir='ltr'>ὃν</span> <span class='ocrx_word' id='word_1_744' title='bbox 1597 3216 1676 3257; x_wconf 83' lang='grc' dir='ltr'>οὔτε</span> <span class='ocrx_word' id='word_1_745' title='bbox 1693 3216 1809 3262; x_wconf 81' lang='grc' dir='ltr'>ἄλλως</span> <span class='ocrx_word' id='word_1_746' title='bbox 1829 3217 1993 3267; x_wconf 78' lang='grc' dir='ltr'>οὐδαμῶς</span> <span class='ocrx_word' id='word_1_747' title='bbox 2009 3216 2127 3262; x_wconf 80' lang='grc' dir='ltr'>οὐσίας</span> <span class='ocrx_word' id='word_1_748' title='bbox 2149 3217 2324 3271; x_wconf 84' lang='grc' dir='ltr'>μετέχειν.</span> <span class='ocrx_word' id='word_1_749' title='bbox 2350 3220 2469 3259; x_wconf 82' lang='lat' dir='ltr'>Caete-</span> 
     </span>
     <span class='ocr_line' id='line_1_99' title="bbox 1406 3278 2490 3330; baseline 0.002 -13"><span class='ocrx_word' id='word_1_750' title='bbox 1406 3293 1492 3317; x_wconf 86' lang='lat' dir='ltr'>rum</span> <span class='ocrx_word' id='word_1_751' title='bbox 1518 3292 1638 3330; x_wconf 88' lang='lat' dir='ltr'>quum</span> <span class='ocrx_word' id='word_1_752' title='bbox 1671 3279 1776 3330; x_wconf 87' lang='lat' dir='ltr'>apud</span> <span class='ocrx_word' id='word_1_753' title='bbox 1804 3278 2046 3328; x_wconf 88' lang='lat' dir='ltr'>Simplicium</span> <span class='ocrx_word' id='word_1_754' title='bbox 2076 3281 2174 3317; x_wconf 87' lang='lat' dir='ltr'>nihil</span> <span class='ocrx_word' id='word_1_755' title='bbox 2193 3281 2334 3318; x_wconf 87' lang='lat' dir='ltr'>sitnisi</span> <span class='ocrx_word' id='word_1_756' title='bbox 2361 3278 2409 3318; x_wconf 77' lang='grc' dir='ltr'>τά</span> <span class='ocrx_word' id='word_1_757' title='bbox 2426 3284 2490 3319; x_wconf 74' lang='grc' dir='ltr'>σε·</span> 
     </span>
     <span class='ocr_line' id='line_1_100' title="bbox 1407 3336 2467 3392; baseline 0.004 -15"><span class='ocrx_word' id='word_1_758' title='bbox 1407 3336 1598 3391; x_wconf 80' lang='grc' dir='ltr'>φράζεσθαι</span> <span class='ocrx_word' id='word_1_759' title='bbox 1615 3337 1735 3389; x_wconf 75' lang='grc' dir='ltr'>ἄνωγα</span> <span class='ocrx_word' id='word_1_760' title='bbox 1754 3351 1881 3389; x_wconf 89' lang='lat' dir='ltr'>neque</span> <span class='ocrx_word' id='word_1_761' title='bbox 1895 3339 1945 3376; x_wconf 90' lang='lat' dir='ltr'>ad</span> <span class='ocrx_word' id='word_1_762' title='bbox 1960 3352 2111 3377; x_wconf 84' lang='lat' dir='ltr'>sensum</span> <span class='ocrx_word' id='word_1_763' title='bbox 2124 3342 2213 3378; x_wconf 78' lang='lat' dir='ltr'>satis</span> <span class='ocrx_word' id='word_1_764' title='bbox 2228 3348 2316 3392; x_wconf 84' lang='lat' dir='ltr'>apta</span> <span class='ocrx_word' id='word_1_765' title='bbox 2334 3341 2467 3381; x_wconf 76' lang='lat' dir='ltr'>videa·</span> 
     </span>
     <span class='ocr_line' id='line_1_101' title="bbox 1410 3397 2467 3449; baseline 0.007 -15"><span class='ocrx_word' id='word_1_766' title='bbox 1410 3405 1469 3434; x_wconf 88' lang='lat' dir='ltr'>tur</span> <span class='ocrx_word' id='word_1_767' title='bbox 1488 3398 1706 3436; x_wconf 79' lang='lat' dir='ltr'>Heindorfii</span> <span class='ocrx_word' id='word_1_768' title='bbox 1731 3397 1951 3447; x_wconf 86' lang='lat' dir='ltr'>conjectura</span> <span class='ocrx_word' id='word_1_769' title='bbox 1984 3412 2098 3449; x_wconf 74' lang='lat' dir='ltr'>supra</span> <span class='ocrx_word' id='word_1_770' title='bbox 2119 3409 2356 3449; x_wconf 77' lang='lat' dir='ltr'>memorata,</span> <span class='ocrx_word' id='word_1_771' title='bbox 2383 3414 2467 3441; x_wconf 69' lang='grc' dir='ltr'>ωε·</span> 
     </span>
     <span class='ocr_line' id='line_1_102' title="bbox 1409 3457 2464 3515; baseline 0.006 -22"><span class='ocrx_word' id='word_1_772' title='bbox 1409 3464 1512 3494; x_wconf 82' lang='lat' dir='ltr'>trum</span> <span class='ocrx_word' id='word_1_773' title='bbox 1542 3459 1775 3496; x_wconf 87' lang='lat' dir='ltr'>restituimus</span> <span class='ocrx_word' id='word_1_774' title='bbox 1807 3458 2012 3495; x_wconf 88' lang='lat' dir='ltr'>scribendo</span> <span class='ocrx_word' id='word_1_775' title='bbox 2049 3457 2095 3497; x_wconf 81' lang='grc' dir='ltr'>τά</span> <span class='ocrx_word' id='word_1_776' title='bbox 2115 3457 2147 3498; x_wconf 90' lang='grc' dir='ltr'>σ’</span> <span class='ocrx_word' id='word_1_777' title='bbox 2174 3457 2245 3512; x_wconf 83' lang='grc' dir='ltr'>ἐγὼ</span> <span class='ocrx_word' id='word_1_778' title='bbox 2273 3459 2464 3515; x_wconf 78' lang='grc' dir='ltr'>φράζεσθαι</span> 
     </span>
     <span class='ocr_line' id='line_1_103' title="bbox 1407 3515 2458 3572; baseline 0.005 -18"><span class='ocrx_word' id='word_1_779' title='bbox 1407 3515 1548 3567; x_wconf 79' lang='grc' dir='ltr'>ἄνωγα,</span> <span class='ocrx_word' id='word_1_780' title='bbox 1576 3531 1691 3568; x_wconf 87' lang='lat' dir='ltr'>quam</span> <span class='ocrx_word' id='word_1_781' title='bbox 1711 3517 2019 3556; x_wconf 85' lang='lat' dir='ltr'>emendationem</span> <span class='ocrx_word' id='word_1_782' title='bbox 2042 3518 2123 3567; x_wconf 86' lang='lat' dir='ltr'>jam</span> <span class='ocrx_word' id='word_1_783' title='bbox 2152 3521 2242 3557; x_wconf 84' lang='lat' dir='ltr'>olim</span> <span class='ocrx_word' id='word_1_784' title='bbox 2274 3521 2458 3572; x_wconf 71' lang='lat' dir='ltr'>Bergkiuu</span> 
     </span>
    </p>
   </div>
   <div class='ocr_carea' id='block_1_19' title="bbox 2568 0 2612 3814">
    <p class='ocr_par' dir='ltr' id='par_1_31' title="bbox 2568 0 2612 3814">
     <span class='ocr_line' id='line_1_104' title="bbox 2568 0 2612 3814; baseline 0 0"><span class='ocrx_word' id='word_1_785' title='bbox 2568 0 2612 3814; x_wconf 95' lang='lat' dir='ltr'> </span> 
     </span>
    </p>
   </div>
  </div>
 </body>
</html>
