<?xml version="1.0" encoding="UTF-8"?>
<!DOCTYPE html PUBLIC "-//W3C//DTD XHTML 1.0 Transitional//EN"
    "http://www.w3.org/TR/xhtml1/DTD/xhtml1-transitional.dtd">
<html xmlns="http://www.w3.org/1999/xhtml" xml:lang="en" lang="en">
 <head>
  <title>
</title>
<meta http-equiv="Content-Type" content="text/html;charset=utf-8" />
  <meta name='ocr-system' content='tesseract 3.04.00' />
  <meta name='ocr-capabilities' content='ocr_page ocr_carea ocr_par ocr_line ocrx_word'/>
</head>
<body>
  <div class='ocr_page' id='page_1' title='image "./fragmentaphiloso01mulluoft_0076.png"; bbox 0 0 2612 3814; ppageno 0'>
   <div class='ocr_carea' id='block_1_1' title="bbox 356 256 1638 309">
    <p class='ocr_par' dir='ltr' id='par_1_1' title="bbox 356 256 1638 309">
     <span class='ocr_line' id='line_1_1' title="bbox 356 256 1638 309; baseline -0.002 -10"><span class='ocrx_word' id='word_1_1' title='bbox 356 276 402 309; x_wconf 66' lang='lat' dir='ltr'>aa</span> <span class='ocrx_word' id='word_1_2' title='bbox 1221 256 1638 299; x_wconf 68' lang='lat' dir='ltr'>communius</span> 
     </span>
    </p>
   </div>
   <div class='ocr_carea' id='block_1_2' title="bbox 348 350 1402 1526">
    <p class='ocr_par' dir='ltr' id='par_1_2' title="bbox 348 350 1402 1351">
     <span class='ocr_line' id='line_1_2' title="bbox 352 350 1401 407; baseline -0.009 -10"><span class='ocrx_word' id='word_1_3' title='bbox 352 359 381 397; x_wconf 86' lang='lat'>0‘</span> <span class='ocrx_word' id='word_1_4' title='bbox 401 358 475 396; x_wconf 78' lang='grc' dir='ltr'>ὅσσ’</span> <span class='ocrx_word' id='word_1_5' title='bbox 502 355 623 396; x_wconf 79' lang='grc' dir='ltr'>ἕπεταί</span> <span class='ocrx_word' id='word_1_6' title='bbox 657 371 693 394; x_wconf 88' lang='grc' dir='ltr'>τε</span> <span class='ocrx_word' id='word_1_7' title='bbox 732 355 791 394; x_wconf 75' lang='grc' dir='ltr'>καὶ</span> <span class='ocrx_word' id='word_1_8' title='bbox 824 353 1052 407; x_wconf 79' lang='grc' dir='ltr'>ἀργέτι,κτλ.</span> <span class='ocrx_word' id='word_1_9' title='bbox 1081 350 1401 390; x_wconf 76' lang='lat' dir='ltr'>Panzerbieterus</span> 
     </span>
     <span class='ocr_line' id='line_1_3' title="bbox 352 409 1402 470; baseline -0.009 -14"><span class='ocrx_word' id='word_1_10' title='bbox 352 416 493 470; x_wconf 66' lang='grc' dir='ltr'>ἄὸρομα</span> <span class='ocrx_word' id='word_1_11' title='bbox 525 417 554 455; x_wconf 79' lang='grc' dir='ltr'>δ’</span> <span class='ocrx_word' id='word_1_12' title='bbox 578 415 666 455; x_wconf 82' lang='grc' dir='ltr'>ὅσσα</span> <span class='ocrx_word' id='word_1_13' title='bbox 690 413 786 453; x_wconf 83' lang='grc' dir='ltr'>πνέει</span> <span class='ocrx_word' id='word_1_14' title='bbox 819 429 856 451; x_wconf 85' lang='grc' dir='ltr'>τε</span> <span class='ocrx_word' id='word_1_15' title='bbox 888 411 949 451; x_wconf 71' lang='grc' dir='ltr'>καὶ</span> <span class='ocrx_word' id='word_1_16' title='bbox 982 410 1102 465; x_wconf 80' lang='grc' dir='ltr'>ἀργέτι</span> <span class='ocrx_word' id='word_1_17' title='bbox 1133 411 1212 450; x_wconf 83' lang='grc' dir='ltr'>κτλ,</span> <span class='ocrx_word' id='word_1_18' title='bbox 1245 409 1402 448; x_wconf 84' lang='lat' dir='ltr'>Geelius</span> 
     </span>
     <span class='ocr_line' id='line_1_4' title="bbox 353 472 1399 529; baseline -0.01 -13"><span class='ocrx_word' id='word_1_19' title='bbox 353 476 454 529; x_wconf 86' lang='lat' dir='ltr'>apud</span> <span class='ocrx_word' id='word_1_20' title='bbox 476 474 720 514; x_wconf 84' lang='lat' dir='ltr'>Karstenium</span> <span class='ocrx_word' id='word_1_21' title='bbox 756 488 796 526; x_wconf 89' lang='lat' dir='ltr'>p.</span> <span class='ocrx_word' id='word_1_22' title='bbox 833 474 907 511; x_wconf 81' lang='lat'>522</span> <span class='ocrx_word' id='word_1_23' title='bbox 931 472 1147 524; x_wconf 83' lang='lat' dir='ltr'>suspicatus</span> <span class='ocrx_word' id='word_1_24' title='bbox 1167 479 1223 509; x_wconf 91' lang='lat' dir='ltr'>est</span> <span class='ocrx_word' id='word_1_25' title='bbox 1248 477 1399 521; x_wconf 82' lang='lat' dir='ltr'>poetam</span> 
     </span>
     <span class='ocr_line' id='line_1_5' title="bbox 352 528 1399 596; baseline -0.009 -22"><span class='ocrx_word' id='word_1_26' title='bbox 352 536 497 574; x_wconf 80' lang='lat' dir='ltr'>dixisse</span> <span class='ocrx_word' id='word_1_27' title='bbox 530 534 693 587; x_wconf 70' lang='grc' dir='ltr'>ἄμδροτα</span> <span class='ocrx_word' id='word_1_28' title='bbox 718 534 747 571; x_wconf 88' lang='grc' dir='ltr'>δ’</span> <span class='ocrx_word' id='word_1_29' title='bbox 767 532 841 571; x_wconf 81' lang='grc' dir='ltr'>ὅσσ’</span> <span class='ocrx_word' id='word_1_30' title='bbox 870 531 1006 579; x_wconf 82' lang='grc' dir='ltr'>ἔλεται,</span> <span class='ocrx_word' id='word_1_31' title='bbox 1038 530 1086 569; x_wconf 92' lang='lat' dir='ltr'>ab</span> <span class='ocrx_word' id='word_1_32' title='bbox 1115 530 1297 596; x_wconf 40' lang='lat' dir='ltr'>obsoleto·</span> <span class='ocrx_word' id='word_1_33' title='bbox 1315 528 1399 575; x_wconf 83' lang='grc' dir='ltr'>ἔλω,</span> 
     </span>
     <span class='ocr_line' id='line_1_6' title="bbox 352 589 1402 656; baseline -0.009 -23"><span class='ocrx_word' id='word_1_34' title='bbox 352 599 484 642; x_wconf 54' lang='lat' dir='ltr'>volem</span> <span class='ocrx_word' id='word_1_35' title='bbox 507 607 592 647; x_wconf 81' lang='lat' dir='ltr'>quae</span> <span class='ocrx_word' id='word_1_36' title='bbox 610 594 823 632; x_wconf 87' lang='lat' dir='ltr'>certissima</span> <span class='ocrx_word' id='word_1_37' title='bbox 842 591 1059 631; x_wconf 85' lang='lat' dir='ltr'>emendatio</span> <span class='ocrx_word' id='word_1_38' title='bbox 1082 591 1200 637; x_wconf 87' lang='lat' dir='ltr'>soret,</span> <span class='ocrx_word' id='word_1_39' title='bbox 1222 589 1299 627; x_wconf 78' lang='lat' dir='ltr'>nis¹</span> <span class='ocrx_word' id='word_1_40' title='bbox 1319 600 1402 656; x_wconf 41' lang='lat' dir='ltr'>&#39;vox</span> 
     </span>
     <span class='ocr_line' id='line_1_7' title="bbox 353 650 1401 701; baseline -0.01 -7"><span class='ocrx_word' id='word_1_41' title='bbox 353 669 424 693; x_wconf 87' lang='lat' dir='ltr'>usu</span> <span class='ocrx_word' id='word_1_42' title='bbox 442 663 600 694; x_wconf 78' lang='lat' dir='ltr'><strong>careret.</strong></span> <span class='ocrx_word' id='word_1_43' title='bbox 616 653 842 691; x_wconf 85' lang='lat' dir='ltr'>Karstenius</span> <span class='ocrx_word' id='word_1_44' title='bbox 859 652 898 690; x_wconf 92' lang='lat' dir='ltr'>in</span> <span class='ocrx_word' id='word_1_45' title='bbox 914 650 1112 689; x_wconf 87' lang='lat' dir='ltr'>Addendis</span> <span class='ocrx_word' id='word_1_46' title='bbox 1127 657 1255 701; x_wconf 90' lang='lat' dir='ltr'>spreta</span> <span class='ocrx_word' id='word_1_47' title='bbox 1268 660 1401 700; x_wconf 83' lang='lat' dir='ltr'>priore</span> 
     </span>
     <span class='ocr_line' id='line_1_8' title="bbox 353 707 1398 766; baseline -0.006 -15"><span class='ocrx_word' id='word_1_48' title='bbox 353 714 578 766; x_wconf 80' lang='lat' dir='ltr'>conjectura</span> <span class='ocrx_word' id='word_1_49' title='bbox 596 712 799 764; x_wconf 85' lang='lat' dir='ltr'>postmodo</span> <span class='ocrx_word' id='word_1_50' title='bbox 817 710 1021 762; x_wconf 78' lang='lat' dir='ltr'>proposuit</span> <span class='ocrx_word' id='word_1_51' title='bbox 1042 708 1203 762; x_wconf 72' lang='grc' dir='ltr'>ἄμὸροτα</span> <span class='ocrx_word' id='word_1_52' title='bbox 1223 709 1254 746; x_wconf 85' lang='grc' dir='ltr'>δ’</span> <span class='ocrx_word' id='word_1_53' title='bbox 1265 707 1352 746; x_wconf 81' lang='grc' dir='ltr'>ὅσσα</span> <span class='ocrx_word' id='word_1_54' title='bbox 1367 708 1398 746; x_wconf 89' lang='grc' dir='ltr'>τ’</span> 
     </span>
     <span class='ocr_line' id='line_1_9' title="bbox 352 768 1399 824; baseline -0.004 -14"><span class='ocrx_word' id='word_1_55' title='bbox 352 773 480 824; x_wconf 84' lang='grc' dir='ltr'>ἔγεντο,</span> <span class='ocrx_word' id='word_1_56' title='bbox 497 772 525 811; x_wconf 88' lang='lat' dir='ltr'>i.</span> <span class='ocrx_word' id='word_1_57' title='bbox 548 785 581 810; x_wconf 89' lang='lat' dir='ltr'>c.</span> <span class='ocrx_word' id='word_1_58' title='bbox 607 770 751 822; x_wconf 82' lang='grc' dir='ltr'>ἐγένετο.</span> <span class='ocrx_word' id='word_1_59' title='bbox 770 769 907 807; x_wconf 90' lang='lat' dir='ltr'>Nullus</span> <span class='ocrx_word' id='word_1_60' title='bbox 924 782 970 807; x_wconf 90' lang='lat' dir='ltr'>ex</span> <span class='ocrx_word' id='word_1_61' title='bbox 991 768 1049 806; x_wconf 86' lang='lat' dir='ltr'>his</span> <span class='ocrx_word' id='word_1_62' title='bbox 1067 768 1297 806; x_wconf 89' lang='lat' dir='ltr'>emendandi</span> <span class='ocrx_word' id='word_1_63' title='bbox 1317 782 1399 806; x_wconf 89' lang='lat' dir='ltr'>mo-</span> 
     </span>
     <span class='ocr_line' id='line_1_10' title="bbox 352 826 1397 879; baseline -0.004 -11"><span class='ocrx_word' id='word_1_64' title='bbox 352 831 411 870; x_wconf 90' lang='lat' dir='ltr'>dis</span> <span class='ocrx_word' id='word_1_65' title='bbox 433 830 528 869; x_wconf 82' lang='lat' dir='ltr'>mihi</span> <span class='ocrx_word' id='word_1_66' title='bbox 549 829 744 868; x_wconf 76' lang='lat' dir='ltr'>satisfacit.</span> <span class='ocrx_word' id='word_1_67' title='bbox 767 827 1011 879; x_wconf 82' lang='lat' dir='ltr'><strong>Quapropter</strong></span> <span class='ocrx_word' id='word_1_68' title='bbox 1027 826 1107 877; x_wconf 89' lang='lat' dir='ltr'>jam</span> <span class='ocrx_word' id='word_1_69' title='bbox 1142 827 1293 878; x_wconf 81' lang='lat' dir='ltr'>pridem</span> <span class='ocrx_word' id='word_1_70' title='bbox 1322 826 1397 876; x_wconf 83' lang='lat' dir='ltr'>legi</span> 
     </span>
     <span class='ocr_line' id='line_1_11' title="bbox 351 884 1398 939; baseline -0.007 -11"><span class='ocrx_word' id='word_1_71' title='bbox 351 891 547 928; x_wconf 87' lang='lat' dir='ltr'>volueram</span> <span class='ocrx_word' id='word_1_72' title='bbox 565 887 725 939; x_wconf 70' lang='grc' dir='ltr'>ἄμὸροτα</span> <span class='ocrx_word' id='word_1_73' title='bbox 742 885 770 924; x_wconf 86' lang='grc' dir='ltr'>δ’</span> <span class='ocrx_word' id='word_1_74' title='bbox 780 885 867 924; x_wconf 78' lang='grc' dir='ltr'>ὅσσα</span> <span class='ocrx_word' id='word_1_75' title='bbox 886 886 983 923; x_wconf 86' lang='grc' dir='ltr'>πέλει</span> <span class='ocrx_word' id='word_1_76' title='bbox 996 901 1034 923; x_wconf 88' lang='grc' dir='ltr'>τε</span> <span class='ocrx_word' id='word_1_77' title='bbox 1052 884 1112 924; x_wconf 68' lang='grc' dir='ltr'>καὶ</span> <span class='ocrx_word' id='word_1_78' title='bbox 1128 886 1248 938; x_wconf 80' lang='grc' dir='ltr'>ἀργέτι</span> <span class='ocrx_word' id='word_1_79' title='bbox 1264 885 1398 924; x_wconf 80' lang='grc' dir='ltr'>δεύεται</span> 
     </span>
     <span class='ocr_line' id='line_1_12' title="bbox 352 943 1396 999; baseline -0.005 -12"><span class='ocrx_word' id='word_1_80' title='bbox 352 951 461 999; x_wconf 81' lang='grc' dir='ltr'>αὖγῆ,</span> <span class='ocrx_word' id='word_1_81' title='bbox 482 960 599 999; x_wconf 91' lang='lat' dir='ltr'>quum</span> <span class='ocrx_word' id='word_1_82' title='bbox 622 946 738 995; x_wconf 80' lang='lat' dir='ltr'>longo</span> <span class='ocrx_word' id='word_1_83' title='bbox 761 954 933 996; x_wconf 88' lang='lat' dir='ltr'>tempore</span> <span class='ocrx_word' id='word_1_84' title='bbox 965 943 1168 995; x_wconf 85' lang='lat' dir='ltr'>interjecto</span> <span class='ocrx_word' id='word_1_85' title='bbox 1206 944 1396 983; x_wconf 91' lang='lat' dir='ltr'>Steinium</span> 
     </span>
     <span class='ocr_line' id='line_1_13' title="bbox 351 992 1399 1053; baseline -0.003 -8"><span class='ocrx_word' id='word_1_86' title='bbox 351 1008 391 1044; x_wconf 89' lang='lat' dir='ltr'>in</span> <span class='ocrx_word' id='word_1_87' title='bbox 415 992 544 1045; x_wconf 79' lang='lat' dir='ltr'>eadem</span> <span class='ocrx_word' id='word_1_88' title='bbox 572 1005 736 1053; x_wconf 84' lang='lat' dir='ltr'>vestigia</span> <span class='ocrx_word' id='word_1_89' title='bbox 757 1003 970 1041; x_wconf 84' lang='lat' dir='ltr'>incurrisse</span> <span class='ocrx_word' id='word_1_90' title='bbox 990 1003 1088 1041; x_wconf 87' lang='lat' dir='ltr'>vidi.</span> <span class='ocrx_word' id='word_1_91' title='bbox 1120 1003 1399 1053; x_wconf 86' lang='lat' dir='ltr'>Intelliguntur</span> 
     </span>
     <span class='ocr_line' id='line_1_14' title="bbox 350 1062 1399 1115; baseline -0.002 -12"><span class='ocrx_word' id='word_1_92' title='bbox 350 1075 475 1103; x_wconf 83' lang='lat' dir='ltr'>autem</span> <span class='ocrx_word' id='word_1_93' title='bbox 509 1062 670 1115; x_wconf 69' lang='grc' dir='ltr'>ἄμόροτα</span> <span class='ocrx_word' id='word_1_94' title='bbox 703 1075 869 1114; x_wconf 87' lang='lat' dir='ltr'>corpora</span> <span class='ocrx_word' id='word_1_95' title='bbox 900 1063 1090 1108; x_wconf 82' lang='lat' dir='ltr'>coelestia,</span> <span class='ocrx_word' id='word_1_96' title='bbox 1124 1070 1249 1110; x_wconf 87' lang='lat' dir='ltr'>astra,</span> <span class='ocrx_word' id='word_1_97' title='bbox 1272 1076 1358 1114; x_wconf 86' lang='lat' dir='ltr'>quae</span> <span class='ocrx_word' id='word_1_98' title='bbox 1378 1076 1399 1101; x_wconf 92' lang='lat' dir='ltr'>e</span> 
     </span>
     <span class='ocr_line' id='line_1_15' title="bbox 353 1121 1397 1175; baseline -0.002 -13"><span class='ocrx_word' id='word_1_99' title='bbox 353 1124 457 1173; x_wconf 79' lang='lat' dir='ltr'>vulgi</span> <span class='ocrx_word' id='word_1_100' title='bbox 479 1123 665 1175; x_wconf 87' lang='lat' dir='ltr'>opinione</span> <span class='ocrx_word' id='word_1_101' title='bbox 685 1122 921 1160; x_wconf 82' lang='lat' dir='ltr'>immortalia</span> <span class='ocrx_word' id='word_1_102' title='bbox 941 1121 1112 1172; x_wconf 90' lang='lat' dir='ltr'>solisque</span> <span class='ocrx_word' id='word_1_103' title='bbox 1135 1130 1316 1173; x_wconf 83' lang='lat' dir='ltr'>tanquam</span> <span class='ocrx_word' id='word_1_104' title='bbox 1337 1136 1397 1160; x_wconf 90' lang='lat' dir='ltr'>sa-</span> 
     </span>
     <span class='ocr_line' id='line_1_16' title="bbox 350 1181 1397 1233; baseline -0.002 -12"><span class='ocrx_word' id='word_1_105' title='bbox 350 1183 488 1221; x_wconf 86' lang='lat' dir='ltr'>tellites</span> <span class='ocrx_word' id='word_1_106' title='bbox 507 1190 608 1220; x_wconf 92' lang='lat' dir='ltr'>sunt.</span> <span class='ocrx_word' id='word_1_107' title='bbox 631 1181 876 1232; x_wconf 83' lang='lat' dir='ltr'>Caeteroquin</span> <span class='ocrx_word' id='word_1_108' title='bbox 892 1183 980 1233; x_wconf 74' lang='grc' dir='ltr'>αὐγῇ</span> <span class='ocrx_word' id='word_1_109' title='bbox 995 1181 1076 1218; x_wconf 90' lang='lat' dir='ltr'>noli</span> <span class='ocrx_word' id='word_1_110' title='bbox 1092 1194 1177 1219; x_wconf 90' lang='lat' dir='ltr'>cum</span> <span class='ocrx_word' id='word_1_111' title='bbox 1195 1182 1397 1233; x_wconf 87' lang='lat' dir='ltr'>Simplicio</span> 
     </span>
     <span class='ocr_line' id='line_1_17' title="bbox 348 1240 1393 1292; baseline 0.001 -14"><span class='ocrx_word' id='word_1_112' title='bbox 348 1242 395 1278; x_wconf 87' lang='lat' dir='ltr'>de</span> <span class='ocrx_word' id='word_1_113' title='bbox 413 1248 500 1278; x_wconf 61' lang='lat' dir='ltr'>adire</span> <span class='ocrx_word' id='word_1_114' title='bbox 520 1241 694 1292; x_wconf 88' lang='lat' dir='ltr'>accipere</span> <span class='ocrx_word' id='word_1_115' title='bbox 706 1270 715 1288; x_wconf 91' lang='lat'>‚</span> <span class='ocrx_word' id='word_1_116' title='bbox 732 1240 817 1287; x_wconf 88' lang='lat' dir='ltr'>sed,</span> <span class='ocrx_word' id='word_1_117' title='bbox 831 1248 872 1278; x_wconf 92' lang='lat' dir='ltr'>ut</span> <span class='ocrx_word' id='word_1_118' title='bbox 886 1253 986 1292; x_wconf 88' lang='lat' dir='ltr'>saepe</span> <span class='ocrx_word' id='word_1_119' title='bbox 1007 1241 1067 1288; x_wconf 86' lang='lat' dir='ltr'>fit,</span> <span class='ocrx_word' id='word_1_120' title='bbox 1088 1240 1135 1278; x_wconf 91' lang='lat' dir='ltr'>de</span> <span class='ocrx_word' id='word_1_121' title='bbox 1153 1244 1231 1278; x_wconf 83' lang='lat' dir='ltr'>sole</span> <span class='ocrx_word' id='word_1_122' title='bbox 1246 1242 1393 1280; x_wconf 91' lang='lat' dir='ltr'>dictum</span> 
     </span>
     <span class='ocr_line' id='line_1_18' title="bbox 350 1309 454 1351; baseline 0.019 -14"><span class='ocrx_word' id='word_1_123' title='bbox 350 1309 454 1351; x_wconf 83' lang='lat' dir='ltr'>puta.</span> 
     </span>
    </p>

    <p class='ocr_par' dir='ltr' id='par_1_3' title="bbox 348 1356 1396 1526">
     <span class='ocr_line' id='line_1_19' title="bbox 401 1356 1396 1411; baseline 0.002 -15"><span class='ocrx_word' id='word_1_124' title='bbox 401 1359 464 1397; x_wconf 80' lang='lat' dir='ltr'>Vs.</span> <span class='ocrx_word' id='word_1_125' title='bbox 489 1365 575 1404; x_wconf 74' lang='lat'>124.</span> <span class='ocrx_word' id='word_1_126' title='bbox 591 1356 722 1409; x_wconf 69' lang='grc' dir='ltr'>ὄμὸρον</span> <span class='ocrx_word' id='word_1_127' title='bbox 739 1358 768 1395; x_wconf 86' lang='grc' dir='ltr'>δ’</span> <span class='ocrx_word' id='word_1_128' title='bbox 784 1359 882 1409; x_wconf 64' lang='grc' dir='ltr'>κτλ]</span> <span class='ocrx_word' id='word_1_129' title='bbox 898 1357 1057 1396; x_wconf 88' lang='lat' dir='ltr'>Latinos</span> <span class='ocrx_word' id='word_1_130' title='bbox 1074 1368 1206 1410; x_wconf 87' lang='lat' dir='ltr'>poetas</span> <span class='ocrx_word' id='word_1_131' title='bbox 1220 1360 1396 1411; x_wconf 85' lang='lat' dir='ltr'>frequen-</span> 
     </span>
     <span class='ocr_line' id='line_1_20' title="bbox 352 1416 1394 1469; baseline 0.001 -14"><span class='ocrx_word' id='word_1_132' title='bbox 352 1428 409 1456; x_wconf 84' lang='lat' dir='ltr'>ter</span> <span class='ocrx_word' id='word_1_133' title='bbox 429 1431 538 1469; x_wconf 89' lang='lat' dir='ltr'>aquae</span> <span class='ocrx_word' id='word_1_134' title='bbox 553 1417 639 1455; x_wconf 90' lang='lat' dir='ltr'>loco</span> <span class='ocrx_word' id='word_1_135' title='bbox 656 1416 818 1455; x_wconf 81' lang='lat' dir='ltr'>imbrem</span> <span class='ocrx_word' id='word_1_136' title='bbox 840 1417 986 1455; x_wconf 83' lang='lat' dir='ltr'>dixisse</span> <span class='ocrx_word' id='word_1_137' title='bbox 1005 1427 1173 1467; x_wconf 87' lang='lat' dir='ltr'>constat,</span> <span class='ocrx_word' id='word_1_138' title='bbox 1195 1420 1302 1457; x_wconf 89' lang='lat' dir='ltr'>velut</span> <span class='ocrx_word' id='word_1_139' title='bbox 1320 1419 1394 1457; x_wconf 87' lang='lat' dir='ltr'>Lu-</span> 
     </span>
     <span class='ocr_line' id='line_1_21' title="bbox 348 1476 715 1526; baseline -0.005 -12"><span class='ocrx_word' id='word_1_140' title='bbox 348 1485 438 1515; x_wconf 70' lang='lat' dir='ltr'>cret.</span> <span class='ocrx_word' id='word_1_141' title='bbox 460 1476 490 1525; x_wconf 86' lang='lat' dir='ltr'>l,</span> <span class='ocrx_word' id='word_1_142' title='bbox 513 1477 586 1524; x_wconf 80' lang='lat'>713</span> <span class='ocrx_word' id='word_1_143' title='bbox 608 1488 715 1526; x_wconf 87' lang='lat' dir='ltr'>seqq.</span> 
     </span>
    </p>
   </div>
   <div class='ocr_carea' id='block_1_3' title="bbox 426 1583 1307 1767">
    <p class='ocr_par' dir='ltr' id='par_1_4' title="bbox 427 1583 1296 1674">
     <span class='ocr_line' id='line_1_22' title="bbox 429 1583 1296 1629; baseline 0.003 -12"><span class='ocrx_word' id='word_1_144' title='bbox 429 1583 517 1618; x_wconf 83' lang='lat' dir='ltr'>Adde</span> <span class='ocrx_word' id='word_1_145' title='bbox 533 1583 630 1616; x_wconf 78' lang='lat' dir='ltr'>etiam</span> <span class='ocrx_word' id='word_1_146' title='bbox 641 1608 650 1623; x_wconf 87' lang='lat'><em>,</em></span> <span class='ocrx_word' id='word_1_147' title='bbox 667 1584 721 1625; x_wconf 85' lang='lat' dir='ltr'>qui</span> <span class='ocrx_word' id='word_1_148' title='bbox 739 1584 965 1625; x_wconf 82' lang='lat' dir='ltr'>conduplicant</span> <span class='ocrx_word' id='word_1_149' title='bbox 982 1585 1155 1627; x_wconf 81' lang='lat' dir='ltr'>primordia</span> <span class='ocrx_word' id='word_1_150' title='bbox 1172 1596 1296 1629; x_wconf 87' lang='lat' dir='ltr'>rerum,</span> 
     </span>
     <span class='ocr_line' id='line_1_23' title="bbox 427 1630 1128 1674; baseline 0.006 -13"><span class='ocrx_word' id='word_1_151' title='bbox 427 1630 508 1664; x_wconf 70' lang='lat' dir='ltr'>Aera</span> <span class='ocrx_word' id='word_1_152' title='bbox 523 1630 692 1670; x_wconf 79' lang='lat' dir='ltr'>Jungentes</span> <span class='ocrx_word' id='word_1_153' title='bbox 711 1631 772 1671; x_wconf 83' lang='lat' dir='ltr'>igni</span> <span class='ocrx_word' id='word_1_154' title='bbox 795 1634 975 1673; x_wconf 84' lang='lat' dir='ltr'>terramque</span> <span class='ocrx_word' id='word_1_155' title='bbox 994 1633 1128 1674; x_wconf 80' lang='lat' dir='ltr'>liquori3</span> 
     </span>
    </p>

    <p class='ocr_par' dir='ltr' id='par_1_5' title="bbox 426 1677 1238 1720">
     <span class='ocr_line' id='line_1_24' title="bbox 426 1677 1238 1720; baseline 0.006 -12"><span class='ocrx_word' id='word_1_156' title='bbox 426 1678 465 1709; x_wconf 86' lang='lat' dir='ltr'>Et</span> <span class='ocrx_word' id='word_1_157' title='bbox 478 1677 533 1718; x_wconf 84' lang='lat' dir='ltr'>qui</span> <span class='ocrx_word' id='word_1_158' title='bbox 550 1679 702 1717; x_wconf 74' lang='lat' dir='ltr'>quattuor</span> <span class='ocrx_word' id='word_1_159' title='bbox 722 1687 761 1709; x_wconf 73' lang='lat' dir='ltr'>ex</span> <span class='ocrx_word' id='word_1_160' title='bbox 783 1678 876 1710; x_wconf 85' lang='lat' dir='ltr'>rebus</span> <span class='ocrx_word' id='word_1_161' title='bbox 893 1688 984 1720; x_wconf 85' lang='lat' dir='ltr'>posse</span> <span class='ocrx_word' id='word_1_162' title='bbox 996 1680 1102 1712; x_wconf 84' lang='lat' dir='ltr'>omnia</span> <span class='ocrx_word' id='word_1_163' title='bbox 1117 1683 1238 1720; x_wconf 87' lang='lat' dir='ltr'>rentur,</span> 
     </span>
    </p>

    <p class='ocr_par' dir='ltr' id='par_1_6' title="bbox 427 1723 1307 1767">
     <span class='ocr_line' id='line_1_25' title="bbox 427 1723 1307 1767; baseline 0.008 -13"><span class='ocrx_word' id='word_1_164' title='bbox 427 1725 473 1755; x_wconf 85' lang='lat' dir='ltr'>Ex</span> <span class='ocrx_word' id='word_1_165' title='bbox 493 1723 576 1763; x_wconf 82' lang='lat' dir='ltr'>igni,</span> <span class='ocrx_word' id='word_1_166' title='bbox 595 1726 678 1756; x_wconf 84' lang='lat' dir='ltr'>terra</span> <span class='ocrx_word' id='word_1_167' title='bbox 695 1726 791 1766; x_wconf 76' lang='lat' dir='ltr'>atque</span> <span class='ocrx_word' id='word_1_168' title='bbox 807 1725 913 1758; x_wconf 85' lang='lat' dir='ltr'>anima</span> <span class='ocrx_word' id='word_1_169' title='bbox 930 1735 1131 1767; x_wconf 83' lang='lat' dir='ltr'>procrescere</span> <span class='ocrx_word' id='word_1_170' title='bbox 1150 1732 1181 1760; x_wconf 89' lang='lat' dir='ltr'>et</span> <span class='ocrx_word' id='word_1_171' title='bbox 1200 1728 1307 1761; x_wconf 88' lang='lat' dir='ltr'>imbri.</span> 
     </span>
    </p>
   </div>
   <div class='ocr_carea' id='block_1_4' title="bbox 342 1827 1393 2283">
    <p class='ocr_par' dir='ltr' id='par_1_7' title="bbox 342 1827 1393 2283">
     <span class='ocr_line' id='line_1_26' title="bbox 344 1827 1390 1884; baseline 0.008 -20"><span class='ocrx_word' id='word_1_172' title='bbox 344 1827 486 1865; x_wconf 78' lang='lat' dir='ltr'>Eodem</span> <span class='ocrx_word' id='word_1_173' title='bbox 525 1828 640 1866; x_wconf 90' lang='lat' dir='ltr'>modo</span> <span class='ocrx_word' id='word_1_174' title='bbox 686 1828 935 1880; x_wconf 75' lang='lat' dir='ltr'>Empedocles</span> <span class='ocrx_word' id='word_1_175' title='bbox 982 1829 1111 1884; x_wconf 71' lang='grc' dir='ltr'>ὅμόρος</span> <span class='ocrx_word' id='word_1_176' title='bbox 1156 1832 1390 1872; x_wconf 88' lang='lat' dir='ltr'>vocabulum</span> 
     </span>
     <span class='ocr_line' id='line_1_27' title="bbox 345 1887 1393 1938; baseline 0.009 -15"><span class='ocrx_word' id='word_1_177' title='bbox 345 1895 505 1938; x_wconf 85' lang='lat' dir='ltr'>usurpat</span> <span class='ocrx_word' id='word_1_178' title='bbox 518 1895 555 1925; x_wconf 93' lang='lat' dir='ltr'>et</span> <span class='ocrx_word' id='word_1_179' title='bbox 573 1887 635 1925; x_wconf 89' lang='lat' dir='ltr'>hic</span> <span class='ocrx_word' id='word_1_180' title='bbox 652 1897 688 1925; x_wconf 89' lang='lat' dir='ltr'>et</span> <span class='ocrx_word' id='word_1_181' title='bbox 703 1888 804 1926; x_wconf 89' lang='lat' dir='ltr'>infra</span> <span class='ocrx_word' id='word_1_182' title='bbox 822 1902 942 1928; x_wconf 89' lang='lat' dir='ltr'>verss.</span> <span class='ocrx_word' id='word_1_183' title='bbox 970 1891 1043 1935; x_wconf 71' lang='lat'>354</span> <span class='ocrx_word' id='word_1_184' title='bbox 1063 1899 1100 1929; x_wconf 89' lang='lat' dir='ltr'>et</span> <span class='ocrx_word' id='word_1_185' title='bbox 1121 1892 1209 1930; x_wconf 82' lang='lat'>360.</span> <span class='ocrx_word' id='word_1_186' title='bbox 1230 1893 1308 1932; x_wconf 86' lang='lat' dir='ltr'>Nec</span> <span class='ocrx_word' id='word_1_187' title='bbox 1326 1894 1393 1932; x_wconf 91' lang='lat' dir='ltr'>de-</span> 
     </span>
     <span class='ocr_line' id='line_1_28' title="bbox 344 1947 1390 1999; baseline 0.01 -17"><span class='ocrx_word' id='word_1_188' title='bbox 344 1947 501 1984; x_wconf 81' lang='lat' dir='ltr'>fuerunt</span> <span class='ocrx_word' id='word_1_189' title='bbox 528 1948 594 1997; x_wconf 91' lang='lat' dir='ltr'>qui</span> <span class='ocrx_word' id='word_1_190' title='bbox 626 1947 728 1998; x_wconf 88' lang='lat' dir='ltr'>apud</span> <span class='ocrx_word' id='word_1_191' title='bbox 755 1947 985 1999; x_wconf 87' lang='lat' dir='ltr'>Sophoclem</span> <span class='ocrx_word' id='word_1_192' title='bbox 1009 1949 1098 1990; x_wconf 88' lang='lat' dir='ltr'>OEd.</span> <span class='ocrx_word' id='word_1_193' title='bbox 1122 1950 1165 1990; x_wconf 80' lang='lat' dir='ltr'>R.</span> <span class='ocrx_word' id='word_1_194' title='bbox 1201 1964 1259 1991; x_wconf 90' lang='lat' dir='ltr'>vs.</span> <span class='ocrx_word' id='word_1_195' title='bbox 1292 1954 1390 1997; x_wconf 75' lang='lat'>1415</span> 
     </span>
     <span class='ocr_line' id='line_1_29' title="bbox 343 2002 1389 2064; baseline 0.009 -24"><span class='ocrx_word' id='word_1_196' title='bbox 343 2002 472 2056; x_wconf 73' lang='grc' dir='ltr'>ὄμὸρος</span> <span class='ocrx_word' id='word_1_197' title='bbox 495 2003 584 2057; x_wconf 76' lang='grc' dir='ltr'>ἱερός</span> <span class='ocrx_word' id='word_1_198' title='bbox 615 2006 798 2044; x_wconf 89' lang='lat' dir='ltr'>universe</span> <span class='ocrx_word' id='word_1_199' title='bbox 818 2006 865 2044; x_wconf 91' lang='lat' dir='ltr'>de</span> <span class='ocrx_word' id='word_1_200' title='bbox 891 2020 992 2059; x_wconf 83' lang='lat' dir='ltr'>aqua</span> <span class='ocrx_word' id='word_1_201' title='bbox 1010 2008 1273 2058; x_wconf 84' lang='lat' dir='ltr'>intelligerent</span> <span class='ocrx_word' id='word_1_202' title='bbox 1295 2009 1389 2064; x_wconf 87' lang='lat' dir='ltr'>(vid.</span> 
     </span>
     <span class='ocr_line' id='line_1_30' title="bbox 343 2061 1393 2118; baseline 0.009 -19"><span class='ocrx_word' id='word_1_203' title='bbox 343 2061 538 2112; x_wconf 86' lang='lat' dir='ltr'>Musgrav.</span> <span class='ocrx_word' id='word_1_204' title='bbox 556 2063 601 2101; x_wconf 89' lang='lat' dir='ltr'>ad</span> <span class='ocrx_word' id='word_1_205' title='bbox 619 2077 706 2102; x_wconf 91' lang='lat' dir='ltr'>eum</span> <span class='ocrx_word' id='word_1_206' title='bbox 721 2064 879 2118; x_wconf 87' lang='lat' dir='ltr'>locum),</span> <span class='ocrx_word' id='word_1_207' title='bbox 897 2079 1130 2118; x_wconf 87' lang='lat' dir='ltr'>quamquam</span> <span class='ocrx_word' id='word_1_208' title='bbox 1149 2067 1205 2106; x_wconf 90' lang='lat' dir='ltr'>ibi</span> <span class='ocrx_word' id='word_1_209' title='bbox 1221 2069 1393 2118; x_wconf 86' lang='lat' dir='ltr'>vulgaris</span> 
     </span>
     <span class='ocr_line' id='line_1_31' title="bbox 343 2121 1391 2179; baseline 0.008 -21"><span class='ocrx_word' id='word_1_210' title='bbox 343 2121 575 2170; x_wconf 81' lang='lat' dir='ltr'>significatio</span> <span class='ocrx_word' id='word_1_211' title='bbox 584 2123 742 2162; x_wconf 84' lang='lat' dir='ltr'>sufficit.</span> <span class='ocrx_word' id='word_1_212' title='bbox 755 2123 943 2163; x_wconf 80' lang='lat' dir='ltr'>Praeterea</span> <span class='ocrx_word' id='word_1_213' title='bbox 955 2124 1140 2179; x_wconf 80' lang='grc' dir='ltr'>δνοφόεντα</span> <span class='ocrx_word' id='word_1_214' title='bbox 1149 2127 1391 2178; x_wconf 81' lang='lat' dir='ltr'>praetulimus</span> 
     </span>
     <span class='ocr_line' id='line_1_32' title="bbox 342 2178 1389 2234; baseline 0.009 -19"><span class='ocrx_word' id='word_1_215' title='bbox 342 2178 451 2217; x_wconf 75' lang='lat' dir='ltr'>alteri</span> <span class='ocrx_word' id='word_1_216' title='bbox 472 2180 672 2231; x_wconf 70' lang='lat' dir='ltr'>scripturae</span> <span class='ocrx_word' id='word_1_217' title='bbox 693 2181 855 2234; x_wconf 72' lang='grc' dir='ltr'>ζοφόεντα</span> <span class='ocrx_word' id='word_1_218' title='bbox 877 2197 963 2234; x_wconf 86' lang='lat' dir='ltr'>quae</span> <span class='ocrx_word' id='word_1_219' title='bbox 990 2183 1031 2222; x_wconf 88' lang='lat' dir='ltr'>in</span> <span class='ocrx_word' id='word_1_220' title='bbox 1049 2184 1135 2222; x_wconf 88' lang='lat' dir='ltr'>aliis</span> <span class='ocrx_word' id='word_1_221' title='bbox 1155 2193 1212 2222; x_wconf 89' lang='lat' dir='ltr'>est</span> <span class='ocrx_word' id='word_1_222' title='bbox 1238 2186 1389 2224; x_wconf 84' lang='lat' dir='ltr'>Aristo-</span> 
     </span>
     <span class='ocr_line' id='line_1_33' title="bbox 342 2236 1390 2283; baseline 0.01 -10"><span class='ocrx_word' id='word_1_223' title='bbox 342 2236 428 2275; x_wconf 85' lang='lat' dir='ltr'>telis</span> <span class='ocrx_word' id='word_1_224' title='bbox 448 2245 485 2275; x_wconf 90' lang='lat' dir='ltr'>et</span> <span class='ocrx_word' id='word_1_225' title='bbox 504 2238 702 2277; x_wconf 83' lang='lat' dir='ltr'>Plutarchi</span> <span class='ocrx_word' id='word_1_226' title='bbox 736 2240 951 2280; x_wconf 88' lang='lat' dir='ltr'>codicibus.</span> <span class='ocrx_word' id='word_1_227' title='bbox 988 2242 1082 2280; x_wconf 89' lang='lat' dir='ltr'>Post</span> <span class='ocrx_word' id='word_1_228' title='bbox 1114 2243 1217 2281; x_wconf 76' lang='lat' dir='ltr'>h&#39;unc</span> <span class='ocrx_word' id='word_1_229' title='bbox 1238 2257 1390 2283; x_wconf 88' lang='lat' dir='ltr'>versum</span> 
     </span>
    </p>
   </div>
   <div class='ocr_carea' id='block_1_5' title="bbox 344 2293 1412 2353">
    <p class='ocr_par' dir='ltr' id='par_1_8' title="bbox 344 2293 1412 2353">
     <span class='ocr_line' id='line_1_34' title="bbox 344 2293 1412 2353; baseline 0.012 -23"><span class='ocrx_word' id='word_1_230' title='bbox 344 2293 568 2334; x_wconf 82' lang='lat' dir='ltr'>Karstenius</span> <span class='ocrx_word' id='word_1_231' title='bbox 588 2296 810 2336; x_wconf 88' lang='lat' dir='ltr'>desiderans</span> <span class='ocrx_word' id='word_1_232' title='bbox 831 2311 875 2337; x_wconf 90' lang='lat' dir='ltr'>ea</span> <span class='ocrx_word' id='word_1_233' title='bbox 902 2313 988 2351; x_wconf 81' lang='lat' dir='ltr'>quae</span> <span class='ocrx_word' id='word_1_234' title='bbox 1007 2300 1056 2338; x_wconf 89' lang='lat' dir='ltr'>ab</span> <span class='ocrx_word' id='word_1_235' title='bbox 1079 2301 1312 2353; x_wconf 87' lang='lat' dir='ltr'>Empedocle</span> <span class='ocrx_word' id='word_1_236' title='bbox 1342 2305 1412 2343; x_wconf 86' lang='lat' dir='ltr'>de-</span> 
     </span>
    </p>
   </div>
   <div class='ocr_carea' id='block_1_6' title="bbox 334 2353 1391 3527">
    <p class='ocr_par' dir='ltr' id='par_1_9' title="bbox 341 2353 1391 2629">
     <span class='ocr_line' id='line_1_35' title="bbox 341 2353 1387 2414; baseline 0.011 -25"><span class='ocrx_word' id='word_1_237' title='bbox 341 2353 429 2390; x_wconf 72' lang='lat' dir='ltr'>aere</span> <span class='ocrx_word' id='word_1_238' title='bbox 452 2361 489 2391; x_wconf 90' lang='lat' dir='ltr'>et</span> <span class='ocrx_word' id='word_1_239' title='bbox 508 2362 610 2392; x_wconf 87' lang='lat' dir='ltr'>terra</span> <span class='ocrx_word' id='word_1_240' title='bbox 630 2354 733 2393; x_wconf 88' lang='lat' dir='ltr'>dicta</span> <span class='ocrx_word' id='word_1_241' title='bbox 759 2366 890 2405; x_wconf 89' lang='lat' dir='ltr'>erant,</span> <span class='ocrx_word' id='word_1_242' title='bbox 922 2359 1069 2399; x_wconf 82' lang='lat' dir='ltr'>lacunae</span> <span class='ocrx_word' id='word_1_243' title='bbox 1096 2361 1207 2410; x_wconf 86' lang='lat' dir='ltr'>signa</span> <span class='ocrx_word' id='word_1_244' title='bbox 1240 2363 1387 2414; x_wconf 89' lang='lat' dir='ltr'>posuit.</span> 
     </span>
     <span class='ocr_line' id='line_1_36' title="bbox 345 2409 1391 2460; baseline 0.013 -14"><span class='ocrx_word' id='word_1_245' title='bbox 345 2409 531 2460; x_wconf 85' lang='lat' dir='ltr'>Equidem</span> <span class='ocrx_word' id='word_1_246' title='bbox 545 2412 752 2451; x_wconf 87' lang='lat' dir='ltr'>verborum</span> <span class='ocrx_word' id='word_1_247' title='bbox 771 2415 948 2454; x_wconf 87' lang='lat' dir='ltr'>ordinem</span> <span class='ocrx_word' id='word_1_248' title='bbox 967 2417 1107 2456; x_wconf 87' lang='lat' dir='ltr'>talibus</span> <span class='ocrx_word' id='word_1_249' title='bbox 1122 2421 1224 2458; x_wconf 92' lang='lat' dir='ltr'>notis</span> <span class='ocrx_word' id='word_1_250' title='bbox 1238 2421 1391 2460; x_wconf 88' lang='lat' dir='ltr'>abrum-</span> 
     </span>
     <span class='ocr_line' id='line_1_37' title="bbox 342 2465 1390 2524; baseline 0.014 -25"><span class='ocrx_word' id='word_1_251' title='bbox 342 2475 435 2512; x_wconf 82' lang='lat' dir='ltr'>pere</span> <span class='ocrx_word' id='word_1_252' title='bbox 458 2465 604 2503; x_wconf 89' lang='lat' dir='ltr'>veritus</span> <span class='ocrx_word' id='word_1_253' title='bbox 618 2496 628 2516; x_wconf 86' lang='lat'>,</span> <span class='ocrx_word' id='word_1_254' title='bbox 649 2466 699 2504; x_wconf 90' lang='lat' dir='ltr'>iis</span> <span class='ocrx_word' id='word_1_255' title='bbox 720 2467 905 2515; x_wconf 87' lang='lat' dir='ltr'>abstinui,</span> <span class='ocrx_word' id='word_1_256' title='bbox 927 2473 1143 2521; x_wconf 81' lang='lat' dir='ltr'>praesertim</span> <span class='ocrx_word' id='word_1_257' title='bbox 1170 2487 1290 2524; x_wconf 92' lang='lat' dir='ltr'>quum</span> <span class='ocrx_word' id='word_1_258' title='bbox 1321 2489 1390 2513; x_wconf 89' lang='lat' dir='ltr'>ne-</span> 
     </span>
     <span class='ocr_line' id='line_1_38' title="bbox 343 2520 1390 2584; baseline 0.015 -27"><span class='ocrx_word' id='word_1_259' title='bbox 343 2520 508 2560; x_wconf 86' lang='lat' dir='ltr'>sciamus</span> <span class='ocrx_word' id='word_1_260' title='bbox 535 2523 599 2562; x_wconf 77' lang='lat' dir='ltr'>liic</span> <span class='ocrx_word' id='word_1_261' title='bbox 633 2537 680 2562; x_wconf 89' lang='lat' dir='ltr'>an</span> <span class='ocrx_word' id='word_1_262' title='bbox 706 2526 800 2564; x_wconf 86' lang='lat' dir='ltr'>alibi</span> <span class='ocrx_word' id='word_1_263' title='bbox 829 2527 890 2566; x_wconf 88' lang='lat' dir='ltr'>his</span> <span class='ocrx_word' id='word_1_264' title='bbox 915 2529 963 2567; x_wconf 89' lang='lat' dir='ltr'>de</span> <span class='ocrx_word' id='word_1_265' title='bbox 995 2530 1111 2569; x_wconf 91' lang='lat' dir='ltr'>rebus</span> <span class='ocrx_word' id='word_1_266' title='bbox 1131 2531 1390 2584; x_wconf 89' lang='lat' dir='ltr'>disputaverit</span> 
     </span>
     <span class='ocr_line' id='line_1_39' title="bbox 345 2588 470 2629; baseline 0.032 -13"><span class='ocrx_word' id='word_1_267' title='bbox 345 2588 470 2629; x_wconf 86' lang='lat' dir='ltr'>poeta.</span> 
     </span>
    </p>

    <p class='ocr_par' dir='ltr' id='par_1_10' title="bbox 334 2637 1389 3527">
     <span class='ocr_line' id='line_1_40' title="bbox 396 2637 1389 2703; baseline 0.016 -28"><span class='ocrx_word' id='word_1_268' title='bbox 396 2637 460 2676; x_wconf 85' lang='lat' dir='ltr'>Vs.</span> <span class='ocrx_word' id='word_1_269' title='bbox 488 2640 573 2679; x_wconf 81' lang='lat'>125.</span> <span class='ocrx_word' id='word_1_270' title='bbox 606 2642 776 2692; x_wconf 84' lang='grc' dir='ltr'>ἐθέλυμνά</span> <span class='ocrx_word' id='word_1_271' title='bbox 796 2659 831 2682; x_wconf 87' lang='grc' dir='ltr'>τε</span> <span class='ocrx_word' id='word_1_272' title='bbox 852 2647 911 2684; x_wconf 84' lang='grc' dir='ltr'>καὶ</span> <span class='ocrx_word' id='word_1_273' title='bbox 942 2650 1142 2702; x_wconf 83' lang='grc' dir='ltr'>στερεωπά]</span> <span class='ocrx_word' id='word_1_274' title='bbox 1160 2649 1389 2703; x_wconf 90' lang='lat' dir='ltr'>Simplicius</span> 
     </span>
     <span class='ocr_line' id='line_1_41' title="bbox 345 2697 1386 2759; baseline 0.017 -27"><span class='ocrx_word' id='word_1_275' title='bbox 345 2708 421 2734; x_wconf 92' lang='lat' dir='ltr'>uno</span> <span class='ocrx_word' id='word_1_276' title='bbox 453 2697 538 2735; x_wconf 91' lang='lat' dir='ltr'>loco</span> <span class='ocrx_word' id='word_1_277' title='bbox 560 2698 674 2738; x_wconf 86' lang='lat' dir='ltr'>habet</span> <span class='ocrx_word' id='word_1_278' title='bbox 701 2700 889 2752; x_wconf 84' lang='grc' dir='ltr'>θελίμνατα</span> <span class='ocrx_word' id='word_1_279' title='bbox 908 2703 1011 2749; x_wconf 77' lang='lat' dir='ltr'>(cod.</span> <span class='ocrx_word' id='word_1_280' title='bbox 1043 2707 1085 2745; x_wconf 88' lang='lat' dir='ltr'>C.</span> <span class='ocrx_word' id='word_1_281' title='bbox 1110 2708 1316 2759; x_wconf 82' lang='grc' dir='ltr'>θελήματα,</span> <span class='ocrx_word' id='word_1_282' title='bbox 1343 2712 1386 2751; x_wconf 89' lang='lat' dir='ltr'>D.</span> 
     </span>
     <span class='ocr_line' id='line_1_42' title="bbox 342 2755 1386 2819; baseline 0.017 -28"><span class='ocrx_word' id='word_1_283' title='bbox 342 2755 498 2804; x_wconf 81' lang='grc' dir='ltr'>θελημνά</span> <span class='ocrx_word' id='word_1_284' title='bbox 515 2755 564 2809; x_wconf 86' lang='grc' dir='ltr'>τε)</span> <span class='ocrx_word' id='word_1_285' title='bbox 586 2758 645 2797; x_wconf 76' lang='grc' dir='ltr'>καὶ</span> <span class='ocrx_word' id='word_1_286' title='bbox 660 2760 841 2811; x_wconf 80' lang='grc' dir='ltr'>στερέωμα</span> <span class='ocrx_word' id='word_1_287' title='bbox 854 2791 864 2810; x_wconf 86' lang='grc'><em>,</em></span> <span class='ocrx_word' id='word_1_288' title='bbox 887 2764 1006 2802; x_wconf 84' lang='lat' dir='ltr'>altero</span> <span class='ocrx_word' id='word_1_289' title='bbox 1027 2766 1170 2816; x_wconf 83' lang='grc' dir='ltr'>Θέλιμνά</span> <span class='ocrx_word' id='word_1_290' title='bbox 1196 2769 1323 2819; x_wconf 88' lang='lat' dir='ltr'>(codd.</span> <span class='ocrx_word' id='word_1_291' title='bbox 1343 2770 1386 2811; x_wconf 89' lang='lat' dir='ltr'>C.</span> 
     </span>
     <span class='ocr_line' id='line_1_43' title="bbox 344 2813 1384 2883; baseline 0.018 -33"><span class='ocrx_word' id='word_1_292' title='bbox 344 2813 387 2851; x_wconf 88' lang='lat' dir='ltr'>D.</span> <span class='ocrx_word' id='word_1_293' title='bbox 413 2814 560 2867; x_wconf 83' lang='grc' dir='ltr'>θέλημά)</span> <span class='ocrx_word' id='word_1_294' title='bbox 587 2832 623 2855; x_wconf 89' lang='grc' dir='ltr'>τε</span> <span class='ocrx_word' id='word_1_295' title='bbox 643 2818 702 2856; x_wconf 84' lang='grc' dir='ltr'>καὶ</span> <span class='ocrx_word' id='word_1_296' title='bbox 723 2821 874 2872; x_wconf 82' lang='grc' dir='ltr'>στεροπά</span> <span class='ocrx_word' id='word_1_297' title='bbox 893 2837 932 2873; x_wconf 87' lang='grc' dir='ltr'>γε</span> <span class='ocrx_word' id='word_1_298' title='bbox 957 2821 1064 2875; x_wconf 90' lang='lat' dir='ltr'>(cod.</span> <span class='ocrx_word' id='word_1_299' title='bbox 1098 2827 1143 2865; x_wconf 88' lang='lat' dir='ltr'>D.</span> <span class='ocrx_word' id='word_1_300' title='bbox 1174 2829 1384 2883; x_wconf 78' lang='grc' dir='ltr'>στερεωπά).</span> 
     </span>
     <span class='ocr_line' id='line_1_44' title="bbox 342 2871 1389 2938; baseline 0.018 -30"><span class='ocrx_word' id='word_1_301' title='bbox 342 2871 579 2927; x_wconf 77' lang='lat' dir='ltr'>Vocabulum</span> <span class='ocrx_word' id='word_1_302' title='bbox 601 2875 744 2928; x_wconf 77' lang='grc' dir='ltr'>θέλιμνα</span> <span class='ocrx_word' id='word_1_303' title='bbox 764 2878 826 2917; x_wconf 90' lang='lat' dir='ltr'>bis</span> <span class='ocrx_word' id='word_1_304' title='bbox 845 2881 887 2918; x_wconf 90' lang='lat' dir='ltr'>in</span> <span class='ocrx_word' id='word_1_305' title='bbox 903 2881 1172 2934; x_wconf 88' lang='lat' dir='ltr'>Empedocleis</span> <span class='ocrx_word' id='word_1_306' title='bbox 1190 2887 1389 2938; x_wconf 84' lang='lat' dir='ltr'>fragmini-</span> 
     </span>
     <span class='ocr_line' id='line_1_45' title="bbox 340 2932 1387 2991; baseline 0.018 -23"><span class='ocrx_word' id='word_1_307' title='bbox 340 2932 414 2969; x_wconf 89' lang='lat' dir='ltr'>bus</span> <span class='ocrx_word' id='word_1_308' title='bbox 433 2941 579 2980; x_wconf 85' lang='lat' dir='ltr'>exstat,</span> <span class='ocrx_word' id='word_1_309' title='bbox 601 2934 675 2973; x_wconf 91' lang='lat' dir='ltr'>hoc</span> <span class='ocrx_word' id='word_1_310' title='bbox 693 2936 780 2974; x_wconf 92' lang='lat' dir='ltr'>loco</span> <span class='ocrx_word' id='word_1_311' title='bbox 800 2947 837 2976; x_wconf 88' lang='lat' dir='ltr'>et</span> <span class='ocrx_word' id='word_1_312' title='bbox 855 2952 915 2978; x_wconf 87' lang='lat' dir='ltr'>vs.</span> <span class='ocrx_word' id='word_1_313' title='bbox 942 2947 1034 2991; x_wconf 76' lang='lat'>1943</span> <span class='ocrx_word' id='word_1_314' title='bbox 1051 2943 1118 2981; x_wconf 91' lang='lat' dir='ltr'>sed</span> <span class='ocrx_word' id='word_1_315' title='bbox 1136 2954 1176 2982; x_wconf 90' lang='lat' dir='ltr'>ut</span> <span class='ocrx_word' id='word_1_316' title='bbox 1197 2945 1252 2984; x_wconf 92' lang='lat' dir='ltr'>ibi</span> <span class='ocrx_word' id='word_1_317' title='bbox 1268 2961 1387 2986; x_wconf 87' lang='lat' dir='ltr'>mem-</span> 
     </span>
     <span class='ocr_line' id='line_1_46' title="bbox 340 2989 1386 3055; baseline 0.017 -28"><span class='ocrx_word' id='word_1_318' title='bbox 340 2989 472 3028; x_wconf 83' lang='lat' dir='ltr'>branae</span> <span class='ocrx_word' id='word_1_319' title='bbox 484 2993 659 3041; x_wconf 88' lang='lat' dir='ltr'>variant,</span> <span class='ocrx_word' id='word_1_320' title='bbox 680 3008 842 3045; x_wconf 89' lang='lat' dir='ltr'>quarum</span> <span class='ocrx_word' id='word_1_321' title='bbox 861 2998 946 3036; x_wconf 87' lang='lat' dir='ltr'>aliae</span> <span class='ocrx_word' id='word_1_322' title='bbox 960 2999 1117 3050; x_wconf 64' lang='grc' dir='ltr'>θέλημω,</span> <span class='ocrx_word' id='word_1_323' title='bbox 1131 3003 1217 3041; x_wconf 84' lang='lat' dir='ltr'>aliae</span> <span class='ocrx_word' id='word_1_324' title='bbox 1232 3005 1386 3055; x_wconf 84' lang='grc' dir='ltr'>ἐθέλημα</span> 
     </span>
     <span class='ocr_line' id='line_1_47' title="bbox 341 3048 1387 3106; baseline 0.018 -20"><span class='ocrx_word' id='word_1_325' title='bbox 341 3048 532 3099; x_wconf 84' lang='lat' dir='ltr'>praebent,</span> <span class='ocrx_word' id='word_1_326' title='bbox 548 3052 602 3090; x_wconf 89' lang='lat' dir='ltr'>ita</span> <span class='ocrx_word' id='word_1_327' title='bbox 621 3053 684 3091; x_wconf 91' lang='lat' dir='ltr'>hic</span> <span class='ocrx_word' id='word_1_328' title='bbox 711 3068 866 3106; x_wconf 88' lang='lat' dir='ltr'>quoque</span> <span class='ocrx_word' id='word_1_329' title='bbox 899 3058 1051 3098; x_wconf 90' lang='lat' dir='ltr'>codices</span> <span class='ocrx_word' id='word_1_330' title='bbox 1081 3060 1266 3102; x_wconf 84' lang='lat' dir='ltr'>fluctuant</span> <span class='ocrx_word' id='word_1_331' title='bbox 1285 3065 1387 3105; x_wconf 89' lang='lat' dir='ltr'>inter</span> 
     </span>
     <span class='ocr_line' id='line_1_48' title="bbox 339 3107 1383 3176; baseline 0.019 -32"><span class='ocrx_word' id='word_1_332' title='bbox 339 3107 467 3146; x_wconf 85' lang='lat' dir='ltr'>varias</span> <span class='ocrx_word' id='word_1_333' title='bbox 495 3109 738 3163; x_wconf 86' lang='lat' dir='ltr'>incertasque</span> <span class='ocrx_word' id='word_1_334' title='bbox 774 3114 926 3154; x_wconf 88' lang='lat' dir='ltr'>formas.</span> <span class='ocrx_word' id='word_1_335' title='bbox 955 3116 1088 3169; x_wconf 88' lang='lat' dir='ltr'>Neque</span> <span class='ocrx_word' id='word_1_336' title='bbox 1117 3122 1219 3159; x_wconf 88' lang='lat' dir='ltr'>enim</span> <span class='ocrx_word' id='word_1_337' title='bbox 1242 3136 1287 3162; x_wconf 90' lang='lat' dir='ltr'>ea</span> <span class='ocrx_word' id='word_1_338' title='bbox 1309 3140 1383 3176; x_wconf 88' lang='lat' dir='ltr'>qua</span> 
     </span>
     <span class='ocr_line' id='line_1_49' title="bbox 338 3166 1384 3226; baseline 0.02 -23"><span class='ocrx_word' id='word_1_339' title='bbox 338 3166 540 3217; x_wconf 87' lang='lat' dir='ltr'>oportebat</span> <span class='ocrx_word' id='word_1_340' title='bbox 577 3170 780 3220; x_wconf 82' lang='lat' dir='ltr'>diligentia</span> <span class='ocrx_word' id='word_1_341' title='bbox 809 3175 1002 3226; x_wconf 88' lang='lat' dir='ltr'>Simplicii</span> <span class='ocrx_word' id='word_1_342' title='bbox 1043 3178 1196 3219; x_wconf 90' lang='lat' dir='ltr'>codices</span> <span class='ocrx_word' id='word_1_343' title='bbox 1237 3185 1384 3224; x_wconf 87' lang='lat' dir='ltr'>calamo</span> 
     </span>
     <span class='ocr_line' id='line_1_50' title="bbox 337 3228 1384 3293; baseline 0.02 -32"><span class='ocrx_word' id='word_1_344' title='bbox 337 3233 514 3264; x_wconf 86' lang='lat' dir='ltr'>exaratos</span> <span class='ocrx_word' id='word_1_345' title='bbox 525 3228 653 3267; x_wconf 88' lang='lat' dir='ltr'>aviris</span> <span class='ocrx_word' id='word_1_346' title='bbox 669 3229 794 3269; x_wconf 88' lang='lat' dir='ltr'>doctis</span> <span class='ocrx_word' id='word_1_347' title='bbox 809 3234 968 3272; x_wconf 88' lang='lat' dir='ltr'>collatos</span> <span class='ocrx_word' id='word_1_348' title='bbox 981 3247 1064 3274; x_wconf 88' lang='lat' dir='ltr'>esse</span> <span class='ocrx_word' id='word_1_349' title='bbox 1078 3238 1174 3288; x_wconf 85' lang='lat' dir='ltr'>scio,</span> <span class='ocrx_word' id='word_1_350' title='bbox 1191 3249 1232 3278; x_wconf 89' lang='lat' dir='ltr'>ut</span> <span class='ocrx_word' id='word_1_351' title='bbox 1248 3255 1384 3293; x_wconf 85' lang='lat' dir='ltr'>magna</span> 
     </span>
     <span class='ocr_line' id='line_1_51' title="bbox 335 3282 1384 3353; baseline 0.02 -33"><span class='ocrx_word' id='word_1_352' title='bbox 335 3282 378 3320; x_wconf 91' lang='lat' dir='ltr'>in</span> <span class='ocrx_word' id='word_1_353' title='bbox 398 3284 543 3324; x_wconf 88' lang='lat' dir='ltr'>talibus</span> <span class='ocrx_word' id='word_1_354' title='bbox 563 3286 788 3337; x_wconf 86' lang='lat' dir='ltr'>judicandis</span> <span class='ocrx_word' id='word_1_355' title='bbox 819 3293 997 3331; x_wconf 89' lang='lat' dir='ltr'>cautione</span> <span class='ocrx_word' id='word_1_356' title='bbox 1025 3295 1075 3333; x_wconf 89' lang='lat' dir='ltr'>sit</span> <span class='ocrx_word' id='word_1_357' title='bbox 1105 3311 1218 3348; x_wconf 86' lang='lat' dir='ltr'>opus.</span> <span class='ocrx_word' id='word_1_358' title='bbox 1251 3301 1384 3353; x_wconf 89' lang='lat' dir='ltr'>ltaque</span> 
     </span>
     <span class='ocr_line' id='line_1_52' title="bbox 336 3341 1382 3402; baseline 0.02 -23"><span class='ocrx_word' id='word_1_359' title='bbox 336 3341 384 3379; x_wconf 90' lang='lat' dir='ltr'>de</span> <span class='ocrx_word' id='word_1_360' title='bbox 403 3342 464 3382; x_wconf 90' lang='lat' dir='ltr'>his</span> <span class='ocrx_word' id='word_1_361' title='bbox 484 3358 640 3396; x_wconf 85' lang='lat' dir='ltr'>quoque</span> <span class='ocrx_word' id='word_1_362' title='bbox 659 3347 757 3386; x_wconf 92' lang='lat' dir='ltr'>locis</span> <span class='ocrx_word' id='word_1_363' title='bbox 784 3349 1052 3402; x_wconf 86' lang='lat' dir='ltr'>Empedocleis</span> <span class='ocrx_word' id='word_1_364' title='bbox 1072 3356 1139 3394; x_wconf 91' lang='lat' dir='ltr'>alii</span> <span class='ocrx_word' id='word_1_365' title='bbox 1169 3359 1280 3397; x_wconf 90' lang='lat' dir='ltr'>aliter</span> <span class='ocrx_word' id='word_1_366' title='bbox 1307 3370 1382 3400; x_wconf 87' lang='lat' dir='ltr'>sta-</span> 
     </span>
     <span class='ocr_line' id='line_1_53' title="bbox 337 3403 1382 3472; baseline 0.023 -36"><span class='ocrx_word' id='word_1_367' title='bbox 337 3408 502 3441; x_wconf 81' lang='lat' dir='ltr'>tuerunt.</span> <span class='ocrx_word' id='word_1_368' title='bbox 523 3403 578 3441; x_wconf 86' lang='lat' dir='ltr'>Ac</span> <span class='ocrx_word' id='word_1_369' title='bbox 597 3404 772 3446; x_wconf 88' lang='lat' dir='ltr'>Sturzius</span> <span class='ocrx_word' id='word_1_370' title='bbox 788 3410 943 3460; x_wconf 92' lang='lat' dir='ltr'>quidem</span> <span class='ocrx_word' id='word_1_371' title='bbox 961 3413 1089 3452; x_wconf 92' lang='lat' dir='ltr'>minus</span> <span class='ocrx_word' id='word_1_372' title='bbox 1105 3425 1207 3455; x_wconf 88' lang='lat' dir='ltr'>recte</span> <span class='ocrx_word' id='word_1_373' title='bbox 1224 3420 1382 3472; x_wconf 89' lang='lat' dir='ltr'>scripsit</span> 
     </span>
     <span class='ocr_line' id='line_1_54' title="bbox 334 3458 1375 3527; baseline 0.023 -33"><span class='ocrx_word' id='word_1_374' title='bbox 334 3458 487 3509; x_wconf 75' lang='grc' dir='ltr'>θέλυμνά</span> <span class='ocrx_word' id='word_1_375' title='bbox 507 3477 543 3500; x_wconf 90' lang='grc' dir='ltr'>τε</span> <span class='ocrx_word' id='word_1_376' title='bbox 559 3463 617 3502; x_wconf 78' lang='grc' dir='ltr'>καὶ</span> <span class='ocrx_word' id='word_1_377' title='bbox 635 3464 760 3519; x_wconf 78' lang='grc' dir='ltr'>στερεά</span> <span class='ocrx_word' id='word_1_378' title='bbox 776 3482 826 3518; x_wconf 85' lang='grc' dir='ltr'>γε,</span> <span class='ocrx_word' id='word_1_379' title='bbox 842 3469 881 3508; x_wconf 94' lang='lat' dir='ltr'>in</span> <span class='ocrx_word' id='word_1_380' title='bbox 898 3484 975 3522; x_wconf 90' lang='lat' dir='ltr'>quo</span> <span class='ocrx_word' id='word_1_381' title='bbox 995 3487 1034 3522; x_wconf 89' lang='grc' dir='ltr'>γε</span> <span class='ocrx_word' id='word_1_382' title='bbox 1052 3474 1167 3524; x_wconf 85' lang='lat' dir='ltr'>plane</span> <span class='ocrx_word' id='word_1_383' title='bbox 1185 3476 1375 3527; x_wconf 82' lang='lat' dir='ltr'>abundat3</span> 
     </span>
    </p>
   </div>
   <div class='ocr_carea' id='block_1_7' title="bbox 1456 347 2523 1231">
    <p class='ocr_par' dir='ltr' id='par_1_11' title="bbox 1463 347 2523 520">
     <span class='ocr_line' id='line_1_55' title="bbox 1465 347 2523 402; baseline 0.007 -16"><span class='ocrx_word' id='word_1_384' title='bbox 1465 347 1789 387; x_wconf 86' lang='lat' dir='ltr'>Panzerbieterus</span> <span class='ocrx_word' id='word_1_385' title='bbox 1811 347 1967 398; x_wconf 69' lang='grc' dir='ltr'>ἐθελημοί</span> <span class='ocrx_word' id='word_1_386' title='bbox 1981 363 2019 387; x_wconf 87' lang='grc' dir='ltr'>τε</span> <span class='ocrx_word' id='word_1_387' title='bbox 2039 347 2099 387; x_wconf 75' lang='grc' dir='ltr'>καὶ</span> <span class='ocrx_word' id='word_1_388' title='bbox 2117 347 2302 402; x_wconf 84' lang='grc' dir='ltr'>στερεωπά</span> <span class='ocrx_word' id='word_1_389' title='bbox 2316 379 2327 399; x_wconf 87' lang='grc'><em>,</em></span> <span class='ocrx_word' id='word_1_390' title='bbox 2346 353 2523 392; x_wconf 83' lang='lat' dir='ltr'>omnium</span> 
     </span>
     <span class='ocr_line' id='line_1_56' title="bbox 1463 407 2523 464; baseline 0.008 -20"><span class='ocrx_word' id='word_1_391' title='bbox 1463 409 1608 460; x_wconf 84' lang='lat' dir='ltr'>optime</span> <span class='ocrx_word' id='word_1_392' title='bbox 1622 407 1850 445; x_wconf 87' lang='lat' dir='ltr'>Karstenius</span> <span class='ocrx_word' id='word_1_393' title='bbox 1878 407 2049 459; x_wconf 82' lang='grc' dir='ltr'>ἐθελυμνά</span> <span class='ocrx_word' id='word_1_394' title='bbox 2063 424 2100 447; x_wconf 88' lang='grc' dir='ltr'>τε</span> <span class='ocrx_word' id='word_1_395' title='bbox 2117 409 2176 463; x_wconf 67' lang='grc' dir='ltr'>4καὶ</span> <span class='ocrx_word' id='word_1_396' title='bbox 2194 410 2394 462; x_wconf 82' lang='grc' dir='ltr'>στερεωπᾶ,</span> <span class='ocrx_word' id='word_1_397' title='bbox 2416 413 2523 464; x_wconf 84' lang='lat' dir='ltr'>quod</span> 
     </span>
     <span class='ocr_line' id='line_1_57' title="bbox 1463 465 2501 520; baseline 0.007 -16"><span class='ocrx_word' id='word_1_398' title='bbox 1463 480 1484 505; x_wconf 92' lang='lat' dir='ltr'>a</span> <span class='ocrx_word' id='word_1_399' title='bbox 1506 466 1656 504; x_wconf 88' lang='lat' dir='ltr'>Steinio</span> <span class='ocrx_word' id='word_1_400' title='bbox 1675 466 1756 518; x_wconf 88' lang='lat' dir='ltr'>jam</span> <span class='ocrx_word' id='word_1_401' title='bbox 1778 465 1986 518; x_wconf 85' lang='lat' dir='ltr'>probatum</span> <span class='ocrx_word' id='word_1_402' title='bbox 2007 468 2184 520; x_wconf 88' lang='lat' dir='ltr'>recipere</span> <span class='ocrx_word' id='word_1_403' title='bbox 2209 481 2287 508; x_wconf 90' lang='lat' dir='ltr'>non</span> <span class='ocrx_word' id='word_1_404' title='bbox 2307 469 2501 512; x_wconf 84' lang='lat' dir='ltr'>dubitavi.</span> 
     </span>
    </p>

    <p class='ocr_par' dir='ltr' id='par_1_12' title="bbox 1464 524 2522 637">
     <span class='ocr_line' id='line_1_58' title="bbox 1513 524 2522 580; baseline 0.009 -18"><span class='ocrx_word' id='word_1_405' title='bbox 1513 524 1580 565; x_wconf 89' lang='lat' dir='ltr'>Vs.</span> <span class='ocrx_word' id='word_1_406' title='bbox 1608 527 1697 564; x_wconf 80' lang='lat'>126.</span> <span class='ocrx_word' id='word_1_407' title='bbox 1718 526 1753 564; x_wconf 81' lang='grc' dir='ltr'>ἐν</span> <span class='ocrx_word' id='word_1_408' title='bbox 1769 525 1804 563; x_wconf 82' lang='grc' dir='ltr'>δὲ</span> <span class='ocrx_word' id='word_1_409' title='bbox 1820 524 1912 580; x_wconf 83' lang='grc' dir='ltr'>κότῳ</span> <span class='ocrx_word' id='word_1_410' title='bbox 1930 526 2124 580; x_wconf 75' lang='grc' dir='ltr'>διᾶμορφα]</span> <span class='ocrx_word' id='word_1_411' title='bbox 2144 527 2242 568; x_wconf 90' lang='lat' dir='ltr'>Cod.</span> <span class='ocrx_word' id='word_1_412' title='bbox 2263 528 2307 568; x_wconf 91' lang='lat' dir='ltr'>C.</span> <span class='ocrx_word' id='word_1_413' title='bbox 2328 530 2429 570; x_wconf 84' lang='lat' dir='ltr'>male</span> <span class='ocrx_word' id='word_1_414' title='bbox 2447 532 2522 571; x_wconf 87' lang='grc' dir='ltr'>δια-</span> 
     </span>
     <span class='ocr_line' id='line_1_59' title="bbox 1464 584 1609 637; baseline 0.014 -15"><span class='ocrx_word' id='word_1_415' title='bbox 1464 584 1609 637; x_wconf 83' lang='grc' dir='ltr'>μορφία.</span> 
     </span>
    </p>

    <p class='ocr_par' dir='ltr' id='par_1_13' title="bbox 1456 642 2522 1231">
     <span class='ocr_line' id='line_1_60' title="bbox 1512 642 2522 700; baseline 0.01 -21"><span class='ocrx_word' id='word_1_416' title='bbox 1512 642 1576 680; x_wconf 93' lang='lat' dir='ltr'>Vs.</span> <span class='ocrx_word' id='word_1_417' title='bbox 1604 642 1692 683; x_wconf 83' lang='lat'>128.</span> <span class='ocrx_word' id='word_1_418' title='bbox 1716 643 1755 681; x_wconf 80' lang='grc' dir='ltr'>ἐκ</span> <span class='ocrx_word' id='word_1_419' title='bbox 1784 645 1852 682; x_wconf 84' lang='grc' dir='ltr'>τῶν</span> <span class='ocrx_word' id='word_1_420' title='bbox 1881 643 1984 684; x_wconf 81' lang='grc' dir='ltr'>πάνθ’</span> <span class='ocrx_word' id='word_1_421' title='bbox 2004 646 2100 698; x_wconf 87' lang='grc' dir='ltr'><strong>κτλ.]</strong></span> <span class='ocrx_word' id='word_1_422' title='bbox 2125 647 2239 699; x_wconf 86' lang='lat' dir='ltr'>Apud</span> <span class='ocrx_word' id='word_1_423' title='bbox 2268 648 2522 700; x_wconf 87' lang='lat' dir='ltr'>Simplicium</span> 
     </span>
     <span class='ocr_line' id='line_1_61' title="bbox 1460 702 2504 766; baseline 0 -26"><span class='ocrx_word' id='word_1_424' title='bbox 1460 715 1539 740; x_wconf 91' lang='lat' dir='ltr'>uno</span> <span class='ocrx_word' id='word_1_425' title='bbox 1559 702 1646 740; x_wconf 93' lang='lat' dir='ltr'>loco</span> <span class='ocrx_word' id='word_1_426' title='bbox 1667 711 1725 740; x_wconf 88' lang='lat' dir='ltr'>est</span> <span class='ocrx_word' id='word_1_427' title='bbox 1746 716 1755 740; x_wconf 75' lang='grc' dir='ltr'>ι</span> <span class='ocrx_word' id='word_1_428' title='bbox 2489 751 2504 766; x_wconf 54' lang='grc'><strong>.</strong></span> 
     </span>
     <span class='ocr_line' id='line_1_62' title="bbox 1463 757 2519 820; baseline 0.007 -21"><span class='ocrx_word' id='word_1_429' title='bbox 1463 762 1502 800; x_wconf 84' lang='grc' dir='ltr'>ἐκ</span> <span class='ocrx_word' id='word_1_430' title='bbox 1528 763 1597 799; x_wconf 88' lang='grc' dir='ltr'>τῶν</span> <span class='ocrx_word' id='word_1_431' title='bbox 1628 760 1696 814; x_wconf 83' lang='grc' dir='ltr'>γὰρ</span> <span class='ocrx_word' id='word_1_432' title='bbox 1715 761 1818 801; x_wconf 82' lang='grc' dir='ltr'>πάνθ’</span> <span class='ocrx_word' id='word_1_433' title='bbox 1834 761 1911 802; x_wconf 69' lang='grc' dir='ltr'>ὄσσ·</span> <span class='ocrx_word' id='word_1_434' title='bbox 1927 757 1970 811; x_wconf 76' lang='grc' dir='ltr'>ἧν</span> <span class='ocrx_word' id='word_1_435' title='bbox 2001 763 2136 818; x_wconf 85' lang='lat' dir='ltr'>(codd.</span> <span class='ocrx_word' id='word_1_436' title='bbox 2161 766 2206 805; x_wconf 88' lang='lat' dir='ltr'>C.</span> <span class='ocrx_word' id='word_1_437' title='bbox 2231 766 2278 806; x_wconf 86' lang='lat' dir='ltr'>D.</span> <span class='ocrx_word' id='word_1_438' title='bbox 2298 765 2387 807; x_wconf 82' lang='grc' dir='ltr'>ὅσσα</span> <span class='ocrx_word' id='word_1_439' title='bbox 2406 766 2438 806; x_wconf 86' lang='grc' dir='ltr'>τ’</span> <span class='ocrx_word' id='word_1_440' title='bbox 2458 760 2519 820; x_wconf 72' lang='grc' dir='ltr'>ἦν)</span> 
     </span>
     <span class='ocr_line' id='line_1_63' title="bbox 1461 820 1922 871; baseline 0.004 -12"><span class='ocrx_word' id='word_1_441' title='bbox 1461 820 1551 859; x_wconf 82' lang='grc' dir='ltr'>ὅσσα</span> <span class='ocrx_word' id='word_1_442' title='bbox 1572 821 1612 861; x_wconf 82' lang='grc' dir='ltr'>τέ</span> <span class='ocrx_word' id='word_1_443' title='bbox 1630 823 1705 860; x_wconf 82' lang='grc' dir='ltr'>ἐστι</span> <span class='ocrx_word' id='word_1_444' title='bbox 1725 821 1784 861; x_wconf 75' lang='grc' dir='ltr'>καὶ</span> <span class='ocrx_word' id='word_1_445' title='bbox 1805 820 1922 871; x_wconf 83' lang='grc' dir='ltr'>ἔσται,</span> 
     </span>
     <span class='ocr_line' id='line_1_64' title="bbox 1460 880 2099 923; baseline 0.008 -5"><span class='ocrx_word' id='word_1_446' title='bbox 1460 880 1582 919; x_wconf 90' lang='lat' dir='ltr'>altero</span> <span class='ocrx_word' id='word_1_447' title='bbox 1602 880 1724 919; x_wconf 89' lang='lat' dir='ltr'>editio</span> <span class='ocrx_word' id='word_1_448' title='bbox 1745 881 1891 920; x_wconf 86' lang='lat' dir='ltr'>Aldina</span> <span class='ocrx_word' id='word_1_449' title='bbox 1911 882 2071 922; x_wconf 89' lang='lat' dir='ltr'>exhibet</span> <span class='ocrx_word' id='word_1_450' title='bbox 2089 898 2099 923; x_wconf 89' lang='lat'><strong>:</strong></span> 
     </span>
     <span class='ocr_line' id='line_1_65' title="bbox 1459 935 2521 995; baseline 0.007 -18"><span class='ocrx_word' id='word_1_451' title='bbox 1459 940 1498 977; x_wconf 83' lang='grc' dir='ltr'>ἐκ</span> <span class='ocrx_word' id='word_1_452' title='bbox 1531 938 1662 977; x_wconf 86' lang='grc' dir='ltr'>τούτων</span> <span class='ocrx_word' id='word_1_453' title='bbox 1691 938 1759 993; x_wconf 73' lang='grc' dir='ltr'>γὰρ</span> <span class='ocrx_word' id='word_1_454' title='bbox 1791 939 1897 979; x_wconf 67' lang='grc' dir='ltr'>πάντ’</span> <span class='ocrx_word' id='word_1_455' title='bbox 1920 935 1980 991; x_wconf 72' lang='grc' dir='ltr'>ἦν,</span> <span class='ocrx_word' id='word_1_456' title='bbox 2014 939 2103 981; x_wconf 79' lang='grc' dir='ltr'>ὅσσα</span> <span class='ocrx_word' id='word_1_457' title='bbox 2135 941 2174 980; x_wconf 84' lang='grc' dir='ltr'>τέ</span> <span class='ocrx_word' id='word_1_458' title='bbox 2202 944 2279 983; x_wconf 80' lang='grc' dir='ltr'>ἐστι</span> <span class='ocrx_word' id='word_1_459' title='bbox 2309 943 2369 983; x_wconf 82' lang='grc' dir='ltr'>καὶ</span> <span class='ocrx_word' id='word_1_460' title='bbox 2399 943 2521 995; x_wconf 81' lang='grc' dir='ltr'>ἔσται,</span> 
     </span>
     <span class='ocr_line' id='line_1_66' title="bbox 1459 998 2521 1058; baseline 0.009 -22"><span class='ocrx_word' id='word_1_461' title='bbox 1459 999 1563 1050; x_wconf 90' lang='lat' dir='ltr'>quod</span> <span class='ocrx_word' id='word_1_462' title='bbox 1584 998 1762 1039; x_wconf 89' lang='lat' dir='ltr'>Sturzius</span> <span class='ocrx_word' id='word_1_463' title='bbox 1793 999 1928 1039; x_wconf 91' lang='lat' dir='ltr'>edidit.</span> <span class='ocrx_word' id='word_1_464' title='bbox 1963 1000 2038 1040; x_wconf 93' lang='lat' dir='ltr'>Sed</span> <span class='ocrx_word' id='word_1_465' title='bbox 2072 1001 2219 1040; x_wconf 88' lang='lat' dir='ltr'>ibidem</span> <span class='ocrx_word' id='word_1_466' title='bbox 2241 1003 2329 1044; x_wconf 91' lang='lat' dir='ltr'>cod.</span> <span class='ocrx_word' id='word_1_467' title='bbox 2363 1005 2412 1046; x_wconf 87' lang='lat' dir='ltr'>D.</span> <span class='ocrx_word' id='word_1_468' title='bbox 2444 1019 2521 1058; x_wconf 88' lang='lat' dir='ltr'>pro</span> 
     </span>
     <span class='ocr_line' id='line_1_67' title="bbox 1459 1051 2519 1116; baseline 0.009 -21"><span class='ocrx_word' id='word_1_469' title='bbox 1459 1056 1563 1095; x_wconf 77' lang='grc' dir='ltr'>πάντ’</span> <span class='ocrx_word' id='word_1_470' title='bbox 1583 1051 1625 1105; x_wconf 72' lang='grc' dir='ltr'>ἧν</span> <span class='ocrx_word' id='word_1_471' title='bbox 1642 1058 1757 1097; x_wconf 85' lang='lat' dir='ltr'>habet</span> <span class='ocrx_word' id='word_1_472' title='bbox 1779 1059 1909 1104; x_wconf 83' lang='grc' dir='ltr'>παντὸς</span> <span class='ocrx_word' id='word_1_473' title='bbox 1929 1059 2017 1108; x_wconf 85' lang='grc' dir='ltr'>ἄτην</span> <span class='ocrx_word' id='word_1_474' title='bbox 2037 1069 2074 1099; x_wconf 84' lang='lat' dir='ltr'>et</span> <span class='ocrx_word' id='word_1_475' title='bbox 2090 1061 2132 1099; x_wconf 85' lang='lat' dir='ltr'>in</span> <span class='ocrx_word' id='word_1_476' title='bbox 2153 1062 2242 1102; x_wconf 89' lang='lat' dir='ltr'>cod.</span> <span class='ocrx_word' id='word_1_477' title='bbox 2265 1062 2308 1103; x_wconf 92' lang='lat' dir='ltr'>C.</span> <span class='ocrx_word' id='word_1_478' title='bbox 2325 1077 2400 1116; x_wconf 80' lang='lat' dir='ltr'>pro</span> <span class='ocrx_word' id='word_1_479' title='bbox 2427 1064 2519 1104; x_wconf 79' lang='grc' dir='ltr'>ὅσσα</span> 
     </span>
     <span class='ocr_line' id='line_1_68' title="bbox 1457 1116 2517 1165; baseline 0.009 -11"><span class='ocrx_word' id='word_1_480' title='bbox 1457 1131 1495 1155; x_wconf 82' lang='grc' dir='ltr'>τε</span> <span class='ocrx_word' id='word_1_481' title='bbox 1517 1125 1640 1156; x_wconf 87' lang='lat' dir='ltr'>exstat</span> <span class='ocrx_word' id='word_1_482' title='bbox 1669 1116 1757 1156; x_wconf 78' lang='grc' dir='ltr'>ὅσσα</span> <span class='ocrx_word' id='word_1_483' title='bbox 1790 1118 1835 1158; x_wconf 85' lang='grc' dir='ltr'>τ’.</span> <span class='ocrx_word' id='word_1_484' title='bbox 1869 1119 2100 1159; x_wconf 86' lang='lat' dir='ltr'>Aristoteles</span> <span class='ocrx_word' id='word_1_485' title='bbox 2131 1120 2181 1159; x_wconf 90' lang='lat' dir='ltr'>de</span> <span class='ocrx_word' id='word_1_486' title='bbox 2213 1121 2362 1162; x_wconf 92' lang='lat' dir='ltr'>Mundo</span> <span class='ocrx_word' id='word_1_487' title='bbox 2391 1137 2424 1164; x_wconf 91' lang='lat' dir='ltr'>c.</span> <span class='ocrx_word' id='word_1_488' title='bbox 2451 1124 2475 1163; x_wconf 87' lang='lat'>6</span> <span class='ocrx_word' id='word_1_489' title='bbox 2503 1137 2517 1165; x_wconf 77' lang='grc' dir='ltr'>ε</span> 
     </span>
     <span class='ocr_line' id='line_1_69' title="bbox 1456 1170 2212 1231; baseline 0.005 -17"><span class='ocrx_word' id='word_1_490' title='bbox 1456 1175 1489 1220; x_wconf 80' lang='grc' dir='ltr'>ἐξ</span> <span class='ocrx_word' id='word_1_491' title='bbox 1511 1170 1550 1214; x_wconf 63' lang='grc' dir='ltr'>οὗ</span> <span class='ocrx_word' id='word_1_492' title='bbox 1562 1206 1572 1225; x_wconf 89' lang='grc'><em>,</em></span> <span class='ocrx_word' id='word_1_493' title='bbox 1593 1176 1685 1215; x_wconf 81' lang='grc' dir='ltr'>κατὰ</span> <span class='ocrx_word' id='word_1_494' title='bbox 1701 1177 1759 1216; x_wconf 84' lang='grc' dir='ltr'>τὸν</span> <span class='ocrx_word' id='word_1_495' title='bbox 1779 1178 1923 1231; x_wconf 82' lang='grc' dir='ltr'>φυσικὸν</span> <span class='ocrx_word' id='word_1_496' title='bbox 1945 1178 2212 1230; x_wconf 79' lang='grc' dir='ltr'>Ἐμπεδοκλέα,</span> 
     </span>
    </p>
   </div>
   <div class='ocr_carea' id='block_1_8' title="bbox 1511 1251 2487 1307">
    <p class='ocr_par' dir='ltr' id='par_1_14' title="bbox 1511 1251 2487 1307">
     <span class='ocr_line' id='line_1_70' title="bbox 1511 1251 2487 1307; baseline 0.008 -12"><span class='ocrx_word' id='word_1_497' title='bbox 1511 1257 1613 1297; x_wconf 71' lang='grc' dir='ltr'>πάνθ’</span> <span class='ocrx_word' id='word_1_498' title='bbox 1630 1257 1695 1297; x_wconf 78' lang='grc' dir='ltr'>ὅσα</span> <span class='ocrx_word' id='word_1_499' title='bbox 1713 1257 1741 1296; x_wconf 88' lang='grc' dir='ltr'>τ’</span> <span class='ocrx_word' id='word_1_500' title='bbox 1757 1253 1799 1307; x_wconf 66' lang='grc' dir='ltr'>’ἦν</span> <span class='ocrx_word' id='word_1_501' title='bbox 1819 1258 1884 1298; x_wconf 78' lang='grc' dir='ltr'>ὅσα</span> <span class='ocrx_word' id='word_1_502' title='bbox 1902 1261 1932 1298; x_wconf 90' lang='grc' dir='ltr'>τ’</span> <span class='ocrx_word' id='word_1_503' title='bbox 1952 1261 2045 1299; x_wconf 83' lang='grc' dir='ltr'>ἐστὶν</span> <span class='ocrx_word' id='word_1_504' title='bbox 2062 1259 2127 1299; x_wconf 79' lang='grc' dir='ltr'>ὅσα</span> <span class='ocrx_word' id='word_1_505' title='bbox 2144 1263 2175 1300; x_wconf 87' lang='grc' dir='ltr'>τ’</span> <span class='ocrx_word' id='word_1_506' title='bbox 2193 1261 2293 1302; x_wconf 81' lang='grc' dir='ltr'>ἔσται</span> <span class='ocrx_word' id='word_1_507' title='bbox 2309 1262 2460 1304; x_wconf 82' lang='grc' dir='ltr'>ὀπίσσω.</span> <span class='ocrx_word' id='word_1_508' title='bbox 2479 1251 2487 1261; x_wconf 52' lang='lat'><strong><em>¹</em></strong></span> 
     </span>
    </p>
   </div>
   <div class='ocr_carea' id='block_1_9' title="bbox 1444 1337 2518 3391">
    <p class='ocr_par' dir='ltr' id='par_1_15' title="bbox 1455 1337 2518 1678">
     <span class='ocr_line' id='line_1_71' title="bbox 1460 1337 2517 1396; baseline 0.01 -21"><span class='ocrx_word' id='word_1_509' title='bbox 1460 1337 1642 1377; x_wconf 78' lang='lat' dir='ltr'>Extrema</span> <span class='ocrx_word' id='word_1_510' title='bbox 1670 1339 1711 1377; x_wconf 94' lang='lat' dir='ltr'>in</span> <span class='ocrx_word' id='word_1_511' title='bbox 1745 1338 1970 1379; x_wconf 87' lang='lat' dir='ltr'>Casauboni</span> <span class='ocrx_word' id='word_1_512' title='bbox 2002 1341 2176 1381; x_wconf 92' lang='lat' dir='ltr'>editione</span> <span class='ocrx_word' id='word_1_513' title='bbox 2211 1344 2268 1383; x_wconf 89' lang='lat' dir='ltr'>sic</span> <span class='ocrx_word' id='word_1_514' title='bbox 2297 1344 2481 1396; x_wconf 83' lang='lat' dir='ltr'>leguntur</span> <span class='ocrx_word' id='word_1_515' title='bbox 2504 1362 2517 1386; x_wconf 78' lang='lat' dir='ltr'>t</span> 
     </span>
     <span class='ocr_line' id='line_1_72' title="bbox 1458 1396 2518 1458; baseline 0.012 -24"><span class='ocrx_word' id='word_1_516' title='bbox 1458 1396 1551 1435; x_wconf 82' lang='grc' dir='ltr'>ἐστὶν</span> <span class='ocrx_word' id='word_1_517' title='bbox 1583 1398 1628 1435; x_wconf 82' lang='grc' dir='ltr'>ἰδ’</span> <span class='ocrx_word' id='word_1_518' title='bbox 1649 1397 1738 1437; x_wconf 80' lang='grc' dir='ltr'>ὅσσα</span> <span class='ocrx_word' id='word_1_519' title='bbox 1769 1415 1807 1438; x_wconf 87' lang='grc' dir='ltr'>τε</span> <span class='ocrx_word' id='word_1_520' title='bbox 1830 1398 1930 1439; x_wconf 82' lang='grc' dir='ltr'>ἔσται</span> <span class='ocrx_word' id='word_1_521' title='bbox 1950 1400 2101 1440; x_wconf 82' lang='grc' dir='ltr'>ὀπίσσω.</span> <span class='ocrx_word' id='word_1_522' title='bbox 2123 1402 2266 1442; x_wconf 90' lang='lat' dir='ltr'>Verum</span> <span class='ocrx_word' id='word_1_523' title='bbox 2295 1403 2331 1450; x_wconf 79' lang='grc' dir='ltr'>ἐξ</span> <span class='ocrx_word' id='word_1_524' title='bbox 2351 1399 2390 1444; x_wconf 66' lang='grc' dir='ltr'>οὗ</span> <span class='ocrx_word' id='word_1_525' title='bbox 2410 1407 2518 1458; x_wconf 86' lang='lat' dir='ltr'>quod</span> 
     </span>
     <span class='ocr_line' id='line_1_73' title="bbox 1457 1456 2517 1517; baseline 0.01 -23"><span class='ocrx_word' id='word_1_526' title='bbox 1457 1456 1550 1494; x_wconf 87' lang='lat' dir='ltr'>libri</span> <span class='ocrx_word' id='word_1_527' title='bbox 1568 1465 1703 1496; x_wconf 84' lang='lat' dir='ltr'>auctor</span> <span class='ocrx_word' id='word_1_528' title='bbox 1722 1459 1770 1496; x_wconf 90' lang='lat' dir='ltr'>ad</span> <span class='ocrx_word' id='word_1_529' title='bbox 1788 1458 1902 1498; x_wconf 90' lang='lat' dir='ltr'>deum</span> <span class='ocrx_word' id='word_1_530' title='bbox 1923 1460 2063 1509; x_wconf 80' lang='lat' dir='ltr'>refert,</span> <span class='ocrx_word' id='word_1_531' title='bbox 2083 1475 2132 1500; x_wconf 87' lang='lat' dir='ltr'>ne</span> <span class='ocrx_word' id='word_1_532' title='bbox 2148 1462 2197 1501; x_wconf 89' lang='lat' dir='ltr'>de</span> <span class='ocrx_word' id='word_1_533' title='bbox 2214 1476 2331 1503; x_wconf 87' lang='lat' dir='ltr'>versu</span> <span class='ocrx_word' id='word_1_534' title='bbox 2351 1465 2438 1517; x_wconf 90' lang='lat' dir='ltr'>ipso</span> <span class='ocrx_word' id='word_1_535' title='bbox 2455 1465 2517 1505; x_wconf 84' lang='lat' dir='ltr'>di-</span> 
     </span>
     <span class='ocr_line' id='line_1_74' title="bbox 1456 1517 2514 1577; baseline 0.01 -24"><span class='ocrx_word' id='word_1_536' title='bbox 1456 1529 1558 1564; x_wconf 88' lang='lat' dir='ltr'>cam,</span> <span class='ocrx_word' id='word_1_537' title='bbox 1575 1530 1655 1555; x_wconf 88' lang='lat' dir='ltr'>non</span> <span class='ocrx_word' id='word_1_538' title='bbox 1683 1530 1766 1556; x_wconf 88' lang='lat' dir='ltr'>esse</span> <span class='ocrx_word' id='word_1_539' title='bbox 1786 1517 2087 1570; x_wconf 87' lang='lat' dir='ltr'>Empedocleum</span> <span class='ocrx_word' id='word_1_540' title='bbox 2120 1523 2189 1559; x_wconf 80' lang='lat' dir='ltr'>vix</span> <span class='ocrx_word' id='word_1_541' title='bbox 2222 1531 2282 1561; x_wconf 87' lang='lat' dir='ltr'>est</span> <span class='ocrx_word' id='word_1_542' title='bbox 2309 1524 2417 1577; x_wconf 87' lang='lat' dir='ltr'>quod</span> <span class='ocrx_word' id='word_1_543' title='bbox 2443 1524 2514 1564; x_wconf 84' lang='lat' dir='ltr'>de-</span> 
     </span>
     <span class='ocr_line' id='line_1_75' title="bbox 1457 1577 2511 1635; baseline 0.011 -22"><span class='ocrx_word' id='word_1_544' title='bbox 1457 1581 1684 1615; x_wconf 82' lang='lat' dir='ltr'>monstrem.</span> <span class='ocrx_word' id='word_1_545' title='bbox 1718 1577 1898 1629; x_wconf 90' lang='lat' dir='ltr'>Denique</span> <span class='ocrx_word' id='word_1_546' title='bbox 1928 1579 2155 1620; x_wconf 86' lang='lat' dir='ltr'>Aristoteles</span> <span class='ocrx_word' id='word_1_547' title='bbox 2190 1581 2362 1635; x_wconf 85' lang='lat' dir='ltr'>Metaph.</span> <span class='ocrx_word' id='word_1_548' title='bbox 2399 1584 2453 1633; x_wconf 83' lang='lat' dir='ltr'>ll,</span> <span class='ocrx_word' id='word_1_549' title='bbox 2489 1592 2511 1631; x_wconf 64' lang='grc' dir='ltr'>Ι.</span> 
     </span>
     <span class='ocr_line' id='line_1_76' title="bbox 1455 1635 2115 1678; baseline 0.008 -5"><span class='ocrx_word' id='word_1_550' title='bbox 1455 1635 1555 1674; x_wconf 88' lang='lat' dir='ltr'>hanc</span> <span class='ocrx_word' id='word_1_551' title='bbox 1575 1637 1748 1675; x_wconf 88' lang='lat' dir='ltr'>servavit</span> <span class='ocrx_word' id='word_1_552' title='bbox 1763 1650 1900 1677; x_wconf 90' lang='lat' dir='ltr'>versus</span> <span class='ocrx_word' id='word_1_553' title='bbox 1919 1639 2082 1677; x_wconf 86' lang='lat' dir='ltr'>formam</span> <span class='ocrx_word' id='word_1_554' title='bbox 2106 1654 2115 1678; x_wconf 89' lang='lat'>:</span> 
     </span>
    </p>

    <p class='ocr_par' dir='ltr' id='par_1_16' title="bbox 1507 1712 2516 1768">
     <span class='ocr_line' id='line_1_77' title="bbox 1507 1712 2516 1768; baseline 0.008 -11"><span class='ocrx_word' id='word_1_555' title='bbox 1507 1717 1541 1763; x_wconf 81' lang='grc' dir='ltr'>ἐξ</span> <span class='ocrx_word' id='word_1_556' title='bbox 1572 1712 1621 1757; x_wconf 67' lang='grc' dir='ltr'>ὧν</span> <span class='ocrx_word' id='word_1_557' title='bbox 1653 1718 1756 1758; x_wconf 85' lang='grc' dir='ltr'>πάνθ’</span> <span class='ocrx_word' id='word_1_558' title='bbox 1786 1718 1852 1759; x_wconf 77' lang='grc' dir='ltr'>ὅσα</span> <span class='ocrx_word' id='word_1_559' title='bbox 1887 1720 1920 1758; x_wconf 81' lang='grc' dir='ltr'>τ’</span> <span class='ocrx_word' id='word_1_560' title='bbox 1950 1715 1992 1768; x_wconf 70' lang='grc' dir='ltr'>ἦν</span> <span class='ocrx_word' id='word_1_561' title='bbox 2018 1721 2085 1762; x_wconf 78' lang='grc' dir='ltr'>ὅσα</span> <span class='ocrx_word' id='word_1_562' title='bbox 2115 1722 2146 1760; x_wconf 84' lang='grc' dir='ltr'>τ’</span> <span class='ocrx_word' id='word_1_563' title='bbox 2167 1721 2239 1761; x_wconf 80' lang='grc' dir='ltr'>ἔσθ’</span> <span class='ocrx_word' id='word_1_564' title='bbox 2273 1722 2340 1762; x_wconf 76' lang='grc' dir='ltr'>ὅσα</span> <span class='ocrx_word' id='word_1_565' title='bbox 2361 1727 2392 1763; x_wconf 86' lang='grc' dir='ltr'>τ’</span> <span class='ocrx_word' id='word_1_566' title='bbox 2413 1724 2516 1765; x_wconf 76' lang='grc' dir='ltr'>ἔσται</span> 
     </span>
    </p>

    <p class='ocr_par' dir='ltr' id='par_1_17' title="bbox 1449 1783 2513 2192">
     <span class='ocr_line' id='line_1_78' title="bbox 2342 1783 2511 1836; baseline 0.018 -13"><span class='ocrx_word' id='word_1_567' title='bbox 2342 1783 2511 1836; x_wconf 50' lang='lat' dir='ltr'>[ditham</span> 
     </span>
     <span class='ocr_line' id='line_1_79' title="bbox 1453 1857 2513 1912; baseline 0.011 -20"><span class='ocrx_word' id='word_1_568' title='bbox 1453 1868 1568 1906; x_wconf 83' lang='lat' dir='ltr'>quam</span> <span class='ocrx_word' id='word_1_569' title='bbox 1602 1857 1780 1907; x_wconf 89' lang='lat' dir='ltr'>sequitur</span> <span class='ocrx_word' id='word_1_570' title='bbox 1801 1857 2000 1897; x_wconf 89' lang='lat' dir='ltr'>Prellerus</span> <span class='ocrx_word' id='word_1_571' title='bbox 2019 1858 2116 1896; x_wconf 89' lang='lat' dir='ltr'>Hist.</span> <span class='ocrx_word' id='word_1_572' title='bbox 2149 1859 2249 1910; x_wconf 88' lang='lat' dir='ltr'>phil.</span> <span class='ocrx_word' id='word_1_573' title='bbox 2286 1874 2328 1912; x_wconf 90' lang='lat' dir='ltr'>p.</span> <span class='ocrx_word' id='word_1_574' title='bbox 2369 1863 2444 1901; x_wconf 87' lang='lat'>118</span> <span class='ocrx_word' id='word_1_575' title='bbox 2475 1873 2513 1904; x_wconf 89' lang='lat' dir='ltr'>et</span> 
     </span>
     <span class='ocr_line' id='line_1_80' title="bbox 1453 1913 2509 1968; baseline 0.01 -16"><span class='ocrx_word' id='word_1_576' title='bbox 1453 1915 1704 1963; x_wconf 75' lang='lat' dir='ltr'>Kal-Stenius,</span> <span class='ocrx_word' id='word_1_577' title='bbox 1727 1916 1806 1955; x_wconf 91' lang='lat' dir='ltr'>nisi</span> <span class='ocrx_word' id='word_1_578' title='bbox 1821 1917 1927 1968; x_wconf 89' lang='lat' dir='ltr'>quod</span> <span class='ocrx_word' id='word_1_579' title='bbox 1945 1917 2010 1956; x_wconf 91' lang='lat' dir='ltr'>hic</span> <span class='ocrx_word' id='word_1_580' title='bbox 2029 1932 2103 1968; x_wconf 93' lang='lat' dir='ltr'>pro</span> <span class='ocrx_word' id='word_1_581' title='bbox 2121 1917 2156 1963; x_wconf 84' lang='grc' dir='ltr'>ἐξ</span> <span class='ocrx_word' id='word_1_582' title='bbox 2172 1913 2220 1958; x_wconf 71' lang='grc' dir='ltr'>ὧν</span> <span class='ocrx_word' id='word_1_583' title='bbox 2241 1920 2349 1960; x_wconf 87' lang='lat' dir='ltr'>dedit</span> <span class='ocrx_word' id='word_1_584' title='bbox 2368 1923 2408 1961; x_wconf 83' lang='grc' dir='ltr'>ἐκ</span> <span class='ocrx_word' id='word_1_585' title='bbox 2423 1924 2509 1964; x_wconf 80' lang='grc' dir='ltr'>τῶν.</span> 
     </span>
     <span class='ocr_line' id='line_1_81' title="bbox 1452 1972 2511 2028; baseline 0.011 -18"><span class='ocrx_word' id='word_1_586' title='bbox 1452 1972 1513 2011; x_wconf 91' lang='lat' dir='ltr'>Ad</span> <span class='ocrx_word' id='word_1_587' title='bbox 1533 1973 1780 2025; x_wconf 89' lang='lat' dir='ltr'>Simplicium</span> <span class='ocrx_word' id='word_1_588' title='bbox 1811 1989 1852 2014; x_wconf 92' lang='lat' dir='ltr'>se</span> <span class='ocrx_word' id='word_1_589' title='bbox 1882 1977 2156 2028; x_wconf 88' lang='lat' dir='ltr'>applicuerunt</span> <span class='ocrx_word' id='word_1_590' title='bbox 2180 1978 2511 2022; x_wconf 88' lang='lat' dir='ltr'>Panzerbieterus</span> 
     </span>
     <span class='ocr_line' id='line_1_82' title="bbox 1451 2032 2511 2089; baseline 0.011 -20"><span class='ocrx_word' id='word_1_591' title='bbox 1451 2041 1488 2070; x_wconf 91' lang='lat' dir='ltr'>et</span> <span class='ocrx_word' id='word_1_592' title='bbox 1507 2033 1677 2071; x_wconf 89' lang='lat' dir='ltr'>Steinius</span> <span class='ocrx_word' id='word_1_593' title='bbox 1696 2035 1735 2072; x_wconf 82' lang='grc' dir='ltr'>ἐκ</span> <span class='ocrx_word' id='word_1_594' title='bbox 1751 2034 1880 2073; x_wconf 84' lang='grc' dir='ltr'>τούτων</span> <span class='ocrx_word' id='word_1_595' title='bbox 1901 2035 1970 2089; x_wconf 83' lang='grc' dir='ltr'>γὰρ</span> <span class='ocrx_word' id='word_1_596' title='bbox 1984 2035 2088 2075; x_wconf 80' lang='grc' dir='ltr'>πάνθ’</span> <span class='ocrx_word' id='word_1_597' title='bbox 2104 2035 2171 2076; x_wconf 75' lang='grc' dir='ltr'>ὅσα</span> <span class='ocrx_word' id='word_1_598' title='bbox 2189 2037 2221 2076; x_wconf 91' lang='grc' dir='ltr'>τ’</span> <span class='ocrx_word' id='word_1_599' title='bbox 2238 2032 2280 2086; x_wconf 74' lang='grc' dir='ltr'>ἦν</span> <span class='ocrx_word' id='word_1_600' title='bbox 2297 2037 2364 2078; x_wconf 75' lang='grc' dir='ltr'>ὅσα</span> <span class='ocrx_word' id='word_1_601' title='bbox 2381 2041 2412 2079; x_wconf 85' lang='grc' dir='ltr'>τ’</span> <span class='ocrx_word' id='word_1_602' title='bbox 2433 2040 2511 2081; x_wconf 85' lang='grc' dir='ltr'>ἔστι</span> 
     </span>
     <span class='ocr_line' id='line_1_83' title="bbox 1450 2090 2510 2147; baseline 0.011 -19"><span class='ocrx_word' id='word_1_603' title='bbox 1450 2090 1510 2128; x_wconf 83' lang='grc' dir='ltr'>καὶ</span> <span class='ocrx_word' id='word_1_604' title='bbox 1533 2090 1631 2129; x_wconf 84' lang='grc' dir='ltr'>ἔσται</span> <span class='ocrx_word' id='word_1_605' title='bbox 1659 2093 1885 2144; x_wconf 87' lang='lat' dir='ltr'>ponendum</span> <span class='ocrx_word' id='word_1_606' title='bbox 1910 2108 1994 2133; x_wconf 91' lang='lat' dir='ltr'>esse</span> <span class='ocrx_word' id='word_1_607' title='bbox 2020 2096 2109 2135; x_wconf 89' lang='lat' dir='ltr'>rati.</span> <span class='ocrx_word' id='word_1_608' title='bbox 2143 2096 2227 2147; x_wconf 84' lang='lat' dir='ltr'>Ego</span> <span class='ocrx_word' id='word_1_609' title='bbox 2257 2097 2510 2140; x_wconf 89' lang='lat' dir='ltr'>Karstenium</span> 
     </span>
     <span class='ocr_line' id='line_1_84' title="bbox 1449 2151 2411 2192; baseline 0.008 -4"><span class='ocrx_word' id='word_1_610' title='bbox 1449 2163 1586 2189; x_wconf 87' lang='lat' dir='ltr'>verum</span> <span class='ocrx_word' id='word_1_611' title='bbox 1607 2151 1756 2191; x_wconf 84' lang='lat' dir='ltr'>vidisse</span> <span class='ocrx_word' id='word_1_612' title='bbox 1773 2153 1958 2192; x_wconf 85' lang='lat' dir='ltr'>arbitror.</span> <span class='ocrx_word' id='word_1_613' title='bbox 2408 2162 2411 2165; x_wconf 86' lang='lat'>&#39;</span> 
     </span>
    </p>

    <p class='ocr_par' dir='ltr' id='par_1_18' title="bbox 1450 2210 2511 2494">
     <span class='ocr_line' id='line_1_85' title="bbox 1503 2210 2511 2268; baseline 0.012 -21"><span class='ocrx_word' id='word_1_614' title='bbox 1503 2210 1567 2249; x_wconf 89' lang='lat' dir='ltr'>Vs.</span> <span class='ocrx_word' id='word_1_615' title='bbox 1595 2225 1685 2261; x_wconf 81' lang='lat'><strong>1²9·</strong></span> <span class='ocrx_word' id='word_1_616' title='bbox 1716 2211 1858 2265; x_wconf 75' lang='grc' dir='ltr'>δένδρεά</span> <span class='ocrx_word' id='word_1_617' title='bbox 1878 2215 1910 2250; x_wconf 86' lang='grc' dir='ltr'>τ’</span> <span class='ocrx_word' id='word_1_618' title='bbox 1934 2212 2150 2268; x_wconf 76' lang='grc' dir='ltr'>ἐὸλοίστησε]</span> <span class='ocrx_word' id='word_1_619' title='bbox 2171 2214 2229 2254; x_wconf 88' lang='lat' dir='ltr'>Ita</span> <span class='ocrx_word' id='word_1_620' title='bbox 2253 2216 2511 2268; x_wconf 84' lang='lat' dir='ltr'>Aristoteles;</span> 
     </span>
     <span class='ocr_line' id='line_1_86' title="bbox 1452 2269 2510 2330; baseline 0.011 -23"><span class='ocrx_word' id='word_1_621' title='bbox 1452 2278 1489 2308; x_wconf 88' lang='lat' dir='ltr'>at</span> <span class='ocrx_word' id='word_1_622' title='bbox 1507 2269 1702 2321; x_wconf 88' lang='lat' dir='ltr'>Simplicii</span> <span class='ocrx_word' id='word_1_623' title='bbox 1726 2272 1847 2311; x_wconf 90' lang='lat' dir='ltr'>editio</span> <span class='ocrx_word' id='word_1_624' title='bbox 1877 2273 2021 2312; x_wconf 87' lang='lat' dir='ltr'>Aldina</span> <span class='ocrx_word' id='word_1_625' title='bbox 2050 2274 2173 2328; x_wconf 79' lang='grc' dir='ltr'>δένδρα</span> <span class='ocrx_word' id='word_1_626' title='bbox 2201 2292 2238 2314; x_wconf 82' lang='grc' dir='ltr'>τε</span> <span class='ocrx_word' id='word_1_627' title='bbox 2261 2277 2510 2330; x_wconf 77' lang='grc' dir='ltr'>βεὸλᾶστηκε,</span> 
     </span>
     <span class='ocr_line' id='line_1_87' title="bbox 1453 2331 2508 2391; baseline 0.011 -24"><span class='ocrx_word' id='word_1_628' title='bbox 1453 2331 1633 2380; x_wconf 91' lang='lat' dir='ltr'>quamvis</span> <span class='ocrx_word' id='word_1_629' title='bbox 1662 2331 1704 2369; x_wconf 93' lang='lat' dir='ltr'>in</span> <span class='ocrx_word' id='word_1_630' title='bbox 1734 2332 1821 2370; x_wconf 88' lang='lat' dir='ltr'>cod.</span> <span class='ocrx_word' id='word_1_631' title='bbox 1847 2333 1893 2372; x_wconf 88' lang='lat' dir='ltr'>C.</span> <span class='ocrx_word' id='word_1_632' title='bbox 1916 2344 2138 2386; x_wconf 88' lang='lat' dir='ltr'>compareat</span> <span class='ocrx_word' id='word_1_633' title='bbox 2169 2350 2178 2374; x_wconf 93' lang='lat'><strong>:</strong></span> <span class='ocrx_word' id='word_1_634' title='bbox 2207 2335 2349 2390; x_wconf 78' lang='grc' dir='ltr'>δένδρεά</span> <span class='ocrx_word' id='word_1_635' title='bbox 2376 2352 2415 2378; x_wconf 88' lang='grc' dir='ltr'>τε</span> <span class='ocrx_word' id='word_1_636' title='bbox 2452 2343 2508 2391; x_wconf 86' lang='grc' dir='ltr'>βε-</span> 
     </span>
     <span class='ocr_line' id='line_1_88' title="bbox 1450 2387 2509 2449; baseline 0.014 -24"><span class='ocrx_word' id='word_1_637' title='bbox 1450 2387 1628 2436; x_wconf 77' lang='grc' dir='ltr'>ὃλάστηκε</span> <span class='ocrx_word' id='word_1_638' title='bbox 1642 2419 1652 2437; x_wconf 91' lang='grc'><em>,</em></span> <span class='ocrx_word' id='word_1_639' title='bbox 1686 2391 1728 2429; x_wconf 93' lang='lat' dir='ltr'>in</span> <span class='ocrx_word' id='word_1_640' title='bbox 1778 2392 1863 2431; x_wconf 92' lang='lat' dir='ltr'>cod.</span> <span class='ocrx_word' id='word_1_641' title='bbox 1905 2392 1953 2433; x_wconf 91' lang='lat' dir='ltr'>D.</span> <span class='ocrx_word' id='word_1_642' title='bbox 1990 2402 2118 2432; x_wconf 89' lang='lat' dir='ltr'>autem</span> <span class='ocrx_word' id='word_1_643' title='bbox 2160 2393 2304 2449; x_wconf 84' lang='grc' dir='ltr'>δένδρεά</span> <span class='ocrx_word' id='word_1_644' title='bbox 2339 2397 2370 2436; x_wconf 85' lang='grc' dir='ltr'>τ’</span> <span class='ocrx_word' id='word_1_645' title='bbox 2403 2399 2509 2440; x_wconf 54' lang='lat'>{6202-</span> 
     </span>
     <span class='ocr_line' id='line_1_89' title="bbox 1450 2463 1572 2494; baseline 0 -8"><span class='ocrx_word' id='word_1_646' title='bbox 1450 2463 1572 2494; x_wconf 80' lang='grc' dir='ltr'>στησε.</span> 
     </span>
    </p>

    <p class='ocr_par' dir='ltr' id='par_1_19' title="bbox 1447 2506 2511 2744">
     <span class='ocr_line' id='line_1_90' title="bbox 1502 2506 2511 2565; baseline 0.015 -22"><span class='ocrx_word' id='word_1_647' title='bbox 1502 2506 1567 2547; x_wconf 88' lang='lat' dir='ltr'>Vs.</span> <span class='ocrx_word' id='word_1_648' title='bbox 1597 2509 1665 2546; x_wconf 83' lang='lat'>131</span> <span class='ocrx_word' id='word_1_649' title='bbox 1677 2537 1687 2548; x_wconf 95' lang='lat'>.</span> <span class='ocrx_word' id='word_1_650' title='bbox 1706 2509 1769 2546; x_wconf 85' lang='grc' dir='ltr'>καί</span> <span class='ocrx_word' id='word_1_651' title='bbox 1786 2525 1825 2548; x_wconf 84' lang='grc' dir='ltr'>τε</span> <span class='ocrx_word' id='word_1_652' title='bbox 1841 2508 1926 2562; x_wconf 75' lang='grc' dir='ltr'>θεοὶ]</span> <span class='ocrx_word' id='word_1_653' title='bbox 1945 2510 2003 2549; x_wconf 88' lang='lat' dir='ltr'>Ita</span> <span class='ocrx_word' id='word_1_654' title='bbox 2021 2513 2184 2552; x_wconf 91' lang='lat' dir='ltr'>omnino</span> <span class='ocrx_word' id='word_1_655' title='bbox 2201 2514 2407 2565; x_wconf 86' lang='lat' dir='ltr'>legendum</span> <span class='ocrx_word' id='word_1_656' title='bbox 2424 2530 2511 2559; x_wconf 88' lang='lat' dir='ltr'>esse</span> 
     </span>
     <span class='ocr_line' id='line_1_91' title="bbox 1448 2565 2510 2628; baseline 0.012 -25"><span class='ocrx_word' id='word_1_657' title='bbox 1448 2565 1633 2605; x_wconf 87' lang='lat' dir='ltr'>viderunt</span> <span class='ocrx_word' id='word_1_658' title='bbox 1652 2568 1891 2619; x_wconf 86' lang='lat' dir='ltr'>posteriores</span> <span class='ocrx_word' id='word_1_659' title='bbox 1921 2570 2112 2619; x_wconf 86' lang='lat' dir='ltr'>editores,</span> <span class='ocrx_word' id='word_1_660' title='bbox 2136 2586 2270 2623; x_wconf 85' lang='lat' dir='ltr'>quum</span> <span class='ocrx_word' id='word_1_661' title='bbox 2289 2573 2510 2628; x_wconf 87' lang='lat' dir='ltr'>Stephanus</span> 
     </span>
     <span class='ocr_line' id='line_1_92' title="bbox 1447 2624 2508 2680; baseline 0.013 -18"><span class='ocrx_word' id='word_1_662' title='bbox 1447 2624 1489 2662; x_wconf 93' lang='lat' dir='ltr'>in</span> <span class='ocrx_word' id='word_1_663' title='bbox 1510 2625 1625 2665; x_wconf 88' lang='lat' dir='ltr'>Poesi</span> <span class='ocrx_word' id='word_1_664' title='bbox 1644 2627 1794 2678; x_wconf 86' lang='lat' dir='ltr'>philos.</span> <span class='ocrx_word' id='word_1_665' title='bbox 1814 2642 1853 2680; x_wconf 89' lang='lat' dir='ltr'>p.</span> <span class='ocrx_word' id='word_1_666' title='bbox 1880 2630 1926 2667; x_wconf 87' lang='lat'>18</span> <span class='ocrx_word' id='word_1_667' title='bbox 1947 2632 2161 2670; x_wconf 92' lang='lat' dir='ltr'>nonnullos</span> <span class='ocrx_word' id='word_1_668' title='bbox 2195 2634 2417 2674; x_wconf 85' lang='lat' dir='ltr'>Aristotelis</span> <span class='ocrx_word' id='word_1_669' title='bbox 2441 2651 2508 2675; x_wconf 82' lang='lat' dir='ltr'>co·</span> 
     </span>
     <span class='ocr_line' id='line_1_93' title="bbox 1448 2683 2505 2744; baseline 0.011 -22"><span class='ocrx_word' id='word_1_670' title='bbox 1448 2683 1553 2732; x_wconf 85' lang='lat' dir='ltr'>dices</span> <span class='ocrx_word' id='word_1_671' title='bbox 1568 2695 1721 2725; x_wconf 90' lang='lat' dir='ltr'>secutus</span> <span class='ocrx_word' id='word_1_672' title='bbox 1735 2687 1901 2725; x_wconf 87' lang='lat' dir='ltr'>ediderit</span> <span class='ocrx_word' id='word_1_673' title='bbox 1917 2688 1981 2726; x_wconf 82' lang='grc' dir='ltr'>κᾶν</span> <span class='ocrx_word' id='word_1_674' title='bbox 1997 2705 2033 2727; x_wconf 88' lang='grc' dir='ltr'>τε</span> <span class='ocrx_word' id='word_1_675' title='bbox 2048 2690 2132 2730; x_wconf 76' lang='grc' dir='ltr'>θεοί.</span> <span class='ocrx_word' id='word_1_676' title='bbox 2146 2691 2359 2744; x_wconf 89' lang='lat' dir='ltr'>Perperam</span> <span class='ocrx_word' id='word_1_677' title='bbox 2376 2704 2505 2734; x_wconf 87' lang='lat' dir='ltr'>autem</span> 
     </span>
    </p>

    <p class='ocr_par' dir='ltr' id='par_1_20' title="bbox 1445 2744 2507 3144">
     <span class='ocr_line' id='line_1_94' title="bbox 1477 2744 2503 2804; baseline 0.012 -23"><span class='ocrx_word' id='word_1_678' title='bbox 1477 2744 1621 2794; x_wconf 75' lang='lat' dir='ltr'>caliget·</span> <span class='ocrx_word' id='word_1_679' title='bbox 1639 2745 1738 2785; x_wconf 91' lang='lat' dir='ltr'>ibid.</span> <span class='ocrx_word' id='word_1_680' title='bbox 1758 2760 1796 2797; x_wconf 93' lang='lat' dir='ltr'>p.</span> <span class='ocrx_word' id='word_1_681' title='bbox 1817 2748 1893 2784; x_wconf 87' lang='lat'>216</span> <span class='ocrx_word' id='word_1_682' title='bbox 1915 2762 1922 2785; x_wconf 90' lang='lat'>:</span> <span class='ocrx_word' id='word_1_683' title='bbox 1947 2765 1963 2782; x_wconf 82' lang='lat'>«</span> <span class='ocrx_word' id='word_1_684' title='bbox 1988 2748 2092 2799; x_wconf 85' lang='lat' dir='ltr'>Lego</span> <span class='ocrx_word' id='word_1_685' title='bbox 2105 2779 2115 2798; x_wconf 93' lang='lat'><strong><em>,</em></strong></span> <span class='ocrx_word' id='word_1_686' title='bbox 2134 2751 2288 2804; x_wconf 83' lang='lat' dir='ltr'>inquit,</span> <span class='ocrx_word' id='word_1_687' title='bbox 2305 2754 2339 2791; x_wconf 88' lang='grc' dir='ltr'>κ’</span> <span class='ocrx_word' id='word_1_688' title='bbox 2354 2752 2503 2794; x_wconf 75' lang='grc' dir='ltr'>ἀντίθεοι</span> 
     </span>
     <span class='ocr_line' id='line_1_95' title="bbox 1448 2802 2504 2858; baseline 0.012 -19"><span class='ocrx_word' id='word_1_689' title='bbox 1448 2802 1691 2856; x_wconf 78' lang='grc' dir='ltr'>δολιχαίωνες,</span> <span class='ocrx_word' id='word_1_690' title='bbox 1714 2805 1754 2844; x_wconf 91' lang='lat' dir='ltr'>h.</span> <span class='ocrx_word' id='word_1_691' title='bbox 1777 2819 1812 2844; x_wconf 91' lang='lat' dir='ltr'>e.</span> <span class='ocrx_word' id='word_1_692' title='bbox 1832 2804 1955 2858; x_wconf 81' lang='grc' dir='ltr'>ἥρωες.</span> <span class='ocrx_word' id='word_1_693' title='bbox 1971 2807 2087 2856; x_wconf 89' lang='lat' dir='ltr'>Nam,</span> <span class='ocrx_word' id='word_1_694' title='bbox 2108 2818 2150 2847; x_wconf 92' lang='lat' dir='ltr'>ut</span> <span class='ocrx_word' id='word_1_695' title='bbox 2170 2819 2330 2850; x_wconf 87' lang='lat' dir='ltr'>annotat</span> <span class='ocrx_word' id='word_1_696' title='bbox 2346 2812 2504 2852; x_wconf 82' lang='lat' dir='ltr'>Aristo-</span> 
     </span>
     <span class='ocr_line' id='line_1_96' title="bbox 1447 2861 2507 2911; baseline 0.012 -13"><span class='ocrx_word' id='word_1_697' title='bbox 1447 2861 1561 2909; x_wconf 89' lang='lat' dir='ltr'>teles,</span> <span class='ocrx_word' id='word_1_698' title='bbox 1584 2863 1654 2901; x_wconf 83' lang='grc' dir='ltr'>θεοὶ</span> <span class='ocrx_word' id='word_1_699' title='bbox 1675 2863 1738 2902; x_wconf 92' lang='lat' dir='ltr'>hic</span> <span class='ocrx_word' id='word_1_700' title='bbox 1761 2878 1839 2902; x_wconf 92' lang='lat' dir='ltr'>non</span> <span class='ocrx_word' id='word_1_701' title='bbox 1862 2867 2161 2908; x_wconf 87' lang='lat' dir='ltr'>concluduntur.</span> <span class='ocrx_word' id='word_1_702' title='bbox 2186 2887 2201 2903; x_wconf 78' lang='grc' dir='ltr'><strong>υ</strong></span> <span class='ocrx_word' id='word_1_703' title='bbox 2225 2870 2276 2907; x_wconf 94' lang='lat' dir='ltr'>At</span> <span class='ocrx_word' id='word_1_704' title='bbox 2295 2870 2336 2908; x_wconf 93' lang='lat' dir='ltr'>in</span> <span class='ocrx_word' id='word_1_705' title='bbox 2368 2872 2507 2911; x_wconf 88' lang='lat' dir='ltr'>codice</span> 
     </span>
     <span class='ocr_line' id='line_1_97' title="bbox 1448 2919 2502 2983; baseline 0.013 -26"><span class='ocrx_word' id='word_1_706' title='bbox 1448 2919 1802 2971; x_wconf 76' lang='lat' dir='ltr'>Lugdunobatavo,</span> <span class='ocrx_word' id='word_1_707' title='bbox 1822 2925 2093 2965; x_wconf 80' lang='lat' dir='ltr'>animadverso</span> <span class='ocrx_word' id='word_1_708' title='bbox 2107 2958 2117 2976; x_wconf 88' lang='lat'>‚</span> <span class='ocrx_word' id='word_1_709' title='bbox 2137 2937 2178 2966; x_wconf 90' lang='lat' dir='ltr'>ut</span> <span class='ocrx_word' id='word_1_710' title='bbox 2195 2930 2302 2968; x_wconf 89' lang='lat' dir='ltr'>credi</span> <span class='ocrx_word' id='word_1_711' title='bbox 2334 2944 2406 2982; x_wconf 87' lang='lat' dir='ltr'>par</span> <span class='ocrx_word' id='word_1_712' title='bbox 2429 2941 2502 2983; x_wconf 74' lang='lat' dir='ltr'>est,</span> 
     </span>
     <span class='ocr_line' id='line_1_98' title="bbox 1446 2982 2504 3040; baseline 0.014 -24"><span class='ocrx_word' id='word_1_713' title='bbox 1446 2991 1580 3018; x_wconf 85' lang='lat' dir='ltr'>errore</span> <span class='ocrx_word' id='word_1_714' title='bbox 1605 2982 1704 3020; x_wconf 88' lang='lat' dir='ltr'>nihil</span> <span class='ocrx_word' id='word_1_715' title='bbox 1731 2985 1956 3022; x_wconf 89' lang='lat' dir='ltr'>mutandum</span> <span class='ocrx_word' id='word_1_716' title='bbox 1984 2988 2148 3025; x_wconf 90' lang='lat' dir='ltr'>censuit.</span> <span class='ocrx_word' id='word_1_717' title='bbox 2176 2988 2380 3040; x_wconf 85' lang='lat' dir='ltr'>Repetitur</span> <span class='ocrx_word' id='word_1_718' title='bbox 2406 3004 2504 3031; x_wconf 78' lang='lat' dir='ltr'>vero</span> 
     </span>
     <span class='ocr_line' id='line_1_99' title="bbox 1445 3039 2501 3099; baseline 0.014 -23"><span class='ocrx_word' id='word_1_719' title='bbox 1445 3039 1562 3089; x_wconf 89' lang='lat' dir='ltr'>paulo</span> <span class='ocrx_word' id='word_1_720' title='bbox 1580 3040 1744 3080; x_wconf 86' lang='lat' dir='ltr'>inferius</span> <span class='ocrx_word' id='word_1_721' title='bbox 1762 3042 1824 3081; x_wconf 89' lang='lat' dir='ltr'>hic</span> <span class='ocrx_word' id='word_1_722' title='bbox 1838 3056 1973 3083; x_wconf 88' lang='lat' dir='ltr'>versus</span> <span class='ocrx_word' id='word_1_723' title='bbox 1990 3059 2076 3084; x_wconf 90' lang='lat' dir='ltr'>cum</span> <span class='ocrx_word' id='word_1_724' title='bbox 2093 3048 2343 3099; x_wconf 82' lang='lat' dir='ltr'>praecedenti.</span> <span class='ocrx_word' id='word_1_725' title='bbox 2360 3050 2418 3091; x_wconf 88' lang='lat' dir='ltr'>Cf.</span> <span class='ocrx_word' id='word_1_726' title='bbox 2437 3065 2501 3091; x_wconf 74' lang='grc' dir='ltr'>νε.</span> 
     </span>
     <span class='ocr_line' id='line_1_100' title="bbox 1450 3104 1646 3144; baseline 0.02 -9"><span class='ocrx_word' id='word_1_727' title='bbox 1450 3104 1646 3144; x_wconf 75' lang='grc'>140-141.</span> 
     </span>
    </p>

    <p class='ocr_par' dir='ltr' id='par_1_21' title="bbox 1444 3157 2503 3391">
     <span class='ocr_line' id='line_1_101' title="bbox 1497 3157 2503 3217; baseline 0.017 -23"><span class='ocrx_word' id='word_1_728' title='bbox 1497 3157 1561 3196; x_wconf 91' lang='lat' dir='ltr'>Vs.</span> <span class='ocrx_word' id='word_1_729' title='bbox 1586 3160 1781 3200; x_wconf 81' lang='lat'>132-133.</span> <span class='ocrx_word' id='word_1_730' title='bbox 1802 3161 1892 3200; x_wconf 72' lang='grc' dir='ltr'>αὐτὰ</span> <span class='ocrx_word' id='word_1_731' title='bbox 1912 3162 1979 3215; x_wconf 81' lang='grc' dir='ltr'>γὰρ</span> <span class='ocrx_word' id='word_1_732' title='bbox 1997 3166 2093 3217; x_wconf 86' lang='grc' dir='ltr'>κτλ.]</span> <span class='ocrx_word' id='word_1_733' title='bbox 2108 3166 2251 3207; x_wconf 86' lang='lat' dir='ltr'>Versus</span> <span class='ocrx_word' id='word_1_734' title='bbox 2267 3169 2368 3208; x_wconf 88' lang='lat' dir='ltr'>haud</span> <span class='ocrx_word' id='word_1_735' title='bbox 2395 3172 2503 3211; x_wconf 79' lang='lat' dir='ltr'>absi-</span> 
     </span>
     <span class='ocr_line' id='line_1_102' title="bbox 1444 3217 2499 3281; baseline 0.015 -27"><span class='ocrx_word' id='word_1_736' title='bbox 1444 3217 1556 3255; x_wconf 91' lang='lat' dir='ltr'>miles</span> <span class='ocrx_word' id='word_1_737' title='bbox 1588 3218 1637 3257; x_wconf 91' lang='lat' dir='ltr'>iis</span> <span class='ocrx_word' id='word_1_738' title='bbox 1667 3221 1735 3270; x_wconf 91' lang='lat' dir='ltr'>qui</span> <span class='ocrx_word' id='word_1_739' title='bbox 1774 3234 1894 3272; x_wconf 86' lang='lat' dir='ltr'>supra</span> <span class='ocrx_word' id='word_1_740' title='bbox 1934 3223 2130 3272; x_wconf 85' lang='lat' dir='ltr'>leguntur.</span> <span class='ocrx_word' id='word_1_741' title='bbox 2160 3226 2219 3266; x_wconf 89' lang='lat' dir='ltr'>Cf.</span> <span class='ocrx_word' id='word_1_742' title='bbox 2253 3241 2313 3268; x_wconf 91' lang='lat' dir='ltr'>vs.</span> <span class='ocrx_word' id='word_1_743' title='bbox 2352 3230 2499 3281; x_wconf 75' lang='lat'>96-97.</span> 
     </span>
     <span class='ocr_line' id='line_1_103' title="bbox 1444 3275 2499 3341; baseline 0.016 -29"><span class='ocrx_word' id='word_1_744' title='bbox 1444 3275 1655 3316; x_wconf 90' lang='lat' dir='ltr'>Commode</span> <span class='ocrx_word' id='word_1_745' title='bbox 1675 3292 1762 3320; x_wconf 86' lang='lat' dir='ltr'>curn</span> <span class='ocrx_word' id='word_1_746' title='bbox 1780 3280 1842 3318; x_wconf 84' lang='lat' dir='ltr'>his</span> <span class='ocrx_word' id='word_1_747' title='bbox 1867 3281 2098 3333; x_wconf 87' lang='lat' dir='ltr'>interpretes</span> <span class='ocrx_word' id='word_1_748' title='bbox 2121 3286 2356 3338; x_wconf 88' lang='lat' dir='ltr'>Euripideos</span> <span class='ocrx_word' id='word_1_749' title='bbox 2371 3291 2499 3341; x_wconf 84' lang='lat' dir='ltr'>versi-</span> 
     </span>
     <span class='ocr_line' id='line_1_104' title="bbox 1445 3334 2498 3391; baseline 0.016 -21"><span class='ocrx_word' id='word_1_750' title='bbox 1445 3334 1551 3372; x_wconf 91' lang='lat' dir='ltr'>culos</span> <span class='ocrx_word' id='word_1_751' title='bbox 1587 3348 1861 3388; x_wconf 88' lang='lat' dir='ltr'>compararunt</span> <span class='ocrx_word' id='word_1_752' title='bbox 1906 3341 2008 3391; x_wconf 88' lang='lat' dir='ltr'>apud</span> <span class='ocrx_word' id='word_1_753' title='bbox 2041 3342 2229 3384; x_wconf 90' lang='lat' dir='ltr'>Clement.</span> <span class='ocrx_word' id='word_1_754' title='bbox 2265 3346 2412 3386; x_wconf 91' lang='lat' dir='ltr'>Strom.</span> <span class='ocrx_word' id='word_1_755' title='bbox 2447 3348 2498 3387; x_wconf 72' lang='lat' dir='ltr'>v}</span> 
     </span>
    </p>
   </div>
   <div class='ocr_carea' id='block_1_10' title="bbox 1426 3394 1649 3444">
    <p class='ocr_par' dir='ltr' id='par_1_22' title="bbox 1426 3394 1649 3444">
     <span class='ocr_line' id='line_1_105' title="bbox 1426 3394 1649 3444; baseline 0.013 -14"><span class='ocrx_word' id='word_1_756' title='bbox 1426 3405 1483 3444; x_wconf 80' lang='lat' dir='ltr'>p.</span> <span class='ocrx_word' id='word_1_757' title='bbox 1508 3394 1584 3442; x_wconf 85' lang='lat'>627</span> <span class='ocrx_word' id='word_1_758' title='bbox 1603 3395 1649 3433; x_wconf 92' lang='lat' dir='ltr'>D.</span> 
     </span>
    </p>
   </div>
   <div class='ocr_carea' id='block_1_11' title="bbox 1550 3484 2186 3544">
    <p class='ocr_par' dir='ltr' id='par_1_23' title="bbox 1550 3484 2186 3544">
     <span class='ocr_line' id='line_1_106' title="bbox 1550 3484 2186 3544; baseline 0.011 -20"><span class='ocrx_word' id='word_1_759' title='bbox 1550 3484 1693 3533; x_wconf 81' lang='grc' dir='ltr'>θνήσκει</span> <span class='ocrx_word' id='word_1_760' title='bbox 1711 3488 1739 3526; x_wconf 79' lang='grc' dir='ltr'>δ’</span> <span class='ocrx_word' id='word_1_761' title='bbox 1758 3487 1853 3527; x_wconf 73' lang='grc' dir='ltr'>οὐδὲν</span> <span class='ocrx_word' id='word_1_762' title='bbox 1870 3491 1938 3528; x_wconf 80' lang='grc' dir='ltr'>τῶν</span> <span class='ocrx_word' id='word_1_763' title='bbox 1958 3492 2186 3544; x_wconf 79' lang='grc' dir='ltr'>γιγνομένων,</span> 
     </span>
    </p>
   </div>
   <div class='ocr_carea' id='block_1_12' title="bbox 2593 3377 2610 3478">
    <p class='ocr_par' dir='ltr' id='par_1_24' title="bbox 2593 3377 2610 3478">
     <span class='ocr_line' id='line_1_107' title="bbox 2593 3377 2610 3478; textangle 90"><span class='ocrx_word' id='word_1_764' title='bbox 2593 3403 2609 3478; x_wconf 53' lang='grc' dir='ltr'>κυῶ-ὼ</span> <span class='ocrx_word' id='word_1_765' title='bbox 2598 3377 2610 3396; x_wconf 50' lang='lat' dir='ltr'>Ji*</span> 
     </span>
    </p>
   </div>
   <div class='ocr_carea' id='block_1_13' title="bbox 2588 3478 2612 3680">
    <p class='ocr_par' dir='ltr' id='par_1_25' title="bbox 2588 3478 2612 3680">
     <span class='ocr_line' id='line_1_108' title="bbox 2588 3478 2612 3680; textangle 90"><span class='ocrx_word' id='word_1_766' title='bbox 2588 3525 2612 3680; x_wconf 41' lang='lat' dir='ltr'>*Qil‘fl-QQ</span> <span class='ocrx_word' id='word_1_767' title='bbox 2594 3478 2609 3518; x_wconf 55' lang='lat' dir='ltr'>‘is-:⁹³</span> 
     </span>
    </p>
   </div>
  </div>
 </body>
</html>
