2612 3814
1042 307 1370 348 SIMILITUDIN
1378 307 1448 346 Es.

311 397 498 449 (Stobaeus
513 396 618 435 Flor.
637 395 845 444 XXXVIH,
863 397 910 434 36
927 399 965 436 ἐκ
979 398 1046 435 τῶν
1063 396 1228 450 Ἀριστω-

254 457 363 508 νύμου
379 455 588 509 τομαρίων.)

174 530 223 557 61.
256 515 301 556 ‘0
321 516 421 567 λόγος
449 513 570 566 ὥσπερ
589 513 750 560 πλάστης
773 513 900 565 ἀγαθὸς
928 512 1036 552 καλὸν
1065 514 1108 565 τῇ
1130 513 1226 566 ψυχῇ

254 573 452 627 περιτίθησι
474 575 611 626 σχῆμα.

174 648 221 675 62.
253 633 318 674 Ἔν
340 632 401 684 μὲν
431 632 579 684 πολέμῳ
603 630 689 684 πρὸς
711 630 905 684 ἀσφάλειαν
926 630 1066 684 σίδηρος
1096 633 1227 683 χρυσοῦ

254 691 433 746 κρείττων,
454 693 488 731 ἐν
510 690 547 731 δὲ
564 692 614 744 τῷ
631 692 692 738 ζῆν
714 693 732 729 6
750 690 852 741 λόγος
871 693 932 728 τοῦ
952 689 1118 729 πλούτου.

311 751 500 803 (Stobaeus
534 750 640 790 FIor.
673 749 854 798 LXXXI,
892 750 952 797 13,
991 763 1037 787 12.
1075 747 1228 797 Σωκρά-

255 812 359 862 τους.)

175 885 223 911 6³.
255 868 350 910 Οὔτε
382 870 475 907 σῖτον
498 868 637 920 ἄριστον
659 866 717 906 τὸν
750 869 789 906 ἐκ
819 871 880 906 τοῦ
900 866 1088 907 καλλίστου
1110 866 1230 904 πεδίου

257 929 436 980 κρίνομεν,
472 926 563 967 ἀλλὰ
601 927 660 966 τὸν
704 925 840 965 εὔθετον
871 925 955 978 πρὸς
988 925 1053 972 τὴν
1080 925 1227 978 τροφήν,

257 988 335 1026 οὔτε
359 987 466 1039 ἄνδρα
489 987 676 1025 σπουδαῖον
699 985 721 1032 ἢ
745 985 842 1038 φίλον
876 984 991 1024 εὔνουν
1021 983 1079 1023 τὸν
1102 984 1136 1029 ἐξ
1157 986 1230 1023 ἐπι-

258 1050 384 1095 φανοῦς
398 1047 482 1085 ὄντα
497 1045 629 1099 γένους,
648 1045 740 1084 ἀλλὰ
755 1044 812 1084 τὸν
828 1044 1032 1098 ὑπάρχοντα
1050 1046 1098 1096 τῷ
1112 1043 1233 1097 τρόπῳ

257 1107 451 1161 κρείττονα.

315 1166 504 1218 (Stobaeus
524 1165 630 1204 Flor.
652 1163 859 1211 LXXXVI,
883 1166 931 1202 23
955 1161 1192 1216 Σωκράτους.)

178 1240 227 1265 m.
260 1224 306 1264 ‘O
333 1224 395 1275 μὲν
418 1220 506 1269 οἶνος
535 1223 844 1275 συμμεταὸάλλει.
861 1228 932 1267 τοῖς
964 1221 1137 1276 ἀγγείοις,
1160 1224 1179 1259 6
1199 1221 1234 1261 δὲ

258 1285 404 1328 πλοῦτος
424 1289 494 1328 τοῖς
512 1286 581 1322 τῶν
602 1282 828 1334 κεκτημένων
847 1282 1000 1334 τρόποις.

178 1357 227 1383 65.
260 1341 382 1395 Ἱδρὼς
403 1341 466 1395 μὲν
486 1344 504 1380 6
523 1345 562 1381 ἐκ
581 1345 650 1382 τῶν
667 1341 870 1394 γυμνασίων
892 1341 1209 1395 εὐσχημονέστερος
1222 1369 1233 1388 ,

260 1404 408 1446 πλοῦτος
428 1403 458 1441 δ’
480 1405 498 1440 6
518 1403 558 1441 ἐκ
575 1404 643 1441 τῶν
666 1401 762 1441 ἰδίων
782 1400 912 1443 πόνων.
936 1397 942 1401 ’

180 1476 229 1502 66.
260 1461 328 1500 Τὸν
349 1463 498 1500 πλοῦτον
520 1460 639 1515 ὥσπερ
675 1461 774 1515 φίλον
806 1462 928 1508 ἐκτενῆ
950 1461 1010 1500 καὶ
1031 1460 1236 1515 ἀπροφάσι-
1263 1506 1265 1510 ⁴

260 1535 341 1560 στον
364 1523 411 1564 εἷς
430 1520 491 1565 τὰς
507 1519 617 1565 καλὰς
639 1521 689 1563 δεῖ
712 1520 1007 1572 παραλαμὸάνειν
1028 1520 1180 1574 πράξεις.

315 1581 504 1634 (Stobaeus
534 1580 638 1622 Flor.
669 1579 805 1632 XCIV,
835 1595 896 1629 12,
926 1582 991 1628 33,
1016 1582 1063 1626 34
1088 1580 1235 1632 Σωκρά-

262 1642 367 1690 τους.)

182 1714 232 1740 67.
262 1697 349 1739 Ὅτι
368 1700 447 1751 πλῷ
466 1698 555 1738 ἔοικε
571 1700 621 1753 τῷ
640 1699 736 1753 παρὰ
752 1701 817 1751 γῆν
839 1700 857 1737 6
876 1700 944 1737 τῶν
961 1697 1121 1745 πενήτων
1144 1697 1234 1749 βίος,

265 1761 282 1797 6
305 1757 340 1797 δὲ
358 1761 426 1811 τῶν
447 1758 624 1797 πλουσίων
644 1760 695 1812 τῷ
716 1759 773 1798 διὰ
790 1757 981 1809 πελάγους·
1001 1758 1071 1802 τοῖς
1094 1757 1155 1807 μὲν
1170 1756 1237 1810 γὰρ

266 1817 380 1872 ῥᾴδιόν
402 1819 475 1856 ἐστι
497 1818 557 1856 καὶ
578 1820 715 1869 πεῖσμα
743 1819 862 1870 βαλεῖν
888 1818 948 1856 καὶ
968 1822 1159 1871 προσσχεῖν
1178 1817 1238 1855 καὶ

264 1879 484 1925 νεωλκῆσαι,
505 1878 576 1922 τοῖς
593 1878 623 1915 δ’
641 1876 693 1917 οὔ.

322 1936 509 1988 (Stobaeus
527 1937 630 1978 Flor.
652 1936 809 1985 XCVII,
835 1951 884 1988 29
905 1937 944 1974 ἐκ
977 1938 1045 1975 τῶν
1075 1935 1238 1990 Ἀριστω-

265 1996 372 2048 νύμου
396 1996 601 2049 τομαρίων.)

185 2070 233 2097 os.
264 2055 402 2096 Ταυτόν
435 2057 528 2094 ἐστιν
549 2058 604 2095 ἐπ’
623 2055 768 2108 εὐτυχίᾳ
800 2054 892 2108 μέγα
925 2060 1061 2108 φρονεῖν
1093 2055 1153 2094 καὶ
1183 2055 1239 2094 ἐπὶ

269 2117 457 2166 ὀλισθηρᾶς
476 2116 554 2154 ὁδοῦ
578 2116 854 2168 σταδιοδρομεῖν.

323 2174 512 2227 (Stobaeus
529 2174 635 2213 Flor.
658 2173 733 2221 CV,
757 2174 807 2212 58
825 2173 1060 2226 Σωκράτους.)

233 2379 285 2407 οι.
310 2377 421 2408 Seruio
442 2375 517 2407 boni
537 2375 659 2408 fictoris
680 2375 779 2408 instar
797 2375 954 2416 egregiam
980 2375 1088 2407 animo
1109 2375 1248 2415 speciem

194 2433 310 2466 induit.

237 2497 291 2525 (32.
315 2493 364 2526 Ad
385 2493 437 2525 sui
464 2492 683 2525 defensionem
705 2493 737 2525 in
763 2493 847 2526 bello
871 2493 989 2526 ferrum
1007 2502 1107 2533 auro,
1131 2493 1164 2526 in
1185 2493 1249 2525 vita

196 2554 303 2584 autem
324 2553 426 2584 oratio
443 2551 561 2584 divitiis
577 2552 742 2593 praevalet.

238 2613 290 2643 63.
315 2612 425 2651 Neque
453 2611 650 2643 frumentum
677 2611 838 2652 optimum
871 2610 1072 2652 judicamus,
1105 2611 1193 2653 quod
1217 2612 1248 2643 in

196 2670 412 2711 puiciierrimo
442 2679 516 2711 agro
549 2673 660 2702 natum
691 2673 759 2710 est,
792 2669 849 2703 sed
878 2670 964 2711 quod
995 2670 1164 2703 commode
1187 2679 1249 2703 nu-

196 2729 269 2768 trit,
290 2737 394 2770 neque
424 2729 529 2760 virum
559 2729 679 2761 bonum
708 2731 764 2761 aut
786 2729 926 2761 amicum
952 2728 1164 2769 benevolum,
1195 2729 1250 2770 qui

197 2796 311 2830 genere
324 2788 409 2820 claro
419 2789 514 2820 natus
527 2787 580 2827 sit,
589 2787 708 2829 sedqni
723 2787 866 2820 moribus
877 2788 1009 2829 egregiis
1017 2788 1096 2821 alios
1109 2790 1247 2830 superet.

240 2849 292 2880 64.
316 2847 438 2880 Vinum
456 2847 647 2879 immutatur
664 2855 740 2879 cum
756 2847 860 2888 vasis;
876 2847 999 2880 divitiae
1021 2856 1097 2880 vero
1110 2857 1167 2890 pro
1182 2857 1251 2890 pos-

195 2906 368 2939 sidentium
386 2906 528 2939 moribus
543 2906 680 2939 variant.

240 2969 293 2998 65.
317 2964 421 2998 Sudor
437 2965 566 3006 quidem
585 2965 744 2998 exercitiis
763 2965 889 2998 elicitus
908 2965 1072 2999 decentior
1088 2968 1155 3006 est,
1168 2965 1252 2999 divi·

200 3023 253 3056 tim
271 3025 379 3056 autem
400 3025 534 3066 propriis
548 3024 710 3057 laboribus
729 3026 841 3066 partae.

243 3086 296 3115 66.
321 3083 455 3116 Divitias
488 3083 576 3116 velut
603 3084 745 3116 amicum
765 3083 949 3124 diiigentem
969 3085 1002 3116 et
1028 3085 1189 3125 promtum
1213 3083 1251 3116 ad

202 3139 351 3173 honestas
367 3141 508 3173 actiones
525 3150 687 3174 assumere
703 3143 841 3184 oportet.

244 3201 295 3232 67.
321 3200 504 3240 Ριωρετυι-.
526 3200 591 3233 vita
606 3201 718 3234 similis
734 3203 784 3234 est
808 3201 1002 3244 navigationi
1022 3203 1115 3243 juxta
1142 3202 1253 3244 littus,

203 3255 342 3289 divitum
357 3260 466 3290 autem
486 3259 515 3291 ei
533 3269 607 3300 quae
628 3261 788 3302 profundo
810 3261 841 3293 in
856 3262 935 3293 mari
957 3262 992 3294 iit
1010 3271 1018 3292 :
1037 3261 1098 3294 iliis
1114 3262 1197 3294 enim
1216 3262 1257 3294 fa-

202 3315 263 3347 ciie
279 3316 327 3348 cst
347 3315 454 3348 funem
472 3317 605 3358 ejicere,
628 3319 787 3361 appellere
802 3323 834 3352 et
852 3329 969 3353 navem
992 3320 1192 3361 subducere,
1210 3321 1256 3353 di·

203 3373 322 3407 vitibus
339 3383 404 3408 non
420 3375 507 3409 item.

247 3436 299 3466 68.
326 3433 416 3466 Idem
429 3436 479 3467 est
499 3435 530 3468 in
546 3436 685 3469 secunda
701 3437 829 3472 fortuna
846 3447 978 3479 magnos
993 3438 1126 3481 spiritus
1136 3448 1258 3480 gerere,

205 3493 239 3524 et
256 3491 289 3523 in
307 3491 429 3525 tubrica
446 3493 497 3525 via
514 3503 609 3527 cursu
624 3499 757 3529 certare.

248 3554 301 3583 69.
326 3550 446 3584 Similis
473 3554 524 3586 est
553 3553 619 3586 viia
647 3554 772 3588 theatro
802 3568 810 3587 ι

841 3556 992 3597 quocirca
1018 3565 1104 3597 saepe
1131 3557 1259 3598 pessimi
1288 3584 1296 3590 .

2262 314 2335 347 491

1291 409 1338 436 69.
1367 393 1510 435 Ἔοικεν
1532 398 1550 433 6
1572 394 1645 446 βίος
1666 393 1818 447 θεάτρῳ·
1837 394 1890 433 διὸ
1913 395 2081 440 πολλάκις
2101 395 2270 449 χείριστοι
2286 397 2345 436 τὸν

1372 454 1560 494 κάλλιστον
1581 456 1616 492 ἐν
1637 453 1732 507 αὐτῷ
1753 452 1943 505 κατέχουσι
1965 454 2083 492 τόπον.

1428 511 1616 565 (Stobaeus
1635 510 1739 551 Flor.
1759 511 1857 560 CVI,
1881 519 1925 558 14
1947 513 1986 550 ἐκ
2000 515 2069 551 τῶν
2090 513 2346 566 Ἀριστωνύμου

1373 571 1585 623 τομαρίων.)

1293 645 1340 671 70.
1373 630 1511 671 Ταυτόν
1533 631 1627 669 ἐστιν
1646 631 1681 668 ἐν
1698 631 1858 683 γυμνικῷ
1876 631 1985 680 ἀγῶνι
1999 631 2194 678 ἡττηθέντα
2215 631 2348 683 ὕὸρεως

1374 689 1473 736 δίκην
1494 691 1545 741 τῷ
1564 691 1806 741 ἀνταγωνιστῇ
1827 688 1966 740 λαχεῖν,
1987 688 2047 728 καὶ
2075 691 2109 727 ἐν
2131 692 2180 742 τῷ
2213 693 2272 737 ζῆν
2294 707 2349 729 νι-

1375 748 1534 800 κώμενον
1557 747 1626 787 ὑπὸ
1647 752 1710 796 τῆς
1727 747 1836 800 τύχης
1852 748 2013 798 ἐγκαλεῖν
2031 749 2119 800 αὐτῇ
2130 778 2140 797 ,
2160 751 2350 800 ἀγνοοῦντα

1376 809 1427 860 ἐφ’
1448 801 1497 852 οἶς
1519 805 1664 851 δικαίοις
1681 807 1729 851 εἷς
1745 805 1804 845 τὸν
1821 808 1942 859 ἀγῶνα
1965 809 2022 846 τοῦ
2045 808 2106 854 ζῆν
2129 807 2352 860 συγκαταὸε-

1376 867 1553 917 ὅήκαμεν.

1431 926 1621 978 (Stobaeus
1638 926 1743 965 Flor.
1767 925 1866 972 CIX,
1889 939 1912 975 9
1938 925 2179 978 Σωκράτους.)

1295 1001 1343 1027 71.
1374 988 1459 1030 Τοῖς
1480 987 1543 1037 μὲν
1565 989 1721 1025 νοσοῦσιν
1744 984 1880 1037 ἰατρούς
1892 1016 1901 1034 ,
1917 990 1987 1029 τοῖς
2001 986 2032 1023 δ’
2048 986 2217 1037 ἀτυχοῦσι
2235 984 2354 1038 φίλους

1378 1046 1430 1083 δεῖ
1449 1050 1644 1099 παραινεῖν.

1434 1105 1623 1156 (Stobaeus
1641 1103 1745 1142 Flor.
1768 1103 1907 1153 CXIII,
1931 1104 1976 1141 16
1999 1103 2245 1156 Σωκράτους.)

1297 1178 1344 1204 72.
1379 1165 1425 1203 Αἱ
1447 1163 1597 1216 πονηραὶ
1619 1161 1756 1206 ἐλπίδες
1776 1161 1895 1215 ὥσπερ
1918 1164 1949 1201 οἱ
1972 1163 2073 1202 κακοὶ
2090 1163 2209 1214 ὁδηγοὶ
2231 1163 2290 1202 ε’πὶ
2310 1163 2355 1201 τὰ

1379 1223 1624 1274 ἁμαρτήματα
1647 1221 1805 1273 ἄγουσιν.

1436 1282 1625 1333 (Stobaeus
1642 1281 1746 1320 Flor.
1767 1279 1868 1331 CXI,
1890 1294 1935 1318 21
1958 1283 1996 1320 ἐκ
2013 1283 2081 1319 τῶν
2099 1280 2356 1334 Ἀριστωνύμου

1379 1341 1590 1393 τομαρίων,)

1299 1415 1351 1441 73.
1384 1399 1478 1441 Οὔτε
1510 1399 1597 1452 γυνὴ
1629 1398 1737 1453 χωρὶς
1760 1398 1883 1450 ἀνδρὸς
1905 1397 1983 1436 οὔτε
2005 1397 2101 1442 ἐλπὶς
2120 1398 2233 1451 ἀγαθὴ
2253 1398 2360 1451 χωρὶς

1379 1459 1488 1499 πόνου
1509 1466 1615 1511 γεννᾷ
1635 1476 1669 1499 τι
1691 1459 1885 1512 χρήσιμον.

1437 1520 1630 1572 (Stobaeus
1650 1519 1755 1558 Flor.
1779 1518 1880 1566 CXI,
1905 1520 1953 1557 26
1974 1517 2216 1570 Σωκράτους.)

1300 1593 1349 1619 74.
1382 1578 1444 1619 Ἔν
1464 1582 1514 1631 τῷ
1551 1580 1618 1633 βίῳ
1645 1579 1806 1631 καθάπερ
1829 1581 1863 1616 ἐν
1889 1577 2025 1630 θεάτρῳ
2055 1578 2139 1630 ἄχρι
2165 1576 2287 1616 τούτου
2308 1578 2362 1616 δεῖ

1380 1637 1608 1691 παραμένειν,
1623 1637 1724 1691 ἄχρις
1740 1631 1777 1677 οὗ
1792 1637 1855 1684 τὴν
1872 1639 1938 1675 τῶν
1953 1635 2063 1688 ἔργων
2085 1634 2165 1675 Θέαν
2188 1637 2358 1689 ε’πιτερπῆ

1381 1690 1471 1736 εἶναι
1493 1697 1696 1748 συμὸαίνει.

1437 1757 1627 1811 (Stobaeus
1648 1757 1756 1796 Flor.
1780 1756 1899 1795 CXXI
1915 1784 1925 1803 ,
1949 1757 1999 1807 39
2021 1755 2262 1807 Σωκράτους.)

1301 1833 1352 1860 75.
1386 1816 1536 1870 Πεττείᾳ
1569 1817 1637 1856 τινὶ
1659 1816 1769 1856 ἔοικεν
1791 1819 1809 1856 6
1832 1817 1925 1868 βίος,
1949 1815 2007 1854 καὶ
2035 1817 2085 1854 δεῖ
2105 1814 2224 1868 ὥσπερ
2244 1815 2359 1869 ψῆφόν

1382 1893 1459 1916 τινα
1480 1877 1636 1916 τίθεσθαι
1657 1876 1696 1914 τὸ
1728 1875 1937 1927 συμὸαῖνον·
1958 1877 1996 1914 οὐ
2018 1875 2086 1927 γὰρ
2116 1873 2208 1913 ἔστιν
2231 1875 2360 1914 ἄνωθεν

1387 1936 1506 1989 βαλεῖν
1528 1935 1605 1974 οὐδὲ
1628 1934 1817 1974 ἀναθέσθαι
1836 1933 1899 1980 τὴν
1922 1936 2049 1988 ψῆφον.

1436 1995 1624 2045 (Stobaeus
1646 1995 1749 2034 Flor.
1772 1993 1940 2042 CXXIV,
1964 2000 2009 2039 [μ
2035 1991 2278 2046 Σωκράτους.)

1305 2067 1353 2094 76.
1387 2053 1432 2093 Ὁ
1467 2054 1625 2106 πλουσίῳ
1650 2056 1812 2106 χορηγῶν
1846 2052 1943 2092 οὐδὲν
1968 2053 2122 2106 διαφέρει
2146 2056 2209 2092 τοῦ
2231 2055 2278 2098 εἷς
2299 2053 2360 2092 θά-

1386 2116 1522 2153 λασσαν
1544 2113 1636 2166 ὕδωρ
1660 2112 1854 2165 ἐκχέοντος.

1305 2186 1352 2213 77.
1386 2171 1498 2212 Οὐδὲν
1519 2173 1554 2210 ἐν
1574 2174 1624 2224 τῷ
1647 2172 1711 2224 βίῳ
1731 2171 1885 2223 τάχιστα
1905 2171 2076 2223 γηράσκει
2094 2173 2140 2215 ὡς
2161 2172 2278 2225 χάρις.

1309 2375 1429 2415 quique
1445 2374 1728 2406 honoratissimum
1749 2374 1831 2407 inter
1851 2374 1996 2406 homines
2013 2374 2119 2406 iocum
2140 2374 2299 2412 obtinent.

1351 2435 1403 2464 70.
1426 2431 1517 2464 Idem
1532 2431 1628 2464 estin
1648 2431 1796 2472 gymnico
1814 2431 1987 2464 certamine
2009 2432 2130 2463 victum
2158 2433 2364 2466 contumeliae

1308 2491 1466 2524 actionem
1482 2491 1665 2523 adversario
1682 2491 1846 2523 intendere
1857 2514 1867 2531 ‚
1884 2493 1916 2523 et
1933 2491 1964 2523 in
1979 2491 2046 2523 vita
2063 2491 2184 2523 victum
2201 2500 2219 2523 a
2236 2491 2364 2526 fortuna

1309 2559 1379 2583 eam
1397 2558 1565 2591 accusare,
1584 2550 1778 2583 nescientem
1790 2574 1800 2591 ‚
1819 2558 1884 2591 quo
1898 2550 1970 2591 jure
1988 2550 2170 2591 quibusque
2195 2551 2316 2592 iegibus
2333 2552 2365 2585 in

1311 2609 1385 2642 vitae
1402 2612 1563 2642 certamen
1581 2618 1656 2641 cum
1672 2609 1740 2650 ipsa
1758 2609 2030 2642 descenderimus.

1352 2671 1403 2701 71.
1425 2668 1563 2710 AEgrotis
1579 2668 1743 2710 medicos,
1765 2667 1971 2702 infortunatis
1992 2669 2113 2702 amicos
2133 2670 2265 2702 consilia
2290 2670 2366 2704 dare

1311 2729 1448 2769 oportet.

1353 2789 1405 2819 72.
1429 2786 1526 2819 Maiae
1554 2795 1649 2828 spes,
1670 2786 1756 2819 sicut
1782 2785 1857 2819 mali
1879 2786 1942 2819 viae
1957 2786 2073 2828 duces,
2091 2787 2131 2820 ad
2147 2792 2280 2829 peccata
2306 2789 2366 2822 du-

1312 2847 1401 2878 cunt.
2154 2852 2159 2862 ’

1353 2908 1406 2938 73.
1428 2907 1539 2946 Neque
1554 2905 1668 2937 mulier
1682 2905 1749 2938 sine
1763 2905 1854 2946 viro,
1875 2913 1980 2946 neque
1993 2904 2078 2938 bona
2093 2913 2164 2947 spes
2177 2907 2245 2939 sine
2259 2907 2366 2941 labore

1313 2964 1490 3006 quidquam
1511 2965 1590 2997 utile
1606 2965 1719 3006 pariet.

1355 3026 1413 3056 74.
1439 3026 1478 3057 In
1507 3024 1592 3062 vita,
1617 3025 1771 3065 tanquam
1799 3024 1830 3056 in
1862 3023 2006 3063 theatro,
2026 3023 2148 3056 tamdiu
2180 3033 2366 3066 permanen-

1313 3082 1391 3115 dum
1409 3086 1456 3116 est
1468 3108 1477 3125 ,
1490 3083 1646 3125 quamdiu
1660 3093 1768 3117 rerum
1781 3085 1814 3117 et
1825 3092 1960 3126 operum
1976 3083 2156 3124 iucundum
2170 3083 2230 3116 erit
2242 3088 2367 3126 specta-

1313 3142 1434 3174 cuium.

1357 3204 1409 3235 75.
1430 3202 1506 3248 Vita
1535 3202 1575 3234 ad
1607 3202 1807 3237 calculorum
1828 3203 1918 3236 lusus
1950 3203 2194 3237 simiiitudinem
2225 3204 2365 3244 accedit,

1315 3260 1452 3303 ideoque
1488 3263 1641 3295 eventum
1671 3263 1787 3295 calculi
1824 3263 1961 3303 promoti
1999 3263 2101 3295 instar
2134 3272 2203 3296 esse
2231 3263 2326 3296 debet
2357 3276 2365 3296 ε

1317 3331 1379 3355 non
1420 3323 1506 3356 enim
1545 3324 1653 3357 denuo
1695 3333 1815 3365 ponere
1827 3348 1837 3364 ,
1872 3333 1976 3366 neque
2014 3324 2167 3358 reducere
2209 3324 2369 3357 calculum

1317 3382 1404 3416 iicet.

1360 3444 1415 3475 76.
1439 3442 1502 3482 Qui
1528 3442 1621 3476 diviti
1643 3442 1764 3484 aliquid
1787 3442 1931 3484 largitur,
1952 3441 2029 3474 nihii
2049 3441 2090 3474 ab
2116 3449 2154 3474 eo
2180 3440 2288 3474 differt
2315 3441 2371 3482 qui

1319 3508 1436 3542 aquam
1452 3502 1484 3534 in
1498 3511 1587 3535 mare
1601 3503 1776 3543 profundit.

1361 3562 1414 3594 77.
1437 3560 1519 3594 Nihil
1538 3561 1568 3593 in
1587 3561 1652 3594 vita
1670 3561 1803 3594 celerius
1820 3570 1917 3602 quam
1935 3559 2124 3593 beneficium
2141 3559 2287 3592 senescit.
