2612 3814
304 234 382 268 430

305 312 483 361 ὑπομονης
504 308 583 354 ἄξια
600 309 652 348 δεῖ
667 311 843 359 τίθεσθαι,
860 311 907 355 ὡς
926 325 987 356 της
1007 289 1099 354 θιίας
1118 308 1272 363 ἀνάγκης
1289 310 1362 349 ἐπι·

305 368 484 420 τάγματα.
508 367 742 422 Δυνατωτέρα
760 368 795 409 δὲ
812 368 909 423 παρὰ
925 371 996 414 τοῖς
1013 362 1052 408 ευ
1041 384 1250 446 φρονουσιν
1266 371 1288 416 ἡ
1302 373 1362 408 τοῦ

303 442 362 466 νου
387 427 521 479 ἀνάγκη
553 430 614 475 τῆς
647 427 768 474 ἔξωθεν
791 427 881 482 βίας.
921 428 1004 468 Εἴτε
1023 423 1082 469 ουν
1113 429 1200 482 πρὸς
1229 427 1292 476 τὴν
1322 430 1362 468 ἔκ

303 485 545 540 περιστάσεως
565 486 720 538 ἀνάγκην
743 487 897 536 ἀπίδοις,
916 486 984 526 εἴτε
1002 487 1088 541 πρὸς
1103 487 1166 535 τὴν
1186 486 1359 534 ἑκούσιον,

308 544 367 592 τὴν
386 547 424 584 ἐκ
443 548 511 584 τῶν
533 547 813 597 ἐπιστημονικῶν
843 547 931 601 ὅρων
962 546 1281 599 συμπληρουμένην
1301 545 1361 584 καὶ

302 606 343 644 ἐκ
374 607 442 644 τῶν
463 605 564 645 θείων
596 605 712 655 νόμων
737 605 977 655 καθήκουσαν,
999 604 1191 660 ἐξευρήσεις
1217 603 1257 643 τὸ
1277 606 1361 643 ἐνυ-

303 663 440 718 πάρχον
471 681 524 704 σοι
548 667 609 713 τῆς
630 665 807 716 δυνάμεως
828 664 966 717 μέτρον,
987 663 1006 703 ὃ
1026 667 1084 702 νῦν
1102 667 1120 702 ὁ
1140 663 1240 715 λόγος
1259 665 1361 710 εἴση-

304 727 416 776 γεῖται
434 724 503 762 δεῖν
521 728 591 769 τοῖς
612 723 719 776 φίλοις
742 722 964 776 προσφέρειν,
986 723 1020 761 ἐν
1050 723 1100 775 τῷ
1130 721 1360 774 προστάττειν

304 781 353 832 μὴ
371 782 566 835 προχείρως
585 785 698 826 αὐτοῖς
713 783 759 826 εἷς
773 780 962 834 ἀπέχθειαν
977 781 1210 820 καθίστασθαι
1224 780 1246 819 ἆ
1258 797 1284 831 μ
1294 797 1315 819 α
1325 796 1361 834 ρ-

301 838 438 886 τάδος
470 840 618 880 εἵνεκα
650 843 831 894 μικρῆς,
853 839 897 878 τὰ
929 839 994 886 ἔξω
1024 843 1086 888 τῆς
1106 842 1222 893 ψυχῆς
1243 839 1360 879 πάντα

302 900 413 953 μικρὰ
445 899 585 951 θέμενος
614 899 674 937 καὶ
695 898 923 952 ἀπαγορεύων
948 898 997 949 μὴ
1020 900 1130 953 φειδοῖ
1149 899 1282 939 τούτων
1301 899 1359 939 τὸν

302 958 400 1012 φίλον
422 959 543 1011 ἐχθρὸν
573 963 697 1007 ποιεῖν,
715 957 898 1012 ἀδιαφορία
919 956 955 996 δὲ
986 959 1120 1009 μᾶλλον
1150 961 1193 1010 τῇ
1215 958 1294 1012 περὶ
1314 959 1358 998 τὰ

299 1021 445 1057 τοιαῦτα
477 1018 538 1056 καὶ
566 1017 625 1056 τὸν
658 1017 880 1057 ἀποπεσόντα
903 1017 1000 1071 φίλον
1022 1019 1273 1058 ἀνακαλεῖσθαι
1299 1019 1360 1059 καὶ

301 1082 485 1130 πανταχοῦ
506 1079 608 1115 τοῦτο
627 1077 762 1120 ἑαυτοῖς
780 1076 971 1116 συνειδέναι
980 1108 993 1125 ,
1017 1076 1069 1116 ὅτι
1090 1075 1168 1116 ὅσον
1198 1076 1251 1131 ἐφ’
1274 1080 1360 1129 ἡμῖν

298 1134 358 1173 καὶ
378 1133 455 1178 τοὺς
476 1133 576 1178 ὄντας
596 1134 715 1188 φίλους
745 1134 969 1189 ἐτηρήσαμεν
1002 1135 1062 1175 καὶ
1093 1134 1172 1180 τοὺς
1201 1136 1289 1189 πρὸς
1321 1136 1361 1176 τὸ

298 1195 415 1246 χεῖρον
431 1192 684 1246 ὑπενεχθέντας
701 1195 986 1246 ἀνεκτησάμεθα,
1000 1195 1060 1234 καὶ
1072 1193 1151 1233 οὔτε
1166 1195 1230 1243 τὴν
1246 1195 1359 1248 ἀρχὴν

296 1253 347 1295 εἷς
374 1251 504 1305 ἔχθραν
533 1251 611 1291 τινὰ
639 1252 924 1304 κατεστήσαμεν,
942 1253 1022 1292 οὔτε
1042 1253 1125 1306 παρ’
1147 1255 1270 1292 ἑαυτοῦ
1297 1269 1359 1305 γε-

295 1310 442 1361 νόμενον
477 1311 598 1365 ἐχθρὸν
627 1318 698 1357 τοῖς
725 1310 812 1358 ἴσοις
831 1312 1073 1367 ἠμειψάμεθα.
1107 1314 1235 1352 Ταῦτα
1254 1312 1324 1366 γὰρ
1342 1315 1360 1352 ὁ

296 1373 361 1417 τῆς
381 1369 497 1424 φιλίας
517 1371 726 1424 ὑπαγορεύει
750 1371 895 1423 θεσμός,
915 1371 1084 1425 μεγίστης
1109 1371 1214 1420 οὔσης
1234 1375 1360 1424 ἀρετῆς

296 1429 360 1468 καὶ
377 1435 455 1474 ταῖς
475 1429 596 1474 ἄλλαις
613 1433 659 1475 ὡς
687 1430 903 1480 τελειότητος
933 1430 1216 1485 ἐπιφαινομένης.
1242 1432 1359 1485 Πέρας

298 1487 364 1540 μὲν
385 1487 453 1542 γὰρ
468 1491 537 1528 τῶν
559 1492 690 1542 ἀρετῶν
706 1494 726 1537 ἡ
744 1491 862 1543 φιλία,
881 1490 976 1544 ἀρχὴ
998 1490 1034 1530 δὲ
1055 1494 1076 1539 ἡ
1095 1490 1267 1532 εὖσέὸεια.
1287 1492 1360 1532 Καί

299 1548 393 1587 ἐστιν
409 1549 426 1585 ὁ
440 1550 501 1595 τῆς
515 1548 694 1594 εὗσεὸείας
712 1549 813 1602 λόγος
831 1550 974 1603 σπέρμα
995 1553 1063 1590 τῶν
1085 1553 1224 1603 ἀγαθῶν
1246 1551 1359 1591 ἇπάν-

297 1621 367 1645 των
384 1609 481 1657 ἡμῖν·
495 1610 516 1654 ἡ
531 1607 567 1646 δὲ
584 1611 645 1656 τῆς
661 1608 777 1684 φιλίας
792 1608 859 1654 ἕξις
875 1611 892 1647 ὑ
908 1610 1124 1654 τελειότατος
1141 1613 1211 1649 τῶν
1226 1612 1358 1664 ἀρετῶν

299 1665 447 1718 καρπός.
478 1665 619 1719 “ssa-nep
645 1684 703 1707 ουν
737 1668 957 1716 δικαιοσύνης
976 1669 1151 1708 ποιεῖσθαι
1179 1669 1231 1708 δεῖ
1256 1670 1359 1721 λόγον

297 1726 336 1764 οὗ
351 1724 455 1776 μόνον
473 1725 559 1778 πρὸς
573 1725 651 1771 τους
668 1726 809 1772 δικαίως
824 1730 908 1778 ἡμῖν
921 1727 1225 1781 προσφερομένους
1238 1759 1249 1781 ,
1266 1729 1358 1768 ἀλλὰ

293 1783 359 1823 καὶ
381 1784 468 1837 πρὸς
487 1801 567 1829 τους
590 1786 721 1823 ἀδικεῖν
739 1787 1002 1839 ἐγχειροῦντας,
1021 1786 1078 1826 ἵνα
1098 1786 1147 1835 μὴ
1179 1790 1228 1841 τῷ
1249 1789 1358 1827 ἀντα-

293 1917 533 1964 existimare,
554 1924 736 1966 tanquam
757 1918 895 1955 divinae
916 1920 1150 1957 necessitatis
1167 1920 1359 1959 mandata.

299 1976 436 2013 Mentis
450 1989 542 2014 vero
562 1979 762 2014 necessitas
778 1978 883 2028 apud
903 1991 967 2015 eos
990 1980 1056 2028 qui
1070 1986 1171 2016 recte
1187 1981 1356 2030 sapiunt,

298 2035 385 2084 plus
412 2037 514 2073 valet
537 2049 653 2086 quam
678 2038 734 2074 vis
754 2045 924 2077 externa.
946 2037 1034 2075 Sive
1055 2039 1171 2088 igitur
1189 2039 1239 2075 ad
1256 2040 1358 2076 illam

296 2097 559 2133 necessitatem
573 2097 753 2145 respicias
764 2124 775 2142 ,
792 2110 875 2145 quae
890 2109 935 2134 ex
952 2110 1081 2134 rerum
1100 2104 1200 2134 statu
1220 2099 1358 2145 oritur,

298 2155 376 2191 site
398 2155 447 2192 ad
471 2156 728 2192 voluntariam
746 2182 756 2202 ,
779 2168 863 2204 quae
883 2157 1046 2192 scientiae
1069 2157 1235 2193 terminis
1255 2170 1358 2193 con-

296 2215 443 2250 tinetur
472 2227 633 2264 quaeque
655 2215 793 2251 divinis
818 2215 966 2264 legibus
998 2223 1254 2252 consentanea
1285 2222 1359 2264 est,

300 2274 470 2319 invenies
505 2287 589 2312 eam
625 2275 666 2310 in
695 2281 731 2311 te
761 2286 839 2311 esse
873 2274 1060 2311 facultatis
1088 2277 1360 2324 potestatisque

302 2346 519 2370 mensuram
531 2362 541 2381 ,
574 2347 688 2384 quam
707 2347 811 2370 nune
830 2346 984 2370 carmen
1010 2335 1142 2371 amicis
1161 2347 1239 2371 esse
1257 2347 1358 2384 prae-

293 2392 469 2428 standam
486 2392 621 2438 docet,
640 2391 731 2429 dum
752 2405 821 2429 nos
833 2396 948 2442 parvi
956 2397 1106 2443 peccati
1120 2406 1237 2429 causa
1259 2401 1363 2430 vetat

298 2461 435 2485 eorum
451 2451 687 2488 inimicitiam
708 2459 849 2489 temere
847 2454 1078 2503 suscipere;
1092 2454 1238 2503 quippe
1253 2453 1360 2502 quod

307 2510 434 2547 omnia
449 2523 561 2560 ,quae
584 2518 688 2548 extra
710 2513 880 2549 animum
899 2520 1007 2559 sunt,
1027 2514 1067 2549 in
1085 2514 1212 2562 parvis
1231 2513 1359 2558 habet,

303 2569 576 2618 praecipitque,
597 2583 696 2618 non,
716 2578 759 2607 ut
779 2572 837 2608 his
856 2572 1054 2621 parcendo
1071 2585 1119 2609 ex
1140 2573 1264 2609 amico
1285 2573 1361 2608 ini-

297 2639 391 2663 -cum
410 2628 616 2675 faciamus,
639 2629 707 2666 sed
726 2638 769 2667 ut
784 2631 828 2667 iis
848 2633 978 2681 potius
1000 2632 1181 2681 neglectis
1198 2632 1362 2668 amicum

300 2687 446 2735 lapsum
464 2700 748 2739 recuperemus,
764 2689 981 2738 nobisque
972 2703 1011 2726 ιιι
1027 2690 1206 2727 omnibus
1221 2691 1362 2727 conscii

300 2746 434 2792 simus,
465 2759 534 2782 nos
568 2747 698 2795 quoad
737 2749 954 2814 potuimus,
987 2756 1025 2786 et
1053 2762 1118 2786 eos
1151 2750 1218 2799 qui
1250 2751 1363 2787 amici

302 2811 409 2840 erant
430 2817 564 2840 conse1
567 2817 670 2841 vasse
685 2812 722 2841 et
743 2807 784 2841 in
805 2807 971 2844 deterius
985 2809 1186 2858 prolapsos
1204 2821 1363 2858 recupe-

298 2875 422 2910 rasse,
443 2875 488 2900 ac
508 2876 635 2914 neque
655 2865 863 2903 inimicitiae
890 2868 1070 2915 cuiquam
1091 2881 1240 2905 causam
1259 2881 1359 2918 prae-

301 2922 446 2969 buisse,
466 2935 538 2959 nee
569 2924 603 2959 ei
623 2924 690 2972 qui
710 2931 846 2973 sponte
871 2938 937 2962 sua
955 2926 1098 2963 nobis
1089 2928 1263 2964 inimicus
1282 2936 1362 2965 erat

298 2982 410 3030 paria
428 2981 586 3030 paribus
609 2982 794 3019 retulisse.
818 2985 908 3020 Haec
928 2986 1029 3021 enim
1050 2986 1170 3023 dictat
1186 2987 1361 3023 amicitiae

301 3040 386 3090 lex,
408 3052 492 3088 quae
511 3041 697 3076 virtutum
718 3043 884 3079 maxima
901 3050 955 3079 est
984 3051 1022 3080 et
1041 3045 1081 3080 in
1105 3046 1246 3082 caeteris
1277 3053 1361 3082 tan-

298 3111 419 3147 quam
437 3112 568 3136 earum
583 3100 770 3149 perfectio
795 3102 932 3139 elucet.
952 3104 1048 3139 Nam
1070 3105 1256 3141 virtutum
1276 3104 1362 3142 finis

299 3163 358 3193 est
375 3159 541 3195 amicitia
554 3187 564 3205 ,
586 3160 817 3208 principium
837 3173 930 3196 vero
950 3163 1083 3210 pietas.
1100 3164 1226 3212 Atque
1244 3165 1363 3213 pieta-

299 3218 350 3254 tis
368 3218 468 3255 ratio
495 3219 608 3255 nobis
623 3219 751 3255 bonor
753 3233 818 3255 um
839 3221 1009 3257 omnium
1026 3235 1154 3258 semen
1173 3231 1246 3270 est,
1267 3226 1360 3260 ami-

300 3279 402 3315 citiae
435 3291 528 3316 vero
564 3277 717 3316 habitus
750 3279 1047 3330 perfectissimus
1082 3289 1137 3318 est
1173 3283 1358 3319 virtutum

304 3337 462 3374 fructus.
495 3337 831 3384 Quemadmodum
864 3340 981 3390 igitur
1010 3339 1193 3387 justitiam
1235 3342 1360 3378 coleie

304 3396 489 3434 debemus
507 3410 588 3434 non
605 3399 729 3434 solum
749 3411 842 3448 erga
862 3411 926 3435 eos
956 3400 1022 3448 qui
1038 3399 1136 3446 juste
1158 3399 1358 3436 nobiscum

299 3463 445 3507 agunt,
467 3458 533 3494 sed
559 3465 596 3494 et
614 3470 702 3507 erga
720 3470 784 3495 eos
808 3459 874 3507 qui
890 3458 1027 3495 nobis
1017 3458 1195 3506 injuriam
1216 3472 1358 3496 conan-

1033 226 1309 267 HlEROCLlS
1339 224 1760 266 COMMENTARIUS

1422 308 1528 346 δικεῒν
1551 309 1597 353 εἰς
1618 306 1682 355 τὴν
1698 306 1779 356 ἴσην
1799 306 1968 361 καχεξίαν
1985 308 2100 353 αὐτοῖς
2120 306 2288 359 ἔλθωμεν·
2305 308 2396 347 οὕτω
2415 309 2478 349 καὶ

1420 369 1483 414 τῆς
1497 366 1613 419 φιλίας
1626 366 1835 420 ἀντέχεσθαι
1854 366 1923 414 δεῖ,
1944 367 2038 405 τοῦτ’
2054 364 2129 406 ἔστι
2143 369 2204 413 τῆς
2218 367 2478 423 φιλανθρωπίας

1420 428 1482 473 τῆς
1501 425 1587 478 πρὸς
1604 424 1782 474 ἅπαντας,
1799 425 1832 466 οἳ
1846 429 1906 466 τοῦ
1922 425 2040 479 γένους
2060 429 2144 478 ἡμῖν
2162 431 2397 470 κοινωνοῦσιν.
2414 428 2478 471 Ἔν

1420 483 1517 530 τάξει
1537 483 1572 523 δὲ
1590 488 1631 538 τῇ
1646 484 1829 538 πρεπούσῃ
1844 484 1889 524 τὰ
1904 488 1966 533 τῆς
1985 486 2100 539 φιλίας
2120 486 2231 539 μέτρα
2245 487 2479 539 ποιησόμεθα,

1421 542 1497 588 τοὺς
1520 542 1584 594 μὲν
1616 542 1768 596 ἀγαθοὺς
1786 545 1834 590 ὡς
1866 544 2112 591 ἀποσώζοντας
2131 546 2195 592 τὴν
2212 550 2271 586 τοῦ
2293 545 2478 600 ἀνθρώπου

1420 602 1625 652 τελειότητα
1654 604 1725 653 καὶ,
1746 603 1804 642 διὰ
1820 642 1822 645 ,
1836 602 1899 652 τὴν
1937 603 2038 657 φύσιν
2066 604 2126 644 καὶ
2157 604 2213 644 διὰ
2243 603 2307 652 τὴν
2333 604 2477 657 γνώμην

1420 661 1596 707 παντοίως
1617 661 1875 713 ἀσπαζόμενοι,
1891 661 1970 708 τοὺς
1990 662 2026 703 δὲ
2048 663 2200 719 φαύλους
2219 666 2265 709 ὡς
2283 663 2390 714 μηδὲν
2407 664 2478 705 ἀπὸ

1419 721 1563 774 γνώμης
1584 722 1630 766 εἷς
1650 720 1784 775 αἵρεσιν
1807 721 1923 775 φιλίας
1951 722 2036 773 ἡμῖν
2062 722 2256 776 ὑπέχοντας
2282 721 2339 762 διὰ
2369 722 2478 774 μόνην

1420 779 1482 827 τὴν
1499 778 1618 828 κοινὴν
1637 780 1740 834 φύσιν
1764 781 1982 834 ἀγαπῶντες.
2001 781 2064 822 Διὸ
2090 782 2151 820 καὶ
2173 781 2314 832 λέγεται
2342 783 2477 835 ὀρθῶς,

1420 841 1465 883 ὡς
1494 839 1606 884 οὐδεὶς
1634 838 1755 892 ἐχθρὸς
1782 840 1832 893 τῷ
1863 839 2068 893 σπουδαίῳ,
2098 840 2158 879 καὶ
2186 841 2288 893 μόνος
2314 844 2332 881 ὁ
2351 840 2479 894 ἀγαθὸς

1420 900 1541 952 ἀγαθῷ
1561 898 1673 952 φίλος.
1701 897 1764 943 Ὡς
1780 898 1843 950 μὲν
1866 899 1934 952 γὰρ
1962 898 2021 938 τὸν
2051 898 2232 952 ἄνθρωπον
2251 901 2377 953 φιλῶν,
2400 900 2478 939 οὐδὲ

1418 957 1476 998 τὸν
1498 959 1607 998 κακὸν
1626 957 1748 1012 ἐχθρὸν
1765 957 1917 1008 τίθεται,
1931 960 1977 1002 ὡς
1995 956 2031 998 δὲ
2051 958 2109 996 τὸν
2127 961 2234 1012 ἀρετῇ
2253 960 2477 1011 κεκοσμημέ-

1418 1032 1474 1056 νον
1495 1019 1608 1067 ζητῶν
1625 1017 1710 1070 πρὸς
1726 1016 1911 1057 κοινωνίαν
1929 1016 1987 1056 τὸν
2009 1017 2137 1069 ἀγαθὸν
2154 1019 2192 1057 ἐκ
2218 1016 2359 1058 πάντων
2374 1017 2478 1058 ἐκλέ-

1419 1092 1539 1128 γεται,
1569 1076 1784 1129 μιμούμενος
1803 1076 1864 1117 καὶ
1891 1078 1927 1116 ἐν
1949 1079 2024 1122 τοῖς
2045 1079 2107 1125 τῆς
2123 1077 2238 1131 φιλίας
2258 1076 2397 1130 μέτροις
2418 1076 2478 1117 τὸν

1419 1136 1510 1186 θεόν,
1526 1135 1562 1181 ὃς
1577 1141 1673 1186 μισεῖ
1696 1135 1759 1187 μὲν
1775 1136 1897 1177 οὐδένα
1913 1136 2107 1189 ἄνθρωπον,
2123 1137 2182 1176 τὸν
2206 1137 2241 1176 δὲ
2259 1136 2388 1189 ἀγαθὸν
2403 1137 2480 1176 δια·

1419 1195 1590 1249 φερόντως
1607 1196 1818 1242 ἀσπάζεται.
1840 1195 1894 1237 Τὸ
1908 1195 1976 1250 γὰρ
1992 1199 2054 1245 τῆς
2074 1197 2335 1250 φιλανθρωπίας
2350 1195 2479 1249 ἀγαθὸν

1419 1257 1519 1308 κοινῇ
1547 1258 1598 1309 τῷ
1624 1256 1718 1308 γένει
1749 1254 1940 1310 προτείνων
1968 1258 2030 1302 τῆς
2069 1255 2315 1308 προσηκούσης
2355 1254 2479 1309 μοίρας

1421 1312 1568 1353 ἕκαστον
1590 1313 1701 1364 ἀξιοῖ,
1718 1313 1796 1359 τους
1817 1312 1881 1367 μὲν
1906 1314 2055 1367 ἀγαθούς
2071 1314 2157 1368 πρὸς
2175 1314 2298 1354 ἑαυτὸν
2326 1314 2479 1368 ἀνάγων,

1419 1371 1497 1417 τοὺς
1515 1372 1551 1412 δὲ
1569 1376 1633 1422 τῆς
1650 1375 1778 1427 ἀρετῆς
1793 1373 1948 1426 φυγάδας
1969 1379 2040 1418 τοῖς
2061 1377 2123 1421 τῆς
2150 1372 2246 1421 δίκης
2261 1372 2380 1424 νόμοις
2392 1373 2479 1427 πρὸς

1419 1431 1457 1470 τὸ
1472 1431 1547 1471 δέον
1562 1432 1776 1473 ἀπευθύνων.
1792 1436 1905 1472 Τοῦτο
1917 1431 1986 1485 γὰρ
2000 1438 2070 1477 τοῖς
2084 1433 2262 1485 ἑκατέροις
2277 1432 2478 1486 σύμμετρόν

1420 1506 1456 1529 τε
1474 1491 1533 1530 και
1547 1491 1740 1546 ὠφέλιμον.
1762 1491 1869 1532 Ούτω
1885 1492 1946 1530 καὶ
1971 1495 2067 1542 ἡμας
2094 1491 2264 1544 προσηκει
2282 1491 2346 1539 τὴν
2361 1491 2478 1545 φιλίαν

1420 1551 1537 1604 τηρεῖν
1551 1551 1638 1604 πρὸς
1655 1551 1790 1595 πάντας
1804 1549 2007 1605 ἀνθρώπους
2023 1549 2113 1602 μετὰ
2129 1553 2190 1597 τῆς
2202 1548 2288 1603 πρὸς
2301 1548 2363 1598 τὴν
2380 1549 2479 1596 ἀξίαν

1422 1610 1687 1660 ἀπονεμήσεως.

1474 1668 1547 1708 Καὶ
1561 1668 1628 1722 γὰρ
1643 1668 1872 1723 σωφροσύνην
1890 1668 1952 1707 καὶ
1968 1667 2192 1716 δικαιοσύνην
2214 1667 2301 1721 πρὸς
2322 1667 2481 1714 ἅπαντας

1419 1727 1552 1778 ἕξομεν,
1572 1727 1633 1766 καὶ
1647 1728 1685 1766 οὗ
1703 1726 1788 1780 πρὸς
1807 1726 1930 1779 μόνους
1946 1726 2024 1771 τοὺς
2041 1726 2193 1772 δικαίους
2211 1726 2271 1766 καὶ
2287 1726 2478 1782 σώφρονας·

1418 1787 1496 1827 οὐδὲ
1526 1787 1651 1839 ἀγαθοὶ
1681 1785 1744 1838 μὲν
1771 1792 1843 1831 τοῖς
1870 1787 2012 1837 ἀγαθοῖς
2041 1785 2210 1836 ἐσόμεθα,
2225 1786 2328 1826 κακοὶ
2348 1787 2383 1826 δὲ
2410 1791 2480 1830 τοῖς

1424 1929 1486 1957 tur
1506 1921 1671 1967 inferre,
1703 1934 1751 1957 ne
1772 1920 1897 1957 dum
1887 1920 2070 1968 mjuriam
2090 1921 2232 1958 illatam
2260 1919 2481 1958 ulciscimur

1422 1980 1462 2014 in
1481 1978 1583 2015 idem
1605 1991 1693 2016 cum
1712 1978 1787 2016 illis
1804 1980 1943 2016 vitium
1958 1979 2204 2016 incidamus:
2226 1980 2278 2016 sic
2295 1987 2332 2016 et
2351 1980 2482 2017 amici-

1423 2039 1533 2083 tiam,
1561 2037 1602 2074 id
1634 2045 1708 2084 est,
1743 2038 2017 2075 humanitatem
2049 2039 2176 2076 colere
2210 2047 2364 2088 oportet
2390 2052 2482 2091 erga

1423 2109 1551 2134 omnes
1582 2098 1650 2145 qui
1683 2095 1851 2144 ejusdem
1875 2098 2076 2134 nobiscum
2099 2100 2248 2147 generis
2278 2099 2482 2149 participes

1421 2162 1522 2191 sunt.
1547 2157 1665 2192 Recte
1686 2163 1812 2192 autem
1834 2163 1871 2192 et
1891 2155 2028 2192 ordine
2043 2156 2248 2192 amicitiam
2262 2157 2477 2202 metiemur,

1421 2217 1451 2251 si
1471 2216 1615 2266 bonos,
1634 2223 1678 2251 ut
1707 2216 1882 2252 humanae
1917 2222 2060 2252 naturae
2084 2216 2361 2264 perfectionem
2389 2229 2478 2254 ser-

1422 2283 1574 2321 vantes,
1601 2287 1688 2311 cum
1716 2282 1878 2324 propter
1899 2281 2094 2320 naturam,
2124 2281 2205 2311 tum
2227 2275 2278 2312 ob
2309 2276 2478 2312 animum

1421 2335 1738 2383 voluntatemque
1752 2335 1911 2370 omnino
1922 2335 2210 2384 amplectamur,
2221 2335 2341 2372 malos
2353 2341 2478 2373 autem

1421 2401 1584 2443 propter
1625 2404 1868 2430 communem
1906 2400 2084 2430 naturam
2127 2395 2251 2430 solum
2288 2406 2478 2441 amemus,

1424 2454 1569 2502 quippe
1589 2453 1655 2502 qui
1675 2466 1711 2489 ιι.
1707 2453 1771 2489 hil
1793 2453 1840 2489 ab
1863 2454 1990 2489 animo
2020 2453 2069 2489 ad
2096 2452 2382 2502 expetendam
2371 2466 2481 2504 ipso-

1422 2524 1509 2548 rum
1522 2512 1727 2549 amicitiam
1742 2511 1858 2547 nobis
1873 2511 2047 2549 afferant.
2068 2513 2314 2562 Quapropter
2329 2519 2480 2550 etrecte

1424 2571 1563 2608 dicitur
1592 2582 1706 2606 nemo
1739 2570 1917 2607 inimicus
1939 2582 2019 2607 esse
2047 2571 2132 2607 viro
2162 2571 2266 2608 bono
2299 2571 2477 2620 solusque

1422 2630 1547 2667 bonus
1565 2630 1672 2666 bono
1696 2630 1855 2667 amicus.
1886 2629 1922 2665 Is
1950 2630 2073 2676 enim,
2096 2636 2140 2665 ut
2161 2629 2358 2666 hominem
2386 2628 2479 2666 dili-

1423 2702 1538 2739 gens,
1568 2701 1616 2726 ne
1648 2689 1792 2725 malum
1813 2687 1971 2737 quidem
1989 2701 2061 2737 pro
2098 2689 2255 2725 inimico
2274 2688 2411 2735 habet3
2437 2696 2482 2725 ut

1421 2761 1513 2785 vero
1525 2749 1664 2785 virtute
1677 2748 1880 2814 praeditum
1893 2748 1966 2784 sibi
1979 2748 2125 2784 socium
2143 2760 2315 2796 quaerens
2328 2747 2477 2784 bonum

1422 2820 1467 2844 ex
1484 2807 1660 2843 omnibus
1680 2807 1832 2856 deligit,
1855 2807 1895 2841 in
1911 2806 2002 2855 ipsis
2021 2806 2134 2842 etiam
2149 2805 2323 2842 amicitiae
2337 2805 2478 2855 regulis

1422 2867 1556 2904 deum'
1549 2867 1699 2903 imitans
1717 2867 1783 2914 qui
1795 2866 1993 2901 hominum
2011 2866 2201 2902 neminem
2216 2865 2310 2910 odit,
2326 2864 2476 2902 bonum

1421 2938 1514 2962 veto
1532 2926 1724 2975 praecipue
1743 2925 2004 2974 amplectitur
2025 2926 2094 2961 Ille
2115 2926 2217 2962 enim
2244 2924 2477 2962 benevolen-

1422 2986 1479 3021 tiae
1490 2997 1566 3022 suae
1578 2983 1781 3021 commoda
1797 2983 1965 3020 humano
1979 2983 2110 3033 geneii
2125 2984 2379 3020 communiter
2388 2997 2478 3034 por

1422 3045 1547 3094 rigens
1566 3044 1857 3080 convenientem
1873 3043 2028 3092 singulis
2049 3050 2190 3079 sortem
2211 3043 2366 3090 tribuit,
2381 3056 2477 3093 pro-

1422 3104 1492 3139 bos
1506 3103 1555 3139 ad
1571 3115 1609 3139 se
1624 3102 1832 3148 adducens,
1847 3103 1998 3138 virtutis
2011 3109 2135 3138 autem
2155 3101 2390 3140 desertores
2375 3109 2476 3152 Justa

1424 3163 1672 3212 castigatione
1686 3161 1736 3198 ad
1753 3160 1922 3197 officium
1935 3160 2134 3199 reducens.
2158 3162 2239 3198 Hoc
2254 3162 2356 3198 enim
2366 3163 2475 3199 utris-

1423 3234 1497 3270 que
1523 3233 1737 3271 congruum
1771 3228 1885 3269 atque
1906 3221 1998 3256 utile
2030 3228 2098 3258 est.
2121 3221 2302 3257 Similiter
2337 3228 2376 3258 et
2402 3233 2475 3258 nos

1422 3282 1594 3318 omnium
1608 3281 1809 3317 hominum
1825 3281 2007 3316 amicitias
2027 3281 2152 3316 colere
2174 3287 2351 3329 oportet,
2370 3280 2477 3318 adhi-

1421 3342 1499 3378 bita
1533 3342 1768 3391 singulorum
1805 3340 1996 3389 dignitatis
2031 3340 2288 3378 distinctione.
2325 3340 2474 3377 Etenim

1421 3402 1710 3451 temperantiam
1735 3406 1772 3436 et
1814 3399 1999 3447 justitiam
2027 3400 2284 3436 exercebimus
2318 3410 2407 3448 erga
2426 3411 2474 3434 o·-

1419 3473 1539 3510 mneS,
1549 3473 1591 3497 ac
1608 3473 1687 3496 non
1704 3460 1827 3496 solum
1842 3471 1928 3508 erga
1945 3458 2069 3506 justos
2092 3465 2128 3494 et
2151 3463 2473 3506 temperatosznec
