2612 3814
726 219 1035 260 SENTENTIAE
1068 220 1132 260 ET
1165 222 1196 258 A
1204 219 1658 261 POPHTHEGMATA.
2206 231 2287 265 205

94 311 160 360 τὴν
190 311 366 364 ὑπόληψιν
397 309 519 349 λαὸὼν
545 308 678 357 ταύτην
706 308 767 348 καὶ
794 309 852 348 διὰ
874 309 914 348 τὸ
943 308 1086 349 πάντων
1115 308 1159 349 τὰ

95 370 287 426 σπέρματα
311 369 375 417 τὴν
396 369 498 424 φύσιν
529 368 638 422 ὑγρὰν
666 367 773 422 ἔχειν,
796 368 837 408 τὸ
865 369 895 407 δ’
922 367 1017 421 ὕδωρ
1044 368 1159 422 ἀρχὴν

95 433 158 479 τῆς
175 431 311 486 φύσεως
331 422 420 469 εἶναι
445 435 515 473 τοῖς
532 431 660 483 ὑγροῖς.
680 427 762 468 Εἰσὶ
783 428 822 468 δέ
845 444 936 474 τινες
950 428 983 468 οἳ
1000 428 1062 468 καὶ
1080 428 1161 474 τοὺς

93 491 350 544 παμπαλαίους
368 489 428 531 καὶ
442 488 534 529 πολὺ
549 489 619 543 πρὸ
634 491 697 537 τῆς
716 492 775 528 νῦν
798 490 967 542 γενέσεως
986 490 1047 529 καὶ
1064 488 1162 543 πρώ-

93 567 172 596 τους
203 550 483 603 θεολογήσαντας
513 548 623 593 οὕτως
650 547 783 589 οἴονται
817 549 896 602 περὶ
927 552 989 596 τῆς
1026 549 1161 603 φύσεως

91 609 301 650 ὑπολαὸεῑν·
322 609 495 649 Ὠκεανόν
514 625 552 647 τε
571 608 640 661 γὰρ
671 608 732 647 καὶ
758 608 879 657 Τηθὺν
908 608 1079 655 ἐποίησαν
1098 611 1161 656 τ’ῆς

90 668 259 723 γενέσεως
280 669 458 723 πατέρας,
479 668 615 708 καὶτὸν
632 669 733 721 ὅρκον
759 671 827 708 τῶν
854 671 940 708 θεῶν
965 667 1076 722 ὕδωρ,
1095 667 1159 716 τὴν

91 729 314 782 καλουμένην
341 729 400 768 ὑπ’
420 730 536 768 αὐτῶν
568 727 689 780 Στύγα
709 729 778 767 τῶν
798 731 968 777 ποιητῶν·
987 727 1159 780 τιμιώτα-

90 805 149 829 τον
179 789 242 841 μὲν
267 788 336 842 γὰρ
360 788 401 828 τὸ
424 788 685 841 πρεσὸύτατον,
711 787 812 841 ὅρκος
835 789 871 827 δὲ
888 788 928 827 τὸ
943 787 1159 839 τιμιώτατόν

31 856 35 860 ’
90 849 197 888 ἐστιν.
212 849 318 887 Idem
338 849 386 887 de
405 848 516 886 Coelo
530 847 603 887 lib.
620 847 674 894 ll,
693 849 738 885 13
757 848 811 886 ait
834 862 842 886 ε
859 849 905 887 Οἱ
924 847 952 886 δ’
968 846 1020 899 ἐφ’
1033 845 1160 891 ὕδατος

89 908 226 948 κεῖσθαι
249 907 348 963 [φασὶ
361 907 423 956 τὴν
441 905 539 962 siv]-
561 910 684 945 τοῦτον
698 906 766 959 γὰρ
785 906 1017 961 ἀρχαιότατον
1034 921 1159 959 παρει-

89 967 253 1021 λήφαμεν
274 967 333 1006 τὸν
353 967 470 1019 λόγον,
492 967 528 1005 ὅν
554 982 658 1020 φασιν
678 968 787 1005 εἰπεῖν
807 967 934 1013 Θαλῆν
950 964 1010 1004 τὸν
1033 964 1160 1012 Μιλή-

90 1043 182 1076 σιον,
208 1030 254 1073 ὥς
274 1027 331 1067 διὰ
351 1027 391 1067 τὸ
410 1025 556 1074 πλωτὴν
577 1019 667 1065 εἶναι
683 1025 855 1077 μένουσαν
872 1024 994 1078 ὥσπερ
1014 1023 1114 1070 ξύλον
1134 1024 1157 1072 ἤ

89 1104 124 1127 τι
133 1090 288 1127 τοιοῦτον
302 1086 434 1140 ἕτερον.
450 1086 496 1125 In
508 1085 668 1125 eandem
682 1085 912 1124 sententiam
924 1083 1158 1123 Plutarchus

88 1148 138 1187 (le
162 1148 268 1188 Plac.
291 1147 393 1200 phil.
428 1145 500 1185 lib.
530 1145 563 1193 I,
591 1146 612 1184 3
634 1159 642 1183 :
671 1146 797 1192 Θαλῆς
816 1142 1023 1192 ὁΜιλήσιος
1043 1144 1157 1196 ἀρχὴν

87 1208 158 1244 τῶν
178 1204 287 1245 ὄντων
308 1203 514 1258 ἀπεφήνατο
533 1203 573 1242 τὸ
594 1202 701 1256 ὕδωρ.
735 1203 831 1242 δοκεῖ
846 1202 886 1243 ’δὲ
907 1205 926 1242 ὁ
950 1202 1038 1256 ἀνὴρ
1059 1198 1158 1246 οὗτος

89 1265 192 1319 ἄρξαι
206 1268 267 1314 τῆς
282 1263 584 1320 φιλοσοφίας,καὶ
606 1265 670 1303 ἀπ’
691 1265 798 1302 αὐτοῦ
820 1266 840 1310 ἡ
863 1262 1006 1311 Ἰωνικὴ
1023 1262 1157 1317 αἵρεσις

88 1325 369 1379 προσηγορεύθη.
392 1323 428 1368 ὃς
463 1323 497 1369 ἐξ
517 1323 643 1368 ὕδατός
671 1339 757 1377 φησι
780 1323 899 1363 πάντα
919 1317 1089 1363 εἶναικαὶ
1110 1325 1157 1369 εἷς

87 1384 180 1439 ὕδωρ
206 1385 325 1424 πάντα
344 1382 568 1424 ἀναλύεσθαι.
590 1383 802 1436 στοχάζεται
814 1384 845 1422 δ’
864 1384 904 1422 ἐκ
920 1382 1043 1422 τούτου
1060 1386 1158 1436 πρῶ-

38 1468 40 1470 ·
86 1460 161 1506 τον,
186 1443 239 1483 ὅτι
258 1444 400 1483 πάντων
421 1445 491 1482 τῶν
523 1441 622 1488 ζώων
643 1447 664 1490 ἡ
693 1442 778 1495 γονὴ
812 1441 907 1496 ἀρχή
934 1444 1043 1491 ἐστιν,
1067 1442 1155 1496 ὑγρὰ

87 1507 195 1543 οὖσαν
226 1503 336 1548 οὕτως
362 1502 454 1547 εἰκὸς
479 1502 540 1542 καὶ
560 1501 606 1542 τὰ
624 1502 741 1541 πάντα
771 1502 805 1547 ἐξ
827 1504 934 1557 ὑγροῦ
953 1501 1018 1550 τὴν
1039 1502 1154 1555 ἀρχὴν

86 1563 200 1617 ἔχειν·
235 1563 416 1617 δεύτερον,
438 1561 492 1602 ὅτι
516 1561 636 1601 πάντα
667 1561 713 1601 τὰ
739 1561 832 1615 φυτὰ
863 1563 960 1616 ὑγρῷ
991 1562 1156 1616 τρέφεται

85 1624 147 1663 καὶ
163 1629 405 1678 καρποφορεῖ,
422 1626 636 1676 ἀμοιροῦντα
654 1621 690 1661 δὲ
712 1621 936 1675 ξηραίνεται·
954 1622 1085 1676 τρίτον,
1102 1623 1157 1661 ὅτι

30 1721 35 1724 .
85 1686 147 1725 καὶ
164 1685 248 1725 αὑτὸ
267 1686 308 1725 τὸ
327 1689 397 1738 πῦρ
416 1686 478 1723 τοῦ
497 1683 673 1732 ἡλίουκαὶ
690 1681 730 1722 τὸ
743 1685 813 1722 τῶν
833 1682 974 1736 ἄστρων
992 1683 1067 1727 ταῖς
1085 1686 1154 1722 τῶν

85 1746 224 1784 ὑδάτων
258 1743 516 1795 ἀναθυμιάσεσι
546 1743 734 1798 τρέφεται,
752 1742 814 1782 καὶ
836 1743 937 1787 αὐτὸς
960 1745 979 1782 ὁ
1002 1742 1134 1795 κόσμος
1148 1759 1156 1768 ·

86 1805 145 1845 διὰ
167 1809 269 1846 τοῦτο
292 1804 355 1845 καὶ
368 1804 532 1858 εΌμηρος
546 1803 680 1852 ταύτην
699 1803 762 1852 τὴν
780 1803 914 1856 γένεσιν
937 1802 1154 1853 ὑποτίθεται,

85 1866 167 1919 περὶ
200 1869 260 1906 τοῦ
298 1866 441 1909 ὕδατος·
472 1864 659 1911 Ὠκεανός,
687 1863 797 1917 ὅσπερ
830 1863 963 1917 γένεσις
986 1863 1158 1903 πάντεσσι

48 1917 51 1921 ’
86 1925 266 1965 τέτυκται.
302 1924 383 1963 Alii
418 1924 620 1963 Thaletem
649 1922 726 1962 hoc
753 1937 886 1963 rerum
914 1923 1156 1976 principium

87 1985 268 2024 statuisse
287 1984 483 2023 affirmant
503 1982 560 2023 διὰ
579 1982 619 2023 τὸ
641 1983 843 2023 συνεκτικὸν
860 1983 922 2023 καὶ
938 1982 980 2024 τὸ
998 1983 1156 2022 εὔτύπω-

84 2060 145 2084 τον
176 2048 237 2084 τοῦ
271 2043 420 2095 ὕδατος,
453 2045 564 2083 velut
595 2044 824 2096 Simplicius
857 2044 900 2082 in
930 2044 1157 2083 Aristotelis

85 2105 203 2157 Phys.
221 2104 289 2143 fol.
313 2105 337 2142 6
359 2118 401 2152 a3
419 2105 443 2143 8
459 2117 496 2152 a,
515 2104 555 2144 b.
573 2103 638 2142 Sic
656 2103 883 2143 Heraclides
901 2104 1026 2154 Alleg.
1040 2104 1154 2145 Hom.

87 2177 172 2216 cap.
189 2178 238 2203 22
254 2177 344 2216 pag.
359 2164 407 2209 45
426 2164 486 2202 ed.
500 2163 620 2203 Mehl.
647 2178 655 2202 ε
675 2164 828 2211 Θάλητα
838 2163 901 2214 μέν
916 2179 955 2215 γε
970 2163 1027 2202 τὸν
1041 2164 1158 2212 Μιλή-

85 2239 159 2264 σιον
180 2225 391 2275 ὁμολογοῦσι
401 2225 540 2277 πρῶτον
550 2223 820 2271 ὑποστήσασθαι
835 2225 904 2262 τῶν
922 2223 1013 2262 ὅλων
1023 2239 1156 2275 >eoo-ito·-

85 2282 186 2337 γόνον
203 2283 378 2336 στοιχεῖον
406 2283 447 2322 τὸ
471 2282 618 2337 ὕδωρ-ἡ
639 2282 707 2337 γὰρ
730 2281 823 2336 ὑγρὰ
851 2282 972 2338 φύσις,
993 2285 1157 2337 εὐμαρῶς

88 2345 136 2386 εἷς
166 2342 301 2382 ἕκαστα
333 2339 679 2394 μεταπλαττομένη,
700 2343 786 2395 πρὸς
803 2341 843 2381 τὸ
871 2343 1031 2382 ποικίλον
1058 2342 1156 2382 εἴωθε

89 2405 321 2456 μορφοῦσθαι.
346 2402 388 2443 τό
407 2418 445 2441 τε
464 2402 533 2454 γὰρ
551 2401 822 2453 ἐξατμιζόμενον
843 2403 951 2450 αὐτῆς
970 2403 1155 2456 ἅεροῖίται,

87 2461 148 2500 καὶ
171 2460 211 2500 τὸ
226 2460 442 2501 λεπτότατον
465 2460 536 2499 ἀπὸ
557 2462 657 2513 ἀέρος
690 2461 793 2514 αἰθὴρ
819 2461 1036 2511 ἀνάπτεται,
1060 2479 1156 2501 συνι-

88 2520 190 2566 ζάνον
206 2535 244 2559 τε
256 2519 297 2559 τὸ
311 2519 404 2573 ὕδωρ
415 2519 476 2558 καὶ
487 2520 798 2572 μεταὸαλλόμενον
813 2523 859 2566 εἷς
873 2519 948 2560 ἰλὺν
965 2523 1156 2574 ἀπογαιοῦ-

87 2595 166 2619 ται·
188 2579 240 2618 διὸ
255 2578 297 2626 δὴ
315 2582 379 2626 τ’ἧς
401 2579 567 2632 τετράδος
586 2581 655 2618 τῶν
677 2580 861 2633 στοιχείων
882 2580 1004 2635 ὥσπερ
1025 2580 1156 2620 αἰτιώ-

88 2654 194 2678 τατον
227 2641 244 2677 ὃ
272 2639 397 2686 Θαλῆς
423 2637 627 2692 ἀπεφήνατο
657 2645 828 2692 στοιχεῖον
855 2633 946 2678 εἶναι
977 2641 1017 2679 τὸ
1045 2639 1153 2693 ὕδωρ.

89 2697 284 2736 Praeterea
298 2697 435 2736 Cicero
452 2697 501 2740 de
514 2697 597 2736 Nat.
615 2698 732 2737 Deor.
749 2698 819 2737 lib.
838 2699 873 2747 Ι,
896 2713 941 2737 10
956 2699 1155 2738 Thaletem

90 2758 145 2796 ait
159 2770 270 2809 aquae
291 2757 519 2809 adjunxisse
539 2757 653 2796 deum
670 2758 739 2810 qui
755 2772 802 2796 ex
819 2772 863 2797 ea
880 2767 1018 2797 cuncta
1038 2759 1158 2808 finge-

136 2995 201 3038 (14)
220 2995 273 3029 Sic
293 2997 390 3028 etiam
422 2995 571 3029 Stobaeus
596 2996 666 3029 Ecl.
688 2996 785 3037 Phys.
815 2996 871 3028 lib.
896 2998 909 3029 1
930 3005 1006 3038 cap.
1032 3000 1063 3038 2,
1086 3000 1125 3028 29
1150 3007 1157 3027 :

92 3045 197 3084 Θαλῆς
213 3047 286 3077 νοῦν
301 3048 357 3077 τοῦ
373 3044 496 3086 κόσμου
513 3045 567 3078 τὸν
587 3045 667 3085 θεόν,
679 3045 716 3077 τὸ
734 3045 767 3078 δὲ
780 3048 843 3078 πᾶν
861 3045 1004 3087 ἔμψυχον
1024 3044 1092 3086 ἅμα
1105 3045 1158 3076 καὶ

94 3091 251 3133 δαιμόνων
272 3093 403 3134 πλῆρες·
420 3092 536 3132 διήκειν
557 3093 590 3125 δὲ
605 3093 659 3125 καὶ
684 3093 736 3125 διὰ
751 3095 808 3125 τοῦ
827 3093 1048 3135 στοιχειώδους
1064 3093 1159 3133 ὑγροῦ

95 3139 226 3181 δύναμιν
253 3140 337 3172 θείαν
359 3140 522 3179 κινητικὴν
542 3140 649 3172 αὐτοῦ.
677 3141 865 3173 Ciceronem
894 3142 1075 3181 sequuntur
1098 3141 1159 3171 La-

95 3186 236 3219 ctantius
249 3187 358 3219 Divin.
375 3188 483 3219 instit.
502 3187 558 3219 lib.
573 3189 602 3224 Ι,
620 3193 638 3220 5
657 3189 689 3220 et
711 3188 872 3222 Minucius
894 3189 983 3222 Felix
1003 3197 1074 3230 cap.
1094 3191 1143 3220 19.

140 3233 206 3275 (15)
226 3234 414 3267 Aristoteles
438 3235 479 3267 de
503 3235 618 3268 Anima
638 3236 695 3268 lib.
719 3237 748 3277 Ι,
771 3241 813 3269 5:
841 3237 902 3268 Καὶ
921 3236 952 3267 ἐν
976 3238 1021 3276 τῷ
1045 3235 1108 3276 ὅλῳ
1127 3235 1160 3267 δέ

96 3290 175 3316 τινες
191 3280 288 3320 αὐτὴν
304 3280 340 3323 (i.
356 3290 384 3314 e.
407 3282 462 3321 τὴν
482 3282 599 3325 ψυχὴν)
618 3283 769 3325 μεμῖχΟαί
789 3295 896 3323 φασιν,
922 3283 990 3315 ὅθεν
1015 3282 1093 3318 ἴσως
1107 3283 1160 3314 καὶ
1199 3314 1202 3316 ,

99 3328 204 3367 Θαλῆς
221 3328 309 3370 ᾠήθη
324 3328 426 3362 πάντα
445 3331 545 3371 πλήρη
557 3331 635 3363 θεῶν
648 3331 737 3363 εἶναι.
761 3331 810 3364 Id.
832 3332 861 3370 1,
881 3335 898 3362 2
914 3340 921 3362 :
937 3330 1046 3362 Ἔοικε
1060 3330 1092 3361 δὲ
1108 3331 1160 3361 καὶ

98 3375 203 3413 Θαλῆς
220 3375 251 3412 ἐξ
266 3375 310 3407 ὧν
323 3376 616 3419 ἀπομνημονεύουσι
630 3378 787 3417 κινητικόν
804 3390 833 3410 τι
852 3379 907 3417 τήν
920 3378 1026 3420 ψυχὴν
1042 3377 1161 3409 ὑπολα-

98 3421 177 3461 6εῖν,
194 3421 280 3465 εἴπερ
292 3423 344 3455 τὸν
366 3424 450 3456 Λίθον
467 3424 524 3466 ἔφη
546 3425 651 3468 ψυχὴν
671 3426 764 3466 ἔχειν.
780 3425 827 3457 ὅτι
851 3426 904 3457 τὸν
927 3424 1053 3465 σίδηρον
1072 3427 1161 3455 κινεῖ.

100 3468 259 3510 Diogenes
280 3471 426 3503 Laertius
451 3471 505 3504 lib.
534 3473 563 3511 1,
591 3474 629 3505 24
651 3485 659 3504 :
679 3473 888 3514 Ἀριστοτέλης
912 3472 944 3504 δὲ
966 3472 1019 3503 καὶ
1037 3470 1163 3507 Ἱππίας

103 3517 195 3557 φασὶν
217 3517 312 3550 αὐτὸν
334 3519 387 3551 καὶ
403 3522 466 3556 τοῖς
491 3519 625 3561 ἀψύγοις
648 3520 765 3552 διδόναι
783 3519 903 3558 φυγάς,
921 3517 1162 3560 τεκμαιρόμενον

1227 317 1299 348 ret.
1322 309 1515 348 Similiter
1530 309 1766 348 Plutarchus
1781 310 1829 349 de
1841 312 1943 350 Plac.
1964 312 2060 364 phil.
2076 312 2109 360 l,
2134 327 2153 360 7
2182 328 2190 351 ε
2210 314 2290 352 Θα-

1223 370 1288 415 λῆς
1307 370 1386 407 νοῦν
1417 367 1475 406 τὸν
1508 371 1569 406 τοῦ
1598 368 1733 417 κόσμου
1760 369 1834 407 θεόν
1854 369 1946 423 (14).
1980 370 2111 416 Quare
2144 371 2292 411 fallitur

1224 427 1468 478 Augustinus
1489 427 1537 466 de
1561 426 1653 467 Civ.·
1668 428 1740 466 Dei
1755 428 1843 475 Vll,
1869 443 1890 466 α
1912 429 2056 468 docens
2095 432 2291 469 Thaletem

1223 491 1282 526 nil
1297 489 1389 525 huic
1419 492 1524 538 operi
1551 501 1602 525 ex
1621 497 1744 525 mente
1772 490 1904 525 divina
1920 495 2171 539 praeposuisse
2193 507 2202 527 τ
2222 492 2290 542 qui

1225 561 1337 586 error
1356 546 1449 585 inde
1466 556 1578 586 natus
1594 547 1765 594 videtur,
1782 547 1888 598 quod
1900 547 2043 586 Thales
2062 549 2185 599 Deum
2209 564 2289 588 non

1224 616 1335 645 extra
1366 606 1503 645 mundi
1529 606 1762 656 machinam⁴
1780 607 1970 659 positum,
2014 609 2082 646 sed
2103 622 2174 660 per
2206 622 2289 647 eam

1226 676 1342 706 totam
1366 666 1554 705 diffusum
1575 679 1660 705 esse
1685 666 1868 706 credidit.
1896 666 1993 706 lnde
2028 677 2192 719 apparet
2220 666 2290 720 qui

1226 728 1366 765 factum
1400 726 1474 774 sit,
1502 735 1545 765 ut
1571 726 1705 765 omnia
1727 740 1811 778 quae
1842 735 2097 765 cernerentur
2125 727 2290 766 deorum

1224 786 1340 837 plena
1356 798 1441 824 esse
1460 785 1579 823 vellet
1593 784 1789 836 rebusque
1801 783 2027 824 inanimatis
2048 786 2199 824 animas
2222 787 2291 825 tri·

1223 845 1373 885 bueret.
1384 844 1512 891 Quum
1526 854 1652 883 autem
1669 845 1769 883 nihil
1783 845 1972 884 mobilius
1980 846 2112 884 animo
2122 860 2291 897 eumque

1224 905 1409 944 movendi
1429 905 1469 943 vi
1489 905 1698 955 praeditum
1728 918 1812 944 esse
1835 905 2078 944 existimaret
2102 920 2110 943 :
2134 919 2289 945 omnem

1223 973 1370 1003 motum
1385 977 1432 1002 ex
1450 964 1524 1003 hoc
1543 965 1648 1003 fonte
1667 964 1922 1016 repetendum
1941 973 2049 1003 ratus
2071 973 2288 1015 magnetem

1222 1024 1337 1062 etiam
1361 1024 1530 1077 lapidem
1552 1033 1668 1076 atque
1687 1025 1873 1064 electrum
1889 1025 1969 1064 suis
1984 1024 2182 1063 mentibus
2203 1026 2292 1063 ani-

1223 1093 1325 1123 mata
1341 1097 1426 1123 esse
1445 1084 1620 1123 decrevit
1638 1084 1650 1137 (
1659 1099 1672 1122 1
1683 1084 1736 1136 5).

1277 1143 1400 1182 Fuere
1415 1144 1484 1195 qui
1499 1143 1532 1181 Τ
1536 1143 1699 1182 haletem
1713 1145 1885 1196 primum
1897 1144 2092 1183 exstitisse
2108 1152 2292 1196 putarent

1222 1207 1444 1245 animorum
1458 1206 1767 1245 immortalitatis
1786 1206 1984 1245 vindicem
2003 1220 2047 1245 ac
2062 1215 2286 1258 patronum.

1221 1266 1373 1318 Nempe
1386 1266 1560 1304 animum
1579 1268 1660 1304 esse
1680 1274 1870 1314 naturam,
1883 1279 1970 1317 quae
1987 1278 2140 1318 semper
2159 1278 2292 1303 move-

1222 1334 1330 1363 retur
1348 1325 1411 1364 vel
1427 1338 1514 1377 quae
1531 1337 1572 1363 se
1588 1325 1674 1377 ipsa
1692 1333 1889 1373 moveret,
1905 1326 2092 1377 princeps
2112 1325 2290 1364 Milesius

1222 1384 1485 1438 philosophus
1503 1384 1756 1423 contenderat
1770 1383 1866 1438 (16).
1883 1384 2134 1423 Arbitramur
2147 1393 2289 1433 autem,

1221 1444 1294 1482 etsi
1312 1444 1389 1483 hoc
1407 1444 1554 1483 diserte
1568 1457 1647 1482 non
1667 1452 1725 1483 est
1738 1444 1955 1496 proditum,
1974 1448 2062 1483 eum
2083 1444 2287 1482 hominum

1222 1506 1374 1544 animos
1408 1518 1482 1557 pro
1521 1503 1701 1557 partibus
1737 1504 1878 1542 animae
1908 1504 2047 1544 mundi
2082 1502 2286 1544 habuisse.

1222 1564 1318 1610 Quae
1333 1564 1470 1604 mundi
1485 1565 1616 1602 anima
1629 1563 1817 1615 quoniam
1836 1577 1968 1602 rerum
1989 1563 2287 1602 universitatem

1222 1633 1374 1672 movet,
1407 1623 1601 1662 humanos
1635 1623 1788 1661 animos
1823 1635 1845 1660 e
1879 1636 2090 1674 corporum
2116 1622 2290 1662 vincufis

1222 1684 1378 1735 elapsos
1402 1696 1481 1721 non
1511 1682 1724 1733 exstingui,
1760 1682 1827 1720 sed
1858 1682 1901 1720 in
1933 1695 2179 1720 communem
2201 1683 2290 1721 ani-

1223 1757 1326 1782 mam
1343 1743 1486 1790 redire,
1498 1743 1529 1781 si
1544 1751 1724 1781 constare
1741 1741 1818 1781 sibi
1833 1742 1964 1790 vellet,
1980 1755 2140 1781 censere
2161 1741 2289 1781 debe-

1220 1805 1287 1842 bat
1310 1803 1588 1855 philosophus.

1275 1863 1429 1910 Quanta
1448 1871 1575 1901 autem
1596 1861 1681 1914 ejus
1702 1862 1904 1914 sapientiae
1918 1862 2019 1900 fama
2035 1861 2151 1899 suerit
2168 1874 2288 1912 quan-

1223 1931 1383 1974 tumque
1407 1922 1511 1974 apud
1532 1922 1701 1972 aequales
1731 1921 1960 1960 auctoritate
1985 1919 2178 1968 valuerit,
2200 1933 2289 1972 per-

1221 1983 1388 2035 spicitur
1416 1995 1464 2020 ex
1490 1982 1557 2020 illa
1575 1982 1622 2020 de
1649 1981 1804 2034 tripode
1821 1994 1940 2020 aureo
1965 1980 2284 2027 narratiuncula,

1222 2057 1309 2094 quae
1338 2056 1361 2081 a
1380 2041 1565 2094 pluribus
1594 2040 1858 2094 scriptoribus
1888 2039 2032 2079 litteris
2059 2039 2288 2090 consignata

1221 2112 1290 2141 est.
1312 2102 1387 2141 Res
1407 2102 1462 2140 ita
1481 2115 1522 2140 se
1539 2101 1671 2141 habet.
1686 2099 1997 2153 Apiscatoribus
2015 2099 2182 2138 Milesiis
2200 2112 2290 2137 ver-

1221 2162 1390 2202 riculum
1412 2160 1660 2200 trahentibus
1689 2161 1847 2212 quidam
1860 2160 2015 2211 ‚jactum
2034 2167 2193 2198 emerat.
2211 2158 2289 2196 Ex-

1221 2231 1346 2268 tracto
1365 2221 1509 2260 deinde
1525 2221 1655 2271 magni
1676 2220 1865 2272 ponderis
1883 2218 2037 2271 tripode
2053 2231 2172 2256 aureo
2200 2218 2288 2256 nel-

1221 2282 1349 2334 phicis
1373 2281 1494 2320 simili
1523 2289 1609 2319 orta
1638 2278 1907 2318 controversia
1924 2287 2004 2327 est,
2024 2277 2104 2316 illis
2120 2276 2286 2328 piscium

1223 2355 1264 2381 se
1285 2350 1485 2394 capturam
1507 2340 1729 2379 vendidisse
1740 2336 2049 2384 affirmantibus,
2071 2336 2146 2375 hoc
2161 2336 2288 2375 fortu-

1227 2415 1316 2440 nam
1348 2409 1495 2439 tractus
1529 2413 1570 2439 se
1589 2399 1732 2438 emisse
1760 2398 1924 2437 dicente.
1957 2397 2043 2442 Qua
2062 2395 2290 2436 conditione

1222 2469 1386 2513 propter
1404 2460 1617 2498 novitatem
1646 2460 1703 2497 rei
1724 2467 1761 2496 et
1782 2456 2090 2508 magnitudinem
2111 2457 2289 2507 pecuniae

1222 2520 1269 2558 ad
1289 2519 1518 2558 universum
1538 2517 1623 2569 ejus
1641 2517 1812 2556 civitatis
1832 2515 2023 2568 populum
2045 2515 2186 2566 delata,
2203 2515 2288 2567 pla-

1221 2580 1302 2618 cuit
1316 2580 1537 2631 Apollinem
1557 2578 1792 2631 Delphicum
1813 2576 1991 2623 consuli,
2006 2574 2165 2614 cuinam'
2181 2576 2290 2627 adju-

1222 2640 1347 2678 dicari
1378 2640 1507 2691 tripus
1545 2638 1717 2678 deberet.
1752 2637 1857 2676 Deus
1888 2635 2092 2687 respondit
2118 2635 2180 2674 illi
2204 2648 2289 2673 esse

1222 2698 1392 2736 dandum
1429 2699 1498 2749 qui
1537 2698 1728 2748 sapientia
1769 2705 1928 2735 caeteros
1964 2696 2140 2734 anteiret.
2185 2695 2286 2733 Tum

1223 2758 1368 2796 Milesii
1383 2771 1575 2797 consensu
1589 2757 1743 2796 Thaleti
1765 2756 1960 2809 tripodem
1984 2756 2197 2804 dederunt;
2220 2756 2288 2793 ille

1223 2996 1258 3028 ἐκ
1276 2999 1329 3035 τῆς
1346 2995 1432 3028 λίθου
1455 3000 1508 3035 τῆς
1524 2996 1709 3037 μαγνήτιδος
1723 2996 1776 3027 καὶ
1796 2998 1852 3036 τοῦ
1868 2995 2028 3036 ἠλέκτρου.
2055 2995 2098 3026 Et
2119 2993 2198 3025 ibid.
2220 2995 2258 3025 27
2276 3005 2285 3025 :

1222 3044 1330 3086 Ἀρχὴν
1345 3044 1376 3076 δὲ
1389 3047 1452 3076 τῶν
1470 3043 1596 3076 πάντων
1614 3044 1696 3085 ὕδωρ
1715 3043 1917 3082 ὑπεστήσατο
1937 3043 1991 3075 καὶ
2007 3042 2061 3074 τὸν
2082 3041 2203 3083 κόσμον
2229 3040 2286 3082 ἔμ-

1221 3093 1323 3134 ψυχον
1338 3092 1391 3124 καὶ
1405 3091 1560 3133 δαιμόνων
1581 3091 1695 3134 πλήρη.

1265 3139 1331 3179 (ιὸ)
1347 3139 1505 3179 Diogenes
1538 3139 1683 3171 Laertius
1708 3137 1764 3170 lib.
1793 3139 1817 3176 1,
1844 3140 1882 3170 24
1911 3147 1919 3168 :
1950 3136 2052 3169 Ἔνιοι
2073 3136 2175 3169 δὲκαὶ
2193 3135 2287 3168 αὐτὸν

1222 3187 1344 3227 πρῶτον
1362 3185 1458 3220 εἰπεῖν
1477 3196 1570 3226 φασιν
1595 3184 1765 3222 ἀθανάτους
1787 3184 1842 3221 τὰς
1862 3183 1977 3226 ψυχάς,
1997 3183 2041 3215 ὧν
2058 3183 2127 3216 ἐστι
2145 3183 2286 3224 Χοιρίλος

1224 3233 1240 3264 ὁ
1266 3233 1407 3271 ποιητής.
1428 3232 1622 3265 Plutarchus
1645 3231 1686 3264 de
1708 3232 1795 3264 Piae.
1830 3232 1910 3273 phil.
1945 3234 2000 3271 tv,
2019 3235 2036 3264 2
2055 3244 2064 3264 ι
2090 3232 2195 3269 Θαλῆς
2213 3230 2286 3262 ἀπε·

1223 3282 1342 3321 φήνατο
1364 3284 1486 3322 πρῶτος
1509 3281 1565 3320 τὴν
1587 3281 1692 3323 ψυχὴν
1718 3279 1809 3321 φύσιν
1831 3279 2007 3319 ἀεικίνητον
2024 3280 2044 3318 ἢ
2070 3278 2285 3315 αὐτοκίνητον,

1224 3337 1320 3370 quem
1343 3329 1451 3361 locum
1486 3327 1686 3369 repetierunt
1707 3327 1856 3360 Stobaeus
1888 3328 1921 3359 in
1940 3328 2048 3368 Eclog.
2073 3326 2167 3367 Phys.
2197 3326 2252 3357 lib.
2271 3325 2287 3356 1

1225 3385 1295 3415 cap.
1315 3377 1369 3416 41,
1389 3378 1418 3416 1,
1446 3385 1478 3417 p.
1506 3380 1566 3409 320
1585 3375 1637 3409 ed.
1663 3376 1765 3408 Gaisf.
1789 3379 1821 3409 et
1848 3375 2018 3409 Nemesius
2036 3374 2074 3406 de
2092 3374 2169 3406 Nat.
2193 3372 2282 3405 hom.

1225 3431 1296 3464 cap.
1330 3428 1362 3456 2.
1388 3426 1500 3464 Neque
1521 3423 1620 3455 alium
1644 3425 1810 3456 auctorem
1836 3427 1969 3455 secutus
1986 3423 2036 3454 est
2062 3419 2285 3454 Theodoretus

1225 3472 1329 3502 Serm.
1348 3473 1378 3503 V
1401 3480 1434 3512 p,
1461 3473 1500 3503 83
1527 3470 1694 3502 scribens:
1710 3471 1813 3508 Θαλῆς
1837 3470 1940 3502 τοίνυν
1960 3469 2094 3505 κέκληκε
2106 3467 2161 3505 τήν
2179 3465 2284 3507 ψυχὴν

1225 3518 1370 3556 ἀκίνητον
1387 3518 1490 3558 φύσιν,
1514 3518 1569 3550 ubi
1603 3527 1659 3559 pro
1681 3517 1826 3556 ἀκίνητον
1847 3524 1966 3557 repone
1991 3514 2175 3553 ἀεικίνητον.

2594 2898 2605 3021 ...Ὴ;Ὕ,
2601 2852 2605 2886 u.
2601 2457 2607 2842 -ψ-ρ-«κλῊ-ΙΜ
2604 2402 2609 2445 -..-
