2612 3814
1089 264 1431 306 FRAGMENTA.
2299 275 2345 309 91

238 359 306 405 Ὣς
324 357 430 399 εἰπὼν
450 358 571 413 ὄχλοιο
590 356 796 408 περίστασιν
814 356 1068 396 ασκατέδυνεν·

243 421 275 459 ol
295 419 332 458 δέ
354 433 414 470 μιν
435 414 521 465 ἠΰτε
540 417 679 468 γλαῦκα
699 414 782 468 πέρι
801 414 924 459 σπίζαι
939 417 1165 468 τερατοῦντο,

243 478 423 530 ἠλέματον
441 475 646 519 δεικνύντες.
661 472 744 514 “00’
765 472 904 514 οὕνεκεν
922 473 1018 527 ὄχλῳ
1037 471 1216 526 ἀρέσκεις,

241 538 280 576 οὗ
298 537 390 590 μέγα
407 538 573 590 πρῆγμα,
593 534 714 578 τάλας·
731 533 766 572 τί
783 532 979 572 πλατύνεαι
1003 532 1134 580 ἠλίθιος
1150 530 1220 583 ὥς;

454 643 468 660 ί
689 641 703 657 ἡ
922 640 938 655 ί·

179 733 217 759 80
243 716 266 765 ἢ
283 717 342 757 τὸν
364 716 598 769 ἀπάνθρωπον
618 715 679 754 καὶ
699 714 900 767 ἀπόσχολον
912 745 922 762 ,
949 713 1206 762 αὖτολάλητον,

245 778 307 816 οὐκ
323 775 566 828 ἐμπαζόμενον
585 774 683 823 δόξης
696 774 826 828 >ἐρίδων
845 789 897 822 τε,
920 772 1086 812 Φίλωνα.

449 880 466 895 Ι
710 877 726 892 ί
941 876 958 892 ἡ

244 954 351 1007 λῆρον
373 952 594 1011 ἀναστήσας,
614 948 857 1006 ὀφρυωμένος,
874 945 1156 1003 ἀφροσιὸόμὸαξ.

437 1056 454 1074 Δ·
725 1053 740 1070 ἡ
1012 1052 1027 1069 ἡ

246 1129 340 1169 Ἀλλ’
351 1127 390 1167 οὔ
404 1143 463 1179 μοι
479 1126 610 1167 τούτων
623 1125 798 1180 φλεδόνων
810 1123 924 1176 μέλει,
943 1123 1021 1164 οὐδὲ
1038 1123 1107 1175 γὰρ
1118 1122 1226 1163 ἄλλου

249 1187 399 1239 οὐδενός,
419 1188 457 1224 οὐ
479 1186 677 1233 Φαίδωνος,
697 1184 770 1228 ὅτις
783 1200 823 1236 γε
843 1183 922 1235 μέν,
945 1183 1017 1222 οὐδ’
1037 1183 1226 1236 ἐριδάντεω

182 1262 219 1288 et>
249 1247 441 1288 Εὐκλείδου
450 1279 461 1297 ‚
481 1249 704 1299 Μεγαρεῦσιν
719 1244 754 1289 ὃς
765 1243 901 1295 ἔμὸᾳλε
919 1244 1054 1284 λύσσαν
1068 1245 1226 1297 ἐρισμοῦ.

440 1350 457 1366 st
729 1348 748 1368 4
1022 1347 1037 1362 α

245 1423 316 1461 οὐδ’
341 1421 616 1473 Ἀκαδημαϊκῶν
633 1418 953 1473 πλατυρημοσύνης
974 1418 1179 1458 ἀναλίστου.

452 1529 470 1550 4
676 1526 695 1546 4
915 1524 929 1540 ¹

245 1599 317 1638 οὐδ’
336 1599 391 1652 ἄρ’
411 1598 670 1652 Ἀριστοτέλους
687 1595 908 1644 εἰκαιοσύνης
925 1598 1121 1648 ἀλεγεινῆς.

454 1705 471 1721 t
688 1705 704 1721 ἡ
923 1703 939 1719 ί

218 1842 303 1881 Vss.
326 1836 460 1892 76479.
479 1840 525 1885 ὣς
550 1839 658 1880 εἰπὼν
673 1839 978 1893 ὄχλοιο-ἠλίθιος
994 1838 1070 1892 ὥς]
1086 1841 1227 1892 Dioge-

165 1917 234 1942 nes
250 1902 428 1943 Laertius
443 1900 509 1952 lv,
540 1902 704 1946 42:133<
726 1900 760 1938 δὲ
781 1899 821 1938 τὸ
838 1898 1118 1951 διαὸαλλόμενον
1134 1902 1228 1954 αὐτῷ

165 1963 331 2018 φίλοχλον
351 1961 411 2001 καὶ
445 1961 571 2010 Τίμων
602 1960 648 2000 τά
677 1976 717 1999 τε
748 1959 840 1999 ἄλλα
866 1958 986 2013 φησίν,
1007 1960 1068 1999 καὶ
1098 1960 1140 2008 δὴ
1169 1961 1228 2000 καὶ

163 2026 284 2061 τοῦτον
305 2037 363 2060 τον
384 2019 535 2075 τρόπον·
555 2018 603 2063 ὣς
633 2017 741 2058 εἷπὼν
761 2018 883 2071 ὄχλοιο
914 2020 993 2059 κτλ.
1019 2019 1152 2059 —Vs.
1178 2034 1225 2069 77

166 2080 249 2135 πέρι
266 2080 388 2126 σπίζαι
402 2079 624 2119 emendavit
643 2078 870 2129 Menagius;
891 2087 1004 2117 antea
1023 2078 1228 2130 legebatur

165 2140 355 2195 περισπίζα
371 2140 432 2179 vel
448 2138 527 2192 περὶ
553 2139 683 2185 σπιζοῖ.
705 2162 758 2168 -
781 2138 848 2177 Vs.
880 2139 930 2188 78
952 2138 1049 2193 ὄχλῳ
1071 2136 1230 2192 ἀρέσκεις

166 2201 342 2254 quaedam
365 2199 513 2239 Laertii
531 2199 727 2238 editiones
757 2207 795 2237 et
812 2198 1031 2250 Hesychius
1048 2199 1228 2239 Milesius

165 2275 205 2314 p.
242 2276 287 2300 12
323 2261 386 2301 ed.
408 2260 528 2299 Orell.
556 2258 746 2298 Nonnulli
775 2258 965 2308 Diogenis
998 2258 1094 2297 libri
1128 2260 1230 2298 male

165 2321 400 2376 ὀχλοάρεσκος
415 2320 476 2358 vel
494 2319 748 2373 ὀχλοαρέσκης.

219 2380 304 2421 νεει
333 2380 476 2419 80-81.
508 2377 531 2426 ἢ
563 2378 622 2417 τὸν
659 2376 1120 2431 ἀπάνθρωπον-Φίλωνα]
1156 2380 1174 2417 ὁ
1195 2378 1231 2418 δὲ

165 2440 290 2480 Φίλων
322 2438 367 2478 τὰ
394 2439 545 2478 πλεῖστα
574 2435 769 2490 διελέγετο,
792 2434 867 2476 ὅθεν
901 2436 963 2475 καὶ
995 2436 1076 2490 περὶ
1107 2437 1230 2477 τούτου

166 2499 270 2553 φησὶν
282 2498 408 2544 οὕτως·
426 2497 449 2545 ἢ
464 2496 521 2536 τὸν
544 2496 780 2550 ἀπάνθρωπον
794 2497 874 2535 κτλ.
892 2518 947 2525 -
960 2495 1025 2535 Vs.
1046 2498 1096 2534 80
1120 2496 1231 2537 ἀπάν·

167 2562 305 2611 θρωπον
341 2557 402 2596 καὶ
439 2555 638 2608 ἀπόσχολον
683 2555 905 2594 emendavit
951 2554 1228 2606 Casaubonus3

166 2617 281 2657 codd.
305 2617 362 2656 τὸν
386 2615 448 2655 ἀπ’
467 2613 658 2666 ἀνθρώπων
675 2613 887 2667 ἀπόσχολον
897 2613 976 2653 Pro
992 2614 1231 2664 αὖτολάλητον

167 2676 353 2728 Stephani
371 2675 493 2714 editio
510 2683 548 2713 et
564 2673 681 2723 regiae
708 2672 942 2712 membranae
969 2673 1228 2722 αὐτολαλητήν

167 2758 220 2765 -
244 2736 308 2776 Vs.
332 2737 396 2774 81.
423 2733 574 2775 Φίλωνα
610 2720 1034 2782 codices3Btunck1us
1063 2731 1233 2772 malebat

169 2794 329 2836 Φίλων(
313 2794 374 2840 ὠς.

221 2854 287 2896 Vs.
321 2856 386 2893 82.
410 2855 518 2907 λῆρον
541 2846 743 2900 ἀναστήσας
767 2852 862 2904 κτλ.]
887 2852 1084 2902 Diogenes
1114 2851 1231 2890 Laer-

170 2914 247 2954 tius
267 2914 321 2963 ll,
348 2915 437 2962 126,
461 2914 509 2952 de
523 2912 751 2951 Menedemo
777 2926 785 2950 :
809 2913 826 2950 ὁ
843 2911 879 2951 δὲ
901 2911 1030 2964 Τίμων
1046 2909 1155 2950 οὕτω·
1174 2910 1235 2950 λό-

169 2989 229 3027 γον
248 2973 451 3021 ἀναστήσας
467 2973 544 3011 κτλ.
560 2970 779 3023 Hesychius
800 2971 977 3010 Milesius
994 2983 1083 3023 pag.
1101 2970 1150 3008 36
1170 2971 1231 3011 ed.

168 3033 364 3072 01·ell.:6
384 3031 421 3070 δὲ
455 3031 580 3083 Τίμων
614 3030 724 3069 οὕτω·
757 3032 876 3083 Λῆρον
910 3029 1114 3077 ἀναστήσας
1154 3032 1236 3068 κτλ.

171 3093 341 3144 Omnino
357 3092 563 3145 repudiato
591 3091 693 3142 λόγον
720 3091 826 3143 quod
856 3099 1023 3129 metrum
1046 3102 1125 3128 non
1142 3089 1230 3138 fert,

171 3152 465 3192 rescribendum
498 3160 556 3190 est
578 3151 702 3203 λῆρον.
739 3151 819 3189 Pro
853 3148 1120 3203 ἀφροσιὸόμὸαξ
1154 3163 1232 3188 non

171 3220 253 3251 erat
275 3211 379 3264 quod
396 3211 570 3261 Scaliger
589 3208 863 3264 ἀφρασιὸόμὸαξ
883 3209 1088 3260 legendum
1107 3209 1233 3260 suspi-

173 3281 326 3311 caretur
345 3271 450 3324 apud
479 3271 716 3323 Stephanum
744 3270 786 3309 in
815 3270 931 3308 Poesi
957 3264 1235 3322 philosophica

173 3345 214 3383 p.
247 3346 339 3380 217.
373 3331 536 3370 Sensum
569 3331 646 3369 loci
670 3329 843 3369 ostendit
874 3329 1079 3379 Menagius
1106 3328 1234 3367 allatis

174 3390 320 3430 Laertii
345 3390 479 3430 verbis
500 3391 570 3429 lib.
610 3390 665 3435 11,
703 3396 777 3436 140
805 3390 887 3428 haec
920 3390 969 3428 de
1006 3388 1234 3428 Menedemo

175 3451 371 3490 narrantis
400 3464 409 3489 :
437 3449 496 3490 Τὰ
517 3449 580 3501 μὲν
598 3445 656 3489 οὖν
691 3452 816 3502 πρῶτα
845 3450 1092 3502 κατεφρονεῖτο
1107 3477 1119 3500 ,
1139 3446 1233 3487 κύων

175 3507 235 3547 καὶ
251 3510 356 3561 λῆρος
376 3508 443 3549 ὑπὸ
459 3511 528 3548 τῶν
550 3508 760 3563 Ἐρετριέων
780 3507 930 3549 ἀκούων.

1283 359 1338 393 Sic
1351 359 1478 402 locutus
1495 358 1760 391 circumstantem
1780 359 1911 392 turbam
1925 360 2166 401 ingrediebatur
2187 372 2196 395 ε

1281 419 1327 452 ilii
1343 427 1421 451 vero
1442 426 1517 450 eum
1535 418 1571 450 ut
1590 421 1742 450 noctuam
1758 418 1894 452 aviculae
1914 420 2008 453 valde
2022 420 2282 463 admirabantur,

1281 487 1401 511 vanum
1419 479 1646 510 monstrante&
1661 477 1745 516 Quia
1757 478 1934 519 plebeculae
1951 479 2058 521 places
2069 504 2078 519 ‚

1282 547 1356 580 qum
1373 546 1423 570 res
1440 546 1502 570 non
1520 537 1625 578 magni
1640 537 1795 570 momenti
1806 540 1868 578 est,
1886 537 2017 579 infelix;
2031 547 2090 579 cur
2099 540 2249 580 superbis
2276 543 2350 572 tan-

2074 597 2190 641 [quam
2211 599 2329 632 stultus
2341 602 2356 633 Ρ

1520 644 1537 662 ί
1813 645 1831 662 *
2107 646 2123 664 st

1286 727 1345 759 aut
1356 726 1584 767 inhumanum,
1597 727 1674 760 nulli
1690 727 1811 760 scholae
1822 728 2000 770 addictum,
2019 737 2128 762 secum
2144 730 2349 771 loquentem,

1288 786 1486 819 incuriosum
1506 786 1825 829 famaerixarumque
1840 788 2020 821 Philonem.
2051 798 2058 803 ⁰

1519 882 1536 899 1
1813 884 1826 902 Α
2103 884 2119 902 ’ἡ

1289 971 1449 1005 nugarum
1471 963 1640 1003 excitator,
1656 963 1885 1005 superciliosus
1897 988 1905 1004 ,
1925 964 2150 1006 stultiloquus.

1520 1056 1533 1074 ί
1811 1057 1828 1075 ά
2101 1058 2119 1076 *

1288 1141 1359 1172 Non
1376 1147 1435 1179 ego
1454 1139 1573 1171 horum
1595 1141 1791 1180 nugatorum
1808 1149 1919 1172 curam
1945 1149 2042 1183 gero,
2060 1130 2122 1174 nec
2137 1140 2272 1172 alterius

1289 1197 1479 1240 cujusquam
1490 1218 1502 1236 ,
1519 1207 1584 1231 non
1601 1198 1771 1231 Phaedonis
1782 1223 1790 1239 ,
1805 1200 1954 1241 quisquis
1967 1199 2019 1238 ille
2036 1200 2090 1240 sit,
2111 1209 2171 1232 nec
2189 1200 2340 1237 rixatoris

1292 1257 1435 1290 Euclidis
1449 1281 1458 1297 ,
1477 1258 1533 1300 qui
1554 1258 1798 1299 Megarensibus
1813 1259 2033 1292 contentionis
2050 1259 2172 1292 rabiem
2193 1258 2334 1298 invexit,

1523 1353 1540 1371 ἡ
1814 1354 1831 1372 ³*
2107 1356 2124 1372 *h

1290 1440 1350 1464 nec
1366 1430 1632 1464 Academicorum
1651 1431 1855 1473 loquacitatis
1875 1432 2021 1464 insulsae.

1521 1527 1539 1544 ’β’
1814 1526 1832 1542 *
2107 1529 2123 1542 'n

1292 1610 1398 1643 neque
1416 1602 1597 1636 Aristotelis
1614 1604 1759 1637 molestae
1778 1603 1943 1637 vanitatis.

1523 1709 1538 1725 fi
1815 1710 1833 1728 <t
2110 1709 2127 1726 ’ἐ

1343 1843 1428 1883 Vss.
1441 1846 1561 1884 83-85
1581 1846 1658 1883 ἀλλ’
1677 1838 1715 1884 οὔ
1732 1845 2009 1897 μοι-ἐρισμοῦ]
2026 1845 2221 1895 Diogenes
2236 1845 2354 1884 Laer-

1291 1904 1369 1942 tius
1389 1903 1460 1943 lib.
1483 1904 1538 1953 11,
1566 1918 1635 1954 107
1661 1919 1668 1943 :
1691 1905 1760 1944 Διὰ
1776 1909 1888 1944 ταῦτα
1909 1904 1945 1943 δὲ
1966 1904 2027 1943 καὶ
2045 1904 2126 1958 περὶ
2148 1905 2255 1945 αὖτοῧ
2278 1905 2355 1957 [τοῦ

1294 1963 1503 2017 Εὐκλείδου]
1524 1964 1637 2003 ταῦτά
1659 1980 1746 2018 φησι
1769 1964 1908 2016 Τίμων,
1939 1963 2279 2017 προσπαρατρώγων
2297 1965 2357 2004 καὶ

1292 2023 1370 2069 τοὺς
1389 2023 1533 2070 λοιποὺς
1559 2024 1810 2078 Σωκρατικούς
1824 2039 1832 2047 ·
1870 2025 1948 2064 ἀλλ’
1977 2023 2016 2062 οὗ
2047 2039 2107 2075 μοι
2128 2024 2260 2063 τούτων
2279 2026 2357 2065 κτλ.

1293 2085 1471 2124 Fortasse
1504 2085 1751 2125 Antisthenis
1772 2085 1871 2124 facta
1900 2085 2100 2123 mentione
2120 2084 2265 2123 Timon
2284 2084 2358 2123 hos

1291 2159 1427 2185 omnes
1458 2145 1718 2199 philosophos
1748 2144 1919 2199 φλέδονας
1956 2144 2142 2197 appellat.
2175 2143 2264 2185 vid.
2309 2145 2357 2183 ad

1292 2218 1351 2245 vs.
1376 2211 1466 2250 140·
1493 2205 1605 2244 Haud
1622 2205 1705 2244 scio
1726 2218 1775 2243 an
1792 2205 1858 2244 hic
1885 2204 1996 2243 locus
2015 2216 2225 2255 expressus
2242 2203 2293 2243 sit
2309 2217 2358 2242 ex

1292 2264 1408 2305 Iliad.
1425 2265 1583 2314 V1‚450
1602 2279 1689 2316 sqq.
1716 2281 1726 2304 t

1347 2376 1442 2416 Ἀλλ’
1463 2375 1503 2415 οὔ
1527 2392 1586 2428 μοι
1611 2375 1745 2429 Τρώων
1765 2376 1891 2415 τόσσον
1914 2374 2012 2426 μέλει
2031 2374 2135 2427 ἄλγος
2148 2373 2300 2424 ὀπίσσω,

1347 2435 1419 2475 οὔτ’
1441 2437 1546 2483 αὐτῆς
1568 2434 1742 2484 Ἑκάὸης,
1757 2434 1836 2474 οὔτε
1859 2434 2041 2488 Πριάμοιο
2061 2434 2222 2483 ἄνακτος,

1347 2494 1426 2534 οὔτε
1449 2495 1690 2548 κασιγνήτων,
1711 2493 1747 2534 οἵ
1767 2510 1826 2533 κεν
1847 2494 1969 2538 πολέες
1988 2509 2025 2533 τε
2043 2494 2103 2534 καὶ
2126 2495 2240 2534 ἐσθλοὶ

1348 2557 1383 2594 ἐν
1404 2555 1540 2608 κονίῃσι
1560 2555 1699 2595 πέσοιεν
1718 2556 1778 2593 ὕπ’
1801 2554 1948 2609 ἀνδράσι
1965 2554 2225 2606 δυσμενέεσσιν,

1348 2619 1452 2655 ὅσσον
1471 2619 1532 2655 σεῦ
1549 2617 1630 2658 κτλ.

1293 2729 1377 2775 Qua
1410 2729 1458 2767 de
1478 2741 1520 2767 re
1550 2727 1819 2779 incorruptius
1845 2726 1963 2765 nobis
1990 2723 2171 2775 judicare
2202 2726 2355 2776 liceret,

1294 2789 1327 2827 si
1347 2788 1530 2840 apodosis
1547 2787 1748 2826 sententiae
1768 2786 1955 2825 adversus
1970 2785 2189 2824 Socraticos
2204 2788 2358 2838 scriptae

1294 2856 1447 2887 servata
1467 2856 1578 2887 esset.

1348 2908 1413 2948 Vs.
1436 2909 1502 2948 86.
1517 2908 1590 2947 οὔδ’
1608 2906 1881 2958 Ἀκαδημαϊκῶν
1900 2906 1997 2958 κτλ.]
2022 2906 2217 2956 Diogenes
2237 2905 2358 2944 Laer-

1295 2969 1372 3010 tius
1393 2967 1458 3018 ΠΤ,
1477 2970 1526 3017 67
1544 2981 1553 3008 :
1571 2967 1735 3008 Καθόλου
1751 2966 1787 3005 δὲ
1804 2966 1882 3010 τοὺς
1900 2964 2181 3016 Ἀκαδημαϊκοὺς
2200 2968 2218 3004 ὃ
2230 2964 2357 3017 Τίμων

1295 3027 1386 3067 οὕτω
1407 3027 1582 3080 διασύρει·
1602 3027 1674 3066 οὐδ’
1693 3027 1967 3078 Ἀκαδημαϊκῶν
1977 3026 2058 3065 κτλ.
2076 3025 2156 3064 Pro
2171 3024 2359 3064 ἀναλίστου

1294 3088 1417 3127 editio
1435 3088 1668 3128 Basileensis
1692 3097 1731 3128 et
1759 3087 1913 3126 codices
1936 3085 2096 3138 quidam
2118 3086 2253 3138 inepte
2273 3086 2356 3123 ἀνα-

1294 3149 1438 3188 λύστου.

1347 3208 1413 3249 Vs.
1448 3210 1513 3258 87.
1548 3207 1621 3248 οὔδ’
1652 3207 1708 3262 ἄρ’
1741 3205 2002 3260 Ἀριστοτέλους
2033 3205 2128 3258 κτλ.]
2161 3205 2358 3256 Diogenes

1296 3266 1869 3318 1361ῑ1υ51ἰ1).Ὑ,ΙΙ;Ἀλλὰ
1889 3266 1950 3307 και
1976 3265 2102 3317 Τίμων
2126 3266 2232 3303 αὐτου
2249 3264 2359 3312 καθή-

1295 3329 1407 3380 ψατο,
1427 3327 1554 3367 ειπών·
1575 3329 1647 3367 οὐδ
1669 3326 1724 3382 ἄρ’
1742 3325 2002 3380 Ἀριστοτέλους
2017 3326 2093 3364 κτλ.
2115 3325 2214 3362 Dan.
2238 3323 2357 3361 Hein-

1296 3386 1473 3425 siuscum
1483 3387 1558 3426 hoc
1577 3384 1954 3437 veisucomparabat
1971 3380 2354 3428 Home1.1liad.XV,

1300 3445 1376 3483 16·
1398 3446 1437 3484 οὐ
1464 3445 1534 3497 μὰν
1555 3438 1636 3493 οἷδ’,
1658 3446 1689 3484 εἷ
1709 3439 1792 3484 αῧτε
1814 3442 2057 3497 κακορραφίης
2079 3442 2271 3491 ἀλεγεινῆς
2288 3440 2355 3478 sed

1296 3505 1413 3544 unius
1430 3506 1541 3544 vocis
1559 3505 1777 3544 similitudo
1791 3505 1976 3543 incertam
1993 3501 2120 3540 reddit
2138 3498 2354 3551 parodiam.
