2612 3814
926 282 1210 323 CARMINUM
1239 281 1516 329 RELIQUIAE.
2217 285 2290 319 117

210 367 299 419 ἠμὲν
318 367 480 416 ἀληθείης
496 366 669 411 εὐπειθέος
684 365 827 419 ἀτρεκὲς
845 359 929 419 ἦτορ
941 396 950 414 ,

151 442 187 468 30
205 427 267 476 ἠδὲ
291 429 423 481 βροτῶν
440 426 537 472 δόξας
549 457 561 478 ,
578 428 656 470 ταῖς
671 427 733 464 οὔκ
753 425 803 463 ἔνι
822 427 936 469 πίστις
956 423 1100 472 ἀληθής.

210 486 303 527 Ἀλλ’
322 485 436 537 ἔμπης
456 485 516 524 καὶ
535 488 645 524 ταῦτα
668 483 843 536 μαθήσεαι
862 486 908 529 ὡς
926 484 969 523 τὰ
986 485 1154 523 δοκοῦντα

208 545 279 599 χρὴ
301 544 452 596 δοκίμως
471 545 598 597 γνῶναι
616 542 672 582 διὰ
690 542 819 588 παντὸς
834 543 951 581 πάντα
967 543 1141 595 περῶντα.

494 636 543 669 Τὰ
565 636 638 678 πρὸς
655 635 812 675 ἀλήθειαν.

209 717 254 756 Εἰ
271 717 302 755 δ’
322 716 391 768 ἄγ’,
412 715 500 768 ἐγὼν
517 716 615 770 ε’ρέω,
629 717 776 768 κόμισαι
791 715 827 755 δὲ
842 714 884 755 σὺ
902 718 1010 765 μῦθον
1033 714 1181 760 ἀκούσας

211 775 315 830 αἵπερ
333 776 403 814 ὁδοὶ
426 780 551 827 μοῦναι
569 776 719 823 διζήσιός
740 778 806 814 εἶσι
823 779 964 823 νοῆσαι·

149 848 184 875 35
205 837 228 883 ἡ
247 835 323 888 μέν,
345 835 438 880 ὅπως
457 835 549 874 ἔστιν
568 852 604 874 τε
626 835 684 874 καὶ
703 838 749 880 ὡς
770 836 833 874 οὐκ
854 834 928 873 ἔστι
948 833 998 884 μὴ
1019 826 1106 872 εἶναι
1118 863 1129 882 ,

130 988 237 1034 Ald.‚
272 1001 355 1036 quae
375 988 567 1037 praecipua
597 987 668 1023 fuit
697 987 818 1035 ratio,
851 997 920 1021 cur
949 984 1183 1033 transpositis

130 1048 301 1085 versibus
320 1046 443 1084 53-58
477 1045 570 1084 ἀλλὰ
599 1044 641 1083 σὺ
675 1042 774 1091 τῆσδ’
792 1042 848 1096 ἀφ’
875 1042 1182 1092 ὀδοῦ-λείπεται,

132 1118 229 1156 quos
259 1106 392 1142 Sextus
423 1106 637 1154 Empiricus
667 1104 800 1155 primis
831 1103 984 1152 triginta
1013 1102 1184 1137 versibus

129 1177 266 1214 parum
284 1171 372 1212 apte
386 1163 582 1213 subjungit
595 1164 680 1199 illos
695 1162 868 1198 hocloco
883 1159 1184 1210 interponendos

132 1237 217 1262 cum
227 1223 428 1260 Karstenio
435 1223 710 1272 putaverimus,
725 1221 910 1259 Praeterea
920 1232 1051 1256 versus
1060 1218 1154 1255 28-3
1161 1231 1184 1254 o

133 1280 242 1334 (χρεὼ
275 1280 312 1318 δέ
335 1279 576 1333 σε-ἀληθής)
607 1282 773 1318 citantur
794 1292 816 1316 a
841 1273 1012 1328 Diogene
1031 1279 1183 1315 Laertio

132 1343 200 1380 lib.
233 1342 308 1387 IX,
331 1353 397 1387 22,
430 1341 597 1389 denique
617 1353 747 1377 versus
768 1352 818 1388 29
845 1346 882 1375 et
904 1339 952 1376 30
974 1338 1186 1375 afferuntur

131 1412 154 1436 a
172 1399 377 1437 Plutarcho
398 1399 489 1436 adv.
509 1399 633 1436 Colot.
651 1411 740 1448 pag.
763 1411 777 1434 1
792 1401 881 1443 114,
896 1399 974 1436 vol.
990 1398 1030 1434 X
1049 1410 1086 1446 p.
1106 1395 1182 1433 585

128 1456 194 1500 ed.
209 1459 358 1504 Reisk.;
371 1459 561 1495 Clemente
575 1458 833 1510 Alexandrino
848 1458 986 1494 Strom.
1000 1458 1029 1490 V
1047 1469 1086 1505 p.
1108 1454 1184 1502 576

131 1525 169 1555 et
186 1518 324 1555 Proclo
343 1517 492 1556 Comm.
516 1518 557 1553 in
576 1515 748 1554 Platonis
776 1517 961 1554 Timaeum
985 1516 1022 1552 Π
1041 1528 1083 1564 p.
1112 1513 1184 1551 105

131 1577 194 1615 ed.
214 1577 325 1615 Cous.

183 1638 228 1675 V.
248 1649 313 1685 29.
334 1637 409 1673 Pro
423 1632 630 1684 ἠμὲν-ἠδὲ
652 1635 808 1690 Proclus
825 1632 863 1671 τὸ
883 1631 1077 1686 μὲν-ἠδὲ,
1093 1633 1186 1669 Cle-

132 1708 238 1733 mens
257 1697 280 1742 ἡ
311 1693 453 1746 μὲν-ἡ
470 1694 521 1733 δὲ.
543 1696 588 1730 In
609 1694 737 1731 medio
754 1706 867 1730 versu
886 1691 1060 1735 εὐπειθέος
1074 1693 1188 1732 unice

131 1755 376 1805 probandum
405 1755 512 1803 cujus
537 1755 625 1790 loco
653 1754 810 1790 Proclus
836 1751 1020 1805 εὐφεγγέος
1047 1752 1184 1798 habet,

133 1815 351 1864 Simplicius
384 1821 513 1851 'autem
545 1814 585 1848 in
613 1811 757 1849 Scholl.
795 1813 907 1851 Arist.
934 1825 976 1861 p.
1011 1809 1089 1860 509
1123 1810 1185 1848 ed.

139 1872 282 1911 Brand.
302 1869 483 1914 εὖκύκλεος
499 1872 659 1921 praebet,
678 1871 783 1920 quod
797 1884 845 1908 ne
859 1883 1022 1920 graecum
1033 1868 1187 1919 quidem

135 1938 204 1970 est.
221 1932 343 1969 Graeci
357 1932 458 1968 enim
478 1943 556 1966 non
575 1929 758 1977 εὖκύκλης,
777 1930 843 1967 sed
857 1927 1022 1972 εὔκυκλος
1041 1929 1186 1968 dicunt.

134 1990 235 2027 Male
250 1991 364 2027 etiam
380 1989 485 2039 apud
505 1989 645 2026 Aldum
663 1990 764 2026 idem
780 1990 997 2038 Simplicius
1019 1988 1188 2033 κυκλικῆς

134 2049 303 2086 exhibet.
325 2047 497 2098 Sequens
512 2049 744 2084 vocabulum
764 2049 865 2097 apud
884 2048 1129 2084 Plutarchum
1151 2055 1189 2084 et

131 2109 345 2158 Diogenem
365 2115 420 2145 est
437 2105 592 2158 ἀτρεκές,
614 2107 680 2143 sed
702 2107 806 2156 apud
829 2108 1076 2153 Clementem,
1093 2107 1188 2142 Pro-

134 2168 237 2205 clum
253 2175 291 2204 et
309 2167 546 2216 Simplicium
568 2163 732 2216 ἀτρεμές,
748 2167 809 2202 cui
826 2166 1033 2215 respondet
1049 2165 1186 2202 Aldina

134 2226 248 2263 lectio
283 2223 425 2277 ἄφοδον.
454 2226 637 2274 Diogenis
670 2233 708 2261 et
739 2226 932 2262 Plutarchi
960 2226 1187 2274 scripturam

135 2299 219 2336 quae
236 2285 432 2334 antiquior
451 2284 607 2322 videtur
626 2285 734 2321 alteri
754 2286 1004 2334 praetulimus,

188 2347 232 2385 V.
250 2345 314 2382 30.
340 2345 471 2396 βροτῶν
492 2341 591 2388 δόξας
610 2343 686 2387 ταῖς
706 2344 769 2382 οὐκ
787 2342 850 2396 ἔνι)
882 2346 959 2382 Alii
987 2342 1100 2388 δόξαις
1129 2344 1190 2380 vel

136 2402 245 2450 δόξαι,
267 2404 443 2441 nonnulli
469 2404 552 2453 τῇς,
573 2403 761 2452 Diogenes
777 2404 847 2441 τῶν
867 2403 931 2441 οὐκ
950 2401 1012 2449 ἔτι,
1030 2404 1190 2439 Proclus

135 2463 213 2505 ταῖς
226 2464 288 2500 οὐκ
308 2460 372 2500 ἔτι.
405 2464 516 2498 Hunc
539 2462 601 2498 vel
621 2463 739 2498 alium
769 2462 1003 2499 Parmenidis
1020 2474 1187 2507 versum,

138 2534 216 2571 qno
232 2522 454 2558 mortalium
470 2521 670 2570 opiniones
685 2522 1008 2570 perstringuntur,
1021 2521 1188 2570 respexit

137 2582 276 2619 Timon
301 2580 486 2617 Phliasius
511 2579 617 2629 apud
643 2580 854 2629 Diogenem
877 2579 945 2616 lib.
968 2579 1042 2625 IX,
1065 2579 1114 2616 23
1136 2580 1191 2615 ita

138 2651 274 2678 canens
296 2651 305 2675 ι

222 2717 446 2771 Παρμενίδου
467 2734 506 2758 τε
531 2718 611 2770 βίην
636 2717 880 2772 μεγαλόφρονα
898 2717 962 2766 τὴν
988 2717 1192 2768 πολύδοξον,

220 2779 254 2824 ὅς
275 2779 307 2832 ῥ’
326 2779 383 2818 ἐπὶ
399 2778 592 2833 φαντασίας
611 2778 750 2826 ἀπάτης
770 2778 972 2817 ἀνενείκατο
987 2778 1110 2822 νώσεις

139 2863 163 2901 i.
180 2874 215 2901 e.
233 2859 270 2905 ὃς
288 2859 350 2904 τὰς
368 2859 503 2907 νοήσεις
522 2861 570 2904 εἷς
590 2859 775 2907 ἀπατηλὰς
789 2859 982 2915 φαντασίας
1003 2859 1190 2912 ἀνήνεγκε,

141 2922 207 2971 qui
227 2922 344 2958 animi
369 2932 622 2971 sensuumque
642 2922 818 2959 notiones
845 2921 895 2958 ad
914 2933 1028 2958 vanas
1049 2922 1194 2971 specics

139 2981 346 3019 revocavit.
411 3027 415 3031 ι
438 3026 453 3033 μ
467 3020 492 3027 Α,

193 3041 239 3079 V.
265 3038 329 3078 31.
359 3039 440 3077 ἄλλ’
470 3038 584 3088 ἔμπης
613 3054 647 3077 κ.
680 3053 714 3078 τ.
744 3037 798 3090 λ.)
828 3042 964 3077 Versus
984 3040 1195 3088 trigesimus

141 3099 288 3148 primus
302 3106 339 3135 et
355 3099 544 3136 secundus
563 3100 603 3135 in
622 3091 810 3149 Simplicii
825 3099 959 3135 codice
973 3099 1194 3148 Taurinensi

141 3157 194 3194 sic
214 3164 418 3194 exarantur
434 3170 443 3194 ε

227 3237 306 3277 ἀλλ’
325 3237 432 3290 ἔμπις
446 3238 507 3278 καὶ
527 3241 638 3277 ταῦτα
661 3237 923 3288 μαθήσεταιῶς
943 3237 987 3276 τὰ
1000 3238 1167 3276 δοκοῦντα

223 3297 313 3350 χρὴν
335 3296 488 3349 δοκίμως
504 3291 594 3337 εἶναι
617 3296 675 3337 διὰ
693 3297 825 3342 παντὸς
845 3296 963 3335 πάντα
983 3297 1161 3348 περῶντα.

145 3383 194 3424 In
213 3384 302 3425 cod.
337 3386 543 3423 oxoniensi
563 3387 658 3424 alter
685 3399 814 3424 versus
845 3387 884 3422 in
907 3386 1010 3421 hunc
1036 3384 1196 3421 modum

149 3443 375 3493 depravatus
391 3452 470 3481 est:
492 3443 825 3494 δοκίμους--πάντα
847 3458 913 3495 περ
933 3441 1029 3481 ὄντα.
1052 3444 1196 3491 Peyro-

148 3512 219 3540 nus
235 3503 466 3540 membranae
475 3505 715 3542 Taurinensis
727 3505 930 3541 lectionem
943 3503 994 3539 sie
1010 3503 1168 3553 corrigit
1187 3516 1194 3539 :

1244 370 1274 401 et
1294 368 1436 400 veritatis
1457 367 1548 400 facile
1566 366 1785 409 persuadentis
1801 369 1942 400 mentem
1961 368 2138 407 sinceram,

1242 432 1273 460 et
1290 427 1472 460 mortalium
1491 427 1671 467 opiniones,
1690 426 1721 458 in
1738 427 1857 468 quibus
1876 436 1938 458 non
1954 429 2001 459 est
2016 436 2091 459 vera
2109 427 2197 460 fides.

1200 479 1202 481 ’
1243 487 1475 519 Verumtamen
1492 488 1523 518 et
1537 485 1598 517 hoc
1614 485 1717 517 disces
1729 508 1739 525 ,
1756 483 1919 525 quomodo
1934 484 1965 516 in
1982 484 2129 525 opinione
2151 485 2214 516 sita

1244 545 1342 587 probe
1361 548 1391 578 te
1407 553 1592 586 pernoscere
1601 545 1746 586 oporteat
1757 543 1864 575 omnia
1876 543 2000 584 penitus
2015 543 2295 584 pervestigantem.

1670 647 1715 675 De
1729 645 1868 674 veritate.

1243 729 1308 767 Age
1322 735 1398 759 vero
1409 751 1417 766 ‚
1433 735 1491 767 ego
1507 726 1610 759 dicam
1621 751 1629 766 ,
1655 729 1689 758 tu
1708 726 1793 759 dicta
1809 726 1945 767 accipito
1961 726 2096 758 audiens
2107 751 2115 764 ,
2131 714 2134 717 “

1243 795 1316 828 quae
1331 787 1409 819 solae
1426 786 1490 818 sint
1506 786 1671 827 quaerendi
1691 786 1751 818 viae
1767 786 1806 817 ad
1821 786 2076 827 cognoscendum
2092 787 2264 827 propositae
2288 799 2296 818 ι

1243 845 1360 886 altera,
1374 854 1442 878 esse
1456 854 1530 885 ens,
1551 854 1614 877 non
1631 854 1697 877 esse
1713 854 1775 877 non
1795 854 1862 885 enS,

1215 989 1224 1060 Ι
1325 981 1402 1020 ἀλλ’
1423 981 1538 1033 ἔμπης
1556 982 1616 1020 καὶ
1635 987 1748 1021 ταῦτα
1768 983 1944 1033 μαθήσεαι
1959 986 2004 1028 ὡς
2018 983 2061 1022 τὰ
2079 986 2246 1024 δοκοῦντα

1325 1039 1395 1093 χρὴ
1414 1039 1565 1092 δοκίμως
1582 1040 1671 1080 ἰέναι
1693 1041 1749 1080 διὰ
1768 1042 1896 1086 παντὸς
1917 1040 2034 1082 πάντα
2054 1046 2218 1096 περῶντα

1244 1132 1319 1167 hoc
1340 1144 1451 1168 sensu
1472 1144 1482 1169 t
1505 1140 1671 1168 attamen
1685 1132 1771 1167 hoec
1786 1133 1919 1178 disces,
1937 1145 2012 1181 qua
2032 1136 2176 1169 ratione
2190 1147 2299 1183 opor-

1246 1199 1299 1227 tet
1316 1200 1350 1227 te
1361 1205 1509 1240 semper
1528 1193 1686 1241 probate
1711 1195 1764 1227 ire
1782 1193 1976 1227 sensibilia
1995 1206 2151 1241 quaeque
2167 1191 2224 1244 (τὰ
2245 1194 2301 1232 δο-

1246 1253 1374 1287 κοῦντα
1412 1249 1542 1300 πάντα)
1571 1259 1910 1300 pertranseuntem.
1945 1252 2186 1289 Servavimus
2222 1255 2301 1303 ipsa

1246 1309 1416 1359 Peyroni
1431 1311 1550 1347 verba
1571 1324 1653 1360 quae
1668 1324 1754 1348 cum
1773 1311 1852 1358 ejus
1875 1311 2141 1348 emendatione
2162 1314 2303 1349 verbo-

1246 1383 1329 1406 rum
1350 1360 1561 1420 graecorum
1582 1371 1799 1420 probantur
1816 1371 2038 1419 Brandisio‚
2061 1373 2156 1407 mihi
2176 1374 2302 1409 neuti-

1248 1442 1362 1478 quam
1383 1430 1567 1468 arrident.
1592 1431 1815 1466 Karstenius
1842 1430 2042 1467 Moerbecae
2070 1431 2304 1480 interpreta-

1249 1493 1389 1528 tionem
1404 1499 1566 1537 secutus‚
1580 1492 1624 1527 in'
1638 1503 1714 1540 qua
1731 1492 1869 1540 legitur
1885 1505 1891 1527 :
1912 1492 2041 1540 quibus
2053 1504 2127 1528 non
2139 1500 2195 1528 est
2210 1506 2303 1529 vera

1236 1551 1350 1599 fides,
1376 1552 1445 1587 sed
1461 1552 1628 1600 deceptio
1635 1564 1650 1595 ,·
1685 1558 1721 1588 et
1737 1550 1822 1586 lzaec
1849 1551 1982 1586 discite
2010 1552 2193 1599 quomodo
2218 1565 2304 1601 quoe

1252 1611 1426 1647 videntur
1452 1608 1633 1659 oportebit
1649 1610 1815 1659 probata
1839 1622 1919 1645 esse
1933 1622 2011 1658 per
2035 1623 2145 1646 omne
2172 1615 2302 1647 omnia

1248 1672 1506 1713 terminantia,
1539 1676 1578 1706 et
1609 1668 1786 1705 Aldinam
1806 1667 1993 1717 Simplicii
2018 1668 2240 1715 editionem,
2264 1671 2304 1707 in

1250 1741 1324 1777 qua
1342 1729 1538 1777 reperitur
1558 1739 1567 1765 :
1590 1727 1653 1765 οὔκ
1667 1725 1742 1764 ἔστι
1761 1724 1878 1770 πίστις
1895 1726 2051 1774 ἀληθής,
2068 1727 2145 1770 ἀλλ’
2164 1726 2298 1772 ἀπάθη.

1251 1785 1322 1825 Καὶ
1346 1789 1459 1824 ταῦτα
1480 1785 1609 1837 μάθετε
1629 1787 1704 1830 πῶς
1720 1784 1763 1822 τὰ
1784 1785 1951 1823 δοκοῦντα
1969 1785 2020 1823 δεῖ
2042 1784 2238 1836 δοκιμάζειν
2255 1779 2304 1824 εἷ·

1248 1859 1320 1893 ναι,
1346 1843 1405 1883 διὰ
1418 1844 1546 1888 παντὸς
1563 1843 1678 1883 πάντα
1694 1844 1863 1897 ὁρίζοντα,
1884 1845 2122 1881 Parmenidis
2146 1858 2302 1882 manum

1249 1905 1302 1941 sic
1334 1904 1483 1941 restitui
1503 1904 1640 1949 voluit,
1674 1910 1718 1939 ut
1745 1910 1910 1952 poneret
1932 1916 1941 1939 :
1976 1902 2054 1939 ἀλλ’
2077 1902 2197 1948 ἀπατή
2212 1918 2220 1926 ·
2242 1903 2302 1941 καὶ

1248 1967 1358 2001 ταῦτα
1376 1961 1553 2013 μαθήσεαι
1570 1960 1616 2004 ὥς
1631 1976 1668 1998 τε
1688 1961 1856 1999 δοκοῦντα
1873 1960 1952 2013 Χρὴ
1971 1959 2121 2011 δοκίμως
2141 1959 2229 1999 ἰέναι
2248 1963 2304 2001 διὰ

1249 2019 1377 2063 παντὸς
1407 2019 1525 2058 πάντα
1554 2021 1716 2072 περῶντα
1730 2048 1742 2069 ,
1776 2021 1882 2068 quod
1914 2021 1965 2056 ita
1996 2022 2186 2058 convertit
2209 2035 2216 2058 ε
2254 2025 2304 2059 In

1249 2081 1381 2129 quibus
1389 2094 1463 2117 non
1470 2088 1527 2116 est
1537 2092 1631 2116 vera
1642 2080 1742 2128 fides
1753 2081 1823 2115 sed
1825 2078 2002 2126 fallacia
2010 2094 2024 2125 ‚·
2037 2089 2076 2117 et
2083 2081 2168 2117 hoec
2174 2094 2304 2118 nosces

1248 2141 1432 2189 quomodo
1447 2143 1725 2176 existimantem
1738 2148 1773 2176 te
1791 2148 1960 2188 oporteat
1976 2141 2079 2177 clare
2091 2142 2306 2190 perdiscere

1248 2202 1378 2235 omnia
1407 2202 1737 2248 pet-vestigantem.
1771 2199 1899 2246 Quum
1932 2200 2132 2237 Moerbecae
2168 2203 2306 2251 exigua

1249 2259 1296 2295 sit
1316 2259 1537 2304 auctoritas,
1566 2271 1647 2294 non
1679 2258 1853 2294 dubitavi
1882 2259 1922 2294 in
1945 2260 2135 2309 scriptura
2158 2262 2304 2299 codicis

1249 2318 1487 2355 Taurinensis
1504 2330 1526 2354 a
1545 2319 1721 2366 Peyrono
1744 2317 1945 2355 emendata
1970 2320 2226 2368 acquiescere,
2253 2322 2305 2357 ita

1252 2385 1389 2424 tamen,
1416 2378 1521 2413 utin
1542 2377 1663 2413 altero
1691 2389 1807 2412 versu
1834 2390 1908 2426 pro
1944 2375 2033 2414 ἰέναι
2053 2379 2306 2416 rescriberem

1250 2438 1395 2488 γνῶναι,
1418 2450 1496 2486 quo
1512 2437 1634 2473 omnis
1656 2434 1859 2472 difficultas
1879 2437 2037 2475 tollitur.

1304 2499 1349 2534 V.
1371 2497 1434 2533 33.
1452 2496 1526 2546 Qui
1540 2501 1753 2544 sequuntur
1773 2502 1862 2532 octo
1877 2509 2011 2534 versus
2030 2497 2119 2534 inde
2142 2511 2160 2533 a
2181 2499 2308 2535 verbis

1252 2556 1281 2593 εἷ
1298 2555 1327 2593 δ’
1349 2554 1404 2605 ἄγ’
1423 2568 1545 2604 usque
1567 2555 1615 2591 ad
1634 2551 1713 2591 οὔτε
1739 2553 1889 2606 φράσαις
1907 2556 2111 2593 laudantur
2127 2570 2148 2594 a
2167 2559 2306 2594 Proclo

1252 2615 1299 2652 ad
1318 2615 1485 2651 Platonis
1495 2615 1678 2651 Timaeum
1693 2614 1718 2652 1.
1734 2615 1761 2651 l.
1785 2615 1850 2663 qui
1863 2623 1953 2664 post
1972 2628 2100 2652 versus
2121 2629 2171 2665 29
2186 2624 2223 2653 et
2244 2617 2307 2661 30,

1253 2674 1480 2723 interposito
1511 2670 1573 2710 καὶ
1594 2671 1716 2721 πάλιν,
1738 2685 1803 2709 eos
1823 2673 1993 2720 subjicit.
2018 2676 2072 2711 Ex
2097 2675 2155 2710 his
2182 2675 2308 2710 ultimi

1252 2745 1315 2769 sex
1338 2732 1378 2782 (ἡ
1400 2730 1463 2778 μὲν
1479 2729 1790 2784 ὅπως-φράσαις)
1807 2732 2018 2782 allegantur
2037 2735 2151 2771 etiam
2168 2747 2188 2770 a
2210 2735 2307 2771 Sim·

1253 2792 1369 2840 plicio
1387 2790 1437 2827 ad
1456 2790 1570 2839 Phys.
1594 2788 1611 2826 l
1630 2790 1657 2829 f.
1679 2788 1742 2837 25,
1763 2803 1799 2828 a.
1819 2791 2002 2828 Caeterum
2026 2792 2055 2829 εἷ
2080 2792 2110 2829 δ’
2127 2790 2198 2843 ἄγ’,
2220 2790 2306 2843 ἐγών

1254 2862 1274 2886 e
1296 2849 1489 2885 Karstenii
1509 2847 1733 2896 conjectura
1752 2856 1809 2886 est
1834 2862 1907 2898 pro
1923 2851 2080 2900 vulgato
2098 2848 2162 2900 ἄγε
2181 2851 2267 2889 τῶν.

1307 2907 1358 2946 V.
1387 2907 1451 2951 34.
1471 2902 1575 2958 αἵπερ
1589 2904 1662 2944 ὁδοὶ
1682 2908 1809 2956 μοῦναι
1823 2905 1989 2952 διζήσιος.
2006 2909 2150 2958 Recepi
2168 2916 2308 2945 certam

1254 2966 1438 3003 Brandisii
1450 2966 1752 3003 emendationem
1770 2968 1896 3016 μοῦναι
1910 2980 1984 3016 pro
2010 2980 2056 3004 eo
2079 2968 2185 3016 quod
2204 2968 2310 3017 apud

1257 3025 1440 3063 Proclum
1472 3026 1666 3062 invenitur
1698 3026 1841 3074 μοῦσαι.
1862 3046 1918 3054 -—
1942 3027 1997 3062 De
2023 3033 2212 3062 structura
2238 3023 2311 3063 ὁδοί

1258 3086 1378 3123 -εἷσι
1396 3086 1522 3131 νοῆσαι
1543 3085 1646 3124 conf.
1664 3084 1888 3134 Bernhardy
1907 3083 2064 3134 Syntax.
2086 3070 2182 3134 ling?
2192 3098 2307 3135 graec-

1255 3158 1342 3195 pag.
1361 3145 1452 3184 361.

1310 3207 1352 3242 V.
1368 3203 1432 3242 35.
1449 3201 1542 3247 ὅπως
1551 3204 1725 3240 hocloco
1741 3204 1981 3241 reddendum
1992 3203 2208 3240 accusativo
2224 3216 2309 3239 cum

1257 3263 1446 3301 infinitivo
1476 3271 1521 3301 ut
1542 3263 1645 3313 apud
1679 3264 1912 3313 Sophoclem
1940 3263 2039 3301 OEd.
2060 3265 2109 3301 R.
2129 3275 2168 3300 v,
2193 3262 2269 3306 548
2298 3275 2307 3298 :

1259 3322 1352 3361 τοῦτ’
1367 3321 1452 3360 αὐτὸ
1464 3321 1513 3372 μή
1536 3336 1594 3372 μοι
1606 3320 1722 3375 φράζ’,
1739 3321 1833 3365 ὅπως
1847 3323 1910 3359 οὔκ
1924 3315 1956 3359 εἶ
1970 3320 2090 3364 κακός.
2113 3321 2169 3358 Cf.
2190 3321 2310 3356 Hein-

1260 3385 1362 3421 dorf.
1385 3384 1435 3421 ad
1467 3385 1563 3425 Plat.
1593 3384 1756 3432 Euthyd.
1782 3383 1874 3432 296,
1898 3385 1939 3420 E.
1957 3382 2164 3431 Sequentia
2194 3381 2307 3430 paulo

1260 3444 1412 3480 brevius
1432 3444 1678 3480 enuntiantur
1694 3455 1716 3479 a
1734 3443 1980 3492 philosopho,
1998 3441 2064 3478 sed
2082 3441 2132 3476 ad
2150 3440 2309 3487 integri-

1262 3510 1375 3540 tatem
1396 3504 1588 3539 sententiae
1613 3502 1709 3538 nihil
1733 3501 1972 3538 desideratur
1991 3507 2129 3549 praeter
2150 3495 2190 3535 τὸ
2221 3490 2309 3534 εἶναι
