2612 3814
291 1032 295 1036 -
343 1015 384 1041 1⁹·

309 296 311 301 .
340 271 409 306 104

346 367 388 393 17.
423 352 502 405 [lap
522 367 604 405 πυρι
623 350 695 404 χρὴ
711 354 831 391 τοιαῦτ
836 366 857 389 α
878 350 991 404 λέγειν
1007 352 1179 403 χειμῶνος
1200 349 1234 388 ἰν
1250 346 1326 401 ὥρῃ

410 414 444 451 ἐν
465 410 564 464 κλίνῃ
586 413 732 461 μαλακῆ
753 409 1028 462 κατακείμενον,
1049 407 1202 461 ἔμπλεον
1217 407 1300 447 ὄντα
1314 438 1327 457 ,

410 471 554 510 πίνοντα
569 470 699 522 γλυκυν
718 463 808 510 οἶνον
824 467 1086 522 ,ὑποτρώγοντ’
1105 467 1316 521 ἐρεὸίνθους·

409 530 472 574 Ιίς
493 530 596 568 πόθεν
617 523 663 574 εἷς
684 530 837 580 ἀνδρῶν;
852 528 945 567 πόσα
961 544 1013 568 τοι
1028 527 1090 576 ἔτη
1111 527 1206 575 ἐστί,
1225 526 1383 580 φέριστε;

409 588 556 636 πηλίκος
576 583 653 636 ησθ’
667 588 717 627 ὅθ’
736 591 754 627 ὁ
775 589 898 636 Μῆδος
913 587 1077 640 ἀφίκετο;
1097 610 1149 616 -—

345 663 386 687 is.
417 651 490 689 Νῦν
509 642 584 687 αὖτ’
611 649 716 687 ἄλλον
737 646 860 698 ἔπειμι
876 647 977 700 λόγον
993 677 1004 696 ,
1030 645 1129 691 δείξω
1151 644 1186 684 δὲ
1203 645 1379 685 κέλευθον.

409 733 1244 748 ....................

410 769 484 808 Καί
504 766 587 806 ποτέ
605 782 663 817 μιν
685 764 978 817 στυφελιζομένου
994 764 1163 808 σκύλακος
1183 763 1355 817 παριόντα

461 825 566 879 φασὶν
588 825 801 876 ἐποικτεῖραι
821 823 882 862 καὶ
902 822 981 862 τόδε
1002 822 1131 876 φάσθαι
1151 822 1252 865 ἔπος·

411 886 572 930 Παῦσαι,
591 883 679 933 μηδὲ
701 881 828 936 ῥάπιζ’,
845 882 943 928 ἐπειὴ
962 880 1063 935 φίλου
1082 880 1201 933 ἀνέρος
1226 879 1301 918 ἐστὶ

459 943 574 995 ψυχή,
596 941 659 990 τὴν
681 940 787 994 ἔγνων
812 939 1047 993 φθεγξαμένης
1065 938 1166 980 ἀΐων.

417 1001 509 1040 Ἀλλ’
528 1004 557 1039 εἶ
574 999 637 1053 μὲν
658 1003 830 1052 ταχυτῆτι
850 1000 966 1039 ποδῶν
988 998 1087 1047 νίκην
1107 1014 1158 1043 τις
1178 998 1297 1051 ἄροιτο

458 1059 480 1107 ἢ
501 1059 741 1099 πενταθλεύων
752 1087 763 1106 ,
778 1057 859 1098 ἔνθα
880 1058 962 1102 Διὸς
975 1057 1117 1108 τέμενος

403 1119 475 1174 πὰρ
498 1118 614 1159 Πίσαο
633 1121 713 1172 ῥοῆς
730 1119 765 1157 ἐν
786 1116 968 1171 Ὀλυμπίῃ
981 1149 992 1165 ,
1015 1117 1083 1156 εἴτε
1102 1116 1265 1157 παλαίων

455 1178 478 1226 ἢ
496 1177 556 1217 καὶ
577 1178 800 1225 πυκτοσύνην
824 1177 1054 1230 ἀλγινόεσσαν
1076 1176 1170 1230 ἔχων
1183 1207 1193 1224 ,

403 1237 471 1277 εἴτε
490 1238 528 1277 τὸ
548 1236 657 1276 δεινὸν
673 1237 794 1276 ἄεθλον
815 1235 833 1276 ὃ
851 1236 1068 1290 παγκράτιον
1086 1235 1269 1276 καλέουσιν
1282 1265 1293 1284 ,

457 1298 521 1335 ἀστ
525 1296 614 1335 οἷσίν
634 1299 667 1335 κ’
689 1295 742 1344 εἴη
764 1295 970 1349 κυδρότερος
989 1302 1186 1349 προσορᾶν,

403 1356 463 1395 καί
484 1372 521 1394 κε
545 1355 730 1410 προεδρίην
754 1355 938 1409 φανερὴνε
923 1357 956 1394 ἐν
980 1357 1111 1407 ἀγῶσιν
1134 1354 1275 1409 ἄροιτο,

455 1416 516 1454 καί
537 1431 574 1454 κε
578 1431 594 1453 ν
612 1414 678 1455 σῖτ’
693 1414 747 1463 εἴη
765 1414 942 1464 δημοσίων
963 1414 1120 1453 κτεάνων

401 1477 449 1517 ἐκ
462 1475 580 1519 πόλιος
595 1474 655 1513 καὶ
675 1475 784 1528 δῶρον
805 1473 825 1512 δ’
839 1475 870 1513 οἱ
890 1473 1073 1525 κειμήλιον
1089 1473 1167 1524 εἴη·
1256 1516 1258 1518 ,

454 1534 522 1573 εἴτε
543 1534 602 1579 καὶ
622 1532 799 1582 ἵπποισιν,
823 1533 934 1572 ταῦτά
949 1533 983 1586 χ’
1003 1533 1143 1573 ἅπαντα
1165 1533 1293 1586 λάχοι,

400 1594 462 1632 οὐκ
478 1592 542 1632 ἐὼν
561 1593 653 1638 ἄξιος
671 1592 791 1645 ὥσπερ
814 1592 900 1644 ἐγώ·
921 1593 1039 1646 ῥώμης
1059 1593 1127 1646 γὰρ
1143 1594 1295 1644 ἀμείνων

453 1654 586 1705 ἀνδρῶν
610 1654 665 1700 ἠδ’
681 1651 800 1692 ἵππων
821 1652 976 1705 ἡμετέρη
995 1652 1115 1706 σοφίη.

400 1711 495 1751 Ἀλλ’
513 1713 588 1759 εἰκῆ
613 1712 711 1762 μάλα
732 1715 833 1750 τοῦτο
854 1713 1055 1762 νομίζεται,
1071 1711 1148 1750 οὐδὲ
1169 1711 1303 1751 δίκαιον

452 1769 648 1824 προκρίνειν
671 1770 792 1824 ῥώμην
810 1774 872 1818 τῆς
899 1772 1032 1823 ἀγαθῆς
1053 1771 1186 1825 σοφίης.

400 1829 493 1870 Οὔτε
515 1829 583 1882 γὰρ
604 1831 634 1869 εἷ
652 1829 787 1878 πύκτης
802 1830 929 1883 ἀγαθὸς
946 1831 1064 1870 λαοῖσι
1082 1830 1203 1882 μετείη

452 1887 524 1928 οὔτ’
551 1890 580 1927 εἰ
599 1889 804 1928 πενταθλεῖν
817 1919 828 1939 ,
855 1888 933 1928 οὔτε
952 1888 1264 1940 παλαισμοσύνην,

399 1946 475 1986 οὐδὲ
494 1946 557 1998 μὲν
575 1949 604 1986 εἷ
623 1951 797 2000 ταχυτῆτι
815 1948 950 1996 ποδῶν,
969 1949 1074 2000 τόπερ
1101 1948 1176 1986 ἐστὶ
1199 1948 1370 2000 πρότιμον
1400 1952 1407 1987 l

377 2108 436 2142 17.
460 2096 660 2133 Athenaeus
680 2099 840 2147 Dipnos.
863 2096 903 2135 II
921 2110 963 2147 p.
995 2096 1057 2144 54,
1083 2099 1112 2134 Ε
1135 2111 1143 2134 :
1171 2094 1376 2149 Ξενοφάνης

285 2158 288 2163 ’
320 2154 338 2191 ὁ
355 2151 577 2204 Κολοφώνιος
593 2155 627 2192 ἐν
651 2154 856 2208 παρῳδίαις·
883 2154 964 2208 Πὰρ
982 2155 1066 2209 πυρὶ
1081 2171 1116 2193 κ.
1138 2171 1170 2194 τ.
1187 2156 1220 2195 λ.
1243 2157 1377 2193 Medus

317 2214 378 2251 hic
397 2215 619 2252 nominatur
639 2217 837 2266 Harpagus
857 2215 947 2264 Cyri
964 2216 1042 2253 dux
1066 2218 1134 2266 qui
1153 2218 1264 2254 Iones
1284 2217 1373 2253 sub-

317 2274 405 2324 egit.
425 2275 511 2322 Quo
536 2268 639 2311 facto
670 2276 929 2325 Xenophanes
956 2277 996 2312 in
1027 2277 1194 2313 Siciliam
1215 2289 1254 2313 se
1284 2289 1374 2313 con-

318 2334 416 2372 tunt.

376 2394 437 2434 18.
456 2395 646 2445 Diogenes
658 2397 832 2433 Laertius
850 2395 957 2444 VIII,
976 2396 1024 2434 36
1041 2409 1050 2434 ε
1071 2397 1162 2449 Περὶ
1179 2395 1214 2434 δὲ
1228 2399 1288 2434 τοῦ
1311 2395 1375 2435 ἅλ-

317 2451 396 2489 λοτε
411 2450 516 2490 ἄλλον
530 2455 740 2504 γεγενῆσθαι
759 2458 770 2504 ᾗ
784 2454 1016 2508 Πυθαγόραν)
1034 2455 1239 2508 Ξενοφάνης
1253 2458 1287 2495 ἐν
1304 2457 1374 2494 ἐλε-

318 2509 397 2564 γείᾳ
409 2518 673 2564 προσμαρτυρεῖ
685 2541 695 2561 ,
715 2507 755 2560 ἧς
773 2513 886 2566 ἀρχή·

374 2613 444 2651 Νῦν
472 2606 530 2651 οῧν
558 2614 587 2651 τ’
612 2613 718 2652 ἄλλον
733 2614 852 2667 ἔπειμι
869 2614 993 2669 λόγον,
1009 2615 1108 2662 δείξω
1137 2615 1172 2655 δὲ
1198 2617 1374 2657 κέλευθον.

318 2714 337 2754 ὃ
357 2713 392 2753 δὲ
414 2731 494 2767 περι
514 2717 618 2756 αὐτου
624 2732 746 2792 φησιν
765 2733 903 2762 ουτωςε
888 2717 983 2771 ἔχει·
1001 2718 1076 2759 Καί
1095 2719 1180 2758 ποτέ
1195 2735 1254 2771 μιν
1277 2736 1311 2760 κ.
1335 2735 1370 2759 τ.

318 2776 352 2815 λ.
370 2777 515 2814 Mutavi
530 2793 587 2816 νυν
605 2793 663 2815 ουν
683 2776 713 2815 τ’
730 2789 817 2816 cum
832 2779 993 2829 Beigkio
1011 2782 1117 2817 Poet.
1139 2781 1214 2830 lyr.
1231 2795 1273 2831 p.
1296 2781 1372 2831 379

318 2835 359 2872 in
375 2838 434 2872 νῦν
451 2829 540 2874 αὖτ’.
563 2837 724 2874 Eosdem
739 2851 866 2874 versus
884 2851 904 2875 e
923 2840 1094 2889 Diogene
1124 2842 1262 2890 petivit
1284 2842 1371 2879 Sui-

319 2894 386 2931 das
407 2907 453 2934 v.
478 2893 696 2947 Ξενοφάνης.
720 2898 989 2946 Pei-stringitur
1020 2900 1076 2936 his
1098 2902 1268 2939 versibus
1297 2904 1372 2951 Py-

319 2954 485 3003 thagorae
505 2953 789 3007 μετεμψύχωσις.
821 2958 867 2993 In
888 2958 1046 2997 Anthol.
1067 2959 1133 2997 Gr.
1157 2959 1227 2998 lib.
1259 2961 1279 3000 I
1308 2962 1366 3000 tit.

319 3012 368 3049 86
389 3026 425 3063 p.
446 3013 521 3057 345
548 3015 609 3054 ed.
629 3017 762 3052 Bosch.
782 3016 907 3054 eidem
926 3020 1118 3056 sententiae
1140 3020 1218 3057 duo
1239 3035 1370 3059 versus

317 3084 471 3120 prorsus
498 3073 628 3120 alieni,
647 3081 691 3110 ut
723 3074 889 3121 videtur,
913 3078 1230 3124 praemittuntur·

372 3166 499 3207 ἹΙνίκα
522 3165 731 3222 Πυθαγόρης
758 3171 797 3210 τὸ
820 3166 1000 3224 περικλεὲς
1026 3172 1145 3226 εὕρετο
1163 3175 1313 3229 γράμμα

425 3228 508 3266 κεῖν’
513 3230 598 3283 ,εέρ
617 3229 794 3283 ὅτωκλειτ
796 3230 884 3279 ἦν’
862 3247 974 3285 ηγαγε
999 3233 1210 3286 βουθυσίην,

318 3342 415 3379 quos
434 3343 563 3369 versus
597 3334 818 3372 Plu.archus
839 3336 886 3373 de
905 3338 982 3377 Vit.
1020 3340 1174 3377 secund.
1212 3341 1367 3391 Epicur.

318 3397 412 3429 tom.
434 3391 474 3428 X
508 3404 597 3442 pag.
634 3392 705 3430 501
746 3395 806 3433 ed.
839 3397 989 3444 Reisk.,
1009 3398 1206 3437 Athenaeus
1230 3402 1298 3442 lib.
1331 3405 1369 3440 X

316 3461 357 3498 p.
382 3450 458 3494 418
487 3459 571 3488 extr
593 3478 604 3498 ,
625 3453 814 3503 Diogenes
836 3455 905 3494 lib.
928 3456 1034 3503 VIII,
1052 3471 1106 3497 ,12
1140 3460 1368 3509 Apollodoti

316 3509 375 3545 vel
404 3510 532 3559 potius
551 3511 781 3561 Apollodori
802 3526 877 3551 esse
906 3516 1059 3558 volunt.
1083 3519 1203 3555 Versu
1231 3521 1365 3569 quinto

1247 258 1585 299 XENOPHAMS

1450 350 1498 381 17.
1529 347 1664 381 Hiemali
1685 351 1828 390 tempore
1847 348 1893 382 sic
1907 350 2113 383 sermocinari
2129 351 2282 385 convenit
2301 351 2340 385 ad
2355 351 2462 395 ignem

1529 407 1618 439 molli
1635 407 1667 440 in
1683 407 1766 440 lecto
1784 408 1977 451 cubantem,
1989 411 2148 452 saturum,

1529 466 1623 499 dulce
1640 466 1803 500 bibentem
1822 468 1954 510 vinum,
1977 469 2114 503 subinde
2128 470 2233 503 cicera
2251 470 2399 505 edentem
2419 485 2428 506 ε

1529 525 1602 567 quis
1617 535 1652 559 es
1670 526 1755 559 unde
1768 528 1938 568 gentium?
1954 530 2034 571 quot
2050 538 2150 563 annos
2169 531 2264 564 uatus
2283 540 2336 572 es,
2350 541 2370 564 ο
2380 531 2488 566 bone?

1529 587 1666 627 quotum
1687 586 1803 628 agebas
1821 596 1956 630 annum,
1979 589 2109 630 quando
2131 590 2243 623 Medus
2260 591 2400 624 invasit?

1451 646 1497 677 18.
1528 646 1556 677 N
1560 653 1623 677 unc
1631 644 1717 677 aliud
1726 647 1954 686 argumentum
1963 647 2129 689 aggredior
2138 649 2289 691 viamque
2300 658 2376 683 mon
2382 650 2501 684 strabo.

1529 763 1709 806 Aliquando
1732 764 1823 797 illum
1840 767 2088 807 praetereuntem
2114 768 2204 802 canis
2228 769 2387 802 verberati

1569 825 1660 857 aiunt
1669 833 1739 858 esse
1750 826 1941 859 miseratum
1954 828 1986 860 et
1998 827 2045 860 sic
2055 827 2199 860 locutum
2211 828 2480 871 (Pyekaqoram)
2492 841 2504 863 .-

1530 885 1649 918 Dcsine
1667 886 1839 919 verberare
1851 912 1860 927 ‚
1873 886 2033 928 siquidem
2056 887 2125 919 cari
2147 887 2206 920 viri
2223 889 2274 921 est

1569 945 1694 987 anima,
1709 955 1807 987 quam
1824 945 1938 987 agnovi
1957 947 2145 980 auscultans
2161 947 2397 982 clamitantem.

1526 1003 1559 1036 Si
1581 1013 1658 1038 vero
1675 1005 1732 1037 aut
1751 1004 1869 1045 pedum
1895 1005 2085 1046 pernicitate
2107 1005 2279 1038 victoriam
2298 1006 2372 1048 quis
2387 1015 2501 1041 conse-

1568 1064 1854 1106 autquinquerti0‚
1874 1064 1938 1097 illic
1957 1065 2011 1097 ubi
2027 1062 2120 1097 sovis
2134 1065 2293 1107 templum
2310 1070 2359 1099 est
2371 1064 2504 1110 [quatur

1525 1123 1565 1155 ad
1583 1123 1665 1156 Pisae
1679 1123 1782 1156 undas
1799 1124 1956 1166 Olympiae
1969 1148 1979 1164 ‚
1993 1124 2062 1157 sive
2079 1124 2176 1157 etiam
2193 1124 2347 1158 luctando
2357 1148 2369 1167 ‚

1568 1183 1638 1216 sive
1654 1182 1772 1216 durum
1789 1183 1968 1217 exercendo
1986 1183 2167 1226 pugilatum

1524 1241 1591 1274 sive
1607 1251 1705 1284 grave
1722 1242 1799 1276 illud
1819 1245 1982 1276 certamen
2006 1244 2191 1285 pancration
2205 1242 2292 1286 quod
2306 1246 2440 1286 vocant,

1568 1302 1595 1334 is
1612 1302 1694 1334 solet
1710 1303 1795 1343 apud
1812 1302 1899 1335 cives
1915 1311 1992 1335 suos
2012 1306 2142 1345 aspectu
2164 1303 2234 1336 esse
2253 1303 2454 1346 honoratior,

1524 1361 1557 1394 et
1568 1363 1820 1403 praestantiorem
1827 1362 1936 1395 sedem
1945 1362 2049 1404 palam
2057 1362 2089 1395 in
2101 1362 2334 1396 certaminibus
2345 1362 2504 1406 (specuu-

1567 1424 1599 1453 et
1621 1421 1751 1463 publico
1766 1421 1908 1455 civitatis
1924 1425 2035 1454 sumtu
2050 1423 2252 1456 sustentatur
2264 1423 2328 1466 [dis
2346 1423 2503 1467 obtinet),

1525 1482 1557 1514 et
1569 1481 1707 1514 donatur
1722 1489 1855 1514 munere
1872 1481 1958 1523 quod
1981 1481 2010 1514 ei
2031 1481 2065 1514 in
2079 1482 2181 1523 pretio
2197 1482 2258 1524 sit;

1567 1540 1634 1573 sive
1648 1540 1787 1582 denique
1803 1549 1901 1573 curru
1916 1540 2036 1582 vincat,
2051 1542 2170 1574 cuncta
2183 1542 2254 1575 baec
2269 1542 2426 1585 accipiat,

1523 1600 1583 1633 etsi
1593 1600 1749 1641 dignitate
1765 1609 1817 1633 me
1834 1602 1883 1633 est
1895 1600 2027 1633 inferior
2041 1614 2048 1633 ;
2062 1600 2178 1634 robore
2190 1602 2277 1635 enim
2300 1603 2503 1644 praestantior

1566 1660 1710 1693 virorum
1733 1669 1959 1701 equorumque
1983 1661 2091 1693 nostra
2116 1662 2166 1693 est
2186 1661 2356 1703 sapientia.

1524 1722 1703 1753 Perversus
1724 1728 1801 1752 vero
1815 1719 1992 1752 admodum
2007 1719 2067 1753 iste
2086 1728 2157 1752 mos
2171 1722 2242 1762 est,
2257 1730 2362 1764 neque
2375 1722 2501 1764 iustum

1565 1779 1657 1812 bonis
1679 1779 1796 1821 ingenii
1823 1779 1947 1812 artibus
1971 1779 2115 1821 corporis
2139 1779 2238 1813 robur
2262 1782 2430 1825 anteponi.

1522 1841 1592 1872 Non
1617 1839 1721 1880 enim,
1738 1839 1764 1871 si
1790 1838 1896 1872 bonus
1920 1838 2004 1880 pugil
2025 1839 2069 1871 sit
2089 1839 2120 1871 in
2142 1839 2294 1881 civitate,

1563 1899 1619 1931 aut
1635 1897 1841 1940 quinquertio
1858 1897 1975 1939 aliquis
1991 1898 2154 1932 excellens
2177 1901 2235 1932 aut
2251 1899 2340 1933 lucta

1521 1960 1576 1990 aut
1595 1957 1712 1999 pedum
1728 1956 1917 1997 pernicitate
1939 1965 2022 1998 quae
2041 1958 2091 1989 est
2109 1957 2216 1990 robori
2232 1959 2460 2000 anteferenda,

1448 1007 1496 1037 19.

1438 2097 1631 2145 vulgatam
1661 2093 1727 2140 τὴν
1758 2092 1868 2145 ἔγνων
1903 2091 2144 2146 φθεγξαμένης
2170 2091 2258 2133 ἀΐων
2274 2097 2498 2135 Karstenius

1439 2157 1631 2193 convertit
1648 2156 1690 2191 in
1708 2156 1768 2200 τῆς
1785 2152 1893 2204 ἔγνων
1911 2168 1944 2191 κ.
1965 2168 2000 2192 τ.
2022 2153 2058 2193 λ.
2080 2167 2161 2191 non
2174 2155 2294 2202 male,
2314 2155 2380 2193 sed
2401 2169 2500 2206 prae·

1439 2223 1497 2253 ter
1514 2215 1787 2252 necessitatem.

1506 2288 1569 2324 19.
1585 2275 1786 2312 Athenaeus
1803 2274 1842 2311 X
1871 2286 1912 2323 p.
1938 2273 2013 2317 413
2034 2277 2115 2323 seq.
2138 2274 2214 2312 hoc
2239 2286 2395 2314 carmen
2416 2277 2502 2314 lau-

1438 2334 1505 2371 dat
1518 2347 1596 2383 quo
1611 2334 1867 2383 Xenophanes
1888 2334 2045 2383 publica
2058 2333 2281 2372 Graecorum
2296 2337 2502 2373 certamina
2525 2373 2527 2376 Α

1438 2394 1643 2443 vituperat,
1669 2394 1896 2443 sapientium
1912 2394 2090 2447 virorum
2117 2395 2244 2433 studia
2263 2396 2409 2434 civibus
2426 2398 2502 2435 uti·

1436 2453 1535 2490 liora
1570 2465 1647 2490 esse
1684 2453 1826 2491 dicens.
1861 2455 1919 2490 De
1947 2467 2057 2492 versu
2081 2454 2252 2492 secundo
2287 2455 2500 2496 tenendum

1437 2512 1547 2561 quod
1577 2513 1630 2549 ait
1656 2513 1870 2561 Stephanus
1891 2514 2092 2562 Byzantius
2115 2526 2125 2550 ι
2162 2511 2274 2561 Πίσα,
2303 2511 2405 2558 πόλις
2437 2513 2499 2552 καὶ

1435 2570 1547 2624 κρήνη
1569 2573 1630 2618 τῆς
1646 2569 1864 2620 Ὀλυμπίας.
1890 2573 2050 2610 Flumen
2071 2580 2139 2610 aut
2157 2572 2245 2610 fons
2262 2572 2372 2621 Pisa,
2391 2573 2500 2623 eujus

1436 2632 1542 2682 apud
1554 2632 1838 2681 Xenophanem
1856 2633 2000 2669 mentio
2019 2639 2072 2669 est
2085 2659 2096 2679 ,
2119 2633 2276 2678 fortasse
2291 2634 2406 2671 etiam
2430 2631 2499 2672 Πί-

1437 2706 1499 2734 σας
1522 2692 1818 2738 nominabatur3
1841 2692 1932 2729 inde
1959 2693 2166 2742 genitivus·
2185 2690 2315 2731 Πίσαο.
2352 2691 2499 2731 Urbem

1435 2753 1487 2788 ita
1513 2752 1752 2789 nominatam
1782 2764 1859 2789 esse
1885 2762 1970 2788 non
1989 2753 2232 2801 putaverim3
2256 2759 2360 2790 certe
2390 2751 2498 2791 nulla

1434 2811 1538 2860 apud
1558 2811 1766 2848 Pindarum
1787 2811 1868 2859 ejus
1893 2812 2025 2848 formae
2045 2813 2203 2862 vestigia
2221 2812 2490 2853 inveniuntur.

1435 2869 1513 2907 Pro
1527 2868 1599 2922 πὰρ
1617 2869 1734 2908 Πίσαο
1750 2871 1830 2923 ῥοῇς
1847 2885 1927 2908 non
1943 2873 2040 2908 male
2057 2873 2271 2921 suspicatur
2287 2870 2496 2911 Schneide-

1434 2930 1556 2966 winus
1566 2930 1606 2965 in
1619 2929 1729 2968 Cens.
1742 2937 1848 2979 poet.
1860 2930 1928 2979 lyr.
1942 2943 1997 2979 gr.
2011 2943 2031 2966 a
2043 2928 2206 2980 Bergkio
2216 2929 2495 2984 editorum-:dp

1437 2986 1553 3026 Πίσαο
1574 2986 1655 3040 ῥοάς
1674 2996 1838 3038 propter
1857 2989 1975 3026 verba
1997 3002 2080 3038 quae
2099 2989 2201 3026 infra
2221 2990 2402 3040 leguntur
2421 2990 2495 3030 Πί-
2531 3022 2534 3026 .

1434 3062 1500 3086 σαο
1517 3062 1565 3084 πα
1573 3048 1600 3100 ρ’
1620 3045 1742 3100 ὄχθας.
1760 3048 1883 3088 Versu
1903 3057 2041 3097 quarto
2061 3050 2286 3098 reliquimus
2299 3051 2494 3101 vulgatam

1433 3105 1542 3159 ἔχων,
1566 3109 1640 3157 pro
1657 3120 1734 3158 qua
1755 3110 1978 3146 Karstenius
2004 3106 2092 3146 ἑλὼν
2113 3110 2232 3147 scribi
2250 3111 2345 3148 vult.
2366 3110 2492 3151 Versu

1434 3166 1572 3216 quinto
1595 3164 1664 3205 εἴτε
1682 3164 1722 3204 τὸ
1748 3165 1856 3205 δεινὸν
1876 3180 1897 3205 e
1917 3167 2163 3206 Wakefieldii
2191 3169 2413 3218 conjectura
2436 3179 2492 3209 est
2558 3166 2562 3209 J

1431 3239 1504 3276 pro
1525 3240 1572 3264 eo
1594 3227 1701 3276 quod
1718 3228 1759 3263 in
1778 3227 1895 3266 codd.
1918 3228 2058 3278 legitur
2077 3226 2146 3266 εἴτε
2168 3243 2200 3266 τι
2226 3227 2354 3268 δεινόν.
2371 3231 2489 3268 Versu

1431 3294 1537 3324 sexto
1557 3284 1760 3338 κυδρότερος
1779 3291 1956 3340 προσορᾷν
1977 3287 2142 3325 debetur
2163 3290 2341 3327 Jacobsio
2369 3289 2487 3328 Addi-

1433 3352 1524 3384 tam.
1545 3345 1594 3383 ad
1612 3346 1836 3383 Athenaeum
1854 3359 1894 3395 p.
1926 3359 2004 3384 220
2024 3361 2097 3397 pro
2117 3350 2271 3399 vulgata
2292 3349 2486 3400 scriptura

1430 3402 1633 3457 κυδρότερος
1660 3402 1747 3458 πρὸς
1767 3403 1874 3458 ἄκρα.
1907 3406 2028 3446 Versu
2053 3415 2190 3445 octavo
2220 3409 2287 3446 σῖτ’
2312 3405 2367 3455 εἴη
2391 3409 2487 3445 scri-

1429 3465 1573 3513 psimus
1583 3477 1630 3502 ex
1638 3464 1807 3502 Turnebi
1816 3466 2098 3517 emendatione,
2111 3480 2159 3505 ne
2169 3468 2310 3505 deesset
2325 3465 2485 3504 verbum

1429 3523 1479 3561 ad
1499 3524 1607 3574 quod
1640 3525 1679 3561 in
1713 3525 1958 3575 subsequenti
1983 3540 2093 3565 versu
2121 3528 2230 3580 δῶρον
2264 3528 2482 3571 referretur,
