2612 3814
289 237 363 270 228

280 894 326 922 15.

285 1101 332 1127 16.

284 1362 333 1389 17.

283 1630 329 1657 18.

361 336 466 373 ροντα
496 320 563 375 ἔφη
582 321 766 375 τύραννον.
803 323 880 367 πῶς
907 321 950 362 ἄν
968 339 1021 368 τις
1049 323 1198 377 ἀτυχίαν
1233 326 1347 379 ῥᾷστα

360 379 480 433 φέροις
503 383 533 419 εἰ
556 380 635 426 τοὺς
652 380 796 435 ἐχθροὺς
816 387 936 436 χεῖρον
966 383 1190 437 πράσσοντας
1211 385 1348 438 βλέποι.

359 441 436 485 πῶς
457 439 499 478 ἂν
521 439 650 494 ἄριστα
680 441 742 480 καὶ
763 441 972 482 δικαιότατα
1004 443 1225 496 βιώσαιμεν;
1247 445 1306 483 ἐὰν
1327 444 1349 482 ἃ

359 504 432 545 τοῖς
450 499 571 545 ἄλλοις
591 502 831 553 ἐπιτιμῶμεν,
850 502 951 542 αὐτοὶ
972 503 1022 554 μὴ
1045 504 1198 556 δρῶμεν.
1220 504 1271 549 τίς
1290 507 1347 544 εὐ-

360 559 518 611 δαίμων;
536 563 554 600 ὁ
571 561 610 600 τὸ
628 560 691 613 μὲν
712 564 818 613 σῶμα
835 562 955 614 ὑγιής,
975 563 1039 611 τὴν
1062 562 1098 602 δὲ
1113 563 1226 617 τύχην
1243 564 1348 604 εὔπο-

363 634 419 672 ρος
433 649 444 671 ,
461 620 526 668 τὴν
543 619 579 658 δὲ
595 619 714 674 ψυχὴν
730 622 966 666 εὒπαίδευτος.

417 691 636 743 (Diogenes
656 693 835 732 Laertius
849 694 918 732 lib.
937 694 971 742 1,
993 695 1124 743 36-37.
1140 695 1220 734 Pro
1241 696 1347 734 codi-

471 766 558 790 cum
579 753 748 792 lectione
761 755 796 802 τί
808 753 977 793 δύσκολον
992 753 1046 802 εἴη
1061 754 1266 806 τεθεαμένος
1285 769 1352 807 po·

471 812 532 851 sui
549 812 583 851 τί
606 812 809 866 δυσεύρετον
823 814 901 853 κτλ.
915 814 926 865 )

357 881 571 935 Ἐρωτηθεὶς
592 882 661 921 ὑπό
679 898 770 927 τινος
784 911 795 931 ,
813 883 922 923 πόσον
947 883 1074 938 ἀπέχει
1093 884 1133 924 τὸ
1152 885 1276 938 ψεῦδος
1290 889 1351 925 τοῦ

363 944 514 990 ἀληθοῦς
526 957 534 966 ·
554 939 636 982 ὅσον
649 971 660 990 ,
680 941 746 997 ἔφη
764 971 774 990 ,
791 942 968 995 ὀφθαλμοὶ
984 946 1054 982 τῶν
1079 942 1198 984 ὤτων.

419 1015 637 1067 (Antonius
651 1023 690 1053 et
699 1015 896 1054 Maximus
912 1015 1036 1054 Serm.
1055 1014 1136 1069 περὶ
1153 1014 1347 1068 ἀληθείας.)

365 1089 493 1135 Θαλῆς
514 1085 643 1140 ἔφησεν
658 1116 668 1135 ,
688 1085 744 1126 δ’τι
767 1085 985 1140 σαφέστατος
1016 1087 1161 1140 ἔλεγχος
1180 1087 1351 1142 πραγμά-

371 1163 442 1185 των
459 1146 626 1193 ἁπάντων
646 1145 741 1185 ἐστὶν
761 1148 779 1185 ὁ
800 1145 942 1200 χρόνος·
966 1140 1063 1192 οὗτος
1081 1147 1151 1201 γὰρ
1170 1146 1233 1195 τὴν
1256 1147 1348 1196 ἀλή-

363 1209 458 1246 θειαν
484 1205 683 1260 ἐμφανίζει.

417 1277 428 1331 (
445 1277 626 1317 Stobaeus
645 1276 780 1328 Eclog.
796 1276 868 1318 lib.
886 1275 904 1316 Ι
919 1291 1004 1332 cap.
1021 1293 1061 1330 9.
1079 1278 1091 1331 )

366 1349 493 1396 Θαλῆς
513 1347 663 1403 ἔφησεν,
682 1347 909 1398 εὖδαιμονίαν
927 1347 1098 1402 ἄρχοντος
1125 1347 1278 1400 νομίζειν
1293 1378 1303 1397 ,
1321 1350 1350 1387 εἷ

363 1407 572 1457 ἐτελεύτησε
590 1406 750 1461 γηράσας
771 1406 865 1448 κατὰ
889 1407 1009 1462 φύσιν.

420 1479 675 1532 (Plutarchus
703 1478 777 1518 vll
806 1480 981 1532 Sapient.
1011 1479 1181 1519 Conviv.
1213 1492 1299 1531 cap.
1327 1494 1348 1528 7

469 1553 558 1592 pag.
579 1539 663 1590 18.)

364 1617 488 1662 Θαλῆς
509 1613 573 1668 μὲν
591 1617 621 1654 εἷ
640 1614 702 1655 καὶ
719 1616 760 1655 ἐκ
778 1618 839 1655 τοῦ
864 1614 991 1660 ὕδατός
1013 1630 1100 1670 φησι
1137 1614 1350 1654 συνεστάναι

359 1675 476 1714 πάντα
490 1705 501 1724 ,
524 1675 605 1714 ἀλλ’
621 1674 718 1728 ὅμως
749 1674 935 1715 καὶτοῦτο
972 1674 1139 1728 βούλεται
1160 1674 1350 1727 μεταὸάλ-

361 1737 452 1774 λειν·
475 1734 619 1786 ἄμεινον
637 1735 673 1775 δὲ
699 1737 760 1776 καὶ
781 1737 891 1775 αὐτοῦ
914 1734 978 1782 τὴν
1007 1737 1109 1789 ῥῆσιν
1141 1738 1349 1789 προσθεῖναι

362 1796 403 1834 ἐκ
414 1799 476 1835 τοῦ
496 1796 658 1850 δευτέρου
674 1795 756 1849 περὶ
774 1799 845 1836 τῶν
866 1796 989 1848 ἀρχῶν
1004 1793 1157 1848 ἔχουσαν
1174 1788 1246 1834 ὧδέ
1258 1809 1347 1838 πως·

361 1855 420 1895 Τὰ
445 1854 508 1907 μὲν
538 1849 597 1894 οὗν
617 1855 870 1909 πολυθρύλητοι
894 1854 1066 1909 τέτταρα,
1087 1848 1137 1894 ὧν
1158 1854 1348 1906 τὸπρῶτον

363 1914 457 1968 ὕδωρ
475 1908 566 1954 εἷναί
594 1930 710 1969 φαμεν
727 1915 789 1954 καὶ
817 1914 948 1954 ὡσανεὶ
977 1913 1082 1965 μόνον
1106 1918 1281 1967 στοιχεῖον
1296 1913 1348 1952 τί-

363 1977 467 2026 θεμεν
480 2003 491 2025 ,
507 1974 595 2027 πρὸς
614 1973 797 2028 σύγκρισίν
811 1989 850 2013 τε
864 1974 926 2013 καὶ
940 1973 1044 2022 πῆξιν
1062 1973 1117 2028 (1)
1132 1972 1193 2011 καὶ
1213 1971 1348 2011 σύστα-

363 2049 418 2074 σιν
438 2035 508 2072 τῶν
536 2033 736 2085 ἓγκοσμίων
756 2033 844 2087 πρὸς
874 2033 1014 2082 ἄλληλα
1051 2032 1345 2085 συγκεράννυται.

363 2094 438 2137 πῶς
448 2092 502 2143 δέ,
516 2092 586 2142 ἤδη
599 2093 766 2134 λέλεκται
780 2096 868 2146 ἡμῖν
884 2095 919 2133 ἐν
935 2095 986 2147 τῷ
1002 2092 1148 2148 πρώτῳ.
1167 2092 1350 2146 Ἔναργῶς

326 2218 371 2259 (1)
389 2218 569 2260 Legebatur
584 2219 740 2259 πήγνυσιν
761 2218 848 2260 quod
870 2218 995 2251 mutavi
1011 2218 1043 2250 in
1065 2219 1166 2257 πῆξιν.

1111 233 1319 274 SEPTEM
1349 236 1657 282 SAPlENTUM

1499 330 1648 369 ἐνταῦθα
1670 332 1773 380 δῆλός
1790 335 1885 374 ἐστιν
1902 337 1949 381 ὥς
1969 337 2059 383 ἀξιοῖ
2075 339 2124 383 εἰς
2140 341 2281 390 ἄλληλα
2295 344 2479 394 μεταὸάλ-

1499 390 1572 428 λειν
1585 391 1631 429 τὰ
1649 393 1826 446 στοιχεῖα.
1944 405 1951 413 ’

1556 450 1753 503 (Galenus
1776 453 1997 498 Comment.
2021 458 2062 497 in
2085 459 2179 498 libr.
2198 460 2247 499 de
2264 462 2429 506 Humor.
2446 464 2480 513 1,

1612 524 1645 559 1,
1667 520 1762 550 tom.
1785 513 1887 563 xv1,
1908 517 1954 565 37
1974 517 2035 557 ed.
2057 518 2188 560 Ktihn.

1814 603 1856 636 ς’.
1881 600 2076 635 ΒΙΑΝΤΟΣ.

1446 684 1472 712 ι.
1496 670 1670 712 Ἀστοῒσιν
1689 674 1817 727 ἄρεσκε
1838 682 1970 727 πᾶσιν,
1993 681 2028 719 ἐν
2048 680 2151 720 πόλει
2171 681 2250 721 αἴκε
2273 681 2402 736 μένῃς·

1497 732 1672 772 πλείσταν
1686 734 1757 787 γὰρ
1775 734 1848 788 ἔχει
1874 737 1996 791 χάριν·
2017 740 2169 788 αὐθάδης
2192 740 2228 780 δὲ
2247 741 2376 796 τρόπος

1495 792 1651 831 πολλάκι
1666 792 1708 841 δὴ
1728 795 1907 850 βλαὸερὰν
1923 793 2117 852 ἐξέλαμψεν
2131 799 2236 842 ἄταν.

1553 859 1772 911 (Diogenes
1791 861 1969 902 Laertius
1987 863 2063 906 lib.
2083 864 2118 914 I,
2141 866 2205 905 85.
2223 866 2358 908 —Vs.
2383 867 2404 906 3
2440 866 2483 915 δὴ

1604 919 1749 972 adjecit
1775 921 1914 972 Bergk.
1934 921 1945 975 )

1441 996 1471 1023 2.
1492 983 1546 1024 Τὸ
1569 983 1634 1035 μὲν
1658 985 1802 1039 ἰσχυρὸν
1818 985 1981 1038 γενέσθαι
1997 990 2060 1036 τῆς
2076 988 2214 1043 φύσεως
2233 988 2355 1043 ἔργον·
2376 989 2418 1029 τὸ
2435 990 2472 1029 δὲ

1495 1043 1610 1096 λέγειν
1633 1045 1801 1085 δύνασθαι
1828 1045 1874 1085 τὰ
1907 1047 2135 1101 συμφέροντα
2160 1052 2205 1102 τῇ
2233 1050 2336 1090 πόλει
2361 1051 2480 1105 ψυχῆς

1495 1104 1581 1144 ἴδιον
1602 1105 1663 1144 καὶ
1677 1105 1893 1159 φρονήσεως·
1910 1107 2055 1161 εὐπορία
2071 1107 2108 1148 δὲ
2120 1109 2319 1163 χρημάτων
2335 1112 2480 1156 πολλοῖς

1497 1164 1558 1205 καὶ
1575 1165 1633 1204 διὰ
1653 1166 1767 1220 τύχην
1787 1168 2020 1221 περιγίνεται.

1555 1232 1774 1284 (Diogenes
1792 1233 1971 1274 Laertius
1990 1234 2063 1274 lib.
2086 1234 2119 1283 1,
2143 1236 2208 1276 86.
2225 1236 2239 1288 )

1440 1309 1469 1335 3.
1491 1295 1639 1350 Ἀτυχὴς
1658 1300 1676 1337 ὃ
1696 1298 1847 1352 ἀτυχίαν
1864 1298 1914 1350 μὴ
1935 1298 2067 1353 φέρων.

1553 1362 1776 1414 (Diogenes
1790 1363 1971 1403 Laertius
1986 1364 2059 1403 lib.
2080 1364 2114 1412 1,
2136 1365 2201 1404 86.
2223 1366 2234 1419 )

1440 1445 1472 1472 4.
1498 1432 1612 1477 Νόσος
1633 1434 1749 1486 ψυχῆς
1762 1433 1802 1473 τὸ
1825 1435 1894 1472 τῶν
1913 1434 2092 1473 ἀδυνάτων
2112 1435 2208 1488 ἐρᾶν.

1552 1502 1769 1557 (Diogenes
1790 1503 1971 1544 Laertius
1993 1504 2067 1544 lib.
2084 1505 2118 1553 Ι,
2140 1506 2234 1556 86.)

1439 1588 1471 1613 ⁶.
1495 1573 1707 1627 Ἀλλοτρίων
1727 1576 1848 1613 κακῶν
1870 1573 2134 1627 ἀμνημόνευτος
2146 1573 2234 1617 ἴσθι.

1551 1640 1770 1691 (Diogenes
1790 1640 1972 1680 Laertius
1993 1640 2067 1682 lib.
2086 1640 2120 1689 1,
2141 1641 2205 1680 86.
2223 1640 2234 1695 )

1441 1720 1472 1747 6.
1497 1705 1606 1746 Οὕτω
1624 1707 1738 1759 πειρῶ
1768 1707 1831 1754 ζῆν
1858 1707 1906 1751 ὥς
1923 1706 1985 1746 καὶ
2005 1705 2125 1759 ὀλίγον
2143 1707 2205 1745 καὶ
2221 1708 2333 1748 πολὺν
2351 1709 2478 1763 χρόνον

1496 1765 1722 1819 βιωσόμενος.

1551 1830 1754 1882 (Stobaeus
1775 1831 1912 1872 Floril.
1945 1830 1991 1879 V,
2026 1845 2092 1880 27.
2117 1828 2176 1872 Cf.
2201 1832 2318 1883 Diog.
2349 1833 2478 1874 Laert.

1603 1891 1672 1930 lib.
1689 1891 1721 1936 l,
1739 1892 1805 1940 87.
1820 1891 1832 1943 )

1441 1971 1473 1997 7.
1498 1959 1546 1996 Οἱ
1561 1957 1685 2008 ἀγαθοὶ
1706 1954 1941 2005 εὖαπάτητοι.

1440 2031 1471 2056 8.
1491 2015 1658 2057 Ἐοίκασι
1674 2021 1746 2061 τοῖς
1761 2015 1900 2068 ὄμμασι
1917 2019 1979 2064 τῆς
1997 2018 2150 2070 γλαυκὸς
2167 2020 2199 2058 οἱ
2223 2018 2305 2071 περὶ
2322 2016 2388 2066 τὴν
2409 2032 2478 2068 μα·

1493 2076 1597 2115 ταίαν
1613 2075 1739 2130 σοφίαν
1751 2076 1991 2129 ἠσχοληκότες
2001 2092 2010 2102 ·
2024 2077 2086 2116 καὶ
2099 2077 2168 2131 γὰρ
2181 2076 2315 2126 ἐκείνης
2329 2078 2366 2117 αἱ
2380 2076 2479 2131 ὄψεις

1495 2140 1619 2186 νυκτὸς
1648 2138 1711 2192 μὲν
1731 2139 1926 2194 ἔρρωνται,
1948 2141 2048 2188 ἡλίου
2077 2141 2114 2181 δὲ
2131 2142 2340 2194 λάμψαντος
2358 2143 2477 2193 ἀμαυ-

1498 2203 1659 2253 ροῦνται·
1677 2199 1738 2239 καὶ
1754 2199 1886 2239 τούτων
1911 2203 1934 2248 ἡ
1962 2201 2098 2240 διάνοια
2124 2200 2278 2248 ὀξυτάτη
2307 2200 2372 2252 μέν
2401 2202 2474 2240 ἔστι

283 2376 386 2407 num?
416 2374 510 2414 Quod
530 2383 636 2416 neque
653 2373 781 2407 initium
809 2374 908 2407 habet
926 2382 1033 2416 neque
1051 2373 1163 2406 finem.
1188 2371 1276 2412 Quid
1299 2371 1349 2403 in·

284 2435 386 2468 ventu
413 2433 544 2467 difficile
564 2434 718 2467 vidisset?
747 2436 885 2474 Senem,
907 2434 1037 2476 inquit,
1065 2437 1252 2475 tyrannum.
1278 2433 1351 2470 Quo

283 2494 380 2534 pacto
398 2493 472 2535 quis
498 2493 651 2527 facillime
672 2493 844 2526 adversam
867 2494 966 2530 terret
985 2493 1176 2526 fortunam?
1198 2491 1232 2524 Si
1248 2491 1351 2524 inimi-

286 2561 343 2585 cos
356 2553 512 2585 aerumnis
527 2553 629 2595 premi
652 2553 770 2586 videat.
792 2555 867 2592 Quo
881 2553 979 2586 modo
989 2552 1111 2594 optime
1130 2553 1163 2586 et
1173 2551 1350 2593 Justissime

286 2611 398 2644 vivere
420 2614 617 2652 possemus?
640 2612 673 2645 Si
695 2612 820 2654 quaein
834 2612 907 2644 aliis
926 2611 1212 2654 reprehendimus,
1225 2619 1262 2643 ea
1285 2618 1349 2642 non

284 2671 443 2704 faciamus
457 2671 529 2712 ipsi.
543 2671 624 2709 Quis
640 2674 726 2705 esset
739 2672 838 2705 felix?
852 2672 915 2711 Qui
930 2680 1066 2714 corpore
1080 2679 1198 2712 sanus,
1219 2670 1349 2703 fortuna

284 2728 428 2772 locuples
444 2732 477 2764 et
495 2731 605 2763 animo
625 2731 801 2764 liberaliter
819 2732 993 2764 institutus
1009 2731 1073 2764 est.

330 2795 381 2823 15.
401 2791 624 2832 Interrogatus
640 2799 658 2823 a
671 2791 831 2833 quodam,
851 2794 1011 2833 quantum
1027 2790 1164 2824 distaret
1176 2798 1197 2822 a
1213 2788 1349 2822 veritate

286 2850 493 2883 mendacium
511 2858 519 2878 τ
537 2851 703 2888 Quantum
716 2875 726 2890 ,
741 2850 867 2892 inquit,
886 2850 928 2883 ab
946 2850 1080 2883 auribus
1098 2849 1196 2883 oculi.

326 2912 381 2941 -16,
402 2908 519 2941 Thales
542 2908 587 2940 ait
618 2908 831 2941 certissimam
866 2917 974 2942 rerum
1001 2909 1149 2942 omnium
1177 2908 1346 2941 obrussam

285 2977 357 3001 esse
375 2971 521 3009 tempus,
534 2967 623 3009 quod
642 2968 813 3001 veritatem
829 2969 1035 3010 patefaceret.

332 3031 381 3062 17.
398 3027 519 3060 Thales
539 3026 621 3060 dixit
641 3035 716 3060 eum
738 3027 916 3069 principem
935 3027 1067 3061 beatum
1088 3027 1148 3060 sibi
1167 3027 1271 3060 videri
1289 3026 1344 3068 qui

283 3088 410 3119 naturae
434 3086 504 3128 lege
520 3095 617 3119 senex
631 3086 775 3119 obiisset.

328 3147 379 3177 18.
399 3144 518 3177 Thales
535 3143 667 3185 quidem
689 3153 890 3187 quamquam
912 3154 951 3179 ex
967 3154 1051 3187 aqua
1066 3145 1176 3178 omnia
1199 3148 1346 3178 constare

283 3203 349 3243 ait,
365 3204 477 3237 tamen
505 3206 538 3236 et
566 3203 651 3236 hanc
672 3204 792 3236 mutari
813 3204 884 3237 vult
893 3215 904 3246 ;
925 3204 1044 3238 melius
1068 3214 1146 3238 vero
1174 3207 1225 3238 est
1249 3205 1344 3245 hujus

283 3271 415 3304 quoque
432 3271 450 3295 e
467 3262 611 3295 secundo
628 3262 668 3295 de
683 3263 845 3305 principiis
863 3263 948 3296 libro
970 3272 1135 3306 apponere
1154 3263 1255 3296 verba
1271 3272 1345 3305 quae

281 3320 327 3353 sic
343 3331 376 3355 se
393 3321 515 3355 habent
535 3335 543 3355 :
571 3335 588 3351 ιι
605 3323 769 3361 Quattuor
788 3322 844 3355 illa
860 3322 1021 3355 elementa
1034 3323 1122 3364 vulgi
1139 3323 1345 3356 sermonibus

280 3382 442 3416 celebrata
459 3390 477 3415 e
494 3381 614 3423 quibus
636 3382 780 3424 principe
810 3383 881 3415 loco
904 3391 1022 3424 aquam
1051 3391 1122 3415 esse
1148 3382 1286 3415 dicimus
1311 3385 1344 3417 et

280 3442 372 3483 quasi
388 3442 494 3475 solum
514 3443 710 3475 elementum
732 3442 903 3484 ponimus,
919 3441 960 3474 ad
975 3445 1122 3474 mutuam
1140 3451 1250 3475 rerum
1267 3453 1342 3485 quae

279 3501 313 3533 iu

337 3502 460 3536 mundo
475 3502 680 3544 reperiuntur
698 3502 937 3539 concretionem
949 3526 957 3542 ‚
976 3503 1289 3544 coagmentationem
1308 3504 1341 3535 et

1414 2369 1656 2410 copulationem
1670 2367 1845 2399 miscentur
1864 2375 1903 2398 ac
1923 2367 2155 2408 temperantur.
2174 2366 2347 2405 Quomodo
2363 2368 2475 2401 autem

1414 2431 1476 2463 hoc
1502 2430 1575 2471 fiat,
1591 2429 1658 2471 jam
1684 2428 1717 2461 in
1735 2428 1840 2470 primo
1857 2427 1940 2460 libro
1958 2437 1976 2460 a
2001 2428 2096 2461 nobis
2126 2428 2249 2461 dictum
2285 2430 2349 2462 est.
2377 2442 2394 2458 n
2410 2430 2475 2463 mc

1411 2490 1583 2523 manifesto
1607 2488 1747 2523 ostendit
1780 2497 1852 2521 sese
1886 2488 2094 2529 existimare,
2127 2488 2286 2522 elementa
2319 2488 2405 2523 inter
2439 2498 2475 2524 se

1411 2549 1543 2582 mutari.
2313 2539 2317 2543 ’

1828 2593 1859 2622 6.
1887 2589 2062 2622 BtANTls.

1453 2672 1480 2701 1.
1501 2667 1636 2701 Civibus
1654 2667 1781 2709 placere
1799 2666 1953 2699 omnibus
1972 2664 2067 2698 stude
2079 2691 2089 2707 ,
2113 2665 2139 2698 si
2159 2665 2193 2698 in
2222 2665 2302 2699 urbe
2321 2665 2400 2700 velis
2416 2667 2472 2702 ha·

1409 2727 1511 2761 bitare
1530 2741 1538 2761 ι
1556 2727 1653 2760 habet
1668 2727 1756 2760 enim
1780 2726 1815 2759 id
1850 2727 1991 2759 multum
2022 2726 2134 2767 gratiae
2154 2735 2163 2758 ε
2193 2726 2343 2769 superbia
2362 2729 2472 2760 autem

1407 2797 1494 2831 saepe
1507 2789 1574 2830 jam
1600 2787 1813 2829 perniciosam
1828 2786 1939 2827 genuit
1956 2795 2088 2818 noxam.

1452 2853 1484 2881 2.
1503 2847 1657 2881 validum
1674 2855 1746 2881 esse
1767 2849 1892 2879 naturae
1910 2846 2068 2878 beneficio
2082 2845 2156 2878 licet
2178 2854 2186 2874 τ
2205 2848 2238 2878 at
2257 2845 2381 2878 civitati
2407 2848 2470 2880 uti·

1407 2908 1449 2940 lia
1463 2907 1569 2940 dicere
1584 2915 1695 2949 posse,
1718 2905 1818 2938 animi
1838 2907 1870 2938 et
1894 2904 2074 2946 prudentiae
2092 2904 2257 2946 proprium
2274 2906 2336 2937 est.
2366 2907 2469 2938 Pecu·

1406 2966 1536 2998 niarum
1560 2966 1670 2998 autem
1698 2964 1792 3006 copia
1812 2963 1925 2996 multis
1940 2962 2038 2996 etiam
2065 2962 2200 2995 fortuito
2219 2963 2391 3005 contingit.

1449 3029 1480 3058 3.
1499 3025 1613 3058 Infelix
1639 3024 1693 3066 qui
1707 3022 1930 3056 infelicitatem
1961 3021 2044 3053 serre
2065 3029 2130 3052 non
2155 3023 2273 3061 potest.

1447 3087 1479 3117 4.
1494 3083 1602 3117 Animi
1619 3083 1754 3115 morbus
1765 3083 1814 3114 est
1830 3083 1981 3122 appetere
1995 3080 2070 3121 qu'oe
2083 3079 2236 3120 consequi
2249 3087 2402 3122 nequeas.

1449 3148 1479 3176 5.
1501 3143 1604 3176 Alieni
1625 3140 1822 3175 incommodi
1837 3149 1878 3172 ne
1895 3138 2092 3172 memineris.

1447 3210 1478 3238 6.
1504 3207 1553 3238 Ita
1576 3204 1678 3238 vitam
1702 3203 1833 3236 institue
1853 3201 1944 3233 euasi
1966 3203 1998 3234 et
2017 3200 2115 3233 breve
2136 3202 2167 3232 et
2184 3199 2316 3240 longum
2335 3200 2468 3242 tempus

1404 3265 1561 3298 victurus.

1446 3326 1478 3357 7.
1504 3323 1584 3357 Boni
1601 3322 1662 3355 viri
1676 3321 1770 3355 facile
1784 3319 2000 3362 decipiuntur.

1446 3388 1477 3418 8.
1501 3385 1564 3424 Qui
1580 3383 1744 3426 sapientiae
1758 3382 1874 3414 vacant
1888 3379 1974 3413 inani
1991 3380 2120 3412 noctuae
2129 3378 2230 3412 oculis
2241 3378 2362 3412 similes
2374 3379 2464 3419 sunt,

1403 3444 1460 3486 qui
1481 3445 1579 3478 noctu
1597 3442 1729 3486 quidem
1746 3441 1876 3480 valent,
1898 3439 1953 3473 sed
1979 3439 2046 3472 sole
2070 3438 2258 3481 splendente
2275 3438 2461 3472 caecutiunt.

1402 3504 1454 3536 Sic
1468 3503 1598 3537 illorum
1616 3502 1746 3544 quidem
1764 3509 1856 3534 mens
1872 3499 2056 3533 acutissima
2075 3500 2123 3532 est
2134 3502 2165 3531 et
2176 3497 2336 3540 aptissima
2352 3497 2393 3530 ad
2407 3506 2463 3530 va·
2524 3488 2528 3492 ’
