2612 3814
19 3023 21 3026 —
18 2928 25 2935 υ

339 255 386 285 ιιθ
641 246 644 249 ’
1207 226 1622 272 COMMENTARms

390 333 471 372 Vss.
492 331 663 378 326-32'7
686 326 777 367 ἀλλὰ
806 326 1014 367 διέσπασται
1040 321 1138 376 κτλ.]
1162 320 1387 361 Aristoteles

338 394 384 431 ‹le
404 391 587 430 Generat.
605 387 764 427 animal.
786 386 817 434 l,
842 386 887 423 18
908 399 948 437 p.
965 398 1039 432 722
1058 384 1098 423 b.
1116 381 1175 420 ed.
1197 380 1359 419 Bekker.
1376 392 1385 415 ε

340 452 440 499 φησὶν
459 451 488 504 (ὁ
505 447 762 500 Ἐμπεδοκλῆς)
785 448 819 485 ἐν
844 447 893 497 τῷ
916 444 1032 498 ἄρρενι
1053 441 1114 481 καὶ
1133 442 1183 494 τῷ
1198 439 1297 485 θήλει
1320 430 1389 475 οἷον

339 495 517 563 σύμὸολον
553 509 699 558 ἐνεῖναι,
735 506 815 544 ὅλον
848 504 875 543 δ’
910 504 970 541 ἀπ’
1006 499 1185 553 οὐδετέρου
1223 495 1388 544 ἀπιέναι,

342 591 355 605 a
376 569 466 610 ἀλλὰ
486 567 694 608 διέσπασται
727 564 859 616 μελέων
879 562 978 617 φύσις
997 563 1019 608 ἡ
1051 559 1114 611 μὲν
1145 559 1179 597 ἐν
1212 555 1346 610 ἀνδρός.
1374 573 1389 587 υ

342 630 397 669 lb.
418 629 479 678 lv,
507 642 521 666 1
547 640 630 679 pag.
653 627 727 674 746
746 624 785 665 1).
804 636 813 663 t
833 622 911 661 οὔτε
931 620 998 672 γὰρ
1016 617 1270 667 διεσπασμένον
1293 613 1388 653 ἐνδέ-

341 704 446 741 χεται
468 686 507 724 τὸ
536 688 640 736 σῶμα
660 687 721 723 τοῦ
754 682 953 734 σπέρματος
983 673 1095 729 εἶναι,
1122 676 1162 716 τὸ
1190 674 1252 727 μὲν
1281 676 1314 713 ἐν
1340 675 1391 725 τῷ

343 734 439 794 θήλει
455 745 495 784 τὸ
514 746 543 783 δ’
561 746 595 782 ἐν
617 746 665 796 τῷ
684 743 819 796 ἄῤῥενι,
837 740 995 790 καθάπερ
1020 736 1267 787 Ἐμπεδοκλῆς
1287 748 1390 787 φησιν

342 804 461 844 εἰπών’
483 822 499 838 «ι
527 803 618 843 ἀλλὰ
647 801 856 840 διέσπασται
878 797 1011 849 μελέων
1033 795 1132 848 φύσις
1148 796 1170 841 ἡ
1193 792 1254 844 μὲν
1275 795 1308 831 ἐν
1331 793 1392 829 ἀν-

343 864 433 917 δρός.
468 882 484 898 υ
511 862 638 901 Verba
669 864 689 907 ἡ
723 859 759 899 δὲ
791 856 953 910 γυναικὸς
983 855 1119 906 adjicit
1146 853 1392 904 Philoponus

342 925 557 962 Comment.
581 923 620 959 in
639 921 675 959 h.
693 920 717 959 1.
738 919 760 957 f.
780 920 824 957 81
851 917 874 955 b
897 931 906 957 :
928 915 1045 967 ἔλεγεν
1065 913 1117 953 ὅτι
1137 912 1346 952 διέσπασται
1367 913 1390 958 ἡ

346 983 408 1029 μὲν
430 984 463 1020 έν
482 980 635 1033 ἀνδρὸςὴ
655 979 684 1018 δ’
707 979 740 1016 ἐν
758 975 930 1028 γυναικός.
952 974 1057 1012 Idem
1079 973 1127 1011 de
1149 972 1279 1011 Anim.
1300 983 1389 1021 gen.

346 1043 357 1080 Ι
385 1042 410 1081 f.
450 1043 493 1079 16
517 1053 552 1079 a.
575 1039 629 1077 ait
653 1053 660 1076 :
682 1036 788 1076 εἰπὼν
810 1035 844 1074 δὲ
868 1036 899 1088 (ὁ
919 1031 1173 1087 Ἀριστοτέλης)
1197 1050 1210 1065 κ
1229 1033 1251 1078 ἡ
1274 1030 1336 1082 μὲν
1357 1031 1391 1069 ἐν

348 1101 468 1151 ἀνδρὸς
495 1117 511 1133 w
538 1099 600 1136 οὐκ
627 1096 788 1135 ἀπέδωκε
807 1095 846 1134 τὸ
864 1099 886 1141 ἡ
907 1095 936 1132 δ’
964 1096 997 1133 ἐν
1018 1092 1194 1144 γυναικός.
1226 1091 1288 1129 Vs.
1315 1090 1391 1127 326

344 1162 378 1198 ἐν
401 1167 566 1208 utroque
596 1157 682 1194 loco
702 1155 846 1193 omittit
866 1153 950 1192 cod.
979 1167 999 1190 z
1021 1151 1126 1204 apud
1157 1150 1387 1189 Bekkerum.

343 1215 660 1255 Panzerbieterus
680 1214 748 1266 qui
769 1213 868 1267 φύσιν
891 1212 953 1250 hic
971 1211 1105 1262 γένεσιν
1131 1223 1215 1249 esse
1235 1209 1390 1257 statuit,

346 1275 546 1327 legendum
579 1273 743 1325 conjicit
773 1275 795 1319 ἡ
830 1270 892 1323 μὲν
922 1270 984 1309 ἀπ’
1017 1269 1138 1323 ἀνδρὸς
1169 1269 1246 1308 κτλ.
1278 1281 1394 1307 sensu

344 1336 447 1374 bono
468 1348 476 1372 ε
499 1335 742 1371 membrorum
760 1335 958 1382 generatio
976 1331 1120 1381 duplex
1137 1338 1177 1366 et
1192 1332 1301 1378 quasi
1320 1330 1394 1364 dis-

343 1404 462 1432 tracta
482 1402 556 1441 est,
575 1397 628 1430 ita
646 1401 686 1429 ut
697 1396 842 1442 partim
865 1404 890 1427 a
906 1394 1006 1436 viro,
1033 1393 1175 1440 partim
1198 1401 1222 1425 a
1237 1386 1391 1435 femina

340 1455 608 1504 proficiscatur.
653 1452 700 1488 At
730 1450 858 1490 obstat
886 1449 1026 1487 Galeni
1065 1447 1174 1486 locus
1213 1460 1291 1497 quo
1333 1459 1395 1485 res

344 1511 538 1564 imprimis
555 1510 785 1548 illustratur.
799 1507 973 1558 Namque
988 1506 1056 1545 ille
1069 1506 1117 1544 de
1130 1505 1277 1544 Semin.
1299 1504 1350 1552 11,
1372 1519 1391 1552 7

345 1571 424 1608 baec
443 1571 490 1608 de
508 1568 739 1620 Empedocle
762 1567 893 1619 prodit
916 1581 924 1604 :
946 1568 964 1604 ὁ
983 1565 1226 1616 Ἐμπεδοκλῆς
1249 1562 1396 1602 διεσπά-

344 1632 423 1667 σθαι
442 1628 527 1680 φησὶ
548 1627 593 1665 τὰ
618 1630 678 1664 τοῦ
697 1624 999 1676 γεννηθησομένου
1030 1623 1156 1676 μόρια,
1173 1623 1234 1662 καὶ
1253 1622 1297 1661 τὰ
1331 1622 1394 1674 μὲν

343 1690 377 1726 ἐν
399 1690 446 1740 τῷ
472 1691 531 1725 τοῦ
551 1685 690 1739 ἄῤῥενος
706 1684 906 1737 σπέρματι,
925 1683 969 1723 τὰ
990 1682 1018 1722 δ’
1048 1684 1081 1721 ἐν
1102 1684 1152 1736 τῷ
1178 1685 1239 1730 τ’ῆς
1256 1681 1395 1729 θηλείας

343 1745 583 1798 περιέχεσθαι·
605 1744 664 1783 καὶ
688 1746 795 1791 αὐτῆς
812 1759 850 1795 γε
870 1747 931 1791 τῆς
951 1742 1168 1796 Ἀφροδισίου
1189 1743 1396 1794 συμπλοκῆς

343 1807 496 1843 ἐντεῦθεν
515 1803 670 1855 γίνεσθαι
684 1805 755 1847 τοῖς
769 1802 866 1848 ζώοις
879 1801 943 1850 τὴν
961 1802 1163 1853 ἐπιθυμίαν,
1180 1800 1396 1854 ὀρεγομένων

345 1864 508 1911 ἀλλήλοις
535 1864 702 1909 ἑνωθῆναι
733 1865 802 1901 τῶν
834 1860 1102 1912 διεσπασμένων
1130 1861 1273 1914 μορίων.
1297 1862 1396 1900 Hinc

344 1923 511 1962 efficitur
556 1923 591 1960 ἐν
638 1922 958 1974 praepositionem
1010 1921 1242 1960 servandam
1287 1934 1394 1969 esse,

346 1982 606 2021 membrorum
629 1989 754 2019 autem
776 1979 877 2034 φύσιν
908 1980 956 2018 ad
986 1993 1102 2019 sexus
1131 1980 1395 2019 diversitatem

347 2042 500 2080 relatam
521 2041 651 2093 potius
674 2049 850 2078 naturam
873 2039 922 2078 ab
944 2039 1178 2092 Empedocle
1194 2040 1341 2081 vocari.

397 2100 462 2140 Vs.
488 2101 562 2148 327
598 2102 632 2138 ἔν
653 2100 838 2138 omissum
860 2112 881 2137 a
901 2099 1107 2140 Karstenio
1127 2109 1215 2152 post
1234 2100 1398 2153 γυναικὸς

345 2160 476 2212 posuit
504 2159 692 2207 Steinius‚
720 2171 834 2210 quem
864 2167 1018 2197 secutus
1047 2172 1148 2199 sum.
1179 2159 1396 2212 Conjunxit

345 2217 520 2255 Sturzius
543 2216 615 2256 hos
635 2230 723 2255 cum
749 2229 867 2255 verss.
891 2218 968 2266 329
1001 2226 1038 2256 et
1069 2219 1144 2256 330
1173 2219 1281 2270 apud
1309 2220 1399 2258 Ari*

346 2276 519 2314 stotelem
538 2276 655 2314 unius
670 2276 820 2327 paginae
834 2276 1041 2315 intervallo
1055 2276 1279 2328 disjunctis,
1296 2292 1396 2330 quos

347 2343 473 2372 tamen
506 2335 748 2386 philoponus
779 2336 843 2373 οὐκ
872 2334 942 2374 ἀπὸ
976 2338 1045 2374 τῶν
1078 2335 1198 2390 ἐφεξῆς
1233 2339 1399 2387 ἀλλήλοις

347 2393 452 2432 ὄντων
486 2393 630 2447 στίχων,
656 2393 747 2433 ἀλλὰ
767 2393 887 2450 πόῤῥω
917 2396 978 2433 ἀπ’
1006 2395 1170 2443 ἀλλήλων
1192 2396 1311 2436 fuisse
1345 2406 1398 2437 te·

350 2461 486 2490 statur.

401 2511 466 2549 Vs.
483 2511 572 2549 328.
591 2511 668 2556 τοὺς
684 2513 721 2551 δέ
731 2528 766 2551 τε
786 2511 882 2567 κτλ.]
901 2513 1134 2553 Plutarchus
1151 2515 1224 2561 Qu.
1241 2515 1287 2553 N.
1305 2529 1398 2568 pag.

350 2582 444 2620 917,
472 2569 549 2607 vol.
581 2569 633 2607 lx
654 2584 693 2621 p.
718 2572 791 2610 631
819 2572 877 2610 ed.
898 2573 1025 2611 Reisk.
1048 2588 1058 2612 ε
1079 2574 1120 2612 τὸ
1149 2574 1400 2629 συντρέφεσθαι

352 2627 412 2666 καὶ
430 2629 723 2679 συναγελάζεσθαι
742 2629 786 2668 τὰ
805 2631 913 2679 θήλεα
937 2638 1006 2676 τοῖς
1033 2632 1173 2688 ἄρῤεσιν
1202 2634 1400 2687 ἀνάμνησιν

352 2686 445 2725 ποιεῖ
467 2689 536 2725 τῶν
569 2688 777 2740 ἀφροδισίων
805 2691 865 2729 καὶ
891 2694 1153 2731 συνεκκαλεῖται
1183 2693 1247 2742 τὴν
1277 2693 1401 2748 ὄρεξιν·

357 2745 404 2787 ὡς
428 2744 484 2783 ἐπ’
503 2744 692 2797 ἀνθρώπων
709 2746 955 2797 Ἐμπεδοκλῆς
975 2750 1138 2800 ἐποίησε,
1158 2755 1207 2807 τῷ
1227 2753 1265 2792 δέ
1285 2770 1318 2792 τι
1341 2755 1401 2794 χαὶ

354 2802 457 2847 πόθος
478 2803 547 2842 εἴτε
569 2803 626 2842 διὰ
641 2804 778 2859 πέψεως
795 2807 995 2860 ἀμμίσγων.
1016 2810 1253 2856 Quotidiana
1277 2814 1401 2864 igitur

355 2862 519 2900 marium
547 2871 584 2901 et
604 2863 831 2904 feminarum
853 2869 1133 2909 consuetudine
1155 2871 1316 2912 Veneris
1336 2874 1401 2912 de-

354 2920 542 2960 siderium
565 2922 606 2960 in
627 2922 762 2963 bestiis
786 2926 949 2964 excitari
981 2927 1035 2964 ait
1063 2928 1306 2970 Plutarchus.
1337 2933 1402 2972 Si-

356 2979 449 3018 mile
465 2975 850 3033 quid'Empedoclem
871 2984 919 3023 de
938 2984 1166 3027 hominibus
1182 2991 1403 3041 prodidisse

356 3037 516 3086 scribit;
535 3039 601 3078 sed
619 3053 754 3079 versus
773 3040 858 3093 ejus
875 3044 926 3080 ita
941 3053 1147 3096 corruptus
1164 3056 1238 3094 est,
1258 3058 1302 3087 ut
1319 3050 1403 3088 ‹lif-

360 3095 461 3134 ficile
475 3097 530 3134 sit·
541 3110 626 3135 eum
641 3098 680 3136 in
694 3098 885 3149 integrum
901 3103 1116 3142 restituere.
1135 3103 1268 3157 ltaque
1284 3110 1403 3148 variae

358 3167 380 3191 a
399 3154 499 3193 viris
520 3155 645 3195 doctis
672 3160 883 3210 propositae
908 3169 998 3199 sunt
1025 3162 1270 3214 conjecturae.
1300 3168 1404 3219 Wyt-

360 3212 588 3253 tenbachius
616 3217 720 3254 enim
749 3218 826 3268 legi
843 3219 971 3258 voluit
986 3219 1064 3265 τοὺς
1090 3221 1128 3260 δέ
1148 3238 1186 3261 τε
1210 3224 1271 3263 καὶ
1300 3227 1403 3271 πόθος

361 3263 428 3309 εἷλε
447 3271 490 3310 δι’
510 3271 619 3326 ὄψεως
639 3273 713 3313 ἄντ’
732 3276 948 3328 ἀναμίσγων,
968 3278 1194 3320 Kal-Stenius
1221 3285 1271 3335 τῷ
1299 3283 1329 3322 δ’
1350 3285 1405 3323 ε’πὶ

359 3329 418 3367 καὶ
434 3330 536 3375 πόθος
555 3325 623 3371 εἶσι
650 3334 748 3385 (sive
764 3329 816 3388 ᾖε)
845 3336 888 3374 δι’
904 3336 1002 3389 ὄψιος
1031 3339 1104 3377 ἄντ’
1132 3339 1276 3391 ἀΐσσων,
1305 3343 1404 3383 Pan-

359 3388 596 3430 zerbieterus
624 3390 674 3431 τὼ
694 3393 731 3431 δέ
749 3409 786 3433 τε
810 3394 870 3433 καὶ
897 3395 1000 3441 πόθος
1021 3391 1091 3437 εἷλε
1112 3399 1155 3438 δι’
1174 3399 1270 3454 ὄψιος
1290 3405 1405 3443 oium..

361 3446 541 3497 μνῆσκων,
571 3450 742 3492 Steinius
770 3455 820 3507 τῷ
854 3455 884 3493 δ’
917 3455 972 3494 ἐπὶ
1008 3457 1067 3495 καὶ
1102 3458 1204 3504 πόθος
1237 3441 1322 3508 ἦλθέ
1343 3443 1404 3501 ιδι’

1453 317 1549 370 ὄψιος
1571 314 1801 367 ἀμμιχθέντι,
1822 315 1890 353 sed
1908 315 2100 353 sententia
2122 314 2298 364 flagitare
2320 310 2477 356 videtur
2499 330 2510 357 ε

1449 376 1527 418 τοὺς
1545 374 1581 414 δέ
1604 390 1640 412 τε
1663 374 1723 412 καὶ
1743 373 1847 418 πόθος
1869 367 1940 412 εἷλε
1964 375 2008 412 δι’
2024 374 2123 429 ὄψιος
2143 373 2401 428 ἀμμιχθέντας.
2470 419 2473 421 Α

1505 434 1588 473 Vss.
1611 433 1812 484 329-330.
1834 435 1868 473 ἐν
1889 433 1918 471 δ’
1936 432 2333 488 ἐχύθη-ἀντιάσαντα]
2364 435 2514 474 Aristo·

1451 495 1544 533 teles
1561 493 1609 531 de
1629 493 1775 532 Gener.
1799 493 1967 533 Animal.
1990 493 2020 541 1,
2043 494 2088 531 18
2110 507 2150 546 p.
2178 494 2254 541 723
2286 507 2318 532 a.
2340 493 2402 534 ed.
2422 495 2518 534 Bek-

1452 554 1538 592 ker.
1570 565 1579 589 :
1603 550 1687 605 πρὸς
1707 550 1743 589 δὲ
1760 550 1894 596 τούτοις
1922 553 1951 590 εἰ
1977 552 2018 590 τὸ
2043 553 2131 600 θῆλυ
2145 552 2206 591 καὶ
2230 553 2270 592 τὸ
2291 552 2396 607 ἄῤῥεν
2416 555 2452 593 ἓν
2469 557 2515 602 τῆ

1453 609 1575 657 κυήσει
1609 608 1787 662 διαφέρει,
1816 609 1979 663 καθάπερ
1999 609 2250 661 Ἐμπεδοκλῆς
2274 612 2389 663 λέγει·
2416 614 2454 652 ἐν
2483 613 2515 653 δ’

1454 669 1564 722 ἐχύθη
1585 670 1664 709 κτλ.
1688 668 1798 707 Patet
1817 668 1892 707 hoc
1923 669 2179 720 fragmentum
2209 671 2256 710 ad
2290 684 2406 711 sexus
2433 672 2516 713 dis-

1456 728 1606 767 crimen
1638 728 1914 781 explicandum
1947 729 2206 781 pertinuisse3
2229 719 2297 770 sed
2316 733 2517 784 quomodo

1454 788 1671 827 orationem
1687 788 1946 827 conformarit
1963 788 2215 841 Empedocles
2231 790 2339 830 dictu
2354 791 2518 833 difficile

1453 857 1525 886 est.
1551 847 1682 886 Lectio
1714 862 1795 886 non
1828 849 1954 887 variat
1986 849 2063 888 nisi
2093 850 2202 901 quod
2229 850 2392 890 Bekkeri
2424 852 2514 893 cod.

1455 907 1495 947 S.
1518 910 1617 947 male
1638 922 1711 960 pro
1731 909 1841 962 ἐχύθη
1859 908 1976 947 habet
1995 908 2101 957 ἐλύθη
2121 918 2159 948 et
2177 909 2424 963 Philoponus
2443 926 2518 966 pro

1453 968 1499 1007 τὰ
1521 967 1585 1020 μὲν
1608 969 1704 1007 olim
1737 967 1782 1007 τὰ
1806 966 1842 1006 δὲ
1875 977 2077 1007 exaratum
2110 969 2229 1008 fuisse
2261 977 2438 1013 testatur.
2473 971 2518 1011 ld

1453 1036 1579 1066 autem
1614 1028 1785 1066 efficitur
1818 1041 1867 1066 ex
1901 1027 1987 1080 ejus
2022 1028 2348 1081 interpretatione
2381 1044 2391 1069 z
2425 1032 2461 1070 έν
2488 1030 2519 1070 δ’

1457 1086 1565 1139 ἐχύθη
1587 1090 1792 1140 καθαροῖσι·
1812 1086 1851 1126 τὸ
1871 1086 1907 1126 δὲ
1929 1087 2032 1142 ἄρῤεν
2060 1087 2183 1142 χέετὰι
2207 1086 2287 1135 ἤτοι
2311 1086 2519 1129 συνίσταται

1457 1145 1525 1184 ὑπὸ
1541 1145 1798 1200 καθαρωτέρων
1816 1146 1878 1186 καὶ
1894 1147 2114 1201 θερμοτέρων
2135 1146 2314 1198 αἱμάτων.
2334 1147 2380 1186 τὰ
2400 1147 2438 1189 δὲ
2458 1165 2519 1190 τε·

1456 1205 1595 1245 λε’θουσι
1606 1207 1767 1259 γυναῖκες
1780 1206 1907 1261 ψύχεος
1923 1206 2207 1247 ἀντιάσαντα·τὰ
2221 1206 2257 1246 δὲ
2271 1209 2341 1246 τῶν
2357 1208 2518 1259 αἱμάτων

1458 1265 1638 1306 τελέθουσι
1653 1266 1713 1305 καὶ
1730 1267 1908 1320 γίγνονται
1921 1271 2095 1319 γυναῖκες,
2113 1265 2303 1319 ψυχθέντα.
2323 1268 2520 1310 Bekkerus

1455 1326 1634 1376 vulgavit
1653 1325 1698 1364 τὰ
1718 1326 1798 1377 μὲν,
1821 1327 1888 1365 sed
1910 1328 1951 1365 in
1969 1326 2171 1366 veteribus
2192 1340 2351 1379 quoque
2371 1328 2520 1370 Aristo-

1456 1385 1543 1424 telis
1562 1385 1804 1425 editionibus
1816 1395 1942 1425 exstat
1959 1384 2004 1424 τὰ
2023 1383 2076 1426 δέ.
2092 1385 2282 1425 Neutrum
2296 1386 2415 1427 Gazae
2431 1397 2521 1428 ante

1456 1445 1591 1484 oculos
1612 1445 1685 1483 fuit
1706 1446 1876 1484 vertenti
1905 1460 1913 1483 ε
1925 1445 2113 1494 funditur
2131 1450 2170 1483 ἰη
2187 1451 2295 1497 purt's
2323 1461 2421 1494 mas,
2449 1448 2520 1496 Je-

1456 1509 1560 1542 mina
1567 1504 1722 1556 frigore
1741 1510 1857 1552 misto,
1887 1506 1999 1556 quasi
2019 1506 2159 1556 legerit
2181 1520 2189 1544 :
2213 1507 2249 1544 ἐν
2270 1505 2304 1544 δ’
2323 1506 2430 1560 ἐχύθη
2450 1522 2518 1546 κα-

1458 1566 1575 1617 θαροῖς
1597 1564 1717 1618 ἄῤῥεν,
1735 1564 1913 1604 τελέθουσι
1935 1568 2111 1617 γυναικῶν
2140 1564 2271 1619 ψύχεος
2303 1566 2520 1607 ἀντιάσαντα

1458 1622 1559 1674 γένη.
1578 1624 1708 1670 Quum
1729 1637 1825 1663 vero
1850 1624 2107 1676 Empedocles
2131 1625 2368 1665 existimarit
2387 1639 2520 1666 semen

1457 1681 1496 1719 in
1509 1683 1735 1721 calidiorem
1746 1683 1847 1721 uteri
1859 1692 2006 1735 partem
2020 1684 2191 1723 infusum
2205 1697 2334 1723 mares
2342 1685 2518 1737 gignere,

1457 1741 1498 1779 in
1520 1743 1767 1793 frigidiorem
1799 1743 1964 1782 feminas
1987 1743 2082 1794 (vid.
2118 1757 2176 1783 vs.
2212 1745 2326 1797 332),
2360 1755 2523 1799 apparet

1461 1803 1497 1841 ἓν
1519 1802 1550 1840 δ’
1568 1801 1676 1855 ἐχύθη
1696 1805 1882 1854 καθαροῖσι
1902 1802 2040 1842 referri
2061 1802 2110 1841 ad
2137 1816 2271 1842 semen
2291 1804 2403 1856 puris
2419 1806 2522 1844 uteri

1460 1861 1558 1900 locis
1579 1860 1712 1914 (τόποις
1731 1865 1793 1909 τῆς
1824 1861 1987 1915 γαστρός)
2009 1861 2211 1914 injectum.
2234 1862 2411 1914 Scaliger
2427 1863 2522 1902 Em-

1459 1921 1660 1973 pedoclem
1680 1921 1886 1974 scripsisse
1901 1922 2072 1974 conjecit
2088 1937 2097 1960 :
2111 1924 2147 1962 ἐν
2159 1922 2188 1961 δ’
2199 1922 2308 1976 ἐχύθη
2323 1921 2522 1976 ταλάροισι,

1459 1979 1503 2019 τὰ
1524 1980 1566 2028 δὴ
1592 2011 1658 2032 ...,
1675 1981 1854 2020 Sturzius
1873 1991 1998 2020 autem
2021 1981 2210 2035 ἐγκέχυται
2232 1986 2407 2036 θερμοῖσι·
2425 1981 2470 2021 τὰ
2490 1983 2520 2021 δ’

1460 2040 1679 2080 ἐκτελέθουσι
1702 2047 1864 2094 γυναῖκες
1893 2041 2020 2094 ψύχεος
2042 2041 2274 2081 ἀντιάσαντα.
2304 2041 2461 2094 Reliqui
2478 2043 2522 2082 in

1460 2101 1654 2152 scriptura
1668 2101 1797 2152 qualis
1811 2114 1832 2139 a
1846 2101 2020 2139 Bekkero
2032 2101 2137 2140 edita
2150 2105 2208 2142 est
2225 2101 2521 2154 acquieverunt,

1460 2160 1688 2198 sententiam
1710 2159 1918 2198 emendare
1936 2174 2014 2198 non
2044 2161 2145 2200 ausi.
2169 2161 2246 2199 Sed
2275 2161 2365 2213 quis
2395 2174 2523 2201 neces-

1461 2220 1610 2257 sarium
1661 2220 1946 2258 enuntiationis
1988 2219 2257 2272 Empedocleae
2304 2219 2524 2267 membrum

1461 2278 1569 2330 quod
1597 2278 1646 2319 ad
1675 2291 1802 2317 mares
1832 2287 1980 2331 spectat
2011 2281 2060 2318 ab
2095 2279 2304 2319 Aristotele
2334 2279 2523 2319 omissum

1461 2351 1546 2377 esse
1565 2337 1643 2376 sibi
1659 2338 1918 2389 persuadeat?
1938 2338 2191 2391 Quapropter
2216 2352 2290 2392 pro
2306 2338 2351 2378 τὰ
2372 2338 2437 2390 μὲν
2463 2341 2525 2379 vel

1463 2396 1507 2435 τὰ
1527 2398 1562 2436 δὲ
1584 2398 1766 2450 suspicor
1784 2398 1939 2436 restitui
1954 2407 2138 2450 oportere
2152 2398 2268 2453 ἄρῤεν,
2282 2398 2425 2438 deinde
2436 2408 2527 2450 post

1463 2457 1677 2496 ἀντιάσαντα
1710 2457 1861 2509 requiri
1894 2457 1977 2509 γένη
2014 2459 2233 2511 (γυναικῶν),
2264 2458 2374 2510 quod
2411 2458 2526 2498 Gazae

1462 2515 1711 2555 obversatum
1731 2516 1850 2555 fuisse
1866 2517 1965 2557 dixi.

1514 2575 1580 2615 Vs.
1618 2577 1710 2615 331.
1735 2575 1883 2624 λιμένας
1908 2574 2008 2631 >vt->nl
2038 2577 2170 2617 Schol.
2205 2578 2346 2630 Eurip.
2380 2577 2521 2617 Phoen.

1462 2648 1553 2686 pag.
1586 2635 1664 2673 600
1693 2634 1755 2674 ed.
1773 2634 1907 2675 Valck.
1930 2636 1979 2674 ad
2011 2649 2070 2676 vs.
2097 2638 2143 2676 18
2164 2635 2215 2688 μὴ
2248 2641 2368 2690 σπεῖρε
2393 2636 2524 2677 τέκνων

1465 2695 1578 2733 ἄλοκα
1607 2694 1782 2745 δαιμόνων
1813 2694 1873 2750 βία
1903 2695 1986 2735 haec
2014 2705 2205 2736 annotat:
2226 2693 2476 2747 Ἐμπεδοκλῆς
2507 2700 2526 2736 ὃ

1463 2755 1606 2808 φυσικὸς
1621 2755 1828 2808 ἀλληγορῶν
1853 2770 1939 2808 φησι
1962 2755 2127 2808 σχιστοὺς
2141 2755 2287 2807 λιμένας
2305 2754 2525 2810 Ἀφροδίτης,

1463 2815 1498 2852 ε’ν
1525 2807 1573 2858 οἷς
1596 2817 1618 2861 ἡ
1639 2816 1708 2852 τῶν
1731 2814 1866 2852 παίδων
1891 2814 2024 2866 γένεσίς
2050 2816 2158 2856 ἔστιν,
2189 2815 2248 2854 Ad
2274 2823 2441 2854 metrum
2469 2829 2526 2855 re·

1462 2872 1700 2912 stituendum
1714 2875 1964 2925 transpositis
1981 2888 2082 2927 opus
2098 2887 2182 2913 esse
2193 2873 2330 2914 verbis
2349 2874 2523 2926 Steinius

1463 2933 1575 2980 vidit,
1585 2945 1699 2984 quem
1711 2942 1865 2971 secutus
1876 2933 1982 2972 edidi
1993 2933 2141 2985 λιμένας
2155 2950 2191 2974 σ.
2208 2933 2259 2975 Ἀ.
2277 2933 2525 2986 Empedoclis

1463 2991 1608 3043 placito
1634 2991 1765 3030 lumen
1785 2993 1897 3031 affert
1915 2993 2055 3033 Galeni
2075 2994 2186 3033 locus
2214 3007 2330 3046 quem
2348 2993 2397 3032 ad
2417 3006 2521 3034 vers.

1466 3052 1541 3089 326
1558 3050 1730 3090 laudavi.

1519 3109 1605 3148 Vss.
1629 3111 1832 3157 332-334.
1851 3113 1885 3150 ἐν
1902 3111 1972 3166 γὰρ
1991 3112 2400 3167 θερμοτέρῳ-μᾶλλον]
2412 3111 2526 3151 Gale·

1464 3182 1537 3208 nus
1556 3169 1599 3208 in
1614 3169 1840 3221 Hippocrat.
1861 3170 2037 3222 Epidem.
2058 3172 2122 3219 lv,
2148 3187 2191 3221 2,
2213 3172 2263 3213 T.
2284 3170 2336 3210 lx
2354 3186 2396 3225 p.
2419 3173 2522 3213 430:

1462 3229 1504 3268 τὸ
1534 3227 1653 3280 μέντοι
1674 3228 1778 3284 ἄῤῥεν
1802 3230 1837 3268 ἐν
1862 3232 1912 3283 τῷ
1943 3230 2043 3285 δεξιῷ
2070 3232 2171 3286 μέρει
2196 3236 2260 3281 τῆς
2285 3230 2423 3285 μήτρας
2445 3230 2524 3272 xui-

1465 3291 1611 3328 σκεσθαι
1630 3288 1691 3328 καὶ
1718 3288 1819 3327 ἄλλοι
1843 3291 1912 3329 τῶν
1940 3291 2171 3332 παλαιτάτων
2189 3293 2323 3346 ἀνδρῶν
2342 3291 2525 3346 εἰρήκασιν

1468 3378 1478 3388 .
1514 3377 1522 3386 .
1556 3378 1566 3388 .
1599 3378 1608 3386 .
1638 3351 1656 3387 ὃ
1674 3348 1702 3386 δ’
1718 3347 1966 3400 Ἐμπεδοκλῆς
1985 3349 2110 3395 οὕτως·
2128 3353 2163 3391 ἐν
2180 3350 2248 3404 γὰρ
2263 3349 2462 3405 θερμοτέρῳ
2485 3351 2526 3390 τὸ

1465 3408 1546 3445 κατ’
1565 3406 1695 3461 ἄῤῥενα
1713 3407 1839 3447 ἔπλετο
1858 3408 1962 3460 γαίης
1975 3410 2053 3450 κτλ.
2072 3411 2131 3449 Ex
2149 3411 2211 3450 his
2231 3411 2372 3450 Galeni
2390 3410 2525 3450 verbis

1467 3467 1560 3505 satis
1581 3467 1812 3518 intelligitur
1833 3469 2034 3519 vulgatum
2058 3470 2160 3522 γαίης
2190 3471 2417 3510 mutandum
2440 3483 2524 3510 esse
