2612 3814
314 266 364 301 58
1174 249 1594 290 COMMENTAmUs

309 346 537 399 Simplicius
568 345 615 383 ad
642 344 760 396 Phys.
783 343 807 382 f.
838 344 884 388 31.
909 342 933 381 b
954 354 1108 380 versum
1133 341 1244 379 illum
1266 339 1364 378 affe—
1426 347 1466 377 ut
1486 337 1825 390 planiusloquar:
1854 354 1870 370 α
1896 345 2089 388 quatenus
2105 350 2250 389 corpus
2268 337 2486 377 humanum

309 421 396 447 rens
427 407 543 445 habet
567 405 710 456 γέννην,
731 404 796 442 sed
825 403 944 454 Phys.
975 402 1000 441 f.
1025 402 1069 439 31
1095 414 1116 439 a
1154 410 1191 438 et
1210 400 1359 437 Comm.

305 467 352 506 ad
371 467 463 507 libr.
481 466 529 504 de
548 465 642 503 Coel.
663 478 724 516 ap.
753 463 911 514 Peyron
933 476 970 514 p.
989 463 1038 500 56
1065 459 1200 511 γένναν.
1227 459 1362 509 ltaque

305 526 408 579 apud
425 524 698 564 Parmenidem
714 536 801 561 cum
822 520 1026 559 Karstenio
1042 519 1201 569 vulgavi
1217 516 1357 568 γέννην,

306 598 433 637 neque
458 584 544 635 ejus
579 583 635 622 rei
672 595 732 620 me
769 594 872 619 nunc
900 579 1076 631 poenitet.
1113 577 1157 615 In
1199 576 1361 615 Pindari

305 645 465 696 Olymp.
494 641 579 690 Vll,
610 643 658 680 23
681 641 844 692 reperiri
869 638 972 691 γέννα
1000 647 1036 675 et
1055 638 1170 689 Pyth.
1192 636 1256 683 lV,
1288 651 1360 674 100

306 704 430 756 γένναν
452 703 521 741 vix
538 700 832 740 memorandum
859 706 928 737 est.
953 698 1077 735 Aliter
1095 697 1142 735 de
1161 696 1360 748 Empedo-

305 765 364 804 cle
382 762 639 816 judicandum
657 760 746 812 qui,
765 760 795 797 si
817 758 913 810 quid
934 757 1075 807 integri
1097 758 1138 795 in
1160 756 1359 795 membra-

306 826 366 862 nis
392 830 588 874 superest,
608 833 667 859 vs.
702 820 752 856 88
783 817 941 868 scripsit
967 830 975 853 :
1004 819 1116 854 ταῦτα
1141 814 1208 867 γὰρ
1236 809 1302 853 ἷσά
1322 830 1359 853 τε

305 881 424 920 πάντα
447 880 507 920 κα).
525 879 632 926 ἥλικα
655 879 778 930 γένναν
804 875 903 914 ἔασιν
917 906 925 921 ,
943 874 1009 913 sed
1031 875 1105 912 hoc
1124 874 1211 912 loco
1234 874 1356 927 γέννῃ,

305 954 382 992 qua
400 941 439 978 in
458 953 500 978 re
517 939 695 977 codicum
715 936 828 974 fidem
845 934 1075 973 labefactare
1091 934 1214 973 nolui.
1226 934 1361 985 ltaque

307 999 514 1051 reprobata
545 996 737 1035 Karstcnii
768 993 991 1045 conjectura
1022 992 1126 1045 γέννᾳ
1157 993 1221 1031 hic
1250 991 1354 1045 γέννῃ

306 1057 550 1096 retinendum
566 1069 649 1094 esse
665 1054 877 1093 arbitratus
892 1066 991 1092 sum.
1010 1075 1064 1082 -
1084 1053 1128 1091 In
1154 1053 1231 1090 fine
1253 1051 1352 1103 ejus-

305 1117 391 1155 dem
423 1128 560 1154 versus
588 1129 660 1167 pro
696 1113 801 1163 vulg.
832 1113 1039 1163 ἔκμακτοῖσι
1071 1111 1230 1164 reposui
1267 1125 1354 1149 cum

305 1177 455 1215 Steinio
474 1174 698 1225 ἐκμᾶκτοισι.

356 1234 421 1274 Vs.
439 1248 526 1283 270.
545 1231 870 1284 νεικεογεννήτοισιν
881 1230 978 1282 κτλ.]
995 1229 1179 1268 Aldinum
1191 1229 1353 1281 Simpli-

304 1294 357 1332 cii
376 1293 597 1345 exemplum
617 1291 776 1330 exhibet
801 1305 809 1328 :
831 1290 1170 1341 νεικεογεννήστεσιν
1189 1288 1241 1327 ὅτι
1259 1304 1357 1342 σφισι

302 1351 425 1404 γέννας
444 1354 552 1406 ὀργᾶ,
570 1351 653 1390 cod.
669 1351 699 1389 C
718 1349 749 1388 δ’
772 1348 926 1403 ὑγραίνει
951 1364 1010 1387 κεο
1028 1346 1252 1400 γεννέστησιν
1269 1378 1278 1396 ,
1302 1348 1355 1388 ὅτι

303 1411 401 1464 σφίσι
416 1417 536 1463 γεννᾶν
555 1412 659 1463 ὀργᾷ,
683 1410 768 1449 cod.
788 1410 821 1446 D
854 1409 884 1446 δ’
904 1406 994 1460 ὑγρὰ
1013 1407 1352 1458 νεικεογέννεστισιν.

303 1470 372 1509 His
387 1471 495 1509 vitiis
511 1470 693 1508 tollendis
709 1469 787 1507 viri
799 1468 903 1506 docti
922 1480 1058 1505 manus
1072 1466 1355 1506 emendatrices

301 1529 569 1567 admoverunt.
586 1530 641 1566 Ac
661 1527 839 1566 Sturzius
861 1527 1019 1578 quidem
1040 1526 1236 1578 duplicem
1259 1540 1352 1578 pro-

303 1589 435 1639 posuit
456 1587 719 1638 conjecturam
745 1600 753 1623 :
792 1585 1150 1638 νεικεογεννέστῃσιν,
1172 1586 1225 1625 ὅτι
1255 1587 1354 1640 σφίσι

303 1646 406 1698 γέννη
433 1648 521 1700 ὀργᾷ
541 1646 602 1684 vel
635 1644 688 1684 ὅτι
721 1644 819 1698 σφίσι
838 1651 909 1683 πᾶν
931 1645 1027 1696 γένος
1049 1648 1161 1699 ὀργᾷ,
1184 1646 1356 1697 Scaliger

301 1704 654 1756 νεικεογεννήταισιν,
689 1704 916 1742 Karstenius
942 1707 1262 1755 νεικεογεννητῇσιν
1291 1706 1354 1744 vel

301 1764 607 1816 νεικειογενέτῃσιν
628 1762 683 1802 ὅτι
711 1763 809 1816 σφίσι
829 1769 899 1801 πᾶν
921 1764 1029 1814 δέμας
1055 1765 1164 1816 ὀργᾷ,
1185 1764 1354 1803 Panzer—

301 1823 475 1862 bieterus
495 1823 622 1866 νείκεος
636 1822 829 1874 ἐννεσίῃσιν
845 1853 854 1871 ,
869 1822 922 1861 ὅτι
943 1821 1040 1876 σφίσι
1060 1821 1147 1875 γένν’
1161 1821 1329 1875 ἄστοργος
1341 1855 1351 1872 ,

302 1881 519 1920 Lobeckius
550 1881 790 1933 Paralipom.
821 1894 860 1932 p.
894 1881 966 1925 451
1005 1880 1350 1932 νεικεογεννήτοισιν,

301 1954 417 1993 quem
440 1941 617 1992 sequitur
641 1940 816 1978 Steinius
842 1949 998 1979 versum
1024 1941 1079 1978 ita
1109 1940 1310 1990 corrigens
1343 1955 1351 1978 :

303 1999 633 2051 νεικεογεννήτοισιν
661 1998 712 2037 ὅτ’
741 2001 803 2038 οὐκ
840 1999 953 2050 ἀγανή
985 2014 1103 2052 σφισιν
1132 1999 1235 2051 ὀργή.
1265 2000 1355 2039 Haec

301 2060 476 2097 omnium
506 2059 655 2111 optima
679 2059 898 2098 emendatio
921 2068 1003 2110 est,
1025 2060 1068 2097 in
1089 2073 1167 2111 qua
1198 2060 1353 2111 acquie-

300 2119 440 2157 vissem
453 2148 463 2166 ,
482 2119 559 2156 nisi
577 2118 814 2157 versiculum
831 2119 977 2157 omissa
991 2118 1203 2157 verborum
1227 2128 1354 2158 trans-

300 2178 494 2230 positione
526 2177 810 2216 restituendum
838 2187 1030 2230 putarem.
1085 2178 1351 2225 Quamobrem

299 2237 460 2276 exaravi
481 2251 490 2274 :
512 2235 839 2288 νεικεογεννήτοισιν
863 2235 917 2275 ὅτι
938 2237 1036 2290 σφίσι
1057 2236 1223 2282 δύσκολος
1249 2239 1351 2291 ὀργή.

298 2296 394 2342 Quae
409 2297 441 2335 si
459 2304 560 2334 recte
581 2309 621 2334 se
638 2295 799 2342 habent,
814 2296 937 2334 verba
955 2298 1012 2335 sic
1025 2298 1222 2336 cohaerent
1238 2312 1246 2336 ε
1273 2297 1352 2351 (τὰ)

301 2355 416 2403 πάντη
444 2353 687 2406 συγγίγνεσθαι
709 2354 818 2401 ἀήθεα
847 2354 908 2393 καὶ
943 2355 1042 2406 μάλα
1071 2356 1206 2409 λυγρά,
1242 2357 1353 2409 ἐχθρὰ

301 2414 360 2451 ἀπ’
381 2414 542 2462 ἀλλήλων
559 2414 723 2451 πλεῖστον
737 2413 912 2466 διέχουσιν
924 2444 933 2462 ,
949 2414 1083 2465 ἄμικτα
1100 2415 1227 2468 (ὄντα)
1249 2415 1351 2469 γέννῃ

300 2487 337 2510 τε
353 2471 477 2524 κράσει
503 2488 540 2511 τε
560 2473 620 2511 καὶ
638 2472 762 2511 εἴδεσιν
783 2473 1011 2524 ἐκμάκτοισι,
1039 2473 1092 2513 ὅτι
1111 2477 1353 2527 νεικεογεννή-

302 2546 411 2569 τοισιν
428 2525 549 2584 (οὖσιν)
569 2530 733 2576 δύσκολός
750 2546 867 2583 σφισιν
883 2532 970 2584 ὀργή
992 2533 1111 2586 (ἐστιν)
1134 2548 1221 2585 quae
1239 2548 1354 2587 supe-

303 2590 477 2630 rioribus
509 2590 607 2629 bene
628 2591 866 2643 respondent
898 2604 907 2631 :
942 2590 1007 2630 ὅσα
1039 2598 1165 2645 κρᾶσιν
1194 2593 1351 2647 ἐπαρκέα

301 2648 400 2688 ἔασιν
416 2678 426 2697 ,
445 2650 608 2696 ἀλλήλοις
627 2647 810 2702 ἔστερκται
821 2680 832 2698 ,
851 2651 1054 2700 ὃμοιωθέντ’
1074 2652 1270 2706 Ἀφροδίτῃ.

357 2707 421 2747 Vs.
444 2722 533 2756 271.
552 2709 634 2761 τῇδε
653 2708 714 2758 μὲν
736 2709 842 2763 κτλ.]
856 2710 1081 2762 Simplicius
1101 2712 1220 2763 Phys.
1246 2712 1270 2750 f.
1302 2719 1349 2761 74

276 2809 283 2818 ⁶
304 2765 343 2806 b.
378 2767 610 2805 Particulam
632 2761 690 2806 οῧν
717 2768 885 2807 inseruit
908 2769 1146 2810 Karstenius.
1173 2771 1353 2810 Ostendit

304 2825 368 2863 hic
387 2839 542 2877 quoque
565 2840 702 2866 versus
716 2856 726 2875 ,
749 2836 935 2878 quantum
953 2829 1129 2868 Fortuna
1149 2830 1192 2868 in
1216 2844 1347 2870 rerum

306 2893 452 2924 naturae
495 2899 661 2938 corpore
693 2887 904 2926 secundum
951 2887 1226 2940 Empedoclem
1273 2904 1350 2929 va-

306 2946 394 2984 leat.

358 3003 422 3041 Vs.
444 3017 536 3052 27²·
554 3003 615 3042 καὶ
633 3003 780 3043 καθόσον
795 3007 876 3044 κτλ.
894 3004 910 3056 ]
936 3005 1163 3057 Simplicius
1181 3007 1299 3059 Phys.
1323 3010 1349 3048 f.

306 3065 354 3108 74
384 3060 411 3099 b
437 3061 541 3100 hunc
569 3071 607 3100 et
639 3062 922 3115 praecedentem
951 3065 1187 3104 versiculum
1219 3067 1352 3105 laudat

305 3120 366 3158 his
385 3120 517 3159 verbis
538 3135 547 3158 :
569 3120 630 3160 καὶ
653 3120 769 3160 πολλὰ
786 3122 827 3161 ἄν
855 3137 909 3168 τις
924 3122 1069 3176 εὕροιέκ
1085 3127 1155 3164 τῶν
1171 3125 1352 3177 Ἐμπεδο-

303 3180 426 3223 κλέους
444 3182 599 3232 φυσικῶν
613 3183 758 3219 τοιαῦτα
774 3179 1014 3234 παραθέσθαι,
1028 3181 1150 3237 ὥσπερ
1163 3183 1224 3222 καὶ
1238 3188 1350 3223 τοῦτο·

306 3238 387 3291 τῇδε
417 3238 481 3289 μὲν
507 3237 620 3285 ἰότητι
639 3238 748 3291 τύχης
770 3239 986 3293 πεφρόνηκεν
1007 3240 1165 3280 ἅπαντα·
1191 3242 1252 3281 καὶ
1275 3245 1351 3295 μετ’

304 3294 420 3350 ὀλίγον
431 3311 441 3321 ·
455 3297 516 3336 καὶ
530 3296 677 3338 καθόσον
693 3298 756 3350 μὲν
774 3298 968 3353 ἀραιότατα
986 3299 1169 3353 ξυνέκυρσε
1185 3301 1350 3343 πεσόντα.

306 3356 450 3396 Sensus
467 3357 625 3396 videtur
643 3370 727 3397 esse
746 3372 756 3396 ι
781 3376 798 3393 «ι
832 3367 979 3411 quanto
1006 3360 1204 3399 tenuiores
1225 3369 1353 3412 partes

305 3416 345 3454 in
365 3429 529 3469 corpore
548 3417 717 3456 humano
734 3418 832 3457 forte
858 3428 1102 3470 congregatae
1121 3429 1231 3468 sunt,
1247 3429 1354 3459 tanto

303 3475 494 3515 acutiores
514 3485 604 3515 sunt
622 3476 726 3516 ocuti
752 3490 796 3516 ac
809 3477 987 3516 velocior
1008 3491 1117 3518 mens
1133 3488 1191 3517 est
1236 3497 1252 3512 ι»
1268 3480 1345 3523 vel,

1423 411 1444 436 e
1473 396 1718 435 tenuissimis
1753 395 1933 448 partibus
1960 397 2172 435 conflatum
2209 405 2289 447 est,
2323 405 2486 437 eatenus

1424 457 1604 495 homines
1621 457 1759 494 ceteris
1776 455 2044 495 animantibus
2057 469 2208 495 summa
2222 457 2432 496 oculorum
2447 465 2488 496 et

1425 517 1567 555 mentis
1589 516 1671 554 acie
1695 524 1893 567 praestant.
1917 533 1933 550 „
1969 515 2014 554 In
2033 516 2196 554 eandem
2219 517 2299 555 fere
2329 525 2487 556 senten-

1424 579 1515 614 tiam
1547 579 1630 614 haec
1659 575 1896 614 Karstenius
1914 577 2076 628 accepit.
2095 576 2235 615 Caeteri
2250 585 2397 629 tacent,
2416 589 2486 616 ex-

1424 644 1535 687 cepto
1551 634 1858 673 Panzerbietero
1881 635 1950 686 qui
1972 635 2077 674 hunc
2102 649 2261 675 versum
2293 635 2486 676 illustrari

1424 705 1532 748 putat
1552 696 1638 733 loco
1658 694 1692 732 T
1696 694 1952 746 lieophrasteo
1967 694 2017 733 de
2033 697 2142 735 Sens.
2162 697 2185 748 S
2207 710 2267 744 ιο,
2281 695 2344 735 καὶ
2356 689 2406 735 ὧν
2421 693 2486 747 μὲν

1424 754 1519 804 μανὰ
1540 754 1599 792 καὶ
1619 754 1726 806 ἀραιὰ
1740 760 1854 794 κεῖται
1880 753 1925 792 τὰ
1948 761 2129 808 στοιχεῖα,
2145 755 2299 810 νωθροὺς
2314 755 2375 795 καὶ
2402 758 2486 796 ἐπι-

1423 814 1563 858 πόνους.
1595 814 1709 860 Quod
1732 822 1776 852 ut
1807 814 2001 853 incertum
2025 824 2084 854 est
2109 829 2118 853 ε
2155 817 2209 854 ita
2239 815 2379 854 diffido
2399 815 2487 867 ejus

1422 873 1658 925 conjecturae
1676 887 1753 925 qua
1769 887 1904 912 versus
1920 874 1962 912 in
1980 874 2085 913 hunc
2099 874 2259 914 modum
2275 876 2488 928 interpola·

1422 941 1485 970 tur
1501 946 1510 972 :
1531 935 1591 972 καὶ
1606 935 1685 972 καθ’
1702 932 1793 972 ὅσων
1809 932 1873 984 μὲν
1890 932 1998 986 ἀραιὰ
2014 934 2099 972 τάδε
2114 934 2300 988 ξυνέκυρσε
2314 934 2483 974 πεσόντα.

1420 992 1612 1031 Caeterum
1635 993 1739 1044 apud
1760 993 2010 1045 Simplicium
2035 1002 2161 1033 exstat
2181 993 2380 1047 ἁραιότατα
2411 1009 2486 1048 pro

1422 1052 1632 1105 ἀραιότατα.
1674 1052 1850 1092 Sturzius
1879 1066 2061 1105 asperum
2103 1054 2276 1092 afflatum
2309 1055 2486 1094 servavit

1421 1121 1550 1151 motus
1577 1112 1771 1151 Eustathii
1811 1113 2045 1151 auctoritate
2078 1112 2126 1151 ad
2163 1113 2306 1166 Odyss.
2337 1112 2409 1154 lib.
2449 1113 2486 1154 X

1420 1184 1460 1222 p.
1500 1172 1620 1222 1649,
1651 1173 1699 1217 46
1724 1170 1973 1211 observantis
2001 1186 2011 1210 ι
2045 1171 2232 1224 &patri—6
2249 1173 2324 1211 ἐστι
2348 1172 2486 1222 λεπτή,

1420 1229 1539 1277 στενή.
1558 1229 1577 1269 ὃ
1594 1229 1654 1269 καὶ
1673 1228 1880 1268 δασύνουσιν
1896 1231 1928 1269 οἱ
1948 1230 2096 1269 παλαιοὶ
2110 1230 2197 1284 πρὸς
2212 1231 2405 1282 διαστολὴν
2422 1237 2485 1274 τοῦ

1421 1288 1543 1333 ἁπλῶς
1565 1291 1707 1342 ἀραιοῦ.
1730 1289 1874 1328 Verum
1895 1290 2062 1342 spiritus
2083 1303 2197 1342 asper
2214 1292 2256 1329 in
2284 1291 2359 1330 hac
2386 1305 2490 1332 voce.

1420 1349 1559 1387 Atticis
1584 1349 1880 1400 relinquendus.
1899 1351 2152 1402 Quapropter
2181 1349 2382 1402 Scaligero
2409 1351 2483 1391 ob-

1418 1410 1540 1447 secuti
1563 1409 1631 1460 qui
1654 1410 1807 1460 primus
1843 1408 2038 1461 ἀραιότατα
2080 1410 2248 1449 rescribi
2277 1411 2481 1461 voluerat,

1418 1468 1648 1507 Karstenius
1677 1477 1714 1506 et
1733 1467 1907 1507 Steinius
1941 1469 2136 1508 vocabulo
2159 1470 2303 1509 leniter
2326 1472 2484 1523 aspira-

1418 1538 1522 1568 runt.

1471 1587 1556 1626 Vss.
1574 1589 1765 1636 273-274.
1780 1587 1864 1638 πυρὶ
1882 1587 1912 1624 δ’
1931 1587 2226 1640 αὐξάνεταικτλ.]
2250 1589 2484 1629 Aristoteles

1418 1647 1466 1685 (le
1495 1646 1594 1687 Gen.
1618 1656 1656 1685 et
1684 1647 1797 1685 Corr.
1820 1646 1867 1690 ll,
1897 1647 1920 1684 6
1942 1660 2029 1699 pag.
2056 1649 2147 1688 333.
2178 1648 2217 1688 b.
2245 1663 2261 1686 1
2299 1649 2361 1688 ed.
2387 1648 2483 1688 Bek-

1417 1706 1497 1746 ker.
1513 1719 1522 1744 :
1539 1706 1631 1745 ἀλλὰ
1649 1705 1719 1758 μὴν
1736 1706 1808 1744 οὐδ’
1826 1704 1971 1753 αὔξησις
1988 1705 2031 1744 ἂν
2046 1707 2099 1755 εἴη
2119 1706 2197 1745 κατ’
2213 1706 2481 1757 Ἐμπεδοκλέα,

1421 1765 1502 1804 ἀλλ’
1517 1764 1536 1812 ἢ
1552 1765 1645 1804 κατὰ
1664 1765 1869 1818 πρόσθεσιν·
1889 1783 1906 1800 «
1923 1764 2008 1819 πυρὶ
2025 1765 2092 1820 γὰρ
2114 1765 2211 1811 αὔξει
2226 1767 2266 1806 τὸ
2279 1770 2350 1820 πῦρ
2362 1781 2371 1790 ·
2386 1767 2483 1814 αὔξει

1417 1824 1452 1862 δὲ
1470 1825 1565 1877 χθὼν
1579 1824 1642 1876 μὲν
1658 1824 1824 1879 σφέτερον
1840 1823 1956 1877 γένος,
1980 1823 2105 1878 αἰθέρα
2125 1826 2156 1864 δ’
2174 1826 2292 1878 αἰθήρ.
2311 1845 2327 1862 ι
2348 1826 2408 1865 Ex
2423 1827 2484 1866 in·

1417 1884 1652 1936 terpretibus
1670 1884 1739 1923 alii
1756 1883 1880 1923 verba
1893 1883 1978 1937 πυρὶ
1996 1883 2063 1938 γὰρ
2079 1884 2175 1930 αὔξει
2194 1884 2234 1924 τὸ
2246 1889 2317 1939 πῦρ
2332 1887 2483 1926 Aristo-

1417 1943 1484 1981 teli
1506 1943 1777 1993 assignarunt‚
1797 1943 1866 1981 alii
1887 1957 1974 1981 cum
1999 1943 2257 1994 sequentibus
2277 1957 2402 1995 usque
2431 1944 2482 1983 ad

1417 2002 1521 2055 αἰθήρ
1536 2002 1764 2054 Empedocli
1786 2002 2067 2054 ascripserunt.
2090 2002 2296 2054 Utcunque
2314 2011 2386 2050 est,
2404 2015 2482 2042 ma-

1416 2061 1472 2099 lui
1492 2075 1581 2100 cum
1598 2061 1806 2100 Karstenio
1827 2061 1944 2099 etiam
1963 2062 2099 2113 priora
2122 2061 2380 2114 Empedoclea
2395 2075 2481 2102 esse

1416 2129 1604 2168 statuere,
1625 2133 1742 2172 quam
1760 2128 1913 2172 poetam
1934 2120 2138 2172 aptissima
2151 2121 2354 2160 sententiae
2371 2130 2481 2174 parte

1416 2181 1589 2232 privare.
1613 2180 1698 2218 Hoc
1724 2180 1847 2230 igitur
1867 2189 2024 2218 auctore
2054 2180 2212 2218 initium
2240 2179 2296 2218 sic
2323 2180 2482 2218 confor-

1416 2242 1522 2279 mavi
1546 2255 1554 2278 :
1578 2239 1663 2293 πυρὶ
1683 2241 1716 2278 δ’
1733 2239 1923 2284 αὐξάνεται
1939 2243 2025 2293 πῦρ,
2041 2248 2085 2278 ut
2104 2248 2205 2279 esset
2221 2253 2360 2280 versus
2380 2241 2482 2280 clau·

1415 2301 1513 2340 sula.
1553 2300 1746 2338 Praeterea
1782 2313 1856 2351 pro
1886 2298 1985 2350 γένος
2021 2300 2153 2351 recepi
2188 2298 2298 2351 δέμας
2333 2313 2356 2338 e
2391 2301 2478 2342 cod.

1414 2360 1535 2398 Vatic.
1556 2368 1599 2398 ut
1616 2359 1697 2410 jam
1719 2359 1788 2397 alii
1814 2359 1998 2398 fecerant.
2013 2359 2072 2399 Cf.
2092 2372 2150 2398 vs.
2175 2360 2248 2407 173
2265 2369 2302 2398 et
2321 2359 2479 2400 Parme-

1417 2419 1497 2459 nid.
1528 2432 1586 2457 vs.
1612 2419 1685 2456 115
1708 2427 1746 2456 et
1779 2432 1868 2469 119,
1891 2417 1961 2456 ubi
1984 2418 2094 2469 δέμας
2115 2418 2300 2457 similiter
2322 2419 2371 2457 de
2398 2420 2479 2458 ele-

1416 2479 1558 2517 mentis
1584 2487 1811 2530 usurpatur.
1839 2478 1917 2517 Nec
1943 2478 2098 2517 abludit
2122 2479 2329 2518 Lucretius
2349 2479 2418 2520 lib.
2440 2479 2479 2519 ll

1417 2551 1479 2578 vs.
1504 2553 1518 2575 1
1532 2539 1604 2575 113
1636 2552 1643 2575 :
1670 2555 1686 2572 «
1701 2551 1790 2576 nam
1812 2551 1882 2576 sua
1902 2538 2068 2589 cuique,
2084 2538 2295 2589 inquiens,
2313 2539 2411 2578 locis
2429 2552 2479 2579 ex

1415 2597 1621 2645 omnibus,
1637 2598 1771 2636 omnia
1791 2598 1919 2649 plagis
1937 2611 2104 2650 corpora
2121 2597 2417 2638 distribuuntur
2438 2607 2478 2638 et

1413 2656 1462 2695 ad
1481 2670 1551 2696 sua
1567 2657 1670 2696 secla
1689 2657 1875 2696 recedunt
1897 2671 1905 2695 :
1960 2673 1965 2678 ·

1455 2758 1572 2790 humor
1588 2757 1628 2790 ad
1652 2758 1835 2796 humorem,
1851 2759 1990 2790 terreno
2008 2765 2151 2799 corpore
2171 2761 2256 2790 terra
2483 2803 2486 2806 Ι

1454 2805 1584 2846 crescit,
1600 2807 1634 2857 et
1647 2805 1755 2847 ignem
1769 2806 1859 2846 ignes
1875 2805 2075 2847 procudunt,
2093 2805 2297 2848 aetlzeraque
2309 2805 2433 2847 aether,

1413 2890 1483 2929 ubi
1512 2890 1580 2929 alii
1608 2893 1743 2940 legunt
1763 2904 1928 2940 aeraque
1950 2904 2031 2938 aer,
2055 2902 2106 2928 ne
2120 2889 2193 2928 hac
2213 2889 2373 2941 quidem
2391 2903 2477 2929 mu-

1414 2950 1560 2988 tatione
1579 2949 1847 3001 Empedocleae
1867 2950 2101 2988 imitationis
2120 2949 2289 3000 vestigia
2314 2948 2475 2989 abolen-

1415 3018 1481 3049 tes.
1498 3009 1614 3056 Quod
1633 3009 1831 3060 reliquum
1849 3017 1907 3047 est
1923 3008 2096 3047 Steinius
2116 3022 2190 3061 pro
2219 3008 2328 3060 δέμας
2347 3017 2476 3048 tenta-

1412 3068 1480 3107 bat
1504 3068 1606 3120 μένος
1625 3081 1765 3120 parum
1788 3067 2065 3119 probabiliter.

1466 3127 1532 3168 Vs.
1555 3128 1646 3176 275.
1664 3127 1808 3180 ἄλφιτον
1832 3127 1942 3178 κτλ]
1966 3127 2196 3166 Aristoteles
2213 3126 2376 3167 Meteor.
2405 3126 2472 3175 w,

1414 3192 1436 3232 4
1457 3200 1544 3239 pag.
1567 3187 1642 3226 382
1663 3186 1725 3226 ed.
1746 3186 1908 3226 Bekker.
1926 3199 1935 3226 :
1958 3185 1997 3225 τὸ
2013 3185 2081 3238 γὰρ
2101 3186 2206 3240 ὑγρὸν
2227 3190 2277 3239 τῷ
2297 3186 2392 3241 ξηρῷ
2412 3186 2471 3227 αἴ-

1412 3262 1484 3285 τιον
1509 3249 1569 3286 τοῦ
1591 3245 1792 3297 ὁρίζεσθαι,
1810 3245 1871 3283 καὶ
1897 3244 2063 3298 ἑκάτερον
2088 3245 2247 3300 ἑκατέρῳ
2271 3239 2342 3285 οἶον
2360 3244 2483 3289 κόλλα;

1412 3299 1580 3352 γίγνεται,
1592 3298 1713 3351 ὥσπερ
1728 3299 1788 3338 καὶ
1803 3298 2054 3350 Ἐμπεδοκλῆς
2068 3299 2232 3346 ἐποίησεν
2250 3300 2285 3338 ἐν
2303 3301 2378 3344 τοῖς
2392 3302 2474 3341 Φυ-

1414 3362 1524 3404 σικοῖς
1544 3378 1560 3396 «ι
1588 3359 1734 3412 ἄλφιτον
1753 3358 1856 3398 ὕδατι
1880 3357 2075 3406 κολλήσας.
2098 3376 2113 3394 υ
2136 3359 2243 3397 Idem
2273 3359 2472 3399 Problem-

1413 3419 1518 3467 xxi,
1537 3433 1587 3457 22
1605 3433 1646 3471 p.
1669 3431 1748 3468 9²9
1764 3418 1825 3458 ed.
1842 3418 2003 3457 Bekker.
2022 3431 2032 3458 :
2052 3417 2162 3471 κόλλῃ
2178 3417 2246 3470 γὰρ
2256 3422 2390 3471 χρῆται
2407 3417 2473 3467 (τὸ

1415 3477 1584 3532 ἄλευρον)
1601 3478 1652 3529 τῷ
1669 3477 1787 3524 ὕδατι,
1812 3475 1932 3529 ὥσπερ
1946 3476 2008 3516 καὶ
2029 3476 2277 3528 Ἐμπεδοκλῆς
2297 3477 2474 3530 μετήνεγ-
