<?xml version="1.0" encoding="UTF-8"?>
<!DOCTYPE html PUBLIC "-//W3C//DTD XHTML 1.0 Transitional//EN"
    "http://www.w3.org/TR/xhtml1/DTD/xhtml1-transitional.dtd">
<html xmlns="http://www.w3.org/1999/xhtml" xml:lang="en" lang="en">
 <head>
  <title>
</title>
<meta http-equiv="Content-Type" content="text/html;charset=utf-8" />
  <meta name='ocr-system' content='tesseract 3.04.00' />
  <meta name='ocr-capabilities' content='ocr_page ocr_carea ocr_par ocr_line ocrx_word'/>
</head>
<body>
  <div class='ocr_page' id='page_1' title='image "./fragmentaphiloso01mulluoft_0372.png"; bbox 0 0 2612 3814; ppageno 0'>
   <div class='ocr_carea' id='block_1_1' title="bbox 0 2526 39 3814">
    <p class='ocr_par' dir='ltr' id='par_1_1' title="bbox 0 2526 39 3814">
     <span class='ocr_line' id='line_1_1' title="bbox 0 2526 39 3814; baseline 0 0"><span class='ocrx_word' id='word_1_1' title='bbox 0 2526 39 3814; x_wconf 95' lang='lat' dir='ltr'> </span> 
     </span>
    </p>
   </div>
   <div class='ocr_carea' id='block_1_2' title="bbox 307 279 378 312">
    <p class='ocr_par' dir='ltr' id='par_1_2' title="bbox 307 279 378 312">
     <span class='ocr_line' id='line_1_2' title="bbox 307 279 378 312; baseline -0.028 0"><span class='ocrx_word' id='word_1_2' title='bbox 307 279 378 312; x_wconf 82' lang='lat'>332</span> 
     </span>
    </p>
   </div>
   <div class='ocr_carea' id='block_1_3' title="bbox 303 348 1360 3103">
    <p class='ocr_par' dir='ltr' id='par_1_3' title="bbox 303 348 1360 1513">
     <span class='ocr_line' id='line_1_3' title="bbox 303 348 1349 406; baseline -0.008 -14"><span class='ocrx_word' id='word_1_3' title='bbox 303 368 423 406; x_wconf 86' lang='lat' dir='ltr'>parva</span> <span class='ocrx_word' id='word_1_4' title='bbox 457 352 663 391; x_wconf 83' lang='lat' dir='ltr'>admodum</span> <span class='ocrx_word' id='word_1_5' title='bbox 699 364 848 390; x_wconf 88' lang='lat' dir='ltr'>summa</span> <span class='ocrx_word' id='word_1_6' title='bbox 883 359 1029 389; x_wconf 82' lang='lat' dir='ltr'>retenta</span> <span class='ocrx_word' id='word_1_7' title='bbox 1071 348 1349 402; x_wconf 76' lang='lat' dir='ltr'>patrimonium</span> 
     </span>
     <span class='ocr_line' id='line_1_4' title="bbox 303 408 1352 465; baseline -0.009 -13"><span class='ocrx_word' id='word_1_8' title='bbox 303 427 414 452; x_wconf 86' lang='lat' dir='ltr'>suum</span> <span class='ocrx_word' id='word_1_9' title='bbox 435 413 571 465; x_wconf 86' lang='lat' dir='ltr'>patriae</span> <span class='ocrx_word' id='word_1_10' title='bbox 585 411 747 449; x_wconf 87' lang='lat' dir='ltr'>donasse</span> <span class='ocrx_word' id='word_1_11' title='bbox 760 410 910 449; x_wconf 81' lang='lat' dir='ltr'><strong>scribit.</strong></span> <span class='ocrx_word' id='word_1_12' title='bbox 929 409 1120 448; x_wconf 76' lang='lat' dir='ltr'>Nimirum</span> <span class='ocrx_word' id='word_1_13' title='bbox 1140 408 1352 458; x_wconf 85' lang='lat' dir='ltr'>longinqua</span> 
     </span>
     <span class='ocr_line' id='line_1_5' title="bbox 306 468 1348 520; baseline -0.008 -10"><span class='ocrx_word' id='word_1_14' title='bbox 306 472 446 510; x_wconf 86' lang='lat' dir='ltr'>itinera</span> <span class='ocrx_word' id='word_1_15' title='bbox 470 485 549 509; x_wconf 91' lang='lat' dir='ltr'>non</span> <span class='ocrx_word' id='word_1_16' title='bbox 579 471 662 509; x_wconf 92' lang='lat' dir='ltr'>sine</span> <span class='ocrx_word' id='word_1_17' title='bbox 685 470 834 520; x_wconf 85' lang='lat' dir='ltr'>magnis</span> <span class='ocrx_word' id='word_1_18' title='bbox 854 468 1046 508; x_wconf 82' lang='lat' dir='ltr'>sumtibus</span> <span class='ocrx_word' id='word_1_19' title='bbox 1068 468 1151 506; x_wconf 82' lang='lat' dir='ltr'>lieri</span> <span class='ocrx_word' id='word_1_20' title='bbox 1173 474 1348 518; x_wconf 85' lang='lat' dir='ltr'>possunt.</span> 
     </span>
     <span class='ocr_line' id='line_1_6' title="bbox 303 525 1352 580; baseline -0.007 -12"><span class='ocrx_word' id='word_1_21' title='bbox 303 531 389 569; x_wconf 83' lang='lat' dir='ltr'>.lam</span> <span class='ocrx_word' id='word_1_22' title='bbox 416 532 449 570; x_wconf 90' lang='lat' dir='ltr'>si</span> <span class='ocrx_word' id='word_1_23' title='bbox 483 530 728 569; x_wconf 80' lang='lat' dir='ltr'>Democritus</span> <span class='ocrx_word' id='word_1_24' title='bbox 747 543 767 567; x_wconf 93' lang='lat' dir='ltr'>e</span> <span class='ocrx_word' id='word_1_25' title='bbox 795 529 965 580; x_wconf 87' lang='lat' dir='ltr'>paternis</span> <span class='ocrx_word' id='word_1_26' title='bbox 995 527 1109 565; x_wconf 89' lang='lat' dir='ltr'>bonis</span> <span class='ocrx_word' id='word_1_27' title='bbox 1129 535 1167 565; x_wconf 87' lang='lat' dir='ltr'>et</span> <span class='ocrx_word' id='word_1_28' title='bbox 1187 525 1352 563; x_wconf 89' lang='lat' dir='ltr'>fortunis</span> 
     </span>
     <span class='ocr_line' id='line_1_7' title="bbox 305 581 1351 635; baseline -0.007 -13"><span class='ocrx_word' id='word_1_29' title='bbox 305 584 402 622; x_wconf 88' lang='lat' dir='ltr'>nihil</span> <span class='ocrx_word' id='word_1_30' title='bbox 424 584 499 623; x_wconf 89' lang='lat' dir='ltr'>nisi</span> <span class='ocrx_word' id='word_1_31' title='bbox 526 584 728 635; x_wconf 83' lang='lat' dir='ltr'>pecuniam</span> <span class='ocrx_word' id='word_1_32' title='bbox 761 583 897 633; x_wconf 90' lang='lat' dir='ltr'>quain</span> <span class='ocrx_word' id='word_1_33' title='bbox 932 581 1244 632; x_wconf 88' lang='lat' dir='ltr'>peregrinatione</span> <span class='ocrx_word' id='word_1_34' title='bbox 1271 587 1351 615; x_wconf 84' lang='lat' dir='ltr'>ute-</span> 
     </span>
     <span class='ocr_line' id='line_1_8' title="bbox 306 638 1353 693; baseline -0.005 -14"><span class='ocrx_word' id='word_1_35' title='bbox 306 651 412 680; x_wconf 84' lang='lat' dir='ltr'>retur</span> <span class='ocrx_word' id='word_1_36' title='bbox 446 642 523 681; x_wconf 90' lang='lat' dir='ltr'>sibi</span> <span class='ocrx_word' id='word_1_37' title='bbox 545 642 741 693; x_wconf 84' lang='lat' dir='ltr'>seposuit,</span> <span class='ocrx_word' id='word_1_38' title='bbox 774 641 950 690; x_wconf 90' lang='lat' dir='ltr'>sequitur</span> <span class='ocrx_word' id='word_1_39' title='bbox 983 653 1071 677; x_wconf 91' lang='lat' dir='ltr'>eum</span> <span class='ocrx_word' id='word_1_40' title='bbox 1101 638 1261 684; x_wconf 90' lang='lat' dir='ltr'>fundos,</span> <span class='ocrx_word' id='word_1_41' title='bbox 1289 650 1353 688; x_wconf 90' lang='lat' dir='ltr'>pe-</span> 
     </span>
     <span class='ocr_line' id='line_1_9' title="bbox 305 697 1351 751; baseline -0.007 -11"><span class='ocrx_word' id='word_1_42' title='bbox 305 714 396 739; x_wconf 91' lang='lat' dir='ltr'>cora</span> <span class='ocrx_word' id='word_1_43' title='bbox 413 710 448 739; x_wconf 91' lang='lat' dir='ltr'>et</span> <span class='ocrx_word' id='word_1_44' title='bbox 464 701 634 751; x_wconf 90' lang='lat' dir='ltr'>reliquas</span> <span class='ocrx_word' id='word_1_45' title='bbox 654 699 919 751; x_wconf 89' lang='lat' dir='ltr'>possessiones</span> <span class='ocrx_word' id='word_1_46' title='bbox 937 698 1119 736; x_wconf 84' lang='lat' dir='ltr'>fratribus</span> <span class='ocrx_word' id='word_1_47' title='bbox 1135 697 1351 747; x_wconf 83' lang='lat' dir='ltr'>reliquisse.</span> 
     </span>
     <span class='ocr_line' id='line_1_10' title="bbox 305 756 1351 808; baseline -0.004 -11"><span class='ocrx_word' id='word_1_48' title='bbox 305 762 498 807; x_wconf 82' lang='lat' dir='ltr'>Quocirca</span> <span class='ocrx_word' id='word_1_49' title='bbox 522 760 620 798; x_wconf 91' lang='lat' dir='ltr'>ratio</span> <span class='ocrx_word' id='word_1_50' title='bbox 651 759 749 808; x_wconf 85' lang='lat' dir='ltr'>sugit</span> <span class='ocrx_word' id='word_1_51' title='bbox 781 758 1007 795; x_wconf 86' lang='lat' dir='ltr'>Ciceronem</span> <span class='ocrx_word' id='word_1_52' title='bbox 1032 756 1123 808; x_wconf 84' lang='lat'>(20),</span> <span class='ocrx_word' id='word_1_53' title='bbox 1148 756 1351 794; x_wconf 83' lang='lat' dir='ltr'>Horatium</span> 
     </span>
     <span class='ocr_line' id='line_1_11' title="bbox 307 815 1353 870; baseline -0.005 -12"><span class='ocrx_word' id='word_1_54' title='bbox 307 829 554 870; x_wconf 88' lang='lat' dir='ltr'>veteremque</span> <span class='ocrx_word' id='word_1_55' title='bbox 585 818 668 869; x_wconf 88' lang='lat' dir='ltr'>ejus</span> <span class='ocrx_word' id='word_1_56' title='bbox 688 819 939 868; x_wconf 87' lang='lat' dir='ltr'>interpretem</span> <span class='ocrx_word' id='word_1_57' title='bbox 953 845 962 863; x_wconf 95' lang='lat'>,</span> <span class='ocrx_word' id='word_1_58' title='bbox 983 817 1187 854; x_wconf 85' lang='lat' dir='ltr'>Philonem</span> <span class='ocrx_word' id='word_1_59' title='bbox 1211 824 1248 853; x_wconf 91' lang='lat' dir='ltr'>et</span> <span class='ocrx_word' id='word_1_60' title='bbox 1267 815 1353 853; x_wconf 83' lang='lat' dir='ltr'>Ori-</span> 
     </span>
     <span class='ocr_line' id='line_1_12' title="bbox 307 875 1354 929; baseline -0.006 -12"><span class='ocrx_word' id='word_1_61' title='bbox 307 892 442 928; x_wconf 83' lang='lat' dir='ltr'>genem</span> <span class='ocrx_word' id='word_1_62' title='bbox 475 879 542 929; x_wconf 88' lang='lat' dir='ltr'>qui</span> <span class='ocrx_word' id='word_1_63' title='bbox 583 877 818 915; x_wconf 79' lang='lat' dir='ltr'>Abderiticae</span> <span class='ocrx_word' id='word_1_64' title='bbox 852 876 1021 913; x_wconf 84' lang='lat' dir='ltr'>civitatis</span> <span class='ocrx_word' id='word_1_65' title='bbox 1052 875 1248 913; x_wconf 91' lang='lat' dir='ltr'>alumnum</span> <span class='ocrx_word' id='word_1_66' title='bbox 1285 886 1354 912; x_wconf 90' lang='lat' dir='ltr'>ne-</span> 
     </span>
     <span class='ocr_line' id='line_1_13' title="bbox 308 933 1356 988; baseline -0.005 -13"><span class='ocrx_word' id='word_1_67' title='bbox 308 938 474 987; x_wconf 83' lang='lat' dir='ltr'>glexisse</span> <span class='ocrx_word' id='word_1_68' title='bbox 495 936 771 988; x_wconf 85' lang='lat' dir='ltr'>patrimonium</span> <span class='ocrx_word' id='word_1_69' title='bbox 792 948 982 984; x_wconf 85' lang='lat' dir='ltr'>agrosque</span> <span class='ocrx_word' id='word_1_70' title='bbox 997 934 1214 971; x_wconf 88' lang='lat' dir='ltr'>deseruisse</span> <span class='ocrx_word' id='word_1_71' title='bbox 1234 933 1356 972; x_wconf 85' lang='lat' dir='ltr'>incul-</span> 
     </span>
     <span class='ocr_line' id='line_1_14' title="bbox 309 992 1357 1046; baseline -0.006 -12"><span class='ocrx_word' id='word_1_72' title='bbox 309 1005 367 1034; x_wconf 87' lang='lat' dir='ltr'>tos</span> <span class='ocrx_word' id='word_1_73' title='bbox 387 995 510 1046; x_wconf 89' lang='lat' dir='ltr'>ajunt.</span> <span class='ocrx_word' id='word_1_74' title='bbox 539 994 694 1032; x_wconf 83' lang='lat' dir='ltr'>Similia</span> <span class='ocrx_word' id='word_1_75' title='bbox 721 993 831 1031; x_wconf 89' lang='lat' dir='ltr'>multi</span> <span class='ocrx_word' id='word_1_76' title='bbox 852 1002 1026 1030; x_wconf 84' lang='lat' dir='ltr'>veterum</span> <span class='ocrx_word' id='word_1_77' title='bbox 1048 992 1095 1030; x_wconf 90' lang='lat' dir='ltr'>de</span> <span class='ocrx_word' id='word_1_78' title='bbox 1126 993 1357 1041; x_wconf 82' lang='lat' dir='ltr'>Anaxagora</span> 
     </span>
     <span class='ocr_line' id='line_1_15' title="bbox 307 1051 1357 1103; baseline -0.003 -12"><span class='ocrx_word' id='word_1_79' title='bbox 307 1062 342 1091; x_wconf 84' lang='lat' dir='ltr'>ct</span> <span class='ocrx_word' id='word_1_80' title='bbox 364 1053 523 1090; x_wconf 87' lang='lat' dir='ltr'>Thalete</span> <span class='ocrx_word' id='word_1_81' title='bbox 540 1052 793 1103; x_wconf 78' lang='lat' dir='ltr'>rettulerunt,</span> <span class='ocrx_word' id='word_1_82' title='bbox 814 1052 853 1088; x_wconf 91' lang='lat' dir='ltr'>in</span> <span class='ocrx_word' id='word_1_83' title='bbox 868 1051 930 1089; x_wconf 90' lang='lat' dir='ltr'>his</span> <span class='ocrx_word' id='word_1_84' title='bbox 948 1051 1058 1089; x_wconf 85' lang='lat' dir='ltr'>Plato</span> <span class='ocrx_word' id='word_1_85' title='bbox 1078 1059 1115 1089; x_wconf 91' lang='lat' dir='ltr'>et</span> <span class='ocrx_word' id='word_1_86' title='bbox 1131 1051 1357 1089; x_wconf 78' lang='lat' dir='ltr'>Aristoteles</span> 
     </span>
     <span class='ocr_line' id='line_1_16' title="bbox 308 1109 1358 1163; baseline -0.002 -14"><span class='ocrx_word' id='word_1_87' title='bbox 308 1119 473 1163; x_wconf 82' lang='lat' dir='ltr'>quorum</span> <span class='ocrx_word' id='word_1_88' title='bbox 507 1111 547 1148; x_wconf 87' lang='lat' dir='ltr'>in</span> <span class='ocrx_word' id='word_1_89' title='bbox 600 1109 744 1148; x_wconf 90' lang='lat' dir='ltr'>talibus</span> <span class='ocrx_word' id='word_1_90' title='bbox 791 1123 948 1160; x_wconf 89' lang='lat' dir='ltr'>quoque</span> <span class='ocrx_word' id='word_1_91' title='bbox 990 1109 1106 1148; x_wconf 87' lang='lat' dir='ltr'>rebus</span> <span class='ocrx_word' id='word_1_92' title='bbox 1152 1110 1358 1148; x_wconf 85' lang='lat' dir='ltr'>narrandis</span> 
     </span>
     <span class='ocr_line' id='line_1_17' title="bbox 306 1168 1355 1219; baseline -0.002 -11"><span class='ocrx_word' id='word_1_93' title='bbox 306 1183 456 1208; x_wconf 87' lang='lat' dir='ltr'>summa</span> <span class='ocrx_word' id='word_1_94' title='bbox 485 1170 694 1207; x_wconf 83' lang='lat' dir='ltr'>auctoritas</span> <span class='ocrx_word' id='word_1_95' title='bbox 714 1177 780 1208; x_wconf 89' lang='lat' dir='ltr'>est.</span> <span class='ocrx_word' id='word_1_96' title='bbox 799 1168 972 1219; x_wconf 87' lang='lat' dir='ltr'>Uterque</span> <span class='ocrx_word' id='word_1_97' title='bbox 1001 1169 1187 1207; x_wconf 87' lang='lat' dir='ltr'>certiores</span> <span class='ocrx_word' id='word_1_98' title='bbox 1206 1182 1277 1207; x_wconf 91' lang='lat' dir='ltr'>nos</span> <span class='ocrx_word' id='word_1_99' title='bbox 1299 1170 1355 1206; x_wconf 81' lang='lat' dir='ltr'>fa-</span> 
     </span>
     <span class='ocr_line' id='line_1_18' title="bbox 307 1228 1358 1279; baseline 0 -14"><span class='ocrx_word' id='word_1_100' title='bbox 307 1229 358 1266; x_wconf 84' lang='lat' dir='ltr'>cit</span> <span class='ocrx_word' id='word_1_101' title='bbox 372 1257 383 1275; x_wconf 93' lang='lat'>,</span> <span class='ocrx_word' id='word_1_102' title='bbox 406 1228 477 1266; x_wconf 90' lang='lat' dir='ltr'>hos</span> <span class='ocrx_word' id='word_1_103' title='bbox 503 1228 602 1274; x_wconf 80' lang='lat' dir='ltr'>duos</span> <span class='ocrx_word' id='word_1_104' title='bbox 624 1228 798 1278; x_wconf 88' lang='lat' dir='ltr'>aliosque</span> <span class='ocrx_word' id='word_1_105' title='bbox 818 1228 1130 1278; x_wconf 90' lang='lat' dir='ltr'>sapientissimos</span> <span class='ocrx_word' id='word_1_106' title='bbox 1150 1228 1260 1266; x_wconf 91' lang='lat' dir='ltr'>viros</span> <span class='ocrx_word' id='word_1_107' title='bbox 1279 1242 1358 1279; x_wconf 86' lang='lat' dir='ltr'>prae</span> 
     </span>
     <span class='ocr_line' id='line_1_19' title="bbox 307 1286 1360 1335; baseline -0.002 -9"><span class='ocrx_word' id='word_1_108' title='bbox 307 1300 436 1326; x_wconf 84' lang='lat' dir='ltr'>rerum</span> <span class='ocrx_word' id='word_1_109' title='bbox 469 1289 699 1326; x_wconf 90' lang='lat' dir='ltr'>sublimium</span> <span class='ocrx_word' id='word_1_110' title='bbox 731 1295 769 1325; x_wconf 88' lang='lat' dir='ltr'>et</span> <span class='ocrx_word' id='word_1_111' title='bbox 788 1287 1082 1325; x_wconf 88' lang='lat' dir='ltr'>reconditarum</span> <span class='ocrx_word' id='word_1_112' title='bbox 1112 1286 1360 1335; x_wconf 84' lang='lat' dir='ltr'>indagatione</span> 
     </span>
     <span class='ocr_line' id='line_1_20' title="bbox 306 1345 1357 1397; baseline -0.002 -13"><span class='ocrx_word' id='word_1_113' title='bbox 306 1359 387 1384; x_wconf 89' lang='lat' dir='ltr'>rem</span> <span class='ocrx_word' id='word_1_114' title='bbox 406 1347 632 1385; x_wconf 89' lang='lat' dir='ltr'>familiarem</span> <span class='ocrx_word' id='word_1_115' title='bbox 652 1345 928 1397; x_wconf 86' lang='lat' dir='ltr'>contempsisse</span> <span class='ocrx_word' id='word_1_116' title='bbox 947 1354 983 1383; x_wconf 91' lang='lat' dir='ltr'>et</span> <span class='ocrx_word' id='word_1_117' title='bbox 1002 1358 1047 1383; x_wconf 89' lang='lat' dir='ltr'>ea</span> <span class='ocrx_word' id='word_1_118' title='bbox 1066 1359 1152 1396; x_wconf 84' lang='lat' dir='ltr'>quae</span> <span class='ocrx_word' id='word_1_119' title='bbox 1171 1346 1220 1383; x_wconf 91' lang='lat' dir='ltr'>ad</span> <span class='ocrx_word' id='word_1_120' title='bbox 1239 1345 1357 1383; x_wconf 91' lang='lat' dir='ltr'>vitam</span> 
     </span>
     <span class='ocr_line' id='line_1_21' title="bbox 307 1403 1356 1452; baseline -0.002 -10"><span class='ocrx_word' id='word_1_121' title='bbox 307 1405 510 1443; x_wconf 81' lang='lat' dir='ltr'>commode</span> <span class='ocrx_word' id='word_1_122' title='bbox 567 1404 747 1443; x_wconf 89' lang='lat' dir='ltr'>tuendam</span> <span class='ocrx_word' id='word_1_123' title='bbox 802 1403 1022 1442; x_wconf 89' lang='lat' dir='ltr'>necessaria</span> <span class='ocrx_word' id='word_1_124' title='bbox 1087 1411 1177 1441; x_wconf 90' lang='lat' dir='ltr'>sunt</span> <span class='ocrx_word' id='word_1_125' title='bbox 1230 1404 1356 1452; x_wconf 88' lang='lat' dir='ltr'>negle-</span> 
     </span>
     <span class='ocr_line' id='line_1_22' title="bbox 307 1463 522 1513; baseline 0.005 -12"><span class='ocrx_word' id='word_1_126' title='bbox 307 1463 406 1502; x_wconf 87' lang='lat' dir='ltr'>xisse</span> <span class='ocrx_word' id='word_1_127' title='bbox 427 1464 522 1513; x_wconf 86' lang='lat'>(21).</span> 
     </span>
    </p>

    <p class='ocr_par' dir='ltr' id='par_1_4' title="bbox 307 1520 1360 2928">
     <span class='ocr_line' id='line_1_23' title="bbox 361 1520 1357 1572; baseline -0.005 -10"><span class='ocrx_word' id='word_1_128' title='bbox 361 1523 416 1562; x_wconf 92' lang='lat' dir='ltr'>De</span> <span class='ocrx_word' id='word_1_129' title='bbox 435 1523 654 1560; x_wconf 88' lang='lat' dir='ltr'>Democrito</span> <span class='ocrx_word' id='word_1_130' title='bbox 679 1521 778 1560; x_wconf 90' lang='lat' dir='ltr'>nihil</span> <span class='ocrx_word' id='word_1_131' title='bbox 798 1520 1022 1572; x_wconf 89' lang='lat' dir='ltr'>hujusmodi</span> <span class='ocrx_word' id='word_1_132' title='bbox 1041 1520 1236 1572; x_wconf 87' lang='lat' dir='ltr'>produnt,</span> <span class='ocrx_word' id='word_1_133' title='bbox 1256 1520 1357 1558; x_wconf 90' lang='lat' dir='ltr'>idem</span> 
     </span>
     <span class='ocr_line' id='line_1_24' title="bbox 314 1579 1359 1631; baseline 0 -12"><span class='ocrx_word' id='word_1_134' title='bbox 314 1581 478 1620; x_wconf 83' lang='lat' dir='ltr'>forsitan</span> <span class='ocrx_word' id='word_1_135' title='bbox 499 1581 713 1628; x_wconf 83' lang='lat' dir='ltr'>narraturi,</span> <span class='ocrx_word' id='word_1_136' title='bbox 736 1581 768 1619; x_wconf 90' lang='lat' dir='ltr'>si</span> <span class='ocrx_word' id='word_1_137' title='bbox 790 1581 863 1618; x_wconf 90' lang='lat' dir='ltr'>tale</span> <span class='ocrx_word' id='word_1_138' title='bbox 883 1580 979 1631; x_wconf 91' lang='lat' dir='ltr'>quid</span> <span class='ocrx_word' id='word_1_139' title='bbox 999 1580 1046 1618; x_wconf 90' lang='lat' dir='ltr'>de</span> <span class='ocrx_word' id='word_1_140' title='bbox 1068 1593 1115 1617; x_wconf 91' lang='lat' dir='ltr'>eo</span> <span class='ocrx_word' id='word_1_141' title='bbox 1133 1579 1182 1617; x_wconf 91' lang='lat' dir='ltr'>ab</span> <span class='ocrx_word' id='word_1_142' title='bbox 1208 1579 1359 1619; x_wconf 90' lang='lat' dir='ltr'>idoneis</span> 
     </span>
     <span class='ocr_line' id='line_1_25' title="bbox 310 1638 1357 1690; baseline -0.001 -13"><span class='ocrx_word' id='word_1_143' title='bbox 310 1639 472 1678; x_wconf 90' lang='lat' dir='ltr'>testibus</span> <span class='ocrx_word' id='word_1_144' title='bbox 492 1639 742 1690; x_wconf 86' lang='lat' dir='ltr'>accepissent.</span> <span class='ocrx_word' id='word_1_145' title='bbox 762 1638 902 1676; x_wconf 89' lang='lat' dir='ltr'>Verum</span> <span class='ocrx_word' id='word_1_146' title='bbox 918 1668 927 1685; x_wconf 93' lang='lat'>,</span> <span class='ocrx_word' id='word_1_147' title='bbox 947 1646 988 1677; x_wconf 89' lang='lat' dir='ltr'>ut</span> <span class='ocrx_word' id='word_1_148' title='bbox 1009 1638 1093 1676; x_wconf 79' lang='lat' dir='ltr'>lieri</span> <span class='ocrx_word' id='word_1_149' title='bbox 1110 1639 1229 1685; x_wconf 88' lang='lat' dir='ltr'>solet,</span> <span class='ocrx_word' id='word_1_150' title='bbox 1252 1652 1357 1676; x_wconf 87' lang='lat' dir='ltr'>com-</span> 
     </span>
     <span class='ocr_line' id='line_1_26' title="bbox 307 1697 1355 1748; baseline 0.001 -14"><span class='ocrx_word' id='word_1_151' title='bbox 307 1710 423 1736; x_wconf 87' lang='lat' dir='ltr'>mune</span> <span class='ocrx_word' id='word_1_152' title='bbox 444 1697 653 1735; x_wconf 88' lang='lat' dir='ltr'>multorum</span> <span class='ocrx_word' id='word_1_153' title='bbox 671 1698 811 1735; x_wconf 89' lang='lat' dir='ltr'>vitium</span> <span class='ocrx_word' id='word_1_154' title='bbox 827 1710 850 1735; x_wconf 89' lang='lat' dir='ltr'>a</span> <span class='ocrx_word' id='word_1_155' title='bbox 863 1697 1106 1748; x_wconf 88' lang='lat' dir='ltr'>sequentium</span> <span class='ocrx_word' id='word_1_156' title='bbox 1125 1697 1355 1735; x_wconf 89' lang='lat' dir='ltr'>saeculorum</span> 
     </span>
     <span class='ocr_line' id='line_1_27' title="bbox 308 1756 1358 1808; baseline 0 -14"><span class='ocrx_word' id='word_1_157' title='bbox 308 1756 565 1808; x_wconf 86' lang='lat' dir='ltr'>scriptoribus</span> <span class='ocrx_word' id='word_1_158' title='bbox 585 1757 654 1807; x_wconf 90' lang='lat' dir='ltr'>qui</span> <span class='ocrx_word' id='word_1_159' title='bbox 674 1770 811 1808; x_wconf 90' lang='lat' dir='ltr'>parum</span> <span class='ocrx_word' id='word_1_160' title='bbox 834 1766 1013 1795; x_wconf 91' lang='lat' dir='ltr'>curarent</span> <span class='ocrx_word' id='word_1_161' title='bbox 1032 1757 1257 1806; x_wconf 84' lang='lat' dir='ltr'>diligentem</span> <span class='ocrx_word' id='word_1_162' title='bbox 1278 1757 1358 1795; x_wconf 90' lang='lat' dir='ltr'>isti-</span> 
     </span>
     <span class='ocr_line' id='line_1_28' title="bbox 309 1815 1354 1863; baseline -0.001 -9"><span class='ocrx_word' id='word_1_163' title='bbox 309 1815 463 1854; x_wconf 87' lang='lat' dir='ltr'>usmodi</span> <span class='ocrx_word' id='word_1_164' title='bbox 494 1828 626 1853; x_wconf 89' lang='lat' dir='ltr'>rerum</span> <span class='ocrx_word' id='word_1_165' title='bbox 663 1816 725 1854; x_wconf 87' lang='lat' dir='ltr'>vel</span> <span class='ocrx_word' id='word_1_166' title='bbox 751 1816 951 1854; x_wconf 85' lang='lat' dir='ltr'>scientiam</span> <span class='ocrx_word' id='word_1_167' title='bbox 978 1815 1041 1854; x_wconf 86' lang='lat' dir='ltr'>vel</span> <span class='ocrx_word' id='word_1_168' title='bbox 1067 1815 1327 1854; x_wconf 85' lang='lat' dir='ltr'>narrationem</span> <span class='ocrx_word' id='word_1_169' title='bbox 1345 1847 1354 1863; x_wconf 94' lang='lat'>,</span> 
     </span>
     <span class='ocr_line' id='line_1_29' title="bbox 308 1874 1358 1926; baseline 0.002 -14"><span class='ocrx_word' id='word_1_170' title='bbox 308 1874 356 1912; x_wconf 90' lang='lat' dir='ltr'>ad</span> <span class='ocrx_word' id='word_1_171' title='bbox 375 1887 442 1912; x_wconf 90' lang='lat' dir='ltr'>eos</span> <span class='ocrx_word' id='word_1_172' title='bbox 465 1874 581 1912; x_wconf 87' lang='lat' dir='ltr'>etiam</span> <span class='ocrx_word' id='word_1_173' title='bbox 601 1874 819 1912; x_wconf 88' lang='lat' dir='ltr'>traductum</span> <span class='ocrx_word' id='word_1_174' title='bbox 846 1883 905 1913; x_wconf 91' lang='lat' dir='ltr'>est</span> <span class='ocrx_word' id='word_1_175' title='bbox 924 1887 1022 1925; x_wconf 89' lang='lat' dir='ltr'>quos</span> <span class='ocrx_word' id='word_1_176' title='bbox 1043 1887 1156 1913; x_wconf 91' lang='lat' dir='ltr'>nemo</span> <span class='ocrx_word' id='word_1_177' title='bbox 1175 1875 1358 1926; x_wconf 87' lang='lat' dir='ltr'>antiquo-</span> 
     </span>
     <span class='ocr_line' id='line_1_30' title="bbox 309 1931 1359 1984; baseline 0.003 -15"><span class='ocrx_word' id='word_1_178' title='bbox 309 1944 395 1969; x_wconf 82' lang='lat' dir='ltr'>rum</span> <span class='ocrx_word' id='word_1_179' title='bbox 417 1931 506 1970; x_wconf 88' lang='lat' dir='ltr'>talis</span> <span class='ocrx_word' id='word_1_180' title='bbox 525 1932 770 1982; x_wconf 75' lang='lat' dir='ltr'>negligentiae</span> <span class='ocrx_word' id='word_1_181' title='bbox 799 1932 1120 1983; x_wconf 87' lang='lat' dir='ltr'>fortunarumque</span> <span class='ocrx_word' id='word_1_182' title='bbox 1139 1932 1359 1984; x_wconf 89' lang='lat' dir='ltr'>despicien-</span> 
     </span>
     <span class='ocr_line' id='line_1_31' title="bbox 311 1989 1358 2044; baseline 0.003 -16"><span class='ocrx_word' id='word_1_183' title='bbox 311 1989 374 2028; x_wconf 77' lang='lat' dir='ltr'>tiae</span> <span class='ocrx_word' id='word_1_184' title='bbox 391 1989 666 2029; x_wconf 86' lang='lat' dir='ltr'>insimulasset.</span> <span class='ocrx_word' id='word_1_185' title='bbox 682 1991 882 2042; x_wconf 86' lang='lat' dir='ltr'>Imprimis</span> <span class='ocrx_word' id='word_1_186' title='bbox 900 2004 994 2030; x_wconf 84' lang='lat' dir='ltr'>vero</span> <span class='ocrx_word' id='word_1_187' title='bbox 1011 1992 1176 2030; x_wconf 88' lang='lat' dir='ltr'>istorum</span> <span class='ocrx_word' id='word_1_188' title='bbox 1195 1994 1358 2044; x_wconf 88' lang='lat' dir='ltr'>scripto-</span> 
     </span>
     <span class='ocr_line' id='line_1_32' title="bbox 309 2044 1360 2102; baseline 0.005 -16"><span class='ocrx_word' id='word_1_189' title='bbox 309 2061 395 2086; x_wconf 84' lang='lat' dir='ltr'>rum</span> <span class='ocrx_word' id='word_1_190' title='bbox 431 2044 586 2087; x_wconf 87' lang='lat' dir='ltr'>incuria</span> <span class='ocrx_word' id='word_1_191' title='bbox 620 2050 680 2087; x_wconf 92' lang='lat' dir='ltr'>vel</span> <span class='ocrx_word' id='word_1_192' title='bbox 718 2049 810 2087; x_wconf 90' lang='lat' dir='ltr'>inde</span> <span class='ocrx_word' id='word_1_193' title='bbox 842 2059 967 2101; x_wconf 89' lang='lat' dir='ltr'>patet,</span> <span class='ocrx_word' id='word_1_194' title='bbox 994 2051 1099 2102; x_wconf 91' lang='lat' dir='ltr'>quod</span> <span class='ocrx_word' id='word_1_195' title='bbox 1138 2052 1360 2091; x_wconf 87' lang='lat' dir='ltr'>Democrito</span> 
     </span>
     <span class='ocr_line' id='line_1_33' title="bbox 312 2107 1359 2163; baseline 0.006 -19"><span class='ocrx_word' id='word_1_196' title='bbox 312 2107 470 2158; x_wconf 88' lang='lat' dir='ltr'>quidam</span> <span class='ocrx_word' id='word_1_197' title='bbox 504 2107 686 2147; x_wconf 88' lang='lat' dir='ltr'>tribuunt</span> <span class='ocrx_word' id='word_1_198' title='bbox 717 2109 889 2148; x_wconf 90' lang='lat' dir='ltr'>Thaletis</span> <span class='ocrx_word' id='word_1_199' title='bbox 920 2109 1020 2148; x_wconf 89' lang='lat' dir='ltr'>illud</span> <span class='ocrx_word' id='word_1_200' title='bbox 1045 2111 1254 2149; x_wconf 87' lang='lat' dir='ltr'>artificium</span> <span class='ocrx_word' id='word_1_201' title='bbox 1282 2126 1359 2163; x_wconf 91' lang='lat' dir='ltr'>quo</span> 
     </span>
     <span class='ocr_line' id='line_1_34' title="bbox 310 2165 1360 2218; baseline 0.007 -16"><span class='ocrx_word' id='word_1_202' title='bbox 310 2165 468 2216; x_wconf 86' lang='lat' dir='ltr'>provisa</span> <span class='ocrx_word' id='word_1_203' title='bbox 493 2179 538 2204; x_wconf 86' lang='lat' dir='ltr'>ac</span> <span class='ocrx_word' id='word_1_204' title='bbox 565 2167 803 2218; x_wconf 89' lang='lat' dir='ltr'>praecognita</span> <span class='ocrx_word' id='word_1_205' title='bbox 828 2168 957 2206; x_wconf 87' lang='lat' dir='ltr'>futura</span> <span class='ocrx_word' id='word_1_206' title='bbox 984 2169 1157 2208; x_wconf 90' lang='lat' dir='ltr'>olearum</span> <span class='ocrx_word' id='word_1_207' title='bbox 1185 2170 1360 2209; x_wconf 91' lang='lat' dir='ltr'>ubertate</span> 
     </span>
     <span class='ocr_line' id='line_1_35' title="bbox 309 2223 1360 2279; baseline 0.008 -18"><span class='ocrx_word' id='word_1_208' title='bbox 309 2223 571 2276; x_wconf 80' lang='lat' dir='ltr'>omnibusque</span> <span class='ocrx_word' id='word_1_209' title='bbox 590 2226 833 2265; x_wconf 88' lang='lat' dir='ltr'>Milesiorum</span> <span class='ocrx_word' id='word_1_210' title='bbox 853 2236 890 2266; x_wconf 89' lang='lat' dir='ltr'>et</span> <span class='ocrx_word' id='word_1_211' title='bbox 919 2228 1106 2267; x_wconf 90' lang='lat' dir='ltr'>Chiorum</span> <span class='ocrx_word' id='word_1_212' title='bbox 1121 2231 1243 2279; x_wconf 91' lang='lat' dir='ltr'>prelis</span> <span class='ocrx_word' id='word_1_213' title='bbox 1260 2231 1360 2269; x_wconf 90' lang='lat' dir='ltr'>olea-</span> 
     </span>
     <span class='ocr_line' id='line_1_36' title="bbox 309 2283 1358 2339; baseline 0.007 -18"><span class='ocrx_word' id='word_1_214' title='bbox 309 2283 380 2322; x_wconf 89' lang='lat' dir='ltr'>riis</span> <span class='ocrx_word' id='word_1_215' title='bbox 399 2292 437 2322; x_wconf 91' lang='lat' dir='ltr'>et</span> <span class='ocrx_word' id='word_1_216' title='bbox 468 2285 630 2336; x_wconf 84' lang='lat' dir='ltr'>trapetis</span> <span class='ocrx_word' id='word_1_217' title='bbox 649 2285 723 2324; x_wconf 88' lang='lat' dir='ltr'>vili</span> <span class='ocrx_word' id='word_1_218' title='bbox 756 2286 959 2326; x_wconf 90' lang='lat' dir='ltr'>conductis</span> <span class='ocrx_word' id='word_1_219' title='bbox 990 2286 1086 2339; x_wconf 69' lang='grc'>(22),</span> <span class='ocrx_word' id='word_1_220' title='bbox 1124 2289 1186 2327; x_wconf 91' lang='lat' dir='ltr'>vel</span> <span class='ocrx_word' id='word_1_221' title='bbox 1215 2298 1256 2327; x_wconf 94' lang='lat' dir='ltr'>ut</span> <span class='ocrx_word' id='word_1_222' title='bbox 1290 2291 1358 2328; x_wconf 87' lang='lat' dir='ltr'>alii</span> 
     </span>
     <span class='ocr_line' id='line_1_37' title="bbox 308 2342 1358 2400; baseline 0.009 -21"><span class='ocrx_word' id='word_1_223' title='bbox 308 2342 446 2381; x_wconf 87' lang='lat' dir='ltr'>volunt</span> <span class='ocrx_word' id='word_1_224' title='bbox 461 2344 568 2382; x_wconf 87' lang='lat' dir='ltr'>omni</span> <span class='ocrx_word' id='word_1_225' title='bbox 583 2346 687 2393; x_wconf 90' lang='lat' dir='ltr'>olea,</span> <span class='ocrx_word' id='word_1_226' title='bbox 711 2354 915 2397; x_wconf 88' lang='lat' dir='ltr'>antequam</span> <span class='ocrx_word' id='word_1_227' title='bbox 936 2347 1074 2386; x_wconf 89' lang='lat' dir='ltr'>florere</span> <span class='ocrx_word' id='word_1_228' title='bbox 1096 2349 1292 2400; x_wconf 81' lang='lat' dir='ltr'>coepisset,</span> <span class='ocrx_word' id='word_1_229' title='bbox 1318 2350 1358 2388; x_wconf 93' lang='lat' dir='ltr'>in</span> 
     </span>
     <span class='ocr_line' id='line_1_38' title="bbox 309 2402 1357 2459; baseline 0.008 -20"><span class='ocrx_word' id='word_1_230' title='bbox 309 2414 402 2451; x_wconf 85' lang='lat' dir='ltr'>agro</span> <span class='ocrx_word' id='word_1_231' title='bbox 412 2402 564 2441; x_wconf 86' lang='lat' dir='ltr'>Milesio</span> <span class='ocrx_word' id='word_1_232' title='bbox 577 2413 725 2442; x_wconf 91' lang='lat' dir='ltr'>coemta</span> <span class='ocrx_word' id='word_1_233' title='bbox 741 2404 816 2459; x_wconf 78' lang='lat'>(23)</span> <span class='ocrx_word' id='word_1_234' title='bbox 827 2436 838 2458; x_wconf 87' lang='lat'>,</span> <span class='ocrx_word' id='word_1_235' title='bbox 856 2407 1049 2457; x_wconf 89' lang='lat' dir='ltr'>ingentem</span> <span class='ocrx_word' id='word_1_236' title='bbox 1065 2407 1142 2446; x_wconf 86' lang='lat' dir='ltr'>sibi</span> <span class='ocrx_word' id='word_1_237' title='bbox 1154 2409 1357 2459; x_wconf 90' lang='lat' dir='ltr'>pecuniam</span> 
     </span>
     <span class='ocr_line' id='line_1_39' title="bbox 310 2462 1358 2519; baseline 0.01 -22"><span class='ocrx_word' id='word_1_238' title='bbox 310 2462 574 2512; x_wconf 88' lang='lat' dir='ltr'>comparavit,</span> <span class='ocrx_word' id='word_1_239' title='bbox 608 2472 835 2503; x_wconf 88' lang='lat' dir='ltr'>ostensurus</span> <span class='ocrx_word' id='word_1_240' title='bbox 867 2478 908 2504; x_wconf 89' lang='lat' dir='ltr'>se</span> <span class='ocrx_word' id='word_1_241' title='bbox 939 2467 1116 2517; x_wconf 86' lang='lat' dir='ltr'>quamvis</span> <span class='ocrx_word' id='word_1_242' title='bbox 1142 2467 1358 2519; x_wconf 87' lang='lat' dir='ltr'>despiceret</span> 
     </span>
     <span class='ocr_line' id='line_1_40' title="bbox 310 2520 1352 2576; baseline 0.009 -20"><span class='ocrx_word' id='word_1_243' title='bbox 310 2520 512 2570; x_wconf 88' lang='lat' dir='ltr'>pecuniam</span> <span class='ocrx_word' id='word_1_244' title='bbox 525 2550 536 2569; x_wconf 98' lang='lat'>,</span> <span class='ocrx_word' id='word_1_245' title='bbox 553 2530 679 2561; x_wconf 90' lang='lat' dir='ltr'>tamen</span> <span class='ocrx_word' id='word_1_246' title='bbox 695 2523 730 2562; x_wconf 90' lang='lat' dir='ltr'>si</span> <span class='ocrx_word' id='word_1_247' title='bbox 744 2524 876 2572; x_wconf 89' lang='lat' dir='ltr'>vellet,</span> <span class='ocrx_word' id='word_1_248' title='bbox 897 2525 1001 2565; x_wconf 87' lang='lat' dir='ltr'>facili</span> <span class='ocrx_word' id='word_1_249' title='bbox 1018 2527 1175 2576; x_wconf 87' lang='lat' dir='ltr'>negotio</span> <span class='ocrx_word' id='word_1_250' title='bbox 1191 2527 1352 2566; x_wconf 89' lang='lat' dir='ltr'>divitem</span> 
     </span>
     <span class='ocr_line' id='line_1_41' title="bbox 313 2577 1355 2637; baseline 0.01 -23"><span class='ocrx_word' id='word_1_251' title='bbox 313 2577 409 2618; x_wconf 83' lang='lat' dir='ltr'>fore.</span> <span class='ocrx_word' id='word_1_252' title='bbox 431 2579 578 2625; x_wconf 88' lang='lat' dir='ltr'>Quodsi</span> <span class='ocrx_word' id='word_1_253' title='bbox 594 2580 667 2619; x_wconf 92' lang='lat' dir='ltr'>hoc</span> <span class='ocrx_word' id='word_1_254' title='bbox 677 2583 808 2633; x_wconf 90' lang='lat' dir='ltr'>paullo</span> <span class='ocrx_word' id='word_1_255' title='bbox 823 2584 936 2623; x_wconf 88' lang='lat' dir='ltr'>aliter</span> <span class='ocrx_word' id='word_1_256' title='bbox 959 2585 1007 2624; x_wconf 91' lang='lat' dir='ltr'>de</span> <span class='ocrx_word' id='word_1_257' title='bbox 1030 2587 1252 2626; x_wconf 85' lang='lat' dir='ltr'>Democrito</span> <span class='ocrx_word' id='word_1_258' title='bbox 1276 2587 1355 2637; x_wconf 71' lang='grc'>(24)</span> 
     </span>
     <span class='ocr_line' id='line_1_42' title="bbox 312 2638 1359 2696; baseline 0.01 -21"><span class='ocrx_word' id='word_1_259' title='bbox 312 2650 427 2687; x_wconf 89' lang='lat' dir='ltr'>quam</span> <span class='ocrx_word' id='word_1_260' title='bbox 456 2638 504 2677; x_wconf 90' lang='lat' dir='ltr'>de</span> <span class='ocrx_word' id='word_1_261' title='bbox 530 2639 690 2679; x_wconf 89' lang='lat' dir='ltr'>Thalete</span> <span class='ocrx_word' id='word_1_262' title='bbox 710 2652 904 2691; x_wconf 88' lang='lat' dir='ltr'>narratur,</span> <span class='ocrx_word' id='word_1_263' title='bbox 928 2644 1010 2683; x_wconf 89' lang='lat' dir='ltr'>haec</span> <span class='ocrx_word' id='word_1_264' title='bbox 1035 2645 1121 2696; x_wconf 89' lang='lat' dir='ltr'>ipsa</span> <span class='ocrx_word' id='word_1_265' title='bbox 1153 2645 1359 2685; x_wconf 86' lang='lat' dir='ltr'>diversitas</span> 
     </span>
     <span class='ocr_line' id='line_1_43' title="bbox 312 2696 1356 2753; baseline 0.011 -20"><span class='ocrx_word' id='word_1_266' title='bbox 312 2696 459 2735; x_wconf 84' lang='lat' dir='ltr'>indicio</span> <span class='ocrx_word' id='word_1_267' title='bbox 476 2706 533 2736; x_wconf 88' lang='lat' dir='ltr'>est</span> <span class='ocrx_word' id='word_1_268' title='bbox 549 2700 747 2738; x_wconf 82' lang='lat' dir='ltr'>memoriae</span> <span class='ocrx_word' id='word_1_269' title='bbox 770 2701 882 2753; x_wconf 86' lang='lat' dir='ltr'>lapsu</span> <span class='ocrx_word' id='word_1_270' title='bbox 902 2717 981 2741; x_wconf 94' lang='lat' dir='ltr'>non</span> <span class='ocrx_word' id='word_1_271' title='bbox 1010 2704 1136 2743; x_wconf 88' lang='lat' dir='ltr'>solum</span> <span class='ocrx_word' id='word_1_272' title='bbox 1156 2705 1356 2744; x_wconf 87' lang='lat' dir='ltr'>Democri·</span> 
     </span>
     <span class='ocr_line' id='line_1_44' title="bbox 312 2757 1357 2811; baseline 0.01 -18"><span class='ocrx_word' id='word_1_273' title='bbox 312 2764 391 2794; x_wconf 89' lang='lat' dir='ltr'>tum</span> <span class='ocrx_word' id='word_1_274' title='bbox 428 2770 501 2807; x_wconf 91' lang='lat' dir='ltr'>pro</span> <span class='ocrx_word' id='word_1_275' title='bbox 530 2757 692 2797; x_wconf 85' lang='lat' dir='ltr'>Thalete</span> <span class='ocrx_word' id='word_1_276' title='bbox 726 2760 919 2811; x_wconf 92' lang='lat' dir='ltr'>positum,</span> <span class='ocrx_word' id='word_1_277' title='bbox 951 2775 1089 2801; x_wconf 90' lang='lat' dir='ltr'>verum</span> <span class='ocrx_word' id='word_1_278' title='bbox 1131 2764 1246 2802; x_wconf 89' lang='lat' dir='ltr'>etiam</span> <span class='ocrx_word' id='word_1_279' title='bbox 1278 2778 1357 2803; x_wconf 86' lang='lat' dir='ltr'>rem</span> 
     </span>
     <span class='ocr_line' id='line_1_45' title="bbox 311 2814 1358 2872; baseline 0.01 -21"><span class='ocrx_word' id='word_1_280' title='bbox 311 2827 397 2864; x_wconf 81' lang='lat' dir='ltr'>quae</span> <span class='ocrx_word' id='word_1_281' title='bbox 413 2814 515 2853; x_wconf 89' lang='lat' dir='ltr'>haud</span> <span class='ocrx_word' id='word_1_282' title='bbox 533 2815 651 2854; x_wconf 90' lang='lat' dir='ltr'>dubie</span> <span class='ocrx_word' id='word_1_283' title='bbox 671 2817 880 2868; x_wconf 77' lang='lat' dir='ltr'>aliquando</span> <span class='ocrx_word' id='word_1_284' title='bbox 902 2828 941 2858; x_wconf 88' lang='lat' dir='ltr'>et</span> <span class='ocrx_word' id='word_1_285' title='bbox 960 2819 1010 2859; x_wconf 86' lang='lat' dir='ltr'>ab</span> <span class='ocrx_word' id='word_1_286' title='bbox 1027 2835 1108 2860; x_wconf 90' lang='lat' dir='ltr'>uno</span> <span class='ocrx_word' id='word_1_287' title='bbox 1126 2830 1272 2860; x_wconf 90' lang='lat' dir='ltr'>tantum</span> <span class='ocrx_word' id='word_1_288' title='bbox 1295 2835 1358 2872; x_wconf 88' lang='lat' dir='ltr'>ge-</span> 
     </span>
     <span class='ocr_line' id='line_1_46' title="bbox 312 2877 1222 2928; baseline 0.011 -18"><span class='ocrx_word' id='word_1_289' title='bbox 312 2880 370 2910; x_wconf 88' lang='lat' dir='ltr'>sta</span> <span class='ocrx_word' id='word_1_290' title='bbox 393 2881 474 2921; x_wconf 89' lang='lat' dir='ltr'>est,</span> <span class='ocrx_word' id='word_1_291' title='bbox 500 2887 579 2912; x_wconf 92' lang='lat' dir='ltr'>non</span> <span class='ocrx_word' id='word_1_292' title='bbox 596 2877 823 2928; x_wconf 85' lang='lat' dir='ltr'>incorrupta</span> <span class='ocrx_word' id='word_1_293' title='bbox 838 2878 914 2916; x_wconf 82' lang='lat' dir='ltr'>lide</span> <span class='ocrx_word' id='word_1_294' title='bbox 926 2879 1107 2918; x_wconf 89' lang='lat' dir='ltr'>traditam</span> <span class='ocrx_word' id='word_1_295' title='bbox 1123 2893 1222 2920; x_wconf 90' lang='lat' dir='ltr'>esse.</span> 
     </span>
    </p>

    <p class='ocr_par' dir='ltr' id='par_1_5' title="bbox 313 2931 1360 3103">
     <span class='ocr_line' id='line_1_47' title="bbox 365 2931 1360 2991; baseline 0.01 -22"><span class='ocrx_word' id='word_1_296' title='bbox 365 2931 490 2973; x_wconf 87' lang='lat' dir='ltr'>Porro</span> <span class='ocrx_word' id='word_1_297' title='bbox 510 2933 705 2983; x_wconf 86' lang='lat' dir='ltr'>Diogenes</span> <span class='ocrx_word' id='word_1_298' title='bbox 725 2935 803 2988; x_wconf 86' lang='grc'>(25)</span> <span class='ocrx_word' id='word_1_299' title='bbox 830 2937 1068 2978; x_wconf 90' lang='lat' dir='ltr'>Demetrium</span> <span class='ocrx_word' id='word_1_300' title='bbox 1090 2940 1132 2978; x_wconf 90' lang='lat' dir='ltr'>in</span> <span class='ocrx_word' id='word_1_301' title='bbox 1161 2941 1360 2991; x_wconf 81' lang='lat' dir='ltr'>Homony·</span> 
     </span>
     <span class='ocr_line' id='line_1_48' title="bbox 313 2989 1360 3049; baseline 0.011 -23"><span class='ocrx_word' id='word_1_302' title='bbox 313 2989 386 3027; x_wconf 91' lang='lat' dir='ltr'>mis</span> <span class='ocrx_word' id='word_1_303' title='bbox 405 2991 728 3031; x_wconf 81' lang='lat' dir='ltr'>etAntisthenem</span> <span class='ocrx_word' id='word_1_304' title='bbox 746 2994 787 3032; x_wconf 91' lang='lat' dir='ltr'>in</span> <span class='ocrx_word' id='word_1_305' title='bbox 806 2995 1126 3049; x_wconf 88' lang='lat' dir='ltr'>philosophorum</span> <span class='ocrx_word' id='word_1_306' title='bbox 1143 2998 1360 3037; x_wconf 79' lang='lat' dir='ltr'>successio-</span> 
     </span>
     <span class='ocr_line' id='line_1_49' title="bbox 313 3047 1358 3103; baseline 0.011 -18"><span class='ocrx_word' id='word_1_307' title='bbox 313 3047 428 3088; x_wconf 90' lang='lat' dir='ltr'>nibus</span> <span class='ocrx_word' id='word_1_308' title='bbox 474 3059 651 3090; x_wconf 89' lang='lat' dir='ltr'>auctores</span> <span class='ocrx_word' id='word_1_309' title='bbox 699 3062 851 3092; x_wconf 89' lang='lat' dir='ltr'>secutus</span> <span class='ocrx_word' id='word_1_310' title='bbox 891 3055 967 3103; x_wconf 91' lang='lat' dir='ltr'>ait,</span> <span class='ocrx_word' id='word_1_311' title='bbox 1008 3058 1273 3096; x_wconf 89' lang='lat' dir='ltr'>Democritum</span> <span class='ocrx_word' id='word_1_312' title='bbox 1317 3058 1358 3095; x_wconf 91' lang='lat' dir='ltr'>in</span> 
     </span>
    </p>
   </div>
   <div class='ocr_carea' id='block_1_4' title="bbox 312 3207 1360 3352">
    <p class='ocr_par' dir='ltr' id='par_1_6' title="bbox 312 3207 1360 3352">
     <span class='ocr_line' id='line_1_50' title="bbox 356 3207 1357 3258; baseline 0.012 -19"><span class='ocrx_word' id='word_1_313' title='bbox 356 3207 421 3248; x_wconf 88' lang='grc'>(20)</span> <span class='ocrx_word' id='word_1_314' title='bbox 440 3208 552 3241; x_wconf 85' lang='lat' dir='ltr'>Cicero</span> <span class='ocrx_word' id='word_1_315' title='bbox 569 3210 609 3242; x_wconf 89' lang='lat' dir='ltr'>de</span> <span class='ocrx_word' id='word_1_316' title='bbox 626 3211 695 3243; x_wconf 90' lang='lat' dir='ltr'>Fin.</span> <span class='ocrx_word' id='word_1_317' title='bbox 716 3212 790 3245; x_wconf 85' lang='lat' dir='ltr'>bon.</span> <span class='ocrx_word' id='word_1_318' title='bbox 811 3215 844 3246; x_wconf 90' lang='lat' dir='ltr'>et</span> <span class='ocrx_word' id='word_1_319' title='bbox 860 3215 933 3247; x_wconf 85' lang='lat' dir='ltr'>mal.</span> <span class='ocrx_word' id='word_1_320' title='bbox 951 3216 1007 3249; x_wconf 85' lang='lat' dir='ltr'>lib.</span> <span class='ocrx_word' id='word_1_321' title='bbox 1026 3218 1054 3248; x_wconf 89' lang='lat' dir='ltr'>V</span> <span class='ocrx_word' id='word_1_322' title='bbox 1074 3225 1144 3258; x_wconf 80' lang='lat' dir='ltr'>rap.</span> <span class='ocrx_word' id='word_1_323' title='bbox 1170 3221 1221 3249; x_wconf 79' lang='lat'>2⁰.</span> <span class='ocrx_word' id='word_1_324' title='bbox 1246 3218 1357 3251; x_wconf 80' lang='lat' dir='ltr'>Horat.</span> 
     </span>
     <span class='ocr_line' id='line_1_51' title="bbox 312 3254 1360 3305; baseline 0.013 -21"><span class='ocrx_word' id='word_1_325' title='bbox 312 3254 407 3293; x_wconf 79' lang='lat' dir='ltr'>epist.</span> <span class='ocrx_word' id='word_1_326' title='bbox 432 3255 458 3293; x_wconf 90' lang='grc'>1,</span> <span class='ocrx_word' id='word_1_327' title='bbox 480 3258 529 3294; x_wconf 81' lang='grc'>12,</span> <span class='ocrx_word' id='word_1_328' title='bbox 552 3257 601 3294; x_wconf 85' lang='grc'>12,</span> <span class='ocrx_word' id='word_1_329' title='bbox 631 3256 686 3288; x_wconf 88' lang='lat' dir='ltr'>ubi</span> <span class='ocrx_word' id='word_1_330' title='bbox 709 3258 782 3290; x_wconf 85' lang='lat' dir='ltr'>vide</span> <span class='ocrx_word' id='word_1_331' title='bbox 802 3263 943 3294; x_wconf 81' lang='lat' dir='ltr'>veterem</span> <span class='ocrx_word' id='word_1_332' title='bbox 968 3263 1185 3305; x_wconf 80' lang='lat' dir='ltr'>interpretem.</span> <span class='ocrx_word' id='word_1_333' title='bbox 1207 3265 1298 3297; x_wconf 85' lang='lat' dir='ltr'>Philo</span> <span class='ocrx_word' id='word_1_334' title='bbox 1321 3265 1360 3297; x_wconf 80' lang='lat' dir='ltr'>de</span> 
     </span>
     <span class='ocr_line' id='line_1_52' title="bbox 316 3301 1297 3352; baseline 0.011 -20"><span class='ocrx_word' id='word_1_335' title='bbox 316 3301 388 3333; x_wconf 80' lang='lat' dir='ltr'>Vita</span> <span class='ocrx_word' id='word_1_336' title='bbox 407 3302 579 3342; x_wconf 73' lang='lat' dir='ltr'>contempt.</span> <span class='ocrx_word' id='word_1_337' title='bbox 602 3312 633 3344; x_wconf 84' lang='lat' dir='ltr'>p.</span> <span class='ocrx_word' id='word_1_338' title='bbox 655 3306 727 3336; x_wconf 82' lang='lat'>891.</span> <span class='ocrx_word' id='word_1_339' title='bbox 746 3307 831 3347; x_wconf 81' lang='lat' dir='ltr'>orig.</span> <span class='ocrx_word' id='word_1_340' title='bbox 851 3312 963 3341; x_wconf 83' lang='lat' dir='ltr'>contra</span> <span class='ocrx_word' id='word_1_341' title='bbox 979 3311 1062 3343; x_wconf 82' lang='lat' dir='ltr'>cels.</span> <span class='ocrx_word' id='word_1_342' title='bbox 1082 3310 1137 3342; x_wconf 83' lang='lat' dir='ltr'>lib.</span> <span class='ocrx_word' id='word_1_343' title='bbox 1154 3313 1183 3343; x_wconf 85' lang='lat' dir='ltr'>tt</span> <span class='ocrx_word' id='word_1_344' title='bbox 1200 3319 1231 3352; x_wconf 83' lang='lat' dir='ltr'>p.</span> <span class='ocrx_word' id='word_1_345' title='bbox 1247 3315 1297 3343; x_wconf 85' lang='lat'>86.</span> 
     </span>
    </p>
   </div>
   <div class='ocr_carea' id='block_1_5' title="bbox 280 3348 1360 3439">
    <p class='ocr_par' dir='ltr' id='par_1_7' title="bbox 280 3348 1360 3439">
     <span class='ocr_line' id='line_1_53' title="bbox 280 3348 1360 3402; baseline 0.013 -24"><span class='ocrx_word' id='word_1_346' title='bbox 280 3381 283 3383; x_wconf 67' lang='grc'><strong>,</strong></span> <span class='ocrx_word' id='word_1_347' title='bbox 356 3348 420 3402; x_wconf 78' lang='grc'>(21)</span> <span class='ocrx_word' id='word_1_348' title='bbox 439 3349 520 3402; x_wconf 73' lang='lat' dir='ltr'>Plat.</span> <span class='ocrx_word' id='word_1_349' title='bbox 542 3351 638 3390; x_wconf 81' lang='lat' dir='ltr'>Hipp.</span> <span class='ocrx_word' id='word_1_350' title='bbox 661 3351 735 3391; x_wconf 78' lang='lat' dir='ltr'>maj.</span> <span class='ocrx_word' id='word_1_351' title='bbox 759 3361 828 3394; x_wconf 81' lang='lat' dir='ltr'>pag·</span> <span class='ocrx_word' id='word_1_352' title='bbox 849 3358 908 3388; x_wconf 87' lang='grc'>283</span> <span class='ocrx_word' id='word_1_353' title='bbox 924 3359 951 3388; x_wconf 79' lang='lat' dir='ltr'><strong>A</strong></span> <span class='ocrx_word' id='word_1_354' title='bbox 973 3357 1025 3390; x_wconf 82' lang='lat' dir='ltr'>ed.</span> <span class='ocrx_word' id='word_1_355' title='bbox 1043 3358 1154 3400; x_wconf 82' lang='lat' dir='ltr'>steph.</span> <span class='ocrx_word' id='word_1_356' title='bbox 1172 3358 1360 3392; x_wconf 78' lang='lat' dir='ltr'>Aristoteles</span> 
     </span>
     <span class='ocr_line' id='line_1_54' title="bbox 315 3394 855 3439; baseline 0.013 -13"><span class='ocrx_word' id='word_1_357' title='bbox 315 3394 417 3427; x_wconf 84' lang='lat' dir='ltr'>Etlnc.</span> <span class='ocrx_word' id='word_1_358' title='bbox 432 3397 555 3428; x_wconf 82' lang='lat' dir='ltr'>Nicom.</span> <span class='ocrx_word' id='word_1_359' title='bbox 572 3397 626 3429; x_wconf 83' lang='lat' dir='ltr'>tib.</span> <span class='ocrx_word' id='word_1_360' title='bbox 644 3399 755 3438; x_wconf 81' lang='lat' dir='ltr'>vcap.</span> <span class='ocrx_word' id='word_1_361' title='bbox 773 3402 803 3439; x_wconf 94' lang='grc'>7,</span> <span class='ocrx_word' id='word_1_362' title='bbox 824 3405 855 3433; x_wconf 90' lang='grc'>6.</span> 
     </span>
    </p>
   </div>
   <div class='ocr_carea' id='block_1_6' title="bbox 356 3441 1358 3536">
    <p class='ocr_par' dir='ltr' id='par_1_8' title="bbox 356 3441 1358 3536">
     <span class='ocr_line' id='line_1_55' title="bbox 356 3441 1358 3494; baseline 0.012 -22"><span class='ocrx_word' id='word_1_363' title='bbox 356 3441 422 3482; x_wconf 80' lang='grc'>(22)</span> <span class='ocrx_word' id='word_1_364' title='bbox 438 3442 569 3475; x_wconf 73' lang='lat' dir='ltr'>Aristot.</span> <span class='ocrx_word' id='word_1_365' title='bbox 587 3443 709 3476; x_wconf 84' lang='lat' dir='ltr'>Potitic.</span> <span class='ocrx_word' id='word_1_366' title='bbox 725 3445 778 3478; x_wconf 86' lang='lat' dir='ltr'>lib.</span> <span class='ocrx_word' id='word_1_367' title='bbox 795 3448 890 3488; x_wconf 79' lang='lat' dir='ltr'>[cap.</span> <span class='ocrx_word' id='word_1_368' title='bbox 909 3453 956 3482; x_wconf 83' lang='lat' dir='ltr'>tt.</span> <span class='ocrx_word' id='word_1_369' title='bbox 970 3450 1060 3492; x_wconf 86' lang='lat' dir='ltr'>Diog.</span> <span class='ocrx_word' id='word_1_370' title='bbox 1078 3452 1182 3485; x_wconf 82' lang='lat' dir='ltr'>Laert.</span> <span class='ocrx_word' id='word_1_371' title='bbox 1195 3452 1249 3485; x_wconf 88' lang='lat' dir='ltr'>lib.</span> <span class='ocrx_word' id='word_1_372' title='bbox 1265 3454 1292 3494; x_wconf 89' lang='grc' dir='ltr'>Ι,</span> <span class='ocrx_word' id='word_1_373' title='bbox 1308 3457 1358 3486; x_wconf 75' lang='lat'>26.</span> 
     </span>
     <span class='ocr_line' id='line_1_56' title="bbox 357 3488 954 3536; baseline 0.015 -16"><span class='ocrx_word' id='word_1_374' title='bbox 357 3488 422 3529; x_wconf 83' lang='lat'><strong>(23)</strong></span> <span class='ocrx_word' id='word_1_375' title='bbox 438 3489 550 3522; x_wconf 86' lang='lat' dir='ltr'>Cicero</span> <span class='ocrx_word' id='word_1_376' title='bbox 565 3490 604 3524; x_wconf 85' lang='lat' dir='ltr'>de</span> <span class='ocrx_word' id='word_1_377' title='bbox 621 3491 763 3526; x_wconf 82' lang='lat' dir='ltr'>Divinat.</span> <span class='ocrx_word' id='word_1_378' title='bbox 782 3493 837 3526; x_wconf 82' lang='lat' dir='ltr'>tib.</span> <span class='ocrx_word' id='word_1_379' title='bbox 857 3496 885 3536; x_wconf 90' lang='lat'>1,</span> <span class='ocrx_word' id='word_1_380' title='bbox 904 3499 954 3529; x_wconf 83' lang='grc'>49.</span> 
     </span>
    </p>
   </div>
   <div class='ocr_carea' id='block_1_7' title="bbox 1173 261 1585 304">
    <p class='ocr_par' dir='ltr' id='par_1_9' title="bbox 1173 261 1585 304">
     <span class='ocr_line' id='line_1_57' title="bbox 1173 261 1585 304; baseline -0.01 -1"><span class='ocrx_word' id='word_1_381' title='bbox 1173 266 1238 304; x_wconf 80' lang='lat' dir='ltr'>DE</span> <span class='ocrx_word' id='word_1_382' title='bbox 1269 261 1585 304; x_wconf 82' lang='lat' dir='ltr'>DEMOCRITO.</span> 
     </span>
    </p>
   </div>
   <div class='ocr_carea' id='block_1_8' title="bbox 1412 342 2478 3102">
    <p class='ocr_par' dir='ltr' id='par_1_10' title="bbox 1412 342 2478 3102">
     <span class='ocr_line' id='line_1_58' title="bbox 1412 342 2460 395; baseline -0.002 -12"><span class='ocrx_word' id='word_1_383' title='bbox 1412 345 1617 395; x_wconf 81' lang='lat' dir='ltr'>AEgyptum</span> <span class='ocrx_word' id='word_1_384' title='bbox 1659 342 1707 380; x_wconf 87' lang='lat' dir='ltr'>ad</span> <span class='ocrx_word' id='word_1_385' title='bbox 1754 342 1971 381; x_wconf 80' lang='lat' dir='ltr'>sacerdotes</span> <span class='ocrx_word' id='word_1_386' title='bbox 2005 342 2227 392; x_wconf 68' lang='lat' dir='ltr'>geometriae</span> <span class='ocrx_word' id='word_1_387' title='bbox 2267 342 2460 381; x_wconf 71' lang='lat' dir='ltr'>discendae</span> 
     </span>
     <span class='ocr_line' id='line_1_59' title="bbox 1412 401 2465 453; baseline -0.001 -12"><span class='ocrx_word' id='word_1_388' title='bbox 1412 403 1536 453; x_wconf 87' lang='lat' dir='ltr'>gratia</span> <span class='ocrx_word' id='word_1_389' title='bbox 1550 414 1591 440; x_wconf 91' lang='lat' dir='ltr'>se</span> <span class='ocrx_word' id='word_1_390' title='bbox 1610 401 1821 439; x_wconf 82' lang='lat' dir='ltr'>contulisse</span> <span class='ocrx_word' id='word_1_391' title='bbox 1837 410 1951 452; x_wconf 88' lang='lat' dir='ltr'>atque</span> <span class='ocrx_word' id='word_1_392' title='bbox 1967 401 2015 439; x_wconf 91' lang='lat' dir='ltr'>ad</span> <span class='ocrx_word' id='word_1_393' title='bbox 2039 401 2239 440; x_wconf 85' lang='lat' dir='ltr'>Chaldaeos</span> <span class='ocrx_word' id='word_1_394' title='bbox 2254 409 2291 439; x_wconf 92' lang='lat' dir='ltr'>et</span> <span class='ocrx_word' id='word_1_395' title='bbox 2305 402 2346 440; x_wconf 90' lang='lat' dir='ltr'>in</span> <span class='ocrx_word' id='word_1_396' title='bbox 2366 401 2465 440; x_wconf 85' lang='lat' dir='ltr'>Per-</span> 
     </span>
     <span class='ocr_line' id='line_1_60' title="bbox 1413 459 2461 511; baseline -0.001 -11"><span class='ocrx_word' id='word_1_397' title='bbox 1413 462 1533 500; x_wconf 90' lang='lat' dir='ltr'>sidem</span> <span class='ocrx_word' id='word_1_398' title='bbox 1552 469 1589 499; x_wconf 90' lang='lat' dir='ltr'>et</span> <span class='ocrx_word' id='word_1_399' title='bbox 1607 459 1656 498; x_wconf 89' lang='lat' dir='ltr'>ad</span> <span class='ocrx_word' id='word_1_400' title='bbox 1677 459 1850 498; x_wconf 79' lang='lat' dir='ltr'>Rubrum</span> <span class='ocrx_word' id='word_1_401' title='bbox 1866 473 1971 498; x_wconf 89' lang='lat' dir='ltr'>mare</span> <span class='ocrx_word' id='word_1_402' title='bbox 1994 460 2212 511; x_wconf 84' lang='lat' dir='ltr'>profectum</span> <span class='ocrx_word' id='word_1_403' title='bbox 2232 472 2331 499; x_wconf 85' lang='lat' dir='ltr'>esse.</span> <span class='ocrx_word' id='word_1_404' title='bbox 2354 459 2461 500; x_wconf 83' lang='lat' dir='ltr'>Idem</span> 
     </span>
     <span class='ocr_line' id='line_1_61' title="bbox 1415 518 2464 571; baseline -0.002 -12"><span class='ocrx_word' id='word_1_405' title='bbox 1415 529 1576 559; x_wconf 89' lang='lat' dir='ltr'>testatur</span> <span class='ocrx_word' id='word_1_406' title='bbox 1615 519 1733 557; x_wconf 84' lang='lat' dir='ltr'>fuisse</span> <span class='ocrx_word' id='word_1_407' title='bbox 1755 520 1823 570; x_wconf 88' lang='lat' dir='ltr'>qui</span> <span class='ocrx_word' id='word_1_408' title='bbox 1854 519 2130 571; x_wconf 87' lang='lat' dir='ltr'>philosophum</span> <span class='ocrx_word' id='word_1_409' title='bbox 2161 532 2249 557; x_wconf 89' lang='lat' dir='ltr'>cum</span> <span class='ocrx_word' id='word_1_410' title='bbox 2278 518 2464 559; x_wconf 80' lang='lat' dir='ltr'>Indorum</span> 
     </span>
     <span class='ocr_line' id='line_1_62' title="bbox 1417 578 2465 631; baseline 0.001 -14"><span class='ocrx_word' id='word_1_411' title='bbox 1417 578 1762 631; x_wconf 87' lang='lat' dir='ltr'>Gymnosophistis</span> <span class='ocrx_word' id='word_1_412' title='bbox 1805 579 2082 617; x_wconf 88' lang='lat' dir='ltr'>commercium</span> <span class='ocrx_word' id='word_1_413' title='bbox 2126 578 2309 617; x_wconf 86' lang='lat' dir='ltr'>habuisse</span> <span class='ocrx_word' id='word_1_414' title='bbox 2343 587 2383 618; x_wconf 89' lang='lat' dir='ltr'>et</span> <span class='ocrx_word' id='word_1_415' title='bbox 2423 580 2465 618; x_wconf 88' lang='lat' dir='ltr'>in</span> 
     </span>
     <span class='ocr_line' id='line_1_63' title="bbox 1416 637 2468 689; baseline 0 -12"><span class='ocrx_word' id='word_1_416' title='bbox 1416 638 1651 689; x_wconf 82' lang='lat' dir='ltr'>AEtbiopiam</span> <span class='ocrx_word' id='word_1_417' title='bbox 1672 637 1918 676; x_wconf 84' lang='lat' dir='ltr'>contendisse</span> <span class='ocrx_word' id='word_1_418' title='bbox 1933 647 2206 677; x_wconf 83' lang='lat' dir='ltr'>memorarent.</span> <span class='ocrx_word' id='word_1_419' title='bbox 2226 637 2367 677; x_wconf 85' lang='lat' dir='ltr'>Eadem</span> <span class='ocrx_word' id='word_1_420' title='bbox 2388 638 2468 677; x_wconf 80' lang='lat' dir='ltr'>sere</span> 
     </span>
     <span class='ocr_line' id='line_1_64' title="bbox 1414 695 2468 750; baseline -0.001 -14"><span class='ocrx_word' id='word_1_421' title='bbox 1414 699 1516 750; x_wconf 88' lang='lat' dir='ltr'>apud</span> <span class='ocrx_word' id='word_1_422' title='bbox 1535 698 1727 736; x_wconf 85' lang='lat' dir='ltr'>AElianum</span> <span class='ocrx_word' id='word_1_423' title='bbox 1760 695 1856 747; x_wconf 82' lang='lat'>(26),</span> <span class='ocrx_word' id='word_1_424' title='bbox 1884 696 2063 744; x_wconf 85' lang='lat' dir='ltr'>Suidam,</span> <span class='ocrx_word' id='word_1_425' title='bbox 2089 696 2322 748; x_wconf 79' lang='lat' dir='ltr'>Hesychium</span> <span class='ocrx_word' id='word_1_426' title='bbox 2352 696 2468 736; x_wconf 85' lang='lat' dir='ltr'>Mile·</span> 
     </span>
     <span class='ocr_line' id='line_1_65' title="bbox 1415 756 2468 808; baseline 0 -12"><span class='ocrx_word' id='word_1_427' title='bbox 1415 759 1515 796; x_wconf 89' lang='lat' dir='ltr'>sium</span> <span class='ocrx_word' id='word_1_428' title='bbox 1537 766 1575 796; x_wconf 90' lang='lat' dir='ltr'>et</span> <span class='ocrx_word' id='word_1_429' title='bbox 1593 757 1830 795; x_wconf 85' lang='lat' dir='ltr'>Clementem</span> <span class='ocrx_word' id='word_1_430' title='bbox 1848 756 2043 806; x_wconf 88' lang='lat' dir='ltr'>leguntur.</span> <span class='ocrx_word' id='word_1_431' title='bbox 2063 756 2241 805; x_wconf 82' lang='lat' dir='ltr'>Magnam</span> <span class='ocrx_word' id='word_1_432' title='bbox 2256 756 2359 796; x_wconf 73' lang='lat' dir='ltr'>Asiae</span> <span class='ocrx_word' id='word_1_433' title='bbox 2378 769 2468 808; x_wconf 76' lang='lat' dir='ltr'>par·</span> 
     </span>
     <span class='ocr_line' id='line_1_66' title="bbox 1417 813 2470 867; baseline -0.001 -13"><span class='ocrx_word' id='word_1_434' title='bbox 1417 826 1489 855; x_wconf 89' lang='lat' dir='ltr'>tem</span> <span class='ocrx_word' id='word_1_435' title='bbox 1512 816 1738 856; x_wconf 78' lang='lat' dir='ltr'>Abderitam</span> <span class='ocrx_word' id='word_1_436' title='bbox 1752 827 1976 866; x_wconf 81' lang='lat' dir='ltr'>peragrasse</span> <span class='ocrx_word' id='word_1_437' title='bbox 1990 813 2128 852; x_wconf 88' lang='lat' dir='ltr'>scribit</span> <span class='ocrx_word' id='word_1_438' title='bbox 2144 814 2284 853; x_wconf 88' lang='lat' dir='ltr'>Strabo</span> <span class='ocrx_word' id='word_1_439' title='bbox 2296 815 2391 867; x_wconf 88' lang='grc'>(27).</span> <span class='ocrx_word' id='word_1_440' title='bbox 2409 815 2470 855; x_wconf 79' lang='lat' dir='ltr'>Ab</span> 
     </span>
     <span class='ocr_line' id='line_1_67' title="bbox 1415 873 2468 914; baseline -0.001 0"><span class='ocrx_word' id='word_1_441' title='bbox 1415 890 1461 914; x_wconf 90' lang='lat' dir='ltr'>eo</span> <span class='ocrx_word' id='word_1_442' title='bbox 1480 876 1635 914; x_wconf 89' lang='lat' dir='ltr'>ultimas</span> <span class='ocrx_word' id='word_1_443' title='bbox 1660 884 1782 913; x_wconf 89' lang='lat' dir='ltr'>terras</span> <span class='ocrx_word' id='word_1_444' title='bbox 1801 874 1906 912; x_wconf 91' lang='lat' dir='ltr'>visas</span> <span class='ocrx_word' id='word_1_445' title='bbox 1923 886 2006 911; x_wconf 88' lang='lat' dir='ltr'>esse</span> <span class='ocrx_word' id='word_1_446' title='bbox 2030 873 2149 911; x_wconf 84' lang='lat' dir='ltr'>tradit</span> <span class='ocrx_word' id='word_1_447' title='bbox 2168 873 2222 913; x_wconf 88' lang='lat' dir='ltr'>M.</span> <span class='ocrx_word' id='word_1_448' title='bbox 2243 873 2400 914; x_wconf 85' lang='lat' dir='ltr'>Tullius</span> <span class='ocrx_word' id='word_1_449' title='bbox 2418 875 2468 913; x_wconf 88' lang='lat' dir='ltr'>de</span> 
     </span>
     <span class='ocr_line' id='line_1_68' title="bbox 1418 931 2470 986; baseline 0 -14"><span class='ocrx_word' id='word_1_450' title='bbox 1418 935 1502 973; x_wconf 78' lang='lat' dir='ltr'>Fin.</span> <span class='ocrx_word' id='word_1_451' title='bbox 1524 933 1570 982; x_wconf 92' lang='lat' dir='ltr'>V,</span> <span class='ocrx_word' id='word_1_452' title='bbox 1604 948 1664 984; x_wconf 85' lang='lat'>¹9·</span> <span class='ocrx_word' id='word_1_453' title='bbox 1691 933 1844 971; x_wconf 89' lang='lat' dir='ltr'>Plinius</span> <span class='ocrx_word' id='word_1_454' title='bbox 1877 932 1975 970; x_wconf 82' lang='lat' dir='ltr'>Hist.</span> <span class='ocrx_word' id='word_1_455' title='bbox 2000 940 2077 969; x_wconf 89' lang='lat' dir='ltr'>nat.</span> <span class='ocrx_word' id='word_1_456' title='bbox 2106 931 2173 970; x_wconf 90' lang='lat' dir='ltr'>lib.</span> <span class='ocrx_word' id='word_1_457' title='bbox 2206 931 2310 982; x_wconf 74' lang='lat' dir='ltr'>XXV</span> <span class='ocrx_word' id='word_1_458' title='bbox 2339 945 2425 986; x_wconf 83' lang='lat' dir='ltr'>cap.</span> <span class='ocrx_word' id='word_1_459' title='bbox 2448 934 2470 971; x_wconf 85' lang='lat'>5</span> 
     </span>
     <span class='ocr_line' id='line_1_69' title="bbox 1421 990 2471 1044; baseline 0.001 -14"><span class='ocrx_word' id='word_1_460' title='bbox 1421 993 1689 1031; x_wconf 86' lang='lat' dir='ltr'>Democritum</span> <span class='ocrx_word' id='word_1_461' title='bbox 1711 991 1814 1043; x_wconf 90' lang='lat' dir='ltr'>apud</span> <span class='ocrx_word' id='word_1_462' title='bbox 1843 990 2041 1036; x_wconf 89' lang='lat' dir='ltr'>Persidis,</span> <span class='ocrx_word' id='word_1_463' title='bbox 2066 990 2240 1038; x_wconf 78' lang='lat' dir='ltr'>Arabiae,</span> <span class='ocrx_word' id='word_1_464' title='bbox 2265 991 2471 1044; x_wconf 81' lang='lat' dir='ltr'>AEthiopiae</span> 
     </span>
     <span class='ocr_line' id='line_1_70' title="bbox 1419 1049 2470 1104; baseline 0 -13"><span class='ocrx_word' id='word_1_465' title='bbox 1419 1052 1652 1104; x_wconf 82' lang='lat' dir='ltr'>AEgyptique</span> <span class='ocrx_word' id='word_1_466' title='bbox 1672 1064 1804 1101; x_wconf 88' lang='lat' dir='ltr'>magos</span> <span class='ocrx_word' id='word_1_467' title='bbox 1826 1050 1942 1088; x_wconf 88' lang='lat' dir='ltr'>fuisse</span> <span class='ocrx_word' id='word_1_468' title='bbox 1955 1049 2148 1101; x_wconf 89' lang='lat' dir='ltr'>perhibet.</span> <span class='ocrx_word' id='word_1_469' title='bbox 2172 1049 2319 1088; x_wconf 86' lang='lat' dir='ltr'>Exsilia</span> <span class='ocrx_word' id='word_1_470' title='bbox 2337 1051 2470 1090; x_wconf 81' lang='lat' dir='ltr'>verius</span> 
     </span>
     <span class='ocr_line' id='line_1_71' title="bbox 1418 1108 2470 1163; baseline -0.001 -13"><span class='ocrx_word' id='word_1_471' title='bbox 1418 1125 1531 1163; x_wconf 87' lang='lat' dir='ltr'>quam</span> <span class='ocrx_word' id='word_1_472' title='bbox 1552 1110 1884 1162; x_wconf 87' lang='lat' dir='ltr'>peregrinationes</span> <span class='ocrx_word' id='word_1_473' title='bbox 1901 1108 2004 1146; x_wconf 88' lang='lat' dir='ltr'>hunc</span> <span class='ocrx_word' id='word_1_474' title='bbox 2019 1109 2195 1159; x_wconf 88' lang='lat' dir='ltr'>aliosque</span> <span class='ocrx_word' id='word_1_475' title='bbox 2214 1109 2470 1162; x_wconf 86' lang='lat' dir='ltr'>philosophos</span> 
     </span>
     <span class='ocr_line' id='line_1_72' title="bbox 1419 1167 2469 1219; baseline -0.001 -11"><span class='ocrx_word' id='word_1_476' title='bbox 1419 1171 1467 1208; x_wconf 90' lang='lat' dir='ltr'>ad</span> <span class='ocrx_word' id='word_1_477' title='bbox 1502 1169 1725 1208; x_wconf 86' lang='lat' dir='ltr'>discendam</span> <span class='ocrx_word' id='word_1_478' title='bbox 1754 1167 1941 1218; x_wconf 85' lang='lat' dir='ltr'>magicam</span> <span class='ocrx_word' id='word_1_479' title='bbox 1974 1176 2095 1204; x_wconf 88' lang='lat' dir='ltr'>artem</span> <span class='ocrx_word' id='word_1_480' title='bbox 2121 1169 2337 1219; x_wconf 87' lang='lat' dir='ltr'>suscepisse</span> <span class='ocrx_word' id='word_1_481' title='bbox 2367 1168 2469 1208; x_wconf 88' lang='lat' dir='ltr'>idem</span> 
     </span>
     <span class='ocr_line' id='line_1_73' title="bbox 1418 1225 2474 1280; baseline 0 -13"><span class='ocrx_word' id='word_1_482' title='bbox 1418 1231 1587 1280; x_wconf 88' lang='lat' dir='ltr'>scriptor</span> <span class='ocrx_word' id='word_1_483' title='bbox 1609 1229 1620 1278; x_wconf 92' lang='lat'>(</span> <span class='ocrx_word' id='word_1_484' title='bbox 1637 1227 1706 1267; x_wconf 89' lang='lat' dir='ltr'>lib.</span> <span class='ocrx_word' id='word_1_485' title='bbox 1723 1225 1843 1276; x_wconf 90' lang='lat' dir='ltr'>XXX,</span> <span class='ocrx_word' id='word_1_486' title='bbox 1862 1239 1946 1277; x_wconf 88' lang='lat' dir='ltr'>cap.</span> <span class='ocrx_word' id='word_1_487' title='bbox 1961 1239 1982 1263; x_wconf 92' lang='grc'>2</span> <span class='ocrx_word' id='word_1_488' title='bbox 1999 1227 2009 1275; x_wconf 91' lang='grc'>)</span> <span class='ocrx_word' id='word_1_489' title='bbox 2026 1226 2224 1277; x_wconf 87' lang='lat' dir='ltr'>opinatur.</span> <span class='ocrx_word' id='word_1_490' title='bbox 2244 1225 2340 1272; x_wconf 83' lang='lat' dir='ltr'>Quae</span> <span class='ocrx_word' id='word_1_491' title='bbox 2352 1228 2474 1267; x_wconf 84' lang='lat' dir='ltr'>verba</span> 
     </span>
     <span class='ocr_line' id='line_1_74' title="bbox 1419 1284 2471 1336; baseline 0.002 -12"><span class='ocrx_word' id='word_1_492' title='bbox 1419 1300 1498 1324; x_wconf 88' lang='lat' dir='ltr'>non</span> <span class='ocrx_word' id='word_1_493' title='bbox 1528 1287 1651 1336; x_wconf 83' lang='lat' dir='ltr'>magis</span> <span class='ocrx_word' id='word_1_494' title='bbox 1671 1298 1766 1324; x_wconf 85' lang='lat' dir='ltr'>vera</span> <span class='ocrx_word' id='word_1_495' title='bbox 1787 1298 1902 1336; x_wconf 90' lang='lat' dir='ltr'>quam</span> <span class='ocrx_word' id='word_1_496' title='bbox 1928 1285 2023 1323; x_wconf 89' lang='lat' dir='ltr'>falsa</span> <span class='ocrx_word' id='word_1_497' title='bbox 2057 1293 2161 1324; x_wconf 90' lang='lat' dir='ltr'>sunt.</span> <span class='ocrx_word' id='word_1_498' title='bbox 2186 1284 2238 1323; x_wconf 91' lang='lat' dir='ltr'>Ut</span> <span class='ocrx_word' id='word_1_499' title='bbox 2262 1286 2368 1325; x_wconf 90' lang='lat' dir='ltr'>enim</span> <span class='ocrx_word' id='word_1_500' title='bbox 2397 1286 2471 1326; x_wconf 82' lang='lat' dir='ltr'>iti-</span> 
     </span>
     <span class='ocr_line' id='line_1_75' title="bbox 1420 1344 2475 1395; baseline -0.001 -11"><span class='ocrx_word' id='word_1_501' title='bbox 1420 1360 1554 1384; x_wconf 88' lang='lat' dir='ltr'>nerum</span> <span class='ocrx_word' id='word_1_502' title='bbox 1575 1345 1883 1395; x_wconf 82' lang='lat' dir='ltr'>magnitudinem</span> <span class='ocrx_word' id='word_1_503' title='bbox 1900 1344 2088 1395; x_wconf 87' lang='lat' dir='ltr'>spectanti</span> <span class='ocrx_word' id='word_1_504' title='bbox 2107 1344 2304 1383; x_wconf 88' lang='lat' dir='ltr'>exsulasse</span> <span class='ocrx_word' id='word_1_505' title='bbox 2320 1344 2475 1384; x_wconf 86' lang='lat' dir='ltr'>videtur</span> 
     </span>
     <span class='ocr_line' id='line_1_76' title="bbox 1420 1404 2473 1454; baseline 0 -11"><span class='ocrx_word' id='word_1_506' title='bbox 1420 1406 1693 1444; x_wconf 86' lang='lat' dir='ltr'>Democritus:</span> <span class='ocrx_word' id='word_1_507' title='bbox 1723 1404 1777 1442; x_wconf 81' lang='lat' dir='ltr'>ita</span> <span class='ocrx_word' id='word_1_508' title='bbox 1795 1417 1884 1442; x_wconf 91' lang='lat' dir='ltr'>eum</span> <span class='ocrx_word' id='word_1_509' title='bbox 1908 1404 2044 1453; x_wconf 84' lang='lat' dir='ltr'>magiae</span> <span class='ocrx_word' id='word_1_510' title='bbox 2069 1415 2194 1454; x_wconf 90' lang='lat' dir='ltr'>neque</span> <span class='ocrx_word' id='word_1_511' title='bbox 2211 1416 2374 1453; x_wconf 86' lang='lat' dir='ltr'>gnarum</span> <span class='ocrx_word' id='word_1_512' title='bbox 2406 1418 2473 1443; x_wconf 87' lang='lat' dir='ltr'>ne-</span> 
     </span>
     <span class='ocr_line' id='line_1_77' title="bbox 1419 1462 2476 1516; baseline 0.001 -14"><span class='ocrx_word' id='word_1_513' title='bbox 1419 1477 1495 1514; x_wconf 88' lang='lat' dir='ltr'>que</span> <span class='ocrx_word' id='word_1_514' title='bbox 1514 1463 1701 1516; x_wconf 88' lang='lat' dir='ltr'>cupidum</span> <span class='ocrx_word' id='word_1_515' title='bbox 1722 1463 1841 1501; x_wconf 81' lang='lat' dir='ltr'>fuisse</span> <span class='ocrx_word' id='word_1_516' title='bbox 1854 1475 1876 1500; x_wconf 92' lang='lat' dir='ltr'>e</span> <span class='ocrx_word' id='word_1_517' title='bbox 1896 1462 2029 1500; x_wconf 91' lang='lat' dir='ltr'>multis</span> <span class='ocrx_word' id='word_1_518' title='bbox 2046 1470 2220 1500; x_wconf 90' lang='lat' dir='ltr'>veterum</span> <span class='ocrx_word' id='word_1_519' title='bbox 2239 1463 2335 1502; x_wconf 90' lang='lat' dir='ltr'>locis</span> <span class='ocrx_word' id='word_1_520' title='bbox 2351 1462 2476 1503; x_wconf 85' lang='lat' dir='ltr'>libro-</span> 
     </span>
     <span class='ocr_line' id='line_1_78' title="bbox 1420 1520 2473 1572; baseline 0.001 -13"><span class='ocrx_word' id='word_1_521' title='bbox 1420 1535 1584 1572; x_wconf 88' lang='lat' dir='ltr'>rumque</span> <span class='ocrx_word' id='word_1_522' title='bbox 1603 1521 1637 1572; x_wconf 89' lang='lat' dir='ltr'>ej</span> <span class='ocrx_word' id='word_1_523' title='bbox 1645 1535 1688 1560; x_wconf 92' lang='lat' dir='ltr'>us</span> <span class='ocrx_word' id='word_1_524' title='bbox 1708 1521 1888 1572; x_wconf 88' lang='lat' dir='ltr'>reliquiis</span> <span class='ocrx_word' id='word_1_525' title='bbox 1907 1521 2151 1571; x_wconf 86' lang='lat' dir='ltr'>intelligitur.</span> <span class='ocrx_word' id='word_1_526' title='bbox 2169 1520 2244 1559; x_wconf 89' lang='lat' dir='ltr'>Sed</span> <span class='ocrx_word' id='word_1_527' title='bbox 2258 1521 2473 1560; x_wconf 87' lang='lat' dir='ltr'>litterarum</span> 
     </span>
     <span class='ocr_line' id='line_1_79' title="bbox 1421 1580 2475 1631; baseline 0.002 -14"><span class='ocrx_word' id='word_1_528' title='bbox 1421 1593 1536 1618; x_wconf 90' lang='lat' dir='ltr'>causa</span> <span class='ocrx_word' id='word_1_529' title='bbox 1566 1581 1707 1618; x_wconf 87' lang='lat' dir='ltr'>multas</span> <span class='ocrx_word' id='word_1_530' title='bbox 1731 1588 1862 1630; x_wconf 86' lang='lat' dir='ltr'>gentes</span> <span class='ocrx_word' id='word_1_531' title='bbox 1882 1589 2081 1630; x_wconf 87' lang='lat' dir='ltr'>terrasque</span> <span class='ocrx_word' id='word_1_532' title='bbox 2113 1580 2312 1627; x_wconf 81' lang='lat' dir='ltr'>lustravit3</span> <span class='ocrx_word' id='word_1_533' title='bbox 2333 1593 2475 1631; x_wconf 87' lang='lat' dir='ltr'>quam-</span> 
     </span>
     <span class='ocr_line' id='line_1_80' title="bbox 1419 1637 2476 1690; baseline 0.002 -14"><span class='ocrx_word' id='word_1_534' title='bbox 1419 1638 1554 1677; x_wconf 89' lang='lat' dir='ltr'>obrem</span> <span class='ocrx_word' id='word_1_535' title='bbox 1580 1639 1731 1677; x_wconf 84' lang='lat' dir='ltr'>AEliano</span> <span class='ocrx_word' id='word_1_536' title='bbox 1765 1638 1844 1690; x_wconf 84' lang='lat'>(28)</span> <span class='ocrx_word' id='word_1_537' title='bbox 1883 1647 1977 1676; x_wconf 89' lang='lat' dir='ltr'>teste</span> <span class='ocrx_word' id='word_1_538' title='bbox 2003 1638 2177 1676; x_wconf 90' lang='lat' dir='ltr'>laudatus</span> <span class='ocrx_word' id='word_1_539' title='bbox 2205 1646 2263 1676; x_wconf 90' lang='lat' dir='ltr'>est</span> <span class='ocrx_word' id='word_1_540' title='bbox 2295 1651 2318 1676; x_wconf 87' lang='lat' dir='ltr'>a</span> <span class='ocrx_word' id='word_1_541' title='bbox 2344 1637 2476 1678; x_wconf 77' lang='lat' dir='ltr'>Theo-</span> 
     </span>
     <span class='ocr_line' id='line_1_81' title="bbox 1422 1697 2474 1749; baseline 0.003 -15"><span class='ocrx_word' id='word_1_542' title='bbox 1422 1698 1579 1749; x_wconf 89' lang='lat' dir='ltr'>phrasto</span> <span class='ocrx_word' id='word_1_543' title='bbox 1597 1697 1703 1749; x_wconf 89' lang='lat' dir='ltr'>quod</span> <span class='ocrx_word' id='word_1_544' title='bbox 1723 1697 1793 1735; x_wconf 90' lang='lat' dir='ltr'>has</span> <span class='ocrx_word' id='word_1_545' title='bbox 1814 1698 1993 1747; x_wconf 82' lang='lat' dir='ltr'>regiones</span> <span class='ocrx_word' id='word_1_546' title='bbox 2013 1697 2150 1736; x_wconf 90' lang='lat' dir='ltr'>obiens</span> <span class='ocrx_word' id='word_1_547' title='bbox 2172 1697 2336 1736; x_wconf 85' lang='lat' dir='ltr'>meliora</span> <span class='ocrx_word' id='word_1_548' title='bbox 2356 1698 2474 1737; x_wconf 91' lang='lat' dir='ltr'>colle-</span> 
     </span>
     <span class='ocr_line' id='line_1_82' title="bbox 1422 1756 2474 1809; baseline 0.002 -15"><span class='ocrx_word' id='word_1_549' title='bbox 1422 1759 1519 1806; x_wconf 89' lang='lat' dir='ltr'>gerit</span> <span class='ocrx_word' id='word_1_550' title='bbox 1535 1770 1650 1807; x_wconf 87' lang='lat' dir='ltr'>quam</span> <span class='ocrx_word' id='word_1_551' title='bbox 1674 1757 1735 1794; x_wconf 84' lang='lat' dir='ltr'>vel</span> <span class='ocrx_word' id='word_1_552' title='bbox 1755 1756 1954 1795; x_wconf 89' lang='lat' dir='ltr'>Menelaus</span> <span class='ocrx_word' id='word_1_553' title='bbox 1972 1757 2033 1794; x_wconf 87' lang='lat' dir='ltr'>vel</span> <span class='ocrx_word' id='word_1_554' title='bbox 2064 1756 2221 1804; x_wconf 88' lang='lat' dir='ltr'>Ulixes,</span> <span class='ocrx_word' id='word_1_555' title='bbox 2243 1756 2390 1809; x_wconf 85' lang='lat' dir='ltr'>quippe</span> <span class='ocrx_word' id='word_1_556' title='bbox 2405 1758 2474 1809; x_wconf 87' lang='lat' dir='ltr'>qui</span> 
     </span>
     <span class='ocr_line' id='line_1_83' title="bbox 1422 1815 2473 1867; baseline 0.003 -14"><span class='ocrx_word' id='word_1_557' title='bbox 1422 1829 1502 1853; x_wconf 92' lang='lat' dir='ltr'>non</span> <span class='ocrx_word' id='word_1_558' title='bbox 1523 1817 1635 1854; x_wconf 90' lang='lat' dir='ltr'>aliter</span> <span class='ocrx_word' id='word_1_559' title='bbox 1656 1829 1772 1867; x_wconf 90' lang='lat' dir='ltr'>quam</span> <span class='ocrx_word' id='word_1_560' title='bbox 1792 1824 2025 1854; x_wconf 87' lang='lat' dir='ltr'>mercatores</span> <span class='ocrx_word' id='word_1_561' title='bbox 2045 1815 2250 1855; x_wconf 83' lang='lat' dir='ltr'>Phoenices</span> <span class='ocrx_word' id='word_1_562' title='bbox 2269 1826 2473 1866; x_wconf 86' lang='lat' dir='ltr'>errarent,</span> 
     </span>
     <span class='ocr_line' id='line_1_84' title="bbox 1419 1873 2474 1927; baseline 0.001 -14"><span class='ocrx_word' id='word_1_563' title='bbox 1419 1876 1623 1927; x_wconf 90' lang='lat' dir='ltr'>pecuniam</span> <span class='ocrx_word' id='word_1_564' title='bbox 1639 1876 1880 1914; x_wconf 87' lang='lat' dir='ltr'>cumulantes</span> <span class='ocrx_word' id='word_1_565' title='bbox 1893 1884 2007 1926; x_wconf 87' lang='lat' dir='ltr'>atque</span> <span class='ocrx_word' id='word_1_566' title='bbox 2021 1874 2119 1912; x_wconf 88' lang='lat' dir='ltr'>hanc</span> <span class='ocrx_word' id='word_1_567' title='bbox 2139 1883 2219 1912; x_wconf 94' lang='lat' dir='ltr'>tum</span> <span class='ocrx_word' id='word_1_568' title='bbox 2236 1873 2474 1926; x_wconf 87' lang='lat' dir='ltr'>pedestrium</span> 
     </span>
     <span class='ocr_line' id='line_1_85' title="bbox 1421 1931 2311 1974; baseline 0.003 -3"><span class='ocrx_word' id='word_1_569' title='bbox 1421 1943 1500 1971; x_wconf 89' lang='lat' dir='ltr'>tum</span> <span class='ocrx_word' id='word_1_570' title='bbox 1524 1934 1722 1972; x_wconf 89' lang='lat' dir='ltr'>navalium</span> <span class='ocrx_word' id='word_1_571' title='bbox 1743 1934 1927 1972; x_wconf 86' lang='lat' dir='ltr'>itinerum</span> <span class='ocrx_word' id='word_1_572' title='bbox 1945 1946 2097 1972; x_wconf 91' lang='lat' dir='ltr'>causam</span> <span class='ocrx_word' id='word_1_573' title='bbox 2112 1931 2311 1974; x_wconf 76' lang='lat' dir='ltr'>habentes2</span> 
     </span>
     <span class='ocr_line' id='line_1_86' title="bbox 1478 1991 2475 2044; baseline 0.002 -14"><span class='ocrx_word' id='word_1_574' title='bbox 1478 1994 1657 2044; x_wconf 85' lang='lat' dir='ltr'>Denique</span> <span class='ocrx_word' id='word_1_575' title='bbox 1673 1993 1861 2032; x_wconf 86' lang='lat' dir='ltr'>Julianus</span> <span class='ocrx_word' id='word_1_576' title='bbox 1879 1993 2097 2044; x_wconf 75' lang='lat' dir='ltr'>imperator</span> <span class='ocrx_word' id='word_1_577' title='bbox 2116 1992 2281 2044; x_wconf 87' lang='lat' dir='ltr'>epistola</span> <span class='ocrx_word' id='word_1_578' title='bbox 2299 1991 2475 2032; x_wconf 78' lang='lat' dir='ltr'>xxxvl!</span> 
     </span>
     <span class='ocr_line' id='line_1_87' title="bbox 1424 2051 2475 2091; baseline -0.001 -1"><span class='ocrx_word' id='word_1_579' title='bbox 1424 2053 1537 2090; x_wconf 89' lang='lat' dir='ltr'>talem</span> <span class='ocrx_word' id='word_1_580' title='bbox 1573 2061 1706 2090; x_wconf 84' lang='lat' dir='ltr'>narrat</span> <span class='ocrx_word' id='word_1_581' title='bbox 1730 2052 1909 2090; x_wconf 84' lang='lat' dir='ltr'>fabellam</span> <span class='ocrx_word' id='word_1_582' title='bbox 1943 2052 1992 2089; x_wconf 92' lang='lat' dir='ltr'>ad</span> <span class='ocrx_word' id='word_1_583' title='bbox 2030 2051 2230 2090; x_wconf 88' lang='lat' dir='ltr'>Persicum</span> <span class='ocrx_word' id='word_1_584' title='bbox 2261 2051 2475 2091; x_wconf 83' lang='lat' dir='ltr'>Democriti</span> 
     </span>
     <span class='ocr_line' id='line_1_88' title="bbox 1421 2110 2475 2163; baseline 0 -14"><span class='ocrx_word' id='word_1_585' title='bbox 1421 2111 1495 2149; x_wconf 85' lang='lat' dir='ltr'>iter</span> <span class='ocrx_word' id='word_1_586' title='bbox 1515 2112 1785 2163; x_wconf 86' lang='lat' dir='ltr'>pertinentem.</span> <span class='ocrx_word' id='word_1_587' title='bbox 1804 2111 1924 2162; x_wconf 88' lang='lat' dir='ltr'>Ajunt</span> <span class='ocrx_word' id='word_1_588' title='bbox 1942 2110 2207 2149; x_wconf 83' lang='lat' dir='ltr'>Democritum</span> <span class='ocrx_word' id='word_1_589' title='bbox 2223 2123 2344 2162; x_wconf 89' lang='lat' dir='ltr'>quum</span> <span class='ocrx_word' id='word_1_590' title='bbox 2364 2110 2475 2150; x_wconf 83' lang='lat' dir='ltr'>nullo</span> 
     </span>
     <span class='ocr_line' id='line_1_89' title="bbox 1427 2170 2476 2223; baseline 0 -15"><span class='ocrx_word' id='word_1_591' title='bbox 1427 2171 1542 2209; x_wconf 87' lang='lat' dir='ltr'>modo</span> <span class='ocrx_word' id='word_1_592' title='bbox 1563 2180 1694 2223; x_wconf 91' lang='lat' dir='ltr'>posset</span> <span class='ocrx_word' id='word_1_593' title='bbox 1726 2171 1891 2209; x_wconf 88' lang='lat' dir='ltr'>Darium</span> <span class='ocrx_word' id='word_1_594' title='bbox 1923 2171 1988 2208; x_wconf 91' lang='lat' dir='ltr'>cui</span> <span class='ocrx_word' id='word_1_595' title='bbox 2015 2170 2134 2221; x_wconf 88' lang='lat' dir='ltr'>paulo</span> <span class='ocrx_word' id='word_1_596' title='bbox 2162 2178 2251 2207; x_wconf 88' lang='lat' dir='ltr'>ante</span> <span class='ocrx_word' id='word_1_597' title='bbox 2269 2183 2370 2208; x_wconf 85' lang='lat' dir='ltr'>uxor</span> <span class='ocrx_word' id='word_1_598' title='bbox 2388 2170 2476 2222; x_wconf 84' lang='lat' dir='ltr'>pul·</span> 
     </span>
     <span class='ocr_line' id='line_1_90' title="bbox 1428 2228 2475 2277; baseline 0 -9"><span class='ocrx_word' id='word_1_599' title='bbox 1428 2230 1623 2268; x_wconf 88' lang='lat' dir='ltr'>cherrima</span> <span class='ocrx_word' id='word_1_600' title='bbox 1659 2244 1680 2269; x_wconf 91' lang='lat' dir='ltr'>e</span> <span class='ocrx_word' id='word_1_601' title='bbox 1713 2231 1797 2269; x_wconf 86' lang='lat' dir='ltr'>vita</span> <span class='ocrx_word' id='word_1_602' title='bbox 1820 2237 2062 2276; x_wconf 85' lang='lat' dir='ltr'>excesserat,</span> <span class='ocrx_word' id='word_1_603' title='bbox 2091 2228 2312 2277; x_wconf 89' lang='lat' dir='ltr'>consolari,</span> <span class='ocrx_word' id='word_1_604' title='bbox 2343 2241 2384 2267; x_wconf 86' lang='lat' dir='ltr'>se</span> <span class='ocrx_word' id='word_1_605' title='bbox 2414 2229 2475 2268; x_wconf 91' lang='lat' dir='ltr'>illi</span> 
     </span>
     <span class='ocr_line' id='line_1_91' title="bbox 1422 2287 2477 2335; baseline -0.001 -8"><span class='ocrx_word' id='word_1_606' title='bbox 1422 2298 1616 2327; x_wconf 90' lang='lat' dir='ltr'>mortuam</span> <span class='ocrx_word' id='word_1_607' title='bbox 1637 2290 1679 2327; x_wconf 92' lang='lat' dir='ltr'>in</span> <span class='ocrx_word' id='word_1_608' title='bbox 1695 2290 1814 2327; x_wconf 74' lang='lat' dir='ltr'>vitam</span> <span class='ocrx_word' id='word_1_609' title='bbox 1830 2297 2102 2327; x_wconf 88' lang='lat' dir='ltr'>revocaturum</span> <span class='ocrx_word' id='word_1_610' title='bbox 2124 2287 2291 2335; x_wconf 86' lang='lat' dir='ltr'>dixisse,</span> <span class='ocrx_word' id='word_1_611' title='bbox 2308 2289 2342 2326; x_wconf 90' lang='lat' dir='ltr'>si</span> <span class='ocrx_word' id='word_1_612' title='bbox 2359 2287 2477 2326; x_wconf 88' lang='lat' dir='ltr'>vellet</span> 
     </span>
     <span class='ocr_line' id='line_1_92' title="bbox 1422 2346 2477 2398; baseline -0.001 -12"><span class='ocrx_word' id='word_1_613' title='bbox 1422 2362 1485 2386; x_wconf 88' lang='lat' dir='ltr'>res</span> <span class='ocrx_word' id='word_1_614' title='bbox 1517 2348 1565 2386; x_wconf 90' lang='lat' dir='ltr'>ad</span> <span class='ocrx_word' id='word_1_615' title='bbox 1597 2348 1673 2386; x_wconf 89' lang='lat' dir='ltr'>hoc</span> <span class='ocrx_word' id='word_1_616' title='bbox 1705 2347 1941 2386; x_wconf 88' lang='lat' dir='ltr'>necessarias</span> <span class='ocrx_word' id='word_1_617' title='bbox 1979 2346 2248 2398; x_wconf 80' lang='lat' dir='ltr'>suppeditare3</span> <span class='ocrx_word' id='word_1_618' title='bbox 2277 2358 2477 2397; x_wconf 89' lang='lat' dir='ltr'>quumque</span> 
     </span>
     <span class='ocr_line' id='line_1_93' title="bbox 1423 2404 2478 2459; baseline -0.001 -13"><span class='ocrx_word' id='word_1_619' title='bbox 1423 2421 1493 2446; x_wconf 85' lang='lat' dir='ltr'>rex</span> <span class='ocrx_word' id='word_1_620' title='bbox 1513 2421 1600 2446; x_wconf 91' lang='lat' dir='ltr'>eum</span> <span class='ocrx_word' id='word_1_621' title='bbox 1632 2406 1812 2459; x_wconf 87' lang='lat' dir='ltr'>juberet,</span> <span class='ocrx_word' id='word_1_622' title='bbox 1843 2407 1951 2445; x_wconf 88' lang='lat' dir='ltr'>nulla</span> <span class='ocrx_word' id='word_1_623' title='bbox 1981 2415 2131 2445; x_wconf 89' lang='lat' dir='ltr'>sumtus</span> <span class='ocrx_word' id='word_1_624' title='bbox 2164 2405 2315 2444; x_wconf 86' lang='lat' dir='ltr'>ratione</span> <span class='ocrx_word' id='word_1_625' title='bbox 2344 2404 2478 2445; x_wconf 86' lang='lat' dir='ltr'>habita</span> 
     </span>
     <span class='ocr_line' id='line_1_94' title="bbox 1427 2465 2478 2518; baseline 0 -15"><span class='ocrx_word' id='word_1_626' title='bbox 1427 2466 1619 2518; x_wconf 91' lang='lat' dir='ltr'>quidquid</span> <span class='ocrx_word' id='word_1_627' title='bbox 1651 2480 1750 2518; x_wconf 91' lang='lat' dir='ltr'>opus</span> <span class='ocrx_word' id='word_1_628' title='bbox 1770 2475 1870 2505; x_wconf 88' lang='lat' dir='ltr'>esset</span> <span class='ocrx_word' id='word_1_629' title='bbox 1889 2466 2063 2518; x_wconf 84' lang='lat' dir='ltr'>accipere</span> <span class='ocrx_word' id='word_1_630' title='bbox 2089 2465 2361 2517; x_wconf 87' lang='lat' dir='ltr'>promissaque</span> <span class='ocrx_word' id='word_1_631' title='bbox 2380 2478 2478 2518; x_wconf 76' lang='lat' dir='ltr'>prae-</span> 
     </span>
     <span class='ocr_line' id='line_1_95' title="bbox 1421 2525 2477 2578; baseline -0.001 -13"><span class='ocrx_word' id='word_1_632' title='bbox 1421 2536 1542 2575; x_wconf 87' lang='lat' dir='ltr'>stare,</span> <span class='ocrx_word' id='word_1_633' title='bbox 1565 2536 1646 2565; x_wconf 91' lang='lat' dir='ltr'>tum</span> <span class='ocrx_word' id='word_1_634' title='bbox 1673 2527 1886 2578; x_wconf 90' lang='lat' dir='ltr'>paullisper</span> <span class='ocrx_word' id='word_1_635' title='bbox 1905 2529 2126 2566; x_wconf 80' lang='lat' dir='ltr'>cunctatum</span> <span class='ocrx_word' id='word_1_636' title='bbox 2144 2525 2313 2571; x_wconf 87' lang='lat' dir='ltr'>dixisse,</span> <span class='ocrx_word' id='word_1_637' title='bbox 2339 2533 2477 2564; x_wconf 83' lang='lat' dir='ltr'>caetera</span> 
     </span>
     <span class='ocr_line' id='line_1_96' title="bbox 1420 2583 2472 2637; baseline -0.002 -13"><span class='ocrx_word' id='word_1_638' title='bbox 1420 2586 1578 2637; x_wconf 86' lang='lat' dir='ltr'>quidem</span> <span class='ocrx_word' id='word_1_639' title='bbox 1611 2585 1689 2624; x_wconf 88' lang='lat' dir='ltr'>sibi</span> <span class='ocrx_word' id='word_1_640' title='bbox 1713 2585 1868 2623; x_wconf 86' lang='lat' dir='ltr'>abunde</span> <span class='ocrx_word' id='word_1_641' title='bbox 1898 2595 2128 2637; x_wconf 88' lang='lat' dir='ltr'>suppetere,</span> <span class='ocrx_word' id='word_1_642' title='bbox 2165 2598 2285 2622; x_wconf 85' lang='lat' dir='ltr'>uuum</span> <span class='ocrx_word' id='word_1_643' title='bbox 2315 2583 2472 2632; x_wconf 79' lang='lat' dir='ltr'>deesse,</span> 
     </span>
     <span class='ocr_line' id='line_1_97' title="bbox 1423 2643 2474 2696; baseline 0 -15"><span class='ocrx_word' id='word_1_644' title='bbox 1423 2657 1547 2695; x_wconf 88' lang='lat' dir='ltr'>neque</span> <span class='ocrx_word' id='word_1_645' title='bbox 1566 2644 1607 2682; x_wconf 89' lang='lat' dir='ltr'>id</span> <span class='ocrx_word' id='word_1_646' title='bbox 1624 2644 1951 2695; x_wconf 89' lang='lat' dir='ltr'>quemadmodum</span> <span class='ocrx_word' id='word_1_647' title='bbox 1964 2644 2095 2694; x_wconf 86' lang='lat' dir='ltr'>parari</span> <span class='ocrx_word' id='word_1_648' title='bbox 2113 2652 2262 2696; x_wconf 88' lang='lat' dir='ltr'>posset,</span> <span class='ocrx_word' id='word_1_649' title='bbox 2292 2655 2334 2682; x_wconf 91' lang='lat' dir='ltr'>se</span> <span class='ocrx_word' id='word_1_650' title='bbox 2357 2643 2474 2682; x_wconf 87' lang='lat' dir='ltr'>intel·</span> 
     </span>
     <span class='ocr_line' id='line_1_98' title="bbox 1422 2702 2473 2754; baseline 0 -14"><span class='ocrx_word' id='word_1_651' title='bbox 1422 2703 1566 2753; x_wconf 85' lang='lat' dir='ltr'>ligere,</span> <span class='ocrx_word' id='word_1_652' title='bbox 1585 2703 1748 2741; x_wconf 90' lang='lat' dir='ltr'>Darium</span> <span class='ocrx_word' id='word_1_653' title='bbox 1763 2712 1891 2741; x_wconf 88' lang='lat' dir='ltr'>tamen</span> <span class='ocrx_word' id='word_1_654' title='bbox 1906 2704 1974 2754; x_wconf 90' lang='lat' dir='ltr'>qui</span> <span class='ocrx_word' id='word_1_655' title='bbox 2004 2703 2122 2741; x_wconf 90' lang='lat' dir='ltr'>totius</span> <span class='ocrx_word' id='word_1_656' title='bbox 2140 2702 2242 2741; x_wconf 75' lang='lat' dir='ltr'>Asiae</span> <span class='ocrx_word' id='word_1_657' title='bbox 2259 2714 2330 2740; x_wconf 85' lang='lat' dir='ltr'>rex</span> <span class='ocrx_word' id='word_1_658' title='bbox 2347 2710 2473 2751; x_wconf 85' lang='lat' dir='ltr'>esset,</span> 
     </span>
     <span class='ocr_line' id='line_1_99' title="bbox 1424 2760 2476 2812; baseline 0 -13"><span class='ocrx_word' id='word_1_659' title='bbox 1424 2762 1537 2800; x_wconf 83' lang='lat' dir='ltr'>facile</span> <span class='ocrx_word' id='word_1_660' title='bbox 1570 2762 1731 2801; x_wconf 88' lang='lat' dir='ltr'>fortasse</span> <span class='ocrx_word' id='word_1_661' title='bbox 1764 2763 2029 2803; x_wconf 87' lang='lat' dir='ltr'>inventurum.</span> <span class='ocrx_word' id='word_1_662' title='bbox 2062 2760 2135 2800; x_wconf 80' lang='lat' dir='ltr'>Hic</span> <span class='ocrx_word' id='word_1_663' title='bbox 2165 2775 2286 2812; x_wconf 90' lang='lat' dir='ltr'>quum</span> <span class='ocrx_word' id='word_1_664' title='bbox 2319 2770 2476 2811; x_wconf 84' lang='lat' dir='ltr'>rogaret</span> 
     </span>
     <span class='ocr_line' id='line_1_100' title="bbox 1421 2818 2473 2871; baseline 0 -13"><span class='ocrx_word' id='word_1_665' title='bbox 1421 2821 1489 2859; x_wconf 90' lang='lat' dir='ltr'>ille</span> <span class='ocrx_word' id='word_1_666' title='bbox 1504 2849 1515 2869; x_wconf 94' lang='lat'>,</span> <span class='ocrx_word' id='word_1_667' title='bbox 1538 2820 1635 2871; x_wconf 89' lang='lat' dir='ltr'>quid</span> <span class='ocrx_word' id='word_1_668' title='bbox 1654 2820 1809 2858; x_wconf 87' lang='lat' dir='ltr'>tandem</span> <span class='ocrx_word' id='word_1_669' title='bbox 1829 2829 1905 2858; x_wconf 90' lang='lat' dir='ltr'>tam</span> <span class='ocrx_word' id='word_1_670' title='bbox 1922 2833 2103 2869; x_wconf 87' lang='lat' dir='ltr'>magnum</span> <span class='ocrx_word' id='word_1_671' title='bbox 2118 2827 2219 2858; x_wconf 88' lang='lat' dir='ltr'>esset</span> <span class='ocrx_word' id='word_1_672' title='bbox 2238 2818 2344 2870; x_wconf 93' lang='lat' dir='ltr'>quod</span> <span class='ocrx_word' id='word_1_673' title='bbox 2364 2819 2473 2858; x_wconf 86' lang='lat' dir='ltr'>solus</span> 
     </span>
     <span class='ocr_line' id='line_1_101' title="bbox 1421 2878 2472 2930; baseline 0 -14"><span class='ocrx_word' id='word_1_674' title='bbox 1421 2892 1491 2917; x_wconf 90' lang='lat' dir='ltr'>rex</span> <span class='ocrx_word' id='word_1_675' title='bbox 1518 2879 1719 2929; x_wconf 87' lang='lat' dir='ltr'>cognitum</span> <span class='ocrx_word' id='word_1_676' title='bbox 1751 2887 1882 2930; x_wconf 88' lang='lat' dir='ltr'>posset</span> <span class='ocrx_word' id='word_1_677' title='bbox 1909 2878 2072 2926; x_wconf 90' lang='lat' dir='ltr'>habere,</span> <span class='ocrx_word' id='word_1_678' title='bbox 2105 2879 2373 2916; x_wconf 87' lang='lat' dir='ltr'>Democritum</span> <span class='ocrx_word' id='word_1_679' title='bbox 2407 2890 2472 2916; x_wconf 85' lang='lat' dir='ltr'>re-</span> 
     </span>
     <span class='ocr_line' id='line_1_102' title="bbox 1421 2936 2477 2989; baseline 0.001 -14"><span class='ocrx_word' id='word_1_680' title='bbox 1421 2938 1607 2989; x_wconf 87' lang='lat' dir='ltr'>pondisse</span> <span class='ocrx_word' id='word_1_681' title='bbox 1638 2939 1790 2984; x_wconf 70' lang='lat' dir='ltr'>ferunt,</span> <span class='ocrx_word' id='word_1_682' title='bbox 1825 2938 1859 2976; x_wconf 92' lang='lat' dir='ltr'>si</span> <span class='ocrx_word' id='word_1_683' title='bbox 1888 2938 2038 2976; x_wconf 90' lang='lat' dir='ltr'>tumulo</span> <span class='ocrx_word' id='word_1_684' title='bbox 2072 2938 2207 2976; x_wconf 86' lang='lat' dir='ltr'>uxoris</span> <span class='ocrx_word' id='word_1_685' title='bbox 2243 2936 2477 2976; x_wconf 86' lang='lat' dir='ltr'>inscriberet</span> 
     </span>
     <span class='ocr_line' id='line_1_103' title="bbox 1420 2997 2470 3048; baseline -0.002 -11"><span class='ocrx_word' id='word_1_686' title='bbox 1420 2998 1582 3036; x_wconf 88' lang='lat' dir='ltr'>nomina</span> <span class='ocrx_word' id='word_1_687' title='bbox 1597 2998 1715 3036; x_wconf 85' lang='lat' dir='ltr'>trium</span> <span class='ocrx_word' id='word_1_688' title='bbox 1737 2997 1939 3035; x_wconf 90' lang='lat' dir='ltr'>hominum</span> <span class='ocrx_word' id='word_1_689' title='bbox 1961 2997 2087 3034; x_wconf 89' lang='lat' dir='ltr'>luctus</span> <span class='ocrx_word' id='word_1_690' title='bbox 2103 2998 2319 3048; x_wconf 90' lang='lat' dir='ltr'>expertium</span> <span class='ocrx_word' id='word_1_691' title='bbox 2334 3025 2346 3044; x_wconf 91' lang='lat'>,</span> <span class='ocrx_word' id='word_1_692' title='bbox 2362 2997 2470 3035; x_wconf 88' lang='lat' dir='ltr'>illam</span> 
     </span>
     <span class='ocr_line' id='line_1_104' title="bbox 1421 3055 2476 3102; baseline -0.001 -7"><span class='ocrx_word' id='word_1_693' title='bbox 1421 3057 1470 3095; x_wconf 86' lang='lat' dir='ltr'>ab</span> <span class='ocrx_word' id='word_1_694' title='bbox 1498 3057 1636 3095; x_wconf 85' lang='lat' dir='ltr'>inferis</span> <span class='ocrx_word' id='word_1_695' title='bbox 1664 3069 1748 3095; x_wconf 84' lang='lat' dir='ltr'>esse</span> <span class='ocrx_word' id='word_1_696' title='bbox 1775 3055 2011 3102; x_wconf 78' lang='lat' dir='ltr'>redituram3</span> <span class='ocrx_word' id='word_1_697' title='bbox 2044 3055 2127 3093; x_wconf 85' lang='lat' dir='ltr'>sore</span> <span class='ocrx_word' id='word_1_698' title='bbox 2158 3056 2260 3092; x_wconf 90' lang='lat' dir='ltr'>enim</span> <span class='ocrx_word' id='word_1_699' title='bbox 2291 3063 2334 3093; x_wconf 90' lang='lat' dir='ltr'>ut</span> <span class='ocrx_word' id='word_1_700' title='bbox 2372 3068 2476 3094; x_wconf 89' lang='lat' dir='ltr'>com·</span> 
     </span>
    </p>
   </div>
   <div class='ocr_carea' id='block_1_9' title="bbox 1419 3217 2474 3543">
    <p class='ocr_par' dir='ltr' id='par_1_11' title="bbox 1465 3217 2180 3259">
     <span class='ocr_line' id='line_1_105' title="bbox 1465 3217 2180 3259; baseline -0.003 -9"><span class='ocrx_word' id='word_1_701' title='bbox 1465 3219 1530 3259; x_wconf 82' lang='grc'>(24)</span> <span class='ocrx_word' id='word_1_702' title='bbox 1549 3219 1632 3250; x_wconf 85' lang='lat' dir='ltr'>Ptin.</span> <span class='ocrx_word' id='word_1_703' title='bbox 1649 3218 1731 3250; x_wconf 83' lang='lat' dir='ltr'>Hist.</span> <span class='ocrx_word' id='word_1_704' title='bbox 1754 3218 1819 3248; x_wconf 87' lang='lat' dir='ltr'>nat.</span> <span class='ocrx_word' id='word_1_705' title='bbox 1835 3217 1889 3248; x_wconf 86' lang='lat' dir='ltr'>lib.</span> <span class='ocrx_word' id='word_1_706' title='bbox 1909 3218 2024 3257; x_wconf 80' lang='lat' dir='ltr'>XVffl,</span> <span class='ocrx_word' id='word_1_707' title='bbox 2040 3226 2110 3257; x_wconf 86' lang='lat' dir='ltr'>cap.</span> <span class='ocrx_word' id='word_1_708' title='bbox 2130 3220 2180 3249; x_wconf 90' lang='lat'>28.</span> 
     </span>
    </p>

    <p class='ocr_par' dir='ltr' id='par_1_12' title="bbox 1467 3263 2084 3306">
     <span class='ocr_line' id='line_1_106' title="bbox 1467 3263 2084 3306; baseline -0.002 -9"><span class='ocrx_word' id='word_1_709' title='bbox 1467 3265 1533 3306; x_wconf 82' lang='lat'>(25)</span> <span class='ocrx_word' id='word_1_710' title='bbox 1556 3265 1710 3305; x_wconf 84' lang='lat' dir='ltr'>Diogenes</span> <span class='ocrx_word' id='word_1_711' title='bbox 1729 3263 1874 3296; x_wconf 86' lang='lat' dir='ltr'>Laertius</span> <span class='ocrx_word' id='word_1_712' title='bbox 1886 3263 1939 3296; x_wconf 85' lang='lat' dir='ltr'>lib.</span> <span class='ocrx_word' id='word_1_713' title='bbox 1956 3265 2012 3302; x_wconf 91' lang='grc' dir='ltr'>ΙΧ,</span> <span class='ocrx_word' id='word_1_714' title='bbox 2032 3267 2084 3296; x_wconf 79' lang='grc'>35.</span> 
     </span>
    </p>

    <p class='ocr_par' dir='ltr' id='par_1_13' title="bbox 1419 3310 2474 3447">
     <span class='ocr_line' id='line_1_107' title="bbox 1462 3310 2474 3353; baseline -0.002 -9"><span class='ocrx_word' id='word_1_715' title='bbox 1462 3313 1528 3353; x_wconf 88' lang='lat'><strong>(26)</strong></span> <span class='ocrx_word' id='word_1_716' title='bbox 1545 3312 1660 3344; x_wconf 82' lang='lat' dir='ltr'>AElian.</span> <span class='ocrx_word' id='word_1_717' title='bbox 1678 3313 1756 3344; x_wconf 75' lang='lat' dir='ltr'>var.</span> <span class='ocrx_word' id='word_1_718' title='bbox 1773 3310 1854 3343; x_wconf 77' lang='lat' dir='ltr'>nist.</span> <span class='ocrx_word' id='word_1_719' title='bbox 1871 3312 1928 3351; x_wconf 91' lang='lat' dir='ltr'>IV,</span> <span class='ocrx_word' id='word_1_720' title='bbox 1945 3315 1995 3344; x_wconf 88' lang='grc' dir='ltr'>2ο.</span> <span class='ocrx_word' id='word_1_721' title='bbox 2014 3310 2127 3343; x_wconf 82' lang='lat' dir='ltr'>suidas</span> <span class='ocrx_word' id='word_1_722' title='bbox 2145 3319 2176 3343; x_wconf 76' lang='grc' dir='ltr'>ν.</span> <span class='ocrx_word' id='word_1_723' title='bbox 2191 3310 2395 3352; x_wconf 74' lang='grc' dir='ltr'><strong>Δημόκριτος.</strong></span> <span class='ocrx_word' id='word_1_724' title='bbox 2410 3311 2474 3343; x_wconf 80' lang='lat' dir='ltr'>He-</span> 
     </span>
     <span class='ocr_line' id='line_1_108' title="bbox 1419 3357 2474 3401; baseline 0.001 -11"><span class='ocrx_word' id='word_1_725' title='bbox 1419 3360 1550 3400; x_wconf 80' lang='lat' dir='ltr'>sychius</span> <span class='ocrx_word' id='word_1_726' title='bbox 1564 3358 1705 3392; x_wconf 81' lang='lat' dir='ltr'>Milesius</span> <span class='ocrx_word' id='word_1_727' title='bbox 1726 3367 1758 3391; x_wconf 91' lang='lat' dir='ltr'>v.</span> <span class='ocrx_word' id='word_1_728' title='bbox 1775 3357 1968 3401; x_wconf 78' lang='grc' dir='ltr'>Δημόκριτος</span> <span class='ocrx_word' id='word_1_729' title='bbox 1980 3367 2051 3399; x_wconf 78' lang='lat' dir='ltr'>pag.</span> <span class='ocrx_word' id='word_1_730' title='bbox 2073 3364 2109 3391; x_wconf 84' lang='lat'>18</span> <span class='ocrx_word' id='word_1_731' title='bbox 2132 3359 2181 3391; x_wconf 86' lang='lat' dir='ltr'>ed.</span> <span class='ocrx_word' id='word_1_732' title='bbox 2206 3359 2304 3391; x_wconf 82' lang='lat' dir='ltr'>Orett.</span> <span class='ocrx_word' id='word_1_733' title='bbox 2325 3358 2474 3391; x_wconf 74' lang='lat' dir='ltr'>Clemens</span> 
     </span>
     <span class='ocr_line' id='line_1_109' title="bbox 1420 3407 1829 3447; baseline -0.005 -7"><span class='ocrx_word' id='word_1_734' title='bbox 1420 3408 1510 3440; x_wconf 78' lang='lat' dir='ltr'>Alex.</span> <span class='ocrx_word' id='word_1_735' title='bbox 1528 3408 1647 3439; x_wconf 83' lang='lat' dir='ltr'>Strom.</span> <span class='ocrx_word' id='word_1_736' title='bbox 1668 3409 1683 3439; x_wconf 91' lang='lat'><em>1</em></span> <span class='ocrx_word' id='word_1_737' title='bbox 1705 3414 1737 3447; x_wconf 87' lang='lat' dir='ltr'>p.</span> <span class='ocrx_word' id='word_1_738' title='bbox 1757 3407 1829 3439; x_wconf 75' lang='grc'><strong>304.</strong></span> 
     </span>
    </p>

    <p class='ocr_par' dir='ltr' id='par_1_14' title="bbox 1462 3453 2120 3494">
     <span class='ocr_line' id='line_1_110' title="bbox 1462 3453 2120 3494; baseline -0.002 -8"><span class='ocrx_word' id='word_1_739' title='bbox 1462 3455 1529 3494; x_wconf 90' lang='grc'>(27)</span> <span class='ocrx_word' id='word_1_740' title='bbox 1553 3454 1668 3487; x_wconf 81' lang='lat' dir='ltr'>Strabo</span> <span class='ocrx_word' id='word_1_741' title='bbox 1689 3453 1744 3486; x_wconf 86' lang='lat' dir='ltr'>lib.</span> <span class='ocrx_word' id='word_1_742' title='bbox 1764 3454 1836 3492; x_wconf 84' lang='lat' dir='ltr'>XV,</span> <span class='ocrx_word' id='word_1_743' title='bbox 1852 3462 1884 3494; x_wconf 83' lang='lat' dir='ltr'>p.</span> <span class='ocrx_word' id='word_1_744' title='bbox 1904 3456 1965 3486; x_wconf 88' lang='grc'>703</span> <span class='ocrx_word' id='word_1_745' title='bbox 1981 3453 2032 3486; x_wconf 81' lang='lat' dir='ltr'>ed.</span> <span class='ocrx_word' id='word_1_746' title='bbox 2048 3455 2120 3486; x_wconf 83' lang='lat' dir='ltr'>Cas.</span> 
     </span>
    </p>

    <p class='ocr_par' dir='ltr' id='par_1_15' title="bbox 1464 3499 2012 3543">
     <span class='ocr_line' id='line_1_111' title="bbox 1464 3499 2012 3543; baseline -0.002 -10"><span class='ocrx_word' id='word_1_747' title='bbox 1464 3500 1530 3543; x_wconf 80' lang='lat'><strong>(28)</strong></span> <span class='ocrx_word' id='word_1_748' title='bbox 1549 3501 1663 3536; x_wconf 83' lang='lat' dir='ltr'>AEtian.</span> <span class='ocrx_word' id='word_1_749' title='bbox 1684 3503 1757 3533; x_wconf 82' lang='lat' dir='ltr'>var.</span> <span class='ocrx_word' id='word_1_750' title='bbox 1776 3499 1859 3532; x_wconf 75' lang='lat' dir='ltr'>nist.</span> <span class='ocrx_word' id='word_1_751' title='bbox 1883 3501 1940 3539; x_wconf 87' lang='lat' dir='ltr'>IV,</span> <span class='ocrx_word' id='word_1_752' title='bbox 1962 3505 2012 3532; x_wconf 86' lang='lat'>20.</span> 
     </span>
    </p>
   </div>
  </div>
 </body>
</html>
