2612 3814
282 280 361 313 476

279 362 560 411 ἐπιστημονικῶν
572 358 748 412 γνώσεων·
766 352 814 403 οἶς
835 357 950 410 μόνοις
969 360 990 405 ἠ
1011 361 1070 396 τοῦ
1094 360 1115 396 ἆ
1127 375 1143 396 ν
1155 361 1172 396 θ
1186 357 1240 411 ρώ
1252 372 1334 395 που

278 420 374 474 ψυχὴ
396 417 642 473 θεραπεύεται,
662 417 723 458 καὶ
740 420 807 457 τῶν
824 418 908 470 τῇδε
927 419 1167 469 ἐλευθεροῦται
1186 432 1213 454 π
1225 416 1334 454 όνων

279 494 293 517 ε
308 480 343 523 ἷς
373 477 453 526 τὴν
482 477 608 516 θείαν
628 477 726 524 λῆξιν
759 475 1011 527 μεθισταμένη.
1069 474 1256 515 Συνελόντι
1275 467 1333 512 οῦν

279 538 389 577 εἰπεῖν
403 567 413 586 ,
431 541 450 578 ὁ
467 539 544 582 νοῦς
558 538 628 575 τῶν
647 537 884 590 προκειμένων
912 537 1004 573 ἐπῶν
1028 536 1102 573 ἐστι
1123 537 1286 577 τοιοῦτος·
1304 534 1334 571 οἱ

283 591 417 642 γνόντες
434 589 577 634 ἑαυτοὺς
595 592 616 629 ἀ
628 590 875 628 πολύονται
901 590 962 635 τῆς
978 590 1103 635 θνητῆς
1125 586 1332 637 ἐμπαθείας.

279 649 347 689 Διὰ
366 649 402 688 τί
421 643 539 688 σῧνοῦ
560 649 727 692 πάντες
756 645 1058 697 ἀπολύονται,
1078 646 1205 690 πάντες
1224 649 1357 698 ἀφορ--

280 709 348 759 μὰς
362 707 498 762 ἔχοντες
507 707 678 761 ἐμφύτους
693 706 779 759 πρὸς
788 706 974 757 ἐπίγνωσιν
985 708 1047 752 τῆς
1057 707 1189 743 ἑαυτῶν
1198 703 1333 753 οὐσίας;

278 766 365 806 Ὅτι
388 769 419 806 οἱ
440 768 610 815 πλεῖστοι,
633 767 680 809 ὡς
700 764 804 818 ἔφην,
825 763 1015 817 αὐθαίρετα
1035 764 1172 816 πήματ’
1196 761 1335 815 ἔχοντές

279 829 380 879 εἰσιν,
398 826 430 865 ot
446 830 514 865 τῶν
529 828 669 878 ἀγαθῶν
688 824 795 868 πέλας
812 823 920 862 ὄντων
943 821 1016 862 οὔτ’
1039 825 1208 877 ἐσορῶσιν
1222 853 1232 872 ,
1258 823 1334 861 οὔτε

279 885 455 925 κλύουσιν.
514 884 652 936 Ὀλίγοι
680 882 715 921 δέ
739 885 823 921 εἶσιν
842 883 872 920 οἱ
903 882 964 930 τὴν
983 884 1052 920 τῶν
1087 885 1205 920 κακῶν
1235 880 1334 920 λύσιν

281 945 451 989 συνιέντες
472 945 511 982 ἐκ
529 948 587 983 τοῦ
607 945 736 994 γνῶναι
756 940 830 995 οἵῳ
847 943 903 994 τῷ
924 941 1102 991 δαίμονι
1122 943 1335 993 χρῶνται·

280 998 372 1042 οῦτοι
393 1002 429 1041 δέ
446 1005 532 1042 εἰσιν
552 1005 582 1041 οἱ
603 1000 787 1055 φιλοσοφίᾳ
808 1000 1056 1053 καθαιρόμενοι
1073 1003 1143 1038 τῶν
1165 1002 1225 1046 τῆς
1247 1000 1334 1037 ἀλο-

280 1061 357 1112 γίας
373 1064 493 1100 παθῶν
506 1091 515 1108 ,
536 1061 596 1099 καὶ
611 1063 649 1099 ἐκ
663 1063 732 1098 τῶν
752 1060 836 1114 τῇδε
852 1058 987 1106 τόπων,
1006 1059 1131 1111 ὥσπερ
1147 1061 1186 1098 ἐκ
1199 1061 1336 1109 δεσμω-

280 1120 409 1172 τηρίων
420 1152 429 1167 ,
462 1119 754 1172 ἐλευθερούμενοι.
831 1120 916 1163 Πῶς
945 1111 1005 1157 οῦν
1039 1134 1126 1172 φησι
1156 1117 1242 1171 πρὸς
1274 1117 1333 1157 τὸν

280 1182 309 1218 Δ
324 1177 388 1227 ία;
405 1174 612 1226 ἦπολλῶν
629 1193 678 1216 κε
699 1179 846 1216 κακῶν
865 1177 1046 1221 λύσειας
1069 1175 1277 1224 ἅπαντας,
1298 1177 1335 1215 εἷ

279 1243 422 1276 πᾶσιν
444 1236 586 1283 δείξας
605 1236 679 1289 οἵῳ
710 1238 768 1288 τῷ
788 1235 898 1285 δαίμ
913 1252 974 1275 ονι
994 1238 1222 1288 χρῶνται;
1245 1229 1334 1288 ’Ἆρα

279 1297 327 1340 ὥς
346 1296 399 1336 ἐπ’
416 1295 536 1349 ἐκείνῳ
554 1296 590 1335 ὂν
609 1296 669 1334 καὶ
684 1295 830 1339 ἄκοντας
845 1295 1053 1348 ἐπιστρέψαι
1069 1294 1156 1347 πρὸς
1166 1293 1228 1341 τὴν
1249 1294 1333 1341 ἀλή-

279 1358 374 1394 θειαν
408 1355 635 1405 ἅπαντας,
659 1354 807 1407 ἀμελείᾳ
841 1353 876 1391 δὲ
908 1353 930 1400 ἢ
964 1353 1132 1406 ἐπιὸουλῇ
1153 1357 1255 1392 τοῦτο
1284 1353 1333 1403 μὴ

279 1418 474 1460 ποιοῦντος,
499 1412 541 1451 ἵν’
572 1416 606 1452 ἐν
635 1418 704 1456 τοῖς
725 1414 866 1463 δεσμοῖς
899 1410 1127 1463 κατέχοιντο;
1150 1411 1200 1451 Ἦ
1223 1415 1335 1449 ταῦτα

281 1472 343 1523 μὲν
372 1473 441 1512 οὐδ’
464 1472 557 1510 ὅσιον
591 1473 754 1511 ἐπινοεῖν.
834 1471 971 1511 Ἐκεῖνο
988 1469 1024 1508 δὲ
1045 1472 1178 1521 μᾶλλον
1197 1473 1214 1508 ὁ
1231 1471 1332 1519 λόγος

280 1531 534 1578 ἐπιδείκνυται,
568 1530 619 1568 ὅτι
654 1530 714 1569 ἐπὶ
742 1530 800 1569 τὸν
829 1529 927 1577 θεόν,
956 1532 1002 1573 ὡς
1028 1529 1113 1581 πρὸς
1141 1529 1337 1582 πατέρα,

282 1682 434 1718 mortali
456 1687 601 1716 naturae
619 1679 779 1716 firmiter
805 1679 1021 1725 adhaerent,
1044 1680 1238 1715 lIberatum
1261 1683 1326 1724 iri,

280 1740 597 1788 quandoquidem
628 1740 698 1775 soli
721 1740 832 1775 etiam
856 1738 905 1774 ad
929 1751 1064 1774 eorum
1100 1739 1335 1787 contempla-

281 1788 422 1835 tionem
435 1826 445 1844 ,
469 1811 552 1847 quae
574 1810 660 1834 vere
678 1797 784 1833 bona
802 1803 914 1843 sunt,
934 1808 1011 1833 sese
1034 1803 1332 1843 converterunt,

281 1870 377 1906 quos
395 1870 546 1906 aequum
566 1864 620 1893 est
637 1863 675 1892 et
690 1856 842 1891 deorum
859 1856 1054 1892 ordinibus
1071 1856 1228 1902 ascribi,
1247 1863 1288 1892 ut
1314 1869 1335 1892 a

280 1930 392 1953 sacra
404 1925 560 1961 natura,
580 1916 620 1952 id
642 1923 696 1952 est
711 1915 953 1964 philosophia
966 1943 976 1962 ,
999 1915 1159 1952 edoctos
1180 1922 1216 1952 et
1233 1917 1273 1952 in
1294 1916 1338 1952 iis

282 1989 366 2025 quae
393 1975 561 2012 officium
581 1975 748 2025 postulat
773 1975 1012 2013 exercitatos.
1042 1977 1143 2012 Num
1162 1988 1255 2012 vero
1274 1975 1338 2011 di-

281 2036 461 2071 vinorum
503 2035 703 2071 hominum
744 2036 936 2072 societatis
975 2036 1182 2084 participes
1226 2037 1340 2072 simus

283 2095 543 2140 ostendemus,
564 2095 594 2130 si
624 2094 793 2131 honestis
812 2094 1032 2131 actionibus
1060 2101 1098 2130 et
1126 2095 1338 2130 litterarum

285 2154 448 2190 scientiae
469 2166 626 2202 operam
647 2153 887 2199 dederimus,
908 2154 1048 2202 quibus
1065 2153 1154 2189 solis
1177 2152 1341 2188 hominis

284 2214 432 2249 animus
449 2219 617 2259 curatur,
635 2220 672 2250 et
691 2213 878 2249 laboribus
894 2225 992 2261 quos
1008 2213 1072 2249 hic
1091 2213 1233 2261 patitur
1251 2212 1341 2247 libe·

284 2280 387 2308 ratus
398 2271 447 2308 ad
460 2273 628 2309 divinam
646 2279 788 2308 sortem
806 2273 1046 2321 commigrat.
1063 2272 1115 2308 Ut
1128 2271 1342 2307 summatim

285 2330 406 2380 igitur
422 2329 545 2367 dicam
556 2358 566 2377 ‚
581 2329 720 2368 horum
737 2342 921 2368 versuum
939 2327 1166 2379 hujusmodi
1183 2336 1240 2366 est
1257 2340 1342 2365 sen-

285 2389 404 2426 tentia
428 2403 436 2426 :
459 2389 527 2439 qui
547 2401 588 2427 se
612 2389 719 2440 ipsos
739 2396 902 2435 norunt,
924 2388 953 2426 ii
986 2385 1217 2424 mortalibus
1250 2387 1340 2423 libe·

287 2457 420 2484 rantur
432 2446 648 2486 affectibus.
665 2447 744 2486 Cur
757 2447 879 2498 igitur
893 2460 971 2485 non
984 2460 1111 2484 omnes
1125 2447 1336 2491 liberantur,

289 2520 408 2557 quum
443 2519 577 2545 omnes
608 2505 777 2545 habeant
810 2506 968 2544 innatas
991 2512 1139 2542 naturae
1162 2516 1242 2542 suae
1274 2517 1342 2541 co—

288 2565 516 2614 gnoscendae
546 2566 770 2604 facultates?
799 2564 901 2610 Quia
931 2564 1131 2616 plerique,
1161 2572 1204 2601 ut
1235 2562 1341 2607 dixi,

994 267 1271 309 mEROCLts
1301 266 1721 307 COMMENTARIUS

1398 358 1657 408 ἐπιστραφῆναι
1675 356 1727 393 δεῖ
1746 355 1803 394 τὸν
1819 354 1904 407 πρὸς
1921 355 2066 400 εὖζωῖαν
2087 356 2323 408 ἐπειγόμενον.
2345 356 2451 398 Ἔστι

1397 414 1466 468 γὰρ
1479 416 1498 452 ὁ
1511 414 1583 458 θεὸς
1597 414 1805 467 δημιουργὸς
1824 414 1887 464 μὲν
1907 414 2016 453 πάντ
2026 430 2054 452 ω
2064 431 2096 462 ν,
2107 418 2175 454 τῶν
2190 415 2226 455 δὲ
2237 417 2377 469 ἀγαθῶν
2387 416 2450 457 καὶ

1399 472 1560 526 πατήρ.
1617 471 1664 513 Ὁ
1683 477 1764 523 γοῦν
1781 471 1846 521 τὴν
1869 472 2003 512 λύσιν
2028 476 2112 512 τῶν
2131 477 2286 514 κακῶν
2308 475 2449 524 συνιείς,

1399 531 1459 570 καὶ
1479 534 1547 570 τῶν
1569 532 1780 586 αὐθαιρέτων
1800 532 1973 583 πημάτων
1991 533 2294 586 ἔλευθερούμενος,
2314 535 2374 574 καὶ
2388 535 2452 583 τὴν

1398 589 1529 643 λυγρὰν
1544 589 1615 643 ἔριν
1640 590 1862 644 περικόπτων
1880 595 1922 644 τῇ
1943 592 2092 647 ἑκουσίῳ
2113 596 2231 647 φυγῇ,
2249 587 2347 638 οὗτος
2365 593 2454 647 πρὸς

1398 649 1462 696 τὴν
1482 652 1521 689 ἐκ
1539 653 1600 688 τοῦ
1628 653 1705 688 θεοῦ
1728 649 1952 697 καθήκουσαν
1974 649 2084 691 ἀΐδιον
2106 652 2269 705 βοήθειαν
2294 654 2454 706 ἐπιστρε-

1398 707 1565 762 φόμενος,
1586 708 1722 763 ἀναὸοᾷ
1741 710 1781 748 τὸ
1800 711 1885 749 Ζεῦ
1902 710 1994 748 πάτ
2008 726 2023 749 ε
2040 725 2071 763 ρ,
2090 713 2141 764 τῷ
2172 711 2239 759 ἤδη
2267 711 2454 764 προειργά·

1402 771 1483 805 σθαι
1501 766 1546 805 τὰ
1565 767 1689 811 παιδὸς
1707 767 1786 812 ἄξια
1801 768 1859 806 τὸν
1881 767 1957 807 θεὸν
1976 768 2147 823 πατέρα
2166 772 2300 810 καλῶν·
2315 769 2378 810 καὶ
2397 772 2452 809 ἐν·

1397 831 1487 873 νοεῖ,
1517 825 1558 864 τὸ
1590 827 1642 879 ἐφ’
1676 829 1801 865 ἑαυτοῦ
1837 826 2032 876 συμὸαῖνον
2068 830 2116 872 ὡς
2154 830 2184 867 εἶ
2221 828 2357 880 γένοιτο
2393 829 2455 869 ἐπὶ

1396 883 1591 933 πάντων,
1625 885 1709 923 πάν
1723 901 1793 928 τες
1827 886 1954 935 ὁμοίως
1983 884 2024 925 ἂν
2061 887 2157 940 αὐτῷ
2189 889 2336 926 κακῶν
2370 889 2456 927 ἄπο

1396 944 1581 983 λυθεῖεν.
1641 937 1715 983 Εἶθ’
1734 943 1843 997 εὑρὼν
1862 949 1963 984 τοῦτο
1982 945 2031 996 μὴ
2046 945 2252 998 προὸαῖνον,
2271 947 2310 986 οὔ
2324 945 2383 984 διὰ
2396 948 2455 986 τὸν

1398 1003 1473 1041 θεόν
1485 1032 1494 1050 ,
1509 1001 1600 1041 ἀλλὰ
1621 1002 1677 1040 διὰ
1693 1001 1773 1046 τοὺς
1793 1003 1977 1049 πλείστους
1992 1004 2180 1058 αὐθαίρετα
2196 1005 2335 1057 πήματ’
2353 1004 2458 1059 ἔχον·

1398 1075 1470 1108 τας,
1490 1061 1583 1112 λέγει
1599 1061 1684 1113 πρὸς
1697 1061 1838 1108 ἑαυτόν,
1855 1062 1968 1101 ἀλλὰ
1988 1062 2039 1101 σὺ
2057 1063 2215 1115 θάρσει
2234 1065 2280 1108 ὡς
2296 1063 2360 1111 τὴν
2374 1063 2455 1103 ὁδὸν

1401 1118 1591 1171 ἐξευρηκὼς
1623 1123 1686 1166 τῆς
1727 1120 1984 1164 ἀπολύσεως
2015 1123 2097 1160 τῶν
2129 1125 2298 1162 κακῶν.
2357 1121 2457 1170 At'm,

1399 1179 1434 1217 δὲ
1452 1173 1494 1226 ἦν
1518 1182 1540 1227 ἡ
1556 1178 1612 1217 διὰ
1636 1183 1698 1226 τῆς
1716 1181 1756 1218 ie
1771 1196 1788 1231 ρ
1801 1185 1847 1223 ᾶς
1873 1179 2076 1233 φιλοσοφίας
2096 1180 2290 1235 ἐπιστροφὴ
2307 1180 2393 1233 πρὸς
2410 1182 2455 1221 τὰ

1399 1237 1492 1275 δεικ
1505 1237 1589 1288 νύμ
1606 1254 1650 1277 εν
1665 1254 1685 1275 α
1712 1238 1780 1278 ὑπὸ
1800 1242 1860 1277 τοῦ
1889 1242 1968 1278 θεοῦ
1980 1269 1990 1287 ,
2011 1239 2034 1278 ἃ
2049 1241 2081 1279 οἳ
2100 1239 2226 1279 πολλοὶ
2243 1242 2308 1293 οὐχ
2322 1241 2430 1291 δρῶσι
2442 1269 2456 1288 ,

1400 1297 1454 1335 διὰ
1485 1297 1524 1335 τὸ
1562 1296 1611 1347 μὴ
1642 1299 1749 1350 ὀρθῶς
1769 1302 1924 1350 χρῆσθαι
1956 1304 2032 1342 ταῖς
2064 1301 2195 1342 κοιναῖς
2223 1298 2369 1343 ἐννοίαις
2381 1328 2392 1346 ,
2416 1298 2458 1343 ἃς

1400 1371 1452 1406 πρ
1467 1371 1484 1393 ο
1496 1356 1660 1408 σέφυσε
1674 1373 1691 1393 ν
1726 1359 1744 1394 ὁ
1777 1356 1985 1409 δημιουργὸς
2019 1358 2070 1410 τῷ
2091 1354 2224 1410 λὀγικῷ
2255 1357 2349 1410 γένει
2369 1358 2458 1411 πρὸς

1401 1414 1585 1466 ἐπίγνωσιν
1607 1418 1748 1455 ἑαυτοῦ.
1807 1415 1910 1455 Ἐπεὶ
1929 1409 1988 1454 οῦν
2006 1416 2051 1454 τὸ
2071 1419 2089 1454 δ
2104 1433 2119 1455 ε
2134 1416 2173 1461 ῖξ
2187 1415 2232 1455 at
2249 1432 2317 1455 τινι
2339 1419 2458 1456 ὁτιοῦν

1403 1472 1464 1510 δύο
1476 1472 1675 1524 προσώπων
1698 1473 1870 1527 ἐνεργείας
1886 1475 1934 1517 εἷς
1946 1474 2071 1513 ταύτὸν
2098 1475 2364 1527 συνδραμούσας
2385 1476 2450 1525 ἐμ·

1404 1530 1532 1583 φαίνει·
1562 1531 1655 1585 (πῶς
1675 1531 1741 1583 γὰρ
1769 1532 1809 1570 ἂν
1837 1531 2012 1577 δείξαις
2035 1534 2176 1585 τυφλῷ,
2202 1532 2268 1572 κᾶν
2291 1533 2456 1586 μυριάκις

1397 1679 1513 1717 etiam
1529 1690 1655 1729 pater.
1673 1679 1748 1725 Qui
1766 1693 1860 1730 ergo
1878 1694 1898 1718 e
1916 1680 2030 1719 malis
2045 1693 2087 1719 se
2105 1680 2293 1732 expedire
2318 1681 2392 1720 scit
2418 1690 2454 1721 et

1397 1737 1549 1776 damnis
1569 1738 1672 1776 ultro
1693 1739 1888 1777 arcessitis
1905 1739 2108 1788 liberatur,
2130 1748 2168 1778 et
2186 1752 2344 1790 gravem
2359 1753 2452 1779 con·

1396 1797 1606 1835 tentionem
1626 1797 1715 1847 fuga
1734 1797 1955 1836 voluntaria
1973 1798 2173 1850 praecidit,
2192 1798 2257 1837 hic
2275 1799 2323 1838 ad
2342 1807 2449 1838 aeter-

1397 1870 1489 1894 num
1522 1856 1710 1894 auxilium
1743 1870 1765 1895 a
1792 1857 1875 1896 Deo
1908 1857 2039 1896 datum
2074 1871 2284 1897 conversus
2310 1860 2449 1909 Jupite-

1395 1925 1512 1964 pater
1529 1916 1742 1963 exclamat,
1765 1925 1974 1968 propterea
2006 1917 2128 1954 Deum
2151 1925 2299 1968 patrem
2327 1916 2447 1969 appe}

1397 1974 1481 2013 lans
1510 1973 1614 2024 quod
1631 1973 1712 2024 jam
1733 1982 1821 2012 ante
1840 1975 1972 2012 fecerit
1989 1987 2076 2025 quae
2093 1974 2216 2012 filium
2247 1973 2436 2013 decebant

1401 2045 1446 2070 ac
1468 2046 1593 2071 secum
1613 2042 1790 2084 reputat,
1808 2034 1842 2072 si
1858 2033 1900 2072 id
1914 2034 2017 2085 quod
2034 2034 2110 2086 ipsi
2131 2034 2323 2084 contingit
2339 2037 2439 2072 omnt'

1405 2094 1471 2129 bus
1498 2094 1671 2143 eveniat,
1701 2093 1870 2131 futurum
1901 2106 1985 2131 esse
2013 2102 2055 2131 ut
2072 2107 2200 2131 omnes
2216 2106 2326 2144 aeque
2344 2099 2435 2144 atqu

1402 2151 1487 2203 ipse
1508 2156 1621 2190 malis
1647 2155 1862 2190 liberentur.
1887 2152 2036 2191 Deinde
2066 2153 2271 2191 inveniens
2291 2151 2364 2190 hoc
2387 2153 2460 2190 mi·

1402 2211 1508 2249 nime
1528 2211 1739 2262 procedere
1753 2239 1765 2259 ‚
1784 2224 1864 2249 non
1885 2211 1957 2249 Dei
1986 2211 2124 2262 culpa,
2155 2210 2222 2249 sed
2251 2210 2356 2262 quod
2378 2211 2461 2263 ple-

1402 2269 1515 2321 rique
1535 2270 1648 2308 malis
1669 2270 1773 2308 ultro
1795 2270 1991 2308 arcessitis
2022 2278 2250 2319 urgeantur,
2273 2269 2350 2308 sibi
2382 2271 2461 2322 ipsi

1402 2328 1498 2367 dicit
1519 2343 1528 2366 ε
1549 2331 1618 2366 sed
1634 2339 1673 2366 ta
1693 2331 1787 2367 bono
1802 2334 1854 2366 sis
1873 2333 2000 2366 animo
2022 2329 2090 2380 qui
2110 2338 2147 2367 te
2165 2342 2186 2366 e
2209 2329 2321 2367 malis
2338 2341 2455 2381 expe-

1402 2387 1536 2426 diendi
1556 2389 1658 2426 viam
1682 2388 1896 2427 inveneris.
1920 2389 2009 2426 Haec
2025 2401 2119 2426 vero
2136 2397 2193 2426 est
2212 2388 2279 2426 itta
2301 2401 2372 2440 per
2393 2402 2458 2427 sa·

1404 2461 1507 2484 cram
1538 2446 1826 2499 philosophiam
1858 2449 2061 2486 conversio
2081 2448 2127 2485 ad
2148 2460 2192 2485 ea
2212 2461 2299 2498 quae
2329 2461 2351 2486 a
2378 2447 2462 2488 Deo

1404 2516 1664 2554 monstrantur,
1711 2520 1797 2558 quae
1833 2507 2015 2558 plerique
2050 2521 2128 2545 non
2167 2507 2328 2554 vident,
2368 2508 2460 2559 quia

1404 2569 1681 2609 communibus
1701 2570 1952 2618 notionibus,
1972 2584 2068 2621 quas
2094 2571 2229 2609 mundi
2248 2571 2461 2610 aedificator

289 2624 401 2662 malis
420 2624 524 2662 ultro
540 2625 733 2663 arcessitis
755 2623 887 2662 obruti
914 2623 1046 2662 vicina
1064 2623 1169 2660 bona
1187 2635 1258 2660 nec
1276 2621 1342 2659 vi-
1371 2617 1377 2669 l
1403 2630 1535 2679 generi
1557 2630 1698 2668 mentis
1729 2629 1901 2681 compoti
1928 2629 1975 2667 ad
1990 2629 2050 2667 sui
2076 2629 2328 2679 cognitione„
2355 2643 2460 2668 com-

287 2681 380 2720 dent
400 2695 471 2720 nec
492 2683 665 2721 audiunt.
685 2683 804 2721 Pauci
823 2691 949 2721 autem
975 2691 1066 2721 sunt
1092 2681 1160 2732 qui
1191 2694 1212 2719 e
1232 2680 1344 2718 malis

289 2756 331 2782 se
350 2743 535 2795 expedire
554 2744 797 2795 didicerunt,
816 2744 921 2796 quod
938 2744 1067 2782 sciunt
1082 2775 1092 2791 ‚
1110 2746 1218 2794 quali
1228 2747 1344 2792 genio

289 2813 443 2840 utantur
451 2817 463 2848 ,·
483 2803 522 2840 hi
544 2816 640 2841 vero
662 2813 750 2842 sunt
770 2805 797 2842 ii
820 2804 887 2855 qui
916 2803 1168 2855 philosophia
1187 2810 1343 2854 pertur-

290 2864 518 2903 bationibus
538 2865 680 2903 rationi
701 2866 907 2904 contrariis
925 2865 1144 2904 liberantur
1162 2873 1277 2915 atque
1296 2877 1343 2902 ex

289 2923 397 2962 hisce
417 2924 526 2971 locis,
540 2932 720 2975 tanquam
740 2937 761 2962 e
781 2938 934 2963 carcere
948 2953 959 2973 ‚
978 2925 1220 2962 emittuntur.
1238 2923 1342 2968 Quo-

291 2982 408 3020 modo
440 2982 560 3031 igitur
587 2981 726 3020 Jovem
759 2983 998 3034 alloquitur?
1026 2986 1153 3021 multis
1175 2980 1346 3032 profecto

291 3044 400 3077 malis
410 3055 536 3079 omnes
552 3043 722 3079 liberaris
732 3070 743 3088 ,
757 3047 792 3078 si
805 3047 943 3079 cunctis
956 3045 1143 3090 ostendas,
1156 3042 1262 3092 quali
1279 3055 1353 3092 gre-¹

293 3105 357 3137 nio
379 3110 540 3140 utantur.
564 3100 722 3151 Nonne,
745 3102 856 3152 quasi
875 3102 942 3140 ille
961 3111 1186 3154 potestatem
1208 3099 1347 3138 habeat

291 3173 419 3196 omnes
447 3160 562 3197 etiam
592 3160 737 3198 invitos
756 3159 804 3198 ad
834 3161 1034 3198 veritatem
1067 3159 1342 3209 convertendi,

292 3215 529 3266 negligentia
545 3229 640 3255 vero
661 3225 726 3255 aut
747 3216 850 3254 mato
870 3217 1035 3255 consilio
1055 3217 1095 3255 id
1114 3230 1194 3255 non
1216 3216 1344 3263 faciat,

292 3275 391 3312 utin
413 3275 582 3314 vinculis
602 3275 871 3314 retineantur?
892 3276 942 3314 At
965 3275 1047 3314 haec
1074 3284 1176 3314 certe
1190 3276 1252 3314 vel
1274 3288 1348 3314 su-

293 3335 437 3385 spicari
459 3334 566 3373 nefas
585 3344 654 3374 est.
677 3334 751 3373 Sed
768 3334 808 3372 id
830 3334 959 3385 potius
979 3334 1148 3372 ostendit
1165 3347 1318 3372 carmen
1333 3363 1343 3381 ‚

293 3394 330 3431 ei
359 3395 407 3432 ad
427 3395 546 3432 Deum
565 3423 576 3442 ‚
595 3403 778 3445 tanquam
800 3394 847 3432 ad
870 3403 1018 3445 patrem
1033 3423 1043 3440 ‚
1073 3394 1344 3432 revertendum

293 3463 377 3490 esse
391 3482 401 3504 ,
416 3453 483 3504 qui
502 3453 550 3490 ad
570 3453 661 3491 vitae
682 3452 902 3491 felicitatem
925 3452 1136 3490 contendit.
1156 3452 1223 3490 Est
1242 3452 1345 3490 enim

295 3510 400 3549 Deus
425 3516 589 3549 omnium
620 3512 778 3564 quidem
813 3519 978 3559 creator,
1011 3511 1205 3549 bonorum
1252 3523 1347 3549 vero

1405 2688 1617 2740 parandam
1640 2688 1807 2736 indidit,
1831 2701 1908 2726 non
1941 2697 2044 2726 recte
2064 2697 2237 2727 utuntur.
2263 2689 2457 2734 Quoniam

1404 2762 1500 2787 vero
1520 2760 1762 2800 quaecunque
1790 2761 1849 2786 res
1869 2747 1981 2785 alteri
2003 2747 2263 2786 demonstrata
2293 2748 2457 2787 duarum

1404 2807 1519 2845 simul
1540 2820 1795 2859 personarum
1816 2806 1987 2845 actiones
2008 2815 2282 2844 concurrentes
2301 2807 2462 2856 signifi-

1404 2875 1464 2904 cat
1494 2864 1577 2917 (qui
1609 2865 1713 2904 enim
1748 2879 1848 2903 caeco
1882 2864 1977 2915 quid
2012 2867 2201 2909 ostendas,
2235 2865 2387 2904 etiamsi
2418 2866 2458 2904 id

1405 2926 1509 2977 quod
1531 2926 1592 2963 vis
1608 2927 1801 2963 ostendere
1817 2924 1957 2962 millies
1976 2924 2012 2961 ei
2033 2923 2203 2961 offeras?
2223 2932 2288 2961 aut
2306 2923 2376 2974 qui
2395 2926 2458 2964 vi—

1403 2985 1509 3023 denti
1520 2984 1559 3023 id
1572 2984 1824 3031 demonstres,
1836 2982 1940 3034 quod
1950 2996 2027 3020 non
2039 2982 2237 3033 profers?)‚
2250 2990 2459 3034 utrumque

1406 3043 1528 3094 igitur
1556 3043 1690 3082 adesse
1720 3050 1898 3094 oportet,
1933 3051 2013 3080 tum
2046 3041 2192 3079 bonum
2214 3040 2318 3091 quod
2339 3039 2389 3078 ab
2413 3054 2460 3080 eo

1405 3103 1642 3154 proponitur
1660 3101 1728 3153 qui
1749 3101 1917 3139 ostendit
1930 3129 1940 3147 ‚
1960 3109 2039 3138 tum
2057 3099 2141 3150 ejus
2161 3099 2222 3136 cui
2244 3099 2462 3138 ostenditur

1407 3157 1562 3194 oculum
1595 3164 1775 3202 acutum,
1803 3162 1846 3192 ut
1867 3153 1977 3191 illinc
2006 3166 2068 3191 res
2103 3151 2347 3204 spectabitis,
2369 3152 2462 3192 hinc

1407 3223 1533 3252 autem
1549 3213 1735 3266 spectatio
1748 3213 1795 3250 ad
1807 3212 2174 3250 demonstrationem
2187 3210 2459 3262 perficiendam

1407 3282 1653 3313 concurrant.
1676 3272 1771 3318 Quae
1791 3285 1910 3322 quum
1934 3271 1987 3308 ita
2003 3270 2102 3318 sint,
2121 3283 2311 3322 ponamus
2327 3283 2464 3310 omnes

1407 3333 1520 3370 simul
1542 3332 1655 3370 malis
1675 3331 1874 3368 liberatum
1892 3334 1953 3375 iri,
1973 3334 2007 3366 si
2026 3332 2125 3366 Deus
2148 3331 2317 3367 omnibus
2341 3337 2463 3368 osten·

1406 3395 1475 3430 dat
1504 3397 1731 3442 naturaeque
1766 3392 1941 3442 ipsorum
1967 3389 2146 3427 notitiam
2178 3388 2396 3440 patefaciat,
2423 3398 2462 3427 et

1407 3454 1514 3502 quali
1526 3455 1642 3501 genio
1660 3458 1827 3488 utantur.
1847 3447 1968 3500 Atqui
1984 3461 2064 3487 non
2076 3461 2205 3486 omnes
2216 3448 2331 3487 simul
2348 3450 2462 3487 malis

1409 3512 1627 3550 liberantur.
1642 3507 1746 3560 Ergo
1758 3521 1838 3547 non
1851 3509 2024 3548 omnibus
2035 3509 2207 3554 ostendit,
2224 3507 2288 3545 sed
2306 3507 2353 3545 iis
2366 3506 2462 3546 solis
