2612 3814
0 421 13 737 v,.«;‹r‹xy7›÷„-.qu³-xzov,=qffl
0 334 8 405 amma..

129 296 2264 364 aefflffffizassameffiffiffiateaffiffiaffieeaffeffitssafflffl

827 454 952 529 DE
1011 453 1578 533 ARCHELAO.

210 614 232 668 Ι

173 735 387 774 Archelaus
409 736 461 788 (1)
483 750 597 788 quem
620 738 689 777 alii
714 738 990 779 Atheniensem
1016 742 1085 781 alii
1101 743 1174 782 Mi-

119 796 257 834 lesium
281 808 365 834 esse
378 795 518 834 volunt
531 806 641 848 patre
652 798 894 850 Apollodoro
907 800 968 838 vel
986 800 1171 852 Mydone,

118 854 382 906 philosophiae
419 865 659 908 praeceptore
702 858 934 909 Anaxagora
966 873 1060 899 usus
1099 871 1171 901 est.

117 912 278 952 Videtur
295 922 422 952 autem
438 915 592 967 primus
609 917 860 968 Anaxagoras
877 919 1041 957 Athenis
1053 920 1094 958 in
1113 934 1173 959 re-

117 986 205 1011 rum
221 973 445 1023 cognitione
461 984 636 1015 versatus
652 989 815 1028 eamque
829 978 1059 1029 sapientiam
1078 993 1171 1031 pro-

118 1031 239 1071 sessus
257 1045 355 1071 esse.
388 1032 609 1073 Secundum
643 1035 691 1074 ab
711 1036 785 1074 hoc
803 1037 1009 1088 physicum
1034 1039 1102 1089 qui
1129 1039 1170 1077 in

115 1091 251 1130 eadem
271 1091 371 1130 urbe
390 1092 537 1131 vixerit
567 1093 780 1144 Diogenem
805 1096 1082 1147 Apolloniaten
1100 1111 1172 1149 po-

116 1150 247 1190 nimus
259 1181 270 1200 ,
286 1153 442 1191 tertium
458 1153 706 1193 Archelaum.
721 1154 857 1206 Itaque
868 1168 1021 1194 summo
1038 1169 1171 1195 errore

115 1209 265 1249 labitur
289 1211 482 1262 Diogenes
511 1212 709 1263 Laertius,
739 1222 959 1266 temporum
989 1215 1169 1254 ordinem

114 1270 331 1311 invertens.
366 1272 533 1311 Tantum
578 1272 682 1310 enim
717 1272 849 1321 abest,
886 1281 930 1311 ut
958 1273 1170 1313 Archelaus

113 1329 265 1379 primus
298 1330 470 1370 ionicam
507 1330 800 1383 philosophiam
838 1332 1064 1371 clarissimae
1108 1334 1169 1372 illi

112 1388 310 1427 Musarum
330 1390 413 1429 sedi
434 1390 631 1439 intulerit,
651 1399 695 1429 ut
711 1391 963 1442 Anaxagoras
977 1405 1064 1431 cum
1082 1393 1167 1432 Cle·

113 1449 318 1500 mente-(2)
341 1448 429 1501 ejus
458 1449 640 1489 beneficii
673 1459 808 1490 auctor
837 1451 956 1490 fuisse
976 1452 1166 1492 dicendus

111 1508 174 1546 sit.
196 1507 264 1548 Est
302 1518 430 1548 autem
466 1511 536 1549 vix
562 1509 770 1562 probabile
791 1511 1025 1550 Archelaum
1053 1511 1168 1550 disci-

111 1567 293 1619 pulorum
315 1568 520 1608 nobilitate
538 1569 737 1618 floruisse,
758 1583 878 1621 quum
894 1570 945 1609 iis
964 1570 1162 1609 Socratem

113 1639 134 1665 a
154 1626 328 1678 Diogene
356 1636 394 1666 et
426 1627 615 1667 Cicerone
644 1628 695 1682 (3)
730 1629 885 1680 injuria
917 1630 1168 1668 annumerari

111 1694 311 1738 appareat.
333 1686 486 1726 Etenim
513 1688 646 1736 Plato,
665 1687 886 1740 Xenophon
900 1718 911 1737 ,
931 1688 1161 1728 Aristoteles

110 1745 293 1784 Archelai
314 1746 456 1798 placita
475 1747 633 1786 silentio
647 1756 926 1800 praetereuntes
943 1748 1071 1800 ipsum
1086 1749 1166 1787 -ho·

110 1805 255 1844 minem
278 1805 364 1845 sine
382 1806 504 1846 dubio
524 1808 772 1858 ignorarunt.
795 1808 910 1847 Solus
933 1808 1167 1862 Theophra-

109 1874 191 1905 stus
223 1866 461 1916 singularem
483 1867 532 1906 de
560 1866 645 1918 ejus
669 1867 836 1906 decretis
854 1867 1001 1907 librum
1030 1868 1167 1919 vulga-

109 1934 221 1964 verat
238 1925 311 1979 (4),
321 1926 426 1965 unde
440 1935 623 1979 excerpta
636 1927 822 1966 videntur
835 1941 922 1979 quae
937 1927 1168 1967 aveteribus

109 1983 157 2022 de
187 1983 400 2036 disciplina
426 1984 508 2023 viri
552 1997 679 2037 prope
720 1985 846 2035 ignoti
879 1994 1161 2025 memorantur.

107 2036 302 2075 Nimirum
325 2037 531 2089 physicum
553 2051 653 2090 opus
671 2038 777 2090 quod
792 2039 983 2077 Archelao
1006 2039 1167 2078 ascribit

108 2095 248 2135 Suidas
271 2097 319 2149 (5)
340 2097 504 2137 sortasse
519 2098 654 2150 paullo
673 2107 763 2150 post
778 2097 1042 2151 Theophrasti
1060 2112 1165 2137 mor-

109 2163 184 2194 tem
201 2156 412 2196 intercidit.

162 2214 210 2253 In
228 2216 460 2268 explicanda
480 2216 617 2256 mundi
632 2217 786 2268 origine
800 2217 1027 2269 caeterisque
1047 2217 1164 2256 rebus

153 2422 199 2464 (1)
213 2422 371 2464 Diogenes
389 2424 532 2457 Laertius
549 2424 603 2457 ttb.
619 2426 662 2464 11,
680 2426 717 2456 16
738 2433 746 2453 :
771 2425 947 2468 Ἀρχελαος,
962 2425 1119 2463 Ἀθηναῖος
1140 2425 1160 2463 ἢ

109 2471 264 2509 Μιλήσιος
278 2495 287 2511 ,
301 2471 415 2513 πατρὸς
434 2472 667 2513 Ἀπολλοδώρου
677 2496 686 2513 ,
698 2475 740 2510 ὡς
754 2473 787 2505 δέ
802 2483 881 2509 τινες
891 2495 900 2511 ,
917 2473 1067 2509 Μύδωνος
1079 2497 1087 2511 ,
1104 2483 1161 2513 μα-

109 2518 202 2556 θητὴς
221 2517 442 2561 Ἀναξαγόρου,
460 2518 645 2555 διδάσκαλος
660 2520 855 2562 Σωκράτους.
872 2519 972 2557 Οὗτος
985 2523 1109 2561 πρῶτος
1127 2520 1163 2551 ἐκ

109 2570 162 2605 τῆς
177 2565 295 2603 Ἰωνίας
311 2566 367 2604 τὴν
394 2566 528 2608 φυσικὴν
546 2566 731 2607 φιλοσοφίαν
750 2567 923 2608 μετήγαγεν
951 2569 1094 2606 Ἀθήναζε
1112 2568 1164 2599 καὶ

109 2613 223 2653 ἐκλήθη
236 2613 364 2654 φυσικός
374 2637 383 2654 ,
400 2614 482 2655 παρὸ
497 2614 550 2646 καὶ
562 2614 664 2651 ἔληξεν
681 2614 713 2646 ἐν
726 2615 813 2656 αὐτῷ
824 2616 845 2653 ἡ
857 2615 973 2657 φυσικὴ
987 2614 1164 2657 φιλοσοφία,

109 2660 291 2703 Σωκράτους
307 2661 361 2700 τὴν
374 2661 484 2701 ἠθικὴν
502 2661 736 2703 εἰσαγαγόντος.

153 2708 197 2749 (2)
214 2708 363 2742 Clemens
378 2707 612 2740 Alexandrinus
625 2709 744 2742 strom.
758 2708 814 2742 lib.
833 2711 892 2750 lp.
918 2713 974 2742 301
998 2712 1022 2742 Α
1039 2718 1047 2738 :
1065 2707 1165 2746 Οὗτος

111 2756 150 2798 [ὁ
166 2754 386 2797 Ἀναξαγόρας]
403 2755 574 2797 μετήγαγεν
591 2755 653 2788 ἀπὸ
666 2759 721 2795 τῆς
737 2755 858 2794 Ἰωνίας
872 2755 1014 2795 Ἀθήναζε
1025 2756 1080 2795 τὴν
1102 2757 1168 2788 δια-

110 2803 217 2846 τριὸήν
229 2813 237 2821 ·
256 2805 365 2835 τοῦτον
381 2803 557 2845 διαδέχεται
575 2802 749 2845 Ἀρχέλαος.

153 2851 196 2893 (3)
209 2850 322 2885 Cicero
335 2852 433 2884 Tusc.
450 2852 492 2890 V,
513 2853 531 2884 4
551 2864 559 2884 ε
577 2863 593 2880 «
609 2860 710 2894 usque
722 2851 765 2884 ad
781 2853 948 2885 Socratem
963 2851 1019 2893 qui
1045 2850 1167 2884 Arche·

109 2898 198 2931 laum
208 2922 218 2938 ,
235 2900 436 2938 Anaxagorae
451 2897 664 2939 discipulum,
680 2898 840 2931 audierat.
856 2911 873 2927 υ

155 2944 198 2986 (4)
216 2945 294 2987 Περὶ
309 2947 373 2977 τῶν
388 2944 558 2988 Ἀρχελάου
572 2947 653 2979 teste
670 2946 764 2987 Diog.
786 2947 891 2979 Laert.
910 2946 953 2986 V,
970 2947 1022 2978 42.

155 2991 196 3032 (5)
215 2991 332 3025 suidas
352 3000 386 3024 v.
408 2991 582 3035 Ἂρχελαος.

153 3038 200 3081 (ὃ)
214 3038 402 3080 Simplicius
419 3040 605 3073 comment.
622 3039 657 3072 in
678 3039 776 3073 Arist.
799 3039 896 3081 Phys.
916 3038 971 3071 sol.
989 3043 1007 3071 6
1027 3039 1048 3070 b
1070 3051 1078 3070 :
1104 3037 1169 3079 Ἀρ-

111 3085 221 3128 χέλαος
231 3085 263 3118 ἐν
276 3085 330 3127 μὲν
346 3089 385 3129 τῇ
401 3087 520 3128 γενέσει
538 3089 595 3120 τοῦ
616 3087 740 3129 κόσμου
756 3089 810 3120 καὶ
823 3090 888 3125 τοῖς
904 3087 1006 3123 ἄλλοις
1023 3086 1168 3127 πειρᾶταί

61 3146 62 3149 “
111 3145 140 3166 τι
157 3133 256 3176 φέρειν
266 3133 348 3166 ἴδιον
358 3158 369 3176 ,
382 3135 436 3172 τὰς
452 3134 553 3179 ἀρχὰς
570 3135 671 3173 δὲτὰς
684 3136 783 3172 αὐτὰς
797 3136 927 3168 δίδωσιν
941 3159 949 3176 ,
966 3134 1068 3176 ἅσπερ
1085 3133 1170 3166 Ἀνα-

114 3180 255 3223 ξαγόρας.
272 3180 359 3214 οὗτοι
375 3181 431 3224 μὲν
447 3182 501 3214 οὖν
515 3182 660 3224 ἀπείρους
678 3185 724 3224 τῷ
737 3183 847 3221 πλήθει
860 3183 916 3214 καὶ
941 3182 1169 3222 ἀνομοιογενεῖς

113 3229 166 3265 τὰς
181 3227 279 3269 ἀρχὰς
290 3229 428 3270 λέγουσι.
995 3236 997 3238 ’

158 3273 202 3314 (7)
222 3275 376 3314 Origenes
402 3275 524 3308 Philos.
546 3280 566 3310 9
590 3289 598 3309 :
629 3276 730 3314 Οὗτος
758 3276 815 3318 ἔφη
833 3276 890 3315 τὴν
916 3276 997 3316 μῖξιν
1021 3279 1074 3314 τῆς
1096 3275 1170 3313 ὕλης

114 3319 230 3360 ὁμοίως
243 3319 432 3364 Ἀναξαγόρᾳ
443 3346 452 3361 ,
473 3322 527 3360 τάς
543 3334 576 3355 τε
601 3323 699 3366 ἀρχὰς
716 3324 868 3360 ὡσαύτως
879 3333 887 3340 ·
903 3322 991 3359 οὗτος
1006 3322 1039 3354 δὲ
1054 3325 1100 3363 τῷ
1125 3325 1170 3364 νῷ

113 3367 296 3409 ἐνυπάρχειν
315 3379 344 3400 τι
361 3370 473 3406 εὐθέως
491 3374 602 3411 μῖγμα.

156 3415 203 3456 (8)
229 3415 378 3447 Stobaeus
402 3416 510 3458 Ectog.
529 3419 541 3450 1
562 3427 595 3458 p.
612 3422 651 3451 56
676 3419 777 3460 (tom.
798 3420 809 3451 1
834 3428 866 3459 p.
889 3422 928 3450 22
946 3417 995 3450 ed.
1014 3417 1113 3450 Gaist'.
1130 3419 1140 3454 )
1160 3426 1168 3448 :

113 3462 274 3504 Ἀρχέλαος
289 3462 365 3504 ἀέρα
385 3464 438 3495 καὶ
457 3467 529 3496 νοῦν
551 3466 603 3498 τὸν
621 3466 709 3507 θεὸν,
729 3467 766 3499 οὐ
786 3467 890 3508 μέντοι
905 3465 1100 3507 κοσμοποιὸν
1116 3465 1169 3497 τὸν

114 3519 197 3542 νουν.

261 3580 378 3606 ennon
406 3581 504 3605 Gnffic.

1237 742 1430 782 diversam
1452 745 1610 795 quidem
1633 745 1681 783 ab
1703 748 1945 797 Anaxagorae
1967 748 2119 786 ratione
2147 749 2291 789 sormu-

1234 804 1308 840 lam
1329 804 1568 854 excogitavit
1592 814 1658 843 aut
1678 815 1779 844 certe
1801 807 2006 858 proprium
2030 807 2126 858 quid
2147 809 2290 848 afferre

1234 863 1342 901 nisus
1361 872 1440 910 est,
1458 864 1524 902 sed
1539 865 1671 902 eadem
1692 873 1818 903 tamen
1837 879 1966 904 rerum
1993 868 2190 920 principia
2208 882 2291 908 esse

1233 923 1367 960 statuit
1387 923 1453 973 (6).
1475 923 1570 960 Nam
1590 923 1638 962 de
1658 926 1830 963 materiae
1850 926 2016 964 mistura
2038 926 2139 965 idem
2157 929 2292 979 praeci-

1231 980 1290 1031 pit
1323 982 1429 1032 quod
1470 982 1742 1034 Anaxagoras,
1774 985 1867 1023 licet
1895 994 2062 1024 mentem
2094 986 2143 1024 ab
2182 990 2289 1026 omni

1233 1041 1484 1080 concretione
1505 1043 1661 1081 mortali
1691 1054 1930 1094 segregatam
1961 1058 2045 1084 esse
2066 1046 2188 1084 nollet
2220 1049 2287 1099 (7).

1229 1097 1424 1144 Quocirca
1445 1102 1478 1139 si
1507 1114 1603 1140 vera
1625 1103 1774 1140 rettulit
1793 1102 1970 1142 Stobaeus
2000 1105 2069 1155 (8),
2098 1117 2225 1143 aerem
2253 1115 2291 1144 et

1231 1167 1399 1197 mentem
1422 1160 1537 1198 deum
1555 1173 1640 1198 esse
1664 1162 1847 1212 opinatus
1868 1171 1950 1211 est,
1971 1163 2122 1202 ademta
2151 1166 2288 1203 mundi

1230 1220 1463 1269 procreandi
1499 1220 1692 1259 facultate.
1726 1221 1810 1259 Huc
1838 1222 2009 1273 pertinet
2038 1223 2153 1260 etiam
2183 1227 2287 1274 quod

1230 1278 1297 1316 alii
1325 1287 1485 1317 narrant
1503 1292 1591 1318 eum
1621 1292 1696 1330 pro
1716 1293 1845 1318 rerum
1886 1281 2136 1320 fundamento
2159 1295 2285 1322 aerem

1230 1336 1414 1376 habuisse
1435 1339 1502 1390 (9).

1283 1398 1342 1436 Ab
1371 1398 1434 1437 his
1458 1399 1642 1438 omnibus
1671 1399 1854 1438 dissentit
1889 1399 2083 1450 Diogenes
2112 1400 2287 1441 Laertius

1228 1452 1324 1490 duas
1344 1452 1535 1491 Archelao
1552 1453 1816 1503 generationis
1836 1465 1971 1491 causas
1991 1454 2110 1492 fuisse
2132 1455 2286 1503 dicens,

1228 1513 1395 1549 calorem
1433 1521 1471 1550 et
1504 1512 1643 1562 frigus.
1677 1512 1804 1550 Porro
1836 1512 2022 1550 animalia
2054 1514 2228 1565 primum
2267 1527 2289 1553 e

1228 1570 1323 1609 limo
1337 1600 1347 1618 ‚
1368 1580 1503 1623 postea
1519 1583 1567 1609 ex
1584 1584 1625 1610 se
1639 1571 1810 1609 invicem
1830 1580 1919 1609 nata
1934 1584 2018 1611 esse
2031 1573 2287 1614 existimavit.

1227 1629 1312 1675 Qua
1343 1629 1385 1667 in
1412 1642 1454 1667 re
1474 1629 1657 1678 homines
1679 1642 1700 1667 a
1721 1630 1872 1668 caeteris
1892 1629 2162 1670 animantibus
2189 1633 2286 1671 adeo

1228 1702 1307 1727 non
1316 1688 1511 1736 distinxit,
1522 1698 1565 1728 ut
1572 1689 1746 1727 omnium
1761 1689 1926 1727 eundem
1936 1698 2067 1728 ortum
2081 1690 2211 1743 fuisse(
2221 1691 2282 1743 10)

1227 1747 1488 1789 contenderet.
1503 1749 1698 1787 Praeterea
1713 1761 1852 1799 aquam
1866 1749 1997 1787 calore
2013 1749 2281 1800 liquefactam,

1226 1816 1417 1859 quatenus
1447 1808 1489 1845 in
1515 1808 1670 1858 igneam
1691 1816 1868 1846 naturam
1890 1807 1997 1855 abit,
2023 1808 2180 1847 efficere
2206 1817 2287 1848 ter-

1227 1881 1306 1906 ram
1321 1898 1331 1916 ,
1351 1875 1542 1918 quatenus
1569 1880 1665 1906 vero
1691 1866 1931 1905 circumfluit
1943 1896 1954 1917 ‚
1973 1880 2100 1919 aerem
2119 1868 2283 1918 gignere

1227 1930 1355 1959 censet
1375 1933 1538 1972 eamque
1557 1920 1608 1959 ob
1629 1933 1781 1959 causam
1798 1920 1904 1958 illam
1923 1933 2032 1968 aere,
2052 1920 2158 1959 hunc
2173 1922 2279 1972 igms

1228 1989 1336 2018 motu
1355 1980 1550 2018 contineri
1571 1979 1603 2030 (1
1616 1979 1666 2031 1).

1279 2039 1414 2078 Eidem
1435 2052 1573 2077 vocem
1601 2039 1704 2077 aeris
1721 2052 1910 2091 percussu
1933 2039 2093 2078 formari
2125 2039 2287 2091 placuit.

1225 2098 1355 2144 Quid?
1373 2097 1478 2149 quod
1497 2110 1603 2136 mare
1622 2098 1664 2136 in
1686 2098 1794 2136 cavis
1809 2111 1879 2150 per
1895 2097 2056 2137 humum
2071 2099 2179 2137 velut
2198 2111 2288 2150 per·

1226 2159 1394 2197 colatum
1429 2157 1643 2195 consistere
1676 2157 1866 2204 credidit,
1901 2158 2114 2195 maximum
2156 2166 2285 2196 autem

1229 2217 1401 2256 siderum
1420 2217 1541 2255 solem
1564 2229 1649 2255 esse
1676 2216 1910 2264 affirmavit,
1931 2216 2103 2268 denique
2129 2217 2288 2255 univer-

1265 2424 1311 2464 (9)
1333 2423 1525 2456 Plutarchus
1543 2421 1583 2454 de
1598 2421 1685 2454 Plac.
1705 2421 1781 2462 phil.
1804 2422 1831 2460 1,
1850 2425 1867 2452 3
1887 2433 1894 2453 z
1914 2421 2075 2462 Ἀρχέλαος
2099 2419 2290 2453 Ἀπολλοδώ-

1225 2483 1279 2515 ρου
1293 2472 1449 2510 Ἀθηναῖος
1464 2472 1539 2513 ἀέρα
1551 2470 1678 2512 ἄπειρον
1691 2470 1745 2501 καὶ
1759 2470 1815 2508 τὴν
1831 2470 1900 2511 περὶ
1915 2469 2011 2501 αὐτὸν
2026 2467 2209 2506 πυκνότητα
2231 2468 2287 2500 καὶ

1227 2520 1378 2561 μάνωσιν.
1396 2519 1515 2551 τούτων
1540 2518 1573 2550 δὲ
1588 2518 1625 2550 τὸ
1640 2516 1695 2557 μὲν
1713 2517 1792 2549 εἶναι
1815 2519 1889 2559 πῦρ,
1904 2517 1940 2549 τὸ
1953 2516 1987 2548 δὲ
2000 2516 2096 2557 ὕδωρ.
2117 2515 2167 2548 Cf.
2191 2515 2286 2549 stob.

1228 2567 1363 2607 Eclog.1
1378 2575 1410 2607 p.
1430 2567 1490 2598 298
1514 2564 1616 2605 (tom.
1631 2565 1647 2596 Ι
1671 2573 1702 2604 p.
1728 2565 1784 2595 114
1808 2563 1859 2595 ed.
1879 2563 1980 2595 Gaisr.
1995 2563 2027 2603 );
2049 2563 2140 2594 Sext.
2160 2563 2284 2604 Empir.

1227 2613 1302 2645 adv.
1322 2613 1421 2646 Math.
1438 2614 1496 2651 IX,
1509 2615 1583 2644 360.

1274 2662 1284 2700 (
1296 2661 1343 2702 10)
1357 2661 1513 2700 Diogenes
1526 2657 1668 2691 Laertius
1679 2657 1736 2690 lib.
1752 2659 1794 2696 11,
1807 2659 1897 2690 1647
1918 2667 1926 2688 ε
1940 2657 2053 2697 Ἔλεγε
2066 2657 2100 2689 δὲ
2116 2656 2172 2689 δύο
2187 2657 2287 2694 αἰτίας

1228 2708 1306 2740 εἶναι
1325 2708 1475 2748 γενέσεως
1484 2730 1493 2746 ,
1513 2706 1623 2748 θερμὸν
1636 2705 1690 2737 καὶ
1700 2704 1822 2747 ψυχρόν
1836 2714 1844 2722 ·
1858 2705 1912 2737 καὶ
1929 2705 1968 2737 τὰ
1981 2707 2046 2746 ζῷα
2057 2704 2121 2737 ἀπὸ
2139 2709 2193 2743 τῆς
2205 2704 2290 2740 ἰλύος

1227 2754 1618 2797 γεννηθῆναι...γεννᾶσθαι
1638 2753 1670 2785 δέ
1697 2764 1773 2795 φησι
1792 2753 1833 2785 τὰ
1863 2755 1929 2794 ζῷα
1958 2753 1992 2784 ἐκ
2010 2753 2121 2794 θερμῆς
2142 2756 2196 2790 τῆς
2213 2755 2289 2793 γῆς,

1229 2803 1282 2835 καὶ
1302 2802 1370 2835 ἰλὺν
1389 2800 1611 2845 παραπλησίαν
1630 2801 1785 2843 γάλακτι,
1807 2801 1872 2833 οἶον
1891 2801 2004 2843 τροφὴν
2030 2800 2182 2838 ἀνιείσης.
2207 2800 2290 2831 οὕτω

1228 2851 1261 2883 δὲ
1280 2851 1334 2882 καὶ
1351 2850 1422 2887 τοὺς
1443 2849 1625 2891 ἀνθρώπους
1641 2850 1824 2889 ποιηθῆναι.
1845 2849 1998 2890 Origenes
2017 2848 2137 2881 Philus.
2159 2852 2178 2881 9
2196 2856 2204 2876 2
2220 2850 2289 2890 περὶ

1229 2898 1262 2930 δὲ
1285 2899 1374 2940 ζῴων
1395 2898 1488 2940 φησὶν
1511 2897 1560 2930 ὅτι
1580 2897 1822 2938 θερμαινομένης
1839 2900 1895 2936 τῆς
1914 2900 1972 2937 γῆς
1993 2897 2030 2929 τὸ
2045 2899 2172 2937 πρῶτον
2189 2897 2220 2927 ἐν
2242 2900 2288 2937 τῷ

1228 2947 1310 2979 κατὰ
1329 2946 1419 2989 μέρος
1444 2946 1530 2986 (leg.
1549 2953 1624 2977 cum
1644 2945 1771 2978 Rittero
1789 2945 1879 2977 κάτω
1893 2944 1996 2987 μέρει)
2014 2943 2094 2975 ὅπου
2114 2943 2150 2975 τὸ
2179 2944 2289 2984 θερμὸν

1230 2994 1283 3026 καὶ
1302 2994 1337 3026 τὸ
1352 2993 1473 3035 ψυχρὸν
1490 2992 1637 3034 ἐμίσγετο
1649 3017 1658 3033 ,
1677 2992 1859 3034 ἀνεφαίνετο
1877 2991 1918 3023 τά
1932 3002 1966 3023 τε
1991 2991 2071 3023 ἄλλα
2093 2993 2158 3032 ζῷα
2189 2990 2292 3022 πολλά

1230 3042 1284 3073 καὶ
1299 3041 1450 3082 ἀνόμοια,
1468 3040 1570 3072 πάντα
1587 3040 1644 3079 τὴν
1666 3039 1763 3079 αὐτὴν
1780 3040 1901 3072 δίαιταν
1921 3039 2051 3081 ἔχοντα,
2072 3039 2108 3070 ἐκ
2132 3041 2187 3076 τῆς
2205 3038 2289 3074 ἰλύος

1229 3088 1413 3130 τρεφόμενα·
1431 3087 1468 3127 ἦν
1479 3087 1512 3120 δὲ
1529 3087 1740 3130 ὀλιγοχρόνια.
1758 3087 1887 3128 ὕστερον
1902 3087 1934 3118 δὲ
1957 3086 2062 3122 αὐτοῖς
2081 3086 2135 3117 καὶ
2155 3086 2184 3121 ἐξ
2199 3085 2289 3121 doz-i,-

1229 3136 1291 3167 λων
1306 3136 1424 3176 γένεσις
1437 3135 1554 3174 ἀνέστη
1565 3158 1574 3175 ,
1591 3137 1646 3168 καὶ
1672 3135 1871 3177 διεκρίθησαν
1889 3133 2046 3175 ἄνθρωποι
2074 3133 2138 3165 ἀπὸ
2153 3136 2217 3164 τῶν
2237 3133 2290 3164 ἄλ-

1229 3183 1310 3222 λων,
1333 3183 1387 3215 καὶ
1403 3181 1558 3224 ἡγεμόνας
1579 3180 1634 3214 καὶ
1649 3183 1763 3223 νόμους
1779 3183 1834 3214 καὶ
1856 3182 1967 3222 τέχνας
1982 3181 2036 3212 καὶ
2050 3180 2155 3216 πόλεις
2179 3179 2232 3211 καὶ
2250 3180 2288 3210 τὰ

1231 3230 1309 3262 ἄλλα
1338 3230 1547 3268 συνέστησαν.
1582 3233 1654 3261 νοῦν
1679 3230 1714 3261 δὲ
1738 3230 1820 3270 λέγει
1856 3231 1954 3260 πᾶσιν
1987 3228 2156 3269 ἐμφύεσθαι
2196 3227 2287 3268 ζῴοις

1231 3277 1358 3319 ὁμοίως.
1376 3277 1555 3319 χρήσασθαι
1571 3277 1631 3318 γὰρ
1657 3276 1791 3308 ἕκαστον
1814 3275 1869 3307 καὶ
1885 3277 1930 3315 τῷ
1947 3275 2072 3313 σώματι
2100 3273 2260 3313 ἀναλόγως
2275 3296 2284 3311 ,

1230 3325 1265 3356 τὸ
1282 3325 1336 3364 μὲν
1351 3325 1542 3366 βραδυτέρως
1559 3324 1594 3356 τὸ
1611 3324 1643 3356 δὲ
1657 3323 1846 3365 ταχυτέρως.

1273 3372 1339 3411 (11)
1354 3372 1513 3412 Diogenes
1533 3371 1678 3404 Laertius
1702 3371 1757 3402 tib.
1789 3371 1830 3408 11,
1853 3372 1886 3402 17
1911 3382 1918 3401 :
1949 3367 2131 3407 Τηκὸμενόν
2152 3377 2226 3407 φησι
2253 3366 2288 3397 τὸ

1230 3418 1313 3459 ὕδωρ
1326 3418 1388 3450 ὑπὸ
1403 3421 1459 3450 τοῦ
1476 3419 1609 3459 θερμοῦ,
1627 3418 1706 3449 καθὸ
1725 3417 1779 3457 μὲν
1806 3417 1849 3451 εἰς
1871 3416 1907 3448 τὸ
1926 3415 2065 3456 πυρῶδες
2082 3414 2287 3451 συνίσταται,

1232 3469 1335 3498 ποιεῖν
1357 3469 1433 3506 γῆν·
1447 3466 1526 3497 καθὸ
1543 3465 1576 3497 δὲ
1589 3464 1727 3507 περιῤῥεί
1739 3489 1747 3505 ,
1772 3465 1850 3505 ἀέρα
1866 3466 1989 3504 γεννᾷν.
2018 3462 2087 3493 ὅθεν
2109 3463 2128 3499 ἡ
2145 3460 2202 3501 μὲν
2225 3462 2286 3492 ὑπὸ

1231 3514 1286 3542 τοῦ
1306 3512 1409 3553 ἀέρος,
1425 3513 1442 3544 ὁ
1462 3512 1494 3544 δὲ
1514 3513 1575 3544 ὑπὸ
1600 3515 1653 3550 τῆς
1677 3515 1732 3543 τοῦ
1752 3511 1846 3552 πυρὸς
1867 3512 2032 3552 περιφορᾶς
2053 3512 2223 3550 κρατεῖται.

1180 3572 1248 3605 257
2109 3568 2141 3593 ⁴⁷

2604 1667 2612 1887 „<;.‹„†-s.„:*-.‚„-:.2
2605 1649 2606 1654 Α
2605 1633 2606 1636 Α
2605 1604 2606 1607 Α
2604 1569 2606 1583 >⁴
