2612 3814
1063 266 1406 308 FRAGMENTA.
2254 284 2328 318 153

236 347 333 396 οἶτος
349 351 489 400 ποιήσει
507 352 613 400 τοῦτ’,
635 353 694 391 ἐὰν
714 352 835 406 καιρὸν
853 353 964 406 λάὸῃ.

292 426 479 478 (Stobaeus
497 428 629 467 Floril.
650 428 713 475 VI,
738 427 813 481 19.)

180 526 215 552 ea
235 511 348 553 Πόθεν
367 514 444 551 ποτ’
462 505 532 566 ἀρα
551 511 708 564 γίγνεται
724 515 858 567 μοιχῶν
880 516 998 566 γένος;

235 573 276 611 ἐκ
291 573 492 625 κριθιῶντος
508 572 630 625 ἀνδρὸς
648 573 683 611 ἐν
702 574 929 626 ἀφροδισίοις.

291 655 477 708 (Stobaeus
500 659 636 697 Floril.
655 659 683 697 1.
705 658 759 709 c.)

233 739 355 793 Ἄγετε
376 740 419 789 δή
439 743 495 792 μ’,
513 734 542 780 ὦ
556 744 638 790 Ζεῦ,
656 741 716 780 καὶ
741 741 818 795 σύγ’
838 746 861 791 ἠ
883 742 1110 798 Πεπρωμένη
1123 774 1133 792 ,

235 800 315 840 ὅποι
335 801 414 839 ποθ’
431 802 513 852 ὑμῖν
537 802 609 853 εἶμι
628 802 901 855 διατεταγμένος
914 819 923 828 ·

233 863 280 906 ὣς
300 860 431 915 ἕψομαί
447 862 481 913 γ’
505 861 645 906 ἄοκνος·
662 861 705 908 ἢν
723 861 759 901 δὲ
779 861 830 913 μὴ
850 862 961 912 θέλω,

179 935 216 962 70
233 920 339 966 κακὸς
357 920 540 973 γενόμενος
559 919 658 960 οὐδὲν
674 916 779 969 ἧττον
795 921 942 976 ἕψομαι.

288 1010 467 1059 (Epictet.
489 1011 590 1047 Man.
608 1022 695 1058 cap.
718 1008 767 1047 52
793 1006 893 1063 [cap.
911 1022 1019 1058 77p.
1044 1009 1121 1046 328
1146 1009 1211 1048 ed.

235 1065 404 1122 Salmas]
427 1068 477 1107 cf.
499 1069 597 1107 Diss.
624 1070 692 1118 IV,
718 1082 754 1115 1,
788 1068 874 1116 1313
903 1074 941 1140 4,
974 1069 1037 1112 34.
1069 1067 1212 1117 Scripsi

234 1125 336 1177 ἄγετε
366 1124 408 1172 δή
434 1127 472 1174 μ’
487 1117 536 1172 ω;
551 1127 667 1176 vulgo
694 1124 757 1176 ἄγε
777 1124 820 1173 δη
842 1140 887 1175 με
907 1141 958 1172 ω,
985 1126 1094 1175 quod
1112 1139 1210 1163 non-

231 1186 357 1222 nulli'
345 1198 386 1222 1n
415 1183 503 1236 ἄγου
523 1154 561 1223 δέ
581 1185 618 1235 μ’
638 1201 668 1223 ω
686 1193 898 1227 mutarunt.
930 1187 1068 1225 Latine
1094 1188 1213 1225 vertit

232 1245 376 1283 Seneca
390 1245 461 1282 hos
479 1257 609 1282 versus
628 1243 748 1294 Epist.
772 1257 858 1292 107.
871 1245 890 1296 )

317 1312 442 1367 Χωρία
458 1312 703 1365 καταλογάδην
722 1312 966 1366 γεγραμμένα.

231 1390 275 1430 Ὁ
295 1390 330 1430 δὲ
353 1389 538 1438 Κλεάνθης
556 1390 666 1435 οὔτως
687 1388 873 1444 συνηρώτα
886 1405 895 1414 ·

283 1477 327 1516 Εἰ
347 1475 446 1530 φύσις
475 1475 611 1530 φύσεώς
637 1478 710 1516 ἐστι
726 1477 910 1531 κρείττων,
928 1476 983 1525 εἴη
1005 1476 1047 1515 ἄν
1063 1492 1115 1522 τις
1135 1477 1211 1530 ἀρί-

231 1550 297 1584 στη
320 1535 439 1589 φύσις·
459 1538 490 1575 εἷ
507 1535 605 1589 ψυχὴ
628 1537 744 1590 ψυχῆς
765 1538 839 1576 ἐστι
868 1536 1053 1590 κρείττων,
1083 1535 1137 1584 εἴη
1168 1536 1209 1576 ἄν

228 1610 281 1639 τις
302 1593 429 1647 ἀρίστη
449 1594 569 1648 ψυχή·
587 1594 648 1634 καὶ
668 1597 698 1635 εἷ
722 1597 809 1648 ζῷον
823 1595 937 1634 τοίνυν
958 1594 1116 1649 κρεῖττόν
1135 1596 1210 1634 ἐστι

230 1653 318 1706 ζῴου
332 1684 343 1704 ,
357 1653 410 1703 εἴη
429 1656 471 1693 ἄν
485 1670 521 1693 τι
534 1653 721 1708 κράτιστον
736 1656 824 1708 ζῷον
836 1668 844 1676 ·
863 1655 902 1693 οὗ
916 1654 985 1706 γὰρ
1000 1656 1048 1699 εἷς
1065 1653 1208 1707 ἄπειρον

233 1712 414 1752 ἐκπίπτειν
432 1712 566 1767 πέφυκε
586 1715 631 1754 τὰ
646 1718 805 1755 τοιαῦτα.
828 1713 970 1767 εΏσπερ
1000 1710 1058 1753 οὖν
1088 1714 1165 1753 οὐδὲ
1186 1717 1208 1762 ἡ

233 1771 332 1824 φύσις
350 1770 495 1812 ἐδύνατο
512 1772 567 1813 ἐπ’
583 1773 727 1827 ἄπειρον
745 1771 910 1819 αὔξεσθαι
929 1772 1023 1812 κατὰ
1039 1772 1080 1812 τὸ
1095 1782 1212 1825 κρεῖτ-

229 1845 301 1879 τον,
322 1829 392 1870 οὔθ’
411 1834 433 1879 ἡ
456 1830 577 1885 ψυχή,
601 1831 679 1872 οὔτε
702 1832 743 1872 τὸ
762 1834 862 1886 ζῷον.
883 1832 989 1872 Ἀλλὰ
1021 1830 1091 1883 μὴν
1121 1833 1209 1886 ζῷον

228 1889 317 1940 ζῴου
335 1891 494 1944 κρεῖττόν
512 1893 620 1939 ἐστιν,
637 1893 684 1937 ὥς
699 1891 805 1936 ἵππος
822 1891 982 1945 χελώνης
995 1922 1006 1942 ,
1024 1892 1055 1930 εἷ
1079 1890 1204 1944 τύχοι,

228 1948 289 1987 καὶ
317 1952 446 2002 ταῦρος
477 1949 579 1995 ὄνου,
613 1950 675 1990 καὶ
705 1950 794 1990 λέων
826 1949 972 2004 ταύρου.
995 1949 1150 1990 Πάντων
1171 1951 1208 1990 δὲ

230 2007 354 2060 σχεδὸν
373 2011 444 2047 τῶν
465 2009 629 2063 ἐπιγείων
649 2008 747 2063 ζῴων
765 2009 826 2048 καὶ
845 2011 1036 2061 σωματικῇ
1055 2008 1116 2048 καὶ
1141 2011 1207 2062 ψυ-

228 2069 314 2120 χικῇ
335 2067 489 2107 διαθέσει
504 2069 650 2142 προέχει
668 2086 708 2109 τε
723 2069 784 2108 καὶ
803 2068 1024 2123 κρατιστεύει
1043 2071 1062 2108 ὃ
1078 2068 1209 2122 ἅνθρω-

227 2142 304 2171 πος.
327 2126 456 2167 Τοίνυν
476 2127 663 2181 κράτιστον
687 2127 729 2167 ἂν
758 2128 811 2177 εἴη
841 2131 928 2183 ζῶον
954 2145 1016 2167 και
1047 2128 1203 2180 ἄριστον.

228 2186 303 2226 Και
319 2188 358 2225 ου
371 2186 464 2226 πάνυ
477 2203 511 2226 τι
527 2190 546 2226 ὁ
561 2188 740 2242 ἅνθρωπος
757 2188 942 2243 κράτιστον
958 2193 1046 2228 εἶναι
1060 2187 1207 2226 δύναται

1358 359 1467 410 ζῷον·
1489 361 1561 396 οἱον
1593 358 1719 404 εὐθέως
1750 360 1804 399 ὅτι
1835 361 1893 400 διὰ
1925 363 2051 408 κακίας
2076 364 2200 416 πορεόε
2204 381 2261 405 ται
2280 382 2337 406 τον

1357 415 1475 455 πάντα
1491 416 1632 469 χρόνον,
1655 419 1685 456 εἷ
1707 418 1742 456 δὲ
1768 419 1836 490 μή..
1837 435 1877 470 γε
1897 420 1954 459 τὸν
1972 423 2152 462 πλεῖστον.
2181 424 2250 463 Καὶ
2270 425 2339 478 γὰρ

1358 475 1477 514 εἴποτε
1495 477 1712 529 περιγένοιτο
1729 479 1877 553 ἀρετης,
1899 479 1962 532 ὀψὲ
1983 481 2044 519 καὶ
2070 482 2155 535 πρὸς
2183 489 2259 528 ταῖς
2278 488 2338 523 τοῦ

1359 533 1435 587 βίου
1466 536 1615 587 δυσμαῖς
1646 537 1888 591 περιγίνεται·
1921 539 2087 593 ἐπίκηρόν
2121 541 2151 579 τ’
2174 541 2249 581 ἐστὶ
2278 543 2340 582 καὶ

1359 593 1497 639 ἀσθενὲς
1522 596 1583 636 καὶ
1607 597 1740 648 μυρίων
1765 596 1928 649 δεόμενον
1951 600 2202 652 βοηθημάτων,
2228 603 2339 642 καθά·

1357 669 1423 707 περ
1453 658 1586 710 τροφῆς
1614 656 1675 696 καὶ
1694 658 1959 709 σκεπασμάτων
1982 658 2043 698 καὶ
2063 662 2127 708 τῆς
2146 659 2258 709 ἄλλης
2279 665 2338 701 τοῦ

1357 713 1521 767 σώματος
1539 715 1742 767 ἐπιμελείας
1753 748 1763 768 ,
1779 722 1908 770 πικροῦ
1923 733 2014 763 τινος
2026 719 2195 772 τυράννου
2211 720 2338 773 τρόπον

1357 774 1550 827 ἐφεστῶτος
1564 778 1650 826 ἡμῖν
1667 776 1728 815 καὶ
1744 777 1802 816 τὸν
1820 776 1907 831 πρὸς
1923 776 2061 831 ἡμέραν
2079 778 2214 829 δασμὸν
2232 781 2340 819 ἀπαι·

1355 838 1514 884 τοῦντος,
1538 837 1599 874 καὶ
1618 838 1649 874 εἰ
1669 835 1720 886 μὴ
1739 836 1959 890 παρέχοιμεν
1986 836 2078 876 ὥστε
2104 836 2218 877 λούειν
2253 839 2339 878 αὐτὸ

1355 891 1417 932 καὶ
1441 893 1595 945 ἀλείφειν
1615 894 1676 934 καὶ
1695 895 1923 949 περιὸάλλειν
1953 896 2014 935 καὶ
2042 896 2192 950 τρέφειν,
2214 896 2340 942 νόσους

1355 951 1416 990 καὶ
1433 952 1579 993 θάνατον
1595 954 1830 1000 ἀπειλοῦντος.
1855 952 1975 994 ‘'sse-*re
1994 953 2074 994 οὕτε
2092 955 2225 995 τέλειον
2247 958 2334 1009 ζῷον

1355 1014 1373 1050 ὁ
1393 1010 1592 1064 ἅνθρωπος,
1615 1011 1734 1057 ἀτελὲς
1748 1014 1783 1052 δὲ
1801 1012 1862 1053 καὶ
1882 1013 1972 1054 πολὺ
1992 1013 2253 1068 κεχωρισμένον
2271 1019 2334 1054 τοῦ

1353 1071 1498 1111 τελείου.
1519 1072 1572 1113 Τὸ
1589 1072 1625 1111 δὲ
1639 1073 1773 1112 τέλειον
1793 1073 1854 1113 καὶ
1872 1073 2013 1127 ἄριστον
2033 1079 2191 1127 κρεῖττον
2208 1073 2271 1125 μὲν
2291 1073 2332 1114 ἂν

1354 1130 1507 1183 ὑπάρχοι
1533 1129 1718 1185 ἀνθρώπου
1744 1134 1806 1171 καὶ
1825 1132 1955 1178 πάσαις
1978 1140 2055 1178 ταῖς
2080 1138 2221 1186 ἀρεταῖς
2245 1150 2334 1185 συμ-

1354 1189 1636 1242 πεπληρωμένον
1673 1190 1734 1229 καὶ
1777 1191 1908 1235 παντὸς
1947 1196 2058 1231 κακοῦ
2094 1193 2337 1234 ἀνεπίδεκτον.

1352 1250 1469 1288 Τοῦτο
1490 1248 1526 1287 δὲ
1545 1251 1584 1288 οὗ
1604 1249 1725 1289 διοίσει
1741 1250 1850 1290 Θεοῦ.
1867 1246 1996 1291 Ἔστιν
2012 1251 2081 1305 ἄρα
2098 1251 2201 1296 Θεός.

1409 1345 1558 1398 (Sextus
1575 1348 1789 1398 Empiricus
1805 1348 1892 1386 adv.
1907 1350 2028 1389 Math.
2051 1351 2121 1398 IX,
2140 1348 2224 1402 88.)

1407 1445 1589 1493 Κλεάνθης
1616 1445 1749 1500 ἔλεγεν,
1769 1447 1799 1485 εἷ
1816 1448 1915 1490 τέλος
1941 1445 2034 1484 ἐστὶν
2052 1449 2074 1493 ἡ
2098 1445 2228 1494 ἡδονή,
2251 1446 2340 1500 πρὸς

1352 1509 1462 1545 κακοῦ
1481 1512 1551 1549 τοῖς
1573 1504 1767 1560 ἀνθρώποις
1784 1505 1848 1554 τὴν
1871 1504 2038 1560 φρόνησιν
2057 1505 2235 1546 δεδόσθαι.

1406 1603 1593 1653 (Stobaeus
1610 1605 1744 1642 Floril.
1764 1606 1832 1651 VI,
1853 1604 1918 1651 37.
1937 1604 2051 1641 Posui
2066 1602 2228 1642 δεδόσθαι
2243 1617 2330 1640 oum

1351 1664 1566 1710 Meineki03
1587 1664 1706 1714 vulgo
1728 1661 1915 1713 δίδοσθαι.)

1406 1745 1586 1793 Κλεάνθης
1605 1745 1828 1799 ἐρωτώμενος
1847 1748 1924 1791 πῶς
1939 1745 1980 1785 ἄν
2001 1762 2052 1791 τις
2072 1746 2127 1795 εἴη
2150 1745 2335 1795 πλούσιος,

1352 1821 1460 1846 ειπεν·
1482 1808 1511 1846 εἷ
1529 1809 1597 1846 τῶν
1618 1808 1811 1858 ἐπιθυμιῶν
1833 1805 1887 1855 εἴη
1909 1806 2029 1855 πένης.

1406 1904 1589 1956 (Stobaeus
1607 1906 1739 1943 Floril.
1753 1905 1878 1952 XCII,
1898 1902 1990 1955 25.)

1405 2006 1589 2055 Κλεάνθης
1600 2039 1609 2055 ,
1622 2006 1690 2046 ὑπὸ
1702 2006 1862 2058 γλώττης
1879 2005 2003 2050 ἕλκους
2019 2007 2116 2061 αὐτῷ
2129 2006 2334 2059 γενομένου,

1349 2066 1414 2115 τὴν
1433 2066 1563 2120 τροφὴν
1586 2068 1647 2105 οὐκ
1668 2065 1812 2106 ἐδύνατο
1830 2065 2100 2118 παραπέμπειν·
2121 2068 2168 2110 ὡς
2194 2065 2230 2104 δὲ
2249 2068 2334 2121 ῥᾷον

1350 2125 1435 2180 ἔσχε
1453 2126 1513 2165 καὶ
1530 2129 1547 2166 ὁ
1564 2125 1682 2178 ἰατρὸς
1697 2127 1791 2178 αὐτῷ
1807 2123 1938 2179 τροφὴν
1956 2123 2181 2177 προσήγαγεν
2199 2144 2214 2159 α
2233 2126 2275 2165 σὺ
2296 2126 2337 2165 δέ

1352 2202 1397 2237 με
1421 2203 1436 2219 n
1454 2185 1521 2239 ἔφη
1545 2204 1560 2219 «
1584 2184 1702 2236 βούλει
1722 2184 1791 2232 ἤδη
1812 2184 1852 2223 τὸ
1869 2182 1976 2223 πλέον
1999 2186 2060 2231 τ’ἧς
2080 2185 2159 2223 ὁδοῦ
2179 2185 2333 2224 κατανύ-

147 2336 174 2368 is
192 2335 289 2368 etiam
310 2335 403 2368 faciet
419 2344 489 2368 eam
503 2360 512 2375 ,
528 2336 803 2377 opportunitatem
817 2338 943 2368 nactus.
967 2357 1007 2363 —

147 2394 240 2427 Unde
253 2393 385 2427 tandem
404 2394 550 2427 nascitur
563 2394 788 2428 adulterorum
809 2397 932 2437 genus?

147 2453 174 2485 Ε
188 2452 259 2485 viro
273 2452 307 2485 in
322 2452 419 2486 rebus
432 2453 576 2486 venereis
594 2453 794 2486 lasciviente.
813 2471 856 2477 -

152 2512 269 2545 Ducite
284 2521 354 2552 me,
369 2521 390 2544 o
408 2512 548 2554 Jupiter,
564 2513 667 2554 tuque
684 2514 760 2545 Sors
770 2537 780 2553 ,

148 2580 360 2613 quocumque
374 2580 393 2604 a
409 2571 500 2604 vobis
515 2570 695 2605 destinatus
710 2580 803 2613 sum;

148 2639 222 2663 nam
242 2631 375 2672 impigre
395 2631 482 2664 certe
496 2639 613 2672 sequar
630 2643 639 2663 :
659 2630 774 2672 quodsi
797 2630 890 2671 nolo,

148 2690 253 2722 malus
269 2689 375 2722 tactus
391 2689 600 2722 nihilominus
616 2698 744 2731 sequar.

402 2747 479 2781 Loci
495 2749 601 2781 soluta
615 2749 759 2782 oratione
778 2748 901 2790 scripti.

147 2807 319 2841 Cleanthes
334 2807 381 2841 sic
396 2807 613 2847 interrogabat
629 2820 638 2840 ε

186 2866 219 2901 Si
248 2869 364 2901 natura
380 2867 506 2900 naturae
526 2869 681 2910 praestat,
705 2867 803 2900 suerit
825 2867 946 2908 optima
972 2867 1122 2908 quaedam
1144 2876 1203 2900 na-

144 2925 220 2959 tura
248 2938 257 2959 ι
278 2926 304 2959 si
325 2927 432 2959 anima
455 2926 573 2959 animae
600 2928 754 2968 praestat,
783 2926 878 2959 suerit
902 2926 1027 2968 optima
1052 2926 1203 2967 quaedam

145 2985 270 3027 anima,
290 2995 328 3018 ae
348 2986 375 3019 si
393 2994 490 3028 porro
509 2985 626 3018 animal
648 2986 779 3019 animali
795 2986 1005 3028 praestantius
1024 2988 1089 3026 est,
1109 2986 1204 3019 suerit

147 3045 449 3086 praestantissimum
468 3045 598 3088 aliquod
617 3046 748 3079 animal.
768 3047 882 3088 Neque
909 3046 995 3079 enim
1022 3046 1138 3079 natura
1160 3046 1204 3079 ita

145 3107 368 3145 comparatum
383 3104 450 3144 est,
469 3105 506 3137 ut
522 3104 599 3137 talia
616 3104 649 3137 in
667 3105 827 3138 infinitum
845 3105 1031 3147 procedant.
1046 3106 1205 3144 Quemad-

145 3162 277 3195 modum
295 3164 393 3204 igitur
409 3172 450 3196 ne
467 3164 583 3197 natura
599 3164 730 3206 quidem
748 3168 875 3207 poterat
890 3165 923 3198 in
940 3164 1102 3197 infinitum
1120 3173 1202 3206 prae·

145 3221 263 3253 stantia
289 3230 453 3262 crescere,
479 3222 526 3254 sic
551 3231 657 3264 neque
678 3223 804 3265 anima,
822 3232 929 3265 neque
950 3223 1082 3256 animal.
1107 3224 1203 3265 Atqui

145 3278 263 3311 animal
279 3279 410 3313 animali
427 3282 632 3322 praestantius
649 3286 716 3323 est,
733 3283 771 3316 ut
792 3292 897 3325 equus
919 3282 1100 3323 testudine,
1113 3282 1202 3315 verbi

144 3336 266 3378 gratia,
283 3340 316 3370 et
340 3341 454 3372 taurus
474 3339 564 3373 asino
589 3343 621 3374 et
646 3341 697 3375 leo
722 3342 828 3375 tauro.
847 3341 909 3375 Sed
934 3340 1085 3375 omnibus
1103 3350 1203 3382 prope

144 3396 349 3430 terrestribus
385 3397 603 3434 animantibus
642 3401 784 3443 corporis
827 3401 992 3442 animique
1032 3400 1203 3434 affectione

146 3458 276 3497 praestat
304 3460 336 3489 et
360 3458 522 3492 antecellit
548 3459 656 3493 bomo.
679 3463 764 3502 Ergo
790 3459 1089 3502 praestantissimum
1108 3459 1203 3492 suerit

147 3515 264 3548 animal
282 3518 313 3548 et
329 3516 498 3557 optimum.
522 3520 562 3551 At
579 3527 642 3551 non
658 3519 791 3551 omnino
812 3520 918 3559 potest
935 3519 1032 3551 homo
1048 3520 1199 3560 praestan—

1270 2334 1432 2366 tissimum
1454 2341 1525 2365 esse
1542 2332 1673 2364 animal.
1697 2332 1843 2372 Exempli
1870 2332 1992 2372 gratia,
2006 2331 2083 2373 quia
2106 2339 2234 2373 semper
2249 2332 2336 2365 vitiis

1267 2394 1396 2428 deditus
1409 2395 1470 2432 est,
1484 2393 1544 2425 nisi
1561 2393 1642 2425 sorte
1655 2392 1847 2425 diutissime.
1866 2392 1994 2425 Etenim
2009 2392 2036 2424 si
2052 2392 2183 2434 quando
2199 2392 2330 2425 virtutis

1267 2462 1402 2494 compos
1424 2453 1501 2492 fiat,
1525 2461 1597 2485 sero
1618 2453 1651 2485 et
1673 2452 1758 2484 cirea
1781 2451 1858 2484 vitae
1877 2451 1972 2484 linem
1994 2460 2129 2493 compos
2142 2451 2179 2485 tit
2195 2461 2203 2484 :
2218 2453 2334 2494 estque

1266 2512 1386 2546 animal
1421 2511 1580 2544 caducum
1615 2512 1648 2544 et
1684 2511 1850 2543 infirmum
1889 2511 2183 2552 sexcentarumque
2219 2520 2331 2544 rerum

1267 2572 1387 2605 auxilio
1407 2571 1571 2611 indigens,
1589 2571 1682 2604 velut
1700 2570 1786 2603 victu
1807 2570 1964 2611 cultuque
1982 2572 2014 2603 et
2042 2570 2166 2612 reliqua
2186 2572 2329 2613 corperis

1267 2638 1362 2669 cura,
1378 2628 1465 2670 quod
1479 2624 1655 2670 importuni
1667 2629 1794 2670 tyranni
1814 2628 1847 2660 in
1862 2637 1986 2662 morem
2004 2628 2098 2662 nobis
2117 2630 2329 2672 praepositum

1265 2689 1314 2720 est
1327 2689 1360 2720 et
1375 2687 1590 2720 sublucanum
1612 2686 1771 2720 tributum
1784 2687 1901 2728 exigit,
1916 2696 1955 2720 ac
1973 2687 2033 2720 nisi
2058 2688 2090 2720 id
2114 2689 2157 2721 ita
2175 2688 2328 2721 exhibea·

1265 2755 1359 2787 mus,
1376 2749 1414 2778 ut
1434 2746 1581 2779 lavemus
1599 2747 1632 2779 et
1647 2755 1808 2787 ungamus
1826 2747 1859 2779 et
1880 2747 2056 2780 vestiamus
2077 2749 2111 2780 et
2126 2748 2327 2786 nutriamus,

1265 2805 1396 2838 morbos
1414 2805 1447 2838 et
1468 2806 1606 2838 mortem
1625 2805 1718 2838 nobis
1744 2805 1899 2838 minatur.
1917 2807 2032 2848 Itaque
2056 2815 2121 2839 non
2146 2807 2328 2848 perfectum

1265 2864 1382 2896 animal
1398 2864 1497 2897 homo
1516 2865 1582 2905 est,
1598 2864 1654 2897 sed
1669 2865 1894 2906 imperfectum
1914 2865 2072 2907 longeque
2088 2875 2107 2898 a
2123 2866 2265 2908 perfecto
2280 2875 2326 2899 re-

1265 2925 1403 2957 motum.
1426 2924 1608 2957 Perfectum
1627 2932 1706 2957 vero
1730 2927 1762 2957 et
1782 2924 1942 2965 optimum
1963 2924 2170 2967 praestantius
2192 2924 2324 2966 quidem

1264 2982 1394 3016 homine
1425 2983 1522 3016 suerit
1548 2986 1581 3016 et
1603 2983 1756 3016 omnibus
1780 2983 1956 3016 virtutibus
1978 2984 2130 3017 ornatum
2156 2978 2326 3026 omnisque

1263 3042 1339 3074 mali
1368 3042 1524 3076 immune.
1558 3044 1628 3075 Hoc
1657 3044 1766 3076 autem
1795 3052 1860 3075 non
1884 3042 2011 3076 differet
2029 3052 2048 3076 a
2065 3046 2145 3076 Deo.
2169 3044 2228 3076 Est
2248 3052 2325 3084 ergo

1264 3105 1366 3137 Deus.

1303 3163 1474 3196 Cleanthes
1504 3162 1647 3204 dicebat,
1679 3163 1706 3196 si
1740 3163 1812 3196 finis
1848 3164 1932 3196 esset
1962 3164 2112 3205 voluptas
2125 3187 2134 3204 ‚
2154 3164 2324 3205 tamquam

1262 3222 1384 3255 malum
1398 3222 1587 3255 hominibus
1603 3222 1713 3255 datam
1729 3231 1799 3256 esse
1819 3222 2037 3264 prudentiam.

1304 3282 1474 3315 Cleanthes
1487 3282 1660 3324 quaerenti,
1675 3275 1840 3324 quomodo
1858 3282 1929 3324 quis
1942 3282 2034 3315 dives
2047 3282 2186 3315 evadere
2199 3281 2322 3323 posset,

1263 3341 1450 3382 respondit:
1468 3341 1501 3374 Si
1518 3340 1731 3382 cupiditatum
1749 3340 1843 3372 fuerit
1857 3339 1962 3381 inops.

1304 3399 1475 3435 Cleanthes
1501 3401 1562 3433 sub
1590 3401 1698 3442 lingua
1725 3399 1832 3433 ulcere
1859 3399 1888 3432 ei
1907 3400 2003 3433 enato
2030 3398 2139 3431 cibum
2167 3396 2322 3439 nequibat

1260 3459 1502 3493 transmittere:
1519 3468 1620 3501 quum
1644 3468 1722 3492 vero
1742 3458 1860 3492 melius
1885 3467 1918 3491 se
1935 3457 2068 3490 haberet
2091 3457 2263 3497 cibumque
2289 3456 2319 3488 ei

1260 3518 1406 3552 medicus
1423 3518 1592 3554 adhiberet
1618 3528 1628 3551 τ
1657 3531 1674 3547 α
1707 3520 1757 3553 Tu
1788 3526 1864 3550 vero
1891 3525 1963 3557 me,
1983 3515 2110 3558 inquit,
2127 3514 2177 3548 vis
2197 3514 2322 3555 majore

2599 3425 2604 3466 «Ἣ.
2599 3364 2605 3404 »Α-
2602 3232 2608 3356 *flu-...st-
2602 3053 2612 3227 a—a-...b-*wss
2609 3025 2612 3047 ,
2609 2919 2612 3019 Nm-nfl
