2612 3814
861 264 1150 307 CARMINUM
1181 265 1470 314 RELIQUIAE.

158 359 233 399 leti
254 357 323 412 γὰρ
342 360 406 398 οὐκ
425 356 580 402 ἐπιδευὲς
592 387 602 406 ,
620 357 675 397 ἐὸν
696 356 733 396 δέ
753 373 792 396 κε
813 355 944 401 παντὸς
960 357 1087 397 ἐδεῖτο.

346 467 360 482 o
599 464 614 480 ὲ
851 467 867 483 a

101 549 139 577 ⁹0
157 541 296 579 Λεῧσσε
318 536 348 577 δ’
368 536 463 588 ὅμως
479 536 634 576 ἀπεόντα
647 535 715 590 νόῳ
735 537 912 590 παρεόντα
936 537 1105 591 βεὸαίως·

157 598 196 636 οὗ
219 596 287 650 γὰρ
308 594 503 647 ἀποτμήξει
522 595 562 635 τὸ
583 595 638 635 ε’ὸν
656 599 718 636 τοῦ
740 596 852 641 ἐόντος
872 597 1036 650 ἔχεσθαι,

157 656 238 696 οὔτε
258 655 487 706 σκιδνάμενον
507 656 623 709 πάντῃ
637 656 779 700 πάντως
795 656 886 696 κατὰ
904 655 1036 708 κόσμον

156 716 235 756 οὔτε
252 715 517 766 συνιστάμενον.

354 822 367 838 ⁸
590 822 610 843 ἡ
832 823 849 842 4

156 891 301 935 Τωῦτὸν
321 894 350 933 δ’
367 894 440 934 ἐστὶ
453 901 544 934 ’νοεῖν
566 910 604 933 τε
623 893 684 934 καὶ
705 893 843 934 οὕνεκέν
866 895 940 933 ἐστι
961 894 1094 946 νόημα·

128 1076 174 1113 V.
193 1073 258 1123 89.
281 1071 499 1122 Simplicius
515 1072 540 1109 f.
563 1087 600 1122 7,
623 1085 660 1121 a,
675 1073 778 1109 hunc
797 1085 949 1110 versum
964 1074 1017 1110 sic
1032 1074 1138 1110 exhi-

77 1134 144 1171 bet
166 1147 175 1170 ι
199 1130 273 1171 ἐστὶ
294 1130 362 1183 γὰρ
379 1132 443 1169 οὐκ
470 1130 646 1182 ἐπιδευές,
678 1130 727 1181 μὴ
749 1129 804 1170 ε’ὸν
832 1130 901 1183 γὰρ
930 1129 973 1169 ἂν
999 1129 1140 1175 πάντως

78 1192 212 1237 ἐδεῖτο,
235 1192 302 1229 sed
322 1192 390 1230 fol.
411 1204 435 1240 9
455 1199 489 1228 et
505 1192 534 1230 f.
565 1191 611 1228 31
639 1198 808 1228 extrema
824 1192 942 1240 paulo
960 1193 1070 1228 aliter
1088 1193 1140 1229 le·

78 1260 234 1304 guntur.
259 1253 407 1288 Etenim
427 1252 558 1300 priore
571 1251 661 1288 loco
679 1252 872 1287 invenitur
895 1249 944 1300 μὴ
971 1250 1024 1289 ἐὸν
1046 1251 1075 1288 δ’
1098 1249 1139 1289 ἂν

76 1309 227 1354 παντός,
246 1311 462 1360 posteriore
484 1308 534 1359 μὴ
550 1307 587 1346 ὂν
609 1308 637 1346 δ’
658 1307 700 1347 ἂν
716 1308 861 1352 παντός.
888 1310 1037 1358 Quibus
1052 1323 1139 1347 vei·-

77 1371 134 1408 bis
145 1378 311 1408 metrum
326 1369 473 1405 turbari
490 1369 731 1406 manifestum
745 1377 812 1408 est.
832 1371 970 1419 Itaque
984 1371 1140 1407 Karste-

77 1432 162 1467 nius
181 1442 255 1479 pro
289 1426 329 1465 ἂν
350 1430 477 1465 ionice
496 1429 648 1477 scripsit
667 1443 726 1475 κε,
756 1429 987 1467 claudicanti
1013 1437 1142 1467 autem

75 1497 199 1527 metro
220 1491 272 1526 ita
290 1501 515 1525 succurrere
541 1488 703 1534 studuit,
734 1496 777 1525 ut
801 1489 863 1525 vel
895 1486 1050 1532 ἓπιδευές
1070 1502 1142 1539 per

77 1550 260 1599 synizesin
281 1548 520 1597 trisyllabum
535 1547 679 1584 faceret
689 1549 750 1585 vel
774 1545 823 1597 μὴ
838 1545 907 1597 ἐὸν,
926 1547 1033 1596 cujus
1052 1549 1141 1585 loco

75 1609 300 1658 ponendum
321 1606 370 1657 μὴ
389 1605 440 1654 ὂν,
459 1608 498 1643 in
519 1620 635 1644 unam
664 1608 848 1656 syllabam
879 1609 1139 1647 contraheret.

80 1669 241 1706 Sensum
259 1669 377 1718 igitur
395 1669 499 1704 hunc
520 1680 596 1704 esse
615 1675 728 1716 putat
749 1681 760 1704 .·
779 1680 964 1715 non-ens,
984 1669 1015 1704 si
1027 1668 1141 1716 foret,

32 1773 36 1776 .
78 1729 183 1765 omni
197 1735 306 1777 parte
330 1727 505 1777 indigens
521 1734 631 1774 esset,
653 1728 797 1777 quippe
814 1728 976 1764 essentia
992 1740 1140 1766 carens.

79 1791 129 1826 At
146 1789 221 1824 hoc
239 1788 328 1825 loco
344 1788 413 1824 ubi
433 1787 480 1824 de
497 1794 582 1824 ente
614 1788 693 1837 agit
713 1794 845 1837 poeta,
873 1787 1060 1824 mirabilis
1089 1795 1145 1826 est

78 1847 206 1883 subita
224 1847 415 1883 non-entis
443 1846 604 1896 mentio,
633 1859 760 1895 neque
788 1847 887 1883 bene
912 1847 1058 1897 singula
1078 1860 1143 1884 co-

78 1907 233 1943 haerent.
252 1903 513 1954 Quamobrem
535 1907 645 1942 omisi
666 1903 714 1954 μὴ
737 1913 824 1942 ante
846 1904 916 1955 ἐὸν,
948 1919 1026 1955 quo
1045 1907 1144 1944 facto

78 1978 159 2002 non
191 1965 316 2002 solum
339 1972 464 2001 metro
499 1966 749 2010 consuluisse,
783 1965 852 2002 sed
883 1966 999 2002 etiam
1014 1979 1144 2004 veram

79 2024 318 2061 Parmenidis
339 2025 564 2061 sententiam
584 2025 789 2061 restituisse
804 2025 954 2063 videor.
970 2026 1146 2075 Apparet

78 2084 179 2120 enim
204 2084 279 2119 hoc
311 2084 440 2120 dicere
474 2083 777 2120 Parmenidem:
809 2084 885 2121 Ens
918 2097 999 2120 non
1018 2091 1146 2135 potest

78 2155 156 2180 esse
175 2141 383 2187 infinitum,
415 2155 542 2191 neque
569 2143 670 2179 enim
691 2142 776 2179 finis
805 2143 840 2179 ei
860 2143 988 2180 deesse
1019 2150 1147 2193 potest

78 2203 185 2252 quod
220 2204 391 2240 omnium
425 2210 480 2239 est
514 2202 850 2252 perfectissimum.
888 2204 1079 2239 Nimirum
1112 2204 1144 2240 si

79 2263 173 2312 quid
195 2264 231 2300 ei
257 2263 402 2300 deesset
430 2261 498 2317 (ἐὸν
535 2260 571 2301 δὲ
603 2260 787 2312 ἐπιδευὲς),
825 2263 1004 2300 omnibus
1029 2264 1144 2301 rebus

80 2329 222 2372 egeret,
244 2323 286 2359 id
302 2330 370 2369 est,
394 2324 521 2372 ipsum
546 2335 628 2359 non
649 2330 745 2360 esset
768 2323 830 2360 vel
856 2336 1022 2360 non-ens
1036 2331 1142 2362 esset.

80 2381 184 2418 Vidit
193 2381 352 2430 hocjam
362 2383 454 2419 olim
465 2382 667 2419 Bessarion
675 2383 741 2431 qui
752 2382 842 2420 adv,
853 2383 948 2420 Plat.
968 2383 1142 2422 Calumn.

78 2443 131 2488 Π,
157 2453 200 2478 11
227 2442 255 2479 f,
288 2441 352 2489 31,
380 2443 427 2490 b;
453 2442 520 2491 32,
544 2454 581 2488 a,
605 2455 735 2479 versus
768 2442 892 2492 82-89
930 2444 984 2480 sic
1012 2443 1144 2480 reddi·

86 2501 142 2538 ‹lit
167 2514 175 2537 ε

128 2628 130 2630 ,
165 2593 341 2624 Immotum
353 2592 468 2626 validis
484 2592 602 2633 injecta
616 2594 649 2625 in
672 2594 789 2626 finibus
803 2595 914 2628 arcent

165 2651 303 2683 Vincula
317 2651 530 2693 principiique
546 2661 661 2694 expers
680 2653 817 2695 finisque
837 2653 955 2694 [οἴω-ῖς

165 2710 249 2742 Hinc
265 2710 383 2744 etenim
398 2711 492 2753 longe
511 2711 650 2754 finisque
665 2715 821 2755 ortusque
839 2713 992 2747 recedunt
1010 2724 1018 2746 :

163 2771 249 2803 Vera
267 2770 346 2802 fides
362 2770 432 2804 haec
448 2774 509 2813 est,
531 2780 591 2805 nec
605 2771 667 2804 hoc
683 2774 739 2814 qui
757 2772 862 2806 credit
878 2773 1017 2806 aberrat.

166 2832 225 2863 Est
246 2832 279 2863 et
294 2830 379 2863 idem
395 2840 452 2872 per
473 2840 572 2873 seque
592 2841 727 2865 manens
743 2841 801 2865 ens
817 2841 948 2874 semper
966 2832 1081 2866 eodem
1093 2858 1102 2874 ‚

165 2891 344 2923 Immotum
363 2891 530 2933 fixumque
549 2892 667 2933 simui;
688 2893 736 2925 vis
754 2901 872 2934 magna
888 2893 1019 2933 necessi,

166 2950 316 2992 Implicat
331 2950 391 2983 hoc
407 2951 542 2993 circum,
563 2961 693 2985 summo
711 2962 841 2995 quoque
862 2953 926 2987 nne
947 2954 1085 2987 coercet.

167 3009 291 3048 Quodsi
313 3010 376 3043 fine
392 3012 496 3051 vacet,
512 3020 718 3053 nequaquam
731 3011 869 3044 dicimus
883 3020 952 3045 esse
969 3025 977 3045 :

168 3070 201 3102 Si
221 3069 299 3111 quid
319 3079 460 3112 namque
477 3070 581 3112 deest,
599 3081 680 3114 opus
697 3073 748 3105 est
768 3081 825 3105 eus
843 3081 941 3106 omne
957 3072 1081 3106 deesse.

140 3160 355 3198 Concinunt
379 3164 494 3199 etiam
519 3175 606 3199 cum
637 3164 695 3200 his
722 3164 860 3200 Eleatae
892 3161 1013 3200 verba
1041 3163 1147 3213 apud

86 3219 281 3256 Platonem
312 3219 431 3270 Soph.
454 3235 495 3272 p.
521 3221 614 3269 245,
637 3223 666 3260 C
688 3235 697 3259 :
722 3220 795 3261 Καὶ
819 3220 890 3272 μὴν
910 3221 971 3260 ἐάν
997 3236 1037 3273 γε
1054 3221 1092 3260 τὸ
1109 3218 1147 3259 ὃν

85 3269 109 3328 ᾗ
127 3275 176 3327 μὴ
194 3276 287 3329 ὅλον,
306 3307 442 3319 .....
462 3279 573 3323 ἐνδεὲς
591 3278 632 3318 τὸ
645 3277 683 3319 ὂν
699 3281 825 3320 ἑαυτοῦ
840 3278 1022 3331 ξυμὸαίνει
1039 3309 1047 3318 .
1068 3310 1077 3321 .
1102 3310 1112 3320 .
1134 3311 1142 3319 .

86 3335 147 3373 καὶ
166 3334 258 3374 κατὰ
281 3339 405 3375 τοῦτον
430 3338 471 3385 δὴ
493 3337 551 3376 τὸν
582 3338 685 3391 λόγον
711 3341 837 3379 ἑαυτοῦ
857 3338 1065 3393 στερόμενον
1085 3339 1147 3378 οὐκ

86 3391 124 3432 ὂν
155 3395 253 3432 ἔσται
278 3393 318 3433 τὸ
346 3393 398 3435 ὅν.
440 3398 636 3435 Postremo
670 3412 927 3437 memoremus
961 3398 1147 3448 Simplicii

89 3456 475 3503 argumentationem,
496 3471 573 3507 qua
590 3467 716 3508 poetae
750 3460 863 3497 dictis
882 3460 1069 3498 subnixus
1083 3471 1147 3495 ens

89 3512 290 3550 immotum
311 3527 389 3553 esse
411 3516 582 3557 coniicit.
613 3520 674 3555 Ait
702 3520 916 3557 Aristotelis
945 3527 1147 3556 enarrator

2190 278 2199 309 i
2213 277 2261 309 23

1198 369 1263 394 non
1279 360 1365 394 enim
1379 359 1525 401 indigens
1544 361 1612 401 est;
1630 369 1704 392 nam
1724 360 1751 392 si
1767 363 1869 403 esset,
1885 363 2035 395 omnibus
2053 365 2171 404 egeret.

1433 461 1449 479 ἡ
1724 462 1738 478 ί
2016 465 2033 481 t

1205 539 1267 573 Sed
1284 539 1429 573 absentia
1438 539 1546 572 animo
1562 542 1670 572 tamen
1687 542 1724 573 ut
1739 541 1908 581 praesentia
1923 541 2015 574 firme
2028 544 2263 586 contem1=iare3

1199 609 1263 632 non
1279 599 1365 633 enim
1381 608 1439 632 ens
1456 599 1498 632 ab
1516 602 1610 640 ente,
1632 608 1674 632 ne
1693 600 1868 640 commeat,
1887 600 2020 633 divellet
2036 602 2181 643 animus,

1197 660 1240 691 ita
1251 660 1288 691 ut
1298 668 1402 700 neque
1409 659 1542 692 omnino
1550 668 1801 701 quoquoversus
1808 661 1913 693 soluta
1921 669 2075 702 compage
2091 661 2266 703 dissipetur

1199 728 1304 760 neque
1323 719 1504 761 copuletur.

1431 826 1446 844 st
1723 828 1741 845 ’ἡ
2015 828 2033 846 ᾗ

1202 902 1290 937 idem
1309 905 1357 937 est
1371 904 1513 946 cogitare
1530 905 1628 946 atque
1646 905 1724 937 iliud
1743 905 1836 946 cujus
1854 913 1950 938 causa
1967 907 2016 938 est
2032 905 2201 946 cognatim

1199 1074 1227 1111 f.
1252 1088 1290 1121 7,
1320 1087 1357 1120 a,
1379 1075 1404 1111 b
1429 1086 1437 1113 :
1465 1073 1533 1118 εΩς
1556 1073 1625 1127 γὰρ
1654 1072 1694 1112 τὸ
1715 1073 1765 1125 μὴ
1792 1073 1828 1113 ὂν
1857 1074 1967 1119 ἐνδεὲς
1987 1074 2130 1115 πάντων
2158 1077 2265 1125 ἐστίν,

1200 1133 1290 1171 οὕτω
1306 1132 1345 1171 τὸ
1359 1131 1396 1172 ὂν
1413 1132 1568 1178 ἀνενδεὲς
1584 1133 1645 1172 καὶ
1662 1134 1813 1174 τέλειον·
1835 1133 1874 1173 τὸ
1890 1134 1925 1174 δὲ
1938 1134 2141 1186 κινούμενον
2157 1135 2267 1181 ἐνδεὲς

1202 1192 1335 1231 ἐκείνου
1353 1192 1396 1232 δι’
1410 1192 1429 1232 ὃ
1444 1195 1611 1232 κινεῖται·
1629 1193 1669 1233 τὸ
1687 1194 1754 1246 ἄρα
1774 1192 1811 1233 ὂν
1827 1195 1865 1232 οὗ
1884 1199 2048 1234 κινεῖται.

1255 1255 1299 1290 V.
1333 1254 1473 1304 90-93.
1510 1255 1602 1291 Post
1629 1267 1782 1291 versum
1816 1255 1992 1304 proxime
2025 1256 2265 1305 superiorem

1201 1312 1420 1362 Simplicius
1452 1313 1502 1350 ad
1524 1314 1638 1362 Phys.
1676 1313 1703 1352 f.
1735 1313 1799 1363 31,
1829 1326 1867 1360 a,
1888 1314 1928 1363 b,
1960 1325 2091 1352 versus
2119 1320 2265 1364 94-112

1202 1370 1346 1422 (τωύτὸν
1364 1371 1394 1409 δ’
1416 1370 1729 1420 ἐστὶ-ἀπατηλὸν
1755 1371 1905 1424 ἀκούων)
1930 1386 2006 1410 uno
2026 1381 2159 1411 tenore
2175 1375 2266 1411 sub-

1196 1430 1335 1482 jungit.
1363 1432 1580 1482 Interposui
1608 1433 1672 1470 hic
1710 1446 1799 1470 cum
1835 1434 2041 1470 Karstenio
2079 1441 2267 1482 quattuor

1202 1504 1330 1528 versus
1348 1499 1493 1529 sumtos
1515 1504 1564 1529 ex
1587 1492 1781 1529 Clemente
1813 1491 1955 1529 Strom.
1977 1495 2007 1529 V
2030 1506 2071 1542 p.
2103 1492 2196 1539 552,
2217 1496 2265 1541 D,

1205 1552 1430 1600 quibus-vix
1455 1553 1586 1602 aptior
1604 1553 1696 1589 alibi
1715 1553 1822 1590 sedes
1844 1553 1932 1602 eligi
1954 1560 2084 1601 queat.
2110 1555 2266 1590 Versum

1203 1612 1494 1661 nonagesimum
1507 1613 1710 1661 separatim
1722 1613 1814 1649 citat
1823 1611 2089 1648 Theodoretus
2100 1614 2130 1648 T
2133 1613 2266 1663 herap.

1205 1672 1326 1710 Serm.
1347 1673 1418 1720 Ip.
1445 1671 1495 1708 13
1510 1670 1617 1720 Sylb.
1645 1672 1781 1710 Λεῦσσε
1805 1669 1835 1709 δ’
1855 1669 1949 1721 ὅμως
1965 1685 2001 1710 κ.
2025 1686 2060 1710 τ.
2085 1671 2121 1708 λ.
2153 1673 2269 1710 verba

1204 1730 1284 1766 deae
1309 1739 1412 1777 sunt,
1445 1743 1561 1780 quam
1594 1732 1817 1781 loquentem
1850 1732 1920 1768 sub
1946 1733 2127 1780 prooemii
2154 1731 2268 1769 finem

1204 1790 1356 1827 induxit
1382 1791 1638 1830 Parmenides.
1661 1793 1750 1828 Haec
1771 1790 1891 1841 igitur
1920 1792 2047 1827 virum
2078 1793 2270 1841 sapientiae

1206 1849 1390 1899 cupidum
1407 1850 1599 1900 hortatur,
1618 1858 1662 1887 ut
1681 1863 1766 1900 quae
1787 1850 1835 1887 de
1861 1857 2024 1896 aeterna,
2050 1850 2266 1897 individua,

1206 1908 1397 1945 immobili
1412 1910 1506 1945 entis
1525 1917 1661 1946 natura
1682 1910 1884 1956 docentur,
1900 1922 1943 1946 ea
1959 1910 2050 1946 licet
2065 1911 2268 1947 oculorum

1208 1969 1328 2005 aciem
1343 1967 1506 2019 fugiant,
1522 1976 1567 2005 ut
1578 1969 1748 2006 absentia
1762 1969 1983 2016 videantur,
1998 1977 2123 2006 tamen
2140 1971 2269 2008 animo

1208 2037 1393 2078 tanquam
1433 2030 1634 2078 praesentia
1665 2030 1962 2079 contempletur.
2003 2032 2138 2079 Neque
2169 2032 2269 2068 euim

1205 2089 1311 2138 vulgi
1327 2088 1521 2139 judicium
1539 2089 1700 2138 probari
1718 2096 1915 2138 oportere,
1935 2089 2042 2138 quod
2057 2090 2131 2126 alia
2150 2090 2268 2127 modo

1206 2161 1297 2194 esse,
1316 2148 1437 2184 modo
1472 2161 1554 2185 non
1584 2161 1676 2196 esse,
1712 2149 1788 2184 alia
1813 2161 1917 2184 nunc
1953 2148 2144 2197 dissipari,
2165 2162 2269 2186 nunc

1206 2206 1367 2245 conflari
1404 2214 1526 2258 putet,
1558 2208 1624 2245 sed
1659 2208 1774 2244 statui
1799 2208 2018 2253 convenire,
2049 2221 2170 2244 unum
2192 2221 2271 2246 essc

1205 2280 1285 2316 ens,
1308 2269 1550 2312 continuum,
1562 2267 1823 2314 individuum,
1836 2280 1907 2317 per
1924 2268 2054 2304 omnia
2070 2268 2266 2306 diffusum.

1206 2328 1409 2364 Clementis
1438 2334 1476 2364 et
1495 2327 1732 2364 Theodoreti
1765 2327 2103 2376 interpretationes
2121 2327 2171 2364 ad
2188 2341 2269 2364 rem

1205 2388 1301 2423 nihil
1320 2388 1558 2436 pertinentes
1573 2387 1726 2424 silentio
1750 2388 2002 2437 praeterimuS.

1260 2449 1306 2485 V.
1331 2461 1395 2497 91.
1418 2448 1494 2485 Pro
1511 2444 1708 2495 ἀποτμήξει
1728 2447 1835 2496 quod
1864 2459 1936 2496 ego
1954 2446 2004 2484 ad
2024 2444 2100 2484 νόον
2120 2448 2269 2495 rettuli,

1208 2507 1426 2544 Brandisius
1469 2503 1698 2554 conjicieb'at
1758 2505 1988 2556 ἀποτμήξεις.
2046 2508 2271 2544 Karstenius

1206 2566 1322 2603 scribi
1336 2566 1493 2603 volebat
1518 2579 1526 2602 ε
1550 2565 1588 2603 οὗ
1612 2563 1681 2618 γὰρ
1697 2564 1954 2616 ἀποτμηξεῖται
1977 2565 2030 2603 ἐὸν
2054 2566 2130 2616 μετ’
2158 2564 2272 2609 ἐόντος

1206 2626 1363 2681 ἔχεσθαι.
2167 2673 2175 2680 .

1262 2691 1309 2728 V.
1326 2702 1389 2739 92.
1405 2686 1484 2727 οὔτε
1498 2686 1742 2740 σκιδνάμενον)
1764 2687 1961 2726 Sententia
1980 2692 2036 2724 est
2053 2698 2061 2722 ε
2080 2686 2131 2722 ita
2148 2692 2191 2721 ut
2206 2698 2272 2722 ens

1207 2761 1333 2798 neque
1354 2750 1513 2786 omnino
1529 2761 1822 2798 quoquoversus
1838 2749 1963 2785 soluta
1992 2757 2176 2795 compage
2197 2746 2272 2782 dis-

1207 2810 1364 2858 sipetur,
1383 2821 1511 2858 neque
1540 2809 1756 2857 copuletur.
1786 2809 2050 2858 Opponuntur
2078 2806 2157 2842 haec
2192 2819 2272 2842 non

1208 2870 1322 2918 vulgo
1337 2869 1463 2906 solum
1493 2875 1624 2905 rerum
1649 2875 1777 2906 ortum
1797 2876 1834 2906 et
1859 2868 2054 2904 interitum
2075 2865 2262 2911 credenti,

1208 2929 1274 2966 sed
1307 2930 1425 2966 etiam
1460 2929 1700 2979 philosophis
1729 2930 1796 2979 qui
1827 2940 1995 2978 corpora
2025 2924 2270 2976 συγκρίνεσθαι

1210 2995 1247 3025 et
1270 2986 1509 3039 διακρίνεσθαι
1532 2989 1751 3026 tradebant.
1779 2990 1886 3025 Talia
1907 2991 2154 3036 Anaxagorae,
2182 2987 2271 3022 Em-

1208 3048 1381 3098 pedocli,
1397 3050 1598 3098 Leucippo
1617 3056 1655 3086 et
1673 3050 1898 3086 Democrito
1917 3047 2160 3097 placuerunt.
2183 3043 2270 3084 vid.
2306 3079 2314 3086 .

1210 3111 1386 3145 Democr.
1409 3109 1580 3159 fragmm.
1611 3121 1700 3158 pag.
1724 3108 1815 3147 386.
1839 3131 1885 3137 —
1919 3104 2011 3144 κατὰ
2035 3103 2167 3155 κόσμον
2187 3106 2213 3144 i.
2236 3118 2269 3145 e.

1209 3163 1506 3212 compositione,
1534 3175 1735 3212 compage.
1771 3164 1839 3200 Est
1873 3162 1975 3198 enim
2000 3160 2271 3208 antiquissimis

1210 3223 1351 3260 Graecis
1379 3220 1509 3272 κόσμος
1528 3235 1608 3259 non
1631 3229 1708 3259 tam
1746 3223 1826 3271 ipse
1857 3220 2024 3258 mundus
2051 3220 2112 3255 vel
2141 3231 2269 3255 rerum

1209 3283 1451 3330 universitas,
1466 3294 1581 3331 quam
1605 3289 1740 3319 ornata
1757 3287 1794 3318 et
1802 3288 1890 3331 apta
1909 3293 2038 3317 rerum
2052 3290 2268 3327 compageS.

1261 3344 1304 3380 V.
1324 3347 1389 3392 94.
1408 3341 1518 3378 Idem
1536 3343 1716 3391 aitpoeta
1746 3353 1824 3378 esse
1847 3340 2020 3390 cogitare
2040 3346 2156 3387 atque
2174 3336 2269 3373 illud

1209 3399 1316 3448 cujus
1335 3413 1447 3437 causa
1475 3401 1523 3437 sit
1550 3401 1745 3450 cogitatio.
1766 3398 1843 3436 Sed
1870 3399 1911 3436 id
1938 3397 2047 3446 cujus
2081 3408 2194 3434 causa
2217 3402 2271 3431 cst

1210 3461 1392 3509 cogitatio
1410 3461 1503 3496 nihil
1518 3460 1625 3496 aliud
1647 3472 1761 3508 quam
1775 3472 1842 3496 ens
1855 3465 1924 3504 est,
1944 3457 2050 3507 quod
2071 3469 2092 3492 e
2106 3467 2269 3504 sequen·

1210 3519 1310 3556 tibus
1339 3520 1565 3569 intelligitur
1591 3525 1705 3567 atquc
1727 3531 1773 3555 cx
1805 3531 1851 3554 eo
1883 3517 1990 3566 quod
2010 3528 2125 3564 supra
2148 3515 2272 3551 versi-
