2612 3814
257 336 334 371 :no
1219 304 1495 361 AncnYTAE‘

309 418 352 465 ζ’.
385 417 454 458 Ἐκ
474 419 534 456 τοῦ
552 415 633 468 περὶ
654 418 714 455 τοῦ
734 412 876 458 παντός.

308 516 379 555 IX.
412 512 458 554 ‘O
479 513 602 567 χρόνος
621 510 700 560 ἤτοι
730 509 770 549 τὸ
797 508 967 559 παράπαν
987 507 1050 546 οὐκ
1068 506 1158 554 ἐντί,
1176 503 1199 554 ἢ
1221 507 1317 557 ἀμυ-

255 576 344 624 δρῶς
378 575 438 613 καὶ
476 572 574 624 μόλις
604 569 688 611 ἐντί.
747 563 796 609 ’Ὦ
821 567 889 621 γὰρ
915 566 954 606 rb
987 566 1051 618 μὲν
1081 565 1320 620 παρεληλυθὸς

255 636 319 673 οὐκ
352 633 402 672 ἔτι
432 631 526 681 ἐντί,
555 631 594 671 τὸ
623 630 659 670 δὲ
690 630 817 682 μέλλον
846 625 983 667 οὐδέπω
1016 626 1105 675 ἐντί,
1128 626 1166 665 τὸ
1197 625 1233 664 δὲ
1261 629 1320 663 νῦν

259 691 386 745 ἀμερὲς
401 691 461 747 καὶ
478 690 687 744 ἀδιαίρετον,
705 690 779 733 πῶς
793 687 835 727 ἂν
853 688 1007 739 ἱπάρχοι
1025 689 1128 724 τοῦτο
1144 686 1222 725 κατ’
1238 684 1322 723 ἀλά-

256 757 376 800 Θειαν;

315 811 556 864 (Simplicius
591 810 812 848 Conunent.
852 807 894 845 in
937 804 1159 843 Aristotelis
1197 803 1318 855 Phys.

261 873 329 911 fol.
356 872 461 922 ¹37-)

643 957 686 995 Γ.
721 955 931 994 ΛΟΓΙΚΑ.

429 1058 518 1110 Περὶ
538 1060 606 1096 τῶν
627 1057 710 1096 δέκα
729 1058 950 1108 κατηγοριῶν
973 1054 1109 1107 βιόλίον
1128 1054 1156 1093 *.

313 1153 361 1194 α’.
394 1153 457 1193 Ἐν
485 1153 630 1206 πράτοις
651 1152 699 1191 ἐνὶ
724 1151 825 1207 πάσα
844 1151 954 1205 τέχνα
982 1153 1096 1189 ταῦτα
1116 1150 1261 1189 ἕπονται
1281 1149 1323 1188 τὰ

259 1214 364 1253 πέντε
377 1244 388 1265 ,
413 1214 478 1260 ὕλη
491 1243 500 1262 ,
514 1213 674 1267 ὄργανον,
691 1212 816 1267 μέρος,
828 1211 928 1263 λόγος
949 1211 1122 1266 ὁριστικὸς
1141 1209 1200 1248 καὶ
1217 1209 1323 1253 τέλος.

261 1276 333 1314 Καὶ
354 1275 371 1312 ὁ
395 1273 457 1326 μὲν
478 1278 611 1326 πρᾶτος
628 1272 729 1324 λόγος
744 1301 753 1319 ,
777 1272 798 1310 ἆ
823 1271 944 1319 οὐσία,
966 1276 1117 1323 πρᾶγμα
1139 1269 1326 1320 αὐθύπαρ-

259 1354 341 1377 κτον
362 1336 423 1377 καὶ
445 1336 589 1390 ὗφεστός
603 1368 613 1387 ,
639 1336 688 1387 μὴ
710 1335 873 1388 δεόμενον
896 1334 1015 1388 ἑτέρου
1034 1333 1121 1387 πρὸς
1142 1331 1324 1380 σύστασιν,

258 1397 324 1436 κᾶν
357 1397 491 1449 γενέσει
519 1395 702 1434 ὑπόκειται
733 1394 820 1434 καθὸ
849 1394 984 1446 γέγονε.
1046 1393 1163 1433 Μόνον
1190 1391 1257 1444 γὰρ
1287 1392 1326 1430 rb

258 1461 348 1496 θεῖον
367 1456 554 1508 ἀγέννατον
579 1456 640 1495 καὶ
667 1455 794 1508 κυρίως
822 1454 1080 1506 αὐθύπαρκτον·
1101 1454 1132 1492 οἱ
1153 1451 1189 1490 δὲ
1210 1452 1326 1490 λοιποὶ

259 1516 358 1568 λόγοι
386 1519 599 1568 θεωροῦνται
620 1514 701 1567 περὶ
733 1513 796 1552 τὰν
824 1511 957 1561 οὐσίαν,
979 1511 1060 1552 ποτὶ
1079 1510 1138 1557 οὒς
1165 1512 1327 1550 ἀντιδια-

260 1575 480 1628 στελλομένα
500 1575 642 1628 λέγεται
655 1580 805 1627 πρᾶγμα
825 1571 1085 1627 αὖθύπαρκτον.
1144 1571 1246 1610 Ἐπεὶ
1261 1573 1328 1623 οὐχ

260 1642 307 1682 ὡς
326 1638 411 1690 πρὸς
432 1637 471 1677 rb
491 1640 593 1682 θεῖον,
615 1636 645 1674 οἱ
665 1634 732 1686 γὰρ
754 1632 852 1672 ἐννέα
870 1633 968 1686 λόγοι
984 1632 1139 1685 γίνονται
1157 1631 1218 1671 καὶ
1239 1632 1327 1670 ἀπο·

258 1697 413 1749 γίνονται
433 1695 541 1749 χωρὶς
562 1701 624 1738 τᾶς
641 1699 703 1733 τοῦ
721 1691 954 1743 ὑποκειμένου
978 1696 1128 1745 φθορᾶς,
1152 1692 1236 1744 ὅπερ
1257 1691 1328 1729 ἐντὶ

260 1757 300 1796 τὸ
320 1755 545 1807 συμὸεὲακὸς
572 1754 775 1805 λεγόμενον.
834 1749 940 1793 Ἔντι
971 1751 1008 1791 δὲ
1031 1755 1077 1796 ὡς
1111 1751 1150 1790 τὸ
1178 1750 1328 1791 καθόλου

260 1815 503 1868 συμὸεὸακός.
543 1815 595 1854 Τὸ
614 1815 680 1868 γὰρ
702 1813 787 1853 αὐτὸ
805 1812 899 1866 μέγα
919 1812 979 1852 καὶ
995 1811 1120 1864 μικκὸν
1137 1811 1327 1867 γενόμενον

263 1876 355 1916 κατὰ
376 1875 441 1915 τὰν
467 1874 666 1922 ποσότατα,
687 1880 749 1918 τᾶς
775 1872 895 1926 φύσιος
915 1874 977 1911 οὐκ
1002 1871 1195 1917 ἐξίσταται·
1213 1871 1236 1909 ἁ
1265 1870 1327 1922 μὲν

262 1936 331 1990 γὰρ
346 1938 393 1980 εἷς
414 1935 520 1988 ἄκρον
541 1933 654 1979 εὐεξία
673 1932 784 1972 ἔοικεν
801 1939 815 1957 ³¹
834 1933 992 1984 ἐμποιεῖν
1018 1930 1178 1981 αὔξασιν,
1198 1930 1259 1970 καὶ
1279 1932 1329 1982 τῷ

304 2046 321 2062 *
344 2047 370 2078 E
386 2044 504 2077 doricis
521 2052 637 2075 vocum
653 2041 766 2075 formis
789 2049 909 2082 paucas
930 2041 962 2073 in
986 2041 1048 2073 hoc
1071 2040 1155 2073 libro
1179 2041 1327 2081 restitui,

263 2092 387 2134 majora
401 2093 528 2126 tantum
543 2090 660 2124 menda
673 2089 860 2130 corrigenda
875 2098 944 2122 esse
958 2093 1058 2121 ratus.

585 2245 615 2275 7.
639 2243 665 2275 E
690 2241 772 2273 libro
791 2239 832 2273 de
851 2240 1022 2273 Universo.

315 2333 375 2369 tx.
397 2334 539 2374 Tempus
553 2333 609 2364 aut
624 2331 757 2364 omnino
772 2339 834 2363 non
852 2334 916 2369 est,
931 2334 988 2362 aut
1000 2330 1138 2362 obscure
1156 2330 1188 2362 et
1203 2329 1264 2361 vix·
1275 2330 1335 2362 est.

271 2393 372 2434 eujus
391 2392 477 2424 enim
498 2391 700 2433 praeteritum
719 2399 783 2423 non
804 2391 853 2423 est
878 2389 1036 2431 amplius,
1059 2389 1203 2421 futurum
1230 2391 1336 2420 autem

274 2454 417 2486 nondum
432 2477 440 2492 ,
465 2459 606 2494 praesens
631 2450 771 2492 denique
795 2450 864 2483 sine
884 2449 1029 2492 partibus
1047 2452 1080 2483 et
1108 2449 1337 2489 individuum,

268 2513 432 2555 quomodo
449 2513 510 2545 hoc
531 2520 642 2545 revera
661 2520 730 2544 esse
748 2510 871 2552 possit?

692 2595 730 2627 C.
756 2595 925 2627 LOGICA.

557 2673 605 2705 De
626 2670 738 2707 decern
757 2671 932 2712 categoriis
951 2670 1043 2704 liber.

315 2751 341 2782 l.
368 2751 403 2781 ln
421 2748 532 2789 primis
550 2748 589 2780 ad
607 2757 739 2782 omnem
764 2749 866 2782 artem
895 2749 967 2781 baec
989 2748 1135 2790 quinque
1157 2747 1339 2790 pertinent,

274 2806 426 2847 materia,
445 2807 716 2846 instrumentum,
736 2816 828 2848 pars,
845 2807 987 2840 definitio
1003 2808 1035 2840 et
1050 2807 1132 2840 finis.
1178 2809 1225 2840 Ac
1238 2806 1341 2848 prima

274 2867 408 2909 quidem
442 2866 607 2906 delinitio,
637 2867 835 2907 substantia,
868 2877 919 2901 res
952 2876 1007 2909 per
1039 2876 1074 2900 se
1102 2867 1281 2900 subsistens
1311 2871 1343 2898 et

273 2929 545 2967 exstans,neque
564 2925 626 2958 alia
658 2935 693 2959 re
724 2926 765 2958 ad
795 2936 889 2960 suam
918 2927 1185 2961 constitutionem
1217 2936 1338 2969 egens,

276 2987 391 3018 saltem
411 2985 610 3027 generationi
629 2977 752 3018 'subest
781 2988 944 3027 quatenus
973 2987 1111 3020 exstitit.
1157 2986 1231 3020 Sola
1253 2980 1354 3020 enim'

278 3046 390 3078 divina
401 3048 516 3078 natura
526 3047 616 3077 ortus
629 3054 744 3087 expers
756 3049 802 3077 est
814 3047 846 3078 et
863 3047 991 3087 proprie
1004 3056 1060 3088 per
1069 3056 1104 3080 se
1123 3046 1269 3080 subsistit
1284 3059 1291 3079 ι
1307 3049 1341 3079 at

276 3106 410 3147 reliquae
440 3105 644 3138 definitiones
661 3114 679 3138 e
697 3105 876 3138 substantia
896 3107 1095 3147 spectantur,
1112 3116 1131 3139 a
1148 3107 1268 3149 quibus
1293 3106 1344 3139 di·

276 3165 390 3197 stincta
410 3164 528 3197 dicitur
548 3174 598 3197 res
616 3173 676 3214 per¹
693 3173 729 3198 se
752 3165 942 3198 subsistens.
988 3168 1100 3207 Neque
1116 3166 1202 3200 euim
1226 3167 1346 3199 divinae

279 3226 407 3256 naturae
423 3225 637 3265 conveniunt,
655 3223 817 3266 siquidem
839 3233 955 3257 novem
972 3224 1175 3260 definitiones
1190 3226 1347 3259 accedunt

280 3289 312 3317 et
334 3285 496 3322 decedunt
529 3286 599 3319 sine
637 3286 772 3327 subJecti
803 3286 954 3327 interitu,
986 3286 1017 3318 id
1045 3287 1131 3329 quod
1172 3287 1348 3321 accidentis

282 3345 412 3377 nomine
429 3347 576 3378 vocatur.
622 3347 677 3378 Est
699 3349 809 3378 autem
840 3347 880 3379 ut,
904 3346 935 3378 in
965 3346 1154 3379 universum
1183 3347 1346 3381 accidens.

285 3403 375 3436 l‹lem
394 3403 480 3437 enim
499 3413 652 3437 mensura
669 3413 820 3446 magnum
841 3407 874 3439 et
890 3414 1027 3448 parvum
1046 3407 1166 3439 factum
1184 3416 1203 3440 a
1218 3416 1276 3440 sua
1292 3417 1347 3440 na-

285 3465 357 3495 tura
374 3472 436 3496 non
454 3463 602 3497 desciscit
619 3476 628 3497 z
646 3464 764 3507 quippe
781 3465 902 3507 optima
919 3466 1064 3507 corporis
1084 3466 1240 3500 habitudo
1258 3467 1348 3501 vide-

286 3524 340 3554 tur
361 3522 389 3555 ei
410 3524 646 3556 incrementum
666 3527 698 3557 et
716 3523 905 3558 obesitatem
922 3525 1053 3565 afferre,
1070 3525 1126 3558 sed
1153 3526 1348 3559 continentia

287 3585 318 3614 et
349 3583 455 3616 tenuis
489 3584 596 3617 victus
629 3584 727 3618 etiam
762 3584 1007 3619 decrementum
1037 3586 1213 3627 quoddam.
1259 3588 1347 3621 Idem

1379 408 1513 458 σάματι
1528 406 1694 459 ὄγκωσιν,
1717 406 1740 446 ἆ
1760 405 1797 445 δὲ
1818 405 2004 459 ἐγκράτεια
2026 405 2086 444 καὶ
2108 405 2148 446 rb
2163 407 2360 459 ὀλιγοσιτῇν
2381 405 2444 446 καὶ

1379 467 1616 518 ὑποσπασμόν
1636 482 1727 506 τινα.
1772 464 1826 506 Τὸ
1843 466 1879 505 δὲ
1901 466 1985 505 αὐτὸ
2003 465 2100 517 μένει
2121 465 2182 505 καὶ
2200 466 2445 518 ὑποκείμενον,

1380 521 1449 565 οἷον
1471 528 1501 565 οἱ
1533 526 1711 578 ἄνθρωποι
1727 524 1897 568 ὡσαύτως
1915 526 2037 568 παῖδες
2054 524 2150 569 ὄντες
2166 526 2213 569 εἷς
2233 525 2354 579 ἀνδρὸς
2371 525 2445 564 ἁλι·

1381 586 1460 625 κίαν
1479 586 1667 629 ἐλάσαντες
1679 615 1690 637 ,
1709 586 1740 624 οἱ
1757 584 1855 624 αὐτοὶ
1874 584 1952 623 κατ’
1969 585 2091 624 οὐσίαν
2114 584 2262 637 μένομες
2279 590 2325 639 τᾷ
2340 584 2448 625 ποσό·

1381 661 1462 684 τατι
1480 646 1697 698 ’διαφέροντες
1709 674 1719 693 ,
1737 643 1798 684 καὶ
1814 647 1874 683 ν’ῠν
1897 644 1960 695 μὲν
1979 644 2117 695 λευκόν,
2133 649 2194 685 νῦν
2211 643 2248 683 δὲ
2276 645 2387 696 μέλαν
2405 643 2448 682 rb

1384 705 1470 744 αὐτὸ
1487 708 1612 757 ὁρᾶται
1643 704 1852 744 διαλλάττον
1881 709 1927 758 τᾷ
1947 706 2134 753 ποσότατι,
2160 705 2224 745 τὰν
2256 705 2291 747 δὲ
2327 703 2448 745 οὐσίαν

1384 766 1446 804 οὐκ
1468 764 1628 813 ἀμείὸει·
1653 764 1713 804 καὶ
1733 767 1791 803 νῦν
1812 765 1876 816 μὲν
1892 765 1989 816 φίλος
2005 767 2023 804 ὁ
2043 765 2166 814 αὐτός,
2182 768 2243 804 νῦν
2261 765 2293 804 δ’
2308 763 2446 819 ἐχθρός,
2500 807 2502 810 ,
2559 811 2561 815 1

1384 825 1556 878 διαφέρων
1571 830 1617 879 τᾷ
1637 823 1738 878 σχέσι
1758 823 1819 863 καὶ
1839 825 1889 878 τῷ
1914 823 1999 877 πρός
2013 840 2046 863 τι
2062 823 2258 877 λεγομένῳ,
2277 823 2335 862 καὶ
2356 822 2451 863 κατὰ

1385 884 1450 931 τὴν
1467 883 1588 923 οὐσίαν
1608 885 1647 923 οὐ
1665 882 1843 938 διαφέρει·
1863 882 1924 923 καὶ
1948 887 2009 923 ν’ὔν
2039 882 2101 934 μὲν
2124 886 2158 923 ἐν
2186 884 2263 928 ταῖς
2292 881 2452 932 Θήόαις,

1387 947 1446 981 νῦν
1476 943 1511 982 δὲ
1542 945 1577 982 ἐν
1606 941 1786 993 Ἀθήναις,
1807 940 1893 996 ὅπερ
1915 942 1955 981 τὸ
1986 946 2046 982 τοῦ
2069 941 2174 995 λόγου
2197 941 2233 983 ὂν
2258 941 2453 996 ἐτιρούσιον

1385 1005 1447 1042 οὐκ
1467 1002 1665 1056 ἐργάζεται.
1728 1003 1799 1043 Καὶ
1818 1003 1910 1042 κατὰ
1931 1001 1994 1050 τὴν
2015 1002 2136 1042 οὐσίαν
2157 1002 2218 1042 καὶ
2238 1001 2365 1055 πέρυσι
2390 1001 2452 1041 καὶ

1387 1067 1447 1102 νῦν
1469 1065 1486 1101 ὁ
1508 1062 1611 1107 αὐτὸς
1626 1062 1784 1114 διαμένει
1806 1061 1856 1114 μὴ
1889 1061 2147 1113 ἀλλοιούμενος.
2206 1059 2312 1102 Ἔστι
2332 1076 2370 1101 τε
2389 1064 2452 1100 τ;ῦ

1387 1123 1497 1163 πότε
1529 1122 1649 1174 λόγου.
1713 1121 1783 1162 Καὶ
1812 1121 1997 1161 ἀνάκειται
2032 1121 2093 1160 καὶ
2123 1121 2276 1170 κάθηται
2296 1123 2314 1161 ὁ
2334 1119 2452 1165 αὐτός.

1388 1183 1506 1223 Πάλιν
1522 1186 1581 1221 τοῦ
1596 1185 1734 1221 κεῖσθαι
1749 1181 1810 1221 καὶ
1825 1183 2010 1220 δπλεῑσθαι
2026 1180 2087 1224 καὶ
2105 1181 2260 1221 ἀνόπλου
2276 1179 2292 1204 b
2305 1183 2324 1220 ὁ
2341 1179 2456 1226 αὐτός.

1386 1239 1471 1282 Ἔτι
1493 1240 1530 1280 δὲ
1546 1245 1606 1280 τοῦ
1625 1241 1731 1295 ἔχειν.
1769 1241 1841 1282 Καὶ
1861 1240 1999 1280 τύπτων
2017 1257 2069 1286 τις
2090 1240 2149 1280 καὶ
2168 1241 2304 1292 τέμνων
2321 1242 2338 1280 ὁ
2354 1239 2455 1284 αὐτὸς

1390 1302 1487 1352 μένει
1523 1306 1538 1325 ‘³
1567 1308 1629 1346 τᾶς
1672 1300 1793 1345 οὐσίας
1839 1301 1890 1352 μὴ
1923 1300 2168 1352 ἐξιστάμενος·
2206 1299 2281 1340 ἔστι
2315 1299 2351 1339 δὲ
2392 1303 2454 1339 τοῦ

1388 1376 1514 1398 ‘lullew-

1443 1419 1605 1473 (Scripsi
1620 1432 1629 1458 ε
1652 1420 1667 1439 ³
1685 1418 1818 1465 ἔοικεν;
1838 1420 1952 1458 codd.
1970 1417 2093 1458 ἔειδεν.
2109 1418 2126 1442 ¹’
2143 1418 2317 1468 ἀνόπλους
2336 1418 2453 1459 codd.

1394 1479 1555 1523 ἄνοπλος.
1575 1484 1589 1502 ⁰
1610 1478 1730 1530 μένει;
1754 1478 1851 1517 libri
1873 1477 1994 1531 μετὰ.)

1450 1538 1497 1591 β’.
1534 1538 1603 1578 Καὶ
1623 1537 1790 1588 τέμνεταί
1807 1554 1859 1583 τις
1879 1538 1940 1578 καὶ
1967 1538 2162 1586 τύπτεται,
2185 1535 2271 1591 ὅπερ
2293 1537 2368 1577 ἐστὶ
2398 1540 2460 1576 τοῦ

1393 1597 1558 1650 πάσχειν,
1579 1597 1636 1636 τὸν
1667 1601 1727 1636 τοῦ
1748 1591 1838 1636 εἶναι
1869 1597 1974 1650 λόγον
2003 1596 2184 1643 διασώζων
2204 1594 2455 1636 ἀναλλοίωτον.

1394 1659 1441 1697 Αἱ
1474 1658 1537 1708 μὲν
1559 1650 1607 1696 ῶν
1627 1662 1643 1680 ³
1663 1659 1732 1696 τῶν
1755 1657 1873 1696 ἄλλων
1895 1658 2009 1710 λόγων
2039 1656 2205 1710 διαφοραὶ
2231 1655 2460 1710 ἑκδηλότεραί

1395 1718 1497 1763 εἰσιν,
1516 1718 1538 1756 ἆ
1558 1717 1594 1756 δὲ
1617 1717 1747 1765 ποότης
1770 1718 1830 1756 καὶ
1865 1717 1904 1756 τὸ
1931 1717 2024 1770 ἔχειν
2048 1716 2108 1756 καὶ
2136 1717 2176 1756 τὸ
2194 1715 2346 1770 πάσχειν
2371 1715 2459 1755 δυσ·

1393 1777 1612 1829 θεωρητέρας
1656 1776 1777 1830 ἔχουσι
1813 1776 2000 1831 διαφοράς·
2031 1776 2070 1815 rb
2112 1775 2180 1830 γὰρ
2215 1770 2402 1830 πυρέττειν
2432 1775 2456 1822 ἢ

1394 1839 1499 1891 ῥιγῶν
1520 1837 1536 1862 ¹³
1555 1834 1578 1884 ἢ
1599 1835 1817 1887 ἀγάλλεσθαι
1843 1835 2058 1890 ἀμφιὸολίαν
2071 1841 2086 1860 ⁰
2101 1835 2181 1874 τινὰ
2202 1833 2297 1889 ἔχει,
2314 1833 2462 1888 πότερον

1393 1902 1455 1939 τᾶς
1490 1894 1659 1944 ποότητός
1692 1894 1822 1943 εἷσινῆ
1848 1894 1864 1920 ‘¹
1892 1899 1954 1935 τοῦ
1983 1894 2080 1949 ἔχειν
2107 1893 2129 1942 ἢ
2160 1894 2313 1949 πάσχειν
2345 1896 2464 1946 λόγου.

1396 1954 1623 2009 Διακρίνεται
1644 1954 1681 1994 δὲ
1702 1954 1829 2000 οὕτως·
1850 1957 1887 1994 αἶ
1901 1959 1917 1978 ²
1938 1955 2000 2007 μὲν
2020 1954 2090 2008 γὰρ
2119 1955 2267 2008 πυρετός
2290 1955 2383 1994 ἐστιν
2406 1952 2466 1993 εἴ-

1391 2021 1521 2068 πομεν,
1542 2015 1565 2063 ἢ
1589 2018 1702 2069 ῥῖγος,
1723 2014 1746 2062 ἢ
1766 2014 1993 2068 ἀγαλλίασις,
2016 2013 2080 2053 τὰν
2099 2014 2259 2060 ποότητα
2281 2008 2465 2066 ἐσαμάνα·

1393 2090 1469 2128 μεν·
1491 2077 1527 2114 αἷ
1544 2075 1556 2099 f
1576 2076 1612 2115 δὲ
1629 2074 1827 2128 πυρέττειν,
1856 2073 1879 2122 ἢ
1899 2076 2002 2127 ῥιγῶν
2021 2077 2053 2125 ⁸,
2076 2071 2099 2120 ἢ
2121 2073 2359 2126 ἀγάλλεσθαι,
2390 2071 2430 2112 τὸ
2444 2070 2464 2096 “

1395 2227 1524 2259 quoque
1536 2217 1716 2258 subJectum
1731 2217 1852 2257 manet,
1870 2216 1958 2249 velut
1972 2215 2118 2249 homines
2132 2215 2223 2256 pueri
2235 2215 2355 2256 pariter
2364 2218 2466 2256 atque

1395 2277 1498 2309 adulti
1516 2285 1667 2309 mensura
1687 2276 1779 2317 quasi
1795 2276 1935 2316 separati
1958 2275 2074 2307 natura
2093 2274 2191 2307 iidem
2216 2282 2407 2314 manemu5‚
2425 2281 2464 2306 ac

1403 2345 1490 2369 nunc
1506 2336 1616 2369 album
1634 2343 1722 2367 nunc
1741 2335 1868 2376 nigrum
1887 2334 1971 2366 idem
1996 2333 2136 2374 videtur,
2157 2333 2343 2375 discrepans
2362 2340 2465 2374 quan-

1398 2396 1511 2436 titate,
1529 2395 1586 2428 sed
1606 2396 1754 2428 naturam
1773 2403 1838 2427 non
1855 2395 1960 2426 mutat
1979 2406 1986 2426 :
2006 2402 2101 2435 porro
2117 2392 2203 2425 idem
2223 2391 2321 2426 modo
2342 2390 2467 2424 amicus

1402 2455 1499 2488 modo
1514 2455 1663 2502 inimicus
1679 2453 1748 2496 est,
1763 2453 1914 2486 dissonus
1935 2452 2045 2486 habitu
2062 2453 2095 2485 et
2110 2451 2264 2485 relatione
2273 2450 2314 2484 ad
2329 2450 2466 2494 aliquid,

1402 2515 1458 2548 sed
1485 2516 1599 2548 natura
1627 2523 1694 2547 non
1724 2513 1832 2547 dissert
1865 2526 1873 2546 ε
1909 2514 2066 2554 praeterea
2095 2520 2184 2544 nunc
2212 2510 2353 2552 Thebis,
2378 2519 2468 2543 nunc

1402 2575 1554 2614 Athenis,
1569 2583 1644 2616 quae
1661 2583 1712 2607 res
1730 2573 1762 2606 id
1779 2573 1867 2615 quod
1889 2572 1930 2605 ad
1950 2571 2169 2605 definitionem
2191 2570 2331 2613 pertinet
2351 2571 2468 2603 natura

1403 2645 1468 2668 non
1488 2635 1602 2667 variat.
1648 2633 1760 2673 Quid?
1776 2633 1864 2675 quod
1886 2641 1953 2665 non
1981 2632 2126 2664 mutatus
2142 2633 2256 2663 natura
2277 2630 2363 2663 idem
2380 2637 2469 2663 nunc

1403 2697 1511 2728 manet
1541 2695 1597 2738 qui
1629 2699 1704 2728 ante
1734 2694 1797 2727 hoc
1819 2696 1959 2736 tempuS.
2005 2692 2061 2726 Est
2086 2694 2196 2725 autem
2228 2691 2290 2724 hoc
2316 2689 2469 2724 finifionis

1401 2755 1554 2798 quando.
1601 2755 1686 2795 Quin
1706 2755 1804 2788 etiam
1821 2753 1907 2787 idem
1928 2752 2066 2786 accubat
2080 2754 2113 2785 et
2131 2751 2232 2785 sedet.
2278 2751 2403 2784 Rursus
2420 2748 2468 2784 ia-

1403 2815 1496 2847 cendi
1519 2815 1552 2847 et
1571 2823 1662 2846 arma
1694 2812 1844 2846 sumendi
1867 2814 1899 2845 et
1922 2811 2063 2844 hominis
2084 2810 2217 2843 inermis
2245 2809 2360 2844 eadem
2386 2806 2468 2840 ratio

1403 2879 1461 2909 est.
1509 2875 1557 2909 Ad
1576 2875 1647 2908 lnaec
1670 2874 1824 2907 habendi.
1870 2874 1962 2907 Ultro
1983 2872 2038 2914 qui
2056 2872 2209 2905 verberat
2225 2873 2258 2904 et
2275 2871 2362 2903 secat
2380 2868 2470 2901 idem

1405 2937 1515 2969 manet
1534 2945 1554 2968 a
1571 2937 1686 2968 natura
1702 2943 1762 2967 sua
1779 2942 1844 2966 non
1859 2933 2050 2966 desciscens.
2096 2934 2151 2964 Est
2167 2939 2242 2964 vero
2264 2929 2335 2962 haec
2353 2926 2468 2970 agendi

1405 2994 1499 3027 ratio.

1445 3054 1491 3085 ΙΙ.
1518 3054 1652 3093 Insuper
1664 3052 1794 3084 secatur
1815 3050 1931 3092 aliquis
1958 3058 1998 3082 ac
2017 3047 2217 3086 verberatur,
2238 3045 2326 3088 quod
2346 3047 2392 3079 est
2412 3054 2470 3087 pa-

1405 3112 1530 3151 tientis,
1550 3112 1746 3144 incolumem
1766 3110 1913 3144 essentiae
1931 3110 2088 3142 rationem
2119 3116 2263 3142 servans.
2307 3108 2354 3139 Ac
2372 3107 2468 3140 eaete-

1407 3181 1516 3205 rarum
1544 3171 1676 3213 quidem
1694 3170 1885 3204 substantiae
1911 3168 2074 3201 rationum
2104 3167 2289 3200 discrimina
2312 3165 2471 3208 apertiora

1407 3237 1500 3273 sunt,
1520 3231 1575 3264 sed
1603 3230 1759 3272 qualitas,
1777 3229 1855 3262 item
1877 3227 2015 3261 habendi
2044 3229 2077 3260 et
2097 3226 2238 3269 patiendi
2261 3224 2383 3267 species
2410 3223 2471 3257 ob·

1406 3292 1548 3325 scuriora
1566 3290 1751 3324 discrimina
1776 3289 1896 3322 babent
1923 3298 1932 3320 :
1960 3297 2035 3320 nam
2061 3286 2245 3320 febricitare
2275 3284 2326 3317 vel
2359 3283 2473 3325 frigere

1409 3350 1459 3384 vel
1478 3350 1619 3392 gaudere
1639 3349 1776 3382 dubium
1800 3349 1865 3388 est,
1887 3348 1997 3380 utrum
2019 3346 2186 3389 qualitati,
2207 3353 2247 3376 an
2264 3341 2404 3376 habendi
2420 3341 2472 3374 vel

1410 3409 1551 3452 patiendi
1571 3409 1751 3442 rationibus
1763 3407 2006 3441 annumeranda
2021 3406 2098 3439 sint.
2144 3407 2207 3438 Res
2222 3404 2334 3436 autem
2349 3402 2396 3435 sic
2411 3400 2473 3433 dis-

1411 3470 1555 3502 cernitur
1584 3482 1593 3502 :
1615 3467 1644 3501 si
1669 3468 1756 3502 enim
1781 3466 1897 3508 febris
1932 3468 1984 3499 est
2012 3465 2173 3504 diximus,
2205 3463 2255 3496 vel
2279 3461 2399 3502 frigus,
2421 3459 2473 3493 vel

1411 3528 1586 3569 gaudium,
1609 3527 1799 3570 qualitatem
1825 3525 2078 3568 significavimus
2103 3537 2112 3557 ε
2140 3523 2167 3556 si
2190 3530 2266 3555 vero
2294 3519 2476 3554 febricitare

1409 3588 1460 3621 vel
1487 3588 1616 3630 frigere,
1636 3587 1687 3620 vel
1713 3585 1872 3628 gaudere,
1895 3584 2034 3620 habendi
2060 3583 2224 3618 notionem
2243 3579 2473 3614 indicavimus.
