2612 3814
981 351 1296 413 SECUNDI
1345 347 1788 409 PHILOSOPHI

694 477 1008 551 RESPONSA
1046 496 1132 547 AD
1171 492 1764 547 INTERROGATIONES
1803 493 2075 547 ADRIANI.

577 645 593 694 (
605 645 677 691 Ex
700 643 929 691 Vincentii
961 641 1299 689 Bellovacensis
1335 641 1531 702 Speculo
1563 640 1669 688 hist.
1706 641 1801 688 Lib.
1841 642 1907 701 X,
1947 656 2053 706 cap.
2093 642 2206 705 71.)

1201 788 1588 812 ——Qooe—

357 941 458 988 Quid
471 946 528 975 est
543 937 742 974 Mundus?
764 931 1014 972 Incessabilis
1038 930 1248 978 circuitus,
1273 943 1360 982 spe-

1481 933 1584 980 Quid
1595 932 1788 971 Somnus?
1806 933 1947 972 Mortis
1968 934 2097 984 imago
2112 964 2123 983 ‚
2145 933 2327 974 laborum
2352 936 2480 988 quies,

303 998 458 1039 ctabilis
475 996 673 1048 supellex,
689 992 943 1033 multiformis
966 991 1147 1029 formatio
1162 1019 1172 1039 ‚
1195 998 1364 1029 aeternus
1425 990 1713 1030 infirmantium
1734 1001 1870 1031 votum
1887 1022 1897 1041 ,
1920 993 2155 1032 miserorum
2175 994 2426 1034 desiderium.

303 1067 428 1104 tenor,
452 1055 641 1094 circuitus
663 1055 749 1092 sine
766 1065 918 1091 errore.

1480 1052 1583 1100 Quid
1601 1060 1658 1089 est
1684 1054 1805 1090 Vita?
1824 1053 2031 1092 Beatorum
2065 1053 2201 1092 laetitia
2216 1083 2227 1102 ,
2248 1054 2481 1094 miserorum

359 1118 465 1165 Quid
482 1124 538 1153 est
555 1115 754 1151 Oceanus?
771 1111 908 1150 Mundi
934 1110 1157 1161 amplexus,
1173 1109 1365 1148 terminus
1425 1111 1632 1162 moestitia,
1647 1113 1887 1164 exspectatio
1905 1114 2059 1153 mortis.

304 1183 513 1214 coronatus
531 1174 600 1224 (al.
620 1171 861 1222 coarctatus)
878 1199 888 1218 ,
907 1169 1121 1221 hospitium
1135 1168 1363 1215 fluviorum,

308 1235 395 1273 fons
412 1233 615 1272 imbrium.

1481 1171 1586 1219 Quid
1599 1179 1655 1208 εει
1668 1174 1802 1210 Mors?
1818 1172 2000 1212 AEternus
2020 1186 2180 1212 somnus
2196 1203 2206 1221 ,
2227 1173 2394 1214 divitum
2414 1187 2484 1226 pa-

1425 1242 1513 1277 vor,
1536 1243 1753 1282 pauperum
1787 1231 2029 1271 desiderium
2043 1262 2054 1280 ,
2087 1232 2331 1272 inevitabilis
2364 1246 2481 1272 even·

361 1294 463 1340 Quid
488 1301 544 1330 est
562 1292 693 1329 Deus?
713 1288 955 1328 Immortalis
988 1300 1097 1326 mens
1111 1316 1122 1335 ,
1144 1286 1366 1325 incontem-
1426 1297 1507 1335 tus,
1524 1289 1624 1329 latro
1638 1290 1832 1342 hominis,
1852 1291 1942 1342 fuga
1960 1292 2066 1339 vitae,
2086 1293 2275 1332 resolutio
2291 1293 2480 1333 omnium.

306 1352 466 1404 plabilis
490 1350 680 1390 celsitudo
694 1379 705 1398 ‚
726 1349 853 1388 forma
869 1347 1148 1394 multiformis,
1171 1345 1367 1395 incogita-

308 1411 402 1450 bilis
421 1411 626 1461 inquisitio
639 1438 650 1458 ,
678 1409 875 1461 insopitus
905 1407 1043 1445 oculus
1057 1437 1067 1457 ,
1088 1406 1221 1444 omnia
1240 1403 1367 1441 conti-

306 1483 423 1520 nens,
441 1471 510 1509 lux
525 1499 535 1518 ,
556 1469 704 1508 bonum
719 1497 729 1515 ‚
750 1476 789 1506 et
807 1466 914 1518 quod
933 1474 992 1504 est
1013 1465 1257 1516 hujusmodi.

361 1532 467 1578 Quid
484 1539 540 1567 εει
555 1530 626 1567 Sol
633 1530 654 1566 ?
677 1527 777 1566 Coeli
795 1526 934 1564 oculus
947 1555 958 1576 ‚
985 1524 1129 1563 caloris
1155 1525 1365 1573 circuitus,

306 1590 495 1641 splendor
525 1589 611 1627 sine
633 1599 799 1634 occasu,
841 1584 921 1623 diei
963 1592 1147 1631 ornatus,
1179 1585 1366 1622 horarum

306 1647 554 1687 distributor.

361 1709 464 1757 Quid
483 1716 541 1744 est
560 1709 670 1743 Luna
684 1707 705 1742 Ρ
731 1703 831 1742 Coeli
865 1715 1062 1755 purpura,
1086 1701 1181 1740 solis
1202 1702 1365 1750 aemula,

308 1768 601 1807 malefactorum
626 1764 789 1804 inimica
802 1760 825 1811 ‚'
842 1763 1017 1801 solamen
1049 1761 1124 1799 iter
1144 1761 1343 1810 agentium
1356 1790 1367 1810 ‚

309 1827 477 1866 directio
514 1824 787 1875 navigantium
802 1851 814 1870 ‚
854 1823 1009 1872 signum
1052 1821 1338 1859 solemnitatum
1354 1848 1366 1868 ,

307 1888 414 1937 larga
439 1885 544 1924 roris
578 1885 590 1937 (
607 1885 699 1922 add.
735 1880 928 1934 infusio),
955 1880 1188 1933 praesagium
1222 1888 1367 1931 tempe-

309 1954 465 1985 statum.

364 2006 467 2053 Quid
514 2012 569 2041 est
606 2001 751 2040 Terra?
786 1999 897 2038 Basis
936 1998 1026 2037 coeli
1043 2026 1054 2045 ,
1106 1995 1367 2036 meditullium

309 2063 469 2111 mundi,
508 2063 705 2100 fructuum
739 2068 869 2098 custos
901 2066 939 2096 et
972 2065 1111 2105 mater,
1136 2056 1366 2108 operculum

309 2123 454 2162 inferni
466 2153 477 2170 ,
515 2129 638 2160 mater
657 2118 899 2159 nascentium
916 2146 927 2165 ‚
963 2116 1100 2155 nutrix
1118 2116 1339 2154 viventium
1354 2144 1365 2155 .

308 2181 536 2221 devoratrix
555 2179 732 2219 omnium
746 2207 757 2227 ,
779 2177 982 2216 cellarium
1003 2176 1109 2216 vitae.

365 2243 471 2290 Quid
495 2250 551 2279 est
577 2240 726 2277 Homo?
756 2237 866 2275 Mens
886 2236 1112 2285 incarnata,
1136 2233 1369 2286 phantasma

299 2297 523 2354 temporis,
545 2299 766 2352 speculator
787 2296 903 2343 vitae,
938 2294 1179 2345 mancipium
1201 2293 1362 2340 mortis,

312 2361 507 2400 transiens
526 2360 674 2406 viator,
696 2356 776 2395 loci
796 2355 962 2406 hospes,
990 2354 1122 2392 anima
1148 2351 1366 2400 laboriosa,

310 2421 425 2474 parvi
446 2419 635 2471 temporis
653 2415 935 2455 habitaculum.

366 2482 468 2529 Quid
484 2488 541 2517 est
554 2477 804 2516 Pulchritudo
814 2477 834 2512 ?
848 2473 938 2512 Flos
958 2472 1155 2511 marcidus
1168 2501 1179 2520 ‚
1200 2471 1370 2511 carnalis

313 2539 476 2578 felicitas
488 2567 498 2586 ‚
524 2533 1046 2585 bumana'concupiscentia.

367 2599 472 2646 Quid
487 2606 542 2634 est
566 2597 738 2633 Mulier?
756 2593 939 2631 Hominis
959 2590 1159 2638 confusio,
1178 2590 1372 2629 insatura-

314 2655 409 2694 bilis
441 2654 572 2694 bestia
585 2683 596 2702 ‚
632 2652 820 2692 continua
859 2649 1109 2697 sollicitudo,
1144 2649 1372 2688 indesinens

315 2727 462 2766 pugna,
484 2714 563 2751 viri
581 2711 862 2751 incontinentis
875 2709 1137 2760 naufragium,
1158 2708 1371 2747 humanum

316 2772 570 2824 mancipium.

371 2833 476 2880 Quid
501 2839 558 2868 est
575 2831 754 2867 Amicus?
776 2827 1045 2867 Desiderabile
1069 2840 1232 2874 nomen,
1253 2827 1372 2865 homo

307 2891 386 2929 vix
404 2902 596 2942 apparens
610 2917 620 2936 ,
638 2887 880 2926 infelicitatis
899 2886 1095 2938 refugium
1109 2915 1121 2935 ,
1146 2885 1373 2925 indesinens

319 2948 496 2988 felicitas.

371 3009 476 3057 Quid
495 3006 679 3044 Divitioe?
706 3005 804 3043 Auri
829 3004 1012 3056 pondus,
1034 3016 1217 3043 curarum
1255 3002 1373 3040 mini·

317 3065 657 3114 strae,-delectatio
681 3063 921 3115 injucunda,
940 3062 1179 3102 insatiabilis
1203 3062 1372 3112 invidia,

317 3126 556 3165 desiderium
591 3122 833 3175 inexplebile
846 3150 857 3170 ,
895 3136 939 3162 os
980 3123 1175 3162 excelsum
1189 3152 1201 3171 ,
1243 3122 1375 3161 invisa

319 3183 649 3235 concupiscentia.

373 3245 477 3291 Quid
489 3252 545 3280 est
570 3243 811 3292 Paupertas?
830 3239 989 3279 Odibile
1007 3240 1154 3279 bonum
1169 3269 1181 3288 ,
1197 3239 1375 3279 sanitatis

320 3310 455 3352 mater,
490 3314 674 3339 curarum
701 3299 868 3339 remotio
882 3327 894 3347 ,
931 3299 1133 3351 sapientiae
1152 3299 1372 3351 repertrix,

318 3361 518 3410 negotium
551 3361 637 3399 sine
669 3359 812 3397 damno
826 3387 837 3406 ,
868 3359 1063 3410 possessio
1089 3357 1237 3409 absque
1269 3358 1374 3396 calu·

316 3420 449 3467 mnia,
474 3419 559 3458 sine
586 3417 854 3457 sollicitudine
874 3416 1048 3454 felicitas.

374 3481 479 3527 Quid
496 3480 704 3516 Senectus?
720 3477 905 3528 Optatum
926 3476 1070 3513 malum
1083 3502 1094 3522 ,
1115 3486 1224 3513 mors
1236 3473 1374 3513 viven-

319 3538 414 3577 tium
430 3566 441 3586 ‚
459 3538 670 3577 incolumis
688 3537 869 3587 languor,
891 3534 1049 3587 spirans
1063 3546 1183 3573 mors.

1481 1351 1587 1397 Quid
1603 1359 1660 1388 est
1674 1352 1840 1389 Verbum
1852 1354 1873 1389 ?
1898 1351 2086 1390 Proditor
2106 1353 2241 1393 animi.

1482 1411 1587 1457 Quid
1601 1419 1658 1447 est
1678 1410 1854 1461 Corpus?
1869 1411 2126 1454 Domiciliurn
2153 1413 2306 1453 animae.

1483 1469 1586 1516 Quid
1602 1478 1660 1506 est
1672 1471 1803 1507 Barba
1818 1472 1839 1507 ‚³
1861 1469 1984 1509 Sexus
2000 1470 2199 1511 discretio.

1482 1529 1586 1575 Quid
1601 1537 1658 1566 est
1677 1530 1908 1567 Cet-ebrum?
1927 1529 2066 1569 Custos
2085 1531 2295 1570 memoriae.

1482 1589 1587 1635 Quid
1599 1597 1657 1625 est
1677 1591 1830 1626 Frons?
1850 1588 1984 1639 Imago
2007 1590 2147 1629 animi.

1482 1649 1585 1695 Quid
1600 1649 1740 1685 Oculi?
1766 1648 1892 1687 Duces
1914 1649 2095 1701 corporis
2108 1677 2118 1695 ,
2138 1661 2233 1688 vasa
2252 1649 2430 1690 luminis.

1482 1708 1586 1755 Quid
1605 1717 1661 1745 est
1677 1708 1777 1746 Cor?
1793 1707 2090 1760 Receptaculum
2112 1708 2216 1748 vitae.

1482 1767 1587 1814 Quid
1602 1769 1745 1805 Jecur?
1769 1767 1956 1807 Custodia
1982 1767 2136 1806 caloris.

1483 1827 1587 1874 Quid
1607 1829 1705 1864 Fel?
1722 1826 1932 1865 Suscitatio
1949 1827 2176 1865 iracundiae.

1483 1887 1589 1934 Quid
1604 1888 1751 1936 Splen?
1769 1886 1884 1925 Risus
1907 1895 1945 1925 et
1964 1886 2108 1924 laetitiae
2134 1898 2269 1938 capax.

1483 1948 1586 1994 Quid
1602 1955 1659 1984 est
1677 1947 1930 1984 Stomachus?
1950 1945 2140 1984 Ciborum
2158 1958 2321 1997 coquus,

1484 2006 1588 2053 Quid
1609 2007 1736 2043 Ossa?
1751 2004 1891 2045 Robur
1915 2005 2108 2057 corporis.

1483 2066 1590 2102 Ouid
1604 2067 1755 2104 Pedes?
1769 2065 1916 2104 Mobile
1937 2064 2242 2104 fundamentum.

1483 2126 1585 2174 Quid
1595 2134 1651 2163 est
1670 2127 1840 2163 Ventus?
1864 2125 1976 2163 Aeris
1995 2123 2241 2176 perturbatio
2253 2151 2264 2171 ,
2286 2121 2485 2161 mobilitas

1430 2195 1642 2234 aquarum,
1671 2185 1823 2223 siccitas
1851 2192 1978 2222 terrae.

1486 2246 1591 2292 Quid
1601 2254 1687 2282 sunt
1703 2247 1884 2282 Flumina
1897 2246 1918 2281 ?
1934 2243 2081 2282 Cursus
2100 2241 2330 2282 indeficiens
2343 2271 2354 2289 ‚
2377 2241 2485 2280 refe-

1430 2304 1508 2342 ctio
1528 2303 1624 2342 solis
1637 2333 1647 2351 ‚
1674 2303 1856 2353 irrigatio
1877 2311 2000 2341 terrae.

1487 2365 1592 2412 Quid
1605 2365 1816 2400 Amicitia?
1839 2362 2053 2413 AEqualitas
2070 2361 2307 2400 animorum.

1488 2425 1594 2473 Quid
1608 2425 1749 2461 Fides?
1767 2422 1916 2472 Ignotae
1941 2422 1999 2460 rei
2019 2421 2121 2459 mira
2139 2419 2348 2458 certitudo.

1485 2486 1588 2532 Quid
1599 2492 1674 2528 est,
1695 2485 1795 2533 quod
1812 2483 2002 2520 hominem
2022 2483 2158 2518 lassum
2167 2481 2256 2528 fieri
2271 2492 2345 2516 non
2362 2480 2484 2516 sinit?

1431 2543 1616 2583 Lucrum.

1636 2747 1696 2792 Ε]
1702 2744 1892 2793 USDEM
1926 2739 2279 2789 SENTENTIAE.

1485 2877 1672 2919 Mundus,
1700 2881 1757 2911 est
1774 2869 2018 2910 incessabilis
2043 2866 2238 2916 circulus,
2258 2872 2484 2903 cunctorum

1432 2937 1498 2976 via
1516 2944 1555 2974 et
1574 2933 1771 2973 transitus.

1486 2998 1621 3040 Mare,
1647 3000 1770 3030 mater
1789 3001 1977 3041 aquarum
1993 3016 2004 3035 ‚
2022 2995 2136 3025 terrae
2159 2982 2376 3035 amplexus.

1487 3057 1608 3099 Deus,
1645 3063 1754 3090 mens
1787 3047 2041 3093 immortalis,
2072 3039 2487 3094 incomprehensibilis

1435 3112 1652 3159 certitudo,
1675 3111 1802 3149 forma
1831 3104 2094 3146 omniformis.

1491 3175 1633 3212 Coelum
1647 3199 1658 3218 ,
1677 3169 1826 3221 sphaera
1844 3164 2032 3206 volubilis
2046 3194 2056 3211 ‚
2084 3173 2244 3214 campus
2264 3158 2486 3210 intelligen-

1435 3235 1498 3273 tiae
1511 3263 1521 3282 ,
1537 3233 1672 3271 hortus
1687 3227 1912 3268 aeternitatis
1923 3255 1934 3273 ,
1950 3225 2142 3263 theatrum
2159 3221 2279 3260 vitale
2294 3219 2485 3259 omnium.

1487 3294 1570 3341 Sol,
1595 3289 1732 3328 oculus
1756 3286 1840 3333 dei,
1870 3285 1961 3323 coeli
1980 3292 2017 3322 et
2037 3291 2187 3321 naturae
2206 3291 2366 3325 sensus,
2387 3285 2487 3316 tem—

1435 3360 1593 3405 perator
1610 3350 1781 3389 vitarum
1795 3375 1806 3394 ,
1826 3346 2013 3383 horarum
2042 3350 2207 3380 aeternus
2241 3336 2486 3377 distributor.

1488 3414 1614 3456 Luna,
1636 3407 1740 3447 Solis
1762 3403 1926 3451 famula,
1951 3401 2198 3441 tenebrarum
2224 3397 2390 3446 arbitra,
2426 3395 2488 3433 in-

1436 3472 1512 3510 dex
1530 3468 1842 3511 malefactorum,
1870 3463 2036 3502 directio
2057 3470 2217 3500 aestuum
2232 3487 2243 3506 ,
2273 3463 2488 3508 tempesta-

1436 3539 1516 3569 tum
1535 3538 1575 3570 et
1592 3535 1797 3567 ventorum
1814 3523 2022 3563 indicium.

1359 3609 1437 3643 516
