2612 3814
690 269 742 308 IN
775 267 1107 307 EMPEDOCLIS
1137 266 1428 306 CARMINUM
1449 265 1758 315 BELlQfflAS.

140 356 312 411 ψήοισμά
335 359 428 396 ἔστιν
455 355 657 404 ἄλάλησθαί
687 371 746 407 μιν
763 371 903 408 γιγνομ.
931 359 1082 393 παντοῖα
1103 353 1195 393 εἴδεα

142 422 195 456 θν.
217 417 274 456 διὰ
301 416 405 470 χρέος
427 420 652 454 necessitate
670 420 806 454 varias
825 417 1036 452 induentem
1057 423 1196 452 morta-

147 480 239 514 lium
254 475 423 524 formem.
454 474 590 526 Neque
614 482 743 513 tamen
763 475 819 513 sic
836 473 946 512 locus
969 481 1197 548 persanatus

143 536 310 574 videtur.
325 535 399 573 Be1
401 534 513 584 gkxus
530 532 699 585 conjecit
711 532 784 585 τρίς
798 548 856 584 μιν
875 531 1002 584 μυρίας
1018 525 1112 584 ωρας
1127 530 1198 570 ἀπὸ

147 594 320 648 μακάρων
354 594 573 642 ἀλάλησθαι,
605 591 785 645 γινόμενον
809 597 959 630 παντοῖα
984 590 1041 630 διὰ
1070 589 1196 643 χρόνου

147 653 242 692 εἴδεα
274 655 423 699 θνητῶν.
446 651 492 690 1η
516 665 593 703 qua
628 650 857 702 conjectura
884 651 982 688 nihil
1017 649 1199 700 displicet

143 719 286 764 praeter
304 710 484 762 γινόμενον
505 710 611 763 quod
629 711 730 762 epici
751 711 943 749 sermonis
957 708 1198 748 consuetudo

146 779 212 809 aut
231 770 273 809 in
289 769 493 823 γιγνόμενον
507 799 517 817 ,
544 770 870 822 quemadmodum
893 768 1198 807 Panzerbietero

145 829 318 882 placuit,
338 839 403 868 aut
423 829 464 867 in
484 828 704 880 γεινόμενον,
725 838 768 868 ut
781 842 852 879 ego
868 828 999 880 posui,
1022 827 1199 866 converti

146 889 332 941 postulat.
354 889 484 927 Possis
506 889 620 927 etiam
638 902 725 927 cum
744 888 893 926 Steinio
913 886 1083 940 φυόμενον
1103 887 1199 924 scri-

146 946 262 995 bere,
284 947 429 998 rejecta
448 947 656 999 Hippolyti
680 948 848 985 lectione
868 944 1058 998 φυομένους
1083 958 1198 996 quam

148 1006 274 1044 miror
292 1005 640 1047 -Schneidewinum
666 1006 890 1044 retinuisse.
916 1004 1050 1056 Neque
1070 1013 1199 1043 tamen

147 1078 222 1117 pro
245 1063 315 1103 ἀπὸ
336 1065 506 1117 μακάρων
533 1079 620 1107 cum
652 1064 921 1103 recentissimo
954 1063 1201 1115 Empedoclis

145 1123 302 1162 editore
330 1123 623 1163 rescribendum
648 1122 736 1161 ἀπαὶ
763 1123 935 1174 μακάρων
962 1131 1123 1174 propter
1143 1135 1199 1160 vs.

153 1186 230 1235 393
264 1184 302 1222 οὗ
330 1182 394 1234 μὲν
415 1182 503 1221 ἀπαὶ
525 1180 648 1221 νώτοιο
668 1180 727 1220 δύο
746 1181 868 1220 κλάδοι
899 1179 1104 1228 ἀΐσσονται,
1131 1180 1202 1219 ubi

151 1243 280 1282 variat
307 1242 515 1292 scriptura.
538 1265 590 1271 —
618 1241 683 1280 Vs.
708 1242 730 1279 8
754 1241 904 1291 integer
935 1249 1112 1279 servatus
1145 1250 1202 1279 est

145 1301 200 1340 ab
225 1301 456 1353 Hippolyto.
478 1324 525 1331 —
547 1300 634 1339 Vss.
663 1314 779 1351 9-10.
803 1300 918 1352 Apud
950 1300 1200 1338 Plutarchum

148 1361 292 1411 legitur
307 1359 369 1408 τὴν
390 1358 450 1398 καὶ
471 1359 539 1409 ἐγὼ
550 1363 607 1398 νῦν
623 1360 695 1410 εἰμι
713 1358 821 1412 φυγὰς
840 1358 954 1398 θεόθεν
975 1359 1035 1398 καὶ
1052 1358 1202 1407 ἀλήτης,

147 1435 234 1472 quae
251 1420 372 1459 verba
390 1420 673 1472 interpretibus
692 1421 847 1470 negotia
863 1420 1103 1459 facessivisse
1123 1434 1201 1458 non

150 1479 385 1518 mirandum.
404 1478 555 1517 Etenim
571 1478 734 1517 dubium
749 1487 807 1517 est
825 1492 903 1530 quo
917 1478 1109 1517 referatur
1121 1477 1201 1526 τὴν,

147 1537 255 1588 quod
274 1537 504 1577 Karstenius
524 1537 721 1576 intellecto
741 1537 817 1575 ὁδὸν
837 1538 898 1575 vel
916 1536 1054 1583 πλάνην
1080 1537 1205 1588 expli-

147 1597 232 1636 cari
250 1597 359 1644 vult,
387 1611 507 1648 quum
530 1597 615 1635 fieri
636 1597 784 1649 possit,
806 1605 849 1635 ut
866 1605 955 1635 ante
982 1596 1088 1634 hunc
1114 1609 1205 1634 ver-

151 1669 236 1694 sum
258 1669 358 1695 unus
379 1657 525 1694 alterve
545 1656 749 1695 exciderit.
773 1656 852 1694 Alii
871 1656 1010 1694 melius
1026 1668 1110 1694 esse
1130 1655 1205 1694 rati

150 1728 234 1765 quae
267 1724 479 1767 supersunt
513 1715 710 1765 corrigere
740 1729 856 1767 quam
883 1729 971 1766 quae
1003 1715 1207 1766 perierunt

150 1782 324 1825 spectare
340 1788 414 1826 pro
433 1774 495 1822 τὴν
511 1775 796 1826 rescripserunt
810 1775 870 1812 vel
888 1777 932 1826 τῇ
948 1774 1011 1812 vel
1032 1775 1100 1812 τῶν
1119 1772 1208 1812 sub·

149 1831 282 1870 audito
319 1832 503 1884 μακάρων.
528 1833 734 1871 Windetus
766 1833 808 1871 in
838 1832 972 1871 Crenii
1004 1833 1130 1872 fascic.
1155 1832 1206 1871 lv

146 1891 294 1941 Opusc.
310 1891 402 1931 hist.
418 1892 567 1959 acphil:
590 1906 627 1943 p.
648 1892 696 1930 85
715 1892 791 1942 legi
802 1893 970 1941 jusserat
982 1891 1044 1939 δὴν
1059 1892 1120 1930 καὶ
1135 1891 1206 1943 ἐγὼ

151 1952 210 1987 νῦν
226 1951 312 2001 εἶμι,
334 1951 439 2001 quod
455 1964 534 1989 non
554 1950 854 2003 improbabatur
870 1952 960 1989 Stu1
963 1965 1040 1991 zio
1067 1951 1205 1991 Philo-

149 2010 312 2061 ponusl.
329 2023 363 2047 c.
376 2009 557 2061 praebet‘
540 2025 586 2053 ως
603 2024 663 2048 και
678 2008 746 2061 ἐγὼ
762 2010 854 2063 δεῦρ’
870 2003 945 2061 ε’ἷμι
959 2010 1090 2062 quod'
1079 2025 1206 2062 ipsum

150 2060 228 2118 εἶμι
248 2067 429 2107 plotinus
454 2068 611 2108 videtur
650 2070 872 2120 repperisse
905 2070 933 2110 l.
966 2070 992 2110 l.
1031 2070 1165 2109 dicens
1195 2084 1204 2108 ε

152 2125 398 2178 Ἐμπεδοκλῆς
422 2126 548 2175 εἰπών,
586 2127 874 2181 ἇμαρτανούσαις
894 2128 998 2179 νόμον
1021 2132 1109 2167 εἶναι
1133 2135 1209 2174 ταῖς

148 2187 281 2239 ψυχαῖς
297 2191 417 2225 πεσεῖν
443 2188 612 2236 ἐνταῦθα,
636 2187 697 2226 καὶ
719 2188 820 2232 αὐτὸς
840 2187 950 2241 φυγὰς
970 2188 1084 2227 θεόθεν
1109 2190 1208 2238 γενό-

152 2260 251 2294 μενος
270 2261 293 2292 η
305 2260 421 2295 κειν,
449 2245 593 2290 πίσυνος
613 2247 815 2301 μαινομένῳ
832 2247 954 2289 νείκει.
981 2249 1127 2288 Verum
1150 2250 1208 2287 fa-

154 2305 230 2342 cile
249 2314 547 2356 permutantur
534 2300 607 2357 ’ἷμι
623 2316 660 2345 et
676 2307 772 2358 εἰμί;
790 2321 917 2359 neque
931 2308 1156 2361 Philopono
1173 2318 1210 2347 et

156 2362 314 2401 Plotino
337 2365 459 2415 magis
477 2365 674 2404 fidendum
693 2380 807 2417 quam
826 2367 1052 2407 Plutarcho.
1076 2368 1209 2407 Ascle—

157 2424 248 2474 pius
268 2424 396 2462 Schol.
424 2425 466 2462 in
499 2424 663 2463 Aristot.
684 2425 854 2477 Metaph.
893 2440 930 2478 p.
953 2428 1045 2477 629.
1077 2440 1111 2466 a.
1145 2427 1207 2465 ed.

154 2482 296 2522 Brand.
314 2483 447 2521 eadem
470 2483 592 2521 verba
605 2484 661 2522 sic
681 2485 800 2524 citat:

209 2565 273 2610 Ως
298 2583 358 2605 και
380 2567 448 2618 ἐγω
465 2569 558 2622 δευρ’
575 2570 650 2621 εἶμι
677 2587 720 2624 φυ
724 2572 787 2626 (ὰς
806 2571 920 2612 θεόθεν
940 2574 1000 2613 καὶ
1021 2574 1153 2623 ἀλήτης

209 2625 317 2665 νείκει
337 2627 511 2682 αἰθομένῳ
536 2645 573 2668 w.
566 2629 686 2675 ’ς.συνο

156 2715 345 2765 Bergkius
377 2715 482 2754 haud
511 2730 620 2756 secus
650 2728 766 2770 atque
793 2719 966 2771 Scaliger
993 2722 1211 2773 suspicatus

152 2783 214 2812 est
233 2783 387 2828 poetam
410 2776 615 2827 scripsisse
634 2779 703 2815 τῶν
730 2777 792 2816 καὶ
812 2779 881 2829 ἐγὼ
903 2782 963 2817 νῦν
987 2780 1074 2830 εἶμι,
1105 2781 1210 2831 quod

159 2847 264 2872 nunc
283 2835 400 2872 etiam
423 2835 662 2887 Hippolytus
676 2838 851 2887 agnoscit
867 2839 935 2889 qui
956 2847 1082 2877 tamen
1102 2840 1211 2877 omit-

158 2893 206 2930 tit
225 2897 297 2932 νῦν.
322 2893 418 2932 Mihi
438 2894 596 2933 videtur
615 2896 820 2946 legendum
838 2899 885 2942 ὡς
898 2896 958 2936 καὶ
979 2896 1120 2950 ἕγὼνῦν
1137 2900 1211 2948 εἶμι

160 2951 203 2989 in
223 2965 303 3003 quo
322 2952 569 3005 Philoponus
586 2964 623 2993 et
649 2956 853 3008 Asclepius
877 2958 1115 3009 conspirant.
1137 2957 1211 2995 Sed

158 3023 209 3048 ne
230 3011 319 3061 quis
338 3011 413 3050 hoc
434 3021 576 3052 temere
593 3015 676 3057 fieri
703 3024 811 3067 putet
824 3045 834 3063 ,
856 3017 1072 3068 praesertim
1092 3030 1210 3067 quum

157 3069 488 3110 Schneidewinus
520 3075 589 3110 τῶν
613 3074 729 3112 unice
747 3088 883 3114 verum
903 3075 1210 3123 existimaverit,

159 3128 279 3180 paulo
319 3131 537 3169 accuratius
565 3131 613 3170 de
646 3132 720 3171 hoc
742 3134 916 3183 genitivo
936 3135 1123 3174 dicamus.
1157 3135 1213 3172 Ac

161 3200 233 3238 per
247 3201 288 3226 se
307 3197 434 3240 patet,
454 3191 639 3240 quoniam
658 3208 727 3230 των
741 3193 943 3243 epicorum
965 3206 1075 3233 more
1093 3194 1135 3231 in
1150 3194 1213 3232 his

161 3246 432 3299 Empedocleis
463 3250 706 3291 carminibus
727 3261 802 3290 tam
823 3267 897 3304 pro
925 3253 1078 3300 τούτων,
1096 3266 1212 3304 quam

163 3319 236 3357 pro
251 3300 299 3344 ων
319 3319 398 3346 esse
420 3308 541 3358 solet,
558 3307 705 3348 bonum
731 3319 886 3362 poetam
905 3311 1133 3363 hujusmodi
1149 3325 1213 3362 ge-

160 3363 330 3402 nitivum
346 3378 427 3403 non
444 3367 574 3405 multis
594 3367 726 3407 verbis
744 3370 845 3407 inter
848 3370 985 3421 positis
1005 3370 1053 3408 ad
1071 3384 1213 3409 nomen

163 3422 324 3473 aliquod
348 3424 431 3463 sive
450 3425 595 3464 dictum
629 3427 714 3466 sive
738 3428 976 3467 intellectum
1001 3442 1215 3467 accommo-

160 3480 278 3529 dare,
299 3483 367 3521 sed
405 3483 508 3523 haud
534 3498 673 3536 magno
698 3487 906 3526 intervallo
941 3487 1212 3540 superioribus

269 3556 389 3581 pantos.
415 3558 512 3582 cuae.
536 3557 560 3583 ι.

2269 274 2312 306 ιτ
2371 246 2377 260 ”

1265 362 1492 402 annectere,
1529 353 1727 404 quomodo
1756 353 1958 404 AEschylus
1986 355 2076 392 facit
2109 355 2151 392 in
2180 354 2317 406 Suppl.

1262 427 1302 453 v.
1328 413 1403 450 353
1430 428 1438 450 ;

1314 505 1412 552 Μηδ’
1434 505 1469 549 ἐξ
1491 504 1654 544 ἀέλπτων
1679 504 1965 556 κάπρομηθήτων
1987 505 2086 544 πόλει

1312 570 1425 608 νεῖκος
1444 563 1611 616 γένηται·
1631 566 1700 602 τῶν
1715 563 1785 616 γὰρ
1804 565 1842 602 οὗ
1865 564 1974 602 δεῖται
1989 564 2101 607 πόλις.

1262 649 1527 696 Quamobrem
1548 649 1752 700 quaeritur,
1775 662 1854 700 quo
1888 651 2082 700 pertineat
2107 650 2191 687 τῶν.
2223 649 2316 688 Sive

1263 709 1385 759 igitur
1403 708 1580 746 eruditus
1606 708 1674 747 ille
1691 707 1756 745 vir
1779 707 1894 759 cujus
1915 708 2077 745 memini
2099 721 2186 746 cum
2203 707 2318 758 wyt-

1265 767 1472 806 tenbachio
1500 766 1730 805 subaudivit
1754 765 1942 820 μακάρων,
1978 767 2060 804 sive
2085 767 2190 818 quod
2216 767 2321 804 veri-

1263 827 1431 865 similius
1457 834 1512 864 est
1534 825 1582 863 ad
1615 824 1784 875 δαίμονας
1810 826 1980 873 rettulit,
2005 834 2185 864 neutrum
2215 839 2320 864 com-

1263 889 1376 927 mode
1397 888 1481 926 fieri
1503 901 1618 940 posse
1637 888 1774 938 liquet.
1791 886 1921 938 Friget
1932 888 2035 926 enim
2054 889 2121 925 τῶν
2140 887 2321 939 μακάρων,

1263 956 1305 985 ut
1320 946 1402 998 jam
1423 946 1602 985 Sturzius
1621 946 1722 984 vidit
1749 960 1789 997 p.
1815 952 1914 998 449,
1937 950 2030 997 quia
2050 945 2164 986 θεόθεν
2187 948 2321 999 sequi—

1265 1015 1350 1053 tui-3
1369 1005 1499 1044 τούτων
1514 1007 1584 1044 τῶν
1601 1005 1777 1055 δαιμόνων
1794 1015 1919 1044 autem
1942 1005 2186 1045 tolerabilius
2207 1006 2319 1054 soret,

1263 1065 1340 1103 nisi
1355 1065 1512 1114 longior
1526 1073 1626 1103 esset
1643 1064 2061 1116 sententiainterjecta.
2079 1066 2207 1111 Quum
2225 1079 2322 1104 vero

1263 1122 1376 1176 φυγὰς
1396 1123 1444 1161 ad
1464 1123 1602 1172 θεόθεν,
1628 1137 1705 1161 non
1729 1123 1776 1160 ad
1801 1126 1870 1161 τῶν
1901 1124 2002 1162 trahi
2025 1133 2223 1175 oporteat,
2257 1125 2324 1164 hic

1263 1184 1440 1221 exoritur
1460 1195 1596 1221 sensus
1614 1195 1693 1220 non
1715 1181 1925 1220 admodum
1943 1185 2173 1222 commodus
2194 1197 2202 1222 :
2224 1186 2322 1233 Quo-

1263 1256 1344 1279 rum
1368 1240 1559 1293 [horum]
1580 1250 1618 1278 et
1631 1254 1700 1291 ego
1722 1240 1953 1292 [geniorum
1972 1254 1992 1279 e
2013 1241 2141 1292 coetu]
2164 1248 2324 1282 extorris

1263 1314 1285 1337 e
1312 1303 1408 1337 coelo
1428 1314 1509 1336 sum
1530 1308 1567 1336 et
1586 1300 1838 1344 errabundus,
1864 1301 2074 1336 Discordia?
2082 1300 2236 1348 furenti
2249 1316 2322 1352 pa·

1264 1372 1364 1397 rens.
1386 1357 1438 1396 Ut
1458 1358 1581 1408 igitur
1599 1357 1699 1396 illud
1717 1359 1785 1395 τῶν
1802 1358 1970 1408 intelligi
1989 1372 2103 1411 posse
2118 1361 2290 1400 concedo
2312 1376 2319 1399 :

1265 1419 1319 1457 ita
1339 1418 1613 1470 Empedoclem
1636 1417 1693 1455 sic
1710 1417 1916 1469 scripsisse
1934 1418 1976 1456 in
1996 1419 2083 1469 ipso
2104 1420 2320 1459 carminum

1267 1478 1431 1516 exordio
1449 1491 1585 1530 parum
1609 1476 1817 1529 probabile
1831 1476 1969 1528 judico
1984 1508 1993 1526 ‚
2015 1479 2093 1516 nisi
2116 1479 2214 1518 forte
2233 1481 2322 1532 plu-

1265 1551 1328 1577 res
1353 1538 1471 1576 etiam
1504 1537 1735 1575 exciderunt
1755 1550 1903 1575 versus.
1924 1537 2054 1576 Sensit
2072 1539 2164 1585 hoc,
2184 1540 2226 1578 ni
2252 1540 2322 1578 fal-

1267 1598 1340 1644 lor,
1363 1597 1485 1635 Henr.
1508 1596 1680 1635 Steinius
1700 1597 1768 1648 qui
1798 1606 1888 1649 post
1913 1597 2088 1649 ἀργαλέας
2111 1598 2240 1651 βιότοιο
2260 1616 2324 1651 με·

1266 1655 1514 1696 ταλλάσσοντα
1545 1654 1729 1699 κελεύθους
1748 1656 1880 1707 posuit
1901 1665 2084 1706 quattuor
2105 1659 2324 1699 versiculos

1267 1729 1288 1755 e
1308 1716 1509 1755 Plutarchi
1527 1716 1632 1754 libro
1649 1716 1697 1754 de
1716 1716 1765 1754 Is.
1785 1724 1824 1753 et
1845 1716 1948 1754 Osir.
1973 1730 2012 1767 p.
2039 1717 2112 1754 361
2140 1716 2150 1769 (
2167 1731 2227 1757 vs.
2256 1720 2325 1756 32-

1271 1775 1319 1813 35
1341 1774 1692 1828 αἰθέριον-πάντες.
1711 1777 1782 1814 τῶν
1796 1774 1856 1813 καὶ
1871 1773 1939 1825 ἐγὼ
1959 1775 2062 1826 κτλ.)
2078 1775 2324 1828 depromtos;

1270 1836 1365 1875 satis
1385 1845 1497 1888 apte,
1518 1836 1552 1874 si
1585 1836 1674 1887 quis
1698 1836 1767 1873 τῶν
1791 1835 1892 1872 tueri
1918 1835 2026 1872 velit.
2059 1841 2106 1873 At
2143 1850 2263 1886 quum
2284 1838 2326 1875 in

1270 1905 1378 1934 tanto
1399 1895 1555 1934 testium
1569 1908 1734 1932 numero
1752 1894 1819 1945 qui
1841 1894 1915 1931 hoc
1934 1893 1982 1931 de
1999 1894 2203 1943 geniorum
2224 1896 2327 1934 exsi-

1271 1955 1327 1992 lio
1351 1963 1387 1993 et
1407 1955 1496 2006 ipso
1528 1953 1766 2006 Empedocle
1785 1952 1919 1991 exsule
1941 1962 2200 1991 commentum
2236 1954 2328 1993 illu-

1271 2023 1394 2053 strant
1426 2027 1542 2052 nemo
1563 2014 1637 2052 hos
1669 2022 1855 2065 quattuor
1884 2026 2023 2051 versus
2058 2014 2328 2064 superioribus

1270 2073 1515 2125 adjunxerit,
1539 2073 1659 2112 malui
1674 2073 1721 2111 ad
1741 2072 1954 2124 Philoponi
1972 2072 2177 2111 lectionem
2199 2073 2329 2113 redire

1274 2146 1391 2183 quam
1415 2132 1463 2171 de
1498 2131 1616 2170 rebus
1645 2132 1807 2170 incertis
1839 2144 1926 2168 meo
1953 2129 2119 2169 arbitrio
2144 2140 2326 2175 statuere..

1271 2191 1354 2229 Huc
1377 2190 1524 2229 accedit
1546 2190 1651 2242 quod
1672 2199 1856 2241 quattuor
1873 2190 1933 2227 illi
1954 2203 2091 2228 versus
2110 2190 2247 2228 inserti
2267 2191 2330 2229 in-

1270 2250 1444 2289 choatam
1460 2251 1791 2288 constructionem
1812 2248 1982 2295 turbant,
2001 2262 2086 2299 quae
2100 2251 2331 2300 praetermis-

1266 2309 1323 2347 sis
1346 2309 1428 2347 illis
1449 2309 1481 2347 si
1502 2323 1588 2348 cum
1611 2309 1834 2360 Philopono
1861 2310 1907 2350 ὥς
1928 2308 2032 2357 legas
2046 2337 2056 2354 ‚
2084 2308 2330 2358 aequabiliter

1270 2367 1454 2407 decurrit.
1483 2369 1674 2406 Caeterum
1710 2367 1843 2406 verbis
1879 2366 2150 2418 Empedocleis
2175 2368 2329 2407 Plutar-

1271 2427 1366 2466 chus
1390 2427 1594 2478 subjungit
1614 2442 1623 2465 :
1645 2426 1721 2475 Τὴν
1742 2426 1874 2478 γένεσιν
1897 2426 2102 2477 ἀποδημίαν
2125 2428 2328 2481 ὖποκορίζε-

1271 2501 1351 2533 ται,
1368 2488 1418 2539 τῷ
1441 2486 1630 2538 πρᾳοτάτῳ
1651 2488 1719 2524 τῶν
1740 2485 1920 2534 ὀνομάτων
1933 2501 1940 2509 ·
1957 2485 1998 2524 τὸ
2019 2485 2047 2523 δ’
2069 2486 2328 2540 ἀληθέστατον,

1273 2544 1391 2597 φεύγει
1413 2548 1455 2594 (ἡ
1471 2544 1588 2598 ψυχὴ)
1613 2544 1674 2584 καὶ
1691 2546 1871 2584 πλανᾶται
1888 2544 1990 2589 θείοις
2018 2545 2234 2598 ἐλαυνομένη
2255 2547 2331 2601 δόγ-

1274 2619 1361 2654 μασι
1382 2604 1443 2643 καὶ
1463 2603 1595 2656 νόμοις.
1883 2601 1885 2603 ’

1325 2662 1410 2702 Vss.
1454 2678 1468 2700 1
1483 2678 1583 2702 1-12.
1632 2664 1812 2702 Afferunt
1858 2664 1931 2702 hos
1977 2678 2116 2703 versus
2155 2665 2331 2706 Clemens

1273 2722 1563 2761 Alexandrinus
1584 2722 1729 2762 Strom.
1748 2723 1802 2761 Vl
1823 2737 1862 2775 p.
1885 2725 1960 2772 627
1982 2724 2042 2772 D;
2071 2724 2332 2765 Philostratus

1273 2782 1403 2833 Apoll.
1435 2782 1507 2822 vit.
1548 2782 1581 2830 l,
1627 2797 1664 2831 1,
1690 2796 1730 2835 p.
1769 2797 1814 2832 23
1849 2783 2058 2822 Athenaeus
2089 2784 2210 2836 Dipn.
2240 2786 2331 2824 VIII

1274 2855 1315 2893 p.
1337 2842 1412 2879 365
1434 2841 1486 2890 E3
1510 2842 1702 2892 Diogenes
1718 2841 1896 2881 Laertius
1914 2841 2004 2880 VIII
2026 2856 2058 2881 s.
2081 2858 2155 2891 773
2175 2843 2332 2883 Themi-

1274 2901 1372 2939 stius
1393 2901 1436 2939 in
1458 2901 1576 2941 Arist.
1601 2901 1649 2940 de
1671 2902 1742 2940 An.
1763 2901 1796 2948 l,
1823 2901 1848 2941 f.
1873 2916 1922 2950 72
1943 2902 1994 2950 133
2014 2902 2263 2955 Philoponus
2284 2905 2332 2944 de

1275 2960 1349 2997 An.
1379 2959 1412 3010 Ι,
1447 2960 1504 2998 lit.
1534 2961 1568 2998 D
1599 2974 1638 3012 p.
1667 2962 1736 3009 163
1767 2961 2077 3013 Olympiodorus
2108 2962 2149 3000 in
2173 2962 2329 3002 Platon.

1273 3018 1407 3056 Phaed.
1428 3033 1464 3066 c,
1488 3019 1533 3057 15
1557 3019 1623 3059 cit.
1644 3019 1812 3058 Fischer.
1834 3034 1874 3072 p.
1893 3020 1969 3071 295
1986 3035 1996 3068 ;
2014 3020 2188 3072 Cyrillus
2209 3036 2240 3059 c.
2261 3021 2331 3060 Ju-

1275 3078 1366 3117 lian.
1381 3078 1452 3116 vll
1467 3092 1506 3131 p.
1527 3080 1602 3124 243
1622 3079 1677 3127 1);
1696 3079 1885 3129 Origenes
1903 3079 2056 3120 Philos.
2073 3080 2152 3129 1113
2172 3080 2328 3120 Anthol.

1274 3136 1552 3176 Graec.Bosch.
1564 3146 1592 3176 t.
1608 3153 1621 3176 1
1636 3152 1676 3190 p.
1691 3139 1767 3177 338
1781 3153 1792 3187 ;
1804 3138 1973 3177 Eustath.
1985 3140 2026 3177 in
2038 3139 2112 3178 Od.
2125 3140 2180 3178 lib
2206 3139 2331 3178 XVIII

1274 3209 1314 3247 p.
1348 3197 1463 3244 1838,
1498 3197 1572 3246 523
1610 3197 1752 3236 Suidas
1782 3198 1823 3236 in
1855 3211 1894 3237 v.
1919 3196 2099 3249 Ἐμπεδ.;
2133 3199 2332 3238 Cedrenus

1275 3254 1422 3294 Chron.
1442 3264 1472 3294 t.
1508 3270 1521 3294 1
1559 3270 1600 3308 p.
1631 3257 1703 3304 157
1733 3256 1842 3305 Par.;
1866 3257 2054 3296 Arsenius
2076 3258 2115 3295 in
2138 3258 2328 3296 Violario.

1276 3313 1412 3353 Latine
1438 3314 1613 3354 redditos
1629 3316 1723 3354 citat
1742 3315 1969 3355 Chalcidius
1986 3317 2027 3354 in
2050 3316 2156 3355 Tim.
2178 3331 2215 3369 p.
2235 3318 2326 3355 286.

1274 3373 1409 3412 Prima
1427 3373 1550 3412 verba
1583 3375 1688 3426 apud
1723 3375 1934 3425 Origenem
1961 3376 2003 3414 in
2034 3376 2139 3414 hunc
2168 3376 2327 3414 modum

1275 3431 1501 3471 scribuntur
1525 3447 1533 3470 ε
1555 3431 1634 3480 ἤτοι
1652 3432 1715 3483 μὲν
1736 3431 1804 3486 γὰρ
1830 3431 1966 3484 ἐγὼ“-,
1985 3436 2088 3486 apud
2109 3435 2327 3473 Cedrenum

1277 3504 1371 3529 vero
1397 3505 1405 3531 ε
1429 3491 1506 3538 ἤτοι
1540 3490 1603 3543 μὲν
1635 3494 1761 3545 πρῶτα
1797 3495 1918 3545 κοῦρος
1954 3492 2122 3544 ἐγενόμην
2159 3492 2245 3545 κόρη
2275 3508 2328 3533 τε.

2192 3563 2210 3589 2
