2612 3814
216 2897 394 2937 minibus
413 2896 611 2949 imperitis
630 2897 856 2947 quaerenda.

220 3253 311 3300 scit,
331 3265 402 3291 cur
426 3251 550 3290 sileat.

221 3548 301 3587 viri
320 3547 524 3600 sapientis.

697 397 1016 461 {Et-:Tor
1066 395 1232 459 Tor
1283 393 1890 459 ΠΥΘΑΓΟΡΕΙΟΥ

936 499 940 504 ⁴
1147 554 1448 607 ΓΝΩΜΑῘ.

1224 708 1380 715 -.-——

861 830 1104 915 SEXTI
1159 849 1695 911 PYTHAGOREI

1111 1000 1493 1052 SENTENTIAE.

1114 1155 1496 1176 ψ-

225 1329 236 1340 .
285 1298 380 1340 Οὔτε
404 1299 438 1337 ἐν
461 1297 580 1351 ἰχθύσι
609 1296 749 1351 φωνήν,
779 1296 859 1335 οὔτε
880 1296 914 1334 ἐν
945 1294 1167 1339 ἀπαιδεύτοις
1187 1295 1269 1348 ἀρε·
1332 1309 1364 1334 a.

288 1358 352 1407 τὴν
371 1359 422 1398 δεῖ
439 1359 628 1406 ἐπιζητεῖν.

344 1420 508 1469 (Anton.
541 1427 578 1457 et
611 1417 775 1456 Maxim.
797 1418 920 1455 Serm.
955 1415 1038 1468 περὶ
1072 1413 1271 1468 ἀφροσύνης

288 1492 324 1530 p.
358 1492 432 1528 109
450 1477 509 1516 ed.
529 1477 571 1518 C.
588 1476 794 1526 Gesneri.)

210 1553 241 1581 ι’.
291 1538 337 1579 Ὁ
358 1536 539 1577 &nemaeo-2
575 1537 675 1592 φίλον
698 1537 748 1588 μὴ
777 1534 1026 1587 εὖδοκιμείτω,
1062 1533 1131 1573 κᾶν
1155 1536 1271 1583 ἀληθῆ
1332 1546 1364 1573 9.

290 1598 393 1651 λέγῃ.

353 1658 524 1711 (Anton.
561 1657 685 1696 Serm.
726 1656 807 1709 περὶ
824 1651 956 1709 ’ψόγου
1004 1653 1065 1694 καὶ
1107 1654 1273 1701 διαὸολῆς

288 1734 330 1772 p.
353 1719 444 1769 259·
462 1718 476 1770 )

230 1818 238 1826 .
291 1784 354 1831 Μὴ
386 1782 558 1835 ὀνειδίσῃς
576 1783 627 1835 τῷ
662 1780 753 1835 φίλῳ
776 1795 839 1819 σου
859 1778 1028 1832 χάριτας·
1051 1776 1114 1830 ἔσῃ
1137 1776 1207 1831 γὰρ
1227 1779 1273 1820 ὡς

289 1845 327 1883 οὗ
346 1839 520 1885 δεδωκώς.

346 1907 518 1958 (Αῃῐοη.
540 1904 669 1945 Serm.
691 1904 771 1957 περὶ
792 1902 994 1956 εὔεργεσίας
1018 1916 1107 1956 pag.
1147 1902 1269 1955 278.)
1319 1917 1323 1921 ’

1340 1786 1386 1811 10.

233 2005 242 2014 .
293 1973 408 2026 Σοφὺς
431 1969 519 2024 ἀνὴρ
542 1969 604 2009 καὶ
638 1971 746 2021 σιγῶν
766 1968 826 2008 τὸν
847 1969 922 2008 θεὸν
942 1974 1058 2022 τιμᾷ,
1081 1966 1180 2012 εἰδὼς
1211 1967 1273 2006 καὶ
1338 1964 1383 1989 ¹¹⁴

297 2032 354 2071 διὰ
370 2030 402 2070 τί
423 2036 520 2084 σιγᾷ.

348 2098 514 2148 (Anton.
559 2103 596 2134 et
641 2094 801 2136 Maxim.
834 2095 960 2133 Serm.
1007 2091 1090 2146 περὶ
1137 2095 1274 2139 σιωπῆς

293 2155 524 2210 pag.388.)

231 2254 241 2264 .
289 2222 404 2262 Φίλον
427 2220 530 2259 ἕνεκα
550 2218 672 2272 χρείας
691 2217 740 2269 μὴ
762 2216 886 2270 ἀγάπα
899 2233 908 2243 ·
929 2220 952 2266 ἡ
972 2217 1041 2271 γὰρ
1060 2216 1205 2265 τοιαύτη
1223 2233 1276 2272 φι-

293 2281 352 2333 λία
373 2279 582 2333 πρόσκαιρος
598 2278 660 2318 καὶ
686 2276 866 2322 ἇὸέὸαιος.

351 2347 508 2398 (Anton.
526 2354 562 2383 et
578 2345 739 2385 Maxim.
757 2344 881 2383 Serm.
903 2343 984 2397 περὶ
1005 2343 1115 2398 φίλων
1132 2343 1193 2383 καὶ
1215 2359 1271 2397 φι-

291 2406 370 2451 λίας
386 2420 427 2459 p.
454 2406 567 2456 7²1·)
618 2456 633 2462 Α

233 2502 241 2510 .
292 2470 356 2519 Μὴ
375 2469 499 2518 κτήσει
519 2468 640 2524 φίλον,
664 2462 694 2522 ᾧ
724 2468 775 2520 μὴ
795 2468 915 2508 πάντα
934 2469 1125 2514 πιστεύεις.

347 2536 516 2587 (Anton.
547 2543 585 2572 et
610 2534 770 2574 Maxim.
801 2535 827 2572 l.
850 2535 913 2586 c.)

235 2632 243 2640 .
292 2599 443 2652 [Πενίαν
464 2597 580 2653 φέρειν
598 2601 637 2638 οὗ
655 2597 787 2644 παντός
800 2628 810 2646 ,
831 2600 910 2637 ἀλλ’
940 2597 1061 2651 ἀνδρὸς
1080 2598 1222 2651 σοφοῦ]

352 2664 570 2717 (Antonius
621 2665 768 2704 Meliss.
821 2665 946 2713 Serm.
981 2665 1064 2718 περὶ
1119 2666 1274 2717 πτωχῶν

294 2738 384 2777 pag.
407 2723 527 2777 706.)

1340 2200 1372 2226 12

1342 2381 1388 2408 13.

1343 2558 1391 2586 1⁴.

275 2853 307 2877 1.
327 2837 463 2890 Neque
478 2851 558 2876 vox
573 2838 615 2876 in
635 2837 814 2889 piscibus
828 2868 839 2886 ‚
855 2852 984 2890 neque
998 2840 1126 2878 virtus
1146 2839 1188 2878 in
1204 2839 1276 2878 ho·

1418 1293 1619 1348 Ἐμψύχων
1640 1297 1767 1348 χρῆσις
1782 1292 1845 1346 μὲν
1863 1292 2070 1347 ἀδιάφορον,
2093 1291 2214 1347 ἀποχὴ
2240 1293 2276 1333 δὲ
2294 1295 2398 1347 λογι-

1416 1353 1582 1408 κώτερον.

1470 1413 1675 1467 (Origenes
1696 1422 1832 1453 contra
1845 1413 1944 1452 Cels.
1966 1413 2040 1454 lib.
2062 1413 2154 1452 VIII
2172 1428 2214 1467 p.
2236 1415 2310 1466 397
2334 1416 2385 1454 ed

1414 1472 1643 1524 Cantabrig.
1660 1473 1672 1524 )

1416 1531 1677 1584 Ἁμαρτήματα
1705 1533 1880 1584 γυναικῶν
1895 1563 1906 1580 ,
1926 1533 2061 1585 ἀνδρῶν
2081 1532 2312 1572 ἀπαιδευσία.

1469 1591 1663 1643 (Joannes
1680 1593 1945 1631 Damascenus
1962 1592 2005 1631 in
2022 1592 2128 1632 Sacr.
2145 1592 2293 1634 Pan-all.
2311 1593 2394 1636 Tit.

1416 1651 1469 1689 Xl
1488 1650 1569 1705 περὶ
1583 1653 1761 1704 γυναικῶν
1780 1655 1946 1705 πονηρῶν
1961 1665 2052 1704 pag.
2073 1658 2118 1698 [μ
2130 1667 2145 1690 1
2166 1661 2262 1693 tom.
2282 1652 2319 1693 11
2332 1653 2397 1693 ed.

1415 1711 1604 1763 Lequien.
1623 1712 1634 1763 )

1418 1770 1539 1811 Θυσία
1556 1772 1607 1825 τῷ
1628 1772 1718 1824 θεῷ,
1736 1771 1862 1822 γνώμη
1884 1771 2018 1824 ἀγαθή.

1474 1830 1604 1882 (Idem
1631 1830 1713 1870 Tit.
1742 1830 1796 1868 lx
1815 1830 1898 1884 περὶ
1929 1830 2168 1884 προαιρέσεως
2197 1830 2258 1870 καὶ
2282 1829 2401 1870 διαθέ-

1417 1905 1504 1934 σεως
1525 1903 1565 1942 p.
1586 1890 1706 1940 640.)

1417 1951 1496 1988 Οὐκ
1521 1949 1595 1988 ἔστι
1623 1948 1718 1988 κατὰ
1748 1948 1824 1988 θεὸν
1852 1950 1916 2002 ζῇν
1942 1948 2024 1988 ἄνευ
2047 1952 2110 1988 τοῦ
2132 1948 2321 2003 σωφρόνως
2340 1948 2402 1988 καὶ

1423 2008 1565 2053 δικαίως
1583 2007 1703 2047 ποίντα
1717 2008 1902 2062 πράττειν.

1473 2068 1598 2166 (ἐξεφ
1633 2068 1715 2109 Tit.
1754 2068 1862 2107 XVII
1914 2067 1996 2122 περὶ
2043 2057 2224 2113 πολιτείας
2269 2071 2401 2120 σεμνῆς

1420 2141 1460 2179 p.
1480 2151 1504 2166 υ
1535 2129 1603 2178 6.)

1377 2217 1385 2226 .
1418 2186 1505 2226 Ἐπὶ
1528 2186 1669 2238 γυναικὶ
1689 2192 1830 2239 πονηρᾷ
1858 2186 1967 2225 καλὸν
1989 2186 2156 2240 σφραγίς.

1474 2246 1642 2296 (Anton.
1663 2245 1810 2284 Meliss.
1841 2245 1964 2284 Serm.
1987 2245 2069 2298 περὶ
2085 2247 2262 2298 γυναικῶν
2291 2261 2402 2294 πονη·

1422 2309 1491 2360 ρῶν
1509 2319 1596 2358 pag.
1616 2306 1709 2344 608.
1726 2304 1738 2358 )

1420 2364 1515 2412 Γυνὴ
1531 2364 1778 2418 μεγαλόφωνος
1794 2365 1854 2404 καὶ
1871 2364 2086 2417 γλωσσώδης
2100 2365 2223 2420 ὥσπερ
2246 2364 2402 2420 σάλπιγξ

1420 2425 1600 2476 πολεμίων
1621 2425 1669 2468 εἷς
1693 2424 1826 2477 τροπὴν
1856 2425 2130 2479 θεωρηθήσετοιι.

1476 2487 1632 2536 (Anton.
1649 2483 1741 2524 Mel.
1770 2483 1900 2522 Serm.
1923 2483 2004 2536 περὶ
2023 2500 2100 2536 γυν.
2128 2500 2210 2524 πον.
2232 2499 2273 2537 p.
2296 2484 2401 2539 608.)

1424 2544 1552 2590 Σέξτος
1573 2548 1645 2597 πῦρ
1665 2539 1810 2591 ἀίδηλον
1837 2543 2039 2583 ἀποδέδωκε
2058 2544 2098 2583 τὸ
2118 2543 2152 2589 ἐξ
2173 2544 2306 2592 ἀδήλου
2336 2545 2403 2596 ἐμ-

1422 2620 1543 2644 πεσον.

1479 2664 1642 2715 (Sextus
1663 2663 1766 2716 apud
1785 2663 2054 2715 Porphyrium
2076 2663 2221 2710 Quaest.
2241 2667 2400 2704 Homer.

1424 2725 1496 2772 263
1519 2724 1570 2762 cf.
1593 2723 1707 2764 Iliad.
1725 2723 1778 2762 Xl
1796 2752 1806 2771 ,
1833 2723 1952 2774 155.)

1399 2839 1437 2876 8.
1468 2841 1568 2876 Esus
1589 2837 1847 2876 animantium
1870 2847 1927 2876 est
1958 2837 2117 2888 quidem
2146 2835 2400 2887 indifferens3
2461 2847 2465 2849 ⁴

1343 2895 1583 2947 abstinentia
1602 2905 1730 2935 tamen
1758 2910 1894 2935 eorum
1922 2896 2068 2935 rationi
2089 2897 2213 2946 magis
2231 2909 2401 2935 consen-

273 2957 320 2997 α.
338 2955 564 2994 criminans
584 2955 752 2993 amicum
771 2969 820 2994 ne
841 2956 1098 3009 approbetur,
1125 2957 1278 2996 etiamsi
1340 2965 1453 2995 tanea
1471 2957 1643 2995 videtur.

218 3028 315 3054 vera
333 3014 453 3053 dicat.

275 3076 311 3114 3.
325 3073 381 3112 Ne
400 3072 618 3126 exprobres
634 3072 762 3111 amico
786 3082 854 3112 tuo
867 3073 1062 3114 beneficia
1084 3087 1095 3114 z
1112 3074 1276 3114 videbe·

219 3134 274 3173 ris
291 3133 396 3173 enim
418 3147 498 3172 non
516 3132 686 3174 dedisse.

276 3198 313 3238 l..
330 3191 402 3231 vir
421 3192 580 3244 sapiens
599 3200 636 3230 et
653 3192 775 3232 silens
793 3192 907 3232 deum
931 3194 1026 3232 colit
1046 3207 1280 3247 causamque

276 3312 316 3352 5.
337 3312 516 3350 Amicum
546 3324 596 3350 ne
625 3310 767 3362 diligas
787 3312 969 3351 utilitatis
1003 3313 1129 3363 gratia
1153 3327 1161 3351 :
1190 3327 1279 3352 nam

222 3371 311 3411 talis
328 3370 503 3410 amicitia
519 3369 656 3408 brevis
673 3379 711 3408 et
732 3370 932 3410 instabilis
951 3379 1024 3411 est.

277 3432 317 3470 6.
343 3429 522 3468 Amicum
546 3442 594 3468 ne
613 3438 770 3481 parato,
792 3430 855 3469 cui
876 3443 955 3468 non
982 3430 1115 3469 onmia
1135 3429 1282 3470 credas.

279 3504 316 3537 7.
346 3488 619 3541 Paupertatem
653 3488 755 3528 ferre
782 3502 862 3528 non
893 3489 1070 3541 cujusvis
1102 3499 1185 3537 est,
1214 3490 1281 3529 sed

1257 3628 1335 3661 522

1396 3030 1433 3067 9.
1450 3016 1615 3055 Peccata
1642 3015 1851 3054 mulierum
1884 3014 2085 3067 imperitia
2115 3015 2295 3054 virorum
2319 3015 2397 3054 ad-

1341 3075 1564 3116 mittuntur.

1400 3149 1459 3174 10.
1475 3135 1644 3174 Victima
1663 3134 1737 3173 deo
1761 3131 1921 3187 (grata)
1940 3142 1998 3172 est
2015 3133 2120 3172 bona
2140 3147 2263 3174 mens.

1402 3209 1417 3233 1
1430 3209 1462 3233 ι.
1481 3194 1587 3234 Fieri
1605 3208 1683 3233 non
1700 3201 1851 3246 potest,
1875 3201 1917 3231 ut
1938 3194 2027 3244 quis
2048 3193 2261 3232 secundum
2283 3194 2399 3234 deum

1343 3254 1454 3292 vivat
1472 3285 1481 3304 ‚
1505 3254 1583 3292 nisi
1604 3253 1802 3305 sapienter
1822 3260 1860 3290 et
1875 3251 1980 3303 juste
2000 3261 2139 3291 cuncta
2160 3253 2288 3292 faciat.

1402 3327 1464 3352 12.
1485 3313 1530 3352 In
1552 3307 1717 3352 muliere
1737 3311 1923 3364 improba
1950 3311 2098 3350 bonum
2125 3321 2184 3351 est
2206 3313 2398 3364 sigillum.

1403 3374 1464 3413 13.
1493 3373 1638 3412 Mulier
1667 3373 1838 3411 clamosa
1874 3379 1912 3409 et
1940 3371 2137 3422 lingulaca
2163 3372 2275 3422 quasi
2307 3372 2401 3412 tuba

1347 3431 1518 3471 hostium
1541 3432 1584 3470 in
1609 3431 1738 3483 sugam
1769 3443 1842 3469 nos
1865 3430 2152 3481 impellentium
2174 3430 2398 3472 habebitur.

1403 3496 1462 3536 14.
1483 3491 1622 3530 Sextus
1654 3495 1783 3540 ignem
1802 3491 1956 3527 edacem
1978 3503 2026 3528 ex
2046 3490 2198 3528 incerto
2224 3490 2313 3528 loco
2338 3490 2401 3529 in-

1345 3558 1546 3600 gruentem
1565 3550 1763 3603 exposuit.
