2612 3814
305 302 381 336 428

301 383 402 435 τιμή.
425 383 472 424 ‘H
499 382 535 422 δὲ
560 386 630 423 τῶν
651 384 860 437 ἀγχιστέων,
882 382 1026 434 δευτέρα
1047 386 1123 434 μετ’
1147 383 1282 431 ἐκείνην
1303 399 1359 422 τε·

301 442 460 496 ταγμένη
475 472 484 490 ,
498 443 584 497 πρὸς
599 443 662 492 τὴν
677 448 739 492 τῆς
757 446 890 499 φύσεως
906 444 1080 497 ἐγγύτητα
1095 444 1362 498 παραμετρήσει

301 504 364 551 τὴν
387 503 589 558 θεραπείαν,
602 508 766 543 τοσοῦτον
786 508 846 552 τῆς
862 504 952 556 μετὰ
965 504 1086 555 γονέας
1103 506 1207 554 τιμῆς
1224 503 1362 555 ἑκοίστῳ

300 565 370 602 τῶν
391 565 567 614 συγγενῶν
586 563 760 614 νέμουσα,
778 564 858 603 ὅσον
879 565 919 602 ἂν
936 567 958 611 ἡ
979 563 1065 617 πρὸς
1085 563 1234 607 ἐκείνους
1256 564 1361 614 ἐγγύ-

301 639 362 670 της
382 621 576 676 ὑποφαίνῃ·
598 623 702 670 δῆλον
721 624 757 661 δὲ
773 623 825 662 ὅτι
844 623 903 662 καὶ
921 623 979 661 ἐπὶ
1000 621 1133 662 τούτων
1153 625 1214 670 τῆς
1236 624 1361 675 ἀρετῆς

303 681 497 722 ἀδεσπότου
518 681 699 731 μενούσης.

763 786 830 826 Vl.
862 793 900 826 5.

385 882 456 913 Τῶν
473 880 500 912 δ’
513 879 614 911 ἄλλων
627 878 719 920 ἀρετῇ
733 881 822 910 ποιεῦ
838 875 937 918 φίλον,
955 877 1039 915 ὅστις
1056 878 1192 921 ἄριστος.

356 969 459 1009 Μετὰ
484 968 546 1015 τὴν
567 968 710 1021 πρώτην
738 966 845 1019 τιμὴν
873 970 936 1015 τῆς
965 968 1038 1007 ἄνω
1067 970 1270 1022 συγγενείας
1300 972 1362 1011 καὶ

302 1028 477 1079 ἑπομένην
509 1028 624 1080 ἐκείνῃ
654 1027 717 1075 τὴν
740 1027 820 1078 περὶ
852 1027 973 1077 γονέας
992 1027 1053 1066 καὶ
1082 1036 1257 1081 συγγενεῖς
1278 1032 1360 1070 ἀκο-

301 1087 430 1131 λούθως
451 1089 468 1124 ὁ
489 1087 667 1140 φιλοποιὸς
698 1086 933 1140 παραδίδοται
966 1085 1070 1137 νόμος
1085 1117 1096 1136 ,
1126 1090 1196 1127 τῶν
1217 1088 1282 1134 ἔξω
1301 1093 1362 1129 τοῦ

301 1145 419 1197 γένους
434 1145 494 1184 τὸν
515 1145 656 1199 ἄριστον
677 1146 725 1189 εἷς
742 1145 859 1200 φιλίαν
888 1145 1092 1198 ἐκλέγεσθαι
1111 1147 1171 1186 καὶ
1191 1148 1277 1201 πρὸς
1298 1148 1362 1198 τὴν

302 1207 369 1244 τῶν
392 1207 525 1259 ἀρετῶν
541 1204 722 1244 κοινωνίαν
745 1207 840 1258 αὐτῷ
860 1205 1096 1246 συνάπτεσθαι
1115 1207 1283 1258 κελεύων,
1304 1208 1361 1248 ἵνα

299 1264 358 1304 τὸν
380 1264 508 1318 ἀγαθὸν
530 1264 638 1317 ἄνδρα
661 1263 706 1303 δι’
724 1263 856 1316 ἀγαθὴν
877 1264 991 1303 αἰτίαν
1009 1265 1148 1318 ἔχωμεν
1171 1267 1286 1321 φίλον,
1301 1268 1362 1307 καὶ

301 1322 351 1374 μὴ
368 1322 447 1362 κατ’
465 1323 574 1367 ἄλλας
593 1322 714 1376 χρείας
733 1323 837 1362 αὐτὸν
855 1323 1064 1374 οἷκειώμεθα
1078 1353 1089 1373 ,
1108 1325 1193 1364 ὥστ’
1211 1326 1360 1366 ἐοικέναι

300 1381 340 1422 τὸ
359 1382 597 1436 παράγγελμα
623 1385 726 1420 τοῦτο
753 1385 796 1434 τῇ
815 1382 896 1436 περὶ
916 1385 984 1421 τῶν
1008 1384 1284 1437 μετηλλαχότων
1303 1386 1362 1425 τὸν

302 1440 376 1492 βίον
411 1442 609 1481 σπουδαίων
641 1442 775 1494 ἀνδρῶν
808 1442 980 1494 ὑποθήκῃ.
1007 1442 1068 1487 Ὡς
1098 1443 1166 1495 γὰρ
1195 1445 1267 1484 ἐκεῖ
1285 1445 1362 1490 τοὺς

302 1500 541 1553 ἐπιστήμονας
570 1500 693 1552 μόνους
719 1503 788 1539 τῶν
815 1500 1008 1553 ἀνθρώπων
1027 1501 1125 1553 ἔλεγε
1150 1503 1219 1542 δεῖν
1242 1510 1361 1555 τιμᾶν·

301 1558 409 1604 οὕτως
442 1562 590 1599 ἐνταῦθα
622 1559 700 1604 τοὺς
735 1559 882 1612 ἀγαθοὺς
913 1562 1168 1613 φιλοποιεῖσθαι
1197 1566 1364 1616 παραινεῖ

302 1618 427 1669 μόνους
439 1652 453 1670 ,
476 1619 587 1664 διδοὺς
610 1620 667 1659 ἐπὶ
688 1619 752 1670 μὲν
769 1622 837 1658 τῶν
854 1620 971 1659 ἄλλων
991 1622 1154 1674 ἐκλογήν,
1174 1624 1231 1662 ε’πὶ
1248 1624 1284 1664 δὲ
1301 1641 1362 1677 γο-

300 1677 385 1717 νέων
407 1679 468 1718 καὶ
488 1682 662 1731 συγγενῶν
692 1679 902 1731 ἀρκούμενος
932 1683 975 1732 τῇ
1004 1680 1119 1733 φύσει.
1142 1681 1278 1728 Ἄπλῶς
1293 1685 1361 1738 γὰρ

298 1736 339 1776 τὸ
359 1737 548 1791 πρόσωπον
571 1741 631 1776 τοῦ
657 1738 788 1790 πατρὸς
807 1738 867 1777 καὶ
899 1743 960 1778 τοῦ
992 1742 1142 1794 ἀδελφοῦ
1163 1745 1360 1796 συνεισάγει

1026 294 1299 335 HIEROCLIS
1332 295 1751 339 COMMENTARIUS

1424 383 1488 431 τὴν
1505 383 1626 436 τιμήν,
1650 386 1708 424 ἐπὶ
1730 386 1766 426 δὲ
1787 390 1857 427 τῶν
1877 389 1993 430 ἄλλων
2015 394 2036 438 ἡ
2057 391 2164 445 ἀρετὴ
2184 398 2276 434 ποιεῖ
2295 395 2335 434 τὸ
2354 396 2486 448 τίμιον,

1424 442 1545 496 ὥσπερ
1569 443 1631 482 καὶ
1654 444 1713 483 ἐπὶ
1745 448 1814 485 τῶν
1847 449 1888 487 ἐκ
1908 453 1970 488 τοῦ
2000 450 2075 503 βίου
2102 452 2337 495 ἀπελθόντων.
2361 457 2396 496 '1'
2397 454 2420 494 ὰ
2451 456 2487 496 δὲ

1424 501 1492 553 πρὸ
1512 500 1644 540 τούτων
1661 503 1739 542 κατ’
1756 505 1865 553 αὐτὴν
1883 506 1946 555 τὴν
1965 508 2067 561 φύσιν
2089 511 2162 550 ἐστὶ
2181 512 2305 563 τίμια,
2327 514 2401 554 ἐκεῖ
2423 514 2488 567 μὲν

1426 560 1495 599 θεοὶ
1516 561 1577 600 καὶ
1600 561 1730 614 ἥρωες,
1752 564 1901 604 ἐνταῦθα
1923 567 1957 606 δὲ
1977 569 2128 623 πατέρες
2157 572 2216 610 καὶ
2237 575 2434 625 συγγενεῖς,
2450 575 2487 614 ἰν

1424 623 1534 673 θνητῇ
1563 620 1666 673 φύσει
1695 625 1758 671 τῆς
1793 625 1968 666 ἀθανάτου
2006 629 2204 679 συγγενείας
2238 634 2324 680 ἡμῖν
2352 631 2487 679 εἰκόνας

1423 679 1675 732 προτείνοντες.
1697 681 1857 731 Τοιαύτη
1876 684 1940 735 μὲν
1956 688 1979 734 ἡ
1998 686 2121 740 πρώτη
2139 688 2229 742 θήρα
2245 690 2306 729 καὶ
2322 693 2345 738 ἡ
2363 693 2488 740 κτῆσις

1424 742 1482 777 τοῦ
1504 738 1619 793 φίλου.
1641 739 1702 784 Τίς
1722 739 1757 779 δὲ
1779 744 1801 789 ἦ
1822 742 1969 795 τήρησις
2004 747 2112 785 αὐτοῦ
2133 750 2156 794 ἡ
2185 748 2272 802 πρὸς
2302 750 2486 790 κοινωνίαν

1424 801 1494 837 τῶν
1527 800 1668 850 ἀγαθῶν
1703 803 1790 851 ἡμῖν
1825 805 2059 855 συντελοῦσι,
2081 806 2142 845 καὶ
2162 807 2213 852 τίς
2243 811 2266 855 ἠ
2298 810 2485 862 ἀπόθεσις,

1425 857 1484 897 ἐὰν
1516 858 1603 910 πρὸς
1631 858 1672 898 τὸ
1690 866 1807 914 χεῖρον
1838 861 2146 914 μεταὸαλλόμενος
2165 866 2331 919 φαίνηται
2353 869 2413 909 καὶ
2433 867 2484 921 μὴ

1424 918 1627 968 πειθόμενος
1644 924 1720 964 ταῖς
1738 919 1824 973 πρὸς
1841 921 1882 960 τὸ
1905 922 2041 975 βέλτιον
2058 924 2222 977 ἀγούσαις
2239 927 2484 979 συμὸουλίαις,

1424 977 1503 1024 ἑξῆς
1518 977 1626 1029 λέγει.

1828 1074 1918 1114 V11.
1949 1083 2068 1117 6-8.

1508 1163 1628 1203 Πραέσι
1646 1163 1672 1196 δ’
1687 1164 1752 1196 εἷκε
1770 1164 1873 1206 λόγοις
1892 1165 2010 1207 ἔργοισί
2023 1166 2050 1199 τ’
2065 1165 2300 1210 ἐπωφελίμοισι.

1508 1211 1591 1249 Μηδ’
1605 1212 1727 1254 ἔχθαιρε
1743 1213 1829 1251 φίλον
1846 1214 1903 1246 σὸν
1919 1216 2096 1255 ἁμαρτάδας
2113 1217 2217 1249 εἵνεκα
2233 1221 2358 1260 μικρῆς,

1508 1258 1587 1301 ὄφρα
1602 1259 1676 1301 δύνῃ
1687 1268 1695 1276 ·
1713 1260 1842 1303 δύναμις
1856 1262 1916 1305 γὰρ
1933 1262 2072 1304 ἀνάγκης
2088 1265 2192 1306 ἐγγύθι
2207 1265 2302 1298 ναίει.

1478 1333 1563 1377 Πῶς
1587 1334 1640 1372 δεῖ
1657 1335 1915 1388 προσφέρεσθαι
1934 1343 2005 1382 τοῖς
2027 1337 2138 1390 φίλοις
2158 1340 2306 1379 ἐνταῦθα
2328 1341 2485 1394 διαλέγε·

1423 1407 1504 1438 ται,
1528 1391 1589 1430 καὶ
1611 1395 1750 1446 πρῶτον
1767 1393 1829 1444 μὲν
1849 1394 1902 1434 ὅτι
1920 1396 1964 1435 τὰ
1981 1396 2075 1437 καλὰ
2095 1399 2353 1450 εἷσηγουμένοις
2369 1400 2486 1446 αὓτοῖς

1424 1449 1484 1489 καὶ
1505 1451 1561 1489 ἐπ’
1580 1452 1733 1507 ὠφελείᾳ
1747 1456 1791 1504 τῇ
1811 1455 1967 1509 ἡμετέρα
1987 1456 2199 1508 πράττουσιν
2215 1460 2329 1498 ὁτιοῦν
2345 1459 2487 1505 ἑκόντας

1424 1511 1476 1548 δεῖ
1506 1514 1721 1564 πειθαρχεῖν.
1752 1513 1846 1566 Πρὸς
1865 1514 1932 1567 γὰρ
1952 1520 2053 1555 τοῦτο
2073 1516 2112 1555 τὸ
2131 1517 2332 1557 κοινωνικὸν
2356 1518 2486 1571 ἀγαθὸν

1423 1571 1441 1607 ὁ
1457 1572 1519 1615 τῆς
1532 1569 1648 1623 φιλίας
1663 1571 1831 1610 συνάπτει
1847 1572 1970 1623 νόμος,
1988 1574 2082 1619 ὅπως
2100 1578 2201 1626 ἡμεῖς
2213 1591 2252 1614 τε
2268 1574 2485 1629 ὢφελώμεθα

1425 1631 1510 1681 παρ’
1524 1628 1664 1669 ἐκείνων
1682 1632 1730 1675 εἷς
1744 1633 1871 1683 ἀρετῆς
1891 1632 2045 1672 ἐπίδοσιν
2059 1634 2120 1673 καὶ
2133 1636 2218 1688 παρ’
2229 1637 2332 1685 ἡμῶν
2346 1636 2484 1677 ἐκεῖνοι.

1423 1686 1488 1731 Ὡς
1513 1687 1581 1740 γὰρ
1602 1688 1721 1736 κοινὴν
1741 1690 1818 1730 ὁδὸν
1842 1694 1904 1731 τοῦ
1933 1691 2076 1746 ἀρίστου
2105 1693 2180 1746 βίου
2207 1694 2484 1747 πορευομένους,

1422 1744 1508 1799 ὅπερ
1535 1746 1577 1785 ἂν
1598 1747 1703 1792 ἄλλος
1722 1748 1830 1789 ἄλλου
1850 1749 1977 1804 προΐδῃ
1999 1753 2148 1803 μᾶλλον,
2176 1757 2278 1792 τοῦτο
2297 1755 2345 1798 εἷς
2370 1752 2484 1793 κοινὸν

312 1853 1507 1872 Q—

303 1940 465 1977 debetur
501 1941 739 1990 parentibus.
774 1942 810 1978 Is
855 1949 1008 1988 autem,
1039 1955 1117 1991 quo
1149 1945 1362 1994 propinqui

303 2007 502 2047 ornantur,
526 2001 645 2037 altero
677 2007 763 2050 post
784 2001 892 2037 illum
913 2001 1001 2038 loco
1028 2003 1186 2051 positus,
1217 2005 1362 2042 cultum

301 2059 350 2095 ad
366 2066 508 2097 naturae
522 2060 855 2109 propinquitatem
873 2068 1101 2109 componet,
1117 2069 1266 2099 tantum
1282 2064 1362 2100 sin-

301 2118 398 2166 gulis
417 2119 586 2167 cognatis
605 2118 758 2155 alterius
777 2119 988 2156 secundum
1005 2129 1185 2169 parentes
1203 2123 1362 2160 honoris

302 2177 494 2223 tribuens,
529 2185 716 2226 quantum
745 2190 790 2215 ea
824 2192 909 2228 quae
938 2192 1025 2216 cum
1055 2180 1129 2217 illis
1159 2182 1364 2219 intercedit

301 2236 570 2285 propinquitas
583 2236 854 2287 significaverit
874 2251 882 2274 :
906 2239 1147 2276 manifestum
1162 2249 1292 2278 autem
1308 2250 1363 2279 est

302 2294 482 2331 virtutem
501 2295 614 2332 etiam
645 2296 787 2333 horum
812 2297 945 2335 habita
967 2299 1117 2337 ratione
1148 2300 1290 2338 debere
1314 2302 1361 2338 li-

302 2352 434 2389 beram
462 2366 631 2392 manere.

764 2452 828 2489 VI.
860 2450 898 2490 5.

303 2540 350 2571 Ex
369 2539 439 2573 aliis
459 2549 534 2574 vero
550 2541 690 2574 amicum
706 2542 763 2574 tibi
780 2542 942 2584 adjunge,
962 2544 1111 2586 quisquis
1141 2544 1262 2578 virtute
1285 2555 1365 2587 prm-

675 2590 890 2624 stantissimus
903 2593 964 2624 est.

358 2674 448 2710 Post
481 2675 649 2722 primum
676 2675 870 2712 honorem
900 2678 1164 2727 superioribus
1194 2681 1364 2729 cognatis

305 2732 566 2770 exhibendum
584 2740 622 2770 et
640 2735 863 2783 proximum
876 2736 952 2785 illi,
974 2737 1200 2785 parentibus
1218 2745 1255 2774 et
1269 2751 1362 2788 pro·

304 2793 459 2841 pinquis
492 2792 687 2839 debitum,
718 2794 854 2831 ordine
890 2808 962 2832 suo
994 2795 1057 2833 lex
1094 2797 1143 2834 de
1182 2797 1363 2835 faciendis

306 2852 437 2888 amicis
456 2851 634 2900 traditur,
659 2864 733 2900 qua
749 2852 931 2900 jubemur
946 2856 1134 2905 optimum
1154 2869 1361 2906 quemque,

307 2911 375 2960 qui
386 2910 499 2947 nobis
514 2911 671 2947 minime
692 2915 877 2960 cognatus
905 2914 976 2964 sit,
1006 2916 1172 2952 amicum
1198 2916 1363 2967 deligere

263 3010 269 3015 ,
306 2976 344 3006 et
369 2982 457 3005 cum
476 2970 543 3006 illo
563 2969 613 3005 ad
632 2970 817 3006 virtutum
847 2974 1235 3012 communicationem
1265 2989 1363 3012 con-

302 3028 433 3078 jungi,
449 3035 493 3064 ut
511 3028 681 3078 probum
699 3030 826 3066 virum
846 3030 898 3066 ob
920 3044 1070 3069 causam
1093 3034 1236 3070 bonam
1266 3036 1361 3071 ami—

306 3100 393 3124 cum
413 3087 620 3124 habeamus
632 3115 642 3133 ,
658 3100 738 3124 non
757 3096 884 3125 autem
899 3098 1062 3140 propter
1080 3093 1171 3129 alias
1183 3094 1364 3132 utilitates

307 3159 396 3184 eum
412 3148 635 3184 asciscamus
655 3161 663 3184 :
680 3148 777 3185 adeo
797 3157 840 3185 ut
851 3149 927 3186 hoc
941 3159 1173 3200 praeceptum
1186 3153 1364 3191 videatur

306 3207 339 3243 ei
358 3207 501 3254 simile,
523 3207 631 3255 quod
667 3207 716 3244 de
733 3209 923 3257 praeclaris
941 3209 1162 3247 hominibus
1181 3212 1258 3249 vita
1279 3213 1363 3249 fun-

308 3266 378 3302 ctis
393 3265 574 3304 traditur.
591 3266 695 3303 Sicut
709 3268 809 3303 enim
821 3268 931 3304 ibiex
946 3268 1169 3306 hominibus
1179 3272 1364 3320 sapientes

307 3325 410 3362 solos
431 3336 513 3362 esse
529 3324 777 3362 honorandos
800 3326 974 3373 dicebat,
990 3329 1042 3364 ita
1061 3328 1123 3364 hic
1137 3341 1202 3365 eos
1221 3337 1363 3367 tantum

308 3385 375 3432 qui
394 3384 489 3421 boni
515 3392 603 3421 sunt
626 3386 768 3422 amicos
796 3386 989 3423 faciendos
1015 3388 1076 3423 lex
1098 3396 1248 3435 monet,
1274 3402 1365 3438 per-

307 3445 459 3481 mittens
483 3445 521 3480 in
547 3445 690 3481 caeteris
714 3445 871 3494 quidem
897 3446 1105 3492 delectum,
1130 3448 1171 3483 in
1192 3450 1363 3497 parenti-

307 3503 378 3540 bus
400 3516 492 3540 vero
520 3511 558 3540 et
592 3503 765 3554 cognatis
789 3503 956 3542 naturali
980 3505 1137 3542 vinculo
1166 3513 1358 3546 contenta.

1424 1949 1509 1997 Ipsa
1536 1950 1638 1986 enim
1663 1963 1734 2000 per
1749 1963 1789 1988 se
1812 1964 1977 2001 persona
2000 1955 2121 2003 patris
2149 1961 2186 1991 et
2215 1955 2340 1992 fratris
2355 1955 2479 1993 hono·

1423 2021 1502 2045 rem
1523 2010 1634 2046 simul
1654 2010 1785 2057 affert3
1802 2012 1842 2048 in
1856 2013 1937 2049 aliis
1948 2025 2039 2050 vero
2059 2015 2178 2050 virtus
2192 2015 2378 2053 honorem
2391 2028 2484 2053 con·

1422 2068 1545 2115 ciliat‚
1568 2069 1895 2118 quemadmodum
1914 2078 1952 2108 et
1968 2072 2095 2108 inillis
2112 2073 2179 2121 qui
2195 2072 2243 2109 de
2255 2074 2335 2110 vita
2351 2073 2480 2111 deces-

1421 2136 1564 2165 serunt.
1585 2130 1640 2165 Ea
1655 2141 1748 2166 vero
1768 2142 1852 2179 quae
1873 2130 1931 2166 his
1960 2131 2215 2182 antecedunt,
2230 2133 2314 2181 ipsa
2345 2139 2482 2169 natura

1421 2194 1509 2223 sunt
1527 2188 1779 2233 honoranda,
1810 2189 1888 2226 illic
1913 2190 2069 2238 quidem
2092 2190 2146 2227 dii
2168 2197 2206 2227 et
2233 2191 2390 2238 heroes,
2419 2191 2483 2228 hic

1423 2253 1552 2283 autem
1571 2255 1748 2295 parentes
1766 2255 1804 2284 et
1818 2250 1972 2298 cognati
1987 2276 1998 2295 ,
2020 2250 2088 2297 qui
2106 2250 2146 2285 in
2165 2250 2320 2286 mortali
2345 2257 2484 2287 natura

1423 2307 1663 2355 cognationis
1690 2307 1916 2344 immortalis
1935 2309 2118 2358 imagines
2144 2309 2258 2346 nobis
2285 2309 2479 2348 exhibent.

1424 2365 1484 2401 Sic
1517 2366 1635 2414 igitur
1664 2366 1835 2415 primum
1866 2367 1986 2415 quaeri
2017 2374 2055 2404 et
2081 2368 2299 2417 comparari
2317 2368 2483 2405 amicum

1424 2433 1593 2474 oportet.
1613 2426 1698 2473 Qua
1721 2427 1872 2463 ratione
1898 2434 2022 2464 autem
2050 2427 2257 2463 amicitiam
2282 2427 2362 2475 ejus
2385 2428 2482 2465 reti-

1421 2495 1575 2520 neamus
1588 2512 1598 2530 ,
1643 2497 1727 2534 quae
1764 2485 1814 2521 ad
1851 2485 2047 2522 bonorum
2092 2486 2483 2523 communicationem

1423 2542 1616 2580 conducat
1636 2550 1675 2580 et
1691 2544 1893 2592 quomodo
1910 2556 1995 2580 eam
2022 2544 2261 2594 deponamus
2273 2573 2284 2593 ‚
2303 2545 2335 2581 si
2359 2545 2424 2582 ille
2441 2545 2484 2582 in

1423 2600 1590 2638 deterius
1619 2603 1733 2651 plane
1773 2610 1945 2639 mutetur
1974 2611 2013 2640 et
2050 2604 2213 2640 meliora
2237 2603 2484 2641 suadentibus

1423 2662 1637 2699 auscultare
1656 2663 1774 2709 nolit,
1794 2663 1834 2698 in
1853 2663 2101 2712 sequentibus
2118 2670 2261 2702 narrat.
2431 2660 2435 2663 ”

1851 2758 1937 2795 VII.
1969 2757 2055 2794 6-8.

1506 2849 1646 2882 Lenibus
1658 2849 1756 2882 dictis
1772 2849 1867 2882 cedas
1883 2852 1916 2883 et
1930 2850 2061 2882 utilibus
2077 2850 2192 2889 raetis;

1506 2905 1589 2930 neve
1608 2897 1717 2930 oderis
1731 2898 1873 2930 amicum
1889 2899 2020 2939 propter
2033 2898 2105 2930 leve
2119 2900 2290 2938 peccatum
2303 2920 2312 2935 ,

1505 2943 1613 2985 quoad
1624 2946 1731 2986 potae;
1746 2943 1881 2976 facultas
1894 2944 1982 2976 enim
2001 2952 2098 2985 prope
2110 2943 2331 2976 necessitatem
2343 2942 2479 2977 habim.

1474 3030 1632 3067 Disserit
1646 3030 1710 3066 hic
1725 3029 1771 3066 de
1786 3028 1904 3065 modo
1920 3041 1998 3077 quo
2011 3041 2081 3065 nos
2097 3040 2182 3077 erga
2195 3028 2339 3064 amicos
2347 3040 2481 3078 gerere

1423 3096 1619 3138 oporteat,
1642 3095 1680 3125 et
1698 3089 1868 3138 primum
1889 3087 2045 3136 quidem
2067 3087 2209 3124 debere
2224 3099 2297 3124 nos
2316 3087 2481 3124 libenter

1422 3148 1476 3184 eis
1509 3147 1743 3194 auscultare,
1782 3152 1901 3195 quum
1946 3146 2107 3182 suadent
2132 3146 2291 3184 honesta
2323 3152 2361 3183 et
2396 3158 2480 3184 rem

1423 3209 1643 3256 quampiam
1667 3207 1708 3243 in
1726 3213 1902 3243 nostrum
1926 3205 2173 3242 commodum
2205 3204 2357 3242 faciunt.
2381 3204 2480 3242 Nam

1423 3267 1474 3304 ad
1492 3267 1805 3317 consequendum
1823 3267 1898 3303 hoc
1923 3266 2070 3302 bonum
2090 3266 2292 3301 hominum
2317 3275 2480 3314 cong-re-

1422 3327 1569 3376 gatiani
1588 3327 1814 3364 destinatum
1833 3325 2008 3361 amicitiae
2025 3326 2081 3362 lex
2101 3324 2300 3374 conjungit
2315 3321 2354 3361 et
2371 3322 2480 3360 obli-

1423 3394 1505 3436 gat,
1524 3394 1568 3423 ut
1595 3394 1632 3424 et
1648 3399 1721 3423 nos
1745 3385 1899 3422 virtutis
1923 3385 2162 3421 incremento
2189 3383 2237 3421 ab
2266 3385 2312 3420 iis
2335 3395 2478 3434 augea-

1424 3459 1512 3482 mur
1535 3452 1572 3482 et
1593 3446 1650 3482 illi
1679 3445 1843 3482 vicissim
1873 3456 1897 3480 a
1929 3444 2054 3480 nobis.
2079 3443 2244 3493 Oportet
2261 3443 2364 3480 enim
2391 3453 2476 3488 eos,

1423 3507 1490 3554 qui
1510 3512 1691 3556 tanquam
1709 3515 1960 3541 'communem
1991 3505 2076 3540 vitae
2104 3503 2258 3554 optimae
2290 3503 2391 3539 viam
2418 3501 2478 3537 in-
