<?xml version="1.0" encoding="UTF-8"?>
<!DOCTYPE html PUBLIC "-//W3C//DTD XHTML 1.0 Transitional//EN"
    "http://www.w3.org/TR/xhtml1/DTD/xhtml1-transitional.dtd">
<html xmlns="http://www.w3.org/1999/xhtml" xml:lang="en" lang="en">
 <head>
  <title>
</title>
<meta http-equiv="Content-Type" content="text/html;charset=utf-8" />
  <meta name='ocr-system' content='tesseract 3.04.00' />
  <meta name='ocr-capabilities' content='ocr_page ocr_carea ocr_par ocr_line ocrx_word'/>
</head>
<body>
  <div class='ocr_page' id='page_1' title='image "./fragmentaphiloso01mulluoft_0119.png"; bbox 0 0 2612 3814; ppageno 0'>
   <div class='ocr_carea' id='block_1_1' title="bbox 0 0 39 3814">
    <p class='ocr_par' dir='ltr' id='par_1_1' title="bbox 0 0 39 3814">
     <span class='ocr_line' id='line_1_1' title="bbox 0 0 39 3814; baseline 0 0"><span class='ocrx_word' id='word_1_1' title='bbox 0 0 39 3814; x_wconf 95' lang='lat' dir='ltr'><strong> </strong></span> 
     </span>
    </p>
   </div>
   <div class='ocr_carea' id='block_1_2' title="bbox 699 246 2311 298">
    <p class='ocr_par' dir='ltr' id='par_1_2' title="bbox 699 246 2311 298">
     <span class='ocr_line' id='line_1_2' title="bbox 699 246 2311 298; baseline 0.006 -12"><span class='ocrx_word' id='word_1_2' title='bbox 699 247 749 286; x_wconf 82' lang='lat' dir='ltr'><strong>IN</strong></span> <span class='ocrx_word' id='word_1_3' title='bbox 782 246 1110 287; x_wconf 79' lang='lat' dir='ltr'><strong>EMPEDOCLlS</strong></span> <span class='ocrx_word' id='word_1_4' title='bbox 1141 247 1430 288; x_wconf 83' lang='lat' dir='ltr'><strong>CARMINUM</strong></span> <span class='ocrx_word' id='word_1_5' title='bbox 1460 249 1753 298; x_wconf 84' lang='lat' dir='ltr'><strong>RELIQUIAS.</strong></span> <span class='ocrx_word' id='word_1_6' title='bbox 2263 263 2311 298; x_wconf 80' lang='grc'><strong>79</strong></span> 
     </span>
    </p>
   </div>
   <div class='ocr_carea' id='block_1_3' title="bbox 125 334 1193 866">
    <p class='ocr_par' dir='ltr' id='par_1_3' title="bbox 125 334 1192 683">
     <span class='ocr_line' id='line_1_3' title="bbox 128 334 1191 389; baseline 0.003 -15"><span class='ocrx_word' id='word_1_7' title='bbox 128 345 313 387; x_wconf 79' lang='lat' dir='ltr'>corrupte</span> <span class='ocrx_word' id='word_1_8' title='bbox 332 334 531 382; x_wconf 83' lang='grc' dir='ltr'>παλίντητα</span> <span class='ocrx_word' id='word_1_9' title='bbox 553 335 616 373; x_wconf 89' lang='lat' dir='ltr'><strong>vel</strong></span> <span class='ocrx_word' id='word_1_10' title='bbox 640 334 746 374; x_wconf 80' lang='grc' dir='ltr'>πάλιν</span> <span class='ocrx_word' id='word_1_11' title='bbox 764 352 797 374; x_wconf 92' lang='grc' dir='ltr'><strong>τι</strong></span> <span class='ocrx_word' id='word_1_12' title='bbox 817 335 883 389; x_wconf 71' lang='grc' dir='ltr'><strong>τά,</strong></span> <span class='ocrx_word' id='word_1_13' title='bbox 898 337 960 375; x_wconf 90' lang='lat' dir='ltr'><strong>vel</strong></span> <span class='ocrx_word' id='word_1_14' title='bbox 975 336 1083 377; x_wconf 82' lang='grc' dir='ltr'>πάλιν</span> <span class='ocrx_word' id='word_1_15' title='bbox 1099 343 1135 376; x_wconf 81' lang='grc' dir='ltr'><strong>τῖ</strong></span> <span class='ocrx_word' id='word_1_16' title='bbox 1152 354 1191 377; x_wconf 84' lang='grc' dir='ltr'><strong>το</strong></span> 
     </span>
     <span class='ocr_line' id='line_1_4' title="bbox 131 388 1190 447; baseline 0.003 -14"><span class='ocrx_word' id='word_1_17' title='bbox 131 388 270 447; x_wconf 78' lang='grc' dir='ltr'>πνεῦμα</span> <span class='ocrx_word' id='word_1_18' title='bbox 284 398 314 434; x_wconf 76' lang='grc' dir='ltr'><strong>τ’</strong></span> <span class='ocrx_word' id='word_1_19' title='bbox 326 394 484 435; x_wconf 88' lang='lat' dir='ltr'><strong>habent.</strong></span> <span class='ocrx_word' id='word_1_20' title='bbox 499 395 541 433; x_wconf 86' lang='lat' dir='ltr'><strong>ln</strong></span> <span class='ocrx_word' id='word_1_21' title='bbox 559 395 688 434; x_wconf 90' lang='lat' dir='ltr'><strong>Suidae</strong></span> <span class='ocrx_word' id='word_1_22' title='bbox 702 397 907 436; x_wconf 88' lang='lat' dir='ltr'>codicibus</span> <span class='ocrx_word' id='word_1_23' title='bbox 924 398 1132 447; x_wconf 82' lang='grc' dir='ltr'>παλίντονα,</span> <span class='ocrx_word' id='word_1_24' title='bbox 1148 398 1190 436; x_wconf 90' lang='lat' dir='ltr'><strong>in</strong></span> 
     </span>
     <span class='ocr_line' id='line_1_5' title="bbox 129 453 1189 509; baseline 0.005 -17"><span class='ocrx_word' id='word_1_25' title='bbox 129 454 278 493; x_wconf 76' lang='lat' dir='ltr'><strong>‘l&#39;zetzae</strong></span> <span class='ocrx_word' id='word_1_26' title='bbox 300 454 538 493; x_wconf 81' lang='lat' dir='ltr'>membranis</span> <span class='ocrx_word' id='word_1_27' title='bbox 571 453 677 493; x_wconf 84' lang='grc' dir='ltr'>πάλιν</span> <span class='ocrx_word' id='word_1_28' title='bbox 698 470 732 494; x_wconf 92' lang='grc' dir='ltr'><strong>τι</strong></span> <span class='ocrx_word' id='word_1_29' title='bbox 753 455 798 495; x_wconf 79' lang='grc' dir='ltr'><strong>τά</strong></span> <span class='ocrx_word' id='word_1_30' title='bbox 827 466 1037 509; x_wconf 87' lang='lat' dir='ltr'><strong>comparet.</strong></span> <span class='ocrx_word' id='word_1_31' title='bbox 1059 457 1189 505; x_wconf 89' lang='lat' dir='ltr'><strong>Quum</strong></span> 
     </span>
     <span class='ocr_line' id='line_1_6' title="bbox 127 513 1190 568; baseline 0.003 -16"><span class='ocrx_word' id='word_1_32' title='bbox 127 514 287 564; x_wconf 83' lang='lat' dir='ltr'><strong>vulgata</strong></span> <span class='ocrx_word' id='word_1_33' title='bbox 318 514 514 566; x_wconf 84' lang='lat' dir='ltr'><strong>scriptura</strong></span> <span class='ocrx_word' id='word_1_34' title='bbox 546 513 715 565; x_wconf 86' lang='lat' dir='ltr'>intelligi</span> <span class='ocrx_word' id='word_1_35' title='bbox 749 524 886 567; x_wconf 85' lang='lat' dir='ltr'><strong>queat,</strong></span> <span class='ocrx_word' id='word_1_36' title='bbox 919 530 999 554; x_wconf 92' lang='lat' dir='ltr'><strong>non</strong></span> <span class='ocrx_word' id='word_1_37' title='bbox 1031 529 1190 568; x_wconf 80' lang='lat' dir='ltr'><strong>egemus</strong></span> 
     </span>
     <span class='ocr_line' id='line_1_7' title="bbox 125 572 1192 624; baseline 0.003 -13"><span class='ocrx_word' id='word_1_38' title='bbox 125 572 267 612; x_wconf 89' lang='lat' dir='ltr'><strong>Steinii</strong></span> <span class='ocrx_word' id='word_1_39' title='bbox 282 572 508 624; x_wconf 88' lang='lat' dir='ltr'><strong>conjectura</strong></span> <span class='ocrx_word' id='word_1_40' title='bbox 523 572 738 614; x_wconf 77' lang='grc' dir='ltr'>παλίσσυτοι.</span> <span class='ocrx_word' id='word_1_41' title='bbox 760 574 839 613; x_wconf 87' lang='lat' dir='ltr'><strong>Pro</strong></span> <span class='ocrx_word' id='word_1_42' title='bbox 865 575 1035 624; x_wconf 83' lang='grc' dir='ltr'>πνεύματ’</span> <span class='ocrx_word' id='word_1_43' title='bbox 1053 575 1192 622; x_wconf 81' lang='grc' dir='ltr'>ἐπάξεις</span> 
     </span>
     <span class='ocr_line' id='line_1_8' title="bbox 129 630 775 683; baseline 0.008 -14"><span class='ocrx_word' id='word_1_44' title='bbox 129 631 229 670; x_wconf 84' lang='lat' dir='ltr'><strong>male</strong></span> <span class='ocrx_word' id='word_1_45' title='bbox 245 632 425 671; x_wconf 86' lang='lat' dir='ltr'><strong>Clemens</strong></span> <span class='ocrx_word' id='word_1_46' title='bbox 441 630 628 683; x_wconf 79' lang='grc' dir='ltr'>πνεύματα</span> <span class='ocrx_word' id='word_1_47' title='bbox 644 633 775 680; x_wconf 79' lang='grc' dir='ltr'>θήσεις.</span> 
     </span>
    </p>

    <p class='ocr_par' dir='ltr' id='par_1_4' title="bbox 125 690 1193 866">
     <span class='ocr_line' id='line_1_9' title="bbox 181 690 1188 751; baseline 0.005 -22"><span class='ocrx_word' id='word_1_48' title='bbox 181 690 266 731; x_wconf 84' lang='lat' dir='ltr'><strong>Vss.</strong></span> <span class='ocrx_word' id='word_1_49' title='bbox 278 692 470 741; x_wconf 64' lang='grc'>467·468.</span> <span class='ocrx_word' id='word_1_50' title='bbox 483 691 600 740; x_wconf 80' lang='grc' dir='ltr'>θήσεις</span> <span class='ocrx_word' id='word_1_51' title='bbox 617 691 689 738; x_wconf 85' lang='grc' dir='ltr'>δ’ἐξ</span> <span class='ocrx_word' id='word_1_52' title='bbox 708 692 1030 747; x_wconf 71' lang='grc' dir='ltr'>ὄμὸρ.--αὗχμοῖο</span> <span class='ocrx_word' id='word_1_53' title='bbox 1040 694 1188 751; x_wconf 85' lang='grc' dir='ltr'>Θερείου]</span> 
     </span>
     <span class='ocr_line' id='line_1_10' title="bbox 129 749 1193 804; baseline 0.005 -15"><span class='ocrx_word' id='word_1_54' title='bbox 129 749 186 789; x_wconf 87' lang='lat' dir='ltr'><strong>lta</strong></span> <span class='ocrx_word' id='word_1_55' title='bbox 206 751 422 802; x_wconf 84' lang='lat' dir='ltr'><strong>Diogenes3</strong></span> <span class='ocrx_word' id='word_1_56' title='bbox 446 752 550 804; x_wconf 90' lang='lat' dir='ltr'><strong>apud</strong></span> <span class='ocrx_word' id='word_1_57' title='bbox 576 752 735 791; x_wconf 92' lang='lat' dir='ltr'><strong>Suidam</strong></span> <span class='ocrx_word' id='word_1_58' title='bbox 763 753 879 792; x_wconf 83' lang='lat' dir='ltr'><strong>ambo</strong></span> <span class='ocrx_word' id='word_1_59' title='bbox 906 755 948 794; x_wconf 82' lang='lat' dir='ltr'><strong>hi</strong></span> <span class='ocrx_word' id='word_1_60' title='bbox 966 768 1102 794; x_wconf 86' lang='lat' dir='ltr'><strong>versus</strong></span> <span class='ocrx_word' id='word_1_61' title='bbox 1129 756 1193 794; x_wconf 91' lang='lat' dir='ltr'><strong>de-</strong></span> 
     </span>
     <span class='ocr_line' id='line_1_11' title="bbox 125 811 1097 866; baseline 0.004 -17"><span class='ocrx_word' id='word_1_62' title='bbox 125 811 281 863; x_wconf 79' lang='lat' dir='ltr'><strong>pravati</strong></span> <span class='ocrx_word' id='word_1_63' title='bbox 303 820 407 852; x_wconf 89' lang='lat' dir='ltr'><strong>sunt.</strong></span> <span class='ocrx_word' id='word_1_64' title='bbox 430 811 495 850; x_wconf 89' lang='lat' dir='ltr'><strong>Sic</strong></span> <span class='ocrx_word' id='word_1_65' title='bbox 515 820 640 851; x_wconf 87' lang='lat' dir='ltr'><strong>autem</strong></span> <span class='ocrx_word' id='word_1_66' title='bbox 658 812 714 851; x_wconf 91' lang='lat' dir='ltr'><strong>ibi</strong></span> <span class='ocrx_word' id='word_1_67' title='bbox 732 813 869 866; x_wconf 85' lang='lat' dir='ltr'><strong>scripti</strong></span> <span class='ocrx_word' id='word_1_68' title='bbox 888 814 1071 865; x_wconf 87' lang='lat' dir='ltr'><strong>leguntur</strong></span> <span class='ocrx_word' id='word_1_69' title='bbox 1088 829 1097 853; x_wconf 72' lang='grc' dir='ltr'>ς</span> 
     </span>
    </p>
   </div>
   <div class='ocr_carea' id='block_1_4' title="bbox 235 899 1109 1015">
    <p class='ocr_par' dir='ltr' id='par_1_5' title="bbox 235 899 1109 1015">
     <span class='ocr_line' id='line_1_12' title="bbox 236 899 1052 955; baseline 0.002 -16"><span class='ocrx_word' id='word_1_70' title='bbox 236 899 357 947; x_wconf 79' lang='grc' dir='ltr'>στήσει</span> <span class='ocrx_word' id='word_1_71' title='bbox 374 901 405 939; x_wconf 85' lang='grc' dir='ltr'><strong>δ’</strong></span> <span class='ocrx_word' id='word_1_72' title='bbox 426 899 461 946; x_wconf 78' lang='grc' dir='ltr'><strong>ἐξ</strong></span> <span class='ocrx_word' id='word_1_73' title='bbox 480 899 628 953; x_wconf 67' lang='grc' dir='ltr'>ὄμὸροιο</span> <span class='ocrx_word' id='word_1_74' title='bbox 644 902 806 941; x_wconf 78' lang='grc' dir='ltr'>κελαινοῦ</span> <span class='ocrx_word' id='word_1_75' title='bbox 824 899 900 955; x_wconf 81' lang='grc' dir='ltr'>ῥόον</span> <span class='ocrx_word' id='word_1_76' title='bbox 918 901 1052 955; x_wconf 85' lang='grc' dir='ltr'>καίριον</span> 
     </span>
     <span class='ocr_line' id='line_1_13' title="bbox 235 958 1109 1015; baseline 0.005 -18"><span class='ocrx_word' id='word_1_77' title='bbox 235 958 372 1013; x_wconf 81' lang='grc' dir='ltr'>αὐχμὸν</span> <span class='ocrx_word' id='word_1_78' title='bbox 394 959 610 1013; x_wconf 81' lang='grc' dir='ltr'>ἀνθρώποις,</span> <span class='ocrx_word' id='word_1_79' title='bbox 633 961 749 1010; x_wconf 82' lang='grc' dir='ltr'>θήσεις</span> <span class='ocrx_word' id='word_1_80' title='bbox 769 962 804 999; x_wconf 80' lang='grc' dir='ltr'><strong>δὲ</strong></span> <span class='ocrx_word' id='word_1_81' title='bbox 822 961 883 1000; x_wconf 90' lang='grc' dir='ltr'><strong>καὶ</strong></span> <span class='ocrx_word' id='word_1_82' title='bbox 901 960 935 1006; x_wconf 82' lang='grc' dir='ltr'><strong>ἐξ</strong></span> <span class='ocrx_word' id='word_1_83' title='bbox 955 964 1109 1015; x_wconf 82' lang='grc' dir='ltr'>αὐχμοῖο</span> 
     </span>
    </p>
   </div>
   <div class='ocr_carea' id='block_1_5' title="bbox 119 1047 1194 1933">
    <p class='ocr_par' dir='ltr' id='par_1_6' title="bbox 122 1047 1191 1215">
     <span class='ocr_line' id='line_1_14' title="bbox 122 1047 1191 1104; baseline 0.003 -17"><span class='ocrx_word' id='word_1_84' title='bbox 122 1048 274 1087; x_wconf 83' lang='lat' dir='ltr'><strong>omisso</strong></span> <span class='ocrx_word' id='word_1_85' title='bbox 294 1047 441 1101; x_wconf 82' lang='grc' dir='ltr'>θερείου.</span> <span class='ocrx_word' id='word_1_86' title='bbox 464 1048 624 1088; x_wconf 87' lang='lat' dir='ltr'><strong>Tzetzes</strong></span> <span class='ocrx_word' id='word_1_87' title='bbox 644 1049 686 1088; x_wconf 91' lang='lat' dir='ltr'><strong>in</strong></span> <span class='ocrx_word' id='word_1_88' title='bbox 710 1057 878 1102; x_wconf 87' lang='lat' dir='ltr'><strong>utroque</strong></span> <span class='ocrx_word' id='word_1_89' title='bbox 897 1050 1092 1090; x_wconf 77' lang='lat' dir='ltr'><strong>versiculo</strong></span> <span class='ocrx_word' id='word_1_90' title='bbox 1116 1065 1191 1104; x_wconf 85' lang='lat' dir='ltr'><strong>pro</strong></span> 
     </span>
     <span class='ocr_line' id='line_1_15' title="bbox 123 1108 1191 1160; baseline 0.003 -13"><span class='ocrx_word' id='word_1_91' title='bbox 123 1108 245 1154; x_wconf 81' lang='grc' dir='ltr'>θήσεις</span> <span class='ocrx_word' id='word_1_92' title='bbox 275 1122 346 1148; x_wconf 91' lang='lat' dir='ltr'><strong>suo</strong></span> <span class='ocrx_word' id='word_1_93' title='bbox 380 1119 423 1148; x_wconf 91' lang='lat' dir='ltr'><strong>ut</strong></span> <span class='ocrx_word' id='word_1_94' title='bbox 455 1109 612 1148; x_wconf 87' lang='lat' dir='ltr'><strong>videtur</strong></span> <span class='ocrx_word' id='word_1_95' title='bbox 648 1109 807 1160; x_wconf 88' lang='lat' dir='ltr'><strong>ingenio</strong></span> <span class='ocrx_word' id='word_1_96' title='bbox 845 1109 1055 1151; x_wconf 82' lang='lat' dir='ltr'><strong>obsecutus</strong></span> <span class='ocrx_word' id='word_1_97' title='bbox 1083 1111 1191 1150; x_wconf 87' lang='lat' dir='ltr'><strong>dedit</strong></span> 
     </span>
     <span class='ocr_line' id='line_1_16' title="bbox 127 1168 281 1215; baseline 0.013 -8"><span class='ocrx_word' id='word_1_98' title='bbox 127 1168 281 1215; x_wconf 87' lang='grc' dir='ltr'>στήσεις.</span> 
     </span>
    </p>

    <p class='ocr_par' dir='ltr' id='par_1_7' title="bbox 119 1227 1194 1933">
     <span class='ocr_line' id='line_1_17' title="bbox 181 1227 1188 1280; baseline 0.005 -16"><span class='ocrx_word' id='word_1_99' title='bbox 181 1227 247 1268; x_wconf 90' lang='lat' dir='ltr'><strong>Vs.</strong></span> <span class='ocrx_word' id='word_1_100' title='bbox 289 1229 382 1280; x_wconf 87' lang='grc'>469.</span> <span class='ocrx_word' id='word_1_101' title='bbox 425 1227 540 1280; x_wconf 85' lang='lat' dir='ltr'><strong>Apud</strong></span> <span class='ocrx_word' id='word_1_102' title='bbox 574 1227 790 1278; x_wconf 87' lang='lat' dir='ltr'><strong>Diogenem</strong></span> <span class='ocrx_word' id='word_1_103' title='bbox 827 1229 948 1280; x_wconf 87' lang='lat' dir='ltr'><strong>vulgo</strong></span> <span class='ocrx_word' id='word_1_104' title='bbox 984 1229 1188 1269; x_wconf 84' lang='lat' dir='ltr'><strong>invenitur</strong></span> 
     </span>
     <span class='ocr_line' id='line_1_18' title="bbox 129 1280 1190 1342; baseline 0.002 -16"><span class='ocrx_word' id='word_1_105' title='bbox 129 1286 285 1341; x_wconf 79' lang='grc' dir='ltr'>ῥεύματα</span> <span class='ocrx_word' id='word_1_106' title='bbox 316 1286 588 1341; x_wconf 84' lang='grc' dir='ltr'>δενδρεόθρεπτα</span> <span class='ocrx_word' id='word_1_107' title='bbox 622 1285 667 1325; x_wconf 86' lang='grc' dir='ltr'><strong>τὰ</strong></span> <span class='ocrx_word' id='word_1_108' title='bbox 692 1287 722 1326; x_wconf 91' lang='grc' dir='ltr'><strong>δ’</strong></span> <span class='ocrx_word' id='word_1_109' title='bbox 756 1289 790 1327; x_wconf 84' lang='grc' dir='ltr'><strong>ἕν</strong></span> <span class='ocrx_word' id='word_1_110' title='bbox 823 1280 914 1342; x_wconf 79' lang='grc' dir='ltr'>θέρει</span> <span class='ocrx_word' id='word_1_111' title='bbox 944 1288 1130 1338; x_wconf 85' lang='grc' dir='ltr'>ἀήσαντα,</span> <span class='ocrx_word' id='word_1_112' title='bbox 1149 1290 1190 1328; x_wconf 89' lang='lat' dir='ltr'><strong>in</strong></span> 
     </span>
     <span class='ocr_line' id='line_1_19' title="bbox 123 1345 1191 1400; baseline 0.001 -15"><span class='ocrx_word' id='word_1_113' title='bbox 123 1346 216 1385; x_wconf 75' lang='lat' dir='ltr'><strong>cod.</strong></span> <span class='ocrx_word' id='word_1_114' title='bbox 234 1346 405 1386; x_wconf 89' lang='lat' dir='ltr'><strong>Vindob.</strong></span> <span class='ocrx_word' id='word_1_115' title='bbox 425 1346 471 1385; x_wconf 84' lang='grc' dir='ltr'><strong>τά</strong></span> <span class='ocrx_word' id='word_1_116' title='bbox 488 1348 521 1385; x_wconf 87' lang='grc' dir='ltr'><strong>τ’</strong></span> <span class='ocrx_word' id='word_1_117' title='bbox 539 1347 575 1384; x_wconf 81' lang='grc' dir='ltr'><strong>ἐν</strong></span> <span class='ocrx_word' id='word_1_118' title='bbox 601 1345 693 1400; x_wconf 82' lang='grc' dir='ltr'>θέρει</span> <span class='ocrx_word' id='word_1_119' title='bbox 713 1346 883 1395; x_wconf 85' lang='grc' dir='ltr'>ἀήσοντα.</span> <span class='ocrx_word' id='word_1_120' title='bbox 905 1347 1044 1386; x_wconf 89' lang='lat' dir='ltr'><strong>Suidas</strong></span> <span class='ocrx_word' id='word_1_121' title='bbox 1073 1347 1191 1386; x_wconf 88' lang='lat' dir='ltr'><strong>habet</strong></span> 
     </span>
     <span class='ocr_line' id='line_1_20' title="bbox 123 1403 1189 1460; baseline 0.002 -16"><span class='ocrx_word' id='word_1_122' title='bbox 123 1405 170 1444; x_wconf 86' lang='grc' dir='ltr'><strong>τοί</strong></span> <span class='ocrx_word' id='word_1_123' title='bbox 189 1406 223 1444; x_wconf 89' lang='grc' dir='ltr'><strong>τ’</strong></span> <span class='ocrx_word' id='word_1_124' title='bbox 244 1406 279 1445; x_wconf 79' lang='grc' dir='ltr'><strong>ἐν</strong></span> <span class='ocrx_word' id='word_1_125' title='bbox 300 1403 392 1458; x_wconf 84' lang='grc' dir='ltr'>θέρει</span> <span class='ocrx_word' id='word_1_126' title='bbox 423 1404 584 1459; x_wconf 76' lang='grc' dir='ltr'>ἔσονται,</span> <span class='ocrx_word' id='word_1_127' title='bbox 610 1405 770 1445; x_wconf 87' lang='lat' dir='ltr'><strong>Tzetzes</strong></span> <span class='ocrx_word' id='word_1_128' title='bbox 796 1405 841 1445; x_wconf 84' lang='grc' dir='ltr'><strong>τά</strong></span> <span class='ocrx_word' id='word_1_129' title='bbox 872 1408 902 1446; x_wconf 92' lang='grc' dir='ltr'><strong>τ’</strong></span> <span class='ocrx_word' id='word_1_130' title='bbox 934 1405 1092 1460; x_wconf 84' lang='grc' dir='ltr'>αἷθέρινα</span> <span class='ocrx_word' id='word_1_131' title='bbox 1128 1407 1189 1455; x_wconf 83' lang='grc' dir='ltr'><strong>θή-</strong></span> 
     </span>
     <span class='ocr_line' id='line_1_21' title="bbox 123 1464 1189 1519; baseline 0.002 -15"><span class='ocrx_word' id='word_1_132' title='bbox 123 1480 247 1505; x_wconf 85' lang='grc' dir='ltr'>σονται</span> <span class='ocrx_word' id='word_1_133' title='bbox 280 1464 382 1519; x_wconf 84' lang='lat' dir='ltr'><strong>(cod.</strong></span> <span class='ocrx_word' id='word_1_134' title='bbox 414 1465 574 1516; x_wconf 85' lang='lat' dir='ltr'><strong>quidam</strong></span> <span class='ocrx_word' id='word_1_135' title='bbox 603 1464 781 1518; x_wconf 84' lang='grc' dir='ltr'>ἥσονται).</span> <span class='ocrx_word' id='word_1_136' title='bbox 807 1466 902 1513; x_wconf 84' lang='lat' dir='ltr'><strong>Quae</strong></span> <span class='ocrx_word' id='word_1_137' title='bbox 932 1467 1071 1506; x_wconf 77' lang='lat' dir='ltr'><strong>vitiata</strong></span> <span class='ocrx_word' id='word_1_138' title='bbox 1104 1480 1189 1506; x_wconf 91' lang='lat' dir='ltr'><strong>esse</strong></span> 
     </span>
     <span class='ocr_line' id='line_1_22' title="bbox 126 1524 1192 1579; baseline 0.004 -17"><span class='ocrx_word' id='word_1_139' title='bbox 126 1525 205 1563; x_wconf 86' lang='lat' dir='ltr'><strong>viri</strong></span> <span class='ocrx_word' id='word_1_140' title='bbox 225 1524 331 1564; x_wconf 87' lang='lat' dir='ltr'><strong>docti</strong></span> <span class='ocrx_word' id='word_1_141' title='bbox 352 1525 614 1576; x_wconf 84' lang='lat' dir='ltr'><strong>intelligentes</strong></span> <span class='ocrx_word' id='word_1_142' title='bbox 635 1526 764 1565; x_wconf 88' lang='lat' dir='ltr'><strong>varias</strong></span> <span class='ocrx_word' id='word_1_143' title='bbox 785 1536 1079 1579; x_wconf 90' lang='lat' dir='ltr'><strong>proposuerunt</strong></span> <span class='ocrx_word' id='word_1_144' title='bbox 1102 1541 1192 1566; x_wconf 93' lang='lat' dir='ltr'><strong>con-</strong></span> 
     </span>
     <span class='ocr_line' id='line_1_23' title="bbox 119 1582 1191 1636; baseline 0.005 -15"><span class='ocrx_word' id='word_1_145' title='bbox 119 1582 311 1634; x_wconf 85' lang='lat' dir='ltr'><strong>jecturas.</strong></span> <span class='ocrx_word' id='word_1_146' title='bbox 346 1584 518 1636; x_wconf 80' lang='lat' dir='ltr'><strong>Scaliger</strong></span> <span class='ocrx_word' id='word_1_147' title='bbox 545 1585 588 1623; x_wconf 92' lang='lat' dir='ltr'><strong>in</strong></span> <span class='ocrx_word' id='word_1_148' title='bbox 621 1585 706 1627; x_wconf 89' lang='lat' dir='ltr'><strong>cod.</strong></span> <span class='ocrx_word' id='word_1_149' title='bbox 743 1598 816 1626; x_wconf 90' lang='lat' dir='ltr'><strong>ms.</strong></span> <span class='ocrx_word' id='word_1_150' title='bbox 855 1584 1191 1636; x_wconf 85' lang='lat' dir='ltr'><strong>Lugdunobatavo</strong></span> 
     </span>
     <span class='ocr_line' id='line_1_24' title="bbox 127 1642 1193 1697; baseline 0.004 -16"><span class='ocrx_word' id='word_1_151' title='bbox 127 1644 279 1682; x_wconf 86' lang='lat' dir='ltr'><strong>notavit</strong></span> <span class='ocrx_word' id='word_1_152' title='bbox 297 1642 442 1690; x_wconf 80' lang='grc' dir='ltr'>ἀΐξαντα</span> <span class='ocrx_word' id='word_1_153' title='bbox 454 1674 465 1693; x_wconf 88' lang='grc'><strong>,</strong></span> <span class='ocrx_word' id='word_1_154' title='bbox 480 1645 654 1684; x_wconf 89' lang='lat' dir='ltr'><strong>Sturzius</strong></span> <span class='ocrx_word' id='word_1_155' title='bbox 670 1644 839 1697; x_wconf 88' lang='lat' dir='ltr'><strong>conjecit</strong></span> <span class='ocrx_word' id='word_1_156' title='bbox 855 1646 1045 1695; x_wconf 87' lang='grc' dir='ltr'>ἀτμίζοντα</span> <span class='ocrx_word' id='word_1_157' title='bbox 1059 1675 1069 1694; x_wconf 85' lang='grc'><em>,</em></span> <span class='ocrx_word' id='word_1_158' title='bbox 1090 1646 1193 1685; x_wconf 87' lang='lat' dir='ltr'><strong>Butt-</strong></span> 
     </span>
     <span class='ocr_line' id='line_1_25' title="bbox 127 1703 1192 1757; baseline 0.008 -19"><span class='ocrx_word' id='word_1_159' title='bbox 127 1715 293 1742; x_wconf 91' lang='lat' dir='ltr'><strong>mannus</strong></span> <span class='ocrx_word' id='word_1_160' title='bbox 322 1703 364 1742; x_wconf 91' lang='lat' dir='ltr'><strong>in</strong></span> <span class='ocrx_word' id='word_1_161' title='bbox 400 1704 619 1744; x_wconf 90' lang='lat' dir='ltr'><strong>Comment.</strong></span> <span class='ocrx_word' id='word_1_162' title='bbox 649 1704 787 1757; x_wconf 89' lang='lat' dir='ltr'><strong>philol.</strong></span> <span class='ocrx_word' id='word_1_163' title='bbox 819 1705 923 1757; x_wconf 87' lang='lat' dir='ltr'><strong>Lips.</strong></span> <span class='ocrx_word' id='word_1_164' title='bbox 955 1706 1120 1744; x_wconf 90' lang='lat' dir='ltr'><strong>tentavit</strong></span> <span class='ocrx_word' id='word_1_165' title='bbox 1146 1707 1192 1746; x_wconf 89' lang='grc' dir='ltr'><strong>τοί</strong></span> 
     </span>
     <span class='ocr_line' id='line_1_26' title="bbox 123 1759 1191 1815; baseline 0.008 -20"><span class='ocrx_word' id='word_1_166' title='bbox 123 1761 157 1796; x_wconf 83' lang='grc' dir='ltr'><strong>τ’</strong></span> <span class='ocrx_word' id='word_1_167' title='bbox 183 1759 322 1811; x_wconf 79' lang='grc' dir='ltr'>αἷθέριν’</span> <span class='ocrx_word' id='word_1_168' title='bbox 345 1761 550 1812; x_wconf 75' lang='grc' dir='ltr'>ἀΐσσονται,</span> <span class='ocrx_word' id='word_1_169' title='bbox 584 1764 828 1803; x_wconf 84' lang='lat' dir='ltr'><strong>Hermannus</strong></span> <span class='ocrx_word' id='word_1_170' title='bbox 861 1765 966 1815; x_wconf 90' lang='lat' dir='ltr'><strong>apud</strong></span> <span class='ocrx_word' id='word_1_171' title='bbox 994 1765 1191 1804; x_wconf 89' lang='lat' dir='ltr'><strong>Sturzium</strong></span> 
     </span>
     <span class='ocr_line' id='line_1_27' title="bbox 127 1821 1192 1876; baseline 0.006 -19"><span class='ocrx_word' id='word_1_172' title='bbox 127 1821 343 1872; x_wconf 84' lang='lat' dir='ltr'><strong>suspicatus</strong></span> <span class='ocrx_word' id='word_1_173' title='bbox 363 1830 421 1860; x_wconf 87' lang='lat' dir='ltr'><strong>est</strong></span> <span class='ocrx_word' id='word_1_174' title='bbox 440 1821 484 1860; x_wconf 85' lang='grc' dir='ltr'><strong>τοί</strong></span> <span class='ocrx_word' id='word_1_175' title='bbox 503 1822 533 1860; x_wconf 86' lang='grc' dir='ltr'><strong>τ’</strong></span> <span class='ocrx_word' id='word_1_176' title='bbox 554 1823 677 1876; x_wconf 82' lang='grc' dir='ltr'>αἷθέρι’</span> <span class='ocrx_word' id='word_1_177' title='bbox 700 1823 946 1871; x_wconf 84' lang='grc' dir='ltr'>αἰθύσσονται,</span> <span class='ocrx_word' id='word_1_178' title='bbox 963 1823 1192 1864; x_wconf 67' lang='lat' dir='ltr'><strong>Kal-Stenius</strong></span> 
     </span>
     <span class='ocr_line' id='line_1_28' title="bbox 123 1880 1194 1933; baseline 0.005 -15"><span class='ocrx_word' id='word_1_179' title='bbox 123 1881 299 1919; x_wconf 87' lang='lat' dir='ltr'><strong>correxit</strong></span> <span class='ocrx_word' id='word_1_180' title='bbox 318 1880 411 1920; x_wconf 85' lang='grc' dir='ltr'>κατὰ</span> <span class='ocrx_word' id='word_1_181' title='bbox 437 1880 533 1933; x_wconf 81' lang='grc' dir='ltr'>θέρος</span> <span class='ocrx_word' id='word_1_182' title='bbox 567 1881 804 1931; x_wconf 81' lang='grc' dir='ltr'>αἷθύσσοντα,</span> <span class='ocrx_word' id='word_1_183' title='bbox 830 1883 1004 1922; x_wconf 87' lang='lat' dir='ltr'><strong>Steinius</strong></span> <span class='ocrx_word' id='word_1_184' title='bbox 1029 1884 1109 1922; x_wconf 84' lang='grc' dir='ltr'>κατ’</span> <span class='ocrx_word' id='word_1_185' title='bbox 1136 1886 1194 1923; x_wconf 84' lang='grc' dir='ltr'><strong>αἷ-</strong></span> 
     </span>
    </p>
   </div>
   <div class='ocr_carea' id='block_1_6' title="bbox 57 1939 1193 1995">
    <p class='ocr_par' dir='ltr' id='par_1_8' title="bbox 57 1939 1193 1995">
     <span class='ocr_line' id='line_1_29' title="bbox 57 1939 1193 1995; baseline 0.003 -16"><span class='ocrx_word' id='word_1_186' title='bbox 57 1983 61 1986; x_wconf 50' lang='lat'>,</span> <span class='ocrx_word' id='word_1_187' title='bbox 123 1941 223 1993; x_wconf 84' lang='grc' dir='ltr'>θέρος</span> <span class='ocrx_word' id='word_1_188' title='bbox 243 1939 433 1988; x_wconf 78' lang='grc' dir='ltr'>ἀίσσοντα,</span> <span class='ocrx_word' id='word_1_189' title='bbox 457 1941 645 1992; x_wconf 86' lang='lat' dir='ltr'><strong>Bergkius</strong></span> <span class='ocrx_word' id='word_1_190' title='bbox 661 1941 705 1981; x_wconf 86' lang='grc' dir='ltr'><strong>τοί</strong></span> <span class='ocrx_word' id='word_1_191' title='bbox 722 1943 753 1980; x_wconf 89' lang='grc' dir='ltr'><strong>τ’</strong></span> <span class='ocrx_word' id='word_1_192' title='bbox 774 1940 910 1995; x_wconf 85' lang='grc' dir='ltr'>αἰθρίαν</span> <span class='ocrx_word' id='word_1_193' title='bbox 931 1941 1109 1990; x_wconf 89' lang='grc' dir='ltr'>θήσονται.</span> <span class='ocrx_word' id='word_1_194' title='bbox 1142 1944 1193 1982; x_wconf 83' lang='lat' dir='ltr'><strong>At</strong></span> 
     </span>
    </p>
   </div>
   <div class='ocr_carea' id='block_1_7' title="bbox 70 2000 1195 3540">
    <p class='ocr_par' dir='ltr' id='par_1_9' title="bbox 123 2000 1190 2116">
     <span class='ocr_line' id='line_1_30' title="bbox 126 2000 1190 2053; baseline 0.004 -14"><span class='ocrx_word' id='word_1_195' title='bbox 126 2000 188 2039; x_wconf 85' lang='lat' dir='ltr'><strong>his</strong></span> <span class='ocrx_word' id='word_1_196' title='bbox 208 2001 393 2040; x_wconf 90' lang='lat' dir='ltr'><strong>omnibus</strong></span> <span class='ocrx_word' id='word_1_197' title='bbox 414 2001 652 2053; x_wconf 86' lang='lat' dir='ltr'><strong>conjecturis</strong></span> <span class='ocrx_word' id='word_1_198' title='bbox 673 2003 783 2042; x_wconf 87' lang='lat' dir='ltr'><strong>locus</strong></span> <span class='ocrx_word' id='word_1_199' title='bbox 801 2016 882 2041; x_wconf 89' lang='lat' dir='ltr'><strong>non</strong></span> <span class='ocrx_word' id='word_1_200' title='bbox 898 2011 956 2042; x_wconf 91' lang='lat' dir='ltr'><strong>est</strong></span> <span class='ocrx_word' id='word_1_201' title='bbox 973 2005 1190 2043; x_wconf 87' lang='lat' dir='ltr'><strong>restitutus.</strong></span> 
     </span>
     <span class='ocr_line' id='line_1_31' title="bbox 123 2059 1162 2116; baseline 0.006 -18"><span class='ocrx_word' id='word_1_202' title='bbox 123 2059 384 2099; x_wconf 88' lang='lat' dir='ltr'><strong>Scribendum</strong></span> <span class='ocrx_word' id='word_1_203' title='bbox 404 2062 511 2112; x_wconf 88' lang='lat' dir='ltr'><strong>quod</strong></span> <span class='ocrx_word' id='word_1_204' title='bbox 529 2061 635 2101; x_wconf 88' lang='lat' dir='ltr'><strong>edidi</strong></span> <span class='ocrx_word' id='word_1_205' title='bbox 659 2076 667 2100; x_wconf 74' lang='grc' dir='ltr'><em>τ</em></span> <span class='ocrx_word' id='word_1_206' title='bbox 687 2062 796 2102; x_wconf 85' lang='grc' dir='ltr'>καλὸν</span> <span class='ocrx_word' id='word_1_207' title='bbox 817 2061 914 2115; x_wconf 85' lang='grc' dir='ltr'>θέρος</span> <span class='ocrx_word' id='word_1_208' title='bbox 931 2063 1162 2116; x_wconf 84' lang='grc' dir='ltr'>ἀρδεύσοντα.</span> 
     </span>
    </p>

    <p class='ocr_par' dir='ltr' id='par_1_10' title="bbox 123 2119 1193 2697">
     <span class='ocr_line' id='line_1_32' title="bbox 180 2119 1192 2178; baseline 0.004 -20"><span class='ocrx_word' id='word_1_209' title='bbox 180 2119 244 2159; x_wconf 87' lang='lat' dir='ltr'><strong>Vs.</strong></span> <span class='ocrx_word' id='word_1_210' title='bbox 269 2127 360 2169; x_wconf 80' lang='lat'>470·</span> <span class='ocrx_word' id='word_1_211' title='bbox 381 2119 473 2165; x_wconf 82' lang='grc' dir='ltr'>ἄξεις</span> <span class='ocrx_word' id='word_1_212' title='bbox 492 2120 521 2159; x_wconf 80' lang='grc' dir='ltr'><strong>δ’</strong></span> <span class='ocrx_word' id='word_1_213' title='bbox 538 2120 572 2166; x_wconf 84' lang='grc' dir='ltr'><strong>ἐξ</strong></span> <span class='ocrx_word' id='word_1_214' title='bbox 597 2120 714 2161; x_wconf 80' lang='grc' dir='ltr'>Ἀίδαο</span> <span class='ocrx_word' id='word_1_215' title='bbox 731 2119 828 2178; x_wconf 82' lang='grc' dir='ltr'>κτλ.]</span> <span class='ocrx_word' id='word_1_216' title='bbox 852 2122 942 2161; x_wconf 80' lang='lat' dir='ltr'><strong>Haec</strong></span> <span class='ocrx_word' id='word_1_217' title='bbox 969 2122 1094 2162; x_wconf 87' lang='lat' dir='ltr'><strong>verba</strong></span> <span class='ocrx_word' id='word_1_218' title='bbox 1124 2124 1192 2162; x_wconf 92' lang='lat' dir='ltr'><strong>alii</strong></span> 
     </span>
     <span class='ocr_line' id='line_1_33' title="bbox 123 2178 1190 2234; baseline 0.004 -17"><span class='ocrx_word' id='word_1_219' title='bbox 123 2178 240 2217; x_wconf 77' lang='lat' dir='ltr'><strong>aliter</strong></span> <span class='ocrx_word' id='word_1_220' title='bbox 260 2180 583 2231; x_wconf 77' lang='lat' dir='ltr'><strong>interpretantur.</strong></span> <span class='ocrx_word' id='word_1_221' title='bbox 619 2180 820 2220; x_wconf 85' lang='lat' dir='ltr'><strong>Fabricius</strong></span> <span class='ocrx_word' id='word_1_222' title='bbox 846 2182 889 2219; x_wconf 91' lang='lat' dir='ltr'><strong>in</strong></span> <span class='ocrx_word' id='word_1_223' title='bbox 910 2181 1014 2221; x_wconf 89' lang='lat' dir='ltr'><strong>Sext.</strong></span> <span class='ocrx_word' id='word_1_224' title='bbox 1039 2181 1190 2234; x_wconf 87' lang='lat' dir='ltr'><strong>Empir.</strong></span> 
     </span>
     <span class='ocr_line' id='line_1_34' title="bbox 126 2237 1192 2291; baseline 0.005 -16"><span class='ocrx_word' id='word_1_225' title='bbox 126 2237 268 2289; x_wconf 86' lang='lat' dir='ltr'><strong>Pyrrh.</strong></span> <span class='ocrx_word' id='word_1_226' title='bbox 290 2238 391 2289; x_wconf 87' lang='lat' dir='ltr'><strong>Hyp.</strong></span> <span class='ocrx_word' id='word_1_227' title='bbox 411 2238 444 2285; x_wconf 87' lang='grc' dir='ltr'><strong>Ι,</strong></span> <span class='ocrx_word' id='word_1_228' title='bbox 463 2253 497 2276; x_wconf 90' lang='lat' dir='ltr'><strong>c.</strong></span> <span class='ocrx_word' id='word_1_229' title='bbox 523 2239 571 2276; x_wconf 83' lang='lat'><strong>33</strong></span> <span class='ocrx_word' id='word_1_230' title='bbox 598 2252 638 2291; x_wconf 89' lang='lat' dir='ltr'><strong>p.</strong></span> <span class='ocrx_word' id='word_1_231' title='bbox 661 2240 708 2277; x_wconf 89' lang='lat'><strong>61</strong></span> <span class='ocrx_word' id='word_1_232' title='bbox 733 2240 918 2290; x_wconf 90' lang='lat' dir='ltr'><strong>intelligit</strong></span> <span class='ocrx_word' id='word_1_233' title='bbox 939 2240 988 2279; x_wconf 92' lang='lat' dir='ltr'><strong>de</strong></span> <span class='ocrx_word' id='word_1_234' title='bbox 1006 2241 1086 2279; x_wconf 89' lang='lat' dir='ltr'><strong>vita</strong></span> <span class='ocrx_word' id='word_1_235' title='bbox 1111 2255 1192 2280; x_wconf 91' lang='lat' dir='ltr'><strong>me-</strong></span> 
     </span>
     <span class='ocr_line' id='line_1_35' title="bbox 123 2297 1191 2350; baseline 0.003 -13"><span class='ocrx_word' id='word_1_236' title='bbox 123 2298 268 2338; x_wconf 80' lang='lat' dir='ltr'><strong>dicinae</strong></span> <span class='ocrx_word' id='word_1_237' title='bbox 301 2310 375 2348; x_wconf 88' lang='lat' dir='ltr'><strong>ope</strong></span> <span class='ocrx_word' id='word_1_238' title='bbox 402 2310 424 2336; x_wconf 92' lang='lat' dir='ltr'><strong>e</strong></span> <span class='ocrx_word' id='word_1_239' title='bbox 444 2297 551 2336; x_wconf 85' lang='lat' dir='ltr'><strong>letali</strong></span> <span class='ocrx_word' id='word_1_240' title='bbox 577 2297 717 2337; x_wconf 88' lang='lat' dir='ltr'><strong>morbo</strong></span> <span class='ocrx_word' id='word_1_241' title='bbox 747 2308 922 2346; x_wconf 89' lang='lat' dir='ltr'><strong>servata,</strong></span> <span class='ocrx_word' id='word_1_242' title='bbox 948 2308 991 2338; x_wconf 91' lang='lat' dir='ltr'><strong>ut</strong></span> <span class='ocrx_word' id='word_1_243' title='bbox 1018 2314 1079 2340; x_wconf 89' lang='lat' dir='ltr'><strong>vs.</strong></span> <span class='ocrx_word' id='word_1_244' title='bbox 1115 2303 1191 2350; x_wconf 88' lang='grc'>476</span> 
     </span>
     <span class='ocr_line' id='line_1_36' title="bbox 124 2355 1193 2413; baseline 0.005 -18"><span class='ocrx_word' id='word_1_245' title='bbox 124 2359 244 2410; x_wconf 76' lang='grc' dir='ltr'>φῶτας</span> <span class='ocrx_word' id='word_1_246' title='bbox 270 2355 491 2410; x_wconf 74' lang='grc' dir='ltr'>ἀπέστρεψεν</span> <span class='ocrx_word' id='word_1_247' title='bbox 520 2357 746 2411; x_wconf 80' lang='grc' dir='ltr'>Περσεφόνης</span> <span class='ocrx_word' id='word_1_248' title='bbox 769 2358 954 2410; x_wconf 81' lang='grc' dir='ltr'>θαλάμων.</span> <span class='ocrx_word' id='word_1_249' title='bbox 978 2360 1074 2399; x_wconf 86' lang='lat' dir='ltr'><strong>Tale</strong></span> <span class='ocrx_word' id='word_1_250' title='bbox 1096 2363 1193 2413; x_wconf 90' lang='lat' dir='ltr'><strong>quid</strong></span> 
     </span>
     <span class='ocr_line' id='line_1_37' title="bbox 128 2414 1193 2471; baseline 0.006 -17"><span class='ocrx_word' id='word_1_251' title='bbox 128 2416 366 2469; x_wconf 83' lang='lat' dir='ltr'><strong>Hermippus</strong></span> <span class='ocrx_word' id='word_1_252' title='bbox 380 2414 484 2468; x_wconf 88' lang='lat' dir='ltr'><strong>apud</strong></span> <span class='ocrx_word' id='word_1_253' title='bbox 505 2415 718 2467; x_wconf 88' lang='lat' dir='ltr'><strong>Diogenem</strong></span> <span class='ocrx_word' id='word_1_254' title='bbox 735 2417 934 2457; x_wconf 88' lang='lat' dir='ltr'><strong>Laertium</strong></span> <span class='ocrx_word' id='word_1_255' title='bbox 950 2418 1055 2470; x_wconf 81' lang='lat' dir='ltr'><strong>vlu,</strong></span> <span class='ocrx_word' id='word_1_256' title='bbox 1074 2421 1126 2471; x_wconf 88' lang='lat'><strong>69</strong></span> <span class='ocrx_word' id='word_1_257' title='bbox 1145 2421 1193 2460; x_wconf 90' lang='lat' dir='ltr'><strong>de</strong></span> 
     </span>
     <span class='ocr_line' id='line_1_38' title="bbox 129 2473 1191 2531; baseline 0.007 -20"><span class='ocrx_word' id='word_1_258' title='bbox 129 2473 363 2526; x_wconf 78' lang='lat' dir='ltr'><strong>Empedocle</strong></span> <span class='ocrx_word' id='word_1_259' title='bbox 394 2474 528 2526; x_wconf 87' lang='lat' dir='ltr'><strong>prodit</strong></span> <span class='ocrx_word' id='word_1_260' title='bbox 551 2489 559 2513; x_wconf 75' lang='grc' dir='ltr'><strong>ε</strong></span> <span class='ocrx_word' id='word_1_261' title='bbox 581 2474 790 2529; x_wconf 84' lang='grc' dir='ltr'>Ἕρμιππος</span> <span class='ocrx_word' id='word_1_262' title='bbox 810 2475 847 2516; x_wconf 86' lang='grc' dir='ltr'><strong>δέ</strong></span> <span class='ocrx_word' id='word_1_263' title='bbox 871 2493 981 2531; x_wconf 72' lang='grc' dir='ltr'>φησι,</span> <span class='ocrx_word' id='word_1_264' title='bbox 1016 2478 1191 2518; x_wconf 77' lang='grc' dir='ltr'>Πάνθειάν</span> 
     </span>
     <span class='ocr_line' id='line_1_39' title="bbox 126 2532 1193 2594; baseline 0.008 -24"><span class='ocrx_word' id='word_1_265' title='bbox 126 2548 206 2572; x_wconf 66' lang='grc' dir='ltr'>τινα</span> <span class='ocrx_word' id='word_1_266' title='bbox 226 2532 517 2587; x_wconf 74' lang='grc' dir='ltr'>Ἀκραγαντίνην,</span> <span class='ocrx_word' id='word_1_267' title='bbox 541 2533 832 2586; x_wconf 79' lang='grc' dir='ltr'>ἀπηλπισμένην</span> <span class='ocrx_word' id='word_1_268' title='bbox 859 2536 926 2576; x_wconf 77' lang='grc' dir='ltr'><strong>ὑπὸ</strong></span> <span class='ocrx_word' id='word_1_269' title='bbox 959 2541 1027 2576; x_wconf 91' lang='grc' dir='ltr'><strong>τῶν</strong></span> <span class='ocrx_word' id='word_1_270' title='bbox 1063 2540 1193 2594; x_wconf 81' lang='grc' dir='ltr'>ἰατρῶν</span> 
     </span>
     <span class='ocr_line' id='line_1_40' title="bbox 124 2592 1191 2646; baseline 0.01 -16"><span class='ocrx_word' id='word_1_271' title='bbox 124 2595 343 2646; x_wconf 82' lang='grc' dir='ltr'>θεραπεῦσαι</span> <span class='ocrx_word' id='word_1_272' title='bbox 391 2592 510 2634; x_wconf 83' lang='grc' dir='ltr'>αὐτόν.</span> <span class='ocrx_word' id='word_1_273' title='bbox 548 2593 609 2635; x_wconf 91' lang='lat' dir='ltr'><strong>Cf.</strong></span> <span class='ocrx_word' id='word_1_274' title='bbox 650 2594 751 2636; x_wconf 87' lang='lat' dir='ltr'><strong>ibid.</strong></span> <span class='ocrx_word' id='word_1_275' title='bbox 800 2597 850 2634; x_wconf 91' lang='lat'><strong>60</strong></span> <span class='ocrx_word' id='word_1_276' title='bbox 899 2606 937 2636; x_wconf 91' lang='lat' dir='ltr'><strong>et</strong></span> <span class='ocrx_word' id='word_1_277' title='bbox 973 2597 1114 2638; x_wconf 89' lang='lat' dir='ltr'><strong>Suidas</strong></span> <span class='ocrx_word' id='word_1_278' title='bbox 1151 2614 1191 2641; x_wconf 82' lang='lat' dir='ltr'><strong>V.</strong></span> 
     </span>
     <span class='ocr_line' id='line_1_41' title="bbox 127 2650 273 2697; baseline 0.027 -9"><span class='ocrx_word' id='word_1_279' title='bbox 127 2650 273 2697; x_wconf 86' lang='grc' dir='ltr'>ἄπνους.</span> 
     </span>
    </p>

    <p class='ocr_par' dir='ltr' id='par_1_11' title="bbox 70 2709 1195 3540">
     <span class='ocr_line' id='line_1_42' title="bbox 180 2709 1190 2768; baseline 0.01 -21"><span class='ocrx_word' id='word_1_280' title='bbox 180 2709 265 2751; x_wconf 90' lang='lat' dir='ltr'><strong>Vss.</strong></span> <span class='ocrx_word' id='word_1_281' title='bbox 286 2716 462 2760; x_wconf 73' lang='lat'>471-472</span> <span class='ocrx_word' id='word_1_282' title='bbox 481 2712 586 2764; x_wconf 80' lang='grc' dir='ltr'>ἄκρον</span> <span class='ocrx_word' id='word_1_283' title='bbox 611 2711 728 2766; x_wconf 83' lang='grc' dir='ltr'>ἰητρὸν</span> <span class='ocrx_word' id='word_1_284' title='bbox 749 2712 841 2768; x_wconf 86' lang='grc' dir='ltr'>κτλ.]</span> <span class='ocrx_word' id='word_1_285' title='bbox 872 2714 1038 2766; x_wconf 85' lang='lat' dir='ltr'><strong>Diogen.</strong></span> <span class='ocrx_word' id='word_1_286' title='bbox 1060 2715 1190 2757; x_wconf 90' lang='lat' dir='ltr'><strong>Laert.</strong></span> 
     </span>
     <span class='ocr_line' id='line_1_43' title="bbox 125 2770 1193 2827; baseline 0.006 -19"><span class='ocrx_word' id='word_1_287' title='bbox 125 2770 234 2818; x_wconf 77' lang='lat' dir='ltr'><strong>tht,</strong></span> <span class='ocrx_word' id='word_1_288' title='bbox 252 2771 301 2809; x_wconf 86' lang='lat'><strong>65</strong></span> <span class='ocrx_word' id='word_1_289' title='bbox 320 2786 328 2809; x_wconf 74' lang='grc' dir='ltr'><strong>ι</strong></span> <span class='ocrx_word' id='word_1_290' title='bbox 346 2770 462 2810; x_wconf 80' lang='grc' dir='ltr'>Πάλιν</span> <span class='ocrx_word' id='word_1_291' title='bbox 483 2771 512 2810; x_wconf 82' lang='grc' dir='ltr'><strong>δ’</strong></span> <span class='ocrx_word' id='word_1_292' title='bbox 528 2770 703 2825; x_wconf 81' lang='grc' dir='ltr'>Ἄκρωνος</span> <span class='ocrx_word' id='word_1_293' title='bbox 722 2776 782 2811; x_wconf 86' lang='grc' dir='ltr'><strong>τοῦ</strong></span> <span class='ocrx_word' id='word_1_294' title='bbox 800 2774 922 2827; x_wconf 75' lang='grc' dir='ltr'>ἰατροῦ</span> <span class='ocrx_word' id='word_1_295' title='bbox 932 2774 1038 2814; x_wconf 85' lang='grc' dir='ltr'>τόπον</span> <span class='ocrx_word' id='word_1_296' title='bbox 1057 2777 1193 2814; x_wconf 82' lang='grc' dir='ltr'>αἰτοῦν-</span> 
     </span>
     <span class='ocr_line' id='line_1_44' title="bbox 75 2829 1195 2887; baseline 0.005 -20"><span class='ocrx_word' id='word_1_297' title='bbox 75 2831 78 2836; x_wconf 62' lang='lat'><strong>⁴</strong></span> <span class='ocrx_word' id='word_1_298' title='bbox 127 2844 186 2874; x_wconf 83' lang='grc' dir='ltr'><strong>τος</strong></span> <span class='ocrx_word' id='word_1_299' title='bbox 197 2829 296 2883; x_wconf 83' lang='grc' dir='ltr'>παρὰ</span> <span class='ocrx_word' id='word_1_300' title='bbox 313 2833 373 2877; x_wconf 78' lang='grc' dir='ltr'><strong>τῆς</strong></span> <span class='ocrx_word' id='word_1_301' title='bbox 387 2831 515 2883; x_wconf 68' lang='grc' dir='ltr'>βουλῆς</span> <span class='ocrx_word' id='word_1_302' title='bbox 529 2832 576 2876; x_wconf 88' lang='grc' dir='ltr'><strong>εἷς</strong></span> <span class='ocrx_word' id='word_1_303' title='bbox 590 2831 813 2880; x_wconf 78' lang='grc' dir='ltr'>κατασκευὴν</span> <span class='ocrx_word' id='word_1_304' title='bbox 828 2831 994 2887; x_wconf 82' lang='grc' dir='ltr'>πατρῴου</span> <span class='ocrx_word' id='word_1_305' title='bbox 1013 2833 1195 2884; x_wconf 75' lang='grc' dir='ltr'>μνήματος</span> 
     </span>
     <span class='ocr_line' id='line_1_45' title="bbox 128 2888 1195 2946; baseline 0.006 -20"><span class='ocrx_word' id='word_1_306' title='bbox 128 2888 185 2927; x_wconf 83' lang='grc' dir='ltr'><strong>διὰ</strong></span> <span class='ocrx_word' id='word_1_307' title='bbox 203 2889 268 2937; x_wconf 75' lang='grc' dir='ltr'><strong>τὴν</strong></span> <span class='ocrx_word' id='word_1_308' title='bbox 289 2890 322 2928; x_wconf 79' lang='grc' dir='ltr'><strong>ἐν</strong></span> <span class='ocrx_word' id='word_1_309' title='bbox 343 2895 413 2933; x_wconf 87' lang='grc' dir='ltr'>τοῖς</span> <span class='ocrx_word' id='word_1_310' title='bbox 431 2891 560 2943; x_wconf 78' lang='grc' dir='ltr'>ἰατροῖς</span> <span class='ocrx_word' id='word_1_311' title='bbox 581 2890 780 2944; x_wconf 81' lang='grc' dir='ltr'>ἀκρότητα,</span> <span class='ocrx_word' id='word_1_312' title='bbox 799 2891 984 2946; x_wconf 85' lang='grc' dir='ltr'>παρελθὼν</span> <span class='ocrx_word' id='word_1_313' title='bbox 1018 2895 1036 2931; x_wconf 85' lang='grc' dir='ltr'>ὁ</span> <span class='ocrx_word' id='word_1_314' title='bbox 1055 2893 1195 2944; x_wconf 83' lang='grc' dir='ltr'>Ἐμπε-</span> 
     </span>
     <span class='ocr_line' id='line_1_46' title="bbox 129 2947 1195 3007; baseline 0.005 -20"><span class='ocrx_word' id='word_1_315' title='bbox 129 2948 254 2996; x_wconf 75' lang='grc' dir='ltr'>δοκλῆς</span> <span class='ocrx_word' id='word_1_316' title='bbox 277 2947 453 2998; x_wconf 85' lang='grc' dir='ltr'>ἐκώλυσε,</span> <span class='ocrx_word' id='word_1_317' title='bbox 473 2950 518 2988; x_wconf 85' lang='grc' dir='ltr'><strong>τοί</strong></span> <span class='ocrx_word' id='word_1_318' title='bbox 535 2966 573 2988; x_wconf 90' lang='grc' dir='ltr'><strong>τε</strong></span> <span class='ocrx_word' id='word_1_319' title='bbox 593 2950 686 2990; x_wconf 79' lang='grc' dir='ltr'>ἄλλα</span> <span class='ocrx_word' id='word_1_320' title='bbox 706 2951 787 3004; x_wconf 86' lang='grc' dir='ltr'>περὶ</span> <span class='ocrx_word' id='word_1_321' title='bbox 815 2951 974 3001; x_wconf 78' lang='grc' dir='ltr'>ἰσότητος</span> <span class='ocrx_word' id='word_1_322' title='bbox 1001 2953 1195 3007; x_wconf 77' lang='grc' dir='ltr'>διαλεχθεὶς</span> 
     </span>
     <span class='ocr_line' id='line_1_47' title="bbox 129 3006 1194 3065; baseline 0.006 -20"><span class='ocrx_word' id='word_1_323' title='bbox 129 3006 191 3046; x_wconf 91' lang='grc' dir='ltr'><strong>καί</strong></span> <span class='ocrx_word' id='word_1_324' title='bbox 207 3023 241 3046; x_wconf 90' lang='grc' dir='ltr'><strong>τι</strong></span> <span class='ocrx_word' id='word_1_325' title='bbox 258 3007 318 3046; x_wconf 82' lang='grc' dir='ltr'><strong>καὶ</strong></span> <span class='ocrx_word' id='word_1_326' title='bbox 339 3011 494 3047; x_wconf 80' lang='grc' dir='ltr'>τοιοῦτον</span> <span class='ocrx_word' id='word_1_327' title='bbox 511 3009 691 3062; x_wconf 81' lang='grc' dir='ltr'>ἐρωτήσας</span> <span class='ocrx_word' id='word_1_328' title='bbox 706 3025 715 3034; x_wconf 89' lang='grc'><em>·</em></span> <span class='ocrx_word' id='word_1_329' title='bbox 733 3009 765 3049; x_wconf 88' lang='grc' dir='ltr'><strong>τί</strong></span> <span class='ocrx_word' id='word_1_330' title='bbox 789 3010 825 3049; x_wconf 78' lang='grc' dir='ltr'><strong>δὲ</strong></span> <span class='ocrx_word' id='word_1_331' title='bbox 856 3010 1096 3065; x_wconf 77' lang='grc' dir='ltr'>ἐπιγράψομεν</span> <span class='ocrx_word' id='word_1_332' title='bbox 1119 3013 1194 3051; x_wconf 82' lang='grc' dir='ltr'>ἐλε·</span> 
     </span>
     <span class='ocr_line' id='line_1_48' title="bbox 130 3066 1194 3125; baseline 0.005 -20"><span class='ocrx_word' id='word_1_333' title='bbox 130 3067 235 3117; x_wconf 83' lang='grc' dir='ltr'>γεῖον;</span> <span class='ocrx_word' id='word_1_334' title='bbox 251 3066 274 3115; x_wconf 81' lang='grc' dir='ltr'>ἢ</span> <span class='ocrx_word' id='word_1_335' title='bbox 295 3071 396 3107; x_wconf 78' lang='grc' dir='ltr'>τοῦτο</span> <span class='ocrx_word' id='word_1_336' title='bbox 406 3084 414 3093; x_wconf 90' lang='grc'><em>·</em></span> <span class='ocrx_word' id='word_1_337' title='bbox 428 3066 554 3123; x_wconf 86' lang='grc' dir='ltr'>Ἄκρον</span> <span class='ocrx_word' id='word_1_338' title='bbox 568 3070 644 3109; x_wconf 86' lang='grc' dir='ltr'>κτλ.</span> <span class='ocrx_word' id='word_1_339' title='bbox 661 3069 749 3115; x_wconf 82' lang='grc' dir='ltr'>τινὲς</span> <span class='ocrx_word' id='word_1_340' title='bbox 763 3069 799 3109; x_wconf 85' lang='grc' dir='ltr'><strong>δὲ</strong></span> <span class='ocrx_word' id='word_1_341' title='bbox 813 3070 871 3110; x_wconf 80' lang='grc' dir='ltr'><strong>τὸν</strong></span> <span class='ocrx_word' id='word_1_342' title='bbox 892 3070 1051 3124; x_wconf 83' lang='grc' dir='ltr'>δεύτερον</span> <span class='ocrx_word' id='word_1_343' title='bbox 1073 3072 1194 3125; x_wconf 80' lang='grc' dir='ltr'>στίχον</span> 
     </span>
     <span class='ocr_line' id='line_1_49' title="bbox 70 3125 1195 3184; baseline 0.006 -21"><span class='ocrx_word' id='word_1_344' title='bbox 70 3159 71 3162; x_wconf 73' lang='grc'>,</span> <span class='ocrx_word' id='word_1_345' title='bbox 119 3125 222 3173; x_wconf 39' lang='grc' dir='ltr'>,οὕτω</span> <span class='ocrx_word' id='word_1_346' title='bbox 247 3126 505 3181; x_wconf 74' lang='grc' dir='ltr'>προφέρονται·</span> <span class='ocrx_word' id='word_1_347' title='bbox 537 3129 732 3182; x_wconf 77' lang='grc' dir='ltr'>ἀκροτάτης</span> <span class='ocrx_word' id='word_1_348' title='bbox 753 3132 908 3184; x_wconf 71' lang='grc' dir='ltr'>κορυφῆς</span> <span class='ocrx_word' id='word_1_349' title='bbox 936 3129 1069 3182; x_wconf 72' lang='grc' dir='ltr'>τύμἙος</span> <span class='ocrx_word' id='word_1_350' title='bbox 1090 3131 1195 3183; x_wconf 81' lang='grc' dir='ltr'>ἄκρος</span> 
     </span>
     <span class='ocr_line' id='line_1_50' title="bbox 131 3184 1192 3244; baseline 0.005 -20"><span class='ocrx_word' id='word_1_351' title='bbox 131 3186 286 3240; x_wconf 80' lang='grc' dir='ltr'>κατέχει.</span> <span class='ocrx_word' id='word_1_352' title='bbox 313 3187 416 3226; x_wconf 80' lang='grc' dir='ltr'>τοῦτό</span> <span class='ocrx_word' id='word_1_353' title='bbox 446 3203 536 3233; x_wconf 87' lang='grc' dir='ltr'>τινες</span> <span class='ocrx_word' id='word_1_354' title='bbox 568 3189 771 3240; x_wconf 78' lang='grc' dir='ltr'>Σιμωνίδου</span> <span class='ocrx_word' id='word_1_355' title='bbox 804 3190 911 3244; x_wconf 76' lang='grc' dir='ltr'>φασὶν</span> <span class='ocrx_word' id='word_1_356' title='bbox 944 3184 1046 3230; x_wconf 70' lang='grc' dir='ltr'>εἶναι.</span> <span class='ocrx_word' id='word_1_357' title='bbox 1087 3191 1192 3230; x_wconf 83' lang='lat' dir='ltr'><strong>Idem</strong></span> 
     </span>
     <span class='ocr_line' id='line_1_51' title="bbox 127 3245 1192 3300; baseline 0.005 -17"><span class='ocrx_word' id='word_1_358' title='bbox 127 3245 374 3297; x_wconf 76' lang='lat' dir='ltr'><strong>epigramma</strong></span> <span class='ocrx_word' id='word_1_359' title='bbox 405 3256 530 3286; x_wconf 87' lang='lat' dir='ltr'><strong>exstat</strong></span> <span class='ocrx_word' id='word_1_360' title='bbox 571 3248 675 3300; x_wconf 86' lang='lat' dir='ltr'><strong>apud</strong></span> <span class='ocrx_word' id='word_1_361' title='bbox 718 3249 958 3300; x_wconf 80' lang='lat' dir='ltr'><strong>Hesychium</strong></span> <span class='ocrx_word' id='word_1_362' title='bbox 999 3250 1192 3288; x_wconf 89' lang='lat' dir='ltr'><strong>Milesium</strong></span> 
     </span>
     <span class='ocr_line' id='line_1_52' title="bbox 130 3306 1193 3362; baseline 0.006 -20"><span class='ocrx_word' id='word_1_363' title='bbox 130 3317 218 3356; x_wconf 83' lang='lat' dir='ltr'><strong>pag.</strong></span> <span class='ocrx_word' id='word_1_364' title='bbox 235 3311 283 3351; x_wconf 74' lang='lat'><strong>24</strong></span> <span class='ocrx_word' id='word_1_365' title='bbox 308 3306 368 3347; x_wconf 83' lang='lat' dir='ltr'><strong>ed.</strong></span> <span class='ocrx_word' id='word_1_366' title='bbox 386 3306 509 3347; x_wconf 87' lang='lat' dir='ltr'><strong>Orell.</strong></span> <span class='ocrx_word' id='word_1_367' title='bbox 533 3307 603 3346; x_wconf 94' lang='lat' dir='ltr'><strong>ubi</strong></span> <span class='ocrx_word' id='word_1_368' title='bbox 621 3308 764 3359; x_wconf 87' lang='lat' dir='ltr'><strong>legitur</strong></span> <span class='ocrx_word' id='word_1_369' title='bbox 781 3308 915 3362; x_wconf 73' lang='grc' dir='ltr'>ἰατρόν,</span> <span class='ocrx_word' id='word_1_370' title='bbox 933 3317 970 3347; x_wconf 90' lang='lat' dir='ltr'><strong>et</strong></span> <span class='ocrx_word' id='word_1_371' title='bbox 992 3309 1032 3348; x_wconf 91' lang='lat' dir='ltr'><strong>in</strong></span> <span class='ocrx_word' id='word_1_372' title='bbox 1053 3309 1193 3349; x_wconf 89' lang='lat' dir='ltr'><strong>Walzii</strong></span> 
     </span>
     <span class='ocr_line' id='line_1_53' title="bbox 131 3363 1190 3421; baseline 0.006 -20"><span class='ocrx_word' id='word_1_373' title='bbox 131 3363 244 3403; x_wconf 73' lang='lat' dir='ltr'><strong>Rhet.</strong></span> <span class='ocrx_word' id='word_1_374' title='bbox 266 3365 337 3405; x_wconf 83' lang='lat' dir='ltr'><strong>Gr.</strong></span> <span class='ocrx_word' id='word_1_375' title='bbox 358 3366 431 3414; x_wconf 81' lang='lat' dir='ltr'><strong>lll,</strong></span> <span class='ocrx_word' id='word_1_376' title='bbox 447 3381 489 3419; x_wconf 86' lang='lat' dir='ltr'><strong>p.</strong></span> <span class='ocrx_word' id='word_1_377' title='bbox 509 3368 603 3416; x_wconf 77' lang='lat'><strong>641,</strong></span> <span class='ocrx_word' id='word_1_378' title='bbox 622 3367 692 3407; x_wconf 91' lang='lat' dir='ltr'><strong>ubi</strong></span> <span class='ocrx_word' id='word_1_379' title='bbox 724 3367 1003 3421; x_wconf 87' lang='grc' dir='ltr'>Ἀκραγαντίνων</span> <span class='ocrx_word' id='word_1_380' title='bbox 1024 3378 1062 3407; x_wconf 91' lang='lat' dir='ltr'><strong>et</strong></span> <span class='ocrx_word' id='word_1_381' title='bbox 1078 3382 1138 3407; x_wconf 90' lang='lat' dir='ltr'><strong>vs.</strong></span> <span class='ocrx_word' id='word_1_382' title='bbox 1169 3384 1190 3407; x_wconf 82' lang='lat'>2</span> 
     </span>
     <span class='ocr_line' id='line_1_54' title="bbox 130 3424 1191 3479; baseline 0.008 -18"><span class='ocrx_word' id='word_1_383' title='bbox 130 3424 286 3476; x_wconf 82' lang='grc' dir='ltr'>κρημνὸς</span> <span class='ocrx_word' id='word_1_384' title='bbox 314 3425 382 3479; x_wconf 81' lang='grc' dir='ltr'><strong>ἀήρ</strong></span> <span class='ocrx_word' id='word_1_385' title='bbox 409 3427 599 3478; x_wconf 88' lang='lat' dir='ltr'><strong>scriptum</strong></span> <span class='ocrx_word' id='word_1_386' title='bbox 627 3436 697 3468; x_wconf 89' lang='lat' dir='ltr'><strong>est.</strong></span> <span class='ocrx_word' id='word_1_387' title='bbox 725 3428 836 3467; x_wconf 84' lang='lat' dir='ltr'><strong>Adde</strong></span> <span class='ocrx_word' id='word_1_388' title='bbox 862 3428 1021 3466; x_wconf 83' lang='lat' dir='ltr'><strong>Anthol.</strong></span> <span class='ocrx_word' id='word_1_389' title='bbox 1054 3428 1191 3470; x_wconf 80' lang='lat' dir='ltr'><strong>Bosch.</strong></span> 
     </span>
     <span class='ocr_line' id='line_1_55' title="bbox 129 3482 1194 3540; baseline 0.007 -20"><span class='ocrx_word' id='word_1_390' title='bbox 129 3482 179 3524; x_wconf 79' lang='grc' dir='ltr'><strong>Τ.</strong></span> <span class='ocrx_word' id='word_1_391' title='bbox 203 3483 259 3522; x_wconf 87' lang='lat' dir='ltr'><strong>lll</strong></span> <span class='ocrx_word' id='word_1_392' title='bbox 275 3498 315 3535; x_wconf 87' lang='lat' dir='ltr'><strong>p.</strong></span> <span class='ocrx_word' id='word_1_393' title='bbox 341 3485 432 3532; x_wconf 78' lang='lat'>332,</span> <span class='ocrx_word' id='word_1_394' title='bbox 453 3485 611 3525; x_wconf 86' lang='lat' dir='ltr'><strong>Suidam</strong></span> <span class='ocrx_word' id='word_1_395' title='bbox 629 3501 667 3526; x_wconf 90' lang='lat' dir='ltr'><strong>v.</strong></span> <span class='ocrx_word' id='word_1_396' title='bbox 686 3484 839 3540; x_wconf 82' lang='grc' dir='ltr'>Ἀκρων.</span> <span class='ocrx_word' id='word_1_397' title='bbox 855 3487 1010 3526; x_wconf 80' lang='lat' dir='ltr'><strong>Omisso</strong></span> <span class='ocrx_word' id='word_1_398' title='bbox 1023 3488 1194 3527; x_wconf 83' lang='lat' dir='ltr'><strong>auctoris</strong></span> 
     </span>
    </p>
   </div>
   <div class='ocr_carea' id='block_1_8' title="bbox 1247 338 2319 1285">
    <p class='ocr_par' dir='ltr' id='par_1_12' title="bbox 1247 338 2319 1285">
     <span class='ocr_line' id='line_1_56' title="bbox 1247 338 2312 398; baseline 0.007 -23"><span class='ocrx_word' id='word_1_399' title='bbox 1247 338 1408 377; x_wconf 88' lang='lat' dir='ltr'><strong>nomine</strong></span> <span class='ocrx_word' id='word_1_400' title='bbox 1431 338 1544 377; x_wconf 83' lang='lat' dir='ltr'><strong>affert</strong></span> <span class='ocrx_word' id='word_1_401' title='bbox 1565 339 1787 379; x_wconf 83' lang='lat' dir='ltr'><strong>Eustathius</strong></span> <span class='ocrx_word' id='word_1_402' title='bbox 1807 341 1856 378; x_wconf 89' lang='lat' dir='ltr'><strong>ad</strong></span> <span class='ocrx_word' id='word_1_403' title='bbox 1882 341 2024 393; x_wconf 84' lang='lat' dir='ltr'><strong>Odyss.</strong></span> <span class='ocrx_word' id='word_1_404' title='bbox 2044 343 2116 383; x_wconf 93' lang='lat' dir='ltr'><strong>lib.</strong></span> <span class='ocrx_word' id='word_1_405' title='bbox 2146 344 2200 384; x_wconf 88' lang='lat' dir='ltr'><strong>lX</strong></span> <span class='ocrx_word' id='word_1_406' title='bbox 2220 360 2312 398; x_wconf 84' lang='lat' dir='ltr'><strong>pag.</strong></span> 
     </span>
     <span class='ocr_line' id='line_1_57' title="bbox 1253 398 2313 450; baseline 0.011 -15"><span class='ocrx_word' id='word_1_407' title='bbox 1253 399 1369 445; x_wconf 74' lang='grc'>1634,</span> <span class='ocrx_word' id='word_1_408' title='bbox 1397 413 1458 438; x_wconf 85' lang='lat'><strong>12.</strong></span> <span class='ocrx_word' id='word_1_409' title='bbox 1478 398 1634 450; x_wconf 87' lang='lat' dir='ltr'><strong>Spectat</strong></span> <span class='ocrx_word' id='word_1_410' title='bbox 1653 399 1727 437; x_wconf 86' lang='lat' dir='ltr'><strong>hoc</strong></span> <span class='ocrx_word' id='word_1_411' title='bbox 1751 399 1913 439; x_wconf 87' lang='lat' dir='ltr'><strong>fortasse</strong></span> <span class='ocrx_word' id='word_1_412' title='bbox 1942 402 2094 442; x_wconf 87' lang='lat' dir='ltr'><strong>Plinius</strong></span> <span class='ocrx_word' id='word_1_413' title='bbox 2112 404 2213 446; x_wconf 88' lang='lat' dir='ltr'><strong>Hist.</strong></span> <span class='ocrx_word' id='word_1_414' title='bbox 2234 415 2313 447; x_wconf 85' lang='lat' dir='ltr'><strong>nat.</strong></span> 
     </span>
     <span class='ocr_line' id='line_1_58' title="bbox 1248 456 2317 517; baseline 0.009 -22"><span class='ocrx_word' id='word_1_415' title='bbox 1248 456 1384 506; x_wconf 85' lang='lat' dir='ltr'><strong>XXIX,</strong></span> <span class='ocrx_word' id='word_1_416' title='bbox 1395 458 1430 496; x_wconf 83' lang='grc'><strong>5.</strong></span> <span class='ocrx_word' id='word_1_417' title='bbox 1445 457 1725 511; x_wconf 70' lang='grc' dir='ltr'>Κρημνὸςιιυοά</span> <span class='ocrx_word' id='word_1_418' title='bbox 1738 473 1824 497; x_wconf 93' lang='lat' dir='ltr'><strong>cum</strong></span> <span class='ocrx_word' id='word_1_419' title='bbox 1838 460 1926 499; x_wconf 87' lang='lat' dir='ltr'><strong>aliis</strong></span> <span class='ocrx_word' id='word_1_420' title='bbox 1936 465 2115 500; x_wconf 78' lang='lat' dir='ltr'><strong>tumulum</strong></span> <span class='ocrx_word' id='word_1_421' title='bbox 2128 464 2317 517; x_wconf 87' lang='lat' dir='ltr'><strong>interpre-</strong></span> 
     </span>
     <span class='ocr_line' id='line_1_59' title="bbox 1249 518 2316 575; baseline 0.008 -20"><span class='ocrx_word' id='word_1_422' title='bbox 1249 525 1350 556; x_wconf 91' lang='lat' dir='ltr'><strong>tatus</strong></span> <span class='ocrx_word' id='word_1_423' title='bbox 1373 530 1458 556; x_wconf 89' lang='lat' dir='ltr'><strong>sum</strong></span> <span class='ocrx_word' id='word_1_424' title='bbox 1477 518 1646 570; x_wconf 83' lang='lat' dir='ltr'><strong>pertinet</strong></span> <span class='ocrx_word' id='word_1_425' title='bbox 1666 518 1713 556; x_wconf 91' lang='lat' dir='ltr'><strong>ad</strong></span> <span class='ocrx_word' id='word_1_426' title='bbox 1729 519 1868 557; x_wconf 88' lang='lat' dir='ltr'><strong>collem</strong></span> <span class='ocrx_word' id='word_1_427' title='bbox 1886 521 2029 559; x_wconf 91' lang='lat' dir='ltr'><strong>montis</strong></span> <span class='ocrx_word' id='word_1_428' title='bbox 2044 521 2085 559; x_wconf 92' lang='lat' dir='ltr'><strong>in</strong></span> <span class='ocrx_word' id='word_1_429' title='bbox 2106 536 2185 574; x_wconf 92' lang='lat' dir='ltr'><strong>quo</strong></span> <span class='ocrx_word' id='word_1_430' title='bbox 2203 526 2316 575; x_wconf 87' lang='lat' dir='ltr'><strong>Agri-</strong></span> 
     </span>
     <span class='ocr_line' id='line_1_60' title="bbox 1249 578 2315 630; baseline 0.008 -15"><span class='ocrx_word' id='word_1_431' title='bbox 1249 586 1406 628; x_wconf 88' lang='lat' dir='ltr'><strong>gentum</strong></span> <span class='ocrx_word' id='word_1_432' title='bbox 1417 578 1606 630; x_wconf 89' lang='lat' dir='ltr'><strong>oppidum</strong></span> <span class='ocrx_word' id='word_1_433' title='bbox 1620 578 1737 617; x_wconf 90' lang='lat' dir='ltr'><strong>situm</strong></span> <span class='ocrx_word' id='word_1_434' title='bbox 1752 587 1847 617; x_wconf 85' lang='lat' dir='ltr'><strong>erat.</strong></span> <span class='ocrx_word' id='word_1_435' title='bbox 1860 579 1917 618; x_wconf 92' lang='lat' dir='ltr'><strong>De</strong></span> <span class='ocrx_word' id='word_1_436' title='bbox 1927 579 2141 619; x_wconf 90' lang='lat' dir='ltr'><strong>verborum</strong></span> <span class='ocrx_word' id='word_1_437' title='bbox 2153 595 2269 622; x_wconf 89' lang='lat' dir='ltr'><strong>sensu</strong></span> <span class='ocrx_word' id='word_1_438' title='bbox 2278 593 2315 623; x_wconf 90' lang='lat' dir='ltr'><strong>et</strong></span> 
     </span>
     <span class='ocr_line' id='line_1_61' title="bbox 1249 636 2316 691; baseline 0.007 -16"><span class='ocrx_word' id='word_1_439' title='bbox 1249 646 1391 676; x_wconf 88' lang='lat' dir='ltr'><strong>ornatu</strong></span> <span class='ocrx_word' id='word_1_440' title='bbox 1411 638 1505 676; x_wconf 89' lang='lat' dir='ltr'><strong>satis</strong></span> <span class='ocrx_word' id='word_1_441' title='bbox 1534 638 1658 691; x_wconf 86' lang='lat' dir='ltr'><strong>multa</strong></span> <span class='ocrx_word' id='word_1_442' title='bbox 1687 636 1737 676; x_wconf 88' lang='lat' dir='ltr'><strong>ab</strong></span> <span class='ocrx_word' id='word_1_443' title='bbox 1762 637 2008 690; x_wconf 84' lang='lat' dir='ltr'><strong>Empedoclis</strong></span> <span class='ocrx_word' id='word_1_444' title='bbox 2040 640 2259 682; x_wconf 82' lang='lat' dir='ltr'><strong>editoribus</strong></span> <span class='ocrx_word' id='word_1_445' title='bbox 2279 653 2316 682; x_wconf 89' lang='lat' dir='ltr'><strong>et</strong></span> 
     </span>
     <span class='ocr_line' id='line_1_62' title="bbox 1248 697 2316 754; baseline 0.007 -19"><span class='ocrx_word' id='word_1_446' title='bbox 1248 697 1338 736; x_wconf 88' lang='lat' dir='ltr'><strong>aliis</strong></span> <span class='ocrx_word' id='word_1_447' title='bbox 1363 698 1467 736; x_wconf 85' lang='lat' dir='ltr'><strong>dicta</strong></span> <span class='ocrx_word' id='word_1_448' title='bbox 1492 706 1598 738; x_wconf 88' lang='lat' dir='ltr'><strong>sunt.</strong></span> <span class='ocrx_word' id='word_1_449' title='bbox 1629 697 1908 750; x_wconf 86' lang='lat' dir='ltr'><strong>Empedocleas</strong></span> <span class='ocrx_word' id='word_1_450' title='bbox 1937 698 2095 739; x_wconf 86' lang='lat' dir='ltr'><strong>facetias</strong></span> <span class='ocrx_word' id='word_1_451' title='bbox 2117 700 2316 754; x_wconf 88' lang='lat' dir='ltr'><strong>hujusque</strong></span> 
     </span>
     <span class='ocr_line' id='line_1_63' title="bbox 1247 756 2319 810; baseline 0.005 -16"><span class='ocrx_word' id='word_1_452' title='bbox 1247 756 1363 807; x_wconf 88' lang='lat' dir='ltr'><strong>elegii</strong></span> <span class='ocrx_word' id='word_1_453' title='bbox 1376 758 1554 807; x_wconf 86' lang='lat' dir='ltr'><strong>gratiam,</strong></span> <span class='ocrx_word' id='word_1_454' title='bbox 1564 757 1677 796; x_wconf 87' lang='lat' dir='ltr'><strong>sitam</strong></span> <span class='ocrx_word' id='word_1_455' title='bbox 1690 757 1730 795; x_wconf 93' lang='lat' dir='ltr'><strong>in</strong></span> <span class='ocrx_word' id='word_1_456' title='bbox 1741 758 2062 808; x_wconf 89' lang='lat' dir='ltr'><strong>agnominatione</strong></span> <span class='ocrx_word' id='word_1_457' title='bbox 2071 772 2187 810; x_wconf 87' lang='lat' dir='ltr'><strong>quam</strong></span> <span class='ocrx_word' id='word_1_458' title='bbox 2202 761 2319 799; x_wconf 85' lang='lat' dir='ltr'><strong>Acro·</strong></span> 
     </span>
     <span class='ocr_line' id='line_1_64' title="bbox 1248 815 2317 871; baseline 0.004 -17"><span class='ocrx_word' id='word_1_459' title='bbox 1248 816 1310 855; x_wconf 93' lang='lat' dir='ltr'><strong>nis</strong></span> <span class='ocrx_word' id='word_1_460' title='bbox 1336 826 1373 855; x_wconf 88' lang='lat' dir='ltr'><strong>et</strong></span> <span class='ocrx_word' id='word_1_461' title='bbox 1394 817 1597 868; x_wconf 77' lang='lat' dir='ltr'><strong>Agrigenti</strong></span> <span class='ocrx_word' id='word_1_462' title='bbox 1626 817 1788 856; x_wconf 88' lang='lat' dir='ltr'><strong>nomina</strong></span> <span class='ocrx_word' id='word_1_463' title='bbox 1804 831 1893 856; x_wconf 92' lang='lat' dir='ltr'><strong>cum</strong></span> <span class='ocrx_word' id='word_1_464' title='bbox 1922 815 2028 871; x_wconf 76' lang='grc' dir='ltr'>ἄκρος</span> <span class='ocrx_word' id='word_1_465' title='bbox 2048 818 2220 870; x_wconf 85' lang='lat' dir='ltr'><strong>epitheto</strong></span> <span class='ocrx_word' id='word_1_466' title='bbox 2235 821 2317 859; x_wconf 84' lang='lat' dir='ltr'><strong>effi-</strong></span> 
     </span>
     <span class='ocr_line' id='line_1_65' title="bbox 1249 875 2319 929; baseline 0.003 -15"><span class='ocrx_word' id='word_1_467' title='bbox 1249 876 1372 927; x_wconf 86' lang='lat' dir='ltr'><strong>ciunt,</strong></span> <span class='ocrx_word' id='word_1_468' title='bbox 1396 877 1464 915; x_wconf 87' lang='lat' dir='ltr'><strong>vix</strong></span> <span class='ocrx_word' id='word_1_469' title='bbox 1481 877 1602 915; x_wconf 91' lang='lat' dir='ltr'><strong>latino</strong></span> <span class='ocrx_word' id='word_1_470' title='bbox 1617 875 1787 916; x_wconf 88' lang='lat' dir='ltr'><strong>disticho</strong></span> <span class='ocrx_word' id='word_1_471' title='bbox 1809 877 1921 916; x_wconf 85' lang='lat' dir='ltr'><strong>reddi</strong></span> <span class='ocrx_word' id='word_1_472' title='bbox 1946 890 2060 929; x_wconf 87' lang='lat' dir='ltr'><strong>posse</strong></span> <span class='ocrx_word' id='word_1_473' title='bbox 2081 887 2319 917; x_wconf 88' lang='lat' dir='ltr'><strong>censuerunt</strong></span> 
     </span>
     <span class='ocr_line' id='line_1_66' title="bbox 1250 935 2317 989; baseline 0.003 -16"><span class='ocrx_word' id='word_1_474' title='bbox 1250 935 1369 975; x_wconf 87' lang='lat' dir='ltr'><strong>Hadr.</strong></span> <span class='ocrx_word' id='word_1_475' title='bbox 1400 936 1543 975; x_wconf 90' lang='lat' dir='ltr'><strong>Junius</strong></span> <span class='ocrx_word' id='word_1_476' title='bbox 1571 936 1620 974; x_wconf 86' lang='lat' dir='ltr'><strong>ad</strong></span> <span class='ocrx_word' id='word_1_477' title='bbox 1648 935 1887 988; x_wconf 85' lang='lat' dir='ltr'><strong>Hesychium</strong></span> <span class='ocrx_word' id='word_1_478' title='bbox 1913 936 2109 976; x_wconf 87' lang='lat' dir='ltr'><strong>Milesium</strong></span> <span class='ocrx_word' id='word_1_479' title='bbox 2132 951 2218 989; x_wconf 88' lang='lat' dir='ltr'><strong>pag.</strong></span> <span class='ocrx_word' id='word_1_480' title='bbox 2246 939 2317 976; x_wconf 80' lang='lat'><strong>133</strong></span> 
     </span>
     <span class='ocr_line' id='line_1_67' title="bbox 1248 995 2316 1049; baseline 0.002 -16"><span class='ocrx_word' id='word_1_481' title='bbox 1248 995 1309 1033; x_wconf 90' lang='lat' dir='ltr'><strong>ed.</strong></span> <span class='ocrx_word' id='word_1_482' title='bbox 1327 995 1446 1036; x_wconf 89' lang='lat' dir='ltr'><strong>Orell.</strong></span> <span class='ocrx_word' id='word_1_483' title='bbox 1462 1004 1500 1034; x_wconf 86' lang='lat' dir='ltr'><strong>et</strong></span> <span class='ocrx_word' id='word_1_484' title='bbox 1522 995 1721 1035; x_wconf 85' lang='lat' dir='ltr'><strong>Fabricius</strong></span> <span class='ocrx_word' id='word_1_485' title='bbox 1741 995 1841 1034; x_wconf 87' lang='lat' dir='ltr'><strong>Bibl.</strong></span> <span class='ocrx_word' id='word_1_486' title='bbox 1861 995 1931 1036; x_wconf 91' lang='lat' dir='ltr'><strong>Gr.</strong></span> <span class='ocrx_word' id='word_1_487' title='bbox 1947 995 2060 1035; x_wconf 87' lang='lat' dir='ltr'><strong>Tom.</strong></span> <span class='ocrx_word' id='word_1_488' title='bbox 2075 996 2172 1035; x_wconf 89' lang='lat' dir='ltr'><strong>Xlll</strong></span> <span class='ocrx_word' id='word_1_489' title='bbox 2192 1011 2234 1049; x_wconf 89' lang='lat' dir='ltr'><strong>p.</strong></span> <span class='ocrx_word' id='word_1_490' title='bbox 2253 998 2316 1036; x_wconf 80' lang='lat'><strong>33.</strong></span> 
     </span>
     <span class='ocr_line' id='line_1_68' title="bbox 1250 1054 2319 1108; baseline 0.001 -15"><span class='ocrx_word' id='word_1_491' title='bbox 1250 1054 1474 1093; x_wconf 86' lang='lat' dir='ltr'><strong>Periculum</strong></span> <span class='ocrx_word' id='word_1_492' title='bbox 1504 1063 1633 1094; x_wconf 90' lang='lat' dir='ltr'><strong>tamen</strong></span> <span class='ocrx_word' id='word_1_493' title='bbox 1662 1054 1748 1107; x_wconf 89' lang='lat' dir='ltr'><strong>ejus</strong></span> <span class='ocrx_word' id='word_1_494' title='bbox 1779 1055 1837 1094; x_wconf 91' lang='lat' dir='ltr'><strong>rei</strong></span> <span class='ocrx_word' id='word_1_495' title='bbox 1860 1055 1985 1094; x_wconf 87' lang='lat' dir='ltr'><strong>fecere</strong></span> <span class='ocrx_word' id='word_1_496' title='bbox 2013 1065 2157 1108; x_wconf 83' lang='lat' dir='ltr'><strong>praeter</strong></span> <span class='ocrx_word' id='word_1_497' title='bbox 2189 1057 2319 1108; x_wconf 86' lang='lat' dir='ltr'><strong>ipsum</strong></span> 
     </span>
     <span class='ocr_line' id='line_1_69' title="bbox 1248 1114 2318 1167; baseline 0.003 -15"><span class='ocrx_word' id='word_1_498' title='bbox 1248 1115 1410 1152; x_wconf 88' lang='lat' dir='ltr'><strong>Junium</strong></span> <span class='ocrx_word' id='word_1_499' title='bbox 1429 1114 1454 1153; x_wconf 91' lang='lat' dir='ltr'><strong>l.</strong></span> <span class='ocrx_word' id='word_1_500' title='bbox 1475 1129 1509 1154; x_wconf 88' lang='lat' dir='ltr'><strong>c.</strong></span> <span class='ocrx_word' id='word_1_501' title='bbox 1530 1129 1567 1167; x_wconf 91' lang='lat' dir='ltr'><strong>p.</strong></span> <span class='ocrx_word' id='word_1_502' title='bbox 1590 1114 1639 1152; x_wconf 81' lang='lat'><strong>25</strong></span> <span class='ocrx_word' id='word_1_503' title='bbox 1661 1114 1824 1153; x_wconf 88' lang='lat' dir='ltr'><strong>Grotius</strong></span> <span class='ocrx_word' id='word_1_504' title='bbox 1842 1115 1948 1167; x_wconf 87' lang='lat' dir='ltr'><strong>apud</strong></span> <span class='ocrx_word' id='word_1_505' title='bbox 1965 1115 2175 1155; x_wconf 88' lang='lat' dir='ltr'><strong>Boschium</strong></span> <span class='ocrx_word' id='word_1_506' title='bbox 2192 1117 2240 1157; x_wconf 85' lang='lat' dir='ltr'><strong>T.</strong></span> <span class='ocrx_word' id='word_1_507' title='bbox 2261 1118 2318 1156; x_wconf 87' lang='lat'><strong>111</strong></span> 
     </span>
     <span class='ocr_line' id='line_1_70' title="bbox 1251 1172 2318 1229; baseline 0.003 -17"><span class='ocrx_word' id='word_1_508' title='bbox 1251 1187 1286 1225; x_wconf 90' lang='lat' dir='ltr'><strong>p.</strong></span> <span class='ocrx_word' id='word_1_509' title='bbox 1307 1175 1382 1213; x_wconf 90' lang='grc'><strong>333</strong></span> <span class='ocrx_word' id='word_1_510' title='bbox 1404 1183 1442 1212; x_wconf 90' lang='lat' dir='ltr'><strong>et</strong></span> <span class='ocrx_word' id='word_1_511' title='bbox 1460 1174 1690 1213; x_wconf 71' lang='lat' dir='ltr'><strong>Kal-stenius</strong></span> <span class='ocrx_word' id='word_1_512' title='bbox 1717 1188 1756 1226; x_wconf 89' lang='lat' dir='ltr'><strong>p.</strong></span> <span class='ocrx_word' id='word_1_513' title='bbox 1785 1175 1850 1212; x_wconf 88' lang='lat'><strong>61.</strong></span> <span class='ocrx_word' id='word_1_514' title='bbox 1879 1173 1958 1213; x_wconf 89' lang='lat' dir='ltr'><strong>Nos</strong></span> <span class='ocrx_word' id='word_1_515' title='bbox 1986 1172 2150 1229; x_wconf 84' lang='grc' dir='ltr'>Ἄκρωνα</span> <span class='ocrx_word' id='word_1_516' title='bbox 2173 1178 2318 1215; x_wconf 85' lang='lat' dir='ltr'><strong>Celsum</strong></span> 
     </span>
     <span class='ocr_line' id='line_1_71' title="bbox 1250 1233 2006 1285; baseline 0.003 -14"><span class='ocrx_word' id='word_1_517' title='bbox 1250 1242 1435 1272; x_wconf 89' lang='lat' dir='ltr'><strong>vocantes</strong></span> <span class='ocrx_word' id='word_1_518' title='bbox 1455 1233 1683 1285; x_wconf 89' lang='lat' dir='ltr'><strong>hujusmodi</strong></span> <span class='ocrx_word' id='word_1_519' title='bbox 1704 1233 1800 1285; x_wconf 91' lang='lat' dir='ltr'><strong>quid</strong></span> <span class='ocrx_word' id='word_1_520' title='bbox 1817 1233 2006 1274; x_wconf 88' lang='lat' dir='ltr'><strong>lusimus:</strong></span> 
     </span>
    </p>
   </div>
   <div class='ocr_carea' id='block_1_9' title="bbox 1293 1349 2199 1441">
    <p class='ocr_par' dir='ltr' id='par_1_13' title="bbox 1293 1349 2199 1441">
     <span class='ocr_line' id='line_1_72' title="bbox 1293 1349 2199 1392; baseline 0.003 -10"><span class='ocrx_word' id='word_1_521' title='bbox 1293 1349 1422 1383; x_wconf 72' lang='lat' dir='ltr'><strong>Celsum</strong></span> <span class='ocrx_word' id='word_1_522' title='bbox 1441 1351 1690 1392; x_wconf 73' lang='lat' dir='ltr'><strong>AcragantInum</strong></span> <span class='ocrx_word' id='word_1_523' title='bbox 1706 1351 1867 1384; x_wconf 87' lang='lat' dir='ltr'><strong>medicum</strong></span> <span class='ocrx_word' id='word_1_524' title='bbox 1882 1350 1969 1383; x_wconf 80' lang='lat' dir='ltr'><strong>celso</strong></span> <span class='ocrx_word' id='word_1_525' title='bbox 1983 1355 2070 1391; x_wconf 80' lang='lat' dir='ltr'><strong>patre</strong></span> <span class='ocrx_word' id='word_1_526' title='bbox 2087 1356 2199 1385; x_wconf 85' lang='lat' dir='ltr'><strong>natum</strong></span> 
     </span>
     <span class='ocr_line' id='line_1_73' title="bbox 1336 1398 2035 1441; baseline 0.003 -11"><span class='ocrx_word' id='word_1_527' title='bbox 1336 1399 1499 1439; x_wconf 81' lang='lat' dir='ltr'><strong>praecelsae</strong></span> <span class='ocrx_word' id='word_1_528' title='bbox 1517 1399 1661 1431; x_wconf 87' lang='lat' dir='ltr'><strong>tumulus</strong></span> <span class='ocrx_word' id='word_1_529' title='bbox 1675 1399 1780 1432; x_wconf 90' lang='lat' dir='ltr'><strong>celsus</strong></span> <span class='ocrx_word' id='word_1_530' title='bbox 1798 1399 1893 1431; x_wconf 83' lang='lat' dir='ltr'><strong>habet</strong></span> <span class='ocrx_word' id='word_1_531' title='bbox 1911 1398 2035 1441; x_wconf 82' lang='lat' dir='ltr'><strong>patriae.</strong></span> 
     </span>
    </p>
   </div>
   <div class='ocr_carea' id='block_1_10' title="bbox 1251 1518 2378 3540">
    <p class='ocr_par' dir='ltr' id='par_1_14' title="bbox 1251 1518 2320 1693">
     <span class='ocr_line' id='line_1_74' title="bbox 1251 1518 2320 1573; baseline 0.005 -17"><span class='ocrx_word' id='word_1_532' title='bbox 1251 1518 1359 1557; x_wconf 78' lang='lat' dir='ltr'><strong>Inter</strong></span> <span class='ocrx_word' id='word_1_533' title='bbox 1392 1518 1643 1559; x_wconf 90' lang='lat' dir='ltr'><strong>Simonideas</strong></span> <span class='ocrx_word' id='word_1_534' title='bbox 1673 1519 1860 1571; x_wconf 83' lang='lat' dir='ltr'><strong>reliquias</strong></span> <span class='ocrx_word' id='word_1_535' title='bbox 1888 1519 1964 1559; x_wconf 92' lang='lat' dir='ltr'><strong>hoc</strong></span> <span class='ocrx_word' id='word_1_536' title='bbox 1996 1521 2238 1573; x_wconf 86' lang='lat' dir='ltr'><strong>epigramma</strong></span> <span class='ocrx_word' id='word_1_537' title='bbox 2259 1536 2320 1561; x_wconf 89' lang='lat' dir='ltr'><strong>re-</strong></span> 
     </span>
     <span class='ocr_line' id='line_1_75' title="bbox 1251 1578 2319 1632; baseline 0.004 -15"><span class='ocrx_word' id='word_1_538' title='bbox 1251 1579 1404 1617; x_wconf 88' lang='lat' dir='ltr'><strong>censuit</strong></span> <span class='ocrx_word' id='word_1_539' title='bbox 1419 1578 1738 1618; x_wconf 88' lang='lat' dir='ltr'><strong>Schneidewinus</strong></span> <span class='ocrx_word' id='word_1_540' title='bbox 1753 1592 1841 1631; x_wconf 83' lang='lat' dir='ltr'><strong>pag.</strong></span> <span class='ocrx_word' id='word_1_541' title='bbox 1863 1585 1939 1626; x_wconf 69' lang='lat'><strong>424</strong></span> <span class='ocrx_word' id='word_1_542' title='bbox 1961 1594 2019 1632; x_wconf 88' lang='lat' dir='ltr'><strong>sq.</strong></span> <span class='ocrx_word' id='word_1_543' title='bbox 2044 1581 2201 1621; x_wconf 84' lang='lat' dir='ltr'><strong>Rectius</strong></span> <span class='ocrx_word' id='word_1_544' title='bbox 2223 1584 2319 1622; x_wconf 86' lang='lat' dir='ltr'><strong>Em-</strong></span> 
     </span>
     <span class='ocr_line' id='line_1_76' title="bbox 1252 1639 2247 1693; baseline 0.002 -16"><span class='ocrx_word' id='word_1_545' title='bbox 1252 1639 1407 1691; x_wconf 91' lang='lat' dir='ltr'><strong>pedocli</strong></span> <span class='ocrx_word' id='word_1_546' title='bbox 1431 1639 1571 1678; x_wconf 91' lang='lat' dir='ltr'><strong>tribuit</strong></span> <span class='ocrx_word' id='word_1_547' title='bbox 1592 1639 1781 1689; x_wconf 85' lang='lat' dir='ltr'><strong>Bergkius</strong></span> <span class='ocrx_word' id='word_1_548' title='bbox 1798 1639 1908 1679; x_wconf 89' lang='lat' dir='ltr'><strong>Poet.</strong></span> <span class='ocrx_word' id='word_1_549' title='bbox 1929 1639 2023 1692; x_wconf 88' lang='lat' dir='ltr'><strong>Lyr.</strong></span> <span class='ocrx_word' id='word_1_550' title='bbox 2045 1654 2134 1693; x_wconf 84' lang='lat' dir='ltr'><strong>pag.</strong></span> <span class='ocrx_word' id='word_1_551' title='bbox 2159 1643 2247 1686; x_wconf 86' lang='grc'>468.</span> 
     </span>
    </p>

    <p class='ocr_par' dir='ltr' id='par_1_15' title="bbox 1252 1703 2321 2944">
     <span class='ocr_line' id='line_1_77' title="bbox 1305 1703 2320 1760; baseline 0.005 -19"><span class='ocrx_word' id='word_1_552' title='bbox 1305 1703 1391 1743; x_wconf 86' lang='lat' dir='ltr'><strong>Vss.</strong></span> <span class='ocrx_word' id='word_1_553' title='bbox 1415 1704 1616 1752; x_wconf 82' lang='grc'>473-476.</span> <span class='ocrx_word' id='word_1_554' title='bbox 1641 1703 1850 1751; x_wconf 88' lang='grc' dir='ltr'>Παυσανίην</span> <span class='ocrx_word' id='word_1_555' title='bbox 1872 1703 1992 1757; x_wconf 80' lang='grc' dir='ltr'>ἰητρὸν</span> <span class='ocrx_word' id='word_1_556' title='bbox 2009 1704 2102 1760; x_wconf 69' lang='grc' dir='ltr'>κτλ]</span> <span class='ocrx_word' id='word_1_557' title='bbox 2123 1705 2320 1757; x_wconf 84' lang='lat' dir='ltr'><strong>Diogenes</strong></span> 
     </span>
     <span class='ocr_line' id='line_1_78' title="bbox 1252 1755 2319 1819; baseline 0.002 -18"><span class='ocrx_word' id='word_1_558' title='bbox 1252 1764 1431 1802; x_wconf 82' lang='lat' dir='ltr'><strong>Laertius</strong></span> <span class='ocrx_word' id='word_1_559' title='bbox 1446 1762 1516 1803; x_wconf 85' lang='lat' dir='ltr'><strong>lib.</strong></span> <span class='ocrx_word' id='word_1_560' title='bbox 1529 1762 1634 1810; x_wconf 80' lang='lat' dir='ltr'><strong>VIII,</strong></span> <span class='ocrx_word' id='word_1_561' title='bbox 1648 1764 1699 1802; x_wconf 89' lang='grc'><strong>60</strong></span> <span class='ocrx_word' id='word_1_562' title='bbox 1717 1755 1809 1802; x_wconf 71' lang='grc' dir='ltr'><strong>ιἯν</strong></span> <span class='ocrx_word' id='word_1_563' title='bbox 1822 1762 1858 1801; x_wconf 79' lang='grc' dir='ltr'><strong>δὲ</strong></span> <span class='ocrx_word' id='word_1_564' title='bbox 1876 1765 1894 1802; x_wconf 81' lang='grc' dir='ltr'>ὁ</span> <span class='ocrx_word' id='word_1_565' title='bbox 1910 1762 2131 1811; x_wconf 80' lang='grc' dir='ltr'>Παυσανίας,</span> <span class='ocrx_word' id='word_1_566' title='bbox 2151 1764 2198 1809; x_wconf 85' lang='grc' dir='ltr'><strong>ὥς</strong></span> <span class='ocrx_word' id='word_1_567' title='bbox 2214 1779 2319 1819; x_wconf 84' lang='grc' dir='ltr'>φησιν</span> 
     </span>
     <span class='ocr_line' id='line_1_79' title="bbox 1252 1817 2320 1878; baseline 0.005 -18"><span class='ocrx_word' id='word_1_568' title='bbox 1252 1821 1479 1875; x_wconf 86' lang='grc' dir='ltr'>Ἀρίστιππος</span> <span class='ocrx_word' id='word_1_569' title='bbox 1505 1822 1567 1861; x_wconf 84' lang='grc' dir='ltr'><strong>καὶ</strong></span> <span class='ocrx_word' id='word_1_570' title='bbox 1593 1821 1774 1875; x_wconf 82' lang='grc' dir='ltr'>Σάτυρος,</span> <span class='ocrx_word' id='word_1_571' title='bbox 1806 1821 1981 1874; x_wconf 84' lang='grc' dir='ltr'>ἐρώμενος</span> <span class='ocrx_word' id='word_1_572' title='bbox 2002 1825 2126 1872; x_wconf 81' lang='grc' dir='ltr'>αὐτοῦ,</span> <span class='ocrx_word' id='word_1_573' title='bbox 2145 1817 2173 1878; x_wconf 71' lang='grc' dir='ltr'>ᾧ</span> <span class='ocrx_word' id='word_1_574' title='bbox 2195 1825 2238 1873; x_wconf 84' lang='grc' dir='ltr'><strong>δὴ</strong></span> <span class='ocrx_word' id='word_1_575' title='bbox 2259 1827 2320 1865; x_wconf 87' lang='grc' dir='ltr'><strong>καὶ</strong></span> 
     </span>
     <span class='ocr_line' id='line_1_80' title="bbox 1252 1879 2320 1937; baseline 0.006 -18"><span class='ocrx_word' id='word_1_576' title='bbox 1252 1879 1297 1918; x_wconf 86' lang='grc' dir='ltr'><strong>τὰ</strong></span> <span class='ocrx_word' id='word_1_577' title='bbox 1311 1881 1392 1934; x_wconf 72' lang='grc' dir='ltr'>περὶ</span> <span class='ocrx_word' id='word_1_578' title='bbox 1408 1881 1542 1936; x_wconf 75' lang='grc' dir='ltr'>φύσεως</span> <span class='ocrx_word' id='word_1_579' title='bbox 1558 1881 1862 1935; x_wconf 77' lang='grc' dir='ltr'>προσπεφώνηκεν</span> <span class='ocrx_word' id='word_1_580' title='bbox 1881 1882 2210 1937; x_wconf 73' lang='grc' dir='ltr'>(Ἐμπεδοκλῆς)...</span> <span class='ocrx_word' id='word_1_581' title='bbox 2228 1885 2320 1925; x_wconf 79' lang='grc' dir='ltr'>ἀλλὰ</span> 
     </span>
     <span class='ocr_line' id='line_1_81' title="bbox 1252 1939 2319 1993; baseline 0.005 -15"><span class='ocrx_word' id='word_1_582' title='bbox 1252 1940 1312 1978; x_wconf 77' lang='grc' dir='ltr'><strong>καὶ</strong></span> <span class='ocrx_word' id='word_1_583' title='bbox 1330 1939 1542 1993; x_wconf 84' lang='grc' dir='ltr'>ἐπίγραμμα</span> <span class='ocrx_word' id='word_1_584' title='bbox 1563 1942 1610 1986; x_wconf 86' lang='grc' dir='ltr'><strong>εἷς</strong></span> <span class='ocrx_word' id='word_1_585' title='bbox 1631 1939 1736 1979; x_wconf 80' lang='grc' dir='ltr'>αὐτὸν</span> <span class='ocrx_word' id='word_1_586' title='bbox 1760 1941 1996 1992; x_wconf 87' lang='grc' dir='ltr'>(Παυσανίαν)</span> <span class='ocrx_word' id='word_1_587' title='bbox 2016 1941 2198 1991; x_wconf 82' lang='grc' dir='ltr'>ἐποίησεν·</span> <span class='ocrx_word' id='word_1_588' title='bbox 2222 1946 2319 1984; x_wconf 91' lang='grc' dir='ltr'>Παυ-</span> 
     </span>
     <span class='ocr_line' id='line_1_82' title="bbox 1253 1999 2320 2056; baseline 0.006 -19"><span class='ocrx_word' id='word_1_589' title='bbox 1253 1999 1377 2039; x_wconf 85' lang='grc' dir='ltr'>σανίαν</span> <span class='ocrx_word' id='word_1_590' title='bbox 1400 2001 1480 2040; x_wconf 91' lang='grc' dir='ltr'>κτλ.</span> <span class='ocrx_word' id='word_1_591' title='bbox 1501 2000 1612 2038; x_wconf 82' lang='lat' dir='ltr'><strong>Adde</strong></span> <span class='ocrx_word' id='word_1_592' title='bbox 1628 2000 1789 2041; x_wconf 90' lang='lat' dir='ltr'><strong>Anthol.</strong></span> <span class='ocrx_word' id='word_1_593' title='bbox 1811 2001 1934 2042; x_wconf 85' lang='lat' dir='ltr'><strong>Palat.</strong></span> <span class='ocrx_word' id='word_1_594' title='bbox 1955 2001 2043 2049; x_wconf 85' lang='lat' dir='ltr'><strong>Vll,</strong></span> <span class='ocrx_word' id='word_1_595' title='bbox 2069 2002 2146 2040; x_wconf 84' lang='lat'><strong>508</strong></span> <span class='ocrx_word' id='word_1_596' title='bbox 2167 2002 2236 2042; x_wconf 92' lang='lat' dir='ltr'><strong>ubi</strong></span> <span class='ocrx_word' id='word_1_597' title='bbox 2257 2017 2320 2056; x_wconf 89' lang='lat' dir='ltr'><strong>ap-</strong></span> 
     </span>
     <span class='ocr_line' id='line_1_83' title="bbox 1253 2059 2320 2110; baseline 0.005 -14"><span class='ocrx_word' id='word_1_598' title='bbox 1253 2059 1423 2110; x_wconf 85' lang='lat' dir='ltr'><strong>positum</strong></span> <span class='ocrx_word' id='word_1_599' title='bbox 1453 2067 1511 2097; x_wconf 87' lang='lat' dir='ltr'><strong>est</strong></span> <span class='ocrx_word' id='word_1_600' title='bbox 1543 2059 1683 2097; x_wconf 83' lang='lat' dir='ltr'><strong>lemma</strong></span> <span class='ocrx_word' id='word_1_601' title='bbox 1713 2060 1913 2108; x_wconf 86' lang='grc' dir='ltr'>Σιμωνίδου</span> <span class='ocrx_word' id='word_1_602' title='bbox 1948 2062 1995 2106; x_wconf 81' lang='grc' dir='ltr'><strong>εἰς</strong></span> <span class='ocrx_word' id='word_1_603' title='bbox 2027 2061 2234 2100; x_wconf 87' lang='grc' dir='ltr'>Παυσανίαν</span> <span class='ocrx_word' id='word_1_604' title='bbox 2260 2063 2320 2101; x_wconf 85' lang='grc' dir='ltr'><strong>τὸν</strong></span> 
     </span>
     <span class='ocr_line' id='line_1_84' title="bbox 1253 2117 2319 2170; baseline 0.006 -15"><span class='ocrx_word' id='word_1_605' title='bbox 1253 2117 1383 2170; x_wconf 82' lang='grc' dir='ltr'>ἰατρόν.</span> <span class='ocrx_word' id='word_1_606' title='bbox 1408 2118 1542 2157; x_wconf 89' lang='lat' dir='ltr'><strong>Lectio</strong></span> <span class='ocrx_word' id='word_1_607' title='bbox 1570 2133 1649 2157; x_wconf 92' lang='lat' dir='ltr'><strong>non</strong></span> <span class='ocrx_word' id='word_1_608' title='bbox 1678 2120 1842 2158; x_wconf 90' lang='lat' dir='ltr'><strong>multum</strong></span> <span class='ocrx_word' id='word_1_609' title='bbox 1874 2120 2012 2159; x_wconf 87' lang='lat' dir='ltr'><strong>variat.</strong></span> <span class='ocrx_word' id='word_1_610' title='bbox 2034 2120 2096 2160; x_wconf 92' lang='lat' dir='ltr'><strong>Vs.</strong></span> <span class='ocrx_word' id='word_1_611' title='bbox 2121 2122 2197 2170; x_wconf 83' lang='grc'>473</span> <span class='ocrx_word' id='word_1_612' title='bbox 2222 2123 2319 2161; x_wconf 88' lang='grc' dir='ltr'>Παυ-</span> 
     </span>
     <span class='ocr_line' id='line_1_85' title="bbox 1253 2178 2317 2234; baseline 0.002 -16"><span class='ocrx_word' id='word_1_613' title='bbox 1253 2178 1376 2227; x_wconf 89' lang='grc' dir='ltr'>σανίην</span> <span class='ocrx_word' id='word_1_614' title='bbox 1408 2178 1525 2231; x_wconf 82' lang='grc' dir='ltr'>ἰητρὸν</span> <span class='ocrx_word' id='word_1_615' title='bbox 1546 2179 1739 2229; x_wconf 89' lang='lat' dir='ltr'><strong>Diogenes</strong></span> <span class='ocrx_word' id='word_1_616' title='bbox 1753 2207 1763 2227; x_wconf 93' lang='lat'>‚</span> <span class='ocrx_word' id='word_1_617' title='bbox 1786 2179 1995 2219; x_wconf 88' lang='grc' dir='ltr'>Παυσανίαν</span> <span class='ocrx_word' id='word_1_618' title='bbox 2015 2179 2134 2234; x_wconf 80' lang='grc' dir='ltr'>ἰατρὸν</span> <span class='ocrx_word' id='word_1_619' title='bbox 2157 2181 2317 2220; x_wconf 80' lang='lat' dir='ltr'><strong>Anthol.</strong></span> 
     </span>
     <span class='ocr_line' id='line_1_86' title="bbox 1253 2237 2317 2293; baseline 0.003 -19"><span class='ocrx_word' id='word_1_620' title='bbox 1253 2237 1430 2277; x_wconf 84' lang='lat' dir='ltr'><strong>Palatina</strong></span> <span class='ocrx_word' id='word_1_621' title='bbox 1440 2238 1568 2291; x_wconf 55' lang='lat' dir='ltr'><strong>&lt;impexo</strong></span> <span class='ocrx_word' id='word_1_622' title='bbox 1577 2238 1802 2290; x_wconf 78' lang='lat' dir='ltr'><strong>Planudea);</strong></span> <span class='ocrx_word' id='word_1_623' title='bbox 1813 2248 2002 2291; x_wconf 88' lang='lat' dir='ltr'><strong>praeterea</strong></span> <span class='ocrx_word' id='word_1_624' title='bbox 2014 2238 2176 2293; x_wconf 77' lang='grc' dir='ltr'>Ἀγχίτου</span> <span class='ocrx_word' id='word_1_625' title='bbox 2190 2240 2317 2291; x_wconf 87' lang='lat' dir='ltr'><strong>Diog.,</strong></span> 
     </span>
     <span class='ocr_line' id='line_1_87' title="bbox 1252 2296 2321 2350; baseline 0.001 -13"><span class='ocrx_word' id='word_1_626' title='bbox 1252 2296 1423 2350; x_wconf 77' lang='grc' dir='ltr'>Ἀγχίτεω</span> <span class='ocrx_word' id='word_1_627' title='bbox 1452 2298 1610 2337; x_wconf 84' lang='lat' dir='ltr'><strong>Anthol.</strong></span> <span class='ocrx_word' id='word_1_628' title='bbox 1630 2297 1696 2338; x_wconf 90' lang='lat' dir='ltr'><strong>Vs.</strong></span> <span class='ocrx_word' id='word_1_629' title='bbox 1726 2303 1802 2346; x_wconf 89' lang='grc'><strong>474</strong></span> <span class='ocrx_word' id='word_1_630' title='bbox 1838 2297 1923 2350; x_wconf 81' lang='grc' dir='ltr'>φῶτ’</span> <span class='ocrx_word' id='word_1_631' title='bbox 1955 2299 2088 2350; x_wconf 88' lang='lat' dir='ltr'><strong>Diog.‚</strong></span> <span class='ocrx_word' id='word_1_632' title='bbox 2115 2299 2207 2338; x_wconf 82' lang='grc' dir='ltr'>τόνδ’</span> <span class='ocrx_word' id='word_1_633' title='bbox 2238 2301 2321 2338; x_wconf 84' lang='lat' dir='ltr'><strong>An-</strong></span> 
     </span>
     <span class='ocr_line' id='line_1_88' title="bbox 1253 2355 2318 2410; baseline 0.003 -15"><span class='ocrx_word' id='word_1_634' title='bbox 1253 2357 1364 2404; x_wconf 89' lang='lat' dir='ltr'><strong>thol.,</strong></span> <span class='ocrx_word' id='word_1_635' title='bbox 1378 2371 1498 2410; x_wconf 86' lang='lat' dir='ltr'><strong>porro</strong></span> <span class='ocrx_word' id='word_1_636' title='bbox 1510 2356 1632 2410; x_wconf 78' lang='grc' dir='ltr'>ἔθρεψε</span> <span class='ocrx_word' id='word_1_637' title='bbox 1643 2355 1738 2397; x_wconf 83' lang='grc' dir='ltr'>Γέλα</span> <span class='ocrx_word' id='word_1_638' title='bbox 1749 2357 1942 2408; x_wconf 86' lang='lat' dir='ltr'><strong>Diogenes</strong></span> <span class='ocrx_word' id='word_1_639' title='bbox 1953 2387 1963 2405; x_wconf 91' lang='lat'>‚</span> <span class='ocrx_word' id='word_1_640' title='bbox 1981 2356 2089 2410; x_wconf 70' lang='grc' dir='ltr'>ἔθαψε</span> <span class='ocrx_word' id='word_1_641' title='bbox 2099 2357 2210 2402; x_wconf 81' lang='grc' dir='ltr'>πέλας</span> <span class='ocrx_word' id='word_1_642' title='bbox 2224 2359 2318 2398; x_wconf 86' lang='lat' dir='ltr'><strong>Cod.</strong></span> 
     </span>
     <span class='ocr_line' id='line_1_89' title="bbox 1253 2414 2320 2470; baseline 0.005 -19"><span class='ocrx_word' id='word_1_643' title='bbox 1253 2414 1396 2462; x_wconf 67' lang='lat' dir='ltr'><strong>palat„</strong></span> <span class='ocrx_word' id='word_1_644' title='bbox 1422 2414 1529 2470; x_wconf 81' lang='grc' dir='ltr'>ἔθαψε</span> <span class='ocrx_word' id='word_1_645' title='bbox 1548 2414 1641 2458; x_wconf 87' lang='grc' dir='ltr'>κόνις</span> <span class='ocrx_word' id='word_1_646' title='bbox 1669 2415 1780 2455; x_wconf 89' lang='lat' dir='ltr'><strong>Plan.</strong></span> <span class='ocrx_word' id='word_1_647' title='bbox 1795 2415 1860 2456; x_wconf 88' lang='lat' dir='ltr'><strong>Vs.</strong></span> <span class='ocrx_word' id='word_1_648' title='bbox 1879 2416 1954 2464; x_wconf 87' lang='grc'>475</span> <span class='ocrx_word' id='word_1_649' title='bbox 1976 2416 2081 2468; x_wconf 88' lang='lat' dir='ltr'><strong>apud</strong></span> <span class='ocrx_word' id='word_1_650' title='bbox 2104 2416 2320 2467; x_wconf 86' lang='lat' dir='ltr'><strong>Diogenem</strong></span> 
     </span>
     <span class='ocr_line' id='line_1_90' title="bbox 1253 2474 2320 2526; baseline 0.003 -13"><span class='ocrx_word' id='word_1_651' title='bbox 1253 2474 1454 2523; x_wconf 90' lang='lat' dir='ltr'><strong>scribitur,</strong></span> <span class='ocrx_word' id='word_1_652' title='bbox 1475 2484 1518 2514; x_wconf 87' lang='lat' dir='ltr'><strong>ut</strong></span> <span class='ocrx_word' id='word_1_653' title='bbox 1538 2489 1560 2513; x_wconf 87' lang='lat' dir='ltr'><strong>a</strong></span> <span class='ocrx_word' id='word_1_654' title='bbox 1576 2475 1692 2515; x_wconf 90' lang='lat' dir='ltr'><strong>nobis</strong></span> <span class='ocrx_word' id='word_1_655' title='bbox 1708 2476 1891 2526; x_wconf 86' lang='lat' dir='ltr'><strong>vulgatus</strong></span> <span class='ocrx_word' id='word_1_656' title='bbox 1908 2485 1979 2517; x_wconf 85' lang='lat' dir='ltr'><strong>est.</strong></span> <span class='ocrx_word' id='word_1_657' title='bbox 2000 2476 2145 2514; x_wconf 90' lang='lat' dir='ltr'><strong>Contra</strong></span> <span class='ocrx_word' id='word_1_658' title='bbox 2161 2477 2320 2516; x_wconf 89' lang='lat' dir='ltr'><strong>Antho-</strong></span> 
     </span>
     <span class='ocr_line' id='line_1_91' title="bbox 1253 2534 2320 2589; baseline 0.003 -16"><span class='ocrx_word' id='word_1_659' title='bbox 1253 2535 1367 2586; x_wconf 84' lang='lat' dir='ltr'><strong>logiae</strong></span> <span class='ocrx_word' id='word_1_660' title='bbox 1387 2535 1541 2573; x_wconf 91' lang='lat' dir='ltr'><strong>codices</strong></span> <span class='ocrx_word' id='word_1_661' title='bbox 1561 2534 1748 2573; x_wconf 89' lang='lat' dir='ltr'><strong>exhibent</strong></span> <span class='ocrx_word' id='word_1_662' title='bbox 1768 2548 1776 2574; x_wconf 93' lang='lat'>:</span> <span class='ocrx_word' id='word_1_663' title='bbox 1799 2534 1835 2579; x_wconf 87' lang='grc' dir='ltr'><strong>ὃς</strong></span> <span class='ocrx_word' id='word_1_664' title='bbox 1853 2534 2038 2580; x_wconf 85' lang='grc' dir='ltr'>πλείστους</span> <span class='ocrx_word' id='word_1_665' title='bbox 2052 2541 2233 2589; x_wconf 84' lang='grc' dir='ltr'>κρυεραῖσι</span> <span class='ocrx_word' id='word_1_666' title='bbox 2249 2552 2320 2587; x_wconf 86' lang='grc' dir='ltr'><strong>μα-</strong></span> 
     </span>
     <span class='ocr_line' id='line_1_92' title="bbox 1254 2592 2320 2648; baseline 0.002 -16"><span class='ocrx_word' id='word_1_667' title='bbox 1254 2594 1475 2648; x_wconf 75' lang='grc' dir='ltr'>ραινομένους</span> <span class='ocrx_word' id='word_1_668' title='bbox 1492 2594 1559 2632; x_wconf 81' lang='grc' dir='ltr'><strong>ὑπὸ</strong></span> <span class='ocrx_word' id='word_1_669' title='bbox 1573 2592 1706 2638; x_wconf 84' lang='grc' dir='ltr'>νούσοις</span> <span class='ocrx_word' id='word_1_670' title='bbox 1721 2594 1826 2646; x_wconf 91' lang='lat' dir='ltr'><strong>quod</strong></span> <span class='ocrx_word' id='word_1_671' title='bbox 1842 2607 1913 2646; x_wconf 89' lang='lat' dir='ltr'><strong>pro</strong></span> <span class='ocrx_word' id='word_1_672' title='bbox 1933 2595 2094 2633; x_wconf 88' lang='lat' dir='ltr'><strong>alterius</strong></span> <span class='ocrx_word' id='word_1_673' title='bbox 2114 2595 2320 2647; x_wconf 69' lang='lat' dir='ltr'><strong>scripturae</strong></span> 
     </span>
     <span class='ocr_line' id='line_1_93' title="bbox 1252 2652 2319 2707; baseline 0.003 -16"><span class='ocrx_word' id='word_1_674' title='bbox 1252 2655 1600 2706; x_wconf 89' lang='lat' dir='ltr'><strong>interpretamento</strong></span> <span class='ocrx_word' id='word_1_675' title='bbox 1619 2652 1757 2692; x_wconf 88' lang='lat' dir='ltr'><strong>haberi</strong></span> <span class='ocrx_word' id='word_1_676' title='bbox 1774 2655 1971 2693; x_wconf 91' lang='lat' dir='ltr'><strong>convenit.</strong></span> <span class='ocrx_word' id='word_1_677' title='bbox 1990 2653 2053 2693; x_wconf 88' lang='lat' dir='ltr'><strong>Vs.</strong></span> <span class='ocrx_word' id='word_1_678' title='bbox 2078 2655 2154 2701; x_wconf 90' lang='grc'>476</span> <span class='ocrx_word' id='word_1_679' title='bbox 2182 2655 2319 2707; x_wconf 84' lang='grc' dir='ltr'>Περσε-</span> 
     </span>
     <span class='ocr_line' id='line_1_94' title="bbox 1254 2712 2320 2766; baseline 0.001 -15"><span class='ocrx_word' id='word_1_680' title='bbox 1254 2712 1359 2766; x_wconf 79' lang='grc' dir='ltr'>φόνης</span> <span class='ocrx_word' id='word_1_681' title='bbox 1388 2713 1605 2763; x_wconf 86' lang='lat' dir='ltr'><strong>Diogenes,</strong></span> <span class='ocrx_word' id='word_1_682' title='bbox 1628 2713 1720 2751; x_wconf 87' lang='lat' dir='ltr'><strong>licet</strong></span> <span class='ocrx_word' id='word_1_683' title='bbox 1747 2712 1919 2751; x_wconf 88' lang='lat' dir='ltr'><strong>Cobetus</strong></span> <span class='ocrx_word' id='word_1_684' title='bbox 1946 2713 2150 2765; x_wconf 86' lang='lat' dir='ltr'><strong>scripserit</strong></span> <span class='ocrx_word' id='word_1_685' title='bbox 2180 2715 2320 2766; x_wconf 86' lang='grc' dir='ltr'>Φερσε-</span> 
     </span>
     <span class='ocr_line' id='line_1_95' title="bbox 1254 2771 2320 2824; baseline 0.002 -14"><span class='ocrx_word' id='word_1_686' title='bbox 1254 2772 1370 2824; x_wconf 80' lang='grc' dir='ltr'>φόνης.</span> <span class='ocrx_word' id='word_1_687' title='bbox 1387 2772 1432 2810; x_wconf 90' lang='lat' dir='ltr'><strong>Id</strong></span> <span class='ocrx_word' id='word_1_688' title='bbox 1446 2785 1540 2811; x_wconf 86' lang='lat' dir='ltr'><strong>vero</strong></span> <span class='ocrx_word' id='word_1_689' title='bbox 1554 2773 1697 2823; x_wconf 87' lang='lat' dir='ltr'><strong>legitur</strong></span> <span class='ocrx_word' id='word_1_690' title='bbox 1711 2772 1753 2811; x_wconf 92' lang='lat' dir='ltr'><strong>in</strong></span> <span class='ocrx_word' id='word_1_691' title='bbox 1768 2772 1928 2812; x_wconf 81' lang='lat' dir='ltr'><strong>Anthol.</strong></span> <span class='ocrx_word' id='word_1_692' title='bbox 1947 2771 2033 2813; x_wconf 92' lang='lat' dir='ltr'><strong>cod.</strong></span> <span class='ocrx_word' id='word_1_693' title='bbox 2050 2772 2189 2820; x_wconf 88' lang='lat' dir='ltr'><strong>Palat.‚</strong></span> <span class='ocrx_word' id='word_1_694' title='bbox 2206 2771 2320 2824; x_wconf 87' lang='lat' dir='ltr'><strong>cujus</strong></span> 
     </span>
     <span class='ocr_line' id='line_1_96' title="bbox 1254 2831 2319 2885; baseline 0 -15"><span class='ocrx_word' id='word_1_695' title='bbox 1254 2833 1341 2871; x_wconf 91' lang='lat' dir='ltr'><strong>loco</strong></span> <span class='ocrx_word' id='word_1_696' title='bbox 1359 2832 1401 2870; x_wconf 92' lang='lat' dir='ltr'><strong>in</strong></span> <span class='ocrx_word' id='word_1_697' title='bbox 1420 2832 1531 2871; x_wconf 84' lang='lat' dir='ltr'><strong>Plan.</strong></span> <span class='ocrx_word' id='word_1_698' title='bbox 1554 2833 1749 2885; x_wconf 85' lang='lat' dir='ltr'><strong>reperitur</strong></span> <span class='ocrx_word' id='word_1_699' title='bbox 1767 2831 2008 2885; x_wconf 68' lang='grc' dir='ltr'>Περσεφόνας.</span> <span class='ocrx_word' id='word_1_700' title='bbox 2032 2832 2212 2884; x_wconf 87' lang='lat' dir='ltr'><strong>Denique</strong></span> <span class='ocrx_word' id='word_1_701' title='bbox 2234 2832 2319 2870; x_wconf 87' lang='grc' dir='ltr'>ἀδύ-</span> 
     </span>
     <span class='ocr_line' id='line_1_97' title="bbox 1253 2892 2020 2944; baseline 0.003 -14"><span class='ocrx_word' id='word_1_702' title='bbox 1253 2908 1324 2931; x_wconf 89' lang='grc' dir='ltr'><strong>των</strong></span> <span class='ocrx_word' id='word_1_703' title='bbox 1346 2892 1561 2943; x_wconf 89' lang='lat' dir='ltr'><strong>Diogenes,</strong></span> <span class='ocrx_word' id='word_1_704' title='bbox 1581 2892 1751 2944; x_wconf 82' lang='grc' dir='ltr'>θαλάμων</span> <span class='ocrx_word' id='word_1_705' title='bbox 1772 2892 2020 2943; x_wconf 86' lang='lat' dir='ltr'><strong>Anthologia.</strong></span> 
     </span>
    </p>

    <p class='ocr_par' dir='ltr' id='par_1_16' title="bbox 1254 2951 2378 3302">
     <span class='ocr_line' id='line_1_98' title="bbox 1308 2951 2318 3005; baseline 0 -16"><span class='ocrx_word' id='word_1_706' title='bbox 1308 2951 1371 2990; x_wconf 91' lang='lat' dir='ltr'><strong>Vs.</strong></span> <span class='ocrx_word' id='word_1_707' title='bbox 1397 2953 1489 3001; x_wconf 83' lang='grc'>473.</span> <span class='ocrx_word' id='word_1_708' title='bbox 1516 2951 1722 3002; x_wconf 86' lang='grc' dir='ltr'>Παυσανίην</span> <span class='ocrx_word' id='word_1_709' title='bbox 1745 2951 1863 3005; x_wconf 82' lang='grc' dir='ltr'>ἰητρὸν</span> <span class='ocrx_word' id='word_1_710' title='bbox 1879 2951 2080 3004; x_wconf 82' lang='grc' dir='ltr'>ἐπώνυμον]</span> <span class='ocrx_word' id='word_1_711' title='bbox 2095 2951 2318 2990; x_wconf 90' lang='lat' dir='ltr'><strong>Notandum</strong></span> 
     </span>
     <span class='ocr_line' id='line_1_99' title="bbox 1255 3010 2318 3064; baseline -0.001 -13"><span class='ocrx_word' id='word_1_712' title='bbox 1255 3011 1438 3063; x_wconf 83' lang='grc' dir='ltr'>ἐπώνυμον</span> <span class='ocrx_word' id='word_1_713' title='bbox 1456 3010 1522 3051; x_wconf 82' lang='lat' dir='ltr'><strong>hic</strong></span> <span class='ocrx_word' id='word_1_714' title='bbox 1549 3012 1717 3051; x_wconf 88' lang='lat' dir='ltr'><strong>aliorum</strong></span> <span class='ocrx_word' id='word_1_715' title='bbox 1740 3021 1945 3064; x_wconf 84' lang='lat' dir='ltr'><strong>poetarum</strong></span> <span class='ocrx_word' id='word_1_716' title='bbox 1973 3011 2153 3063; x_wconf 86' lang='lat' dir='ltr'><strong>exemplo</strong></span> <span class='ocrx_word' id='word_1_717' title='bbox 2182 3011 2318 3050; x_wconf 90' lang='lat' dir='ltr'><strong>vocari</strong></span> 
     </span>
     <span class='ocr_line' id='line_1_100' title="bbox 1254 3070 2378 3125; baseline -0.002 -14"><span class='ocrx_word' id='word_1_718' title='bbox 1254 3085 1342 3111; x_wconf 90' lang='lat' dir='ltr'><strong>eum</strong></span> <span class='ocrx_word' id='word_1_719' title='bbox 1363 3072 1433 3124; x_wconf 88' lang='lat' dir='ltr'><strong>qui</strong></span> <span class='ocrx_word' id='word_1_720' title='bbox 1455 3071 1744 3124; x_wconf 89' lang='lat' dir='ltr'><strong>posterioribus</strong></span> <span class='ocrx_word' id='word_1_721' title='bbox 1765 3071 1914 3111; x_wconf 87' lang='lat' dir='ltr'><strong>Graecis</strong></span> <span class='ocrx_word' id='word_1_722' title='bbox 1933 3080 1990 3111; x_wconf 89' lang='lat' dir='ltr'><strong>est</strong></span> <span class='ocrx_word' id='word_1_723' title='bbox 2010 3070 2224 3125; x_wconf 83' lang='grc' dir='ltr'>φερώνυμος.</span> <span class='ocrx_word' id='word_1_724' title='bbox 2246 3071 2319 3109; x_wconf 91' lang='lat' dir='ltr'><strong>No·</strong></span> <span class='ocrx_word' id='word_1_725' title='bbox 2368 3084 2378 3093; x_wconf 89' lang='lat'><strong>·</strong></span> 
     </span>
     <span class='ocr_line' id='line_1_101' title="bbox 1254 3129 2318 3171; baseline -0.002 -1"><span class='ocrx_word' id='word_1_726' title='bbox 1254 3145 1343 3171; x_wconf 91' lang='lat' dir='ltr'><strong>men</strong></span> <span class='ocrx_word' id='word_1_727' title='bbox 1363 3131 1467 3170; x_wconf 90' lang='lat' dir='ltr'><strong>enim</strong></span> <span class='ocrx_word' id='word_1_728' title='bbox 1489 3145 1511 3170; x_wconf 93' lang='lat' dir='ltr'><strong>a</strong></span> <span class='ocrx_word' id='word_1_729' title='bbox 1530 3145 1572 3171; x_wconf 88' lang='lat' dir='ltr'><strong>re</strong></span> <span class='ocrx_word' id='word_1_730' title='bbox 1602 3132 1808 3171; x_wconf 85' lang='lat' dir='ltr'><strong>invenerat</strong></span> <span class='ocrx_word' id='word_1_731' title='bbox 1830 3132 2044 3171; x_wconf 89' lang='lat' dir='ltr'><strong>Pausanias</strong></span> <span class='ocrx_word' id='word_1_732' title='bbox 2076 3131 2112 3168; x_wconf 93' lang='lat' dir='ltr'><strong>h.</strong></span> <span class='ocrx_word' id='word_1_733' title='bbox 2130 3143 2164 3170; x_wconf 89' lang='lat' dir='ltr'><strong>e.</strong></span> <span class='ocrx_word' id='word_1_734' title='bbox 2194 3129 2318 3168; x_wconf 83' lang='grc' dir='ltr'>παύων</span> 
     </span>
     <span class='ocr_line' id='line_1_102' title="bbox 1254 3189 2317 3244; baseline -0.001 -15"><span class='ocrx_word' id='word_1_735' title='bbox 1254 3189 1318 3239; x_wconf 82' lang='grc' dir='ltr'><strong>τὴν</strong></span> <span class='ocrx_word' id='word_1_736' title='bbox 1333 3189 1446 3239; x_wconf 86' lang='grc' dir='ltr'>ἀνίαν,</span> <span class='ocrx_word' id='word_1_737' title='bbox 1461 3190 1629 3242; x_wconf 87' lang='lat' dir='ltr'><strong>ideoque</strong></span> <span class='ocrx_word' id='word_1_738' title='bbox 1639 3191 1782 3242; x_wconf 86' lang='lat' dir='ltr'><strong>dignus</strong></span> <span class='ocrx_word' id='word_1_739' title='bbox 1793 3204 1837 3230; x_wconf 88' lang='lat' dir='ltr'><strong>ea</strong></span> <span class='ocrx_word' id='word_1_740' title='bbox 1846 3191 2109 3244; x_wconf 85' lang='lat' dir='ltr'><strong>appellatione</strong></span> <span class='ocrx_word' id='word_1_741' title='bbox 2121 3204 2165 3228; x_wconf 87' lang='lat' dir='ltr'><strong>ac</strong></span> <span class='ocrx_word' id='word_1_742' title='bbox 2177 3192 2317 3228; x_wconf 85' lang='lat' dir='ltr'><strong>merito</strong></span> 
     </span>
     <span class='ocr_line' id='line_1_103' title="bbox 1254 3250 1877 3302; baseline 0 -13"><span class='ocrx_word' id='word_1_743' title='bbox 1254 3250 1311 3289; x_wconf 92' lang='lat' dir='ltr'><strong>sic</strong></span> <span class='ocrx_word' id='word_1_744' title='bbox 1328 3251 1551 3288; x_wconf 87' lang='lat' dir='ltr'><strong>nominatus</strong></span> <span class='ocrx_word' id='word_1_745' title='bbox 1565 3250 1695 3289; x_wconf 87' lang='lat' dir='ltr'><strong>videri</strong></span> <span class='ocrx_word' id='word_1_746' title='bbox 1713 3258 1877 3302; x_wconf 87' lang='lat' dir='ltr'><strong>poterat.</strong></span> 
     </span>
    </p>

    <p class='ocr_par' dir='ltr' id='par_1_17' title="bbox 1251 3307 2317 3540">
     <span class='ocr_line' id='line_1_104' title="bbox 1306 3307 2317 3361; baseline -0.002 -13"><span class='ocrx_word' id='word_1_747' title='bbox 1306 3309 1369 3348; x_wconf 82' lang='lat' dir='ltr'><strong>Vs.</strong></span> <span class='ocrx_word' id='word_1_748' title='bbox 1401 3315 1476 3358; x_wconf 86' lang='grc'><strong>474</strong></span> <span class='ocrx_word' id='word_1_749' title='bbox 1518 3310 1604 3361; x_wconf 76' lang='grc' dir='ltr'>φῶτ’</span> <span class='ocrx_word' id='word_1_750' title='bbox 1634 3309 1918 3361; x_wconf 84' lang='grc' dir='ltr'>Ἀσκληπιάδην]</span> <span class='ocrx_word' id='word_1_751' title='bbox 1951 3307 2247 3358; x_wconf 84' lang='lat' dir='ltr'><strong>intelligendum</strong></span> <span class='ocrx_word' id='word_1_752' title='bbox 2268 3308 2317 3346; x_wconf 84' lang='lat' dir='ltr'><strong>de</strong></span> 
     </span>
     <span class='ocr_line' id='line_1_105' title="bbox 1254 3365 2313 3420; baseline -0.004 -14"><span class='ocrx_word' id='word_1_753' title='bbox 1254 3370 1342 3407; x_wconf 87' lang='lat' dir='ltr'><strong>viro</strong></span> <span class='ocrx_word' id='word_1_754' title='bbox 1362 3369 1567 3407; x_wconf 85' lang='lat' dir='ltr'><strong>medicinae</strong></span> <span class='ocrx_word' id='word_1_755' title='bbox 1581 3369 1722 3420; x_wconf 88' lang='lat' dir='ltr'><strong>perito.</strong></span> <span class='ocrx_word' id='word_1_756' title='bbox 1740 3368 1803 3406; x_wconf 91' lang='lat' dir='ltr'><strong>Sic</strong></span> <span class='ocrx_word' id='word_1_757' title='bbox 1821 3368 2012 3406; x_wconf 86' lang='lat' dir='ltr'><strong>Homerus</strong></span> <span class='ocrx_word' id='word_1_758' title='bbox 2031 3367 2142 3406; x_wconf 84' lang='lat' dir='ltr'><strong>Iliad.</strong></span> <span class='ocrx_word' id='word_1_759' title='bbox 2162 3365 2231 3406; x_wconf 89' lang='lat' dir='ltr'><strong>lib.</strong></span> <span class='ocrx_word' id='word_1_760' title='bbox 2248 3366 2313 3413; x_wconf 90' lang='lat' dir='ltr'><strong>lv,</strong></span> 
     </span>
     <span class='ocr_line' id='line_1_106' title="bbox 1253 3425 2314 3479; baseline -0.004 -13"><span class='ocrx_word' id='word_1_761' title='bbox 1253 3441 1313 3469; x_wconf 76' lang='lat' dir='ltr'><strong>VS.</strong></span> <span class='ocrx_word' id='word_1_762' title='bbox 1351 3434 1424 3479; x_wconf 78' lang='lat'><strong>194</strong></span> <span class='ocrx_word' id='word_1_763' title='bbox 1457 3427 1710 3466; x_wconf 86' lang='lat' dir='ltr'><strong>Machaonem</strong></span> <span class='ocrx_word' id='word_1_764' title='bbox 1743 3427 1937 3466; x_wconf 87' lang='lat' dir='ltr'><strong>medicum</strong></span> <span class='ocrx_word' id='word_1_765' title='bbox 1977 3427 2063 3478; x_wconf 76' lang='grc' dir='ltr'>φῶτ’</span> <span class='ocrx_word' id='word_1_766' title='bbox 2100 3425 2314 3471; x_wconf 81' lang='grc' dir='ltr'>Ἀσκληπιοῦ</span> 
     </span>
     <span class='ocr_line' id='line_1_107' title="bbox 1251 3485 2314 3540; baseline -0.004 -15"><span class='ocrx_word' id='word_1_767' title='bbox 1251 3486 1325 3526; x_wconf 76' lang='grc' dir='ltr'>υἱὸν</span> <span class='ocrx_word' id='word_1_768' title='bbox 1350 3487 1578 3540; x_wconf 87' lang='lat' dir='ltr'><strong>appellavit.</strong></span> <span class='ocrx_word' id='word_1_769' title='bbox 1606 3487 1732 3528; x_wconf 80' lang='lat' dir='ltr'><strong>Huius</strong></span> <span class='ocrx_word' id='word_1_770' title='bbox 1758 3496 1885 3525; x_wconf 87' lang='lat' dir='ltr'><strong>autem</strong></span> <span class='ocrx_word' id='word_1_771' title='bbox 1914 3485 2090 3535; x_wconf 85' lang='lat' dir='ltr'><strong>vestigiis</strong></span> <span class='ocrx_word' id='word_1_772' title='bbox 2115 3485 2314 3534; x_wconf 78' lang='lat' dir='ltr'><strong>ingressus</strong></span> 
     </span>
    </p>
   </div>
  </div>
 </body>
</html>
