2612 3814
357 278 404 310 42

356 361 445 395 llaec
466 355 694 395 Plutarchus
712 354 760 392 de
791 353 902 391 Facie
928 351 1026 389 Lun.
1051 364 1090 402 p.
1110 351 1187 401 926
1204 378 1214 395 ,
1236 347 1317 385 vol.
1343 345 1395 384 lx
1419 363 1429 400 1

356 430 395 467 p.
412 417 488 455 663
510 414 639 454 laudat
657 413 703 452 ad
724 411 937 451 Discordiae
954 422 1114 459 regnum
1137 407 1319 446 reserens.
1336 404 1398 442 Sic

354 483 479 513 autem
501 474 554 512 ait
571 488 579 511 ;
603 472 727 511 σκόπει
748 470 797 521 μὴ
813 468 976 521 μεθιστὰς
990 467 1050 507 καὶ
1069 466 1215 517 ἀπάγων
1237 465 1396 511 ἕκαστον,

353 532 438 573 ὅπου
455 531 605 585 πέφυκεν
631 524 740 577 εἶναι,
763 528 919 568 διάλυσίν
951 542 1027 565 τινα
1055 524 1398 576 κόσμου’φιλοσοφῇς

353 595 411 632 καὶ
444 592 482 631 τὸ
508 597 619 635 νεῖκος
647 589 803 641 μετάγῃς
833 587 872 626 τὸ
899 583 1176 637 Ἐμπεδοκλέους
1203 582 1274 625 τοῖς
1305 582 1397 632 πρά-

353 650 589 703 γμασι·-καὶ
598 648 659 696 τὴν
677 647 823 701 μυθικὴν
839 645 972 693 ἐκείνην
986 645 1043 683 καὶ
1055 642 1205 697 φοὸερὰν
1219 639 1393 690 ἀκοσμίαν

354 709 410 748 καὶ
431 708 675 759 πλημμέλειαν
699 706 830 746 ἐπιδεῖν
859 706 986 756 ποθῇς,
1012 701 1120 755 χωρὶς
1147 700 1186 739 τὸ
1213 698 1302 752 βαρὺ
1327 702 1396 735 πᾶν

355 769 413 807 καὶ
445 768 551 822 γωρὶς
579 765 618 804 τὸ
648 768 774 818 κοῦφον
798 762 897 802 Ἔνθ’
935 760 1006 800 οὔτ’
1042 759 1173 806 ἠελίοιο
1204 758 1396 797 δεδίττεται

355 814 484 879 ἀγλαὸν
501 820 586 869 εἶδος
606 825 697 863 Οὐδὲ
719 822 781 873 μὲν
801 822 871 860 οὐδ’
887 819 964 867 αἴης
985 818 1105 858 λάσιον
1125 819 1222 870 γένος
1242 815 1317 855 οὐδὲ
1335 815 1397 853 θοί-

355 888 468 926 λασσα
484 915 494 936 ,
512 883 558 928 ὥς
571 898 674 936 φησιν
696 880 959 931 Ἐμπεδοκλῆς,
976 879 1014 917 οὐ
1036 880 1082 930 γῆ
1098 876 1311 928 Οερμότητος
1333 891 1396 925 με-

355 946 466 997 τεῖχεν
479 973 488 991 ,
505 945 570 995 οὐχ
594 941 683 993 ὕδωρ
701 939 898 990 πνεύματος
911 966 921 985 ,
945 938 1007 976 οὐκ
1023 937 1094 974 ἄνω
1113 951 1146 974 τι
1165 937 1235 973 τῶν
1261 933 1397 986 βαρέων

354 1004 392 1042 οὐ
418 989 515 1041 κάτω
543 1003 662 1039 τιτῶν
683 997 835 1050 κούφων,
870 994 946 1033 ἀλλ’
977 994 1122 1046 ἄκρατοι
1143 993 1203 1032 καὶ
1232 994 1396 1044 ἄστοργοι

355 1061 414 1100 καὶ
436 1061 580 1111 μονάδες
601 1059 718 1097 αἰτῶν
739 1056 828 1095 ὅλων
850 1053 976 1107 ἀρχαί,
1003 1053 1052 1105 μὴ
1070 1052 1299 1104 προσιέμεναι
1314 1050 1396 1101 σύγ-

357 1134 469 1171 κρισιν
490 1118 606 1170 ἑτέρου
627 1116 711 1170 πρὸς
738 1115 851 1167 ἕτερον
871 1112 959 1165 μηδὲ
984 1111 1184 1158 κοινωνίαν,
1207 1110 1298 1149 ἀλλὰ
1315 1110 1396 1164 φεύ-

352 1193 475 1230 γουσαι
505 1176 564 1216 καὶ
582 1173 884 1227 ἀποστρεφόμεναι
913 1174 991 1211 κτλ.
1014 1172 1207 1210 Praeterea
1234 1170 1398 1208 Proclus

355 1239 395 1276 in
416 1237 544 1275 Parm.
564 1235 594 1272 V
623 1249 662 1285 p.
685 1235 734 1271 83
757 1232 797 1271 τὸ
820 1230 1095 1282 Ἐμπεδόκλειον
1124 1234 1231 1272 νεῖκος
1254 1228 1315 1267 καὶ
1339 1228 1396 1267 τὸν

354 1294 552 1347 γιγαντικὸν
569 1293 721 1342 πόλεμον
739 1299 1031 1330 commemorat.
1051 1289 1108 1327 Ex
1127 1289 1189 1326 his
1209 1287 1394 1344 quae-alle-

356 1354 534 1402 gavimus
551 1350 728 1390 concludi
749 1350 862 1396 licet,
884 1357 1009 1387 vatem
1032 1347 1327 1398 Agrigentinum
1352 1359 1398 1384 eo

355 1413 463 1458 loco,
485 1411 588 1449 unde
603 1411 645 1448 hi
670 1409 855 1448 versiculi
882 1408 999 1446 sumti
1029 1414 1142 1454 sunt,
1164 1406 1398 1444 informasse

357 1480 502 1509 naturae
521 1470 671 1509 vultum
688 1497 699 1516 ,
730 1468 857 1519 qualis
884 1475 1005 1514 esset,
1035 1474 1218 1516 regnante
1238 1465 1398 1503 Discor-

355 1529 431 1567 dia.
449 1528 655 1567 Distractis
673 1535 801 1565 re'rum
823 1525 1032 1577 principiis
1060 1524 1172 1562 rudis
1191 1532 1272 1562 erat
1295 1523 1397 1561 indi-

356 1596 536 1639 gestaque
557 1587 689 1625 moles.
713 1586 846 1636 ltaque
866 1584 1018 1622 sublata
1042 1597 1251 1635 corporum
1273 1583 1399 1621 varie-

358 1656 431 1684 tate
446 1659 569 1697 neque
583 1646 639 1684 sol
651 1657 774 1696 neque
786 1653 887 1682 terra
897 1656 1022 1694 neque
1035 1656 1139 1681 mare
1154 1655 1278 1693 neque
1293 1641 1397 1680 aliud

356 1705 566 1756 quidquam
591 1717 660 1742 sua
683 1704 808 1741 forma
838 1702 1043 1754 praeditum
1065 1701 1395 1754 conspiciebatur.

356 1765 488 1803 Primo
507 1763 638 1802 versui
662 1763 841 1800 ultimum
858 1761 964 1800 deest
983 1760 1233 1807 vocabulum,
1258 1761 1361 1810 quod
1380 1774 1400 1797 e

360 1821 556 1860 Plutarchi
588 1819 720 1858 verbis
757 1819 866 1857 nullo
903 1819 1060 1868 negotio
1096 1819 1261 1857 eruitur.
1295 1818 1398 1864 Qua-

357 1889 515 1931 propter
533 1879 710 1916 Sturzius
726 1877 868 1928 adjecit
892 1876 992 1924 ἔθηκε
1021 1876 1083 1926 (τὸ
1102 1876 1250 1929 νεῖκος).

410 1938 473 1978 Vs.
512 1952 598 1986 ¹72·
621 1936 687 1975 ἔνθ’
719 1936 788 1974 οὔτ’
807 1936 938 1983 ἠελίοιο
961 1935 1157 1974 δεδίσκεται
1177 1935 1279 1987 κτλ.]
1309 1935 1400 1973 Plu-

359 1997 480 2035 tarchi
500 1995 732 2034 membranae
752 1995 969 2045 δεδίττεται,
991 1995 1103 2045 cujus
1126 1994 1212 2031 loco
1232 1994 1400 2044 requiri-

360 2065 423 2094 tur
440 2055 644 2101 δεδίσκεται,
659 2054 687 2094 i.
707 2066 743 2092 e.
760 2053 945 2093 δείκνυται.
963 2053 1020 2091 lta
1033 2053 1133 2091 bene
1150 2051 1402 2103 conjecerunt

361 2114 585 2152 Karstenius
600 2121 636 2150 et
646 2112 864 2163 Emperius.
884 2111 958 2149 Sed
979 2111 1141 2149 fortasse
1160 2110 1224 2148 hic
1246 2123 1402 2162 quoque

360 2181 471 2223 poeta
504 2170 708 2222 usurpavit
741 2169 925 2221 διείδεται,
954 2169 1059 2221 quod
1089 2183 1148 2208 vs.
1184 2171 1258 2220 169
1292 2170 1334 2208 in
1361 2183 1402 2207 re

360 2244 481 2283 prope
512 2230 644 2268 eadem
671 2229 889 2268 adhibitum
915 2238 986 2269 est.
1010 2229 1051 2267 ld
1070 2230 1174 2267 enim
1206 2231 1402 2282 praecipue

359 2292 538 2328 convenit
557 2290 757 2341 epicorum
779 2299 981 2341 poetarum
999 2292 1183 2329 sermoni.
1206 2290 1271 2328 Sic
1290 2291 1400 2329 Hom.

360 2348 469 2388 Iliad.
490 2347 563 2387 lib.
581 2347 686 2394 VIII,
708 2361 767 2386 vs.
788 2348 864 2386 556
884 2347 1001 2387 πάντα
1020 2347 1057 2386 δέ
1079 2350 1109 2386 τ’
1124 2348 1254 2387 εἴδεται
1273 2349 1401 2402 ἄστρα,

360 2415 396 2444 et
415 2406 486 2446 lib.
505 2406 612 2454 XIII,
645 2420 705 2446 vs.
729 2409 778 2458 98
800 2411 858 2446 νῦν
889 2406 931 2454 δὴ
961 2406 1091 2446 εἴδεται
1125 2402 1237 2460 ἦμαρ.
1271 2408 1404 2460 Neque

363 2475 488 2503 tamen
511 2467 704 2504 δεδίσκεται
724 2479 906 2518 spernere
934 2480 1050 2505 ausus
1072 2481 1158 2505 cum
1179 2467 1327 2506 Steinio
1349 2481 1406 2506 re-

364 2525 463 2575 cepi.
499 2523 686 2562 Caeterum
711 2538 784 2576 pro
809 2524 878 2564 οὔτ’
906 2525 1037 2572 ἠελίοιο
1065 2527 1252 2576 Bergkius
1284 2527 1405 2565 suasit

363 2592 405 2620 ut
421 2583 488 2620 οὐδ’
505 2583 708 2632 legeretur.

415 2641 477 2681 Vs.
505 2643 589 2689 173.
617 2641 692 2680 οὐδὲ
715 2640 776 2692 μὲν
808 2644 878 2680 οὐδ’
903 2642 980 2690 αἴης
1012 2644 1132 2683 λάσιον
1154 2644 1263 2695 δέμας
1298 2644 1402 2700 κτλ.]

364 2700 478 2751 Apud
496 2700 743 2738 Plutarchum
764 2700 841 2748 αἴης
856 2701 978 2741 λάσιον
996 2702 1091 2754 γένος
1107 2705 1314 2755 reperitur,
1339 2708 1402 2744 cui

366 2758 551 2808 Bergkius
570 2759 806 2809 patrocinari
837 2773 917 2798 non
951 2761 1127 2803 debebat.
1160 2764 1285 2802 Immo
1306 2778 1404 2803 sen-

367 2818 484 2855 tentia
500 2817 619 2856 λάσιον
635 2817 740 2867 δέμας
757 2818 903 2868 flagitat
915 2850 926 2871 ,
946 2822 1050 2872 quod
1073 2823 1299 2862 Karstenius
1317 2838 1404 2863 ver-

366 2875 428 2914 his
451 2876 717 2927 Empedocleis
746 2877 893 2917 intulit.
924 2880 1054 2919 Λάσιον
1075 2883 1291 2933 appellatur
1318 2898 1405 2935 pro-

362 2943 453 2985 pter
473 2935 653 2981 arbores,
687 2934 866 2987 frutices,
895 2938 1054 2986 herbas,
1089 2941 1240 2991 plantas
1262 2943 1406 2993 quibus

369 3002 470 3031 terra
488 2994 700 3032 convestita
728 2994 883 3033 hirsutae
911 2999 1022 3048 quasi
1054 3000 1221 3049 speciem
1242 3004 1404 3052 praehet.

368 3051 481 3097 Quod
504 3065 598 3090 vero
618 3052 801 3103 Emperio
831 3053 977 3104 placuit
1004 3055 1125 3094 λάσιον
1155 3058 1268 3103 σθένος
1300 3073 1409 3112 aeque

369 3108 665 3159 improbandum
680 3118 736 3148 est
750 3123 793 3149 ac
814 3111 1072 3163 Bergkianum
1095 3115 1194 3154 illud
1209 3116 1328 3156 λάσιον
1347 3119 1408 3168 με’-

368 3182 438 3217 νος,
459 3167 501 3205 in
517 3180 594 3218 quo
614 3169 917 3208 commendando
936 3172 1079 3211 frustra
1097 3174 1290 3213 laboravit
1312 3177 1408 3216 Stei-

371 3227 458 3264 nius
478 3226 618 3265 collato
636 3227 879 3268 parmenidis
898 3231 983 3268 loco
998 3245 1058 3271 VS.
1089 3235 1160 3277 143
1181 3233 1316 3287 ἄστρων
1335 3241 1410 3289 θερ-

371 3284 436 3335 μὸν
459 3284 571 3334 μένος.

425 3343 491 3382 Vs.
527 3349 597 3392 ¹74
620 3345 706 3383 erui
740 3357 762 3383 e
779 3346 977 3386 Plutarchi
1006 3348 1091 3388 loco
1119 3350 1166 3388 de
1197 3342 1283 3393 Fac.
1309 3352 1408 3393 Lun.

373 3415 410 3453 p.
426 3403 519 3452 926,
536 3403 615 3442 vol.
630 3402 683 3440 IX
698 3417 739 3453 p.
757 3405 832 3442 663
848 3406 895 3443 ad
914 3419 991 3446 vss.
1011 3410 1175 3457 171-173
1199 3410 1407 3463 descripto.

372 3460 542 3499 Steinius
560 3461 657 3499 nihil
676 3462 751 3499 nisi
769 3461 933 3515 ἄστοργοι
949 3464 1008 3502 καὶ
1025 3465 1172 3518 ἄκρητοι
1186 3470 1356 3520 scripsit.

1226 256 1640 299 COMMENTARIUS

1511 344 1576 382 Vs.
1618 343 1723 391 ¹75·¹
1734 344 1799 391 76.
1834 341 1943 386 οὕτως
1972 340 2329 394 ἁρμονίης-γαίων]
2357 350 2510 382 exstant

1459 403 1562 455 apud
1591 403 1837 453 Simplicium
1871 402 1994 453 Phys.
2035 401 2141 448 VIII,
2180 400 2206 439 s.
2240 414 2316 448 272
2338 400 2365 439 b
2399 400 2505 449 (vid.

1459 475 1574 513 supra
1593 462 1641 500 ad
1662 475 1721 501 vs.
1755 463 1852 512 169)
1875 471 1912 500 et
1938 461 2042 514 apud
2062 461 2280 512 Peyronum
2307 474 2332 513 p
2367 461 2432 501 52.
2464 460 2508 499 In

1460 522 1603 559 Aldino
1637 521 1816 573 exemplo
1835 521 1991 571 legitur
2018 523 2154 573 πυκινῷ
2183 519 2320 572 κρύφα,
2357 520 2398 558 in
2419 519 2506 560 cod.

1459 580 1694 619 'l‘aurinensi
1723 581 1859 632 πυκινῷ
1878 581 2015 633 κρυφῷ,
2032 579 2145 630 cujus
2171 579 2258 617 loco
2280 578 2512 618 Karstenius

1460 641 1596 692 πυκινῷ
1625 639 1750 692 κρύφῳ
1778 639 1917 679 edidit.
1951 638 2188 690 Hujusmodi
2213 638 2360 677 locutio
2389 651 2509 689 quum

1459 699 1552 737 ferri
1574 707 1752 750 nequeat,
1773 699 1859 751 ipse
1887 698 2045 750 quidem
2065 706 2216 750 poetam
2234 711 2416 737 exarasse
2440 712 2510 738 su-

1459 758 1629 809 spicatus
1640 767 1697 797 est
1707 759 1842 811 πυκινῷ
1853 757 1980 811 γόμφῳ
1991 756 2178 809 στήρικται
2194 758 2254 796 vel
2266 761 2395 811 πυκινῇ
2411 758 2510 813 φρενὶ

1458 815 1684 870 ἐστήρικται,
1706 818 1772 856 sed
1790 826 1946 870 praestat
1968 817 2107 856 Steinii
2125 817 2349 868 conjectura
2374 821 2511 871 πυκινῷ

1458 876 1554 916 κύτει
1574 877 1778 929 ἐστήρικται
1795 890 1911 929 quam
1924 875 2090 915 carmini
2106 875 2270 915 inserui.
2293 876 2513 928 Hesychius

1458 934 1559 980 κύτος
1591 937 1752 988 exponit
1786 938 1905 986 σῶμα,
1939 934 2052 986 ὄγκος.
2087 933 2232 972 Sensus
2267 934 2389 984 igitur
2415 945 2508 975 est:

1456 999 1511 1032 sic
1523 1009 1644 1032 nexus
1657 998 1775 1033 densa
1789 998 1885 1033 mole
1898 998 2118 1032 continetur.
2132 993 2296 1032 Versum
2317 992 2512 1046 posterio'·
2563 1042 2566 1044 q
2592 988 2596 990 .

1459 1066 1539 1092 rem
1562 1055 1651 1093 citat
1675 1054 1901 1106 Simplicius
1921 1053 1969 1091 de
1991 1053 2088 1091 Coel.
2116 1052 2144 1092 f.
2171 1052 2244 1097 145
2267 1055 2297 1090 B
2322 1052 2386 1093 ed.
2405 1053 2511 1103 Ald.;

1458 1125 1519 1163 ap.
1554 1113 1723 1164 Peyron.
1757 1127 1798 1166 p.
1836 1119 1910 1161 473
1949 1112 2172 1151 Antoninus
2201 1112 2306 1152 Phil.
2340 1111 2431 1161 XII,
2462 1115 2509 1162 33

1459 1172 1630 1211 Achilles
1650 1173 1788 1212 Tatius
1805 1173 1847 1211 in
1865 1174 1973 1210 Arat.
1991 1186 2032 1223 p.
2060 1186 2108 1220 77
2132 1172 2253 1211 Antv.
2276 1170 2514 1212 Scholiastes

1459 1232 1566 1270 Arati
1581 1231 1675 1270 ibid.
1691 1246 1731 1284 p.
1749 1234 1813 1283 96.
1834 1231 1983 1270 Ultima
1994 1230 2114 1289 verba
2129 1230 2234 1283 μονίῃ
2249 1231 2326 1270 κτλ.
2346 1231 2514 1272 Proclus

1459 1290 1500 1327 in
1516 1290 1621 1329 Tim.
1645 1305 1686 1343 p.
1708 1293 1797 1330 160.
1812 1290 1910 1329 Vide
1927 1303 2013 1341 quae
2031 1290 2254 1328 notavimus
2267 1288 2315 1327 ad
2333 1302 2393 1328 vs.
2421 1291 2511 1330 168.

1511 1349 1594 1388 Vss.
1614 1365 1628 1387 1
1640 1364 1808 1400 77-179.
1827 1348 1948 1401 Αὐτὰρ
1963 1337 2222 1402 ἐπεὶ-ὅρκου]
2238 1348 2410 1387 servavit
2421 1348 2514 1388 Ari·

1459 1409 1614 1447 stoteles
1635 1409 1804 1460 Metaph.
1828 1408 1882 1455 ll,
1904 1414 1923 1453 l,
1948 1422 1986 1460 p.
2010 1421 2108 1446 1000
2134 1407 2194 1446 ed.
2218 1407 2399 1455 Bekker.,
2419 1408 2512 1446 item

1459 1467 1686 1519 Simplicius
1703 1468 1824 1519 Phys.
1846 1466 1958 1518 VIII,
1975 1467 2004 1506 f.
2025 1481 2100 1515 272
2119 1466 2160 1505 b.
2174 1466 2406 1518 Deprompti
2424 1476 2514 1506 sunt

1460 1526 1501 1564 hi
1526 1540 1663 1566 versus
1683 1541 1732 1566 ex
1759 1541 1803 1566 ea
1836 1527 2022 1565 carminis
2047 1535 2166 1578 parte,
2191 1539 2269 1577 qua
2297 1527 2515 1565 necessaria

1462 1577 1590 1624 rerum
1615 1586 1845 1625 vicissitudo
1876 1585 2185 1625 describebatur.
2209 1584 2384 1623 Alternis
2403 1586 2512 1624 enim

1461 1646 1681 1684 Amicitiam
1703 1655 1741 1684 et
1769 1645 2013 1684 Discordiam
2045 1644 2240 1682 dominari
2261 1643 2517 1695 Empedocles

1461 1705 1624 1744 censuit.
1657 1705 1779 1756 Cujus
1808 1705 1883 1750 rei,
1925 1704 1959 1742 si
1992 1704 2087 1742 fides
2107 1703 2331 1748 Aristoteli,
2363 1703 2513 1743 nullam

1461 1762 1647 1801 afferebat
1667 1777 1821 1802 causam
1858 1772 1966 1801 vates
1983 1762 2263 1812 Agrigentinus
2287 1761 2516 1806 nisineces-

1462 1821 1616 1859 sitatem
1649 1823 1711 1861 vel
1733 1822 1837 1874 quod
1860 1831 1999 1860 natura
2024 1823 2079 1859 ita
2108 1829 2375 1873 comparatum
2397 1831 2516 1871 esset,

1465 1897 1481 1914 «
1501 1881 1559 1918 καὶ
1580 1880 1656 1932 ἅμα
1671 1881 1706 1920 δὲ
1729 1883 1834 1929 αὐτῆς
1850 1884 1914 1929 τῆς
1934 1880 2135 1931 μεταὸολῆς
2150 1880 2260 1920 αἴτιον
2282 1879 2380 1919 οὐδὲν
2397 1881 2515 1935 λέγει,
2560 1892 2562 1894 ’

1462 1939 1579 1988 ἀλλ’ἢ
1609 1940 1662 1980 ὅτι
1683 1941 1790 1985 οὕτως
1816 1941 1982 1995 πέφυκεν·
2016 1941 2095 1979 ἀλλ’
2133 1938 2190 1978 ὅτε
2225 1937 2267 1987 δὴ
2291 1938 2384 1991 μέγα
2404 1945 2516 1987 νεῖκος

1462 2000 1538 2039 κτλ.
1561 2003 1607 2045 ὡς
1629 2002 1816 2052 ἀναγκαῖον
1839 2001 1902 2051 μὲν
1925 1998 1962 2039 ὂν
1988 1998 2238 2050 μεταὸάλλειν,
2260 1998 2375 2039 αἰτίαν
2400 2000 2437 2039 δὲ
2452 2004 2518 2049 τῆς

1463 2058 1616 2111 ἀνάγκης
1636 2061 1798 2112 οὐδεμίαν
1812 2061 1923 2108 δηλοῖ.
1939 2078 1955 2094 u
1973 2060 2052 2098 Pro
2072 2058 2183 2112 αὐτὰρ
2200 2058 2276 2098 ἐπεὶ
2293 2059 2397 2111 apud
2417 2061 2515 2100 Ari-

1462 2121 1634 2157 stotelem
1665 2129 1723 2158 est
1754 2121 1904 2158 ἀλλ’ὅτε
1933 2118 1976 2166 δή
1999 2133 2008 2157 :
2041 2118 2109 2157 sed
2132 2119 2296 2157 alterum
2319 2118 2516 2172 Empedo-

1463 2178 1586 2216 cleum
1607 2179 1777 2219 videtur.
1799 2178 1875 2218 'Evl
1892 2178 2072 2230 μελέεσσιν
2093 2178 2269 2228 intellige
2288 2180 2350 2217 τοῦ
2366 2178 2518 2232 σφαίρου

1463 2249 1577 2286 quem
1612 2240 1724 2275 etiam
1759 2237 1874 2275 deum
1894 2250 1954 2276 vs.
1997 2237 2071 2274 180
2094 2244 2307 2288 nuncupat.
2338 2235 2516 2292 Ἐθρέφθη

1464 2302 1566 2332 recte
1600 2295 1848 2344 Aristoteles;
1881 2295 2076 2347 Simplicii
2105 2295 2220 2334 codd.
2248 2295 2349 2334 male
2373 2295 2515 2349 ἐρέφθη.

1464 2352 1587 2391 Porro
1606 2367 1664 2392 vs.
1701 2369 1774 2404 179
1794 2354 1897 2406 apud
1926 2354 2173 2392 Aristotelem
2193 2354 2338 2404 legitur
2367 2355 2402 2401 ὅς
2423 2371 2518 2411 σφιν,

1464 2412 1566 2463 apud
1582 2412 1828 2465 Simplicium
1848 2414 1868 2453 ὅ
1887 2428 1980 2467 σφιν.
2009 2414 2186 2465 Denique
2215 2427 2290 2466 pro
2311 2416 2519 2468 παρελήλα-

1463 2487 1521 2509 ται
1541 2485 1630 2523 pars
1647 2473 1821 2524 quaedam
1845 2472 2162 2511 membranarum
2183 2473 2386 2523 Stagiritae
2403 2490 2518 2528 παρε-

1465 2530 1597 2577 λήλατο
1616 2532 1731 2571 habet
1745 2564 1754 2581 ‚
1775 2533 1881 2584 quod
1901 2533 2103 2571 sententiae
2121 2543 2329 2585 repugnat.
2348 2534 2406 2573 Ex
2424 2536 2516 2575 Ari-

1466 2592 1613 2630 stotelis
1638 2592 1959 2644 interpretatione
1989 2592 2171 2640 eflicitur,
2207 2592 2332 2631 verba
2361 2593 2517 2640 πλατέος

1465 2647 1568 2702 ὅρκου
1596 2661 1692 2688 certo
1709 2653 1960 2699 jurejurando
1989 2651 2017 2690 i.
2037 2664 2072 2690 e.
2096 2660 2196 2689 cerco
2213 2651 2383 2701 soedere,
2415 2664 2520 2693 certa

1467 2711 1550 2758 lege
1568 2709 1615 2748 ad
1636 2711 1898 2749 necessitatem
1931 2719 2119 2762 spectare.
2155 2710 2266 2749 Hunc
2298 2713 2516 2760 genitivum

1466 2767 1670 2807 Bessarion
1685 2782 1706 2807 e
1720 2770 1962 2822 παρελήλαται
1974 2769 2142 2820 pendere
2158 2778 2264 2807 ratus
2282 2770 2411 2809 locum
2428 2785 2516 2824 per-

1466 2839 1601 2877 peram
1631 2828 1773 2879 accipit
1796 2842 1804 2866 2
1830 2845 1846 2863 α
1865 2842 1947 2866 cum
1983 2834 2083 2866 em'm
2108 2842 2248 2878 magna
2270 2837 2456 2870 contentio
2480 2837 2518 2871 1‘n

1467 2887 1638 2922 membris
1650 2891 1788 2923 nutrita
1795 2887 1874 2933 fuit
1891 2902 1937 2924 ac
1957 2890 2012 2925 ad
2034 2889 2191 2926 honores
2209 2891 2383 2927 ascendit
2413 2899 2516 2928 tem-

1464 2957 1556 2993 pore
1565 2944 1749 2994 petsecto,
1767 2949 1867 2995 quod
1886 2952 1942 2984 εἰς
1957 2961 2039 2984 cum
2054 2950 2241 2985 alternum
2254 2953 2307 2986 sit
2319 2977 2330 2999 ,
2348 2952 2518 3000 amplum

1463 3007 1658 3050 proecessit
1676 3006 1956 3051 jusjurandum.
1983 3022 1999 3039 ³>
2025 3005 2173 3043 Contra
2195 3005 2519 3046 Panzerbieterus

1462 3070 1503 3108 p.
1518 3058 1567 3095 28
1578 3056 1727 3100 πλατέος
1736 3057 1842 3110 ὅρκου
1851 3073 1899 3098 ex
1910 3061 2096 3110 ἀμοιὸαἴος
2106 3071 2238 3115 aptum
2250 3076 2334 3103 esse
2343 3065 2527 3116 opinatur

2594 643 2595 646 Α
2583 116 2612 601 Qss-deAQ-ffltffssffiium
2571 0 2612 67 ,43

2576 81 2594 109 ἶ
2608 101 2612 119 ι

1462 3115 1632 3167 ideoque
1649 3117 1752 3156 haud
1773 3119 1903 3157 minus
1928 3120 2025 3158 falso
2046 3125 2163 3160 vertit
2186 3137 2195 3161 z
2216 3140 2233 3157 «
2258 3124 2354 3162 aber
2383 3123 2523 3162 sobald
2552 3118 2556 3122 ί
2610 3172 2612 3175 .

1461 3175 1542 3213 ihm
1565 3175 1636 3215 der
1655 3177 1859 3227 maechtige
1877 3178 1996 3218 Streit
2017 3181 2058 3218 in
2083 3181 2148 3219 die
2166 3182 2328 3221 Glieder
2343 3183 2522 3233 gewach-

1460 3248 1528 3273 sen
1540 3264 1550 3283 ‚
1568 3236 1658 3274 Und
1669 3250 1718 3274 zu
1730 3236 1858 3275 Macht
1872 3239 1953 3276 und
1968 3239 2094 3278 Ehren
2107 3241 2279 3292 gelangt,
2295 3241 2345 3280 da
2358 3242 2423 3281 die
2433 3242 2524 3281 Zeit

1459 3294 1541 3332 sich
1561 3295 1719 3335 erfiillet
1742 3297 1815 3334 Die
1836 3299 1876 3335 in
1891 3299 2136 3349 gewaltigem
2155 3300 2226 3339 Eid
2244 3300 2518 3341 abwechselnd

1459 3353 1579 3393 ihnen
1599 3364 1742 3406 gesetzt
1767 3357 1836 3395 ist.
1860 3375 1876 3391 ι»
1911 3359 1958 3396 At
1986 3360 2186 3407 genitivus
2213 3361 2282 3399 ille
2314 3369 2520 3413 poetarum

1472 3427 1580 3452 more
1599 3413 1722 3452 dativi
1739 3413 1825 3452 loco
1836 3423 2059 3466 usurpatur.
2079 3416 2136 3456 Cf.
2153 3417 2324 3456 Matthiae
2347 3419 2520 3458 Gramm.

1437 3497 1443 3511 t
1473 3471 1542 3510 Gr.
1574 3473 1596 3523 S
1628 3473 1703 3520 375
1739 3472 1830 3510 adn.
1868 3486 1904 3511 2.
1936 3473 2164 3514 Karstenius
2197 3486 2322 3516 autem
2353 3478 2395 3516 in
2425 3491 2522 3515 voce
