<?xml version="1.0" encoding="UTF-8"?>
<!DOCTYPE html PUBLIC "-//W3C//DTD XHTML 1.0 Transitional//EN"
    "http://www.w3.org/TR/xhtml1/DTD/xhtml1-transitional.dtd">
<html xmlns="http://www.w3.org/1999/xhtml" xml:lang="en" lang="en">
 <head>
  <title>
</title>
<meta http-equiv="Content-Type" content="text/html;charset=utf-8" />
  <meta name='ocr-system' content='tesseract 3.04.00' />
  <meta name='ocr-capabilities' content='ocr_page ocr_carea ocr_par ocr_line ocrx_word'/>
</head>
<body>
  <div class='ocr_page' id='page_1' title='image "./fragmentaphiloso01mulluoft_0250.png"; bbox 0 0 2612 3814; ppageno 0'>
   <div class='ocr_carea' id='block_1_1' title="bbox 305 260 381 294">
    <p class='ocr_par' dir='ltr' id='par_1_1' title="bbox 305 260 381 294">
     <span class='ocr_line' id='line_1_1' title="bbox 305 260 381 294; baseline -0.013 0"><span class='ocrx_word' id='word_1_1' title='bbox 305 260 381 294; x_wconf 82' lang='lat'>210</span> 
     </span>
    </p>
   </div>
   <div class='ocr_carea' id='block_1_2' title="bbox 295 333 1368 1404">
    <p class='ocr_par' dir='ltr' id='par_1_2' title="bbox 295 333 1368 1404">
     <span class='ocr_line' id='line_1_2' title="bbox 349 333 1358 388; baseline -0.008 -9"><span class='ocrx_word' id='word_1_2' title='bbox 349 342 564 386; x_wconf 84' lang='lat' dir='ltr'><em>Cleobulus,</em></span> <span class='ocrx_word' id='word_1_3' title='bbox 588 340 775 388; x_wconf 85' lang='lat' dir='ltr'>Evagorae</span> <span class='ocrx_word' id='word_1_4' title='bbox 797 337 916 384; x_wconf 88' lang='lat' dir='ltr'>filius,</span> <span class='ocrx_word' id='word_1_5' title='bbox 936 335 1113 379; x_wconf 83' lang='lat' dir='ltr'><strong>Lindius,</strong></span> <span class='ocrx_word' id='word_1_6' title='bbox 1132 347 1246 386; x_wconf 89' lang='lat' dir='ltr'>quem</span> <span class='ocrx_word' id='word_1_7' title='bbox 1267 333 1358 371; x_wconf 88' lang='lat' dir='ltr'>Plu-</span> 
     </span>
     <span class='ocr_line' id='line_1_3' title="bbox 295 394 1357 455; baseline -0.009 -15"><span class='ocrx_word' id='word_1_8' title='bbox 295 401 450 440; x_wconf 83' lang='lat' dir='ltr'>tarchus</span> <span class='ocrx_word' id='word_1_9' title='bbox 464 400 541 455; x_wconf 70' lang='lat'>(54)</span> <span class='ocrx_word' id='word_1_10' title='bbox 564 399 638 439; x_wconf 88' lang='lat' dir='ltr'>lib.</span> <span class='ocrx_word' id='word_1_11' title='bbox 660 398 708 437; x_wconf 85' lang='lat' dir='ltr'>de</span> <span class='ocrx_word' id='word_1_12' title='bbox 727 413 758 437; x_wconf 87' lang='grc' dir='ltr'>ει</span> <span class='ocrx_word' id='word_1_13' title='bbox 775 397 963 450; x_wconf 87' lang='lat' dir='ltr'>Delphico</span> <span class='ocrx_word' id='word_1_14' title='bbox 984 410 1068 448; x_wconf 88' lang='lat' dir='ltr'>cap.</span> <span class='ocrx_word' id='word_1_15' title='bbox 1089 397 1109 432; x_wconf 80' lang='lat'>3</span> <span class='ocrx_word' id='word_1_16' title='bbox 1126 394 1357 433; x_wconf 85' lang='lat' dir='ltr'>Lindiorum</span> 
     </span>
     <span class='ocr_line' id='line_1_4' title="bbox 295 453 1358 513; baseline -0.009 -13"><span class='ocrx_word' id='word_1_17' title='bbox 295 472 506 513; x_wconf 84' lang='lat' dir='ltr'>tyrannum</span> <span class='ocrx_word' id='word_1_18' title='bbox 529 467 656 507; x_wconf 87' lang='lat' dir='ltr'>vocat,</span> <span class='ocrx_word' id='word_1_19' title='bbox 688 458 859 497; x_wconf 82' lang='lat' dir='ltr'>AElianus</span> <span class='ocrx_word' id='word_1_20' title='bbox 882 456 974 495; x_wconf 87' lang='lat' dir='ltr'>Var.</span> <span class='ocrx_word' id='word_1_21' title='bbox 1000 456 1097 494; x_wconf 88' lang='lat' dir='ltr'>llist.</span> <span class='ocrx_word' id='word_1_22' title='bbox 1119 455 1188 493; x_wconf 89' lang='lat' dir='ltr'>lib.</span> <span class='ocrx_word' id='word_1_23' title='bbox 1210 453 1282 499; x_wconf 92' lang='lat' dir='ltr'>lll,</span> <span class='ocrx_word' id='word_1_24' title='bbox 1314 467 1358 501; x_wconf 86' lang='lat'>17</span> 
     </span>
     <span class='ocr_line' id='line_1_5' title="bbox 298 513 1358 570; baseline -0.01 -10"><span class='ocrx_word' id='word_1_25' title='bbox 298 521 541 560; x_wconf 78' lang='lat' dir='ltr'>Rhodiorum</span> <span class='ocrx_word' id='word_1_26' title='bbox 572 517 798 570; x_wconf 82' lang='lat' dir='ltr'>reipublicae</span> <span class='ocrx_word' id='word_1_27' title='bbox 826 516 989 555; x_wconf 89' lang='lat' dir='ltr'>multum</span> <span class='ocrx_word' id='word_1_28' title='bbox 1023 514 1217 566; x_wconf 78' lang='lat' dir='ltr'>profuisse</span> <span class='ocrx_word' id='word_1_29' title='bbox 1242 513 1358 559; x_wconf 87' lang='lat' dir='ltr'>dicit,</span> 
     </span>
     <span class='ocr_line' id='line_1_6' title="bbox 296 573 1362 634; baseline -0.01 -14"><span class='ocrx_word' id='word_1_30' title='bbox 296 580 475 634; x_wconf 86' lang='lat' dir='ltr'>corporis</span> <span class='ocrx_word' id='word_1_31' title='bbox 491 577 787 633; x_wconf 83' lang='lat' dir='ltr'>pulchritudine</span> <span class='ocrx_word' id='word_1_32' title='bbox 804 586 841 615; x_wconf 93' lang='lat' dir='ltr'>et</span> <span class='ocrx_word' id='word_1_33' title='bbox 855 576 1009 615; x_wconf 84' lang='lat' dir='ltr'>viribus</span> <span class='ocrx_word' id='word_1_34' title='bbox 1026 574 1226 613; x_wconf 83' lang='lat' dir='ltr'>excelluit.</span> <span class='ocrx_word' id='word_1_35' title='bbox 1250 573 1362 611; x_wconf 87' lang='lat' dir='ltr'>llunc</span> 
     </span>
     <span class='ocr_line' id='line_1_7' title="bbox 296 633 1360 690; baseline -0.009 -11"><span class='ocrx_word' id='word_1_36' title='bbox 296 640 477 679; x_wconf 87' lang='lat' dir='ltr'>nonnulli</span> <span class='ocrx_word' id='word_1_37' title='bbox 500 651 622 690; x_wconf 83' lang='lat' dir='ltr'>genus</span> <span class='ocrx_word' id='word_1_38' title='bbox 651 651 763 677; x_wconf 89' lang='lat' dir='ltr'>suum</span> <span class='ocrx_word' id='word_1_39' title='bbox 788 636 836 675; x_wconf 82' lang='lat' dir='ltr'>ad</span> <span class='ocrx_word' id='word_1_40' title='bbox 866 635 1070 673; x_wconf 80' lang='lat' dir='ltr'>Herculem</span> <span class='ocrx_word' id='word_1_41' title='bbox 1095 633 1277 671; x_wconf 90' lang='lat' dir='ltr'>retulisse</span> <span class='ocrx_word' id='word_1_42' title='bbox 1305 641 1360 670; x_wconf 86' lang='lat' dir='ltr'>at-</span> 
     </span>
     <span class='ocr_line' id='line_1_8' title="bbox 296 693 1363 752; baseline -0.009 -13"><span class='ocrx_word' id='word_1_43' title='bbox 296 714 373 752; x_wconf 87' lang='lat' dir='ltr'>que</span> <span class='ocrx_word' id='word_1_44' title='bbox 390 701 431 739; x_wconf 90' lang='lat' dir='ltr'>in</span> <span class='ocrx_word' id='word_1_45' title='bbox 452 699 658 751; x_wconf 80' lang='lat' dir='ltr'>AEgyptum</span> <span class='ocrx_word' id='word_1_46' title='bbox 681 695 943 750; x_wconf 83' lang='lat' dir='ltr'>philosophiae</span> <span class='ocrx_word' id='word_1_47' title='bbox 963 693 1226 746; x_wconf 80' lang='lat' dir='ltr'>percipiendae</span> <span class='ocrx_word' id='word_1_48' title='bbox 1247 705 1363 730; x_wconf 87' lang='lat' dir='ltr'>causa</span> 
     </span>
     <span class='ocr_line' id='line_1_9' title="bbox 296 753 1363 811; baseline -0.007 -13"><span class='ocrx_word' id='word_1_49' title='bbox 296 760 513 811; x_wconf 87' lang='lat' dir='ltr'>profectum</span> <span class='ocrx_word' id='word_1_50' title='bbox 527 771 610 797; x_wconf 88' lang='lat' dir='ltr'>esse</span> <span class='ocrx_word' id='word_1_51' title='bbox 628 757 737 809; x_wconf 90' lang='lat' dir='ltr'>ajunt</span> <span class='ocrx_word' id='word_1_52' title='bbox 753 755 848 810; x_wconf 86' lang='lat'>(55).</span> <span class='ocrx_word' id='word_1_53' title='bbox 867 755 981 793; x_wconf 81' lang='lat' dir='ltr'>Fama</span> <span class='ocrx_word' id='word_1_54' title='bbox 995 762 1052 793; x_wconf 86' lang='lat' dir='ltr'>est</span> <span class='ocrx_word' id='word_1_55' title='bbox 1069 766 1156 791; x_wconf 91' lang='lat' dir='ltr'>cum</span> <span class='ocrx_word' id='word_1_56' title='bbox 1177 753 1363 791; x_wconf 80' lang='lat' dir='ltr'>Minervae</span> 
     </span>
     <span class='ocr_line' id='line_1_10' title="bbox 299 814 1362 866; baseline -0.008 -7"><span class='ocrx_word' id='word_1_57' title='bbox 299 820 428 859; x_wconf 83' lang='lat' dir='ltr'>fanum</span> <span class='ocrx_word' id='word_1_58' title='bbox 448 832 470 857; x_wconf 87' lang='lat' dir='ltr'>a</span> <span class='ocrx_word' id='word_1_59' title='bbox 482 822 618 857; x_wconf 89' lang='lat' dir='ltr'>Danao</span> <span class='ocrx_word' id='word_1_60' title='bbox 635 824 898 855; x_wconf 86' lang='lat' dir='ltr'>constructum</span> <span class='ocrx_word' id='word_1_61' title='bbox 915 815 1018 866; x_wconf 87' lang='lat' dir='ltr'>apud</span> <span class='ocrx_word' id='word_1_62' title='bbox 1036 814 1200 854; x_wconf 91' lang='lat' dir='ltr'>Lindios</span> <span class='ocrx_word' id='word_1_63' title='bbox 1215 822 1362 851; x_wconf 90' lang='lat' dir='ltr'>restau-</span> 
     </span>
     <span class='ocr_line' id='line_1_11' title="bbox 299 871 1361 930; baseline -0.008 -12"><span class='ocrx_word' id='word_1_64' title='bbox 299 891 407 917; x_wconf 84' lang='lat' dir='ltr'>rasse</span> <span class='ocrx_word' id='word_1_65' title='bbox 422 876 516 930; x_wconf 86' lang='lat'>(56).</span> <span class='ocrx_word' id='word_1_66' title='bbox 555 877 651 928; x_wconf 84' lang='lat' dir='ltr'>Ejus</span> <span class='ocrx_word' id='word_1_67' title='bbox 700 876 817 913; x_wconf 84' lang='lat' dir='ltr'>filiam</span> <span class='ocrx_word' id='word_1_68' title='bbox 853 873 1125 912; x_wconf 83' lang='lat' dir='ltr'>Cleobulinam</span> <span class='ocrx_word' id='word_1_69' title='bbox 1142 902 1153 924; x_wconf 84' lang='lat'>‚</span> <span class='ocrx_word' id='word_1_70' title='bbox 1188 871 1361 910; x_wconf 86' lang='lat' dir='ltr'>nobilem</span> 
     </span>
     <span class='ocr_line' id='line_1_12' title="bbox 297 931 1364 991; baseline -0.006 -15"><span class='ocrx_word' id='word_1_71' title='bbox 297 938 488 991; x_wconf 89' lang='lat' dir='ltr'>poetriam</span> <span class='ocrx_word' id='word_1_72' title='bbox 502 967 512 984; x_wconf 92' lang='lat'>‚</span> <span class='ocrx_word' id='word_1_73' title='bbox 549 949 636 987; x_wconf 88' lang='lat' dir='ltr'>quae</span> <span class='ocrx_word' id='word_1_74' title='bbox 668 934 876 984; x_wconf 82' lang='lat' dir='ltr'>aenigmata</span> <span class='ocrx_word' id='word_1_75' title='bbox 907 932 1148 971; x_wconf 84' lang='lat' dir='ltr'>hexametris</span> <span class='ocrx_word' id='word_1_76' title='bbox 1181 931 1364 970; x_wconf 84' lang='lat' dir='ltr'>versibus</span> 
     </span>
     <span class='ocr_line' id='line_1_13' title="bbox 297 990 1365 1047; baseline -0.007 -11"><span class='ocrx_word' id='word_1_77' title='bbox 297 996 576 1047; x_wconf 85' lang='lat' dir='ltr'>componebat,</span> <span class='ocrx_word' id='word_1_78' title='bbox 596 995 903 1047; x_wconf 85' lang='lat' dir='ltr'>passimveteres</span> <span class='ocrx_word' id='word_1_79' title='bbox 924 1000 1143 1031; x_wconf 89' lang='lat' dir='ltr'>memorant</span> <span class='ocrx_word' id='word_1_80' title='bbox 1159 990 1254 1045; x_wconf 82' lang='lat'>(57).</span> <span class='ocrx_word' id='word_1_81' title='bbox 1276 992 1365 1042; x_wconf 84' lang='lat' dir='ltr'>lpse</span> 
     </span>
     <span class='ocr_line' id='line_1_14' title="bbox 299 1051 1365 1106; baseline -0.007 -11"><span class='ocrx_word' id='word_1_82' title='bbox 299 1057 523 1095; x_wconf 81' lang='lat' dir='ltr'>cautionum</span> <span class='ocrx_word' id='word_1_83' title='bbox 544 1064 582 1093; x_wconf 93' lang='lat' dir='ltr'>et</span> <span class='ocrx_word' id='word_1_84' title='bbox 595 1053 829 1106; x_wconf 87' lang='lat' dir='ltr'>griphorum</span> <span class='ocrx_word' id='word_1_85' title='bbox 845 1061 983 1091; x_wconf 83' lang='lat' dir='ltr'>auctor</span> <span class='ocrx_word' id='word_1_86' title='bbox 1004 1051 1052 1090; x_wconf 87' lang='lat' dir='ltr'>ad</span> <span class='ocrx_word' id='word_1_87' title='bbox 1070 1059 1257 1103; x_wconf 86' lang='lat' dir='ltr'>quattuor</span> <span class='ocrx_word' id='word_1_88' title='bbox 1278 1051 1365 1088; x_wconf 91' lang='lat' dir='ltr'>mil·</span> 
     </span>
     <span class='ocr_line' id='line_1_15' title="bbox 299 1111 1367 1166; baseline -0.006 -12"><span class='ocrx_word' id='word_1_89' title='bbox 299 1117 353 1154; x_wconf 93' lang='lat' dir='ltr'>lia</span> <span class='ocrx_word' id='word_1_90' title='bbox 363 1129 550 1154; x_wconf 84' lang='lat' dir='ltr'>versuum</span> <span class='ocrx_word' id='word_1_91' title='bbox 566 1114 739 1166; x_wconf 84' lang='lat' dir='ltr'>scripsit.</span> <span class='ocrx_word' id='word_1_92' title='bbox 759 1112 931 1152; x_wconf 87' lang='lat' dir='ltr'>Fuerunt</span> <span class='ocrx_word' id='word_1_93' title='bbox 951 1113 1068 1151; x_wconf 90' lang='lat' dir='ltr'>etiam</span> <span class='ocrx_word' id='word_1_94' title='bbox 1087 1112 1156 1163; x_wconf 90' lang='lat' dir='ltr'>qui</span> <span class='ocrx_word' id='word_1_95' title='bbox 1174 1111 1367 1163; x_wconf 86' lang='lat' dir='ltr'>epigram-</span> 
     </span>
     <span class='ocr_line' id='line_1_16' title="bbox 303 1171 1362 1226; baseline -0.006 -12"><span class='ocrx_word' id='word_1_96' title='bbox 303 1189 367 1214; x_wconf 91' lang='lat' dir='ltr'>ma</span> <span class='ocrx_word' id='word_1_97' title='bbox 385 1175 500 1214; x_wconf 84' lang='lat' dir='ltr'>Midae</span> <span class='ocrx_word' id='word_1_98' title='bbox 518 1174 699 1226; x_wconf 88' lang='lat' dir='ltr'>sepulcro</span> <span class='ocrx_word' id='word_1_99' title='bbox 714 1172 953 1225; x_wconf 89' lang='lat' dir='ltr'>insculptum</span> <span class='ocrx_word' id='word_1_100' title='bbox 969 1186 992 1210; x_wconf 89' lang='lat' dir='ltr'>a</span> <span class='ocrx_word' id='word_1_101' title='bbox 1004 1171 1197 1210; x_wconf 89' lang='lat' dir='ltr'>Cleobulo</span> <span class='ocrx_word' id='word_1_102' title='bbox 1220 1171 1362 1209; x_wconf 82' lang='lat' dir='ltr'>sactum</span> 
     </span>
     <span class='ocr_line' id='line_1_17' title="bbox 299 1231 1368 1284; baseline -0.005 -10"><span class='ocrx_word' id='word_1_103' title='bbox 299 1248 383 1274; x_wconf 87' lang='lat' dir='ltr'>esse</span> <span class='ocrx_word' id='word_1_104' title='bbox 421 1234 706 1273; x_wconf 87' lang='lat' dir='ltr'>contenderunt</span> <span class='ocrx_word' id='word_1_105' title='bbox 733 1233 827 1284; x_wconf 85' lang='grc'>(58).</span> <span class='ocrx_word' id='word_1_106' title='bbox 871 1232 1148 1279; x_wconf 87' lang='lat' dir='ltr'>Mortalitatem</span> <span class='ocrx_word' id='word_1_107' title='bbox 1190 1231 1368 1283; x_wconf 89' lang='lat' dir='ltr'>explevit</span> 
     </span>
     <span class='ocr_line' id='line_1_18' title="bbox 300 1291 1366 1346; baseline -0.005 -13"><span class='ocrx_word' id='word_1_108' title='bbox 300 1295 547 1346; x_wconf 85' lang='lat' dir='ltr'>septuaginta</span> <span class='ocrx_word' id='word_1_109' title='bbox 579 1306 772 1332; x_wconf 86' lang='lat' dir='ltr'>annorum</span> <span class='ocrx_word' id='word_1_110' title='bbox 793 1305 935 1340; x_wconf 88' lang='lat' dir='ltr'>senex,</span> <span class='ocrx_word' id='word_1_111' title='bbox 969 1291 1134 1342; x_wconf 87' lang='lat' dir='ltr'>ejusque</span> <span class='ocrx_word' id='word_1_112' title='bbox 1150 1291 1269 1343; x_wconf 85' lang='lat' dir='ltr'>cippo</span> <span class='ocrx_word' id='word_1_113' title='bbox 1291 1291 1366 1328; x_wconf 90' lang='lat' dir='ltr'>hoc</span> 
     </span>
     <span class='ocr_line' id='line_1_19' title="bbox 300 1354 794 1404; baseline -0.004 -11"><span class='ocrx_word' id='word_1_114' title='bbox 300 1355 468 1394; x_wconf 86' lang='lat' dir='ltr'>incisum</span> <span class='ocrx_word' id='word_1_115' title='bbox 494 1354 568 1395; x_wconf 89' lang='lat' dir='ltr'>fuit</span> <span class='ocrx_word' id='word_1_116' title='bbox 590 1354 761 1404; x_wconf 85' lang='lat' dir='ltr'>elogium</span> <span class='ocrx_word' id='word_1_117' title='bbox 786 1367 794 1391; x_wconf 74' lang='grc' dir='ltr'>ε</span> 
     </span>
    </p>
   </div>
   <div class='ocr_carea' id='block_1_3' title="bbox 385 1450 1223 1542">
    <p class='ocr_par' dir='ltr' id='par_1_3' title="bbox 385 1450 1223 1542">
     <span class='ocr_line' id='line_1_20' title="bbox 385 1450 1223 1495; baseline -0.005 -9"><span class='ocrx_word' id='word_1_118' title='bbox 385 1453 591 1495; x_wconf 86' lang='lat' dir='ltr'>Exstinctnm</span> <span class='ocrx_word' id='word_1_119' title='bbox 607 1453 693 1493; x_wconf 83' lang='lat' dir='ltr'>luget</span> <span class='ocrx_word' id='word_1_120' title='bbox 709 1451 902 1484; x_wconf 74' lang='lat' dir='ltr'>Cleobulum</span> <span class='ocrx_word' id='word_1_121' title='bbox 916 1450 1038 1484; x_wconf 81' lang='lat' dir='ltr'>Lindus</span> <span class='ocrx_word' id='word_1_122' title='bbox 1055 1450 1223 1482; x_wconf 86' lang='lat' dir='ltr'>alumnum</span> 
     </span>
     <span class='ocr_line' id='line_1_21' title="bbox 385 1499 1199 1542; baseline -0.005 -8"><span class='ocrx_word' id='word_1_123' title='bbox 385 1502 472 1534; x_wconf 88' lang='lat' dir='ltr'>clara</span> <span class='ocrx_word' id='word_1_124' title='bbox 489 1510 604 1542; x_wconf 84' lang='lat' dir='ltr'>parens</span> <span class='ocrx_word' id='word_1_125' title='bbox 622 1500 712 1532; x_wconf 79' lang='lat' dir='ltr'>sactis</span> <span class='ocrx_word' id='word_1_126' title='bbox 729 1500 873 1541; x_wconf 83' lang='lat' dir='ltr'>undique</span> <span class='ocrx_word' id='word_1_127' title='bbox 889 1499 994 1532; x_wconf 84' lang='lat' dir='ltr'>cincta</span> <span class='ocrx_word' id='word_1_128' title='bbox 1020 1499 1101 1531; x_wconf 84' lang='lat' dir='ltr'>mari</span> <span class='ocrx_word' id='word_1_129' title='bbox 1117 1499 1199 1540; x_wconf 84' lang='grc'>(59).</span> 
     </span>
    </p>
   </div>
   <div class='ocr_carea' id='block_1_4' title="bbox 303 1581 1370 1992">
    <p class='ocr_par' dir='ltr' id='par_1_4' title="bbox 303 1581 1370 1992">
     <span class='ocr_line' id='line_1_22' title="bbox 356 1581 1366 1635; baseline -0.004 -12"><span class='ocrx_word' id='word_1_130' title='bbox 356 1586 582 1629; x_wconf 75' lang='lat' dir='ltr'>Periander,</span> <span class='ocrx_word' id='word_1_131' title='bbox 626 1583 786 1635; x_wconf 84' lang='lat' dir='ltr'>Cypseli</span> <span class='ocrx_word' id='word_1_132' title='bbox 821 1582 943 1632; x_wconf 83' lang='lat' dir='ltr'>filius,</span> <span class='ocrx_word' id='word_1_133' title='bbox 981 1594 1029 1620; x_wconf 89' lang='lat' dir='ltr'>ex</span> <span class='ocrx_word' id='word_1_134' title='bbox 1068 1581 1366 1620; x_wconf 86' lang='lat' dir='ltr'>Heraclidarum</span> 
     </span>
     <span class='ocr_line' id='line_1_23' title="bbox 303 1641 1370 1694; baseline -0.003 -12"><span class='ocrx_word' id='word_1_135' title='bbox 303 1652 416 1694; x_wconf 88' lang='lat' dir='ltr'>gente</span> <span class='ocrx_word' id='word_1_136' title='bbox 436 1644 650 1690; x_wconf 89' lang='lat' dir='ltr'>oriundus,</span> <span class='ocrx_word' id='word_1_137' title='bbox 666 1655 738 1694; x_wconf 90' lang='lat' dir='ltr'>per</span> <span class='ocrx_word' id='word_1_138' title='bbox 756 1641 1017 1694; x_wconf 88' lang='lat' dir='ltr'>quadraginta</span> <span class='ocrx_word' id='word_1_139' title='bbox 1033 1654 1156 1680; x_wconf 86' lang='lat' dir='ltr'>annos</span> <span class='ocrx_word' id='word_1_140' title='bbox 1171 1641 1370 1680; x_wconf 86' lang='lat' dir='ltr'>Corinthi-</span> 
     </span>
     <span class='ocr_line' id='line_1_24' title="bbox 303 1701 1369 1754; baseline -0.001 -14"><span class='ocrx_word' id='word_1_141' title='bbox 303 1716 415 1741; x_wconf 88' lang='lat' dir='ltr'>orum</span> <span class='ocrx_word' id='word_1_142' title='bbox 440 1703 764 1754; x_wconf 84' lang='lat' dir='ltr'>tyrannus‚circa</span> <span class='ocrx_word' id='word_1_143' title='bbox 781 1701 1022 1751; x_wconf 83' lang='lat' dir='ltr'>trigesimam</span> <span class='ocrx_word' id='word_1_144' title='bbox 1045 1709 1222 1739; x_wconf 88' lang='lat' dir='ltr'>octavam</span> <span class='ocrx_word' id='word_1_145' title='bbox 1246 1701 1369 1753; x_wconf 90' lang='lat' dir='ltr'>olym-</span> 
     </span>
     <span class='ocr_line' id='line_1_25' title="bbox 303 1760 1369 1814; baseline -0.002 -14"><span class='ocrx_word' id='word_1_146' title='bbox 303 1762 459 1814; x_wconf 82' lang='lat' dir='ltr'>piadem</span> <span class='ocrx_word' id='word_1_147' title='bbox 492 1761 625 1800; x_wconf 88' lang='lat' dir='ltr'>floruit</span> <span class='ocrx_word' id='word_1_148' title='bbox 643 1760 739 1814; x_wconf 87' lang='lat'>(60).</span> <span class='ocrx_word' id='word_1_149' title='bbox 768 1760 855 1806; x_wconf 91' lang='lat' dir='ltr'>Quo</span> <span class='ocrx_word' id='word_1_150' title='bbox 881 1760 1041 1799; x_wconf 89' lang='lat' dir='ltr'>homine</span> <span class='ocrx_word' id='word_1_151' title='bbox 1067 1760 1167 1799; x_wconf 88' lang='lat' dir='ltr'>nihil</span> <span class='ocrx_word' id='word_1_152' title='bbox 1195 1774 1369 1813; x_wconf 90' lang='lat' dir='ltr'>unquam</span> 
     </span>
     <span class='ocr_line' id='line_1_26' title="bbox 305 1820 1367 1872; baseline 0.001 -12"><span class='ocrx_word' id='word_1_153' title='bbox 305 1822 503 1860; x_wconf 87' lang='lat' dir='ltr'>crudelius</span> <span class='ocrx_word' id='word_1_154' title='bbox 517 1830 554 1859; x_wconf 91' lang='lat' dir='ltr'>et</span> <span class='ocrx_word' id='word_1_155' title='bbox 573 1820 769 1872; x_wconf 89' lang='lat' dir='ltr'>impurius</span> <span class='ocrx_word' id='word_1_156' title='bbox 790 1820 1089 1859; x_wconf 80' lang='lat' dir='ltr'>Corinthiorum</span> <span class='ocrx_word' id='word_1_157' title='bbox 1105 1820 1245 1860; x_wconf 84' lang='lat' dir='ltr'>civitas</span> <span class='ocrx_word' id='word_1_158' title='bbox 1263 1821 1367 1861; x_wconf 87' lang='lat' dir='ltr'>tulit.</span> 
     </span>
     <span class='ocr_line' id='line_1_27' title="bbox 306 1879 1369 1932; baseline -0.001 -12"><span class='ocrx_word' id='word_1_159' title='bbox 306 1880 480 1932; x_wconf 84' lang='lat' dir='ltr'>Namque</span> <span class='ocrx_word' id='word_1_160' title='bbox 494 1894 657 1919; x_wconf 86' lang='lat' dir='ltr'>uxorem</span> <span class='ocrx_word' id='word_1_161' title='bbox 671 1880 881 1926; x_wconf 70' lang='lat' dir='ltr'>Mehssam,</span> <span class='ocrx_word' id='word_1_162' title='bbox 897 1880 1050 1919; x_wconf 86' lang='lat' dir='ltr'>Proclis</span> <span class='ocrx_word' id='word_1_163' title='bbox 1066 1879 1369 1932; x_wconf 86' lang='lat' dir='ltr'>Epidauriorum</span> 
     </span>
     <span class='ocr_line' id='line_1_28' title="bbox 306 1938 1370 1992; baseline -0.002 -13"><span class='ocrx_word' id='word_1_164' title='bbox 306 1940 410 1990; x_wconf 82' lang='lat' dir='ltr'>regis</span> <span class='ocrx_word' id='word_1_165' title='bbox 426 1940 559 1986; x_wconf 81' lang='lat' dir='ltr'>tiliam,</span> <span class='ocrx_word' id='word_1_166' title='bbox 583 1953 631 1977; x_wconf 87' lang='lat' dir='ltr'>ex</span> <span class='ocrx_word' id='word_1_167' title='bbox 651 1952 729 1990; x_wconf 89' lang='lat' dir='ltr'>qua</span> <span class='ocrx_word' id='word_1_168' title='bbox 745 1939 844 1977; x_wconf 90' lang='lat' dir='ltr'>duos</span> <span class='ocrx_word' id='word_1_169' title='bbox 866 1938 985 1987; x_wconf 85' lang='lat' dir='ltr'>filios,</span> <span class='ocrx_word' id='word_1_170' title='bbox 1008 1938 1220 1991; x_wconf 85' lang='lat' dir='ltr'>Cypselum</span> <span class='ocrx_word' id='word_1_171' title='bbox 1241 1949 1278 1978; x_wconf 88' lang='lat' dir='ltr'>et</span> <span class='ocrx_word' id='word_1_172' title='bbox 1293 1940 1370 1992; x_wconf 88' lang='lat' dir='ltr'>Ly-</span> 
     </span>
    </p>
   </div>
   <div class='ocr_carea' id='block_1_5' title="bbox 305 2083 1384 3544">
    <p class='ocr_par' dir='ltr' id='par_1_5' title="bbox 305 2083 1373 2173">
     <span class='ocr_line' id='line_1_29' title="bbox 305 2083 1373 2125; baseline 0.001 -9"><span class='ocrx_word' id='word_1_173' title='bbox 305 2083 391 2121; x_wconf 84' lang='grc' dir='ltr'>νίας.</span> <span class='ocrx_word' id='word_1_174' title='bbox 418 2083 489 2116; x_wconf 84' lang='grc' dir='ltr'>τίνα</span> <span class='ocrx_word' id='word_1_175' title='bbox 516 2083 652 2125; x_wconf 86' lang='grc' dir='ltr'>μάλιστα</span> <span class='ocrx_word' id='word_1_176' title='bbox 682 2084 720 2115; x_wconf 87' lang='grc' dir='ltr'>ἂν</span> <span class='ocrx_word' id='word_1_177' title='bbox 748 2083 863 2125; x_wconf 78' lang='grc' dir='ltr'>τρόπον</span> <span class='ocrx_word' id='word_1_178' title='bbox 893 2083 1111 2125; x_wconf 72' lang='grc' dir='ltr'>εὐδαιμονοίη,</span> <span class='ocrx_word' id='word_1_179' title='bbox 1140 2084 1183 2121; x_wconf 81' lang='grc' dir='ltr'>εἷς</span> <span class='ocrx_word' id='word_1_180' title='bbox 1213 2084 1273 2123; x_wconf 79' lang='grc' dir='ltr'>ἔπη</span> <span class='ocrx_word' id='word_1_181' title='bbox 1304 2085 1373 2117; x_wconf 85' lang='grc' dir='ltr'>διο·-</span> 
     </span>
     <span class='ocr_line' id='line_1_30' title="bbox 306 2131 404 2173; baseline 0.01 -12"><span class='ocrx_word' id='word_1_182' title='bbox 306 2131 404 2173; x_wconf 84' lang='grc' dir='ltr'>χίλια.</span> 
     </span>
    </p>

    <p class='ocr_par' dir='ltr' id='par_1_6' title="bbox 306 2176 1376 2366">
     <span class='ocr_line' id='line_1_31' title="bbox 352 2176 1374 2219; baseline 0.001 -8"><span class='ocrx_word' id='word_1_183' title='bbox 352 2179 417 2219; x_wconf 75' lang='grc'>(54)</span> <span class='ocrx_word' id='word_1_184' title='bbox 436 2177 631 2210; x_wconf 82' lang='lat' dir='ltr'>Plutarchus</span> <span class='ocrx_word' id='word_1_185' title='bbox 641 2176 681 2210; x_wconf 91' lang='lat' dir='ltr'>de</span> <span class='ocrx_word' id='word_1_186' title='bbox 695 2188 721 2210; x_wconf 89' lang='grc' dir='ltr'>ει</span> <span class='ocrx_word' id='word_1_187' title='bbox 736 2177 893 2219; x_wconf 84' lang='lat' dir='ltr'>Delphico</span> <span class='ocrx_word' id='word_1_188' title='bbox 909 2186 981 2218; x_wconf 83' lang='lat' dir='ltr'>cap.</span> <span class='ocrx_word' id='word_1_189' title='bbox 1002 2181 1041 2210; x_wconf 86' lang='lat'>3:</span> <span class='ocrx_word' id='word_1_190' title='bbox 1059 2177 1251 2215; x_wconf 78' lang='grc' dir='ltr'>Κλεόὃουλος</span> <span class='ocrx_word' id='word_1_191' title='bbox 1265 2180 1282 2211; x_wconf 90' lang='grc' dir='ltr'>ὁ</span> <span class='ocrx_word' id='word_1_192' title='bbox 1302 2181 1374 2212; x_wconf 90' lang='grc' dir='ltr'>Λιν-</span> 
     </span>
     <span class='ocr_line' id='line_1_32' title="bbox 306 2225 1376 2268; baseline 0.001 -9"><span class='ocrx_word' id='word_1_193' title='bbox 306 2227 383 2260; x_wconf 82' lang='grc' dir='ltr'>δίων</span> <span class='ocrx_word' id='word_1_194' title='bbox 404 2226 561 2268; x_wconf 83' lang='grc' dir='ltr'>τύραννος.</span> <span class='ocrx_word' id='word_1_195' title='bbox 579 2225 726 2258; x_wconf 83' lang='lat' dir='ltr'>AElianus</span> <span class='ocrx_word' id='word_1_196' title='bbox 743 2226 820 2257; x_wconf 88' lang='lat' dir='ltr'>Var.</span> <span class='ocrx_word' id='word_1_197' title='bbox 843 2225 926 2259; x_wconf 85' lang='lat' dir='ltr'>Hist.</span> <span class='ocrx_word' id='word_1_198' title='bbox 945 2225 998 2258; x_wconf 93' lang='lat' dir='ltr'>lib.</span> <span class='ocrx_word' id='word_1_199' title='bbox 1017 2227 1078 2264; x_wconf 89' lang='lat'>111,</span> <span class='ocrx_word' id='word_1_200' title='bbox 1099 2227 1135 2260; x_wconf 93' lang='grc'>17</span> <span class='ocrx_word' id='word_1_201' title='bbox 1156 2236 1165 2259; x_wconf 77' lang='lat' dir='ltr'><em>z</em></span> <span class='ocrx_word' id='word_1_202' title='bbox 1181 2227 1376 2264; x_wconf 77' lang='grc' dir='ltr'>Κλεόὸουλος</span> 
     </span>
     <span class='ocr_line' id='line_1_33' title="bbox 307 2272 1373 2318; baseline 0 -10"><span class='ocrx_word' id='word_1_203' title='bbox 307 2276 340 2308; x_wconf 87' lang='grc' dir='ltr'>δὲ</span> <span class='ocrx_word' id='word_1_204' title='bbox 353 2274 494 2311; x_wconf 81' lang='grc' dir='ltr'>Ῥοδίους</span> <span class='ocrx_word' id='word_1_205' title='bbox 512 2272 624 2315; x_wconf 82' lang='grc' dir='ltr'>[πολλὰ</span> <span class='ocrx_word' id='word_1_206' title='bbox 643 2272 791 2316; x_wconf 84' lang='grc' dir='ltr'>ὤνησεν].</span> <span class='ocrx_word' id='word_1_207' title='bbox 804 2274 898 2315; x_wconf 86' lang='lat' dir='ltr'>Diog.</span> <span class='ocrx_word' id='word_1_208' title='bbox 915 2275 1020 2312; x_wconf 84' lang='lat' dir='ltr'>Laert.</span> <span class='ocrx_word' id='word_1_209' title='bbox 1039 2275 1066 2314; x_wconf 86' lang='grc' dir='ltr'>Ι,</span> <span class='ocrx_word' id='word_1_210' title='bbox 1079 2276 1118 2308; x_wconf 88' lang='grc'>89</span> <span class='ocrx_word' id='word_1_211' title='bbox 1137 2285 1146 2307; x_wconf 75' lang='lat'><em>2</em></span> <span class='ocrx_word' id='word_1_212' title='bbox 1163 2275 1373 2318; x_wconf 78' lang='grc' dir='ltr'>Κλεόὸουλος,</span> 
     </span>
     <span class='ocr_line' id='line_1_34' title="bbox 309 2321 1236 2366; baseline 0.001 -11"><span class='ocrx_word' id='word_1_213' title='bbox 309 2322 494 2364; x_wconf 81' lang='grc' dir='ltr'>Εὐαγόρου,</span> <span class='ocrx_word' id='word_1_214' title='bbox 511 2321 636 2358; x_wconf 83' lang='grc' dir='ltr'>Λίνδιος</span> <span class='ocrx_word' id='word_1_215' title='bbox 641 2345 704 2354; x_wconf 83' lang='grc'>.....</span> <span class='ocrx_word' id='word_1_216' title='bbox 722 2322 813 2363; x_wconf 84' lang='grc' dir='ltr'>ῥώμῃ</span> <span class='ocrx_word' id='word_1_217' title='bbox 830 2322 862 2355; x_wconf 84' lang='grc' dir='ltr'>δὲ</span> <span class='ocrx_word' id='word_1_218' title='bbox 876 2322 930 2354; x_wconf 88' lang='grc' dir='ltr'>καὶ</span> <span class='ocrx_word' id='word_1_219' title='bbox 948 2322 1055 2354; x_wconf 75' lang='grc' dir='ltr'>κάλλει</span> <span class='ocrx_word' id='word_1_220' title='bbox 1072 2323 1236 2366; x_wconf 76' lang='grc' dir='ltr'>διαφέρειν.</span> 
     </span>
    </p>

    <p class='ocr_par' dir='ltr' id='par_1_7' title="bbox 308 2368 1379 2509">
     <span class='ocr_line' id='line_1_35' title="bbox 351 2368 1379 2413; baseline 0.004 -13"><span class='ocrx_word' id='word_1_221' title='bbox 351 2370 417 2411; x_wconf 77' lang='grc'>(55)</span> <span class='ocrx_word' id='word_1_222' title='bbox 440 2369 595 2409; x_wconf 86' lang='lat' dir='ltr'>Diogenes</span> <span class='ocrx_word' id='word_1_223' title='bbox 615 2368 762 2401; x_wconf 81' lang='lat' dir='ltr'>Laertius</span> <span class='ocrx_word' id='word_1_224' title='bbox 787 2369 841 2402; x_wconf 89' lang='lat' dir='ltr'>lib.</span> <span class='ocrx_word' id='word_1_225' title='bbox 863 2371 891 2410; x_wconf 83' lang='grc' dir='ltr'>Ι,</span> <span class='ocrx_word' id='word_1_226' title='bbox 915 2371 977 2402; x_wconf 83' lang='grc'>89;</span> <span class='ocrx_word' id='word_1_227' title='bbox 997 2369 1098 2402; x_wconf 84' lang='grc' dir='ltr'>Ἔνιοι</span> <span class='ocrx_word' id='word_1_228' title='bbox 1118 2370 1151 2403; x_wconf 88' lang='grc' dir='ltr'>δὲ</span> <span class='ocrx_word' id='word_1_229' title='bbox 1163 2371 1205 2407; x_wconf 74' lang='grc' dir='ltr'>εἷς</span> <span class='ocrx_word' id='word_1_230' title='bbox 1220 2371 1379 2413; x_wconf 80' lang='grc' dir='ltr'>Ἠρακλέα</span> 
     </span>
     <span class='ocr_line' id='line_1_36' title="bbox 308 2416 1378 2461; baseline 0.001 -10"><span class='ocrx_word' id='word_1_231' title='bbox 308 2418 468 2460; x_wconf 67' lang='grc' dir='ltr'>ἀναφέρειν</span> <span class='ocrx_word' id='word_1_232' title='bbox 491 2417 528 2449; x_wconf 87' lang='grc' dir='ltr'>τὸ</span> <span class='ocrx_word' id='word_1_233' title='bbox 547 2417 635 2459; x_wconf 86' lang='grc' dir='ltr'>γένος</span> <span class='ocrx_word' id='word_1_234' title='bbox 663 2416 809 2450; x_wconf 84' lang='grc' dir='ltr'>αὐτόν....</span> <span class='ocrx_word' id='word_1_235' title='bbox 841 2421 1011 2460; x_wconf 76' lang='grc' dir='ltr'>μετασχεῖν</span> <span class='ocrx_word' id='word_1_236' title='bbox 1035 2429 1070 2450; x_wconf 90' lang='grc' dir='ltr'>τε</span> <span class='ocrx_word' id='word_1_237' title='bbox 1091 2422 1145 2458; x_wconf 88' lang='grc' dir='ltr'>τῆς</span> <span class='ocrx_word' id='word_1_238' title='bbox 1168 2419 1200 2451; x_wconf 84' lang='grc' dir='ltr'>ἐν</span> <span class='ocrx_word' id='word_1_239' title='bbox 1227 2419 1378 2461; x_wconf 77' lang='grc' dir='ltr'>Αἰγύπτῳ</span> 
     </span>
     <span class='ocr_line' id='line_1_37' title="bbox 310 2465 505 2509; baseline -0.005 -10"><span class='ocrx_word' id='word_1_240' title='bbox 310 2465 505 2509; x_wconf 67' lang='grc' dir='ltr'>φιλοσοφίας.</span> 
     </span>
    </p>

    <p class='ocr_par' dir='ltr' id='par_1_8' title="bbox 310 2513 1381 2889">
     <span class='ocr_line' id='line_1_38' title="bbox 355 2513 1378 2558; baseline 0.001 -11"><span class='ocrx_word' id='word_1_241' title='bbox 355 2515 421 2555; x_wconf 83' lang='grc'>(56)</span> <span class='ocrx_word' id='word_1_242' title='bbox 438 2515 597 2555; x_wconf 84' lang='lat' dir='ltr'>Diogenes</span> <span class='ocrx_word' id='word_1_243' title='bbox 623 2513 772 2547; x_wconf 82' lang='lat' dir='ltr'>Laertius</span> <span class='ocrx_word' id='word_1_244' title='bbox 789 2514 844 2547; x_wconf 86' lang='lat' dir='ltr'>lib.</span> <span class='ocrx_word' id='word_1_245' title='bbox 865 2515 892 2555; x_wconf 90' lang='grc' dir='ltr'>Ι,</span> <span class='ocrx_word' id='word_1_246' title='bbox 911 2518 968 2548; x_wconf 81' lang='lat'>89:</span> <span class='ocrx_word' id='word_1_247' title='bbox 990 2515 1080 2548; x_wconf 80' lang='grc' dir='ltr'>Ἀλλὰ</span> <span class='ocrx_word' id='word_1_248' title='bbox 1099 2516 1153 2548; x_wconf 85' lang='grc' dir='ltr'>καὶ</span> <span class='ocrx_word' id='word_1_249' title='bbox 1169 2515 1205 2549; x_wconf 85' lang='grc' dir='ltr'>τὸ</span> <span class='ocrx_word' id='word_1_250' title='bbox 1226 2516 1308 2558; x_wconf 84' lang='grc' dir='ltr'>ἱερὸν</span> <span class='ocrx_word' id='word_1_251' title='bbox 1323 2520 1378 2554; x_wconf 83' lang='grc' dir='ltr'>τῆς</span> 
     </span>
     <span class='ocr_line' id='line_1_39' title="bbox 310 2561 1379 2602; baseline 0.004 -8"><span class='ocrx_word' id='word_1_252' title='bbox 310 2564 435 2602; x_wconf 76' lang='grc' dir='ltr'>Ἀθηνᾶς</span> <span class='ocrx_word' id='word_1_253' title='bbox 461 2561 697 2594; x_wconf 69' lang='grc' dir='ltr'>ἀνανεώσασθαι</span> <span class='ocrx_word' id='word_1_254' title='bbox 714 2562 808 2595; x_wconf 81' lang='grc' dir='ltr'>αὐτὸν</span> <span class='ocrx_word' id='word_1_255' title='bbox 831 2563 895 2596; x_wconf 79' lang='grc' dir='ltr'>ἀπὸ</span> <span class='ocrx_word' id='word_1_256' title='bbox 915 2567 1053 2597; x_wconf 80' lang='grc' dir='ltr'>Δαναοῦ.</span> <span class='ocrx_word' id='word_1_257' title='bbox 1079 2564 1197 2598; x_wconf 78' lang='lat' dir='ltr'>Strabo</span> <span class='ocrx_word' id='word_1_258' title='bbox 1220 2564 1276 2597; x_wconf 89' lang='lat' dir='ltr'>lib.</span> <span class='ocrx_word' id='word_1_259' title='bbox 1302 2566 1379 2598; x_wconf 86' lang='lat' dir='ltr'>XIV</span> 
     </span>
     <span class='ocr_line' id='line_1_40' title="bbox 312 2609 1380 2653; baseline 0.007 -15"><span class='ocrx_word' id='word_1_260' title='bbox 312 2618 382 2651; x_wconf 82' lang='lat' dir='ltr'>pag.</span> <span class='ocrx_word' id='word_1_261' title='bbox 406 2612 467 2642; x_wconf 82' lang='lat'>655</span> <span class='ocrx_word' id='word_1_262' title='bbox 487 2609 537 2641; x_wconf 88' lang='lat' dir='ltr'>ed.</span> <span class='ocrx_word' id='word_1_263' title='bbox 566 2609 830 2641; x_wconf 63' lang='lat' dir='ltr'>casaub.:&#39;ssou</span> <span class='ocrx_word' id='word_1_264' title='bbox 848 2611 881 2642; x_wconf 87' lang='grc' dir='ltr'>δὲ</span> <span class='ocrx_word' id='word_1_265' title='bbox 897 2611 1004 2652; x_wconf 85' lang='grc' dir='ltr'>πρώτη</span> <span class='ocrx_word' id='word_1_266' title='bbox 1023 2611 1078 2653; x_wconf 73' lang='grc' dir='ltr'>μὲν</span> <span class='ocrx_word' id='word_1_267' title='bbox 1102 2611 1214 2649; x_wconf 80' lang='grc' dir='ltr'>Λίνδος</span> <span class='ocrx_word' id='word_1_268' title='bbox 1238 2612 1302 2645; x_wconf 85' lang='grc' dir='ltr'>ἀπὸ</span> <span class='ocrx_word' id='word_1_269' title='bbox 1327 2617 1380 2650; x_wconf 84' lang='grc' dir='ltr'>τῆς</span> 
     </span>
     <span class='ocr_line' id='line_1_41' title="bbox 310 2656 1381 2702; baseline 0.001 -13"><span class='ocrx_word' id='word_1_270' title='bbox 310 2657 431 2693; x_wconf 89' lang='grc' dir='ltr'>πόλεως</span> <span class='ocrx_word' id='word_1_271' title='bbox 453 2657 600 2688; x_wconf 87' lang='grc' dir='ltr'>πλέουσιν</span> <span class='ocrx_word' id='word_1_272' title='bbox 618 2656 648 2687; x_wconf 87' lang='grc' dir='ltr'>ἐν</span> <span class='ocrx_word' id='word_1_273' title='bbox 669 2656 752 2699; x_wconf 76' lang='grc' dir='ltr'>δεξιᾷ</span> <span class='ocrx_word' id='word_1_274' title='bbox 771 2656 881 2698; x_wconf 71' lang='grc' dir='ltr'>ἔχουσι</span> <span class='ocrx_word' id='word_1_275' title='bbox 909 2658 963 2697; x_wconf 83' lang='grc' dir='ltr'>τὴν</span> <span class='ocrx_word' id='word_1_276' title='bbox 982 2661 1092 2698; x_wconf 74' lang='grc' dir='ltr'>νῆσον,</span> <span class='ocrx_word' id='word_1_277' title='bbox 1110 2657 1199 2696; x_wconf 85' lang='grc' dir='ltr'>πόλις</span> <span class='ocrx_word' id='word_1_278' title='bbox 1221 2660 1272 2692; x_wconf 86' lang='grc' dir='ltr'>ἐπὶ</span> <span class='ocrx_word' id='word_1_279' title='bbox 1292 2659 1381 2702; x_wconf 84' lang='grc' dir='ltr'>ὄρους</span> 
     </span>
     <span class='ocr_line' id='line_1_42' title="bbox 311 2703 1380 2748; baseline 0.002 -12"><span class='ocrx_word' id='word_1_280' title='bbox 311 2704 470 2746; x_wconf 85' lang='grc' dir='ltr'>ἱδρυμένη,</span> <span class='ocrx_word' id='word_1_281' title='bbox 481 2704 559 2735; x_wconf 76' lang='grc' dir='ltr'>πολὺ</span> <span class='ocrx_word' id='word_1_282' title='bbox 571 2703 646 2744; x_wconf 76' lang='grc' dir='ltr'>πρὸς</span> <span class='ocrx_word' id='word_1_283' title='bbox 662 2704 856 2745; x_wconf 79' lang='grc' dir='ltr'>μεσημὸρίαν</span> <span class='ocrx_word' id='word_1_284' title='bbox 869 2704 1074 2738; x_wconf 83' lang='grc' dir='ltr'>ἀνατείνουσα</span> <span class='ocrx_word' id='word_1_285' title='bbox 1085 2707 1139 2739; x_wconf 88' lang='grc' dir='ltr'>καὶ</span> <span class='ocrx_word' id='word_1_286' title='bbox 1153 2707 1227 2748; x_wconf 81' lang='grc' dir='ltr'>πρὸς</span> <span class='ocrx_word' id='word_1_287' title='bbox 1241 2707 1380 2745; x_wconf 83' lang='grc' dir='ltr'>Ἀλεξάν-</span> 
     </span>
     <span class='ocr_line' id='line_1_43' title="bbox 311 2751 1379 2795; baseline 0.003 -11"><span class='ocrx_word' id='word_1_288' title='bbox 311 2753 414 2794; x_wconf 87' lang='grc' dir='ltr'>δρειαν</span> <span class='ocrx_word' id='word_1_289' title='bbox 433 2751 585 2793; x_wconf 76' lang='grc' dir='ltr'>μάλιστα·</span> <span class='ocrx_word' id='word_1_290' title='bbox 600 2751 683 2792; x_wconf 81' lang='grc' dir='ltr'>ἱερὸν</span> <span class='ocrx_word' id='word_1_291' title='bbox 698 2751 731 2782; x_wconf 88' lang='grc' dir='ltr'>δέ</span> <span class='ocrx_word' id='word_1_292' title='bbox 751 2751 834 2783; x_wconf 87' lang='grc' dir='ltr'>ἐστιν</span> <span class='ocrx_word' id='word_1_293' title='bbox 850 2751 977 2790; x_wconf 79' lang='grc' dir='ltr'>Ἀθηνᾶς</span> <span class='ocrx_word' id='word_1_294' title='bbox 997 2754 1125 2791; x_wconf 80' lang='grc' dir='ltr'>Λινδίοις</span> <span class='ocrx_word' id='word_1_295' title='bbox 1139 2755 1244 2787; x_wconf 80' lang='grc' dir='ltr'>αὐτόθι</span> <span class='ocrx_word' id='word_1_296' title='bbox 1267 2755 1379 2795; x_wconf 78' lang='grc' dir='ltr'>ἐπιφα-</span> 
     </span>
     <span class='ocr_line' id='line_1_44' title="bbox 311 2797 1380 2839; baseline 0.003 -8"><span class='ocrx_word' id='word_1_297' title='bbox 311 2800 372 2839; x_wconf 81' lang='grc' dir='ltr'>νές,</span> <span class='ocrx_word' id='word_1_298' title='bbox 385 2802 448 2831; x_wconf 87' lang='grc' dir='ltr'>τῶν</span> <span class='ocrx_word' id='word_1_299' title='bbox 479 2797 642 2830; x_wconf 79' lang='grc' dir='ltr'>Δαναΐδων</span> <span class='ocrx_word' id='word_1_300' title='bbox 669 2797 821 2839; x_wconf 74' lang='grc' dir='ltr'>ἵδρυμα...</span> <span class='ocrx_word' id='word_1_301' title='bbox 843 2798 979 2832; x_wconf 75' lang='grc' dir='ltr'>ἐντεῦθεν</span> <span class='ocrx_word' id='word_1_302' title='bbox 997 2800 1122 2834; x_wconf 83' lang='grc' dir='ltr'>δ’ἐστὶν</span> <span class='ocrx_word' id='word_1_303' title='bbox 1144 2801 1194 2839; x_wconf 83' lang='grc' dir='ltr'>εἷς</span> <span class='ocrx_word' id='word_1_304' title='bbox 1221 2805 1284 2834; x_wconf 87' lang='grc' dir='ltr'>τῶν</span> <span class='ocrx_word' id='word_1_305' title='bbox 1302 2803 1380 2835; x_wconf 79' lang='grc' dir='ltr'>ἑπτὰ</span> 
     </span>
     <span class='ocr_line' id='line_1_45' title="bbox 312 2845 656 2889; baseline -0.006 -9"><span class='ocrx_word' id='word_1_306' title='bbox 312 2850 430 2889; x_wconf 80' lang='grc' dir='ltr'>σοφῶν,</span> <span class='ocrx_word' id='word_1_307' title='bbox 451 2845 656 2883; x_wconf 81' lang='grc' dir='ltr'>Κλεόόουλος.</span> 
     </span>
    </p>

    <p class='ocr_par' dir='ltr' id='par_1_9' title="bbox 312 2892 1382 3174">
     <span class='ocr_line' id='line_1_46' title="bbox 341 2892 1382 2940; baseline 0.004 -14"><span class='ocrx_word' id='word_1_308' title='bbox 341 2894 422 2935; x_wconf 83' lang='lat'>(57)</span> <span class='ocrx_word' id='word_1_309' title='bbox 447 2892 607 2932; x_wconf 83' lang='lat' dir='ltr'>Diogenes</span> <span class='ocrx_word' id='word_1_310' title='bbox 624 2893 770 2925; x_wconf 73' lang='lat' dir='ltr'>Laertius</span> <span class='ocrx_word' id='word_1_311' title='bbox 786 2892 842 2925; x_wconf 90' lang='lat' dir='ltr'>lib.</span> <span class='ocrx_word' id='word_1_312' title='bbox 854 2894 881 2932; x_wconf 88' lang='grc' dir='ltr'>Ι,</span> <span class='ocrx_word' id='word_1_313' title='bbox 892 2896 932 2927; x_wconf 79' lang='grc'>89</span> <span class='ocrx_word' id='word_1_314' title='bbox 951 2906 959 2926; x_wconf 86' lang='lat'>:</span> <span class='ocrx_word' id='word_1_315' title='bbox 978 2895 1125 2929; x_wconf 84' lang='grc' dir='ltr'>Γενέσθαι</span> <span class='ocrx_word' id='word_1_316' title='bbox 1136 2908 1170 2930; x_wconf 86' lang='grc' dir='ltr'>τε</span> <span class='ocrx_word' id='word_1_317' title='bbox 1183 2897 1270 2940; x_wconf 82' lang='grc' dir='ltr'>αὐτῷ</span> <span class='ocrx_word' id='word_1_318' title='bbox 1291 2899 1382 2939; x_wconf 91' lang='grc' dir='ltr'>θυγα-</span> 
     </span>
     <span class='ocr_line' id='line_1_47' title="bbox 312 2940 1381 2988; baseline 0.002 -14"><span class='ocrx_word' id='word_1_319' title='bbox 312 2941 386 2984; x_wconf 83' lang='grc' dir='ltr'>τέρα</span> <span class='ocrx_word' id='word_1_320' title='bbox 416 2940 660 2980; x_wconf 77' lang='grc' dir='ltr'>Κλεοὸουλίνην,</span> <span class='ocrx_word' id='word_1_321' title='bbox 696 2940 888 2982; x_wconf 81' lang='grc' dir='ltr'>αἰνιγμάτων</span> <span class='ocrx_word' id='word_1_322' title='bbox 915 2943 1091 2985; x_wconf 82' lang='grc' dir='ltr'>ἑξαμέτρων</span> <span class='ocrx_word' id='word_1_323' title='bbox 1127 2945 1308 2988; x_wconf 85' lang='grc' dir='ltr'>ποιήτριαν·</span> <span class='ocrx_word' id='word_1_324' title='bbox 1345 2945 1381 2986; x_wconf 78' lang='grc' dir='ltr'>ἧς</span> 
     </span>
     <span class='ocr_line' id='line_1_48' title="bbox 315 2988 1382 3034; baseline 0.005 -14"><span class='ocrx_word' id='word_1_325' title='bbox 315 2991 467 3032; x_wconf 76' lang='grc' dir='ltr'>μέμνηται</span> <span class='ocrx_word' id='word_1_326' title='bbox 484 2988 540 3020; x_wconf 87' lang='grc' dir='ltr'>καὶ</span> <span class='ocrx_word' id='word_1_327' title='bbox 558 2989 708 3030; x_wconf 83' lang='grc' dir='ltr'>Κρατῖνος</span> <span class='ocrx_word' id='word_1_328' title='bbox 723 2988 755 3020; x_wconf 84' lang='grc' dir='ltr'>ἐν</span> <span class='ocrx_word' id='word_1_329' title='bbox 770 2992 816 3031; x_wconf 86' lang='grc' dir='ltr'>τῷ</span> <span class='ocrx_word' id='word_1_330' title='bbox 838 2989 996 3032; x_wconf 80' lang='grc' dir='ltr'>ὁμωνύμῳ</span> <span class='ocrx_word' id='word_1_331' title='bbox 1013 2991 1156 3034; x_wconf 84' lang='grc' dir='ltr'>δράματι,</span> <span class='ocrx_word' id='word_1_332' title='bbox 1169 2994 1382 3031; x_wconf 75' lang='grc' dir='ltr'>πληθυντικῶς</span> 
     </span>
     <span class='ocr_line' id='line_1_49' title="bbox 314 3035 1382 3083; baseline 0.004 -13"><span class='ocrx_word' id='word_1_333' title='bbox 314 3037 499 3080; x_wconf 77' lang='grc' dir='ltr'>ἐπιγράψας.</span> <span class='ocrx_word' id='word_1_334' title='bbox 522 3035 606 3069; x_wconf 87' lang='lat' dir='ltr'>Vide</span> <span class='ocrx_word' id='word_1_335' title='bbox 621 3037 802 3077; x_wconf 79' lang='lat' dir='ltr'>Menagium</span> <span class='ocrx_word' id='word_1_336' title='bbox 825 3037 858 3069; x_wconf 91' lang='lat' dir='ltr'>in</span> <span class='ocrx_word' id='word_1_337' title='bbox 880 3038 1023 3071; x_wconf 83' lang='lat' dir='ltr'>Historia</span> <span class='ocrx_word' id='word_1_338' title='bbox 1045 3040 1216 3073; x_wconf 81' lang='lat' dir='ltr'>mulierum</span> <span class='ocrx_word' id='word_1_339' title='bbox 1237 3042 1382 3083; x_wconf 85' lang='lat' dir='ltr'>philoso-</span> 
     </span>
     <span class='ocr_line' id='line_1_50' title="bbox 315 3084 1380 3129; baseline 0.005 -11"><span class='ocrx_word' id='word_1_340' title='bbox 315 3086 464 3127; x_wconf 80' lang='lat' dir='ltr'>pharum.</span> <span class='ocrx_word' id='word_1_341' title='bbox 481 3084 529 3117; x_wconf 78' lang='lat' dir='ltr'>Cf.</span> <span class='ocrx_word' id='word_1_342' title='bbox 554 3084 665 3126; x_wconf 83' lang='lat' dir='ltr'>Bergk.</span> <span class='ocrx_word' id='word_1_343' title='bbox 688 3086 872 3118; x_wconf 83' lang='lat' dir='ltr'>comment.</span> <span class='ocrx_word' id='word_1_344' title='bbox 894 3086 934 3119; x_wconf 89' lang='lat' dir='ltr'>de</span> <span class='ocrx_word' id='word_1_345' title='bbox 953 3087 1110 3129; x_wconf 84' lang='lat' dir='ltr'>Reliquiis</span> <span class='ocrx_word' id='word_1_346' title='bbox 1132 3090 1271 3122; x_wconf 88' lang='lat' dir='ltr'>comoed.</span> <span class='ocrx_word' id='word_1_347' title='bbox 1288 3090 1380 3123; x_wconf 83' lang='lat' dir='ltr'>attic.</span> 
     </span>
     <span class='ocr_line' id='line_1_51' title="bbox 315 3135 484 3174; baseline -0.012 -10"><span class='ocrx_word' id='word_1_348' title='bbox 315 3141 392 3174; x_wconf 77' lang='lat' dir='ltr'>pag,</span> <span class='ocrx_word' id='word_1_349' title='bbox 415 3135 484 3164; x_wconf 82' lang='lat'><strong>121.</strong></span> 
     </span>
    </p>

    <p class='ocr_par' dir='ltr' id='par_1_10' title="bbox 315 3177 1384 3544">
     <span class='ocr_line' id='line_1_52' title="bbox 359 3177 1383 3227; baseline 0.007 -16"><span class='ocrx_word' id='word_1_350' title='bbox 359 3177 425 3220; x_wconf 84' lang='lat'>(58)</span> <span class='ocrx_word' id='word_1_351' title='bbox 445 3177 603 3217; x_wconf 84' lang='lat' dir='ltr'>Diogenes</span> <span class='ocrx_word' id='word_1_352' title='bbox 623 3179 769 3211; x_wconf 74' lang='lat' dir='ltr'>Laertius</span> <span class='ocrx_word' id='word_1_353' title='bbox 785 3179 841 3212; x_wconf 88' lang='lat' dir='ltr'>lib.</span> <span class='ocrx_word' id='word_1_354' title='bbox 858 3182 886 3220; x_wconf 79' lang='lat'>1,</span> <span class='ocrx_word' id='word_1_355' title='bbox 901 3186 960 3214; x_wconf 83' lang='lat'>89:</span> <span class='ocrx_word' id='word_1_356' title='bbox 977 3181 1078 3219; x_wconf 82' lang='grc' dir='ltr'>Οὗτος</span> <span class='ocrx_word' id='word_1_357' title='bbox 1093 3182 1240 3222; x_wconf 81' lang='grc' dir='ltr'>ἐποίησεν</span> <span class='ocrx_word' id='word_1_358' title='bbox 1254 3185 1383 3227; x_wconf 84' lang='grc' dir='ltr'>ᾄσματα</span> 
     </span>
     <span class='ocr_line' id='line_1_53' title="bbox 315 3225 1378 3273; baseline 0.008 -15"><span class='ocrx_word' id='word_1_359' title='bbox 315 3228 368 3259; x_wconf 90' lang='grc' dir='ltr'>καὶ</span> <span class='ocrx_word' id='word_1_360' title='bbox 384 3225 509 3268; x_wconf 76' lang='grc' dir='ltr'>γρίφους</span> <span class='ocrx_word' id='word_1_361' title='bbox 529 3225 572 3263; x_wconf 80' lang='grc' dir='ltr'>εἷς</span> <span class='ocrx_word' id='word_1_362' title='bbox 588 3225 648 3265; x_wconf 79' lang='grc' dir='ltr'>ἔπη</span> <span class='ocrx_word' id='word_1_363' title='bbox 662 3227 827 3269; x_wconf 80' lang='grc' dir='ltr'>τρισχίλια.</span> <span class='ocrx_word' id='word_1_364' title='bbox 846 3230 907 3260; x_wconf 81' lang='grc' dir='ltr'>Καὶ</span> <span class='ocrx_word' id='word_1_365' title='bbox 925 3229 961 3262; x_wconf 83' lang='grc' dir='ltr'>τὸ</span> <span class='ocrx_word' id='word_1_366' title='bbox 986 3229 1168 3273; x_wconf 80' lang='grc' dir='ltr'>ἐπίγραμμά</span> <span class='ocrx_word' id='word_1_367' title='bbox 1180 3243 1259 3269; x_wconf 85' lang='grc' dir='ltr'>τινες</span> <span class='ocrx_word' id='word_1_368' title='bbox 1277 3234 1313 3266; x_wconf 83' lang='grc' dir='ltr'>τὸ</span> <span class='ocrx_word' id='word_1_369' title='bbox 1329 3235 1378 3267; x_wconf 85' lang='grc' dir='ltr'>ἐπὶ</span> 
     </span>
     <span class='ocr_line' id='line_1_54' title="bbox 316 3271 1381 3319; baseline 0.008 -13"><span class='ocrx_word' id='word_1_370' title='bbox 316 3274 402 3315; x_wconf 75' lang='grc' dir='ltr'>Μίδᾳ</span> <span class='ocrx_word' id='word_1_371' title='bbox 413 3271 522 3305; x_wconf 77' lang='grc' dir='ltr'>τοῦτόν</span> <span class='ocrx_word' id='word_1_372' title='bbox 540 3284 615 3313; x_wconf 84' lang='grc' dir='ltr'>φασι</span> <span class='ocrx_word' id='word_1_373' title='bbox 629 3278 761 3312; x_wconf 87' lang='grc' dir='ltr'>ποιῆσαι</span> <span class='ocrx_word' id='word_1_374' title='bbox 774 3285 782 3293; x_wconf 87' lang='lat'><strong>·</strong></span> <span class='ocrx_word' id='word_1_375' title='bbox 794 3276 902 3313; x_wconf 88' lang='grc' dir='ltr'>Χαλκῆ</span> <span class='ocrx_word' id='word_1_376' title='bbox 917 3277 1065 3318; x_wconf 76' lang='grc' dir='ltr'>παρθένος</span> <span class='ocrx_word' id='word_1_377' title='bbox 1080 3278 1156 3319; x_wconf 80' lang='grc' dir='ltr'>εἶμί,</span> <span class='ocrx_word' id='word_1_378' title='bbox 1171 3279 1273 3311; x_wconf 87' lang='grc' dir='ltr'>Μίδου</span> <span class='ocrx_word' id='word_1_379' title='bbox 1289 3281 1316 3312; x_wconf 85' lang='grc' dir='ltr'>δ’</span> <span class='ocrx_word' id='word_1_380' title='bbox 1330 3282 1381 3314; x_wconf 80' lang='grc' dir='ltr'>ἐπὶ</span> 
     </span>
     <span class='ocr_line' id='line_1_55' title="bbox 319 3320 1383 3370; baseline 0.006 -16"><span class='ocrx_word' id='word_1_381' title='bbox 319 3321 438 3363; x_wconf 80' lang='grc' dir='ltr'>σήματι</span> <span class='ocrx_word' id='word_1_382' title='bbox 451 3324 571 3362; x_wconf 86' lang='grc' dir='ltr'>κεῖμαι.</span> <span class='ocrx_word' id='word_1_383' title='bbox 582 3320 673 3353; x_wconf 69' lang='lat' dir='ltr'>&#39;Eat’</span> <span class='ocrx_word' id='word_1_384' title='bbox 689 3322 727 3353; x_wconf 86' lang='grc' dir='ltr'>ἂν</span> <span class='ocrx_word' id='word_1_385' title='bbox 744 3322 826 3364; x_wconf 86' lang='grc' dir='ltr'>ὕδωρ</span> <span class='ocrx_word' id='word_1_386' title='bbox 842 3334 874 3355; x_wconf 85' lang='grc' dir='ltr'>τε</span> <span class='ocrx_word' id='word_1_387' title='bbox 892 3323 958 3365; x_wconf 85' lang='grc' dir='ltr'>ῥέῃ,</span> <span class='ocrx_word' id='word_1_388' title='bbox 973 3324 1025 3356; x_wconf 82' lang='grc' dir='ltr'>καὶ</span> <span class='ocrx_word' id='word_1_389' title='bbox 1036 3325 1160 3368; x_wconf 84' lang='grc' dir='ltr'>δένδρεα</span> <span class='ocrx_word' id='word_1_390' title='bbox 1177 3327 1281 3370; x_wconf 87' lang='grc' dir='ltr'>μακρὰ</span> <span class='ocrx_word' id='word_1_391' title='bbox 1293 3328 1383 3367; x_wconf 78' lang='grc' dir='ltr'>τεθή-</span> 
     </span>
     <span class='ocr_line' id='line_1_56' title="bbox 315 3367 1383 3418; baseline 0.007 -17"><span class='ocrx_word' id='word_1_392' title='bbox 315 3370 368 3411; x_wconf 89' lang='grc' dir='ltr'>λῃ,</span> <span class='ocrx_word' id='word_1_393' title='bbox 386 3367 508 3405; x_wconf 84' lang='grc' dir='ltr'>Ἠέλιός</span> <span class='ocrx_word' id='word_1_394' title='bbox 524 3371 556 3399; x_wconf 90' lang='grc' dir='ltr'>τ’</span> <span class='ocrx_word' id='word_1_395' title='bbox 572 3367 668 3401; x_wconf 82' lang='grc' dir='ltr'>ἀνιὼν</span> <span class='ocrx_word' id='word_1_396' title='bbox 695 3368 803 3412; x_wconf 83' lang='grc' dir='ltr'>λάμπῃ</span> <span class='ocrx_word' id='word_1_397' title='bbox 818 3370 946 3414; x_wconf 82' lang='grc' dir='ltr'>λαμπροὶ</span> <span class='ocrx_word' id='word_1_398' title='bbox 959 3383 992 3404; x_wconf 89' lang='grc' dir='ltr'>τε</span> <span class='ocrx_word' id='word_1_399' title='bbox 1014 3373 1129 3412; x_wconf 84' lang='grc' dir='ltr'>σελήνη</span> <span class='ocrx_word' id='word_1_400' title='bbox 1141 3396 1150 3410; x_wconf 83' lang='grc'><strong>,</strong></span> <span class='ocrx_word' id='word_1_401' title='bbox 1166 3374 1227 3406; x_wconf 87' lang='grc' dir='ltr'>Καὶ</span> <span class='ocrx_word' id='word_1_402' title='bbox 1246 3376 1383 3418; x_wconf 84' lang='grc' dir='ltr'>ποταμοὶ</span> 
     </span>
     <span class='ocr_line' id='line_1_57' title="bbox 316 3416 1384 3463; baseline 0.007 -15"><span class='ocrx_word' id='word_1_403' title='bbox 316 3428 352 3457; x_wconf 87' lang='grc' dir='ltr'>γε</span> <span class='ocrx_word' id='word_1_404' title='bbox 369 3416 494 3458; x_wconf 84' lang='grc' dir='ltr'>ῥέωσιν,</span> <span class='ocrx_word' id='word_1_405' title='bbox 515 3416 670 3458; x_wconf 75' lang='grc' dir='ltr'>ἀνακλύζῃ</span> <span class='ocrx_word' id='word_1_406' title='bbox 687 3417 720 3449; x_wconf 87' lang='grc' dir='ltr'>δὲ</span> <span class='ocrx_word' id='word_1_407' title='bbox 742 3417 897 3460; x_wconf 84' lang='grc' dir='ltr'>θάλασσα,</span> <span class='ocrx_word' id='word_1_408' title='bbox 915 3419 1016 3452; x_wconf 77' lang='grc' dir='ltr'>Αὐτοῦ</span> <span class='ocrx_word' id='word_1_409' title='bbox 1036 3421 1110 3462; x_wconf 82' lang='grc' dir='ltr'>τῇδε</span> <span class='ocrx_word' id='word_1_410' title='bbox 1127 3422 1264 3463; x_wconf 84' lang='grc' dir='ltr'>μένουσα</span> <span class='ocrx_word' id='word_1_411' title='bbox 1287 3426 1384 3456; x_wconf 85' lang='grc' dir='ltr'>πολυ-</span> 
     </span>
     <span class='ocr_line' id='line_1_58' title="bbox 320 3463 1384 3512; baseline 0.009 -18"><span class='ocrx_word' id='word_1_412' title='bbox 320 3463 469 3504; x_wconf 81' lang='grc' dir='ltr'>κλαύστῳ</span> <span class='ocrx_word' id='word_1_413' title='bbox 484 3463 533 3495; x_wconf 87' lang='grc' dir='ltr'>ἐπὶ</span> <span class='ocrx_word' id='word_1_414' title='bbox 561 3463 670 3505; x_wconf 77' lang='grc' dir='ltr'>τύμὸῳ</span> <span class='ocrx_word' id='word_1_415' title='bbox 683 3488 691 3503; x_wconf 94' lang='grc'><strong>,</strong></span> <span class='ocrx_word' id='word_1_416' title='bbox 709 3464 858 3506; x_wconf 85' lang='grc' dir='ltr'>Ἀγγελέω</span> <span class='ocrx_word' id='word_1_417' title='bbox 880 3471 1029 3509; x_wconf 79' lang='grc' dir='ltr'>παριοῦσι</span> <span class='ocrx_word' id='word_1_418' title='bbox 1043 3493 1052 3509; x_wconf 83' lang='grc'>,</span> <span class='ocrx_word' id='word_1_419' title='bbox 1067 3465 1168 3506; x_wconf 81' lang='grc' dir='ltr'>Μίδας</span> <span class='ocrx_word' id='word_1_420' title='bbox 1181 3469 1228 3502; x_wconf 83' lang='grc' dir='ltr'>ὅτι</span> <span class='ocrx_word' id='word_1_421' title='bbox 1244 3472 1318 3512; x_wconf 83' lang='grc' dir='ltr'>τῇδε</span> <span class='ocrx_word' id='word_1_422' title='bbox 1333 3474 1384 3505; x_wconf 86' lang='grc' dir='ltr'>τέ·</span> 
     </span>
     <span class='ocr_line' id='line_1_59' title="bbox 316 3513 445 3544; baseline -0.023 0"><span class='ocrx_word' id='word_1_423' title='bbox 316 3513 445 3544; x_wconf 58' lang='lat' dir='ltr'>flamen.</span> 
     </span>
    </p>
   </div>
   <div class='ocr_carea' id='block_1_6' title="bbox 1119 241 1669 286">
    <p class='ocr_par' dir='ltr' id='par_1_11' title="bbox 1119 241 1669 286">
     <span class='ocr_line' id='line_1_60' title="bbox 1119 241 1669 286; baseline -0.011 0"><span class='ocrx_word' id='word_1_424' title='bbox 1119 245 1326 286; x_wconf 84' lang='lat' dir='ltr'>SEPTEM</span> <span class='ocrx_word' id='word_1_425' title='bbox 1363 241 1669 283; x_wconf 82' lang='lat' dir='ltr'>SAPIENTUM</span> 
     </span>
    </p>
   </div>
   <div class='ocr_carea' id='block_1_7' title="bbox 1421 328 2508 1992">
    <p class='ocr_par' dir='ltr' id='par_1_12' title="bbox 1421 328 2508 1992">
     <span class='ocr_line' id='line_1_61' title="bbox 1422 328 2490 382; baseline 0.002 -13"><span class='ocrx_word' id='word_1_426' title='bbox 1422 330 1680 382; x_wconf 85' lang='lat' dir='ltr'>cophronem,</span> <span class='ocrx_word' id='word_1_427' title='bbox 1699 338 1938 382; x_wconf 84' lang='lat' dir='ltr'>susceperat,</span> <span class='ocrx_word' id='word_1_428' title='bbox 1959 328 2155 368; x_wconf 76' lang='lat' dir='ltr'>interfecit</span> <span class='ocrx_word' id='word_1_429' title='bbox 2170 329 2369 381; x_wconf 88' lang='lat' dir='ltr'>multaque</span> <span class='ocrx_word' id='word_1_430' title='bbox 2384 344 2490 371; x_wconf 89' lang='lat' dir='ltr'>com-</span> 
     </span>
     <span class='ocr_line' id='line_1_62' title="bbox 1421 389 2493 441; baseline 0.002 -12"><span class='ocrx_word' id='word_1_431' title='bbox 1421 390 1530 429; x_wconf 90' lang='lat' dir='ltr'>misit</span> <span class='ocrx_word' id='word_1_432' title='bbox 1557 389 1706 439; x_wconf 84' lang='lat' dir='ltr'>ssagitia</span> <span class='ocrx_word' id='word_1_433' title='bbox 1720 397 1758 427; x_wconf 88' lang='lat' dir='ltr'>et</span> <span class='ocrx_word' id='word_1_434' title='bbox 1783 389 1930 428; x_wconf 83' lang='lat' dir='ltr'>nesaria</span> <span class='ocrx_word' id='word_1_435' title='bbox 1954 390 2151 437; x_wconf 83' lang='lat' dir='ltr'>facinora,</span> <span class='ocrx_word' id='word_1_436' title='bbox 2185 403 2272 441; x_wconf 88' lang='lat' dir='ltr'>quae</span> <span class='ocrx_word' id='word_1_437' title='bbox 2292 390 2343 429; x_wconf 87' lang='lat' dir='ltr'>ab</span> <span class='ocrx_word' id='word_1_438' title='bbox 2373 390 2493 431; x_wconf 76' lang='lat' dir='ltr'>liero-</span> 
     </span>
     <span class='ocr_line' id='line_1_63' title="bbox 1422 447 2492 499; baseline 0.004 -12"><span class='ocrx_word' id='word_1_439' title='bbox 1422 450 1515 487; x_wconf 87' lang='lat' dir='ltr'>doto</span> <span class='ocrx_word' id='word_1_440' title='bbox 1535 448 1608 487; x_wconf 87' lang='lat' dir='ltr'>lib.</span> <span class='ocrx_word' id='word_1_441' title='bbox 1647 447 1721 496; x_wconf 90' lang='lat' dir='ltr'>lll,</span> <span class='ocrx_word' id='word_1_442' title='bbox 1746 448 1891 497; x_wconf 77' lang='lat'>50-533</span> <span class='ocrx_word' id='word_1_443' title='bbox 1912 448 1956 499; x_wconf 90' lang='lat' dir='ltr'>V,</span> <span class='ocrx_word' id='word_1_444' title='bbox 1985 463 2035 499; x_wconf 83' lang='lat'>9²</span> <span class='ocrx_word' id='word_1_445' title='bbox 2069 457 2107 487; x_wconf 89' lang='lat' dir='ltr'>et</span> <span class='ocrx_word' id='word_1_446' title='bbox 2128 449 2302 499; x_wconf 84' lang='lat' dir='ltr'>Diogene</span> <span class='ocrx_word' id='word_1_447' title='bbox 2335 449 2492 491; x_wconf 83' lang='lat' dir='ltr'>Laertio</span> 
     </span>
     <span class='ocr_line' id='line_1_64' title="bbox 1423 506 2494 561; baseline 0.004 -15"><span class='ocrx_word' id='word_1_448' title='bbox 1423 508 1494 548; x_wconf 88' lang='lat' dir='ltr'>lib.</span> <span class='ocrx_word' id='word_1_449' title='bbox 1514 506 1548 555; x_wconf 86' lang='lat' dir='ltr'>l,</span> <span class='ocrx_word' id='word_1_450' title='bbox 1571 513 1621 557; x_wconf 73' lang='lat'>94</span> <span class='ocrx_word' id='word_1_451' title='bbox 1648 520 1758 559; x_wconf 83' lang='lat' dir='ltr'>seqq.</span> <span class='ocrx_word' id='word_1_452' title='bbox 1782 508 1859 561; x_wconf 70' lang='grc' dir='ltr'>(δι)</span> <span class='ocrx_word' id='word_1_453' title='bbox 1894 509 2052 560; x_wconf 88' lang='lat' dir='ltr'>copiose</span> <span class='ocrx_word' id='word_1_454' title='bbox 2084 517 2240 547; x_wconf 86' lang='lat' dir='ltr'>narrata</span> <span class='ocrx_word' id='word_1_455' title='bbox 2258 507 2324 548; x_wconf 83' lang='lat' dir='ltr'>hic</span> <span class='ocrx_word' id='word_1_456' title='bbox 2344 509 2494 550; x_wconf 80' lang='lat' dir='ltr'>referre</span> 
     </span>
     <span class='ocr_line' id='line_1_65' title="bbox 1425 566 2494 620; baseline 0.005 -16"><span class='ocrx_word' id='word_1_457' title='bbox 1425 569 1546 619; x_wconf 83' lang='lat' dir='ltr'>piget.</span> <span class='ocrx_word' id='word_1_458' title='bbox 1568 566 1672 605; x_wconf 91' lang='lat' dir='ltr'>lllud</span> <span class='ocrx_word' id='word_1_459' title='bbox 1703 567 1940 615; x_wconf 83' lang='lat' dir='ltr'>mirandum,</span> <span class='ocrx_word' id='word_1_460' title='bbox 1961 568 2067 620; x_wconf 88' lang='lat' dir='ltr'>quod</span> <span class='ocrx_word' id='word_1_461' title='bbox 2097 576 2164 606; x_wconf 88' lang='lat' dir='ltr'>aut</span> <span class='ocrx_word' id='word_1_462' title='bbox 2182 568 2312 608; x_wconf 88' lang='lat' dir='ltr'>Graeci</span> <span class='ocrx_word' id='word_1_463' title='bbox 2341 568 2494 609; x_wconf 87' lang='lat' dir='ltr'>homini</span> 
     </span>
     <span class='ocr_line' id='line_1_66' title="bbox 1426 627 2492 680; baseline 0.006 -16"><span class='ocrx_word' id='word_1_464' title='bbox 1426 628 1648 665; x_wconf 83' lang='lat' dir='ltr'>facinoroso</span> <span class='ocrx_word' id='word_1_465' title='bbox 1675 627 1805 666; x_wconf 89' lang='lat' dir='ltr'>locum</span> <span class='ocrx_word' id='word_1_466' title='bbox 1830 628 1932 666; x_wconf 82' lang='lat' dir='ltr'>inter</span> <span class='ocrx_word' id='word_1_467' title='bbox 1969 628 2164 680; x_wconf 89' lang='lat' dir='ltr'>sapientes</span> <span class='ocrx_word' id='word_1_468' title='bbox 2190 638 2492 679; x_wconf 83' lang='lat' dir='ltr'>concesserunt,</span> 
     </span>
     <span class='ocr_line' id='line_1_67' title="bbox 1425 687 2493 742; baseline 0.004 -16"><span class='ocrx_word' id='word_1_469' title='bbox 1425 697 1490 726; x_wconf 88' lang='lat' dir='ltr'>aut</span> <span class='ocrx_word' id='word_1_470' title='bbox 1508 689 1548 726; x_wconf 93' lang='lat' dir='ltr'>in</span> <span class='ocrx_word' id='word_1_471' title='bbox 1569 701 1649 725; x_wconf 90' lang='lat' dir='ltr'>uno</span> <span class='ocrx_word' id='word_1_472' title='bbox 1678 687 1839 726; x_wconf 89' lang='lat' dir='ltr'>homine</span> <span class='ocrx_word' id='word_1_473' title='bbox 1867 700 1930 727; x_wconf 88' lang='lat' dir='ltr'>res</span> <span class='ocrx_word' id='word_1_474' title='bbox 1959 688 2258 737; x_wconf 86' lang='lat' dir='ltr'>dissociabiles‚</span> <span class='ocrx_word' id='word_1_475' title='bbox 2281 690 2493 742; x_wconf 81' lang='lat' dir='ltr'>sapientia,</span> 
     </span>
     <span class='ocr_line' id='line_1_68' title="bbox 1425 747 2494 798; baseline 0.005 -12"><span class='ocrx_word' id='word_1_476' title='bbox 1425 747 1636 786; x_wconf 77' lang='lat' dir='ltr'>crudelitas</span> <span class='ocrx_word' id='word_1_477' title='bbox 1647 755 1685 786; x_wconf 89' lang='lat' dir='ltr'>et</span> <span class='ocrx_word' id='word_1_478' title='bbox 1702 747 1879 798; x_wconf 86' lang='lat' dir='ltr'>nequitia</span> <span class='ocrx_word' id='word_1_479' title='bbox 1894 750 2023 786; x_wconf 85' lang='lat' dir='ltr'>mixtae</span> <span class='ocrx_word' id='word_1_480' title='bbox 2042 748 2208 788; x_wconf 85' lang='lat' dir='ltr'>fuerunt.</span> <span class='ocrx_word' id='word_1_481' title='bbox 2227 749 2494 796; x_wconf 84' lang='lat' dir='ltr'>Quamobrem</span> 
     </span>
     <span class='ocr_line' id='line_1_69' title="bbox 1426 806 2496 859; baseline 0.004 -13"><span class='ocrx_word' id='word_1_482' title='bbox 1426 807 1610 846; x_wconf 87' lang='lat' dir='ltr'>nonnulli</span> <span class='ocrx_word' id='word_1_483' title='bbox 1633 819 1721 845; x_wconf 91' lang='lat' dir='ltr'>eum</span> <span class='ocrx_word' id='word_1_484' title='bbox 1743 806 1792 845; x_wconf 91' lang='lat' dir='ltr'>de</span> <span class='ocrx_word' id='word_1_485' title='bbox 1815 815 1962 858; x_wconf 90' lang='lat' dir='ltr'>septem</span> <span class='ocrx_word' id='word_1_486' title='bbox 1984 807 2202 859; x_wconf 85' lang='lat' dir='ltr'>sapientum</span> <span class='ocrx_word' id='word_1_487' title='bbox 2225 822 2390 851; x_wconf 87' lang='lat' dir='ltr'>numero</span> <span class='ocrx_word' id='word_1_488' title='bbox 2405 822 2496 850; x_wconf 85' lang='lat' dir='ltr'>exe·</span> 
     </span>
     <span class='ocr_line' id='line_1_70' title="bbox 1427 866 2498 923; baseline 0.005 -18"><span class='ocrx_word' id='word_1_489' title='bbox 1427 876 1596 906; x_wconf 89' lang='lat' dir='ltr'>merunt.</span> <span class='ocrx_word' id='word_1_490' title='bbox 1625 866 1724 905; x_wconf 86' lang='lat' dir='ltr'>Vide</span> <span class='ocrx_word' id='word_1_491' title='bbox 1750 866 1989 905; x_wconf 88' lang='lat' dir='ltr'>Clementem</span> <span class='ocrx_word' id='word_1_492' title='bbox 2022 867 2167 907; x_wconf 88' lang='lat' dir='ltr'>Strom.</span> <span class='ocrx_word' id='word_1_493' title='bbox 2189 867 2207 906; x_wconf 90' lang='lat' dir='ltr'>l</span> <span class='ocrx_word' id='word_1_494' title='bbox 2231 882 2323 921; x_wconf 85' lang='lat' dir='ltr'>pag.</span> <span class='ocrx_word' id='word_1_495' title='bbox 2358 884 2438 923; x_wconf 83' lang='lat'>299</span> <span class='ocrx_word' id='word_1_496' title='bbox 2457 879 2498 910; x_wconf 87' lang='lat' dir='ltr'>et</span> 
     </span>
     <span class='ocr_line' id='line_1_71' title="bbox 1427 925 2495 982; baseline 0.003 -16"><span class='ocrx_word' id='word_1_497' title='bbox 1427 927 1643 966; x_wconf 85' lang='lat' dir='ltr'>Lucianum</span> <span class='ocrx_word' id='word_1_498' title='bbox 1665 925 1744 980; x_wconf 82' lang='lat'>(62)</span> <span class='ocrx_word' id='word_1_499' title='bbox 1780 925 1892 965; x_wconf 89' lang='lat' dir='ltr'>Verae</span> <span class='ocrx_word' id='word_1_500' title='bbox 1926 927 2111 966; x_wconf 82' lang='lat' dir='ltr'>Historiae</span> <span class='ocrx_word' id='word_1_501' title='bbox 2141 927 2212 966; x_wconf 88' lang='lat' dir='ltr'>lib.</span> <span class='ocrx_word' id='word_1_502' title='bbox 2250 928 2288 967; x_wconf 92' lang='lat' dir='ltr'>II</span> <span class='ocrx_word' id='word_1_503' title='bbox 2321 943 2405 982; x_wconf 91' lang='lat' dir='ltr'>cap.</span> <span class='ocrx_word' id='word_1_504' title='bbox 2448 945 2495 980; x_wconf 86' lang='lat'>¹7</span> 
     </span>
     <span class='ocr_line' id='line_1_72' title="bbox 1428 986 2499 1042; baseline 0.005 -17"><span class='ocrx_word' id='word_1_505' title='bbox 1428 996 1520 1026; x_wconf 87' lang='lat' dir='ltr'>tom.</span> <span class='ocrx_word' id='word_1_506' title='bbox 1545 987 1598 1034; x_wconf 94' lang='grc' dir='ltr'>ΙΙ,</span> <span class='ocrx_word' id='word_1_507' title='bbox 1622 1001 1662 1039; x_wconf 87' lang='lat' dir='ltr'>p.</span> <span class='ocrx_word' id='word_1_508' title='bbox 1691 1001 1704 1024; x_wconf 91' lang='lat'>1</span> <span class='ocrx_word' id='word_1_509' title='bbox 1718 992 1761 1032; x_wconf 77' lang='lat'>14</span> <span class='ocrx_word' id='word_1_510' title='bbox 1778 986 1840 1027; x_wconf 88' lang='lat' dir='ltr'>ed.</span> <span class='ocrx_word' id='word_1_511' title='bbox 1863 986 2002 1036; x_wconf 86' lang='lat' dir='ltr'>Reitz.,</span> <span class='ocrx_word' id='word_1_512' title='bbox 2021 986 2091 1026; x_wconf 91' lang='lat' dir='ltr'>ubi</span> <span class='ocrx_word' id='word_1_513' title='bbox 2108 987 2157 1026; x_wconf 86' lang='lat' dir='ltr'>ab</span> <span class='ocrx_word' id='word_1_514' title='bbox 2175 987 2321 1040; x_wconf 82' lang='lat' dir='ltr'>Elysiis</span> <span class='ocrx_word' id='word_1_515' title='bbox 2339 1003 2499 1042; x_wconf 83' lang='lat' dir='ltr'>quoque</span> 
     </span>
     <span class='ocr_line' id='line_1_73' title="bbox 1428 1046 2500 1099; baseline 0.005 -14"><span class='ocrx_word' id='word_1_516' title='bbox 1428 1047 1578 1099; x_wconf 89' lang='lat' dir='ltr'>campis</span> <span class='ocrx_word' id='word_1_517' title='bbox 1596 1046 1700 1086; x_wconf 92' lang='lat' dir='ltr'>hunc</span> <span class='ocrx_word' id='word_1_518' title='bbox 1725 1046 1853 1086; x_wconf 89' lang='lat' dir='ltr'>solum</span> <span class='ocrx_word' id='word_1_519' title='bbox 1877 1047 2098 1099; x_wconf 88' lang='lat' dir='ltr'>sapientum</span> <span class='ocrx_word' id='word_1_520' title='bbox 2120 1047 2252 1087; x_wconf 83' lang='lat' dir='ltr'>abesse</span> <span class='ocrx_word' id='word_1_521' title='bbox 2276 1048 2383 1090; x_wconf 82' lang='lat' dir='ltr'>dicit.</span> <span class='ocrx_word' id='word_1_522' title='bbox 2407 1049 2500 1096; x_wconf 84' lang='lat' dir='ltr'>Qui-</span> 
     </span>
     <span class='ocr_line' id='line_1_74' title="bbox 1427 1106 2499 1160; baseline 0.004 -15"><span class='ocrx_word' id='word_1_523' title='bbox 1427 1107 1514 1145; x_wconf 91' lang='lat' dir='ltr'>dam</span> <span class='ocrx_word' id='word_1_524' title='bbox 1536 1107 1636 1146; x_wconf 91' lang='lat' dir='ltr'>duos</span> <span class='ocrx_word' id='word_1_525' title='bbox 1657 1106 1781 1145; x_wconf 86' lang='lat' dir='ltr'>fuisse</span> <span class='ocrx_word' id='word_1_526' title='bbox 1810 1106 2052 1146; x_wconf 87' lang='lat' dir='ltr'>Periandros</span> <span class='ocrx_word' id='word_1_527' title='bbox 2073 1115 2252 1148; x_wconf 87' lang='lat' dir='ltr'>auctores</span> <span class='ocrx_word' id='word_1_528' title='bbox 2273 1117 2381 1160; x_wconf 87' lang='lat' dir='ltr'>sunt,</span> <span class='ocrx_word' id='word_1_529' title='bbox 2403 1109 2499 1149; x_wconf 90' lang='lat' dir='ltr'>alte-</span> 
     </span>
     <span class='ocr_line' id='line_1_75' title="bbox 1428 1166 2499 1219; baseline 0.002 -13"><span class='ocrx_word' id='word_1_530' title='bbox 1428 1180 1515 1206; x_wconf 89' lang='lat' dir='ltr'>rum</span> <span class='ocrx_word' id='word_1_531' title='bbox 1535 1167 1750 1219; x_wconf 86' lang='lat' dir='ltr'>sapientem</span> <span class='ocrx_word' id='word_1_532' title='bbox 1770 1179 1939 1218; x_wconf 85' lang='lat' dir='ltr'>eumque</span> <span class='ocrx_word' id='word_1_533' title='bbox 1965 1166 2283 1206; x_wconf 78' lang='lat' dir='ltr'>Ambraciensem</span> <span class='ocrx_word' id='word_1_534' title='bbox 2296 1196 2307 1215; x_wconf 89' lang='lat'>‚</span> <span class='ocrx_word' id='word_1_535' title='bbox 2330 1168 2499 1209; x_wconf 85' lang='lat' dir='ltr'>alterum</span> 
     </span>
     <span class='ocr_line' id='line_1_76' title="bbox 1431 1225 2499 1277; baseline 0.003 -13"><span class='ocrx_word' id='word_1_536' title='bbox 1431 1234 1639 1277; x_wconf 90' lang='lat' dir='ltr'>tyrannum</span> <span class='ocrx_word' id='word_1_537' title='bbox 1654 1225 1919 1265; x_wconf 88' lang='lat' dir='ltr'>Corinthium.</span> <span class='ocrx_word' id='word_1_538' title='bbox 1938 1225 2014 1263; x_wconf 88' lang='lat' dir='ltr'>Sed</span> <span class='ocrx_word' id='word_1_539' title='bbox 2029 1226 2263 1265; x_wconf 78' lang='lat' dir='ltr'>Aristoteles</span> <span class='ocrx_word' id='word_1_540' title='bbox 2282 1228 2337 1266; x_wconf 89' lang='lat' dir='ltr'>ait</span> <span class='ocrx_word' id='word_1_541' title='bbox 2355 1227 2499 1267; x_wconf 86' lang='lat' dir='ltr'>Corin·</span> 
     </span>
     <span class='ocr_line' id='line_1_77' title="bbox 1430 1286 2501 1340; baseline 0.005 -16"><span class='ocrx_word' id='word_1_542' title='bbox 1430 1286 1555 1325; x_wconf 86' lang='lat' dir='ltr'>thium</span> <span class='ocrx_word' id='word_1_543' title='bbox 1574 1287 1694 1325; x_wconf 90' lang='lat' dir='ltr'>fuisse</span> <span class='ocrx_word' id='word_1_544' title='bbox 1717 1286 1946 1338; x_wconf 89' lang='lat' dir='ltr'>sapientem,</span> <span class='ocrx_word' id='word_1_545' title='bbox 1968 1286 2080 1325; x_wconf 89' lang='lat' dir='ltr'>Plato</span> <span class='ocrx_word' id='word_1_546' title='bbox 2101 1295 2217 1337; x_wconf 84' lang='lat' dir='ltr'>negat</span> <span class='ocrx_word' id='word_1_547' title='bbox 2233 1286 2329 1340; x_wconf 83' lang='lat'>(63).</span> <span class='ocrx_word' id='word_1_548' title='bbox 2351 1287 2501 1328; x_wconf 85' lang='lat' dir='ltr'>Plutar-</span> 
     </span>
     <span class='ocr_line' id='line_1_78' title="bbox 1431 1346 2502 1398; baseline 0.005 -15"><span class='ocrx_word' id='word_1_549' title='bbox 1431 1346 1523 1384; x_wconf 87' lang='lat' dir='ltr'>chus</span> <span class='ocrx_word' id='word_1_550' title='bbox 1540 1356 1643 1385; x_wconf 89' lang='lat' dir='ltr'>certe</span> <span class='ocrx_word' id='word_1_551' title='bbox 1673 1346 1969 1387; x_wconf 86' lang='lat' dir='ltr'>Corinthiorum</span> <span class='ocrx_word' id='word_1_552' title='bbox 2002 1346 2226 1398; x_wconf 90' lang='lat' dir='ltr'>principem</span> <span class='ocrx_word' id='word_1_553' title='bbox 2249 1361 2371 1388; x_wconf 85' lang='lat' dir='ltr'>unum</span> <span class='ocrx_word' id='word_1_554' title='bbox 2390 1361 2413 1388; x_wconf 82' lang='lat' dir='ltr'>e</span> <span class='ocrx_word' id='word_1_555' title='bbox 2442 1362 2502 1388; x_wconf 87' lang='lat' dir='ltr'>sa-</span> 
     </span>
     <span class='ocr_line' id='line_1_79' title="bbox 1432 1405 2501 1459; baseline 0.005 -16"><span class='ocrx_word' id='word_1_556' title='bbox 1432 1405 1632 1456; x_wconf 85' lang='lat' dir='ltr'>pientibus</span> <span class='ocrx_word' id='word_1_557' title='bbox 1655 1418 1739 1444; x_wconf 89' lang='lat' dir='ltr'>esse</span> <span class='ocrx_word' id='word_1_558' title='bbox 1769 1406 1854 1444; x_wconf 88' lang='lat' dir='ltr'>vult</span> <span class='ocrx_word' id='word_1_559' title='bbox 1868 1435 1878 1452; x_wconf 93' lang='lat'><strong><em>‚</em></strong></span> <span class='ocrx_word' id='word_1_560' title='bbox 1897 1419 2018 1457; x_wconf 89' lang='lat' dir='ltr'>quum</span> <span class='ocrx_word' id='word_1_561' title='bbox 2051 1405 2212 1456; x_wconf 88' lang='lat' dir='ltr'>reliquis</span> <span class='ocrx_word' id='word_1_562' title='bbox 2230 1419 2318 1446; x_wconf 89' lang='lat' dir='ltr'>eum</span> <span class='ocrx_word' id='word_1_563' title='bbox 2340 1407 2501 1459; x_wconf 89' lang='lat' dir='ltr'>epulum</span> 
     </span>
     <span class='ocr_line' id='line_1_80' title="bbox 1432 1464 2503 1519; baseline 0.005 -16"><span class='ocrx_word' id='word_1_564' title='bbox 1432 1465 1586 1505; x_wconf 87' lang='lat' dir='ltr'>dedisse</span> <span class='ocrx_word' id='word_1_565' title='bbox 1612 1467 1732 1516; x_wconf 84' lang='lat' dir='ltr'>fingat</span> <span class='ocrx_word' id='word_1_566' title='bbox 1751 1464 1844 1519; x_wconf 77' lang='grc'>(64).</span> <span class='ocrx_word' id='word_1_567' title='bbox 1868 1465 2076 1518; x_wconf 76' lang='lat' dir='ltr'>Utcunque</span> <span class='ocrx_word' id='word_1_568' title='bbox 2096 1475 2167 1513; x_wconf 86' lang='lat' dir='ltr'>est,</span> <span class='ocrx_word' id='word_1_569' title='bbox 2195 1479 2324 1506; x_wconf 87' lang='lat' dir='ltr'>soevus</span> <span class='ocrx_word' id='word_1_570' title='bbox 2339 1467 2413 1508; x_wconf 90' lang='lat' dir='ltr'>iste</span> <span class='ocrx_word' id='word_1_571' title='bbox 2430 1469 2503 1508; x_wconf 90' lang='lat' dir='ltr'>do-</span> 
     </span>
     <span class='ocr_line' id='line_1_81' title="bbox 1434 1525 2504 1577; baseline 0.006 -15"><span class='ocrx_word' id='word_1_572' title='bbox 1434 1525 1578 1571; x_wconf 88' lang='lat' dir='ltr'>minus,</span> <span class='ocrx_word' id='word_1_573' title='bbox 1601 1538 1716 1576; x_wconf 89' lang='lat' dir='ltr'>quem</span> <span class='ocrx_word' id='word_1_574' title='bbox 1738 1539 1810 1564; x_wconf 90' lang='lat' dir='ltr'>nos</span> <span class='ocrx_word' id='word_1_575' title='bbox 1829 1525 2110 1577; x_wconf 89' lang='lat' dir='ltr'>plerorumque</span> <span class='ocrx_word' id='word_1_576' title='bbox 2130 1534 2307 1565; x_wconf 87' lang='lat' dir='ltr'>veterum</span> <span class='ocrx_word' id='word_1_577' title='bbox 2327 1530 2504 1568; x_wconf 89' lang='lat' dir='ltr'>auctori-</span> 
     </span>
     <span class='ocr_line' id='line_1_82' title="bbox 1433 1584 2504 1639; baseline 0.005 -17"><span class='ocrx_word' id='word_1_578' title='bbox 1433 1592 1509 1623; x_wconf 86' lang='lat' dir='ltr'>tate</span> <span class='ocrx_word' id='word_1_579' title='bbox 1529 1585 1698 1636; x_wconf 85' lang='lat' dir='ltr'>permoti</span> <span class='ocrx_word' id='word_1_580' title='bbox 1713 1585 1818 1623; x_wconf 89' lang='lat' dir='ltr'>inter</span> <span class='ocrx_word' id='word_1_581' title='bbox 1836 1584 2034 1636; x_wconf 88' lang='lat' dir='ltr'>sapientes</span> <span class='ocrx_word' id='word_1_582' title='bbox 2049 1597 2324 1634; x_wconf 85' lang='lat' dir='ltr'>numeramus,</span> <span class='ocrx_word' id='word_1_583' title='bbox 2346 1596 2504 1639; x_wconf 82' lang='lat' dir='ltr'>octoge-</span> 
     </span>
     <span class='ocr_line' id='line_1_83' title="bbox 1433 1643 2506 1696; baseline 0.005 -15"><span class='ocrx_word' id='word_1_584' title='bbox 1433 1644 1568 1682; x_wconf 89' lang='lat' dir='ltr'>narius</span> <span class='ocrx_word' id='word_1_585' title='bbox 1578 1645 1627 1682; x_wconf 92' lang='lat' dir='ltr'>de</span> <span class='ocrx_word' id='word_1_586' title='bbox 1643 1644 1728 1683; x_wconf 87' lang='lat' dir='ltr'>vita</span> <span class='ocrx_word' id='word_1_587' title='bbox 1743 1644 1943 1694; x_wconf 85' lang='lat' dir='ltr'>migravit.</span> <span class='ocrx_word' id='word_1_588' title='bbox 1956 1643 2190 1682; x_wconf 80' lang='lat' dir='ltr'>Accidithoc</span> <span class='ocrx_word' id='word_1_589' title='bbox 2201 1644 2506 1696; x_wconf 83' lang='lat' dir='ltr'>quadragesimo</span> 
     </span>
     <span class='ocr_line' id='line_1_84' title="bbox 1433 1702 2507 1758; baseline 0.004 -17"><span class='ocrx_word' id='word_1_590' title='bbox 1433 1716 1537 1741; x_wconf 88' lang='lat' dir='ltr'>anno</span> <span class='ocrx_word' id='word_1_591' title='bbox 1558 1712 1647 1741; x_wconf 88' lang='lat' dir='ltr'>ante</span> <span class='ocrx_word' id='word_1_592' title='bbox 1665 1703 1811 1742; x_wconf 86' lang='lat' dir='ltr'>victum</span> <span class='ocrx_word' id='word_1_593' title='bbox 1837 1716 1860 1741; x_wconf 89' lang='lat' dir='ltr'>a</span> <span class='ocrx_word' id='word_1_594' title='bbox 1876 1702 1980 1754; x_wconf 89' lang='lat' dir='ltr'>Cyro</span> <span class='ocrx_word' id='word_1_595' title='bbox 2001 1702 2194 1750; x_wconf 81' lang='lat' dir='ltr'>Croesum,</span> <span class='ocrx_word' id='word_1_596' title='bbox 2214 1703 2255 1742; x_wconf 90' lang='lat' dir='ltr'>id</span> <span class='ocrx_word' id='word_1_597' title='bbox 2275 1713 2357 1753; x_wconf 88' lang='lat' dir='ltr'>est,</span> <span class='ocrx_word' id='word_1_598' title='bbox 2376 1705 2507 1758; x_wconf 82' lang='lat' dir='ltr'>olym·</span> 
     </span>
     <span class='ocr_line' id='line_1_85' title="bbox 1433 1760 2506 1815; baseline 0.005 -15"><span class='ocrx_word' id='word_1_599' title='bbox 1433 1762 1562 1813; x_wconf 89' lang='lat' dir='ltr'>piadis</span> <span class='ocrx_word' id='word_1_600' title='bbox 1575 1761 1734 1800; x_wconf 87' lang='lat' dir='ltr'>XLVIII</span> <span class='ocrx_word' id='word_1_601' title='bbox 1750 1775 1854 1801; x_wconf 90' lang='lat' dir='ltr'>anno</span> <span class='ocrx_word' id='word_1_602' title='bbox 1865 1770 2004 1814; x_wconf 84' lang='lat' dir='ltr'>quarto</span> <span class='ocrx_word' id='word_1_603' title='bbox 2023 1760 2112 1815; x_wconf 84' lang='lat'>(65).</span> <span class='ocrx_word' id='word_1_604' title='bbox 2127 1761 2261 1802; x_wconf 84' lang='lat' dir='ltr'>Edidit</span> <span class='ocrx_word' id='word_1_605' title='bbox 2279 1763 2360 1803; x_wconf 89' lang='lat' dir='ltr'>duo</span> <span class='ocrx_word' id='word_1_606' title='bbox 2378 1765 2506 1805; x_wconf 80' lang='lat' dir='ltr'>millia</span> 
     </span>
     <span class='ocr_line' id='line_1_86' title="bbox 1433 1821 2445 1877; baseline 0.004 -18"><span class='ocrx_word' id='word_1_607' title='bbox 1433 1834 1619 1860; x_wconf 86' lang='lat' dir='ltr'>versuum</span> <span class='ocrx_word' id='word_1_608' title='bbox 1636 1821 1949 1872; x_wconf 87' lang='lat' dir='ltr'>Praeccptionum</span> <span class='ocrx_word' id='word_1_609' title='bbox 1974 1821 2133 1861; x_wconf 90' lang='lat' dir='ltr'>nomine</span> <span class='ocrx_word' id='word_1_610' title='bbox 2148 1822 2340 1876; x_wconf 83' lang='lat' dir='ltr'>inscripta</span> <span class='ocrx_word' id='word_1_611' title='bbox 2350 1822 2445 1877; x_wconf 89' lang='lat'>(66).</span> 
     </span>
     <span class='ocr_line' id='line_1_87' title="bbox 1486 1881 2506 1934; baseline 0.005 -15"><span class='ocrx_word' id='word_1_612' title='bbox 1486 1883 1725 1920; x_wconf 79' lang='lat' dir='ltr'>Anacharsis</span> <span class='ocrx_word' id='word_1_613' title='bbox 1770 1881 1936 1934; x_wconf 82' lang='lat' dir='ltr'>Scytha,</span> <span class='ocrx_word' id='word_1_614' title='bbox 1974 1881 2103 1921; x_wconf 87' lang='lat' dir='ltr'>Gnuri</span> <span class='ocrx_word' id='word_1_615' title='bbox 2143 1883 2273 1931; x_wconf 85' lang='lat' dir='ltr'>filius,</span> <span class='ocrx_word' id='word_1_616' title='bbox 2321 1883 2506 1924; x_wconf 81' lang='lat' dir='ltr'>Caduida:</span> 
     </span>
     <span class='ocr_line' id='line_1_88' title="bbox 1435 1940 2508 1992; baseline 0.004 -14"><span class='ocrx_word' id='word_1_617' title='bbox 1435 1940 1668 1992; x_wconf 83' lang='lat' dir='ltr'>Scytharum</span> <span class='ocrx_word' id='word_1_618' title='bbox 1706 1941 1810 1991; x_wconf 84' lang='lat' dir='ltr'>regis</span> <span class='ocrx_word' id='word_1_619' title='bbox 1844 1941 1977 1988; x_wconf 82' lang='lat' dir='ltr'>frater,</span> <span class='ocrx_word' id='word_1_620' title='bbox 2011 1950 2133 1980; x_wconf 88' lang='lat' dir='ltr'>matre</span> <span class='ocrx_word' id='word_1_621' title='bbox 2172 1941 2309 1981; x_wconf 83' lang='lat' dir='ltr'>Graeca</span> <span class='ocrx_word' id='word_1_622' title='bbox 2334 1951 2464 1992; x_wconf 88' lang='lat' dir='ltr'>natus,</span> <span class='ocrx_word' id='word_1_623' title='bbox 2485 1957 2508 1982; x_wconf 88' lang='lat' dir='ltr'>a</span> 
     </span>
    </p>
   </div>
   <div class='ocr_carea' id='block_1_8' title="bbox 1438 2085 2549 3563">
    <p class='ocr_par' dir='ltr' id='par_1_13' title="bbox 1438 2085 2509 2270">
     <span class='ocr_line' id='line_1_89' title="bbox 1481 2085 2505 2131; baseline 0.004 -13"><span class='ocrx_word' id='word_1_624' title='bbox 1481 2086 1546 2126; x_wconf 86' lang='lat'>(59)</span> <span class='ocrx_word' id='word_1_625' title='bbox 1564 2085 1721 2126; x_wconf 86' lang='lat' dir='ltr'>Diogenes</span> <span class='ocrx_word' id='word_1_626' title='bbox 1735 2085 1884 2119; x_wconf 87' lang='lat' dir='ltr'>Laertius</span> <span class='ocrx_word' id='word_1_627' title='bbox 1901 2085 1958 2118; x_wconf 89' lang='lat' dir='ltr'>lib.</span> <span class='ocrx_word' id='word_1_628' title='bbox 1976 2087 2006 2127; x_wconf 87' lang='grc' dir='ltr'>Ι,</span> <span class='ocrx_word' id='word_1_629' title='bbox 2024 2089 2064 2119; x_wconf 87' lang='grc'>93</span> <span class='ocrx_word' id='word_1_630' title='bbox 2085 2098 2093 2119; x_wconf 79' lang='lat'>2</span> <span class='ocrx_word' id='word_1_631' title='bbox 2112 2087 2314 2126; x_wconf 73' lang='grc' dir='ltr'>Ἐτελεύτησε</span> <span class='ocrx_word' id='word_1_632' title='bbox 2329 2088 2362 2120; x_wconf 82' lang='grc' dir='ltr'>δὲ</span> <span class='ocrx_word' id='word_1_633' title='bbox 2375 2089 2505 2131; x_wconf 74' lang='grc' dir='ltr'>γηραιὸς</span> 
     </span>
     <span class='ocr_line' id='line_1_90' title="bbox 1438 2133 2509 2179; baseline 0.004 -14"><span class='ocrx_word' id='word_1_634' title='bbox 1438 2133 1494 2171; x_wconf 84' lang='grc' dir='ltr'>ἔτη</span> <span class='ocrx_word' id='word_1_635' title='bbox 1516 2134 1600 2176; x_wconf 85' lang='grc' dir='ltr'>βιοὺς</span> <span class='ocrx_word' id='word_1_636' title='bbox 1626 2134 1859 2175; x_wconf 79' lang='grc' dir='ltr'>ἑὸδομήκοντα,</span> <span class='ocrx_word' id='word_1_637' title='bbox 1885 2135 1939 2166; x_wconf 89' lang='grc' dir='ltr'>καὶ</span> <span class='ocrx_word' id='word_1_638' title='bbox 1964 2134 2051 2176; x_wconf 82' lang='grc' dir='ltr'>αὐτῷ</span> <span class='ocrx_word' id='word_1_639' title='bbox 2071 2135 2229 2177; x_wconf 61' lang='grc' dir='ltr'>ἐπεγράφη</span> <span class='ocrx_word' id='word_1_640' title='bbox 2242 2145 2249 2151; x_wconf 95' lang='grc'><em>·</em></span> <span class='ocrx_word' id='word_1_641' title='bbox 2277 2136 2389 2179; x_wconf 79' lang='grc' dir='ltr'>Ἄνδρα</span> <span class='ocrx_word' id='word_1_642' title='bbox 2410 2138 2509 2178; x_wconf 77' lang='grc' dir='ltr'>σοφὸν</span> 
     </span>
     <span class='ocr_line' id='line_1_91' title="bbox 1440 2181 2509 2227; baseline 0.004 -15"><span class='ocrx_word' id='word_1_643' title='bbox 1440 2181 1635 2213; x_wconf 76' lang='grc' dir='ltr'>Κλεόὸουλον</span> <span class='ocrx_word' id='word_1_644' title='bbox 1653 2181 1864 2224; x_wconf 81' lang='grc' dir='ltr'>ἀποφθίμενον</span> <span class='ocrx_word' id='word_1_645' title='bbox 1881 2183 2070 2214; x_wconf 76' lang='grc' dir='ltr'>καταπενθεῖ</span> <span class='ocrx_word' id='word_1_646' title='bbox 2085 2182 2165 2215; x_wconf 79' lang='grc' dir='ltr'>’Ήδε</span> <span class='ocrx_word' id='word_1_647' title='bbox 2179 2182 2283 2225; x_wconf 80' lang='grc' dir='ltr'>πάτρα</span> <span class='ocrx_word' id='word_1_648' title='bbox 2292 2183 2417 2227; x_wconf 78' lang='grc' dir='ltr'>Λίνδος,</span> <span class='ocrx_word' id='word_1_649' title='bbox 2432 2183 2509 2218; x_wconf 79' lang='grc' dir='ltr'>πόν-</span> 
     </span>
     <span class='ocr_line' id='line_1_92' title="bbox 1438 2229 1708 2270; baseline 0.007 -11"><span class='ocrx_word' id='word_1_650' title='bbox 1438 2240 1484 2270; x_wconf 87' lang='grc' dir='ltr'>τῳ</span> <span class='ocrx_word' id='word_1_651' title='bbox 1502 2229 1708 2270; x_wconf 71' lang='grc' dir='ltr'>ἀγαλλομένη.</span> 
     </span>
    </p>

    <p class='ocr_par' dir='ltr' id='par_1_14' title="bbox 1439 2275 2508 2462">
     <span class='ocr_line' id='line_1_93' title="bbox 1483 2275 2507 2322; baseline 0.005 -14"><span class='ocrx_word' id='word_1_652' title='bbox 1483 2277 1549 2317; x_wconf 88' lang='grc'>(60)</span> <span class='ocrx_word' id='word_1_653' title='bbox 1569 2277 1728 2317; x_wconf 78' lang='lat' dir='ltr'>Diogenes</span> <span class='ocrx_word' id='word_1_654' title='bbox 1741 2276 1891 2309; x_wconf 85' lang='lat' dir='ltr'>Laertius</span> <span class='ocrx_word' id='word_1_655' title='bbox 1905 2275 1961 2309; x_wconf 74' lang='lat' dir='ltr'>lib,</span> <span class='ocrx_word' id='word_1_656' title='bbox 1977 2277 2005 2316; x_wconf 80' lang='lat'>1,</span> <span class='ocrx_word' id='word_1_657' title='bbox 2018 2278 2120 2310; x_wconf 77' lang='grc'>94-98</span> <span class='ocrx_word' id='word_1_658' title='bbox 2133 2287 2142 2308; x_wconf 90' lang='grc'>;</span> <span class='ocrx_word' id='word_1_659' title='bbox 2156 2277 2344 2321; x_wconf 64' lang='grc' dir='ltr'>Περίανδρος</span> <span class='ocrx_word' id='word_1_660' title='bbox 2359 2279 2507 2322; x_wconf 78' lang='grc' dir='ltr'>Κυψέλου</span> 
     </span>
     <span class='ocr_line' id='line_1_94' title="bbox 1442 2324 2508 2368; baseline 0.005 -12"><span class='ocrx_word' id='word_1_661' title='bbox 1442 2325 1615 2364; x_wconf 84' lang='grc' dir='ltr'>Κορίνθιος,</span> <span class='ocrx_word' id='word_1_662' title='bbox 1630 2325 1694 2357; x_wconf 87' lang='grc' dir='ltr'>ἀπὸ</span> <span class='ocrx_word' id='word_1_663' title='bbox 1719 2328 1775 2357; x_wconf 84' lang='grc' dir='ltr'>τοῦ</span> <span class='ocrx_word' id='word_1_664' title='bbox 1794 2328 1857 2357; x_wconf 87' lang='grc' dir='ltr'>τῶν</span> <span class='ocrx_word' id='word_1_665' title='bbox 1878 2324 2092 2367; x_wconf 80' lang='grc' dir='ltr'>Ἡρακλειδῶν</span> <span class='ocrx_word' id='word_1_666' title='bbox 2119 2326 2300 2367; x_wconf 83' lang='grc' dir='ltr'>γένους.....</span> <span class='ocrx_word' id='word_1_667' title='bbox 2334 2328 2455 2368; x_wconf 77' lang='grc' dir='ltr'>ἤκμαζε</span> <span class='ocrx_word' id='word_1_668' title='bbox 2473 2329 2508 2362; x_wconf 80' lang='grc' dir='ltr'>δὲ</span> 
     </span>
     <span class='ocr_line' id='line_1_95' title="bbox 1440 2371 2508 2419; baseline 0.005 -15"><span class='ocrx_word' id='word_1_669' title='bbox 1440 2373 1508 2415; x_wconf 87' lang='grc' dir='ltr'>περὶ</span> <span class='ocrx_word' id='word_1_670' title='bbox 1523 2373 1579 2411; x_wconf 80' lang='grc' dir='ltr'>τήν</span> <span class='ocrx_word' id='word_1_671' title='bbox 1591 2373 1781 2414; x_wconf 78' lang='grc' dir='ltr'>τριακοστὴν</span> <span class='ocrx_word' id='word_1_672' title='bbox 1802 2371 1916 2414; x_wconf 80' lang='grc' dir='ltr'>ὀγδόην</span> <span class='ocrx_word' id='word_1_673' title='bbox 1939 2372 2131 2415; x_wconf 75' lang='grc' dir='ltr'>ὀλυμπιάδα,</span> <span class='ocrx_word' id='word_1_674' title='bbox 2155 2374 2209 2405; x_wconf 85' lang='grc' dir='ltr'>καὶ</span> <span class='ocrx_word' id='word_1_675' title='bbox 2236 2374 2440 2419; x_wconf 75' lang='grc' dir='ltr'>ἐτυράννησεν</span> <span class='ocrx_word' id='word_1_676' title='bbox 2452 2375 2508 2415; x_wconf 82' lang='grc' dir='ltr'>ἔτη</span> 
     </span>
     <span class='ocr_line' id='line_1_96' title="bbox 1439 2419 1678 2462; baseline 0 -9"><span class='ocrx_word' id='word_1_677' title='bbox 1439 2419 1678 2462; x_wconf 80' lang='grc' dir='ltr'>τετταράκοντα.</span> 
     </span>
    </p>

    <p class='ocr_par' dir='ltr' id='par_1_15' title="bbox 1441 2473 2549 2754">
     <span class='ocr_line' id='line_1_97' title="bbox 1484 2473 2508 2520; baseline 0.003 -15"><span class='ocrx_word' id='word_1_678' title='bbox 1484 2473 1550 2514; x_wconf 84' lang='grc'>(61)</span> <span class='ocrx_word' id='word_1_679' title='bbox 1571 2474 1727 2514; x_wconf 85' lang='lat' dir='ltr'>Diogenes</span> <span class='ocrx_word' id='word_1_680' title='bbox 1738 2473 1885 2506; x_wconf 77' lang='lat' dir='ltr'>Laertius</span> <span class='ocrx_word' id='word_1_681' title='bbox 1899 2473 1956 2507; x_wconf 91' lang='lat' dir='ltr'>lib.</span> <span class='ocrx_word' id='word_1_682' title='bbox 1978 2477 2006 2513; x_wconf 88' lang='lat' dir='ltr'>I,</span> <span class='ocrx_word' id='word_1_683' title='bbox 2027 2477 2068 2508; x_wconf 69' lang='lat'>94</span> <span class='ocrx_word' id='word_1_684' title='bbox 2088 2487 2097 2508; x_wconf 74' lang='grc' dir='ltr'><strong><em>ε</em></strong></span> <span class='ocrx_word' id='word_1_685' title='bbox 2119 2474 2219 2514; x_wconf 78' lang='grc' dir='ltr'>Οὗτος</span> <span class='ocrx_word' id='word_1_686' title='bbox 2235 2476 2339 2520; x_wconf 77' lang='grc' dir='ltr'>γήμας</span> <span class='ocrx_word' id='word_1_687' title='bbox 2354 2477 2508 2518; x_wconf 79' lang='grc' dir='ltr'>Λυσίδην,</span> 
     </span>
     <span class='ocr_line' id='line_1_98' title="bbox 1442 2520 2508 2568; baseline 0.008 -18"><span class='ocrx_word' id='word_1_688' title='bbox 1442 2521 1479 2559; x_wconf 87' lang='grc' dir='ltr'>ἢν</span> <span class='ocrx_word' id='word_1_689' title='bbox 1497 2520 1591 2558; x_wconf 82' lang='grc' dir='ltr'>αὐτὸς</span> <span class='ocrx_word' id='word_1_690' title='bbox 1605 2521 1768 2554; x_wconf 87' lang='grc' dir='ltr'>Μέλισσαν</span> <span class='ocrx_word' id='word_1_691' title='bbox 1792 2520 1910 2562; x_wconf 83' lang='grc' dir='ltr'>ἐκάλει,</span> <span class='ocrx_word' id='word_1_692' title='bbox 1925 2522 1981 2561; x_wconf 84' lang='grc' dir='ltr'>τὴν</span> <span class='ocrx_word' id='word_1_693' title='bbox 2010 2524 2199 2565; x_wconf 77' lang='grc' dir='ltr'>Προκλέους,</span> <span class='ocrx_word' id='word_1_694' title='bbox 2215 2527 2272 2557; x_wconf 85' lang='grc' dir='ltr'>τοῦ</span> <span class='ocrx_word' id='word_1_695' title='bbox 2298 2525 2508 2568; x_wconf 81' lang='grc' dir='ltr'>Ἐπιδαυρίων</span> 
     </span>
     <span class='ocr_line' id='line_1_99' title="bbox 1441 2569 2510 2613; baseline 0.007 -13"><span class='ocrx_word' id='word_1_696' title='bbox 1441 2569 1592 2610; x_wconf 81' lang='grc' dir='ltr'>τυράννου</span> <span class='ocrx_word' id='word_1_697' title='bbox 1605 2570 1659 2602; x_wconf 87' lang='grc' dir='ltr'>καὶ</span> <span class='ocrx_word' id='word_1_698' title='bbox 1673 2569 1877 2612; x_wconf 83' lang='grc' dir='ltr'>Ἐρισθενείας</span> <span class='ocrx_word' id='word_1_699' title='bbox 1900 2571 2065 2613; x_wconf 79' lang='grc' dir='ltr'>θυγατέρα,</span> <span class='ocrx_word' id='word_1_700' title='bbox 2084 2572 2197 2609; x_wconf 78' lang='grc' dir='ltr'>παῖδας</span> <span class='ocrx_word' id='word_1_701' title='bbox 2219 2572 2250 2610; x_wconf 82' lang='grc' dir='ltr'>ἐξ</span> <span class='ocrx_word' id='word_1_702' title='bbox 2262 2573 2358 2612; x_wconf 80' lang='grc' dir='ltr'>αὐτῆς</span> <span class='ocrx_word' id='word_1_703' title='bbox 2378 2573 2510 2612; x_wconf 78' lang='grc' dir='ltr'>ἐποίησε</span> 
     </span>
     <span class='ocr_line' id='line_1_100' title="bbox 1442 2617 2507 2662; baseline 0.005 -14"><span class='ocrx_word' id='word_1_704' title='bbox 1442 2617 1508 2658; x_wconf 77' lang='grc' dir='ltr'>δύο,</span> <span class='ocrx_word' id='word_1_705' title='bbox 1526 2618 1669 2659; x_wconf 85' lang='grc' dir='ltr'>Κύψελον</span> <span class='ocrx_word' id='word_1_706' title='bbox 1683 2618 1737 2649; x_wconf 86' lang='grc' dir='ltr'>καὶ</span> <span class='ocrx_word' id='word_1_707' title='bbox 1753 2617 1941 2659; x_wconf 73' lang='grc' dir='ltr'>Λυκόφρονα</span> <span class='ocrx_word' id='word_1_708' title='bbox 1951 2643 1960 2660; x_wconf 85' lang='grc'><strong>,</strong></span> <span class='ocrx_word' id='word_1_709' title='bbox 1977 2619 2031 2651; x_wconf 82' lang='grc' dir='ltr'>τὸν</span> <span class='ocrx_word' id='word_1_710' title='bbox 2046 2619 2102 2660; x_wconf 86' lang='grc' dir='ltr'>μὲν</span> <span class='ocrx_word' id='word_1_711' title='bbox 2119 2619 2271 2662; x_wconf 84' lang='grc' dir='ltr'>νεώτερον</span> <span class='ocrx_word' id='word_1_712' title='bbox 2287 2621 2435 2660; x_wconf 77' lang='grc' dir='ltr'>συνετόν,</span> <span class='ocrx_word' id='word_1_713' title='bbox 2451 2622 2507 2655; x_wconf 83' lang='grc' dir='ltr'>τὸν</span> 
     </span>
     <span class='ocr_line' id='line_1_101' title="bbox 1442 2665 2549 2712; baseline 0.004 -15"><span class='ocrx_word' id='word_1_714' title='bbox 1442 2665 1474 2696; x_wconf 79' lang='grc' dir='ltr'>δὲ</span> <span class='ocrx_word' id='word_1_715' title='bbox 1488 2665 1697 2707; x_wconf 78' lang='grc' dir='ltr'>πρεσὸύτερον</span> <span class='ocrx_word' id='word_1_716' title='bbox 1707 2665 1839 2707; x_wconf 73' lang='grc' dir='ltr'>ἄφρονα.</span> <span class='ocrx_word' id='word_1_717' title='bbox 1854 2666 1965 2708; x_wconf 88' lang='grc' dir='ltr'>Χρόνῳ</span> <span class='ocrx_word' id='word_1_718' title='bbox 1980 2666 2018 2705; x_wconf 81' lang='grc' dir='ltr'>δὴ</span> <span class='ocrx_word' id='word_1_719' title='bbox 2034 2667 2096 2699; x_wconf 81' lang='grc' dir='ltr'>ὑπὸ</span> <span class='ocrx_word' id='word_1_720' title='bbox 2113 2667 2205 2708; x_wconf 88' lang='grc' dir='ltr'>ὀργῆς</span> <span class='ocrx_word' id='word_1_721' title='bbox 2217 2667 2322 2709; x_wconf 84' lang='grc' dir='ltr'>βαλὼν</span> <span class='ocrx_word' id='word_1_722' title='bbox 2338 2668 2511 2712; x_wconf 72' lang='grc' dir='ltr'>ὑποδὰθρῳ</span> <span class='ocrx_word' id='word_1_723' title='bbox 2547 2673 2549 2675; x_wconf 85' lang='grc'><em>“</em></span> 
     </span>
     <span class='ocr_line' id='line_1_102' title="bbox 1442 2711 2370 2754; baseline 0.005 -10"><span class='ocrx_word' id='word_1_724' title='bbox 1442 2712 1462 2751; x_wconf 86' lang='grc' dir='ltr'>ἢ</span> <span class='ocrx_word' id='word_1_725' title='bbox 1482 2711 1632 2750; x_wconf 85' lang='grc' dir='ltr'>λακτίσας</span> <span class='ocrx_word' id='word_1_726' title='bbox 1646 2712 1701 2752; x_wconf 81' lang='grc' dir='ltr'>τὴν</span> <span class='ocrx_word' id='word_1_727' title='bbox 1715 2715 1861 2753; x_wconf 85' lang='grc' dir='ltr'>γυναῖκα,</span> <span class='ocrx_word' id='word_1_728' title='bbox 1874 2713 1985 2754; x_wconf 81' lang='grc' dir='ltr'>ἔγκυον</span> <span class='ocrx_word' id='word_1_729' title='bbox 2000 2713 2110 2753; x_wconf 84' lang='grc' dir='ltr'>οὖσαν,</span> <span class='ocrx_word' id='word_1_730' title='bbox 2122 2714 2286 2749; x_wconf 80' lang='grc' dir='ltr'>ἀπέκτεινε</span> <span class='ocrx_word' id='word_1_731' title='bbox 2301 2718 2370 2749; x_wconf 88' lang='grc' dir='ltr'>κτλ.</span> 
     </span>
    </p>

    <p class='ocr_par' dir='ltr' id='par_1_16' title="bbox 1442 2759 2511 2848">
     <span class='ocr_line' id='line_1_103' title="bbox 1487 2759 2511 2804; baseline 0.005 -12"><span class='ocrx_word' id='word_1_732' title='bbox 1487 2759 1552 2801; x_wconf 86' lang='grc'>(62)</span> <span class='ocrx_word' id='word_1_733' title='bbox 1570 2760 1734 2792; x_wconf 86' lang='lat' dir='ltr'>Lucianus</span> <span class='ocrx_word' id='word_1_734' title='bbox 1749 2762 1824 2793; x_wconf 85' lang='lat' dir='ltr'>Ver.</span> <span class='ocrx_word' id='word_1_735' title='bbox 1842 2760 1927 2792; x_wconf 86' lang='lat' dir='ltr'>Hist.</span> <span class='ocrx_word' id='word_1_736' title='bbox 1941 2761 1984 2801; x_wconf 88' lang='lat' dir='ltr'>Il,</span> <span class='ocrx_word' id='word_1_737' title='bbox 2005 2763 2040 2793; x_wconf 83' lang='lat'>17</span> <span class='ocrx_word' id='word_1_738' title='bbox 2062 2773 2070 2794; x_wconf 78' lang='grc' dir='ltr'>ι</span> <span class='ocrx_word' id='word_1_739' title='bbox 2088 2762 2287 2804; x_wconf 77' lang='grc' dir='ltr'>Ἐθεασάμην</span> <span class='ocrx_word' id='word_1_740' title='bbox 2302 2763 2356 2796; x_wconf 86' lang='grc' dir='ltr'>καὶ</span> <span class='ocrx_word' id='word_1_741' title='bbox 2369 2763 2441 2801; x_wconf 73' lang='grc' dir='ltr'>τοῦς</span> <span class='ocrx_word' id='word_1_742' title='bbox 2450 2775 2511 2796; x_wconf 84' lang='grc' dir='ltr'>σο-</span> 
     </span>
     <span class='ocr_line' id='line_1_104' title="bbox 1442 2806 1819 2848; baseline 0 -9"><span class='ocrx_word' id='word_1_743' title='bbox 1442 2807 1516 2848; x_wconf 83' lang='grc' dir='ltr'>φοὺς</span> <span class='ocrx_word' id='word_1_744' title='bbox 1530 2808 1603 2839; x_wconf 77' lang='grc' dir='ltr'>ἄνευ</span> <span class='ocrx_word' id='word_1_745' title='bbox 1617 2806 1819 2848; x_wconf 79' lang='grc' dir='ltr'>Περιάνδρου.</span> 
     </span>
    </p>

    <p class='ocr_par' dir='ltr' id='par_1_17' title="bbox 1442 2855 2512 3135">
     <span class='ocr_line' id='line_1_105' title="bbox 1487 2855 2512 2902; baseline 0.006 -15"><span class='ocrx_word' id='word_1_746' title='bbox 1487 2855 1553 2897; x_wconf 80' lang='grc'>(63)</span> <span class='ocrx_word' id='word_1_747' title='bbox 1571 2855 1727 2895; x_wconf 82' lang='lat' dir='ltr'>Diogenes</span> <span class='ocrx_word' id='word_1_748' title='bbox 1745 2855 1890 2888; x_wconf 82' lang='lat' dir='ltr'>Laertius</span> <span class='ocrx_word' id='word_1_749' title='bbox 1903 2855 1958 2887; x_wconf 86' lang='lat' dir='ltr'>lib.</span> <span class='ocrx_word' id='word_1_750' title='bbox 1974 2857 2000 2894; x_wconf 88' lang='grc' dir='ltr'>Ι,</span> <span class='ocrx_word' id='word_1_751' title='bbox 2016 2858 2117 2890; x_wconf 87' lang='grc'>98-99</span> <span class='ocrx_word' id='word_1_752' title='bbox 2134 2868 2142 2888; x_wconf 82' lang='grc' dir='ltr'>ι</span> <span class='ocrx_word' id='word_1_753' title='bbox 2162 2857 2290 2890; x_wconf 84' lang='grc' dir='ltr'>Σωτίων</span> <span class='ocrx_word' id='word_1_754' title='bbox 2302 2859 2336 2892; x_wconf 84' lang='grc' dir='ltr'>δὲ</span> <span class='ocrx_word' id='word_1_755' title='bbox 2348 2859 2401 2891; x_wconf 77' lang='grc' dir='ltr'>καὶ</span> <span class='ocrx_word' id='word_1_756' title='bbox 2417 2860 2512 2902; x_wconf 82' lang='grc' dir='ltr'>Ἥρα-</span> 
     </span>
     <span class='ocr_line' id='line_1_106' title="bbox 1442 2902 2511 2947; baseline 0.007 -13"><span class='ocrx_word' id='word_1_757' title='bbox 1442 2903 1564 2941; x_wconf 86' lang='grc' dir='ltr'>κλείδης</span> <span class='ocrx_word' id='word_1_758' title='bbox 1590 2902 1644 2935; x_wconf 88' lang='grc' dir='ltr'>καὶ</span> <span class='ocrx_word' id='word_1_759' title='bbox 1673 2902 1821 2944; x_wconf 70' lang='grc' dir='ltr'>Παμφίλη</span> <span class='ocrx_word' id='word_1_760' title='bbox 1838 2902 1870 2934; x_wconf 79' lang='grc' dir='ltr'>ἐν</span> <span class='ocrx_word' id='word_1_761' title='bbox 1889 2905 1934 2944; x_wconf 86' lang='grc' dir='ltr'>τῷ</span> <span class='ocrx_word' id='word_1_762' title='bbox 1953 2903 2090 2944; x_wconf 80' lang='grc' dir='ltr'>πέμπτῳ</span> <span class='ocrx_word' id='word_1_763' title='bbox 2118 2906 2181 2935; x_wconf 84' lang='grc' dir='ltr'>τῶν</span> <span class='ocrx_word' id='word_1_764' title='bbox 2204 2906 2440 2947; x_wconf 72' lang='grc' dir='ltr'>ὑπομνημάτων</span> <span class='ocrx_word' id='word_1_765' title='bbox 2452 2907 2511 2941; x_wconf 76' lang='grc' dir='ltr'>δύο</span> 
     </span>
     <span class='ocr_line' id='line_1_107' title="bbox 1444 2949 2510 2997; baseline 0.007 -16"><span class='ocrx_word' id='word_1_766' title='bbox 1444 2950 1518 2990; x_wconf 83' lang='grc' dir='ltr'>φασὶ</span> <span class='ocrx_word' id='word_1_767' title='bbox 1541 2949 1748 2992; x_wconf 78' lang='grc' dir='ltr'>Περιάνδρους</span> <span class='ocrx_word' id='word_1_768' title='bbox 1775 2950 1946 2992; x_wconf 82' lang='grc' dir='ltr'>γεγονέναι,</span> <span class='ocrx_word' id='word_1_769' title='bbox 1962 2950 2016 2982; x_wconf 89' lang='grc' dir='ltr'>τὸν</span> <span class='ocrx_word' id='word_1_770' title='bbox 2036 2950 2091 2990; x_wconf 86' lang='grc' dir='ltr'>μὲν</span> <span class='ocrx_word' id='word_1_771' title='bbox 2115 2952 2276 2993; x_wconf 84' lang='grc' dir='ltr'>τύραννον,</span> <span class='ocrx_word' id='word_1_772' title='bbox 2297 2954 2350 2986; x_wconf 88' lang='grc' dir='ltr'>τὸν</span> <span class='ocrx_word' id='word_1_773' title='bbox 2367 2955 2399 2987; x_wconf 79' lang='grc' dir='ltr'>δὲ</span> <span class='ocrx_word' id='word_1_774' title='bbox 2413 2954 2510 2997; x_wconf 69' lang='grc' dir='ltr'>σοφὸν</span> 
     </span>
     <span class='ocr_line' id='line_1_108' title="bbox 1443 2997 2509 3042; baseline 0.007 -14"><span class='ocrx_word' id='word_1_775' title='bbox 1443 2999 1496 3030; x_wconf 79' lang='grc' dir='ltr'>καὶ</span> <span class='ocrx_word' id='word_1_776' title='bbox 1512 2997 1761 3039; x_wconf 80' lang='grc' dir='ltr'>Ἀμπρακιώτην.</span> <span class='ocrx_word' id='word_1_777' title='bbox 1780 2999 1881 3029; x_wconf 81' lang='grc' dir='ltr'>Τοῦτο</span> <span class='ocrx_word' id='word_1_778' title='bbox 1909 3005 1963 3031; x_wconf 61' lang='grc' dir='ltr'>καί</span> <span class='ocrx_word' id='word_1_779' title='bbox 1989 2997 2124 3037; x_wconf 79' lang='grc' dir='ltr'>Νεάνθης</span> <span class='ocrx_word' id='word_1_780' title='bbox 2147 3000 2241 3040; x_wconf 81' lang='grc' dir='ltr'>φησὶν</span> <span class='ocrx_word' id='word_1_781' title='bbox 2275 3001 2293 3033; x_wconf 83' lang='grc' dir='ltr'>ὁ</span> <span class='ocrx_word' id='word_1_782' title='bbox 2324 3002 2509 3042; x_wconf 76' lang='grc' dir='ltr'>Κυζικηνός,</span> 
     </span>
     <span class='ocr_line' id='line_1_109' title="bbox 1444 3043 2512 3093; baseline 0.005 -18"><span class='ocrx_word' id='word_1_783' title='bbox 1444 3045 1587 3087; x_wconf 68' lang='grc' dir='ltr'>ἀνεψιούς</span> <span class='ocrx_word' id='word_1_784' title='bbox 1601 3055 1636 3077; x_wconf 87' lang='grc' dir='ltr'>τε</span> <span class='ocrx_word' id='word_1_785' title='bbox 1646 3045 1722 3077; x_wconf 85' lang='grc' dir='ltr'>εἶναι</span> <span class='ocrx_word' id='word_1_786' title='bbox 1737 3045 1892 3083; x_wconf 80' lang='grc' dir='ltr'>ἀλλήλοις.</span> <span class='ocrx_word' id='word_1_787' title='bbox 1910 3043 1972 3076; x_wconf 83' lang='grc' dir='ltr'>Καὶ</span> <span class='ocrx_word' id='word_1_788' title='bbox 1982 3044 2193 3087; x_wconf 78' lang='grc' dir='ltr'>Ἀριστοτέλης</span> <span class='ocrx_word' id='word_1_789' title='bbox 2208 3047 2264 3088; x_wconf 85' lang='grc' dir='ltr'>μὲν</span> <span class='ocrx_word' id='word_1_790' title='bbox 2278 3049 2333 3081; x_wconf 86' lang='grc' dir='ltr'>τὸν</span> <span class='ocrx_word' id='word_1_791' title='bbox 2346 3048 2512 3093; x_wconf 62' lang='grc' dir='ltr'>Κορίνθύν</span> 
     </span>
     <span class='ocr_line' id='line_1_110' title="bbox 1444 3091 2192 3135; baseline 0.003 -10"><span class='ocrx_word' id='word_1_792' title='bbox 1444 3105 1536 3135; x_wconf 71' lang='grc' dir='ltr'>φησιν</span> <span class='ocrx_word' id='word_1_793' title='bbox 1550 3093 1627 3125; x_wconf 84' lang='grc' dir='ltr'>εἶναι</span> <span class='ocrx_word' id='word_1_794' title='bbox 1645 3092 1699 3125; x_wconf 86' lang='grc' dir='ltr'>τὸν</span> <span class='ocrx_word' id='word_1_795' title='bbox 1714 3091 1823 3135; x_wconf 77' lang='grc' dir='ltr'>σοφόν·</span> <span class='ocrx_word' id='word_1_796' title='bbox 1840 3091 1974 3124; x_wconf 84' lang='grc' dir='ltr'>Πλάτων</span> <span class='ocrx_word' id='word_1_797' title='bbox 1987 3092 2034 3133; x_wconf 80' lang='grc' dir='ltr'>δέ,</span> <span class='ocrx_word' id='word_1_798' title='bbox 2054 3092 2090 3125; x_wconf 82' lang='grc' dir='ltr'>οὗ</span> <span class='ocrx_word' id='word_1_799' title='bbox 2104 3105 2192 3134; x_wconf 78' lang='grc' dir='ltr'>φησι.</span> 
     </span>
    </p>

    <p class='ocr_par' dir='ltr' id='par_1_18' title="bbox 1489 3139 2299 3184">
     <span class='ocr_line' id='line_1_111' title="bbox 1489 3139 2299 3184; baseline 0.001 -10"><span class='ocrx_word' id='word_1_800' title='bbox 1489 3141 1556 3183; x_wconf 82' lang='grc'>(64)</span> <span class='ocrx_word' id='word_1_801' title='bbox 1574 3140 1766 3173; x_wconf 84' lang='lat' dir='ltr'>Plutarchus</span> <span class='ocrx_word' id='word_1_802' title='bbox 1781 3140 1843 3173; x_wconf 85' lang='lat' dir='ltr'>vll</span> <span class='ocrx_word' id='word_1_803' title='bbox 1860 3139 2000 3181; x_wconf 83' lang='lat' dir='ltr'>sapient.</span> <span class='ocrx_word' id='word_1_804' title='bbox 2026 3140 2164 3174; x_wconf 85' lang='lat' dir='ltr'>Conviv.</span> <span class='ocrx_word' id='word_1_805' title='bbox 2183 3151 2256 3184; x_wconf 87' lang='lat' dir='ltr'>cap.</span> <span class='ocrx_word' id='word_1_806' title='bbox 2269 3147 2299 3175; x_wconf 81' lang='lat'>2.</span> 
     </span>
    </p>

    <p class='ocr_par' dir='ltr' id='par_1_19' title="bbox 1445 3187 2513 3421">
     <span class='ocr_line' id='line_1_112' title="bbox 1489 3187 2512 3231; baseline 0.003 -11"><span class='ocrx_word' id='word_1_807' title='bbox 1489 3188 1555 3231; x_wconf 83' lang='lat'>(65)</span> <span class='ocrx_word' id='word_1_808' title='bbox 1574 3188 1731 3228; x_wconf 84' lang='lat' dir='ltr'>Diogenes</span> <span class='ocrx_word' id='word_1_809' title='bbox 1744 3187 1891 3221; x_wconf 88' lang='lat' dir='ltr'>Laertius</span> <span class='ocrx_word' id='word_1_810' title='bbox 1912 3188 1967 3220; x_wconf 88' lang='lat' dir='ltr'>lib.</span> <span class='ocrx_word' id='word_1_811' title='bbox 1988 3190 2017 3228; x_wconf 85' lang='lat' dir='ltr'>I,</span> <span class='ocrx_word' id='word_1_812' title='bbox 2033 3193 2073 3222; x_wconf 80' lang='lat'>95</span> <span class='ocrx_word' id='word_1_813' title='bbox 2101 3199 2110 3221; x_wconf 90' lang='lat'><strong>:</strong></span> <span class='ocrx_word' id='word_1_814' title='bbox 2131 3190 2194 3222; x_wconf 82' lang='grc' dir='ltr'>Καὶ</span> <span class='ocrx_word' id='word_1_815' title='bbox 2212 3190 2246 3228; x_wconf 85' lang='grc' dir='ltr'>ὃς</span> <span class='ocrx_word' id='word_1_816' title='bbox 2263 3191 2428 3231; x_wconf 73' lang='grc' dir='ltr'>ἀθυμήσας</span> <span class='ocrx_word' id='word_1_817' title='bbox 2445 3191 2512 3224; x_wconf 79' lang='grc' dir='ltr'>ἐτε·</span> 
     </span>
     <span class='ocr_line' id='line_1_113' title="bbox 1445 3235 2509 3280; baseline 0.005 -13"><span class='ocrx_word' id='word_1_818' title='bbox 1445 3238 1605 3275; x_wconf 75' lang='grc' dir='ltr'>λεὺτησεν,</span> <span class='ocrx_word' id='word_1_819' title='bbox 1621 3236 1678 3275; x_wconf 83' lang='grc' dir='ltr'>ἤδη</span> <span class='ocrx_word' id='word_1_820' title='bbox 1695 3235 1831 3277; x_wconf 83' lang='grc' dir='ltr'>γεγονὼς</span> <span class='ocrx_word' id='word_1_821' title='bbox 1851 3235 1904 3273; x_wconf 81' lang='grc' dir='ltr'>ἔτη</span> <span class='ocrx_word' id='word_1_822' title='bbox 1930 3235 2135 3277; x_wconf 82' lang='grc' dir='ltr'>ὀγδοήκοντα.</span> <span class='ocrx_word' id='word_1_823' title='bbox 2164 3238 2368 3279; x_wconf 81' lang='grc' dir='ltr'>Σωσικράτης</span> <span class='ocrx_word' id='word_1_824' title='bbox 2381 3239 2415 3272; x_wconf 80' lang='grc' dir='ltr'>δέ</span> <span class='ocrx_word' id='word_1_825' title='bbox 2432 3250 2509 3280; x_wconf 80' lang='grc' dir='ltr'>φησι</span> 
     </span>
     <span class='ocr_line' id='line_1_114' title="bbox 1446 3284 2513 3328; baseline 0.003 -12"><span class='ocrx_word' id='word_1_826' title='bbox 1446 3284 1592 3326; x_wconf 84' lang='grc' dir='ltr'>πρότερον</span> <span class='ocrx_word' id='word_1_827' title='bbox 1606 3284 1742 3326; x_wconf 81' lang='grc' dir='ltr'>Κροίσου</span> <span class='ocrx_word' id='word_1_828' title='bbox 1755 3284 1937 3322; x_wconf 83' lang='grc' dir='ltr'>τελευτῆσαι</span> <span class='ocrx_word' id='word_1_829' title='bbox 1948 3285 2042 3317; x_wconf 78' lang='grc' dir='ltr'>αὐτὸν</span> <span class='ocrx_word' id='word_1_830' title='bbox 2056 3285 2138 3317; x_wconf 84' lang='grc' dir='ltr'>ἔτεσι</span> <span class='ocrx_word' id='word_1_831' title='bbox 2154 3286 2382 3328; x_wconf 74' lang='grc' dir='ltr'>τετταράκοντα</span> <span class='ocrx_word' id='word_1_832' title='bbox 2396 3287 2451 3319; x_wconf 84' lang='grc' dir='ltr'>καὶ</span> <span class='ocrx_word' id='word_1_833' title='bbox 2465 3286 2513 3319; x_wconf 77' lang='grc' dir='ltr'>ἑνὶ</span> 
     </span>
     <span class='ocr_line' id='line_1_115' title="bbox 1446 3330 2510 3374; baseline 0.001 -11"><span class='ocrx_word' id='word_1_834' title='bbox 1446 3332 1506 3373; x_wconf 88' lang='grc' dir='ltr'>πρὸ</span> <span class='ocrx_word' id='word_1_835' title='bbox 1530 3335 1584 3372; x_wconf 86' lang='grc' dir='ltr'>τῆς</span> <span class='ocrx_word' id='word_1_836' title='bbox 1602 3335 1857 3374; x_wconf 80' lang='grc' dir='ltr'>τεσσαρακοστῆς</span> <span class='ocrx_word' id='word_1_837' title='bbox 1882 3330 2008 3371; x_wconf 80' lang='grc' dir='ltr'>ἐννάτης</span> <span class='ocrx_word' id='word_1_838' title='bbox 2037 3332 2240 3374; x_wconf 82' lang='grc' dir='ltr'>ὀλυμπιάδος.</span> <span class='ocrx_word' id='word_1_839' title='bbox 2261 3333 2355 3366; x_wconf 82' lang='lat' dir='ltr'>Cons-</span> <span class='ocrx_word' id='word_1_840' title='bbox 2386 3332 2510 3366; x_wconf 81' lang='lat' dir='ltr'>corsini</span> 
     </span>
     <span class='ocr_line' id='line_1_116' title="bbox 1447 3378 2076 3421; baseline 0.003 -10"><span class='ocrx_word' id='word_1_841' title='bbox 1447 3379 1535 3411; x_wconf 83' lang='lat' dir='ltr'>Fast.</span> <span class='ocrx_word' id='word_1_842' title='bbox 1552 3378 1640 3412; x_wconf 87' lang='lat' dir='ltr'>attic.</span> <span class='ocrx_word' id='word_1_843' title='bbox 1659 3381 1754 3421; x_wconf 76' lang='lat' dir='ltr'>Toni.</span> <span class='ocrx_word' id='word_1_844' title='bbox 1773 3379 1819 3411; x_wconf 92' lang='lat'>111</span> <span class='ocrx_word' id='word_1_845' title='bbox 1834 3389 1865 3420; x_wconf 89' lang='lat' dir='ltr'>p.</span> <span class='ocrx_word' id='word_1_846' title='bbox 1879 3382 1930 3413; x_wconf 83' lang='lat' dir='ltr'>4s.</span> <span class='ocrx_word' id='word_1_847' title='bbox 1954 3382 2006 3412; x_wconf 84' lang='grc'>61.</span> <span class='ocrx_word' id='word_1_848' title='bbox 2025 3383 2076 3413; x_wconf 82' lang='grc'>85.</span> 
     </span>
    </p>

    <p class='ocr_par' dir='ltr' id='par_1_20' title="bbox 1449 3426 2514 3563">
     <span class='ocr_line' id='line_1_117' title="bbox 1493 3426 2512 3469; baseline 0.001 -11"><span class='ocrx_word' id='word_1_849' title='bbox 1493 3426 1560 3467; x_wconf 88' lang='grc'>(66)</span> <span class='ocrx_word' id='word_1_850' title='bbox 1579 3427 1736 3468; x_wconf 88' lang='lat' dir='ltr'>Diogenes</span> <span class='ocrx_word' id='word_1_851' title='bbox 1753 3427 1899 3459; x_wconf 85' lang='lat' dir='ltr'>Laertius</span> <span class='ocrx_word' id='word_1_852' title='bbox 1917 3427 1974 3459; x_wconf 83' lang='lat' dir='ltr'>lib.</span> <span class='ocrx_word' id='word_1_853' title='bbox 1998 3429 2024 3469; x_wconf 90' lang='grc' dir='ltr'>Ι,</span> <span class='ocrx_word' id='word_1_854' title='bbox 2046 3431 2084 3461; x_wconf 90' lang='grc'>97</span> <span class='ocrx_word' id='word_1_855' title='bbox 2108 3437 2117 3460; x_wconf 90' lang='lat'>:</span> <span class='ocrx_word' id='word_1_856' title='bbox 2144 3428 2295 3468; x_wconf 83' lang='grc' dir='ltr'>Ἐποίησε</span> <span class='ocrx_word' id='word_1_857' title='bbox 2315 3428 2416 3461; x_wconf 78' lang='grc' dir='ltr'>δὲκαὶ</span> <span class='ocrx_word' id='word_1_858' title='bbox 2432 3428 2512 3460; x_wconf 75' lang='grc' dir='ltr'>ὑπο·</span> 
     </span>
     <span class='ocr_line' id='line_1_118' title="bbox 1449 3473 2514 3516; baseline 0.004 -12"><span class='ocrx_word' id='word_1_859' title='bbox 1449 3473 1545 3510; x_wconf 70' lang='grc' dir='ltr'>θήκας</span> <span class='ocrx_word' id='word_1_860' title='bbox 1560 3475 1602 3510; x_wconf 87' lang='grc' dir='ltr'>εἰς</span> <span class='ocrx_word' id='word_1_861' title='bbox 1625 3474 1684 3512; x_wconf 81' lang='grc' dir='ltr'>ἔπη</span> <span class='ocrx_word' id='word_1_862' title='bbox 1700 3474 1849 3514; x_wconf 82' lang='grc' dir='ltr'>δισχίλια.</span> <span class='ocrx_word' id='word_1_863' title='bbox 1875 3474 1994 3508; x_wconf 86' lang='lat' dir='ltr'>Suidas</span> <span class='ocrx_word' id='word_1_864' title='bbox 2015 3482 2025 3505; x_wconf 77' lang='lat'>²</span> <span class='ocrx_word' id='word_1_865' title='bbox 2040 3476 2198 3516; x_wconf 73' lang='grc' dir='ltr'>Ἐγραψεν</span> <span class='ocrx_word' id='word_1_866' title='bbox 2215 3475 2374 3513; x_wconf 68' lang='grc' dir='ltr'>ὑποθήκας</span> <span class='ocrx_word' id='word_1_867' title='bbox 2397 3476 2440 3512; x_wconf 85' lang='grc' dir='ltr'>εἰς</span> <span class='ocrx_word' id='word_1_868' title='bbox 2454 3474 2514 3508; x_wconf 65' lang='grc' dir='ltr'>τὴν</span> 
     </span>
     <span class='ocr_line' id='line_1_119' title="bbox 1449 3520 1928 3563; baseline 0.008 -14"><span class='ocrx_word' id='word_1_869' title='bbox 1449 3520 1639 3562; x_wconf 75' lang='grc' dir='ltr'>ἀνθρώπινον</span> <span class='ocrx_word' id='word_1_870' title='bbox 1653 3521 1718 3563; x_wconf 74' lang='grc' dir='ltr'>βίον</span> <span class='ocrx_word' id='word_1_871' title='bbox 1731 3520 1798 3563; x_wconf 80' lang='grc' dir='ltr'>[εἰς]</span> <span class='ocrx_word' id='word_1_872' title='bbox 1812 3521 1871 3560; x_wconf 80' lang='grc' dir='ltr'>ἔπη</span> <span class='ocrx_word' id='word_1_873' title='bbox 1886 3523 1928 3563; x_wconf 57' lang='grc' dir='ltr'>Ιβ.</span> 
     </span>
    </p>
   </div>
   <div class='ocr_carea' id='block_1_9' title="bbox 2510 0 2612 3814">
    <p class='ocr_par' dir='ltr' id='par_1_21' title="bbox 2510 0 2612 3814">
     <span class='ocr_line' id='line_1_120' title="bbox 2510 0 2612 3814; baseline 0 0"><span class='ocrx_word' id='word_1_874' title='bbox 2510 0 2612 3814; x_wconf 95' lang='lat' dir='ltr'> </span> 
     </span>
    </p>
   </div>
  </div>
 </body>
</html>
