2612 3814
729 287 781 325 IN
817 284 1152 324 EMPEDOCLIS
1190 284 1484 325 CARMINUM
1522 287 1820 335 RELIQUlAS.
2287 297 2334 330 39

161 379 231 433 γὰρ
243 379 302 418 καὶ
319 377 429 430 πάρος
441 370 483 425 ἦν
497 391 535 415 τε
554 375 614 414 καὶ
634 374 789 423 ἔσσεται,
801 373 880 413 οὐδέ
895 376 987 424 ποτ’,
1003 372 1081 423 οἴω,
1104 388 1219 426 quem
1283 375 1535 427 plicationem
1569 376 1786 424 contineat,
1819 377 2066 415 commodum
2101 378 2217 417 habet
2251 393 2338 418 sen·

163 452 249 478 cum
271 437 420 476 Steinio
441 443 595 474 secutus
616 447 719 473 sum.
1283 449 1367 473 sum
1404 450 1412 474 τ
1446 438 1563 474 donec
1596 451 1682 487 quoe
1700 445 1873 474 concreta
1891 436 2052 483 fuerunt
2080 443 2228 487 penitus
2258 454 2339 476 suc-

167 532 173 537 ,
215 496 279 535 Vs.
317 495 405 541 146.
437 492 569 532 τούτων
609 492 817 547 ἀμφοτέρων
860 493 969 545 κτλ.]
1011 493 1224 545 Exemplar
1282 498 1488 534 cubuerint.
1527 496 1779 548 Quapropter
1820 495 2079 547 interpretum
2115 500 2265 537 somnia
2301 509 2338 537 et

165 568 284 594 manu
300 561 501 593 exaratum
525 552 643 591 habet
671 552 865 591 κενώσεται
896 551 1081 601 ἄσὸεστος,
1116 553 1222 604 quod
1284 563 1499 593 commenta
1520 555 1688 592 refutare
1708 568 1787 591 non
1804 563 1928 592 vacat.

163 623 207 653 ut
221 627 294 667 par
306 621 389 652 erat
401 612 580 651 Millerus
600 612 641 650 in
659 612 866 651 κεινώσεται
887 611 1041 656 ἄσπετος
1058 617 1223 650 conver·
1337 614 1403 652 Vs.
1431 614 1539 660 1544
1550 614 1614 653 55.
1639 612 1748 657 οὕτως
1766 607 1791 664 ἧ
1809 611 1871 662 μὲν
1896 611 1932 650 ἓν
1954 612 2032 651 κτλ.
2047 612 2076 662 ].
2093 610 2130 650 ἓν
2149 615 2338 652 omissum

165 677 221 713 tit.
244 673 364 713 Addit
392 673 630 725 Hippolytus
662 686 672 712 ι
701 674 739 711 οὗ
763 673 831 725 γὰρ
858 671 1012 724 ἤρξαντο
1040 670 1221 722 γίνεσθαι,
1283 673 1323 711 in
1359 673 1504 712 Aldina
1536 673 1732 724 Simplicii
1754 672 1928 710 editione
1961 670 2113 708 addidit
2144 672 2338 713 Sturzius.

166 731 256 773 ἀλλὰ
277 735 437 786 προῆσαν
469 731 530 772 καὶ
562 731 700 782 ἔσονται
727 733 807 783 ἀεί,
836 732 893 771 διὰ
919 732 981 779 τὴν
1015 730 1224 782 ἀγεννησίαν
1286 732 1411 770 Porro
1426 732 1531 783 quod
1551 732 1655 783 apud
1673 731 1922 792 Simplicium
1934 724 2028 780 05ῑῆ
2049 725 2192 779 μὲν-πῖι
2209 731 2244 769 δὲ
2259 733 2341 771 edi-

170 792 299 848 φθορὰν
317 795 505 844 ὑπομεῖναι
527 792 578 844 μὴ
594 791 784 844 δυνάμενα.
1285 800 1388 830 tores
1409 801 1513 830 recte
1533 800 1733 830 mutarunt
1751 791 1794 828 in
1809 794 1832 842 ᾖ
1856 788 2053 840 μὲν-ἠδέ.

218 852 304 891 Vss.
332 852 523 900 147-158.
541 850 604 891 Ἐν
626 850 661 890 δὲ
683 849 928 903 μέρει-κατὰ
951 848 1102 900 κύκλον]
1125 848 1225 887 Sim·
1337 851 1406 890 Vs.
1435 851 1522 891 158.
1542 850 1653 902 ταύτῃ
1672 850 1702 888 δ’
1721 849 1795 889 αἷὲν
1809 849 1909 901 κτλ.]
1932 849 2160 901 Simplicius
2175 850 2341 900 ἀκίνητα,

169 911 313 963 plicius
340 911 463 963 Phys.
485 910 517 950 I.
537 910 564 948 f.
588 911 610 948 8
628 924 663 948 a.
694 910 744 949 cf,
770 922 889 960 supra
907 921 984 947 vss.
1011 922 1062 958 90
1083 920 1165 958 seq.
1189 916 1227 944 et

169 971 220 1008 68
240 983 351 1021 seqq.
367 970 596 1022 Simplicius
609 968 680 1009 ubi
706 968 837 1006 attulit
857 981 916 1006 vs.
943 967 1116 1004 122-131
1144 965 1226 1002 Em-

170 1029 374 1081 pedoclem
395 1029 450 1067 ait
468 1028 580 1066 brevi
601 1027 809 1066 intervallo
833 1027 907 1065 hos
933 1024 1189 1076 subjunxisse
1213 1039 1221 1062 ε

169 1086 284 1139 ὀλίγον
307 1087 341 1126 δὲ
371 1085 550 1140 προελθὼν
582 1080 678 1130 αὖθίς
706 1101 810 1139 φησιν
839 1104 853 1118 «
877 1085 912 1122 ἐν
951 1084 987 1122 δὲ
1016 1083 1113 1136 μέρει
1141 1099 1226 1135 κρα-

170 1147 286 1187 τέουσι
305 1165 320 1182 »
334 1149 411 1187 κτλ.
435 1147 544 1192 Quos
564 1155 690 1185 autem
710 1154 799 1197 post
816 1158 876 1184 vs.
903 1143 978 1182 153
994 1145 1111 1182 iterat
1130 1143 1228 1181 Sim-

1286 910 1390 961 quod
1407 925 1500 957 ‚cum
1520 911 1689 960 Bergkio
1709 910 1750 948 in
1770 908 1935 956 ἀκίνητον
1959 911 2150 948 converti.
2183 910 2254 961 (Cf.
2277 924 2344 949 su-

1288 984 1357 1022 pra
1372 984 1432 1010 vs.
1466 970 1550 1022 74.)
1582 970 1666 1008 Huc
1692 969 1895 1008 referenda
1916 969 2114 1021 Simplicii
2133 971 2344 1021 explicatio

1286 1030 1333 1067 ad
1354 1031 1515 1068 Aristot.
1535 1029 1583 1067 de
1593 1029 1690 1067 Coel.
1711 1029 1744 1077 l,
1767 1030 1787 1066 3
1803 1042 1865 1080 ap.
1879 1029 1995 1068 Bekk.
2011 1029 2091 1068 vol.
2112 1028 2178 1077 IV,
2196 1043 2232 1081 p.
2249 1031 2343 1078 476,

1289 1089 1314 1127 b
1339 1104 1346 1126 ε
1371 1087 1461 1127 ὥστε
1484 1088 1529 1128 τὰ
1551 1089 1623 1128 ἀπὸ
1649 1093 1710 1128 τοῦ
1734 1092 1858 1136 νοητοῦ
1886 1087 2020 1139 κόσμου
2048 1086 2105 1126 διὰ
2133 1092 2193 1127 τοῦ
2215 1088 2346 1133 νείκους

1286 1148 1506 1201 διακριθέντα
1528 1148 1604 1187 ἀντὶ
1627 1152 1687 1186 τοῦ
1718 1147 1867 1192 αἷωνίως
1884 1142 1978 1187 εἶναι
1994 1147 2150 1200 γίνονται
2170 1148 2231 1199 μὲν
2254 1167 2269 1184 «
2285 1150 2346 1188 καὶ

1287 1207 1324 1246 οὔ
1342 1223 1459 1260 σφισιν
1484 1207 1635 1257 ἔμπεδος
1660 1206 1769 1254 αἰών,
1792 1226 1808 1241 ν
1825 1207 1945 1252 ἀϊδίως
1977 1206 2013 1245 δὲ
2040 1209 2344 1258 ἀνακυκλοῧνται,

1286 1280 1334 1304 ex
1354 1280 1431 1317 qua
1451 1267 1498 1304 H.
1521 1265 1736 1304 Tischerus
1760 1265 1904 1312 Quaest.
1926 1266 2089 1317 Emped.
2114 1281 2155 1317 p.
2180 1268 2230 1305 28
2255 1268 2347 1318 jure

1288 1326 1445 1376 collegit
1474 1325 1665 1375 Stagiritae
1685 1326 1961 1377 interpretem,
1998 1325 2091 1363 licet
2118 1326 2213 1364 alibi
2235 1328 2347 1365 aliter

1288 1386 1336 1423 de
1355 1385 1418 1424 his
1430 1385 1636 1423 versiculis
1654 1385 1832 1423 statuerit
1877 1393 2006 1422 tamen
2028 1383 2193 1432 ἀκίνητον
2217 1385 2346 1424 κύκλον

1288 1459 1367 1483 non
1388 1444 1648 1496 improbasse.

1340 1504 1406 1545 Vs.
1442 1504 1630 1555 159-162.
1652 1502 2015 1557 Τέσσαρα-νεῖκος]
2047 1504 2127 1542 Hos
2165 1512 2349 1554 quattuor

1288 1577 1425 1603 versus
1450 1577 1529 1602 uno
1554 1571 1688 1601 tenore
1710 1564 1803 1601 citat
1831 1562 2019 1601 Stobaeus·
2038 1562 2122 1602 Ecl.
2154 1562 2188 1610 l,
2212 1577 2246 1601 c.
2286 1578 2347 1608 11,

1293 1638 1353 1670 11,
1371 1636 1460 1674 pag.
1481 1624 1555 1670 287
1580 1620 1689 1672 (pag.
1719 1635 1791 1660 110
1816 1622 1877 1661 ed.
1902 1622 2122 1672 Gaisford).
2152 1622 2252 1660 Tres
2273 1623 2351 1673 pri-

1291 1695 1374 1720 mos
1406 1682 1546 1720 Sextus
1581 1681 1808 1732 Empiricus
1843 1682 2030 1720 adversus
2060 1682 2238 1721 Gramm.
2279 1682 2347 1730 IX,

1293 1743 1392 1790 3623
1413 1741 1463 1793 X,
1493 1742 1585 1780 315.
1608 1741 1843 1780 Plutarchus
1874 1742 1921 1779 de
1948 1742 2082 1792 placit.
2104 1741 2204 1793 phil.
2232 1741 2266 1788 l,
2303 1743 2348 1788 33

170 1207 315 1258 plicius
335 1220 411 1245 vss.
434 1211 555 1254 70-74
579 1219 665 1243 cum
687 1204 894 1243 Karstenio
918 1203 1032 1242 uncis
1064 1203 1223 1241 inclusi.

222 1264 288 1303 Vs.
315 1271 401 1315 149.
422 1262 512 1303 αὐτὰ
545 1262 614 1316 γὰρ
640 1262 733 1302 ἔστιν
759 1263 898 1315 ταῦτα]
920 1262 1118 1313 Simplicii
1138 1262 1224 1301 cod.

171 1323 225 1371 ὓς
245 1322 334 1361 αὐτὰ
353 1323 421 1377 γὰρ
443 1322 517 1361 ἔστι
531 1337 570 1374 γε
585 1325 696 1360 ταῦτα
721 1322 921 1373 exemplar
941 1321 1144 1360 Aldinum.

222 1381 286 1422 Vs.
312 1382 400 1423 150.
418 1382 569 1434 γίγνοντ’
591 1380 766 1434 ἄνθρωποί
792 1396 830 1419 τε
847 1380 954 1432 κτλ.]
977 1379 1035 1418 lta
1054 1380 1227 1418 editores

170 1441 412 1492 scripserunt
425 1470 436 1489 ,
452 1440 677 1492 Simplicius
694 1439 811 1478 habet
829 1438 997 1493 γίνονται.
1014 1440 1122 1479 Idem
1144 1454 1229 1478 ver-

170 1514 255 1540 sum
274 1500 348 1539 hoc
369 1500 485 1538 modo
507 1500 691 1538 terminat
711 1514 719 1537 z
742 1499 803 1538 καὶ
830 1501 946 1538 ἄλλων
973 1498 1076 1538 ἔθνεα
1110 1502 1228 1551 κηρῶν

172 1559 244 1610 (cf.
263 1572 324 1599 vs.
349 1561 415 1610 19)
437 1559 541 1610 quod
563 1558 740 1599 Sturzius
753 1559 853 1598 bene
873 1559 915 1597 in
930 1561 1044 1612 θηρῶν
1066 1572 1228 1598 conver·

170 1620 228 1658 tit.
252 1619 442 1669 Bergkius
459 1620 594 1664 θνητῶν
613 1617 795 1656 malebat.

222 1677 288 1716 Vs.
335 1678 425 1716 151.
458 1677 584 1717 ἄλλοτε
614 1676 677 1729 μὲν
717 1677 879 1732 φιλότητι
916 1677 1147 1731 συνερχόμεν’
1181 1681 1229 1723 εἷς

169 1738 273 1791 κτλ.]
293 1738 353 1776 lta
379 1738 548 1776 editores
577 1747 817 1790 posuerunt3
851 1739 954 1790 apud
983 1739 1228 1791 Simplicium

171 1806 294 1836 exstat
307 1797 432 1836 ἄλλοτε
454 1796 517 1847 μὲν
538 1797 700 1849 φιλότητι
717 1797 960 1850 συνερχόμενα
977 1799 1024 1841 εἷς
1045 1799 1122 1837 κτλ.
1291 1802 1383 1840 inde
1403 1802 1595 1842 Eusebius
1623 1803 1750 1853 Praep.
1772 1801 1921 1851 Evang.
1946 1801 2046 1851 XIV,
2069 1815 2109 1853 p.
2139 1807 2230 1851 749.
2253 1800 2351 1838 Pro·

224 1857 290 1896 VS·
317 1857 543 1896 152·ἄλλοῒε
562 1858 591 1895 δ’
610 1849 655 1895 αὗ
676 1857 745 1909 δίχ’
765 1855 898 1896 ἕκαστα
914 1855 1111 1910 φορεύμενα
1126 1858 1227 1903 mk]
1291 1862 1364 1900 bus
1385 1862 1426 1900 in
1448 1862 1556 1912 Virg.
1578 1862 1660 1902 Ecl.
1674 1861 1736 1908 VI,
1758 1862 1802 1898 31
1822 1875 1833 1908 ;
1857 1861 2096 1912 Hippolytus
2116 1860 2348 1910 (Origenes)

171 1917 235 1955 Sic
257 1917 339 1968 jam
372 1917 549 1955 SUU‘ZIUS
569 1917 674 1955 hunc
704 1929 864 1955 versum
895 1915 1093 1966 VUlgaVit3
1128 1915 1231 1967 apud
1291 1922 1520 1972 Philosoph.
1545 1935 1575 1961 s.
1594 1922 1730 1960 haeres.
1745 1921 1861 1960 refut.
1883 1934 1924 1972 p.
1945 1921 2022 1965 246
2037 1920 2096 1958 ed.
2119 1920 2265 1959 Miller.
2289 1919 2352 1957 Se-

174 1975 422 2028 Simplicium
444 1976 588 2026 legitur
607 1977 733 2015 ἄλλοτε
754 1975 783 2014 δ’
804 1968 848 2013 αῧ
862 1975 932 2028 δίχ’
952 1974 1088 2014 ἕκαστα
1109 1975 1233 2028 <popm-5·
1291 1981 1460 2019 cundum
1489 1990 1526 2019 et
1555 1982 1713 2020 tertium
1747 1977 2049 2031 Ζεὺς-βρότειον
2084 1979 2352 2028 Athenagoras

174 2049 263 2084 μενα
286 2035 366 2074 κτλ.
1292 2039 1423 2090 Legat.
1449 2053 1510 2092 pr.
1529 2041 1623 2080 Chr.
1645 2055 1687 2092 p.
1713 2054 1761 2077 22
1784 2038 1922 2078 Colon.
1944 2037 2123 2076 Laertius
2143 2037 2252 2085 VIlI,
2273 2038 2349 2086 763

1293 2099 1513 2138 Heraclitus
1542 2101 1655 2150 alleg.
1692 2099 1808 2137 Hom.
1848 2111 1932 2149 cap.
1974 2097 2098 2136 XXIV
2131 2111 2170 2149 p.
2205 2097 2251 2134 51
2287 2097 2350 2136 ed.

1292 2158 1455 2197 Mehler.
1476 2160 1486 2210 (
1503 2159 1728 2198 Heraclides
1746 2172 1785 2210 p.
1802 2159 1877 2201 443
1893 2157 1953 2195 ed.
1975 2156 2065 2196 Gal.
2080 2156 2091 2207 )
2106 2156 2265 2195 Tertius
2285 2157 2352 2195 de-

1294 2217 1416 2268 nique
1444 2220 1580 2265 Νῆστις
1602 2218 1685 2257 κτλ.
1712 2226 1770 2255 est
1799 2216 1903 2267 apud
1939 2215 2099 2253 Suidam
2120 2215 2160 2256 h.
2186 2230 2224 2255 v.
2253 2224 2291 2254 et
2310 2216 2352 2254 in

1294 2275 1396 2316 Viol.
1421 2291 1495 2316 ms.
1518 2277 1621 2317 Bibl.
1653 2280 1769 2315 Laur.
1799 2275 1887 2313 cod.
1913 2274 2033 2312 XXVI
2057 2275 2181 2326 plutei
2211 2274 2259 2311 lv
2280 2275 2348 2314 cit.

1295 2335 1423 2377 Sturz.
1447 2337 1508 2375 Cf.
1534 2349 1651 2388 supra
1671 2348 1749 2374 vss.
1777 2334 1917 2385 59-61.

1347 2396 1411 2435 Vs.
1449 2396 1536 2447 159.
1567 2395 1725 2446 τέσσαρα
1757 2396 1826 2431 τῶν
1864 2393 2004 2432 πάντων
2039 2394 2145 2444 κτλ.]
2179 2394 2256 2431 Pro
2284 2396 2353 2432 τῶν

1294 2454 1436 2493 πάντων
1456 2455 1596 2493 Sextus
1616 2454 1682 2505 γὰρ
1703 2453 1846 2492 πάντων
1868 2452 2005 2501 habet,
2029 2453 2185 2491 Probus
2201 2453 2243 2499 δὴ
2262 2452 2352 2492 πάν-

1294 2531 1379 2554 των.
1403 2514 1510 2552 Idem
1548 2515 1751 2566 scripturae
1781 2513 1923 2551 mendo
1955 2514 2051 2551 ἐᾶσιν
2085 2513 2245 2551 exhibet
2279 2527 2353 2565 pro

1296 2573 1393 2612 ἔασιν
1411 2574 1472 2611 vel
1497 2572 1599 2623 ἔασι;
1623 2572 1767 2623 reliqui
1789 2570 1907 2611 ἄκουε.

1349 2634 1411 2672 Vs.
1448 2635 1535 2671 160.
1570 2631 1657 2675 Ζεὺς
1689 2630 1798 2684 ἀργὴς
1830 2630 1930 2682 κτλ.]
1956 2630 2016 2668 Ita
2049 2644 2184 2669 omnes
2214 2640 2355 2683 praeter

1296 2694 1547 2732 Plutarchum
1566 2702 1603 2731 et
1623 2691 1834 2730 Eusebium
1851 2691 1894 2730 in
1913 2705 2080 2742 quorum
2106 2690 2222 2729 libris
2242 2704 2354 2742 repe-

1297 2754 1397 2791 ritur
1417 2752 1502 2797 Ζεὺς
1523 2751 1644 2804 αἰθήρ,
1659 2751 1764 2803 quod
1783 2752 2174 2803 interpretamentum
2196 2763 2280 2789 esse
2308 2751 2355 2788 li-

1297 2825 1311 2848 c
1326 2819 1401 2851 uet.

1309 2825 1322 2862 l
1350 2870 1416 2909 Vs.
1441 2871 1509 2907 161
1534 2870 1649 2908 aliter
1665 2869 1714 2907 ab
1732 2869 1822 2907 aliis
1843 2868 2047 2907 scribitur.
2081 2867 2148 2906 Est
2167 2877 2293 2906 autem
2312 2869 2354 2906 in

1297 2928 1464 2978 Stobaei,
1481 2929 1610 2979 Sexti,
1627 2928 1852 2976 Plutarchi,
1874 2927 2058 2975 Eusebii,
2082 2927 2354 2977 Athenagorae,

1301 2989 1486 3027 Heracliti
1506 2989 1622 3028 libris
1641 3003 1650 3026 ι

225 2092 290 2132 Vs.
319 2093 405 2133 153.
429 2093 562 2132 εἰσόκεν
585 2092 626 2133 ἂν
645 2093 830 2147 συμφύντα
848 2093 887 2132 τὸ
907 2099 977 2132 πᾶν
999 2092 1165 2145 ὑπένερθε
1179 2109 1234 2145 γε-

172 2153 297 2205 νηται]
317 2153 374 2191 De
390 2152 576 2204 junctura
594 2154 719 2198 εἷςόκεν
736 2154 790 2202 ἂν,
812 2155 854 2192 in
873 2167 951 2205 qua
976 2155 1017 2192 ἂν
1038 2154 1233 2205 particula

174 2221 335 2265 propter
353 2226 611 2264 praegressum
626 2228 684 2252 κεν
698 2213 763 2252 bis
774 2214 951 2265 ponitur,
968 2213 1133 2263 legenda
1148 2227 1234 2264 quae

174 2273 390 2324 disputavit
412 2272 659 2311 Hermannus
679 2273 867 2324 Opuscul.
890 2273 971 2311 vol.
990 2272 1055 2310 IV.
1080 2287 1116 2324 p.
1145 2286 1231 2323 190.

174 2331 220 2370 In
240 2332 435 2384 Simplicii
459 2332 547 2372 cod.
567 2332 610 2372 C.
633 2341 831 2385 comparet
851 2331 985 2372 εἰσόκεν
1007 2330 1058 2380 ὃν,
1072 2333 1114 2370 in
1141 2332 1230 2372 cod.

177 2391 221 2430 I).
246 2390 371 2436 εἷςόκεν
398 2390 460 2443 ὅν,
484 2400 697 2443 utrumque
731 2391 887 2430 librarii
924 2404 1076 2431 errore.
1108 2391 1233 2429 Aldus

138 2455 140 2458 ’
176 2449 302 2495 εἷςόκεν
321 2449 363 2489 ἂν
382 2452 572 2501 vulgavit.
595 2452 788 2490 Praeterea
803 2450 990 2505 συμφύντα
1006 2451 1235 2502 Simplicius

177 2510 377 2559 agnoscit,
397 2524 513 2562 quam
543 2524 676 2549 vocem
702 2513 893 2549 sententia
911 2510 1073 2560 flagitat.
1099 2513 1235 2561 Neque

179 2569 283 2606 enim
307 2577 412 2618 erat,
453 2583 522 2607 cur
541 2569 701 2607 Geelius
728 2578 766 2607 et
792 2569 1120 2607 Panzerbieterus
1150 2568 1237 2619 σύμ-

178 2628 382 2678 ·mtvwlegi
394 2629 555 2679 vellent,
570 2628 632 2666 vel
648 2642 719 2666 cur
735 2628 965 2667 Karstenius
974 2643 1013 2680 p.
1034 2629 1110 2667 522
1125 2644 1236 2679 μετα-

180 2687 290 2741 φύντα
312 2696 564 2740 proponeret.
587 2687 655 2726 Est
675 2696 801 2726 autem
822 2687 862 2727 τὸ
887 2693 958 2725 πᾶν
979 2688 1156 2726 hocloco
1174 2688 1234 2726 ad-

178 2746 307 2786 verbii
329 2760 437 2785 more
456 2749 624 2799 positum
644 2755 686 2786 ut
710 2747 813 2800 apud
838 2747 1070 2799 Sophoclem
1093 2747 1235 2787 Electr.

180 2819 240 2845 vs.
270 2820 382 2858 1009,
411 2807 489 2845 ἀλλ’
519 2805 697 2854 ἀντιάζω,
719 2806 801 2859 πρὶν
830 2805 1072 2859 πανωλέθρους
1093 2805 1133 2845 τὸ
1164 2812 1235 2844 πᾶν

181 2867 275 2916 ἡμᾶς
297 2866 328 2904 τ’
345 2865 503 2916 ὀλέσθαι,
521 2864 776 2918 κάξερημῶσαι
791 2865 902 2917 γένος,
918 2865 1095 2919 κατάσχες
1118 2865 1238 2917 ὀργήν.

182 2924 361 2975 Denique
380 2923 546 2978 ὑπένερθε
567 2925 767 2977 γίγνεσθαι,
797 2925 902 2976 quod
924 2939 1004 2963 non
1024 2938 1158 2963 omnes
1178 2925 1236 2962 vi-

181 2983 323 3022 dentur
359 2983 600 3022 intellexisse
614 3013 624 3032 ,
658 2984 762 3022 valet
794 2983 1010 3032 infer-mrem
1044 2986 1236 3021 discedere

181 3038 253 3080 νεῙ
265 3045 515 3082 succumbere.
542 3042 595 3082 Ut
614 3043 718 3082 enim
737 3057 839 3095 saepe
859 3052 1114 3096 opponuntur
1133 3041 1240 3080 καθύ-

182 3105 288 3155 περθε
308 3112 346 3141 et
361 3101 547 3156 ὑπένερθε,
576 3103 683 3141 velut
703 3103 745 3141 in
766 3103 950 3154 Odysseae
981 3102 1054 3142 lib.
1088 3102 1145 3140 111
1178 3115 1236 3141 vs.

189 3175 262 3210 170
287 3170 325 3200 et
346 3176 418 3210 172
449 3176 458 3199 t
482 3162 536 3200 ita
571 3163 837 3214 Empedocleae
866 3161 1058 3201 locutioni
1091 3170 1239 3199 contra-

186 3221 284 3259 riam
301 3220 460 3259 adhibet
484 3221 703 3260 Herodotus
720 3221 791 3260 lib.
811 3221 917 3270 VIII,
942 3235 988 3272 19
1007 3233 1015 3260 :
1036 3219 1105 3272 νόῳ
1120 3218 1155 3257 δὲ
1181 3221 1242 3259 λα-

185 3277 256 3317 ὅὼν
271 3281 289 3317 δ
302 3278 570 3331 Θεμιστοκλέης
583 3309 593 3328 ,
609 3282 670 3329 ὡς,
693 3282 723 3319 εἷ
744 3279 962 3335 ἀπορραγείη
985 3280 1055 3318 ἀπὸ
1068 3283 1128 3318 τοῦ
1153 3281 1239 3332 βαρ-

186 3336 295 3390 ὅάρου
315 3337 355 3377 τό
374 3354 411 3377 τε
429 3337 586 3378 Ἰωνικὸν
604 3341 709 3392 φῦλον
727 3339 788 3379 καὶ
807 3340 847 3380 τὸ
865 3338 1036 3392 Καρικόν,
1054 3333 1171 3377 οἷοίτε
1191 3337 1240 3377 εἴ·

186 3411 277 3444 ησαν
295 3399 363 3435 τῶν
376 3399 509 3436 λοιπῶν
524 3398 720 3453 κατύπερθε
734 3398 891 3451 γίνεσθαι
912 3399 940 3437 i.
964 3412 999 3438 e.
1008 3400 1104 3449 fieri
1114 3413 1236 3448 posse,

188 3465 229 3493 ut
251 3459 413 3507 reliquos
444 3468 678 3508 superarent.
711 3459 771 3499 Cf.
805 3459 906 3499 ibid.
940 3472 1026 3510 cap.
1061 3459 1127 3506 60,
1163 3460 1184 3497 3
1205 3467 1243 3497 et

190 3527 276 3566 cap.
301 3515 363 3564 75.
382 3515 509 3562 Quum
528 3530 625 3556 vero
651 3518 716 3556 hic
736 3531 875 3556 versus
894 3517 1148 3569 praecedentis
1169 3530 1243 3567 ex-

1353 3083 1486 3133 Νῆστίς
1506 3086 1537 3123 θ’
1554 3081 1583 3130 ἢ
1598 3083 1759 3138 δακρύοις
1778 3083 1896 3136 τέγγει
1915 3083 2104 3135 κρούνωμα
2122 3080 2293 3135 βρότειον,

1301 3200 1387 3237 quae
1413 3186 1609 3237 scriptura
1633 3185 1853 3237 Stephano,
1890 3183 2105 3233 Scaligero,
2141 3182 2297 3220 Sturzio
2319 3189 2357 3219 et

1300 3245 1451 3284 Steinio
1466 3245 1610 3284 arrisit.
1628 3245 1824 3294 Diogenes
1844 3243 1959 3281 talem
1974 3255 2130 3281 versum
2154 3241 2326 3279 servavit
2347 3254 2354 3277 ε

1355 3351 1489 3400 Νῆστίς
1507 3351 1538 3391 θ’
1557 3350 1581 3400 ἣ
1602 3350 1763 3404 δακρύοις
1783 3351 1962 3401 ἐπιπικροῖ
1981 3347 2083 3398 ὄμμα
2107 3345 2276 3399 βρότειον.

1303 3458 1522 3511 Depravate
1540 3457 1695 3496 Probus
1712 3466 1749 3495 et
1765 3456 1905 3494 Suidas
1929 3469 1937 3492 :
1958 3452 2093 3500 Νῆστίς
2111 3451 2175 3498 θ’ἣ
2198 3448 2356 3502 δακρύοις

1302 3532 1339 3568 γε
1359 3523 1495 3571 πικροῖς
1511 3523 1602 3571 νομᾷ
1622 3517 1681 3555 vel
1702 3521 1804 3568 νωμᾷ
1824 3513 1976 3567 βρότειον
1997 3511 2104 3564 γένος.
2123 3511 2284 3548 Planum
2301 3517 2357 3546 est
