2612 3814
1044 296 1450 351 simtu-nomm.

302 406 487 458 (Stobaeus
507 404 609 443 Flor.
622 403 696 450 111,
717 404 782 453 43,
798 408 863 449 44,
889 416 953 451 72,
972 402 1038 451 85,
1062 403 1130 453 86,
1150 402 1215 450 87,

247 480 297 517 90
319 465 504 518 adjuncto
522 463 703 501 lemmate
723 461 945 514 Σωκράτους.
962 460 972 514 )

169 539 213 563 ιο.
247 522 477 576 Κυὸερνήτου
498 521 561 572 μὲν
576 520 675 574 ἔργον
696 522 827 572 ἀγαθοῦ
844 523 891 565 εἷς
907 520 968 565 τὰς
979 522 1048 559 τῶν
1062 520 1220 571 πνευμά-

245 598 314 623 των
333 581 532 634 μεταὸολὰς
550 580 794 632 ἁρμόσασθαι,
813 580 935 632 ἀνδρὸς
952 579 989 618 δὲ
1010 583 1118 633 σοφοῦ
1135 579 1220 632 πρὸς

245 641 308 686 τὰς
322 645 386 690 τῆς
397 641 521 693 τύχης.

167 715 218 740 20.
249 700 313 740 Ἐν
335 699 398 750 μὲν
420 702 470 752 τῷ
491 701 591 737 πλεῖν
613 699 797 738 πείθεσθαι
817 701 866 752 τῷ
894 698 1113 750 κυδερνήτῃ,
1133 699 1167 736 ἐν
1186 697 1221 736 δὲ

247 760 298 810 τῷ
318 759 379 810 ζῇν
400 760 450 811 τῷ
468 757 667 808 λογίζεσθαι
689 756 872 808 δυναμένῳ
895 757 1044 809 βέλτιον.

303 817 493 869 (Stobaeus
512 816 614 856 Flor.
631 817 705 864 Ill,
724 824 773 863 4ο
791 826 828 855 et
849 823 894 862 4ι
915 817 955 854 ἐκ
974 818 1042 853 τῶν
1059 815 1090 855 Ἀ
1099 831 1223 867 ριστω-

246 875 356 927 νόμου
390 876 581 930 τομαρίων.
615 876 814 914 Posterior
846 875 1040 914 sententia
1070 874 1223 913 Socrati

247 936 289 973 in
310 936 547 987 quibusdam
564 935 681 974 libris
696 934 950 987 assignatur.)

167 1008 215 1034 ει.
247 994 293 1035 Ὁ
314 995 379 1046 μὲν
413 994 523 1039 δειλὸς
555 999 618 1041 τ’ῆς
636 994 825 1047 πατρίδος,
857 998 876 1034 ὁ
900 993 936 1032 δὲ
965 992 1142 1047 φιλόδοξος
1161 995 1224 1040 τῆς

247 1053 415 1109 πατρῴας
434 1054 555 1099 οὐσίας
574 1055 649 1093 ἐστὶ
667 1053 854 1106 προδότης.
1209 1091 1214 1096 ,

172 1126 221 1152 22.
254 1113 315 1152 Ἔν
340 1112 402 1165 μὲν
432 1116 512 1158 ταῖς
529 1113 652 1163 μέθαις
668 1117 915 1166 παροινοῦσιν,
933 1113 968 1151 ἐν
988 1112 1024 1151 δὲ
1043 1115 1119 1157 ταῖς
1142 1114 1223 1151 ἀτυ-

247 1172 342 1225 χίαις
361 1177 596 1226 παρανοοῦσιν
612 1175 644 1211 οἱ
662 1172 816 1219 ἀνόητοι.

167 1244 217 1270 22.
248 1229 335 1270 060’
355 1234 388 1271 οἱ
409 1230 560 1281 ἄμουσοι
587 1231 660 1275 τοῖς
690 1231 850 1284 ὀργάνοις
870 1230 942 1269 οὔθ’
964 1231 996 1270 οἱ
1016 1230 1224 1270 ἀπαίδευτοι

248 1296 327 1336 ταῖς
348 1290 511 1343 ἀτυχίαις
527 1291 695 1329 δύνανται
713 1290 1019 1344 συναρμόσασθαι.

168 1364 216 1390 24.
249 1351 313 1403 Τῷ
342 1352 412 1389 τῶν
463 1349 686 1389 ἀπαιδεύτων
719 1350 784 1404 βίῳ
797 1380 806 1398 ,
840 1349 1001 1403 καθάπερ
1030 1351 1223 1403 ὑποκριτῇ,

248 1408 365 1448 πολλὰ
384 1408 495 1462 τύφου
521 1408 772 1461 μετεκδύματα
793 1408 1007 1462 περίκειται.

168 1483 215 1508 25.
245 1469 333 1512 Τοῖς
358 1467 505 1522 ἄφροσιν
519 1497 529 1516 ,
551 1466 675 1520 ὥσπερ
709 1470 780 1512 τοῖς
799 1467 978 1515 παιδίοις,
1002 1466 1114 1521 μικρὰ
1137 1467 1227 1520 πρό-

236 1526 353 1579 ’φασις
371 1528 418 1571 εἷς
436 1527 476 1566 τὸ
492 1526 625 1566 κλαίειν
645 1526 766 1573 ἱκανή.
1196 1530 1203 1539 ”

168 1598 218 1625 26.
251 1587 298 1625 Οἱ
322 1585 386 1636 μὲν
421 1584 510 1631 ξένοι
531 1586 566 1623 ἐν
579 1633 587 1640 .
601 1591 680 1629 ταῖς
701 1586 813 1634 ὁδοῖς,
843 1586 875 1624 οἳ
909 1583 946 1623 δὲ
967 1584 1171 1624 ἀπαίδευτοι
1192 1586 1226 1623 ἐν

249 1647 321 1689 τοῖς
337 1644 525 1698 πράγμασι
544 1646 763 1684 πλανῶνται.
996 1655 999 1658 ’

169 1717 217 1744 27.
249 1705 390 1743 Ταυτόν
412 1705 507 1743 ε’στιν
528 1705 765 1759 ἀρρωστοῦντι
781 1702 919 1756 φορτίον
939 1702 1149 1751 ἀναθέσθαι,
1169 1701 1229 1740 καὶ

251 1762 475 1816 ἀπαιδεύτοις
504 1763 686 1816 εὖτυχίαν.

170 1836 218 1862 28.
251 1821 346 1862 Οὔτε
367 1821 542 1866 πλέοντας
561 1821 659 1874 παρὰ
678 1821 786 1860 τόπον
807 1824 926 1873 ὁρμεῖν
946 1820 1103 1875 ἀσφαλές
1116 1850 1126 1869 ,
1148 1821 1227 1860 οὔτε

252 1884 383 1927 ζῶντας
399 1880 498 1936 παρὰ
513 1881 621 1933 νόμον
651 1884 744 1934 βιοῦν
767 1881 960 1921 ἀκίνδυνον.

170 1954 221 1980 29.
254 1939 300 1980 ‘O
334 1940 398 1993 μὲν
422 1939 589 1993 Πρωτεὺς
610 1943 653 1991 τῇ
686 1943 826 1993 μορφῇ,
857 1943 875 1979 ὁ
903 1940 934 1978 δ’
955 1940 1164 1982 ἀπαίδευτος
1187 1942 1229 1991 τῇ

251 2002 348 2053 ψυχῇ
369 2001 454 2052 παρ’
468 1999 616 2039 ἕκαστον
638 2002 849 2039 ἀλλοιοῦται.

171 2073 219 2099 3ο.
250 2058 411 2104 Πολλοὺς
431 2058 551 2112 ὥσπερ
573 2060 821 2106 ἀσθενοῦντας,
844 2057 938 2097 οὕτω
958 2058 1019 2097 καὶ
1044 2060 1231 2112 εὐτυχοῦν-

252 2133 314 2161 τας
328 2116 369 2156 τὸ
389 2118 523 2164 πλῆθος
542 2120 611 2156 τῶν
634 2116 905 2170 παρακειμένων
931 2118 1054 2157 λυπεῖ.

172 2190 219 2216 31.
249 2178 296 2216 Οἱ
318 2176 382 2227 μὲν
402 2180 568 2230 ἀκρατεῖς
589 2179 623 2216 ἐν
641 2181 717 2220 ταῖς
734 2175 964 2231 ἀρρωστίαις,
983 2177 1014 2214 οἱ
1032 2176 1068 2214 δὲ
1086 2175 1231 2229 ἄφρονες

253 2237 290 2274 ἐν
303 2241 380 2280 ταῖς
401 2235 566 2289 ἀτυχίαις
585 2235 652 2275 εἶσὶ
677 2235 960 2288 δυσθεροίπευτοι.

217 2351 267 2382 19.
293 2348 375 2382 Boni
403 2349 631 2390 gubernatoris
651 2352 701 2382 est
727 2352 900 2381 ventorum
933 2357 970 2381 se
996 2348 1232 2380 mutationibus

178 2408 446 2450 accommodare,
462 2408 523 2440 viri
543 2411 653 2441 autem
667 2408 837 2450 sapientis,
851 2408 1002 2441 fortunae.

217 2471 271 2501 20.
296 2470 333 2500 In
351 2476 448 2500 cursu
478 2467 643 2501 maritimo
671 2467 894 2509 gubernatori,
911 2467 943 2500 in
974 2467 1041 2500 vita
1061 2467 1131 2499 viro
1157 2475 1232 2508 pru-

177 2527 414 2564 denti,obedire
433 2527 538 2560 decet.

171 2591 175 2593 '
219 2590 271 2620 21.
285 2586 434 2620 Timidus
451 2586 563 2628 patriae
576 2611 584 2626 ,
600 2586 791 2618 ambitiosus
807 2585 993 2627 patrimonii
1008 2585 1153 2626 proditor
1168 2586 1229 2618 est.

220 2651 271 2679 22.
296 2646 400 2679 stunt
412 2655 469 2687 per
486 2645 698 2679 vinolentiam
713 2645 904 2686 lasciviunt,
921 2645 954 2676 in
972 2644 1068 2677 rebus
1089 2644 1234 2677 adversis

179 2708 287 2739 autem
304 2703 480 2738 insaniunt

222 2767 273 2798 23.
297 2765 410 2805 Neque
442 2763 574 2796 musicae
591 2762 695 2804 ignari
722 2762 947 2795 instrumentis
976 2770 1082 2803 neque
1113 2762 1235 2795 indocti

179 2824 324 2856 adversoe
342 2823 480 2855 sortunae
499 2822 565 2863 apti
578 2831 651 2854 esse
665 2824 813 2862 possunt.

221 2887 273 2916 24.
296 2881 508 2915 Indoctorum
528 2882 594 2914 vita
607 2905 617 2922 ,
641 2884 796 2921 tanquam
818 2880 930 2912 histrio
943 2904 952 2920 ‚
971 2880 1073 2912 multa
1087 2888 1237 2922 arrogan-

179 2943 233 2975 tiae
255 2942 477 2982 integumenta
499 2950 574 2982 quae
590 2940 757 2981 paullatim
776 2939 925 2973 exuenda
944 2941 1021 2972 sunt
1039 2941 1152 2980 gestat.

222 3004 274 3034 25.
298 3000 412 3034 Stultis
430 3001 516 3034 sicut
537 3000 714 3033 infantibus
733 2999 893 3032 levissima
910 3007 1007 3041 causa
1036 2999 1076 3030 ad
1098 2999 1236 3031 funden-

180 3059 236 3092 das
252 3059 402 3092 lacrimas
415 3059 547 3092 sufficit.

223 3122 274 3151 26.
298 3119 414 3151 Errant
426 3118 582 3160 peregrini
597 3119 628 3150 in
647 3118 708 3150 viis
720 3141 728 3156 ‚
746 3117 779 3149 in
796 3117 893 3149 rebus
910 3116 1051 3157 imperiti
1072 3117 1105 3149 et
1120 3116 1231 3149 rudes.

224 3180 274 3210 27.
299 3177 392 3210 Idem
422 3181 471 3210 est
493 3186 580 3218 oegro
600 3186 684 3209 onus
703 3176 870 3217 imponere
904 3177 936 3208 et
958 3175 1097 3208 indoctis
1118 3175 1236 3207 bonam

182 3236 356 3267 fortunam.
1003 3243 1005 3245 ¹

226 3297 278 3326 28.
301 3295 414 3334 Neque
433 3294 662 3335 navigantibus
683 3295 792 3326 tutum
811 3296 860 3326 est
877 3293 1062 3335 importuno
1086 3292 1160 3325 loco
1177 3301 1231 3334 ap-

182 3352 302 3393 pellere
314 3376 324 3393 ,
340 3361 445 3394 neque
461 3352 644 3385 viventibus
664 3355 782 3394 praeter
801 3354 903 3394 legem
921 3354 1021 3386 vitam
1042 3361 1150 3393 agere.

180 3426 186 3432 ·
227 3416 278 3445 29.
306 3412 441 3444 Proteus
466 3411 598 3453 quidem
626 3414 783 3453 formam,
801 3413 968 3454 imperitus
998 3421 1076 3444 vero
1092 3412 1237 3444 animum

185 3478 242 3511 pro
260 3478 369 3503 rerum
390 3469 588 3511 singularum
604 3470 792 3504 diversitate
809 3473 915 3504 mutat
928 3473 959 3503 et
976 3470 1089 3503 variat.

228 3532 280 3562 3ο.
305 3529 424 3562 Multos
437 3531 474 3562 ut
493 3536 616 3572 aegros,
630 3531 675 3563 ita
692 3531 789 3564 etiam
809 3532 921 3564 beatos
938 3530 1135 3564 adstantium
1152 3530 1237 3564 mul-

184 3589 291 3623 titudo
313 3589 456 3622 molestia
476 3590 587 3624 afficit.

2263 317 2338 351 489

1284 415 1331 441 :32.
1363 401 1458 440 Οὔτε
1477 399 1520 438 τὰ
1541 403 1600 438 τοῦ
1621 399 1807 452 Ἀχιλλέως
1825 399 1918 438 ὅπλα
1937 402 1987 453 τῷ
2005 401 2163 454 Θερσίτῃ
2176 433 2184 448 ,
2202 400 2279 440 οὔτε
2296 401 2340 440 τὰ

1365 462 1427 505 τῆς
1444 460 1560 511 ψυχῆς
1577 458 1691 509 ἀγαθὰ
1706 460 1756 511 τῷ
1773 459 1896 511 ἄφρονι
1916 459 2097 511 ἁρμόττει.

1419 517 1605 566 (Stobaeus
1627 517 1727 558 Flor.
1747 517 1809 566 IV,
1831 519 1896 567 57,
1921 518 1986 569 59,
2006 521 2072 566 6ο,
2095 521 2160 567 61,
2181 521 2247 570 62,
2271 521 2333 565 63,

1366 578 1434 625 64,
1452 578 1519 626 65,
1556 579 1625 625 66,
1654 579 1719 626 67,
1746 578 1836 625 108,
1866 591 1940 628 119
1961 577 2035 616 sub
2066 578 2236 618 Socratis
2260 593 2342 616 no-

1365 637 1481 675 mine.
1497 638 1506 687 )
2024 635 2036 642 “

1285 710 1334 736 33.
1369 696 1502 736 Πολλοὶ
1521 695 1743 743 ἀδικηθέντες
1764 695 1834 735 ὑπὸ
1851 696 2008 749 ῥητόρων
2025 694 2102 739 τοὺς
2121 695 2213 739 υἱοὺς
2231 696 2342 748 ῥήτο-

1368 771 1429 807 ρας
1449 755 1674 794 διδάσκουσιν
1687 786 1697 803 ,
1729 755 1840 800 οὐδεὶς
1870 754 1906 793 δὲ
1944 754 2120 803 ἀδικηθεὶς
2140 754 2207 793 ὑπὸ
2237 754 2343 793 λύκου

1367 815 1469 859 αὐτὸς
1483 815 1588 858 λύκος
1604 814 1736 867 γίνεται
1751 813 1810 853 καὶ
1830 813 2044 856 ἀντιδάκνει.

1422 872 1610 926 (Stobaeus
1630 873 1815 922 F101-.lv,
1840 874 1912 911 106
1932 874 1971 911 ἐκ
1992 875 2062 916 τῶν
2081 872 2342 926 Ἀριστωνύμου
2396 895 2400 899 ·

1368 932 1590 984 τομαρίων.)

1289 1005 1337 1031 34.
1371 992 1418 1030 Οἱ
1436 989 1502 1042 μὲν
1534 992 1692 1044 σφοδρῶς
1712 989 1942 1043 πυρέττοντες
1962 989 2025 1038 τὴν
2059 990 2169 1043 ὄρεξιν
2195 990 2255 1029 καὶ
2281 990 2344 1037 τὴν

1372 1049 1496 1102 ῥώμην
1510 1081 1520 1099 ,
1543 1052 1574 1090 οἱ
1598 1051 1628 1089 δ’
1646 1051 1680 1089 ἐν
1709 1055 1780 1094 τοῖς
1810 1049 1998 1102 βασιλείοις
2018 1053 2268 1102 παροικοῦντες
2286 1050 2344 1089 τὸν

1371 1113 1450 1147 νοῦν
1468 1110 1529 1148 καὶ
1545 1109 1589 1148 τὰ
1609 1109 1677 1158 ἤθη
1698 1107 1877 1161 πεφύκασι
1897 1108 2174 1162 διαφθείρεσθαι,
2196 1111 2225 1148 εἰ
2244 1108 2293 1158 μὴ
2309 1109 2347 1147 τὸ

1370 1171 1484 1208 Γνῶθι
1500 1169 1628 1207 σαυτὸν
1649 1170 1785 1221 συχνῶς
1801 1169 1917 1212 αὑτοῖς
1935 1167 2166 1219 ἐπιλέγουσιν.

1426 1231 1639 1281 (Antonius
1657 1238 1694 1268 et
1708 1230 1901 1267 Maximus
1916 1229 2041 1268 serm.
2061 1229 2142 1282 περὶ
2158 1232 2217 1267 τοῦ
2233 1231 2347 1270 Γνῶθι

1370 1289 1517 1329 σαυτόν.
1539 1291 1550 1340 )

1287 1360 1340 1388 35.
1371 1346 1467 1387 Οὔτε
1484 1351 1556 1400 πῦρ
1576 1347 1708 1401 ἱματίῳ
1731 1348 1951 1400 περιστεῖλαι
1982 1346 2128 1385 δυνατὸν
2158 1345 2237 1385 οὔτε
2268 1348 2347 1385 αἰσ-

1369 1407 1455 1459 χρὸν
1475 1406 1671 1459 ἁμάρτημα
1692 1404 1824 1460 χρόνῳ.

1290 1479 1339 1507 36.
1371 1467 1425 1505 Τὸ
1446 1467 1510 1517 μὲν
1531 1470 1603 1520 πῦρ
1635 1469 1653 1504 ὁ
1678 1467 1824 1517 ἄνεμος,
1844 1465 1903 1504 τὸν
1932 1465 1968 1504 δὲ
1996 1464 2110 1518 ἔρωτα
2141 1467 2164 1512 ἡ
2185 1464 2349 1512 συνήθεια

1373 1526 1521 1566 ἐκκαίει.

1433 1586 1621 1638 (Stobaeus
1634 1585 1737 1626 Flor.
1756 1584 1824 1633 vl,
1845 1586 1967 1624 31-32
1985 1583 2209 1637 Σωκράτους.
2225 1583 2236 1635 )

1295 1660 1342 1687 37.
1372 1644 1481 1697 Παρὰ
1502 1647 1552 1697 τῷ
1574 1643 1672 1697 τύφῳ
1686 1674 1698 1695 ,
1713 1643 1874 1696 καθάπερ
1891 1643 1991 1696 παρὰ
2011 1645 2062 1696 τῷ
2074 1644 2174 1695 κακῷ
2192 1641 2349 1694 πλάστῃ,

1375 1702 1657 1756 διεστραμμένας
1678 1702 1741 1747 τὰς
1756 1705 1827 1742 τῶν
1852 1702 2074 1756 πραγμάτων
2095 1702 2231 1745 εἰκόνας
2266 1701 2351 1739 ἰδεῖν

1374 1764 1479 1801 ἐστιν.

1293 1835 1341 1861 38.
1375 1821 1422 1860 Ἡ
1453 1821 1709 1872 δεισιδαιμονία
1739 1820 1900 1874 καθάπερ
1938 1819 2047 1873 πατρὶ
2075 1822 2124 1873 τῷ
2152 1819 2250 1873 τύφῳ
2271 1820 2349 1859 πεί-

1375 1884 1488 1920 θεται.

1433 1939 1623 1987 (Stobaeus
1638 1940 1740 1979 Flor.
1758 1938 1881 1987 XXlI,
1898 1939 2014 1977 35-36
2035 1939 2258 1992 Σωκράτους.
2277 1940 2288 1988 )

1296 2012 1341 2038 39.
1372 1997 1418 2038 Ὁ
1452 2001 1558 2052 τῦφος
1588 1997 1710 2052 ὥσπερ
1733 1997 1868 2049 ποιμὴν
1904 1993 1943 2037 οῧ
1980 1997 2072 2038 θέλει
2100 1997 2178 2042 τοὺς
2204 1997 2353 2042 πολλοὺς

1377 2073 1622 2168 αγῖέῐοὴωυε
1641 2117 1741 2156 Flor.
1757 2117 1888 2168 XXII,
1913 2123 1958 2163 41
1983 2116 2179 2170 Διογένους.
2196 2118 2207 2168 )

1297 2191 1347 2216 ⁴0.
1379 2176 1618 2227 Ὑποστάθμη
1646 2177 1742 2216 ἐστὶν
1758 2177 1851 2216 οἴνου
1871 2177 1934 2228 μὲν
1956 2176 2038 2229 τρύξ
2053 2206 2063 2225 ,
2082 2176 2295 2230 φιλαργύρου
2315 2175 2350 2214 δὲ

1379 2236 1617 2289 ἀνελευθερία.

1341 2351 1392 2381 31.
1408 2350 1662 2390 Intemperantes
1678 2349 1709 2380 in
1729 2349 1861 2388 morbis,
1876 2349 1966 2381 stulti
1984 2348 2015 2380 in
2035 2348 2129 2380 rebus
2144 2348 2285 2380 adversis
2298 2349 2354 2380 vix

1298 2409 1466 2440 sanantur.

1340 2469 1391 2499 32.
1416 2468 1528 2508 Neque
1549 2466 1682 2499 Achillis
1706 2475 1798 2499 arma
1820 2466 1993 2507 Thersitae,
2012 2475 2116 2508 neque
2142 2466 2241 2499 animi
2271 2466 2355 2499 hona

1297 2526 1397 2558 stulto
1417 2525 1661 2558 accommodata
1675 2527 1765 2558 sunt.

1340 2588 1392 2619 33.
1414 2586 1511 2618 Multi
1531 2585 1572 2618 al)
1592 2585 1777 2619 oratoribus
1799 2585 1917 2627 injuria
1935 2585 2043 2618 arrecti
2060 2585 2142 2617 tilios
2157 2594 2234 2617 suos
2247 2586 2353 2618 orato-

1297 2645 1378 2677 riam
1395 2645 1512 2677 docent
1530 2654 1538 2676 :
1557 2653 1653 2678 nemo
1676 2653 1752 2677 vero
1769 2645 1826 2687 qui
1846 2653 1865 2677 a
1881 2645 1958 2686 lupo
1974 2644 2125 2685 injuriam
2140 2644 2265 2685 accepit
2285 2644 2353 2685 ipse

1298 2704 1395 2745 lupus
1414 2703 1451 2736 fit
1470 2706 1506 2736 ut
1532 2704 1727 2737 remordeat.

1342 2765 1393 2795 34.
1417 2763 1482 2801 Qui
1501 2763 1597 2796 valde
1626 2763 1833 2804 febricitant,
1856 2762 1920 2795 cibi
1946 2761 2164 2804 appetentiam
2196 2763 2228 2794 et
2256 2761 2354 2794 robur

1298 2824 1470 2864 amittunt;
1498 2824 1555 2864 qui
1575 2832 1653 2856 vero
1672 2823 1705 2857 in
1729 2823 1911 2865 principum
1928 2823 2010 2855 aulis
2026 2822 2191 2862 habitant,
2211 2823 2352 2854 mentem

1298 2883 1331 2914 et
1350 2880 1452 2914 bonos
1473 2891 1580 2915 mores
1596 2891 1803 2924 corrumpere
1818 2883 1944 2923 solent,
1968 2882 2027 2914 nisi
2046 2882 2229 2922 frequenter
2242 2889 2353 2913 secum

1299 2941 1469 2974 revolvunt
1488 2941 1551 2973 boc
1570 2941 1695 2973 dictum
1715 2950 1722 2969 :
1742 2943 1847 2974 Nosce
1862 2943 1894 2974 te
1911 2942 2029 2982 ipsum.

1342 3004 1393 3034 35.
1418 3002 1483 3033 Nec
1496 3002 1603 3042 ignem
1619 3002 1814 3035 vestimento
1833 3003 1940 3043 tegere
1954 3010 2129 3043 possumus
2150 3009 2253 3042 neque
2268 2999 2356 3040 flagi-

1298 3061 1381 3092 tium
1401 3063 1558 3101 tempore.

1341 3124 1392 3153 36.
1416 3121 1526 3160 Ignem
1554 3120 1685 3162 quidem
1700 3123 1833 3160 ventus,
1856 3128 2000 3152 amorem
2019 3120 2130 3151 autem
2155 3117 2355 3150 consuetudo

1298 3176 1456 3210 accendit.

1342 3239 1394 3269 37.
1419 3235 1512 3276 Apud
1527 3235 1713 3276 jactantiam
1727 3260 1736 3277 ‚
1755 3237 1910 3277 tanquam
1936 3235 2021 3276 apud
2043 3235 2164 3267 malum
2187 3234 2354 3273 fictorem,

1300 3294 1455 3327 distortas
1468 3303 1576 3327 rerum
1592 3295 1749 3335 imagines
1765 3294 1874 3327 videre
1893 3294 1977 3327 licet.

1344 3358 1396 3388 38.
1420 3355 1614 3396 Superstitio
1630 3353 1797 3395 iactantiae
1815 3355 1971 3395 tanquam
1998 3352 2119 3394 parenti
2136 3352 2353 3391 obtemperat.

1344 3417 1395 3446 39.
1418 3415 1555 3455 Fastus,
1574 3413 1666 3446 velut
1689 3415 1812 3454 pastor,
1831 3421 1964 3454 quoquo
1984 3411 2081 3452 libet,
2107 3410 2225 3450 vulgus
2248 3409 2353 3441 bomi-

1302 3481 1379 3504 num
1396 3471 1496 3505 ducit.

1343 3533 1395 3564 40.
1421 3523 1645 3564 sedimentum
1666 3532 1717 3563 est
1741 3530 1807 3562 vini
1825 3528 1956 3571 quidem
1980 3529 2061 3568 faex,
2078 3527 2166 3560 avari
2190 3528 2298 3560 aulem
2315 3526 2356 3558 il⁹

1301 3589 1490 3622 liberalitas.
