2612 3814
697 294 750 333 IN
782 292 1118 333 EMPEDOCLlS
1158 291 1445 333 CARMlNUM
1480 291 1779 339 RELIQUIAS.
2281 299 2331 334 53

153 381 182 428 ἰ.
205 400 240 427 e.
263 383 452 439 περιφερής
471 384 545 422 hoc
565 396 682 422 sensu
713 396 722 421 ε
762 400 778 417 α
811 382 930 421 aether
960 387 1207 420 circumactus

153 448 238 486 sive
271 450 497 483 circumactu
530 456 597 481 suo
628 442 760 480 omnia
780 455 963 480 coercens
987 442 1048 480 vel
1082 443 1210 480 conti·

153 518 264 545 nens.
305 521 322 539 n
366 502 588 554 Utrumque
618 514 726 553 aeque
757 502 1005 540 commodum
1036 511 1114 553 est3
1143 500 1209 539 sed

154 564 267 617 prius
285 561 588 615 Empedocle-um
607 573 691 599 esse
708 559 898 599 arbitror.

206 621 293 662 Vss.
305 622 488 672 237·239.
500 618 597 671 εἴπερ
613 618 779 672 ἀπείρονα
790 642 844 649 -
855 618 1212 670 ἷδόντων]Αι·ἰ5ῐοῑε-

153 682 210 721 les
224 682 272 720 de
281 681 455 728 Melisso,
468 679 708 731 Xenophane
724 688 761 718 et
773 679 922 729 Gorgia
934 692 1018 730 cap.
1030 693 1050 716 2
1062 692 1148 730 pag.
1163 680 1211 716 32

153 741 215 781 ed.
235 748 377 781 nostr.:
391 740 491 788 δηλοῖ
516 739 551 778 δὲ
570 739 630 778 καὶ
646 741 663 777 ὁ
680 738 942 790 Ἐμπεδοκλῆς·
959 740 1106 791 ἐπιτιμᾷ
1127 737 1209 791 γάρ,

153 802 200 844 ὥς
233 799 405 851 λεγόντων
439 800 542 837 τινῶν
575 802 719 837 τοιαῦτα
734 828 744 848 ‚
776 797 944 837 ἀδύνατον
979 791 1067 835 εἶναι
1105 796 1214 841 οὕτως

155 858 325 911 ἐχόντων,
339 857 544 910 ξυμὸαίνειν
565 857 678 896 αὐτά·
702 856 799 910 εἴπερ
820 856 988 908 ἀπείρονα
1008 857 1084 895 κτλ.
1104 856 1211 895 ldem

155 919 203 958 de
235 918 503 968 coe1011‚13
530 931 618 970 pag.
642 923 717 969 294
742 918 842 956 aed.
874 917 1035 955 Bekker.
1060 930 1068 953 ε
1097 915 1213 966 οἱμὲν

154 977 224 1033 γὰρ
245 977 301 1016 διὰ
323 993 435 1017 ταυτα
458 977 606 1031 ἄπειρον
625 977 663 1015 τὸ
683 976 780 1015 κάτω
799 978 861 1022 τῆς
884 979 947 1027 γῆς
977 968 1065 1014 εἶναί
1091 990 1211 1028 φασιν,

157 1038 214 1076 ἔπ’
242 1036 385 1090 ἄπειρον
407 1036 514 1083 αυτὴν
536 1037 742 1090 ἐῤῥιζωσθαι
761 1033 941 1086 λέγοντες,
961 1032 1082 1086 ὥσπερ
1102 1034 1211 1073 Ξενο-

156 1095 268 1150 φάνης
282 1099 300 1135 ὁ
316 1095 552 1149 Κολοφώνιος,
569 1095 629 1134 ἵνα
644 1093 694 1145 μὴ
709 1093 893 1147 πράγματ’
909 1092 1020 1146 ἔγωσι
1034 1094 1214 1140 ζητουντες

158 1154 222 1202 τὴν
253 1155 381 1194 αἰτίαν·
415 1154 467 1193 διὸ
503 1154 563 1193 καὶ
593 1153 712 1208 Ἑμπε
717 1152 843 1199 δοκλης
875 1151 984 1197 οὕτως
1022 1150 1215 1199 ἐπέπληξεν

160 1214 268 1253 εἷπὼν
301 1216 346 1259 ὡς
375 1214 465 1268 (leg.
496 1215 612 1257 αὐτοῖς
631 1204 806 1259 ἐπέπληξε
809 1227 826 1248 ν
849 1210 956 1250 εἰπὼν
987 1205 1093 1263 ὡδε)·
1116 1226 1145 1249 ε.
1134 1209 1214 1264 ’περ

159 1272 327 1325 ἀπείρονα
355 1274 433 1312 κτλ.
455 1271 683 1323 Simplicius
700 1270 748 1308 de
773 1270 883 1308 Coelo
907 1270 932 1307 f.
969 1284 1038 1317 127
1061 1283 1096 1308 a.
1115 1269 1215 1307 Ver-

159 1345 244 1370 sum
270 1332 346 1369 238
367 1345 454 1370 cum
477 1331 654 1382 sequenti
672 1330 764 1368 citat
785 1329 965 1367 Clemens
982 1329 1214 1367 Alexandri·

158 1404 232 1430 nus
246 1393 387 1430 Strom.
406 1391 454 1428 Vl
478 1404 566 1443 pag.
585 1391 663 1428 688
680 1393 729 1428 D.
750 1389 963 1435 Quaesitum
981 1402 1000 1426 a
1016 1388 1216 1427 veteribus

158 1458 236 1497 est,
258 1459 388 1489 utrum
412 1463 478 1488 aer
497 1459 614 1501 atque
634 1450 726 1488 item
753 1457 859 1487 terra
877 1449 987 1486 finita
1014 1457 1142 1489 essent
1167 1462 1213 1486 an

158 1509 327 1550 infinita.
361 1509 445 1548 Huc
484 1516 658 1561 spectant
697 1507 739 1546 hi
786 1507 1031 1559 Empedoclis
1061 1520 1214 1546 versus.

158 1568 285 1614 Quum
318 1578 466 1617 autem,
497 1581 547 1607 ne
575 1568 624 1607 de
653 1567 742 1605 aliis
771 1567 927 1618 loquar,
956 1566 1216 1618 Xenophanes

159 1636 301 1667 terram
329 1630 411 1668 suis
440 1627 640 1667 radicibus
660 1640 704 1665 ac
730 1626 992 1665 fundamentis
1017 1626 1149 1664 nixam
1175 1627 1215 1664 in

159 1687 357 1726 infinitum
370 1688 567 1739 pertinere
581 1686 777 1725 statuisset
791 1685 1041 1736 similemque
1052 1685 1099 1723 de
1115 1686 1216 1723 aeris

159 1745 352 1784 infinitate
374 1747 603 1785 sententiam
626 1745 797 1793 tulisset,
817 1745 1025 1784 Aristotele
1041 1753 1137 1783 teste
1155 1745 1217 1784 his

159 1804 338 1842 versibus
353 1804 402 1842 ab
412 1805 481 1842 Em
487 1805 647 1856 pedocle
661 1804 919 1857 reprehensus
930 1812 998 1842 est.
1012 1804 1216 1856 Disputavi

159 1862 208 1900 de
227 1863 295 1901 illa
314 1862 565 1915 Xenophanis
586 1864 775 1916 opinione
796 1877 840 1902 ac
856 1863 904 1902 de
923 1863 997 1902 hoc
1019 1863 1214 1916 Empedo-

161 1921 232 1960 clis
249 1922 434 1973 locojam
455 1923 502 1961 ad
524 1923 685 1962 Aristot.
705 1922 752 1961 de
769 1923 928 1962 Melisso
957 1931 1032 1962 etc.
1054 1936 1143 1974 pag.
1168 1925 1213 1962 31

160 1989 197 2018 et
218 1982 283 2020 32.
307 1981 423 2020 Deest
442 1982 627 2033 apodosis
647 1982 688 2019 in
710 1982 892 2020 versibus
923 1982 1215 2034 Empedodeis,

160 2039 227 2077 sed
245 2052 293 2077 ex
319 2041 369 2078 iis
390 2054 478 2092 quae
500 2041 549 2079 ab
578 2041 788 2079 Aristotele
816 2041 973 2093 prodita
995 2049 1086 2079 sunt
1106 2041 1218 2080 facile

159 2098 395 2149 intelligitur
411 2109 538 2138 vatem
557 2099 859 2149 Agrigentinum
877 2100 933 2138 sic
948 2113 1028 2138 esse
1044 2099 1217 2151 philoso-

159 2157 334 2209 phatum,
359 2167 404 2197 ut
426 2160 572 2198 diceret
593 2159 767 2209 singulas
786 2159 920 2197 mundi
937 2168 1080 2211 partes,
1104 2160 1218 2198 aethe-

161 2230 258 2265 rem,
282 2230 426 2266 aerem,
446 2231 565 2266 mare,
577 2227 732 2267 terram,
751 2220 866 2257 certis
885 2218 1031 2257 finibus
1051 2219 1220 2257 circum-

159 2276 324 2328 scriptas
339 2290 439 2326 esse,
461 2278 554 2327 quia
571 2278 734 2329 reliquis
752 2278 860 2316 locus
877 2291 956 2316 non
978 2278 1092 2326 foret,
1108 2279 1157 2326 si,
1177 2287 1220 2316 ut

160 2336 320 2387 quidam
351 2336 559 2388 effutiunt,
590 2350 656 2376 aer
691 2346 730 2375 et
762 2346 866 2375 terra
896 2337 1051 2375 infinita
1070 2347 1215 2378 essent.

159 2395 407 2447 Caeteroquin
426 2396 581 2448 ἀπείρων
600 2397 727 2435 minus
744 2398 927 2436 usitatum
944 2410 1060 2448 quam
1077 2397 1218 2450 ἄπειρος

159 2454 238 2492 alio
255 2455 370 2493 etiam
388 2455 477 2494 loco
496 2455 750 2507 Empedocles
763 2455 894 2494 habet.
913 2455 974 2496 Cf.
995 2468 1099 2495 vers.
1126 2458 1214 2505 167.

159 2511 351 2551 Praeterea
367 2512 511 2566 δαψιλός
526 2527 601 2565 pro
620 2513 769 2566 δαψιλής
789 2514 966 2564 agnoscit
981 2515 1215 2566 Hesychius,

159 2583 208 2608 ex
224 2571 299 2610 hoc
318 2574 478 2610 fortasse
496 2572 743 2624 Empedoclis
761 2586 876 2611 versu
897 2573 1069 2611 ductum.
1093 2574 1217 2613 Porro

159 2643 233 2681 pro
265 2631 427 2686 βροτέων,
461 2632 567 2684 quod
600 2642 800 2684 comparet
832 2633 874 2671 in
901 2633 1217 2673 omnibuslibris

160 2689 264 2741 apud
283 2691 531 2730 Aiistotelem
554 2691 601 2730 de
624 2692 773 2731 Meliss.
792 2692 819 2731 l.
842 2706 888 2740 c.‚
909 2692 1030 2730 altero
1061 2692 1216 2731 Aristo-

159 2748 247 2787 telis
266 2749 355 2787 loco
372 2758 409 2787 et
426 2762 474 2800 ap
477 2750 527 2788 ud
547 2743 783 2788 Clementem
802 2759 924 2788 exstat
943 2749 1122 2802 γλώσσης,
1141 2765 1214 2802 pro

159 2801 308 2853 ῥηθέντα
326 2815 418 2841 vero
440 2803 585 2842 ἐλθόντα
606 2804 707 2841 mala
726 2812 782 2842 est
802 2803 1012 2842 Clementis
1027 2804 1217 2843 membra-

160 2873 297 2899 narum
333 2862 550 2914 scriptula,
584 2863 625 2901 in
656 2862 801 2915 quibus
823 2863 938 2901 etiam
974 2862 1114 2902 εἰδότων
1143 2878 1215 2916 pro

148 2919 301 2959 ’ἰδόντων
320 2921 480 2971 legitur.

213 2979 278 3018 Vs.
303 2986 394 3026 240.
415 2981 513 3029 ἥλιος
529 2980 694 3028 ὄξυὸελὴς
710 2981 807 3034 κτλ.]
829 2981 1059 3020 Plutarchus
1077 2982 1124 3020 de
1140 2982 1211 3022 fac.

134 3059 137 3062 <
159 3037 255 3076 orb.
277 3039 360 3079 lun.
381 3054 421 3092 p.
447 3054 523 3091 920
544 3054 552 3078 ε
575 3040 657 3079 vol.
678 3039 730 3078 IX
749 3054 789 3091 p.
818 3042 913 3088 642,
935 3040 993 3080 τὸν
1013 3040 1113 3088 ἥλιον
1136 3040 1214 3086 ὀξὺν

159 3097 370 3136 ἀπαντῶντα
405 3099 465 3138 καὶ
498 3098 674 3147 πλήκτην,
703 3098 749 3143 ὥς
779 3115 846 3138 που
878 3099 938 3138 καὶ
966 3099 1212 3151 Ἐμπεδοκλῆς

157 3153 221 3202 τὴν
254 3157 429 3210 ἑκατέρων
462 3157 574 3212 (ἡλίου
609 3159 670 3198 καὶ
709 3159 868 3212 σελήνης)
904 3160 1114 3199 ἀποδίδωσιν
1150 3162 1212 3200 οὐκ

159 3214 274 3261 ἀηδῶς
290 3217 473 3270 διαφοράν,

265 3313 359 3362 ἥλιος
378 3315 546 3368 ὀξυμελῆς
564 3316 626 3365 ἠδὲ
643 3316 744 3357 λάϊνα
763 3318 892 3366 σελήνη
905 3348 915 3365 ,

157 3432 197 3455 το
217 3418 400 3469 ἐπαγωγὸν
418 3421 525 3467 αὗτης
546 3437 606 3460 και
625 3421 720 3461 ἱλα
690 3439 746 3474 ρον
764 3438 823 3461 και
842 3423 974 3461 ἄλυπον
995 3420 1086 3461 οὕτω
1104 3438 1213 3475 προσ-

158 3472 363 3521 αγορεύσας.
403 3475 652 3526 Empedoclis
685 3489 840 3514 versum
877 3489 898 3513 a
930 3475 1105 3513 libr-miis
1143 3476 1210 3514 de-

157 3539 361 3581 pravatum
381 3545 466 3571 esse
487 3534 528 3572 in
548 3543 709 3586 promtu
726 3543 796 3574 est.
825 3535 902 3573 Pro
929 3533 965 3573 6³
952 3535 1101 3585 υμελής
1131 3535 1212 3587 xy-

1271 380 1409 419 lander
1437 380 1642 430 legendum
1666 380 1879 431 proposuit
1899 379 2084 427 ὂξυὸελής,
2107 382 2213 431 quod
2239 382 2326 421 Hut-

1273 450 1362 478 teno
1377 440 1508 488 etiam,
1526 439 1830 490 Wyttenbachio
1846 448 1883 477 et
1898 439 1986 477 aliis
1999 440 2159 490 placuit.
2177 441 2333 493 Quippe

1274 513 1387 537 nemo
1408 500 1563 549 ignorat
1595 498 1792 550 Apollinis
1821 496 1907 550 βέλη
1921 527 1931 544 ,
1955 498 2003 536 de
2025 500 2170 549 quibus
2191 510 2333 551 praeter

1274 567 1407 610 poetas
1426 558 1519 596 vide
1550 557 1723 597 Macrob.
1741 557 1895 595 Saturn.
1925 560 1959 604 Ι,
1986 571 2047 605 17.
2075 558 2160 596 Huc
2186 559 2334 597 accedit

1275 617 1475 655 Plutarchi
1497 617 1707 654 auctoritas
1726 615 1859 654 verbis
1891 614 1968 660 ὀξὺς
1997 617 2057 654 καὶ
2077 616 2241 664 πλήκτης
2260 618 2335 656 hoc

1275 677 1510 715 vocabulum
1526 677 1774 728 explicantis.
1796 675 1870 713 Sed
1890 675 1993 713 istud
2009 674 2113 715 λάϊνα
2134 677 2265 724 σελήνη
2285 681 2337 715 Ια-

1271 739 1389 786 pe'dea
1430 740 1520 774 luna
1557 736 1663 787 quod
1697 734 2000 786 Empedocleum
2036 747 2120 772 esse
2159 734 2336 774 Sturzius

1275 796 1460 848 opinatur
1470 809 1542 834 nos
1557 809 1642 834 cum
1660 795 1749 833 aliis
1763 795 1937 845 ineptum
1951 794 2188 845 judicamus.
2204 794 2339 846 Neque

1275 855 1378 892 enim
1422 854 1515 893 huic
1557 854 1710 892 notioni
1749 853 1951 891 Plutarchi
1993 853 2265 905 interpretatio
2300 854 2339 892 τὸ

1278 914 1462 964 ἐπαγωγὸν
1491 914 1596 960 αὐτῆς
1624 913 1685 951 καὶ
1715 913 1836 964 ἱλαρὸν
1871 911 1931 950 καὶ
1961 911 2095 950 ἄλυπον
2116 914 2338 963 respondet.

1275 974 1468 1020 Quocirca
1489 973 1687 1024 Xylander
1706 977 1728 1020 ἡ
1761 973 1791 1010 δ’
1824 966 1867 1010 αῧ
1892 972 1953 1010 vel
1974 973 2031 1019 ἠδ’
2052 966 2096 1010 αῧ
2122 972 2260 1023 ἱλάειρα
2282 987 2339 1011 σε-

1275 1033 1365 1081 λήνη
1385 1033 1554 1084 conjecit
1575 1032 1775 1084 Hesychio
1796 1032 1894 1070 duce
1908 1061 1918 1076 ‚
1938 1031 2041 1084 apud
2061 1045 2176 1083 quem
2197 1031 2341 1082 legitur

1276 1092 1436 1144 ἱλάειρα,
1461 1091 1603 1139 σελήνη.
1633 1092 1753 1142 Atqui
1784 1091 1867 1129 haec
1898 1091 2084 1142 Hesychii
2107 1091 2236 1140 glossa
2255 1092 2340 1130 sine

1277 1151 1398 1189 dubio
1422 1165 1469 1190 ex
1490 1152 1568 1190 alio
1590 1151 1837 1203 Empedoclis
1859 1151 1948 1188 loco
1970 1150 2068 1201 (vid.
2099 1163 2204 1190 vers.
2228 1151 2338 1204 243),

1277 1225 1356 1248 non
1375 1224 1423 1249 ex
1442 1211 1516 1249 hoc
1537 1211 1657 1262 petita
1682 1219 1752 1248 est.
1779 1210 1858 1248 Etsi
1879 1223 1975 1248 vero
1997 1210 2211 1257 Huttenus,
2235 1208 2341 1260 Wyt-

1278 1269 1527 1317 tenbachius‚
1546 1270 1720 1309 Steinius
1736 1269 1928 1321 Xylandri
1948 1271 2211 1321 conjecturam
2232 1284 2342 1310 rece-

1277 1338 1441 1380 perunt,
1462 1330 1624 1368 minime
1644 1336 1771 1367 tamen
1794 1330 1836 1367 in
1861 1330 1967 1367 illam
1990 1328 2192 1368 Plutarchi
2221 1330 2340 1369 inter-

1278 1390 1444 1439 pretatio
1479 1388 1676 1428 convenit.
1713 1389 1794 1427 Cur
1825 1389 1929 1443 epim
1967 1388 2093 1428 tribus
2135 1389 2341 1429 vocabulis

1278 1455 1451 1485 uteretur
1461 1448 1711 1496 Plutarchus,
1726 1447 1759 1486 si
1772 1461 1849 1486 una
1865 1456 1964 1486 esset
1980 1462 2056 1486 vox
2070 1447 2210 1501 ἱλάειρα
2223 1462 2342 1501 expo-

1278 1507 1432 1545 nenda?
1451 1501 1598 1559 Nempe
1622 1507 1704 1546 haec
1733 1508 1893 1546 nomine
1923 1506 2043 1561 ἱλαρόν
2062 1509 2152 1546 satis
2172 1508 2342 1548 illustra-

1278 1574 1352 1603 tur.
1385 1566 1612 1605 Karstenius
1645 1581 1715 1606 suo
1748 1568 1925 1619 periculo
1948 1568 2107 1620 scripsit
2131 1564 2340 1619 ἀγλαΐεσσα.

1279 1623 1374 1662 Mihi
1396 1624 1595 1664 Plutarchi
1616 1625 1738 1664 verba
1769 1626 1957 1677 spectanti
1980 1625 2186 1677 probabile
2211 1627 2340 1665 visum

1278 1691 1335 1720 est
1352 1683 1626 1735 Empedoclem
1655 1684 1834 1736 posuisse
1857 1698 1865 1719 .·
1889 1683 1986 1731 ἥλιος
2004 1683 2186 1732 ὀξυὸελὴς,
2209 1687 2340 1737 τερπνὴ

1279 1743 1308 1780 δ’
1336 1743 1444 1796 ἱλαρή
1466 1759 1504 1782 τε
1525 1743 1656 1791 σελήνη
1671 1773 1681 1791 ,
1708 1747 1769 1781 sol
1793 1754 1902 1781 acute.
1915 1747 2120 1793 suculam,
2146 1745 2172 1783 i.
2191 1758 2226 1783 e.
2256 1747 2342 1785 telis
2373 1737 2380 1745 ⁸

1279 1804 1401 1840 acutis
1422 1803 1555 1841 omnia
1578 1812 1713 1854 petens
1745 1802 1842 1856 (ὀξυς
1865 1805 2029 1842 ἀπαντῶν
2049 1803 2109 1842 καὶ
2135 1805 2339 1857 πλήκτης),

1271 1865 1444 1907 jucunda
1463 1876 1554 1900 vero
1574 1865 1738 1912 laetaque
1760 1862 2075 1902 luna.Nimi1um
2098 1865 2152 1902 ita
2171 1877 2253 1902 eam
2277 1878 2343 1921 ap-

1280 1921 1440 1988 pellavit
1460 1930 1588 1974 poeta,
1603 1922 1709 1972 quod
1728 1920 1814 1973 ejus
1829 1931 2006 1973 aspectus
2022 1924 2215 1962 neminem
2235 1924 2342 1963 laedit

1279 1981 1443 2032 ipsaque
1464 1982 1561 2020 citra
1581 1982 1798 2020 molestiam
1819 1982 2060 2033 conspicitur
2087 1981 2157 2033 (διὰ
2179 1983 2217 2020 τὸ
2248 1982 2341 2022 ἄλυ-

1278 2042 1370 2092 πον),
1391 2042 1487 2080 adeo
1515 2050 1558 2080 ut
1583 2041 1732 2080 idcirco
1751 2044 1845 2093 quia
1867 2043 1954 2080 laeta
1974 2052 2032 2081 est
2054 2042 2125 2096 (διὰ
2146 2041 2184 2081 τὸ
2204 2042 2338 2095 ἱλαρὸν)

1279 2101 1627 2152 contemplantium
1676 2101 1810 2140 oculos
1861 2101 2007 2139 alliciat
2053 2099 2125 2153 (διὰ
2168 2100 2207 2140 τὸ
2248 2103 2341 2140 ἐπα-

1279 2159 1419 2210 γωγόν).

1332 2218 1397 2258 Vs.
1418 2227 1509 2263 241.
1534 2218 1612 2257 ἀλλ’
1640 2221 1658 2257 ὁ
1677 2217 1741 2270 μὲν
1759 2219 1857 2271 κτλ.]
1880 2228 2087 2257 servarunt
2116 2219 2337 2270 Etymolog.

1279 2277 1348 2325 M.;
1374 2278 1534 2316 Orionis
1557 2279 1708 2329 Etym.;
1732 2277 1870 2316 Suidas
1900 2278 1940 2316 in
1961 2293 1999 2318 v.
2023 2277 2139 2326 ἥλιος
2164 2279 2337 2320 Macrob.

1277 2335 1431 2376 Saturn.
1447 2336 1562 2385 lib.l,
1585 2352 1627 2385 17
1641 2353 1651 2384 ;
1665 2337 1837 2377 Cramer.
1854 2337 2002 2376 Anecd.
2020 2346 2112 2375 tom.
2128 2337 2163 2374 ll
2178 2351 2218 2389 p.
2237 2343 2336 2386 4443

1278 2395 1345 2433 sed
1375 2405 1432 2433 est
1465 2396 1640 2446 quaedam
1684 2395 1865 2433 lectionis
1897 2395 2168 2447 discrepantia.
2207 2396 2335 2448 Etym.

1277 2453 1327 2493 M.
1349 2454 1447 2502 ἥλιος
1461 2476 1516 2483 —
1531 2454 1630 2507 παρὰ
1649 2453 1687 2492 τὸ
1703 2453 1784 2498 ἅλες
1801 2454 1842 2492 τὸ
1863 2454 2155 2507 συνηθροισμένον
2177 2459 2260 2508 πῦρ.
2281 2455 2339 2494 λέ-

1277 2529 1377 2563 γεται
1397 2512 1464 2565 γὰρ
1486 2513 1584 2566 παρὰ
1606 2513 1646 2552 τὸ
1666 2512 1795 2559 ἀολίζω
1817 2513 1954 2566 (ἁλίζω)
1971 2514 2012 2552 τὸ
2035 2514 2270 2567 συναθροίζω,
2292 2517 2339 2559 ὡς

1279 2572 1393 2623 Ἑμπε
1400 2574 1525 2620 δοκλῆς
1533 2587 1542 2597 ·

1331 2662 1409 2699 ἀλλ’
1430 2663 1447 2699 ὁ
1465 2661 1528 2711 μὲν
1545 2660 1698 2705 ἇλισθεὶς
1716 2660 1823 2714 μέσον
1843 2661 1987 2715 οὐρανὸν
2003 2661 2250 2715 ἀμφιπολεύει.

1276 2760 1416 2798 Suidas
1437 2775 1445 2798 ε
1469 2759 1584 2810 ἥλιος,
1607 2761 1677 2800 ἀπὸ
1697 2764 1757 2799 τοῦ
1777 2760 1999 2807 ἀολλίζεσθοιι
2019 2762 2053 2799 ἐν
2076 2766 2153 2804 ταῖς
2171 2760 2334 2814 ἡμέραις.

1276 2843 1329 2848 -
1350 2822 1367 2857 ὁ
1386 2819 1422 2857 δὲ
1442 2818 1539 2867 ἥλιος
1557 2820 1626 2860 ἀπὸ
1646 2824 1706 2860 τοῦ
1727 2821 1911 2870 ἀλεαίνειν,
1931 2821 1952 2860 ὅ
1967 2823 2041 2860 ἐστι
2059 2820 2256 2874 θερμαίνειν
2274 2821 2334 2860 καὶ

1277 2879 1425 2931 διαχεῖν.
1447 2879 1535 2925 τινὲς
1567 2879 1603 2919 δὲ
1633 2881 1704 2920 ἀπὸ
1734 2884 1797 2930 τῆς
1827 2881 2013 2935 γινομένης
2033 2881 2268 2925 διαπνεύσεως
2295 2883 2334 2919 ἐκ

1276 2943 1337 2977 τοῦ
1361 2939 1538 2991 στόματος
1568 2940 1656 2992 πρὸς
1688 2939 1766 2985 τοὺς
1794 2940 2042 2988 δακτύλους,ὃ
2069 2940 2209 2992 λέγεται
2238 2939 2332 2979 αὔειν

1276 2997 1335 3037 καὶ
1359 2998 1452 3045 ἄζειν
1481 2999 1573 3039 κατὰ
1594 2999 1745 3050 μίμησιν
1762 3003 1823 3049 τῆς
1840 3004 1955 3053 φωνῆς
1985 3001 2145 3053 θάλψεως
2165 3003 2226 3038 τοῦ
2247 2998 2333 3038 στό-

1278 3072 1398 3108 ματος.
1417 3057 1685 3108 Ἐμπεδοκλῆς·

1328 3153 1485 3191 ἀλεῖσθαι
1506 3152 1619 3204 μέγαν
1635 3153 1779 3207 οὐρανὸν
1801 3152 2070 3208 ἀμφιπολεύειν.

1275 3241 1465 3292 Corrupte
1488 3241 1580 3279 item
1600 3241 1762 3280 Cramer
1783 3241 1929 3280 Anecd.
1951 3241 1978 3279 l.
2002 3255 2055 3289 e.‚
2078 3241 2145 3279 ubi
2169 3240 2329 3278 ἀλεῖσθαι

1273 3308 1311 3337 et
1338 3300 1538 3352 ἄμφοπολεῖ
1559 3309 1697 3339 exstat.
1730 3300 1959 3341 Macrobius
1981 3300 2136 3340 Saturn.
2168 3299 2200 3347 Ι,
2239 3314 2282 3347 17
2316 3313 2325 3337 τ

1275 3358 1415 3410 Apollo
1436 3358 1572 3403 ἐλελεὺς
1591 3356 1823 3412 appellatur,
1841 3359 1893 3398 ὅτι
1915 3358 2178 3403 συναλισθέντος
2195 3359 2327 3396 πολλοῦ

1273 3417 1378 3470 πυρὸς
1397 3421 1602 3472 περιπολεῖ;
1622 3421 1681 3458 vel
1697 3420 1802 3458 utait
1812 3419 2063 3470 Empedocles
2083 3433 2091 3456 :
2108 3417 2221 3456 οὕνεκ’
2239 3419 2327 3455 ἀνα-

1272 3478 1401 3522 λισθεὶς
1422 3478 1533 3529 μέγαν
1552 3478 1695 3531 οὖρανὸν
1709 3479 1953 3530 ἀμφιπολεύει.
1975 3495 1990 3512 «
2013 3478 2115 3527 Ergo
2127 3476 2325 3515 Macrobio

1275 3546 1432 3576 auctore
1446 3539 1696 3591 participium
1714 3539 1811 3577 illud
1832 3537 2060 3577 vertendum
2078 3540 2229 3574 collecto
2244 3542 2324 3586 igni
