2612 3814
296 213 369 245 830
1218 200 1286 239 DE
1314 198 1631 239 DEMOCRITO.

293 302 399 332 rente
419 304 572 338 sorore,
593 290 697 342 quod
721 291 836 328 fratre
858 291 898 329 in
920 291 1013 327 festa
1033 290 1101 327 illa
1117 288 1339 328 celebritate

294 351 485 390 morituro
521 351 607 403 ipsa
639 349 813 388 debitum
843 348 924 387 deae
956 349 1130 387 oflicium
1159 356 1346 400 praestare

294 409 492 461 nequiret,
518 409 624 448 bono
644 409 751 447 illam
771 409 902 447 animo
922 421 1005 446 esse
1018 407 1183 459 jussisse
1206 418 1346 458 panes-

292 482 367 521 que
395 468 543 507 calidos
576 468 652 508 sibi
675 468 851 519 quotidie
887 467 1027 505 asserre
1055 481 1063 504 :
1088 479 1187 517 quos
1225 478 1344 516 quum

294 527 456 567 naribus
473 528 733 575 admovisset,
751 535 999 566 consecutum
1020 539 1103 564 esse
1117 554 1127 572 ‚
1147 534 1190 562 ut
1210 537 1346 575 quam-

292 590 360 627 diu
379 598 478 627 esset
494 589 562 627 illa
589 587 792 627 celebritas
809 616 819 634 ,
847 587 980 624 vivum
1002 598 1043 624 se
1062 593 1245 623 servaret.
1272 582 1346 621 Sed

293 649 360 687 ubi
383 657 460 687 tres
482 648 566 686 dies
588 648 674 686 festi
696 647 963 692 transiissent,
977 644 1221 696 quietissime
1249 643 1342 680 nul-

294 709 411 759 loque
455 708 591 746 dolore
629 708 798 745 animam
821 705 986 744 efflasse.
1017 703 1130 750 Quod
1165 710 1344 740 eventum

291 779 427 804 verum
446 779 529 805 esse
554 774 659 804 ratus
676 765 970 814 admiratusque
990 763 1185 812 Diogenes
1202 760 1270 806 IX,
1290 761 1339 805 43

292 824 365 862 bos
380 825 428 863 de
445 824 670 863 Democrito
688 823 872 862 versusin
890 822 1113 860 Pammetro
1130 833 1201 872 per
1216 819 1344 857 lusum

293 883 391 922 sudit
412 898 419 921 ε

343 971 402 994 και
421 955 472 999 τίς
485 954 549 1008 ἔφυ
578 954 681 1007 σοφὸς
699 949 789 1002 ὧδε,
813 953 863 997 τίς
877 954 976 1005 ἔργον
998 951 1090 1005 ἔρεξε
1112 956 1289 1003 τοσοῦτον,

396 1012 498 1052 ὅσσον
524 1017 542 1052 ὃ
561 1012 803 1059 παντοδαῆς”
782 1027 886 1059 ηνυσε
911 1011 1152 1063 Δημόκριτος;

341 1071 376 1115 ὃς
398 1071 545 1110 θάνατον
565 1070 739 1123 παρεόντα
752 1070 818 1123 τρί’
838 1070 961 1122 ἤματα
977 1069 1171 1120 δωμασιν”
1153 1084 1236 1122 eti-ys

394 1130 454 1169 καὶ
470 1134 608 1183 θερμοῖς
629 1131 741 1183 ἄρτων
763 1130 939 1181 ἄσθμασιν
960 1128 1099 1174 ἐξένισε.

287 1210 477 1248 Similiter
495 1208 653 1247 Tzetzes
666 1208 841 1247 Chiliad.
856 1207 927 1255 lll,
941 1208 986 1245 61
1014 1220 1024 1245 z

338 1302 456 1326 τουτον
472 1280 572 1325 οἶν
541 1302 599 1325 τον
614 1284 851 1338 Δημόκριτον,
867 1285 1045 1334 πάνσοφον
1063 1286 1229 1336 ὑπηργμε
1215 1282 1289 1322 ζνον

341 1345 432 1384 ἄλλα
450 1344 556 1397 μυρία
577 1344 718 1396 λέγουσι
738 1346 866 1397 δρᾶσαι
880 1345 950 1381 τῶν
967 1341 1159 1394 τεραστίων
1171 1372 1180 1390 ,

339 1404 399 1443 καί
415 1420 451 1457 γε
467 1405 524 1442 τὸν
538 1404 586 1461 “A
600 1405 663 1451 δην
674 1405 867 1455 κατασχεῖν
882 1407 973 1454 τρεῖς
986 1400 1101 1445 ὅλας’
1086 1417 1126 1454 sep
1129 1399 1290 1455 ’ἡμέρας

340 1463 453 1515 ἄρτων
476 1465 657 1516 θερμοῖς’
642 1479 678 1502 εν
694 1462 853 1514 ἄσθμασι
878 1465 999 1500 τοῦτον
1025 1460 1286 1513 ξενοδοχοῧντα.

286 1538 429 1577 Laertii
451 1539 578 1576 locum
601 1537 897 1588 descripserunt
918 1535 1058 1574 Suidas
1088 1549 1120 1573 s.
1152 1549 1192 1574 v.
1220 1533 1341 1584 Δημό-

284 1613 400 1650 κριτος
425 1607 462 1636 et
489 1597 662 1636 Eudocia
679 1596 780 1636 Viol.
795 1597 836 1635 in
856 1595 1011 1636 Villois.
1034 1595 1180 1635 Anecd
1213 1594 1286 1632 Gr.
1322 1594 1338 1632 I

283 1671 323 1707 p.
352 1657 437 1695 135.
458 1659 506 1695 At
524 1657 657 1708 paullo
675 1656 789 1694 aliter
803 1655 963 1694 eandem
979 1668 1059 1693 rem
1078 1663 1212 1692 narrat
1227 1654 1343 1692 Athe-

283 1732 389 1758 naeus
413 1717 517 1757 libro
548 1718 586 1756 11
614 1733 654 1770 p.
679 1719 729 1762 46
753 1717 792 1758 F.
811 1717 947 1756 Inedia
975 1717 1242 1755 Democritum
1273 1730 1342 1755 sua

283 1785 421 1828 sponte
441 1775 587 1815 obiisse
605 1776 779 1815 referunt
789 1775 986 1815 Lucianus
1000 1785 1038 1814 et
1051 1775 1226 1825 Phlegon
1242 1775 1339 1829 (1.9).

283 1835 315 1873 1
316 1835 489 1874 ucretius
508 1848 666 1887 quoque
685 1834 756 1876 lib.
780 1835 839 1873 Ill
860 1835 1047 1874 vs.1052
1069 1840 1179 1886 seqq.
1209 1835 1342 1886 philo-

281 1895 398 1946 sophi
415 1894 646 1933 Abderitani
662 1903 824 1934 mortem
836 1895 1098 1934 voluntariam
1114 1895 1234 1933 fuisse
1245 1896 1341 1934 scri·

279 1953 350 1994 bit.
369 1954 436 1993 Ait
454 1955 586 1993 enim·

362 2025 514 2066 Denique
525 2025 751 2058 Democritum
771 2026 944 2066 postquam
968 2025 1097 2058 matura
1110 2025 1258 2058 vetustas
1293 2029 1298 2034 ’

364 2072 535 2105 admonuit
553 2081 715 2106 memores
728 2074 838 2105 motus
853 2073 1062 2114 languescere
1078 2072 1198 2105 mentis
1212 2097 1222 2113 ,

362 2121 479 2161 sponte
498 2129 556 2153 sua
574 2120 640 2153 leto
656 2121 754 2162 caput
775 2119 892 2153 obvius
909 2120 1051 2153 obtulit·
1042 2128 1128 2162 ipse.

282 2184 505 2223 Ridiculum
524 2194 583 2224 est
599 2186 707 2237 quod
727 2185 832 2238 apud
854 2185 1069 2224 Antonium
1086 2185 1282 2226 Melissam
1304 2195 1341 2224 et

279 2244 491 2283 Maximum
511 2244 593 2298 (50)
608 2245 733 2284 Serm.
756 2245 804 2283 de
822 2245 1119 2295 mottelegitui,
1142 2246 1340 2284 Democri-

278 2312 358 2342 tum
379 2313 651 2354 aegrotantem,
671 2317 791 2356 quum
817 2304 859 2343 in
886 2304 1105 2355 lethargum
1135 2304 1340 2344 incidisset

278 2373 490 2416 posteaque
505 2365 553 2403 ad
573 2376 614 2404 se
633 2365 845 2404 rediisset:
864 2367 950 2403 Non
970 2367 1135 2416 decipiet
1153 2377 1213 2404 me
1233 2379 1341 2402 amor

277 2427 389 2472 vitoe,
409 2423 555 2463 dixisse
573 2433 611 2463 et
637 2437 678 2463 se
703 2425 833 2476 ipsum
855 2437 877 2463 e
892 2425 974 2463 vita
993 2424 1191 2464 eduxisse.
1218 2424 1338 2462 Deni-

277 2494 353 2533 que
378 2482 532 2522 Marcus
553 2484 776 2522 Antoninus
802 2483 1032 2522 Abderitam
1067 2482 1206 2522 morbo
1224 2483 1336 2537 pedi-

278 2541 399 2579 culari
416 2542 579 2593 periisse
590 2542 708 2580 tradit
724 2542 795 2582 lib.
815 2542 889 2590 111,
909 2543 931 2581 3
951 2544 1043 2595 Περὶ
1058 2558 1127 2581 των
1145 2543 1193 2587 εις
1212 2541 1337 2580 ἑαυτὸν

278 2599 339 2638 his
360 2599 490 2639 verbis
518 2615 526 2638 :
553 2600 783 2653 Ἡράκλειτος
802 2617 884 2656 περι
900 2604 962 2650 τῆς
981 2606 1043 2642 τοῦ
1062 2600 1200 2674 κόσμου
1223 2602 1334 2640 ἐκπυ-

281 2657 418 2709 ρώσεως
434 2673 589 2697 τοσαυτα
610 2660 868 2712 φυσιολογησας
881 2691 892 2710 ,
907 2660 1039 2706 υδατος
1062 2659 1145 2700 τὰ
1129 2660 1222 2705 ἐντὸς
1242 2662 1338 2710 πλη-

279 2714 418 2766 ρωθείς,
439 2716 598 2770 ,βολὸίτῳ
629 2732 895 2771 κατακεχρισμε
886 2718 952 2764 ’νος
987 2718 1177 2759 ἀπέθανεν.
1211 2717 1335 2770 Δημό-

278 2788 395 2825 κριτον
434 2773 470 2812 δὲ
509 2776 540 2813 οἱ
569 2775 717 2828 φθεῖρες·
749 2777 947 2831 Σωκράτην
984 2778 1021 2818 δὲ
1061 2778 1162 2818 ἄλλοι
1199 2781 1335 2832 φθεῖρες

279 2832 504 2873 ἀπέκτειναν.
542 2835 757 2875 Democriti
797 2850 940 2876 nomen
969 2838 1012 2877 in
1048 2838 1171 2878 Marci
1203 2839 1334 2878 locum

279 2892 493 2931 litterarum
520 2895 774 2946 corruptione
805 2896 957 2935 illatum
977 2910 1061 2937 esse
1083 2899 1171 2937 vult
1200 2898 1336 2937 Mena-

278 2950 365 3000 gius
383 2951 431 2989 ad
451 2951 578 2992 Lae1t.
593 2952 662 2991 lib.
679 2953 747 3001 lx,
767 2955 832 3002 43,
853 2964 1060 3008 propterea
1078 2957 1183 3008 quod
1201 2958 1334 2997 Hella-

319 3112 565 3153 (49)1.ucianus
587 3115 620 3147 in
639 3116 783 3149 Macrob.
803 3118 886 3150 tom.
904 3119 954 3150 111
988 3128 1020 3160 p.
1039 3123 1096 3152 221
1128 3120 1179 3153 ed.
1198 3122 1331 3155 Rem.-

279 3158 468 3200 Δημόκριτος
490 3160 543 3202 μὲν
559 3162 576 3193 ὁ
592 3163 767 3205 Ἀὸδηρίτης
783 3164 861 3196 ἐτῶν
871 3165 1007 3206 γεγονὼς
1020 3167 1181 3208 τεσσάρων
1195 3169 1248 3201 καὶ
1263 3170 1334 3201 ἑκα-

276 3207 329 3238 τὸν
348 3206 570 3249 ἀποσχόμενος
601 3215 715 3252 τροφῆς
747 3211 903 3244 ἐτελεύτα.
931 3212 983 3246 Cf.
1016 3214 1167 3255 Phlegon.
1201 3224 1272 3257 cap.
1302 3218 1332 3249 ΙΙ

277 3262 313 3293 p
338 3256 395 3286 118
411 3253 462 3286 ed.
482 3256 597 3287 Franz.

319 3300 386 3341 (50)
406 3301 524 3333 Antou.
555 3303 588 3334 et
607 3303 693 3334 Max.
715 3303 738 3335 l.
767 3303 790 3336 l.
818 3304 1015 3348 Δημόκριτος
1039 3308 1178 3347 νοσήσας
1199 3310 1259 3341 καὶ
1281 3310 1332 3349 λη

275 3346 378 3387 θάργῳ
403 3348 581 3388 περιπεσὼν
600 3350 642 3386 ὡς
657 3348 826 3392 ἄνένηψεν,
851 3351 932 3384 Οὐδὲ
920 3363 949 3384 εν
966 3363 1023 3394 με,
1041 3354 1118 3396 ἔφη,
1144 3356 1333 3394 ἑξαπατήσει

275 3395 295 3431 ἡ
314 3395 378 3432 φι)
371 3394 484 3436 ζωία,
502 3396 555 3428 καὶ
570 3397 719 3438 ἐξήγαγεν
739 3399 849 3431 ἑαυτὸν
865 3402 921 3431 τοῦ
935 3400 1018 3442 βίου.

1407 288 1495 326 dius
1516 288 1555 326 in
1575 287 1883 326 Chrestomathia
1906 288 2009 340 apud
2029 289 2213 328 Photium
2231 299 2269 329 et
2302 291 2463 333 Plutar-

1407 348 1501 385 chus
1520 348 1559 385 in
1581 347 1699 385 Sullae
1713 349 1793 386 vita
1810 347 1859 386 de
1874 348 1924 386 iis
1945 350 2150 400 loquentes
2161 350 2229 401 qui
2245 352 2290 402 τῇ
2307 353 2463 405 φθειριά-

1407 420 1459 443 σει
1478 413 1628 443 vetusta
1650 413 1760 444 aetate
1780 407 1974 445 consumti
2005 415 2116 455 sunt,
2145 409 2361 449 Democriti
2382 424 2462 451 non

1409 465 1570 502 fecerint
1593 464 1842 504 mentionem.
1874 465 1949 504 Sed
1970 466 2011 504 in
2031 466 2094 505 his
2119 465 2303 506 omnibus
2322 481 2462 508 narra·

1407 524 1596 562 tiunculis
1630 538 1679 563 ne
1714 523 1894 563 umbram
1925 524 2085 576 quidem
2121 525 2302 565 veritatis
2335 527 2464 569 inesse

1407 583 1562 622 abunde
1581 593 1686 635 patet
1703 596 1750 621 ex
1768 596 1816 622 eo
1836 583 1942 635 quod
1965 584 2215 624 Antisthenes
2235 585 2339 637 apud
2362 586 2463 627 Dio-

1406 655 1540 691 genem
1566 642 1650 693 (51)
1681 642 1880 680 memoriae
1899 642 2056 694 prodit,
2076 643 2341 682 Democritum
2358 646 2462 698 apud

1406 701 1614 740 Abderitas
1633 710 1670 740 et
1697 701 1834 740 vivum
1856 702 1974 740 aeneis
1993 703 2131 741 statuis
2161 702 2394 743 honoratum
2423 714 2463 744 et

1406 770 1601 800 mortuum
1622 760 1795 814 publicis
1818 760 2013 800 sumtibus
2043 762 2237 814 sepultum
2260 775 2359 805 esse.
2383 763 2461 811 Qui

1405 821 1509 859 enim
1527 822 1613 874 ipse
1633 821 1770 859 mortis
1791 834 1871 859 suae
1891 829 2025 859 auctor
2044 830 2101 859 est
2120 830 2185 860 aut
2206 821 2311 861 foedo
2330 823 2460 863 morbi

1406 893 1548 930 genere
1566 881 1788 919 absumitur
1815 894 1824 918 ι
1847 880 1881 918 ἰ5
1901 893 2092 932 nusquam
2115 889 2306 920 terrarum
2327 882 2463 935 publi-

1406 940 1462 978 cis
1502 940 1697 979 sumtibus
1735 940 1953 978 honorilice
1986 940 2169 980 essen-,tur
2194 940 2332 992 Itaque
2359 942 2461 981 nihil

1406 999 1549 1037 mirum
1570 999 1611 1038 in
1627 999 1840 1037 Democriti
1854 1012 2013 1037 excessu
2029 998 2219 1036 accidisse
2236 998 2463 1040 existiman·

1405 1066 1462 1095 tes
1481 1071 1611 1097 senem
1633 1058 1870 1108 longissimae
1887 1059 1979 1096 vitae
1994 1056 2196 1096 laboribus
2211 1058 2467 1110 perfunctum

1406 1119 1617 1157 centesimo
1638 1119 1717 1156 sere
1737 1131 1841 1156 anno
1857 1118 2055 1169 acquiesse
2072 1116 2324 1158 arbitramur.

1459 1178 1634 1217 Transeo
1654 1177 1702 1216 ad
1724 1177 1810 1229 ejus
1830 1178 1990 1229 scripta.
2011 1177 2171 1216 Constat
2194 1177 2460 1218 Democritum

1405 1237 1631 1276 Abdeiitam
1654 1251 1733 1276 non
1752 1237 1869 1276 modo
1897 1236 2092 1275 librorum
2114 1249 2214 1288 quos
2233 1250 2462 1290 composue-

1405 1304 1464 1333 rat
1483 1296 1735 1334 multitudine
1751 1309 1795 1334 ac
1811 1296 2000 1335 varietate
2016 1309 2138 1335 unum
2163 1295 2334 1335 maxime
2358 1297 2463 1336 inter

1405 1355 1664 1407 philosophos
1686 1355 1943 1403 excelluisse,
1959 1355 2026 1394 sed
2043 1356 2157 1394 etiam
2179 1354 2379 1395 scribendi
2396 1369 2461 1407 ge-

1404 1427 1498 1452 nete
1523 1414 1753 1453 clarissimis
1786 1414 2000 1453 verborum
2030 1414 2246 1454 luminibus
2275 1415 2462 1455 distincto

1403 1481 1440 1511 et
1468 1486 1592 1526 prope
1621 1473 1669 1511 ad
1703 1473 1897 1525 poeticam
1932 1474 2188 1524 granditatem
2221 1474 2323 1514 elato
2355 1473 2459 1514 haud

1403 1544 1546 1582 paucos
1565 1531 1743 1583 ejusdem
1771 1534 1894 1570 aetatis
1910 1533 2125 1600 scriptores
2146 1532 2202 1570 ita
2230 1545 2456 1585 superasse,

1403 1599 1445 1628 ut
1465 1604 1486 1628 a
1506 1590 1707 1630 veteribus
1740 1590 1826 1658 ejus
1854 1592 1981 1630 oratio
2000 1591 2147 1630 eximia
2165 1591 2281 1630 laude
2299 1605 2462 1632 ornare·

1403 1658 1466 1688 tur
1485 1650 1581 1704 (52).
1605 1650 1781 1689 Verum
1770 1664 1811 1688 in
1832 1650 1914 1689 illis
1941 1663 2038 1702 quas
2058 1663 2193 1690 omnes
2211 1650 2461 1691 admiraban-

1402 1718 1465 1747 tur
1484 1709 1670 1748 dictionis
1685 1709 1748 1748 vir
1751 1708 1900 1748 tutibus
1913 1718 2040 1748 tamen
2057 1710 2270 1762 peculiaria
2282 1710 2460 1763 quaedam

1402 1768 1594 1807 vocabula
1610 1768 1821 1820 usurpavit
1850 1769 2120 1816 Democritus,
2141 1783 2229 1821 quae
2247 1783 2298 1809 ne
2324 1783 2457 1810 rerum

1402 1828 1546 1866 inscios
1567 1828 1768 1876 fallerent,
1801 1828 1991 1880 explicari
2021 1841 2178 1867 necesse
2211 1829 2299 1869 suit.
2325 1829 2460 1876 Quare

1398 1887 1480 1938 jam
1509 1887 1682 1939 antiquis
1714 1887 1868 1926 saeculis
1888 1901 1967 1926 non
1994 1887 2204 1927 defuerunt
2231 1888 2301 1940 qui
2334 1889 2460 1928 inter·

1402 1947 1603 1999 pietandis
1632 1946 1799 1986 vocibus
1831 1947 2092 1986 Democriteis
2125 1956 2324 1987 vacarent.
2353 1947 2462 1988 lnter

1402 2018 1468 2044 eos
1504 2006 1652 2045 clarum
1688 2005 1914 2045 habuerunt
1948 2019 2091 2045 nomen
2127 2006 2390 2047 Callimachus
2421 2017 2461 2048 et

1403 2066 1667 2116 Hegesianax,
1683 2079 1851 2117 quorum
1870 2066 1981 2118 pi'ior
1997 2066 2120 2105 Suida
2135 2075 2231 2106 teste
2243 2080 2276 2106 s.
2292 2081 2332 2107 v.
2355 2069 2460 2108 Καλ-

1401 2125 1552 2178 λίμαχος
1572 2134 1611 2163 et
1638 2133 1795 2163 auctore
1812 2138 2011 2176 anonymo
2030 2125 2073 2164 in
2100 2124 2187 2164 Vita
2204 2125 2456 2175 Callimachi,

1402 2198 1489 2236 quae
1517 2184 1636 2235 hujus
1662 2183 1850 2236 operibus
1882 2184 2058 2258 praeponi
2091 2184 2214 2236 solet,
2240 2184 2458 2225 Democriti

1401 2243 1546 2294 scripta
1595 2251 1840 2282 recensuerat
1879 2244 1914 2281 ἐν
1951 2242 2076 2282 πίνακι
2122 2245 2193 2282 τῶν
2234 2244 2458 2298 Δημοκρίτου

1400 2302 1572 2353 γλωσσῶν
1603 2301 1663 2340 και
1711 2301 1990 2352 συνταγμάτων,
2029 2302 2226 2354 posterior
2261 2302 2460 2356 Stephano

1400 2370 1496 2400 teste
1520 2363 1561 2400 in
1582 2361 1733 2414 Τρωϊάς
1743 2362 1864 2401 simili
1885 2375 2004 2414 opera
2019 2362 2112 2401 huic
2131 2361 2371 2415 philosopho
2392 2378 2460 2404 na-

1399 2431 1488 2460 vata
1514 2421 1604 2474 Περὶ
1624 2424 1686 2470 τῆς
1705 2426 1766 2461 τοῦ
1783 2421 2009 2474 Δημοκρίτου
2028 2420 2153 2467 λέξεως
2166 2421 2344 2461 libellum
2363 2437 2459 2462 con-

1399 2482 1623 2534 scripserat.
1652 2482 1733 2520 Alii
1762 2481 1978 2520 Democriti
2006 2481 2217 2533 opiniones
2236 2481 2457 2522 litterarum

1399 2540 1664 2580 monumentis
1690 2540 1868 2607 proditas
1887 2539 2191 2592 impugnabant,
2209 2540 2271 2579 vel
2293 2542 2458 2580 omnino

1398 2600 1447 2639 de
1469 2599 1553 2652 ejus
1574 2600 1732 2652 scriptis
1750 2599 2134 2639 commentabantur.
2163 2598 2339 2651 Namque
2357 2600 2458 2638 Dio-

1398 2672 1515 2709 genes
1538 2659 1718 2698 Laertius
1752 2658 1824 2697 lib.
1859 2658 1906 2706 V,
1936 2659 1983 2707 87
2003 2667 2041 2697 et
2059 2659 2110 2696 88
2133 2658 2212 2697 duo
2240 2658 2462 2699 Heraclidis

1397 2719 1555 2758 Pontici
1575 2719 1766 2771 opuscula
1783 2727 1991 2770 memorat,
2010 2732 2178 2770 quorum
2197 2718 2397 2757 alterum
2385 2733 2456 2758 ιιι-

1397 2777 1645 2817 scribebatur
1658 2776 1752 2830 Πρὸς
1767 2777 1989 2830 Δημόκριτον
2003 2792 2084 2830 περι
2096 2779 2164 2815 τῶν
2179 2779 2214 2816 ἐν
2229 2778 2366 2831 οὗρανῷ
2382 2778 2456 2831 (vel

1396 2847 1439 2877 ut
1457 2839 1542 2877 vult
1576 2837 1779 2876 Fabricius
1809 2836 1909 2876 Bibl.
1941 2851 1998 2887 gr.
2029 2837 2109 2877 vol.
2139 2837 2179 2875 11
2206 2851 2248 2889 p.
2280 2838 2358 2882 643
2387 2838 2452 2876 ed.

1397 2898 1522 2946 Har„l
1544 2911 1613 2936 vei
1614 2896 1666 2935 ba
1682 2896 1769 2949 πρὸς
1790 2897 2014 2949 Δημόκριτον
2035 2910 2123 2934 cum
2140 2895 2454 2948 praecedentibus

1392 2957 1584 3009 J‘ungens‚
1600 2954 1692 3009 Περι
1712 2955 1867 2994 εἰδώλων
1888 2955 1974 3009 πρὸς
1999 2954 2268 3008 Δημόκριτον),
2291 2954 2455 2993 alterum

1395 3122 1615 3158 πεντακοσίοις
1634 3121 1795 3155 ταλάντοι;
1822 3121 2007 3161 τιμηθῆναι,
2028 3119 2070 3158 μὴ
2091 3117 2185 3159 μόνον
2221 3118 2274 3156 δέ,
2299 3118 2379 3150 ἀιλὰ
2397 3121 2455 3153 καὶ

1396 3169 1530 3210 χαλκαῖς
1546 3168 1671 3207 εἰκόσι,
1690 3168 1744 3199 καὶ
1768 3167 1998 3204 τελευτήσαντα
2019 3165 2115 3197 αὐτὸν
2142 3165 2282 3207 δημοσίᾳ
2304 3168 2457 3206 ταφῆναι,

1396 3216 1559 3257 βιώσαντα
1570 3215 1648 3258 ὑπὲρ
1662 3214 1702 3247 τὰ
1721 3214 1833 3246 ἑκατὸν
1847 3213 1912 3252 ἔτη.

1438 3264 1503 3304 (52)
1516 3263 1629 3296 cicero
1644 3263 1684 3295 de
1698 3263 1832 3295 Oratore
1851 3261 1906 3294 lib.
1923 3262 1951 3302 Ι,
1967 3262 2002 3293 11
2022 3273 2030 3292 :
2046 3261 2168 3292 ornate
2185 3259 2312 3292 locutus
2324 3261 2394 3300 est,
2409 3259 2454 3291 si·

1394 3313 1450 3343 cut
1465 3311 1566 3344 fertur
1588 3311 1622 3344 et
1641 3310 1720 3343 mihi
1742 3309 1882 3349 videtur,
1906 3308 2060 3350 physicus
2082 3308 2136 3340 ille
2159 3307 2377 3340 Democritum
2403 3308 2455 3341 Cf,

1393 3358 1698 3399 deDivin.11,64;
1719 3357 1797 3390 item
1815 3358 1907 3390 Orat.
1924 3364 1955 3388 c.
1970 3360 2023 3388 20
2039 3355 2174 3395 Dionys
2194 3354 2266 3388 Hal.
2282 3353 2322 3386 de
2337 3355 2452 3396 comp.

1393 3406 1484 3438 verb.
1501 3415 1532 3447 p.
1552 3407 1613 3439 370
1628 3405 1680 3438 ed.
1705 3404 1826 3438 Schaef.
1847 3403 2013 3436 Plutarch.
2038 3403 2175 3435 Conviv.
2196 3402 2325 3444 Disput.
2344 3401 2399 3434 lib.
2427 3404 2451 3432 x

316 3442 600 3482 (ὀ“)Αιιιί511ιειιε5
613 3453 664 3485 ap.
690 3445 783 3486 Diog
806 3445 861 3478 lib.
877 3447 932 3486 lx,
952 3450 1015 3480 39:
1036 3448 1261 3492 (τὸνΔημὸκρ
1263 3451 1330 3492 τον)
1394 3462 1424 3494 p.
1448 3457 1509 3486 682
1529 3456 1567 3486 E.
1587 3452 1704 3485 Euseh
1722 3453 1826 3492 Praep.
1847 3452 1969 3492 Evang.
1995 3459 2027 3492 p
2045 3453 2119 3483 730.
