2612 3814
984 267 1038 307 IN
1069 265 1290 307 AUREUM
1320 264 1556 306 CARMEN.

175 358 236 407 τὴν
265 358 388 399 πενίαν
417 346 578 405 πενθεῖν,
601 357 732 408 ἄπορος
765 357 947 400 παντελῶς
967 355 1123 409 γίνεται,
1146 355 1227 395 οὔτε

173 420 259 472 παρ’
277 419 402 457 ἑαυτοῦ
432 433 466 456 τι
496 417 678 469 σχολάζων
710 417 758 461 εἰς
794 414 904 467 πόρον
943 415 1226 466 συμὸάλλεσθαι,

173 476 252 516 οὔτε
271 476 369 530 παρὰ
388 479 456 516 τῶν
476 474 626 523 πλησίον
648 473 935 525 συντελούμενος,
954 473 1034 513 ὅσον
1058 472 1110 526 μὴ
1131 474 1229 514 ἐλέου

173 537 278 590 χάριν
294 538 388 589 αὐτῷ
406 552 459 580 τις
479 533 716 589 προσρίψειεν·
736 533 755 573 ὃ
775 534 880 573 πάλιν
902 535 942 572 ἐκ
962 537 1024 581 τῆς
1042 533 1229 576 διαθέσεως

173 599 234 636 τοῦ
259 594 414 640 διδόντος»
439 594 601 634 ἐπιτείνει
621 592 685 639 τὴν
704 592 820 642 λύπην
843 596 894 648 τῷ
918 594 964 637 εἰς
984 597 1084 632 τοῦτο
1108 593 1230 647 χρείας

176 654 405 695 καταστάντι.
464 653 531 693 Ἐκ
551 653 693 693 πάντων
714 647 772 692 οῧν
793 655 862 692 τῶν
893 652 1088 705 εἰρημένων
1108 652 1230 705 πράως

173 713 287 767 φέρειν
319 713 371 752 δεῖ
393 711 439 751 τὰ
468 711 707 764 συμὸαίνοντα
722 741 733 760 ,
755 711 816 751 καὶ
843 711 921 759 ὅση
947 711 1135 762 δύναμις
1163 713 1231 750 ἰᾶ-

173 776 276 813 σθαι
295 773 366 822 δεῖ,
380 777 457 817 ταῖς
477 771 723 826 ἀδιαστρόφοις
734 771 879 816 ἐννοίαις
899 771 962 816 τὰς
977 770 1092 816 αἰτίας
1112 773 1228 809 αὐτῶν

173 829 482 885 ἐκλογιζομένους,
510 831 570 871 καὶ
597 835 832 884 συνορῶντας,
854 831 907 870 ὅτι
926 830 1089 884 προνοίας
1109 831 1227 879 οὔσης,

171 893 234 932 οὐκ
261 893 445 942 ἀμελεῖται
472 894 490 931 ὁ
512 891 640 944 ἀγαθὸς
667 894 727 930 νῦν
747 890 953 943 γενόμενος,
975 889 1042 929 κᾶν
1063 891 1228 929 παλαιῶν

172 951 382 1003 μηνιμάτων
406 951 599 1005 ἐφέλκηται
617 950 814 1003 στίγματα.
888 951 979 990 Κατ’
996 949 1081 989 αὐτὸ
1100 949 1169 1002 γὰρ
1190 949 1230 988 τὸ

170 1015 322 1050 κτᾶσθαι
341 1011 404 1058 τὴν
423 1010 550 1062 ἀρετὴν
571 1011 632 1050 καὶ
651 1010 692 1060 τὸ
715 1010 880 1050 ἐπίπονον
906 1011 1020 1049 αὐτῶν
1039 1009 1232 1062 διαφεύγει,

171 1069 232 1109 καὶ
250 1069 313 1118 τὴν
330 1070 425 1109 ἴασιν
454 1069 665 1123 ἐξευρίσκει,
697 1071 784 1124 παρ’
807 1072 932 1108 ἑαυτοῦ
956 1068 1020 1119 μὲν
1051 1067 1117 1117 τὴν
1140 1068 1231 1121 βοή-

172 1132 267 1168 θειαν
295 1132 358 1176 τῆς
379 1130 532 1174 ἀλυπίας
563 1129 753 1183 εἰσφέρων,
782 1128 879 1182 παρὰ
911 1128 948 1167 δὲ
982 1131 1045 1175 τῆς
1065 1128 1231 1181 προνοίας

171 1186 237 1234 τὴν
259 1186 430 1228 ἀπόλυσιν
460 1190 528 1226 τῶν
563 1189 730 1240 χαλεπῶν
765 1186 1012 1242 κομιζόμενος.
1087 1186 1134 1226 Ἡ
1163 1186 1231 1240 γὰρ

172 1246 328 1300 ἡμετέρα
367 1246 474 1287 κακία
488 1277 498 1295 ,
531 1247 591 1286 καὶ
623 1247 738 1299 κρίσις
771 1245 848 1286 Θεία
878 1245 1129 1300 τιμωρουμένη
1161 1246 1226 1294 τὴν

172 1305 366 1360 πονηρίαν,
387 1306 432 1346 τὰ
451 1306 594 1359 χαλεπὰ
617 1305 864 1360 συνεφόρησεν·
887 1305 1030 1352 εἰκότως
1061 1304 1098 1345 δὲ
1116 1309 1231 1346 ταῦτα

173 1364 295 1404 λύεται
311 1366 418 1405 πάλιν
443 1369 551 1418 ἀρετῇ
573 1381 611 1404 τε
631 1364 790 1418 ἡμετέρᾳ
803 1395 813 1413 ,
846 1364 908 1405 καὶ
927 1365 1025 1419 νόμῳ
1044 1366 1209 1420 προνοίας
1221 1398 1231 1415 ,

173 1422 362 1465 ἀπολύοντι
377 1427 446 1464 τῶν
467 1428 586 1465 κακῶν
606 1425 685 1470 τοὺς
703 1428 791 1477 παρ’
811 1427 945 1464 ἑαυτῶν
969 1425 1057 1478 πρὸς
1081 1425 1121 1464 τὸ
1142 1428 1230 1476 ἀγα·

173 1484 230 1524 θὸν
249 1484 520 1529 ἐπιδεδωκότας.
577 1487 746 1525 Τοσαῦτα
763 1483 805 1523 ἂν
824 1483 998 1536 λάὸοιμεν
1015 1484 1076 1524 καὶ
1097 1487 1136 1524 ἐκ
1153 1485 1231 1524 τού·

171 1560 242 1584 των
261 1547 331 1584 τῶν
349 1546 442 1583 ἐπῶν
462 1542 624 1597 δόγματα
643 1543 729 1596 πρὸς
751 1546 879 1598 ἀρετῆς
901 1543 1126 1598 στοιχείωσιν
1144 1560 1229 1583 συν-

172 1605 352 1644 τελοῦντα.
407 1602 497 1648 Τοὺς
512 1602 580 1655 γὰρ
600 1603 682 1657 περὶ
702 1603 868 1656 προνοίας
881 1633 892 1652 ,
916 1602 979 1642 καίΙ
998 1603 1231 1656 εἱμαρμένης,

173 1662 235 1702 καὶ
262 1666 322 1702 τοῦ
351 1664 405 1716 ἐφ’
426 1665 530 1713 ἡμῖν,
564 1662 824 1711 ἀληθεστάτους
862 1662 985 1715 λόγους
1019 1663 1232 1716 περιέχοντα

173 1810 304 1835 rerum
337 1797 510 1833 omnium
536 1796 708 1845 inopiam
729 1796 868 1832 leniter
894 1796 1011 1843 ferat,
1034 1797 1066 1833 is
1097 1804 1237 1846 praeter

173 1857 427 1895 indolentiam
455 1868 501 1893 ex
528 1856 646 1892 animi
671 1855 825 1892 lenitate
852 1862 977 1892 ortam
1008 1857 1122 1893 simul
1151 1858 1236 1894 vitae

173 1917 349 1954 solatium
385 1914 546 1964 aliquod
581 1915 776 1961 inveniet,
811 1915 974 1964 partim,
1003 1915 1112 1964 quod
1137 1917 1235 1953 ratio

173 1976 304 2014 idonei
328 1976 452 2012 victus
471 1973 574 2011 viam
593 1974 820 2023 patefaciet,
835 1974 867 2010 si
889 1974 1026 2012 dolore
1044 1988 1125 2012 non
1145 1988 1236 2012 con-

174 2034 364 2080 turbetur,
385 2033 529 2083 partim
549 2032 657 2082 quod
675 2033 790 2069 vicini
803 2059 815 2079 ,
836 2034 1026 2082 patientiae
1046 2033 1126 2082 ejus
1138 2047 1235 2083 pru-

174 2094 344 2132 dentiam
371 2092 605 2129 admirantes
619 2122 630 2142 ,
654 2093 689 2128 ei
716 2092 1036 2141 suppeditabunt,
1051 2101 1236 2142 quantum

171 2159 352 2202 possunt,
377 2165 461 2201 quae
481 2151 531 2189 ad
554 2153 667 2188 vitam
697 2152 913 2189 necessaria
934 2159 1061 2191 erunt.
1080 2153 1116 2189 Is
1142 2166 1235 2190 vero

174 2212 242 2261 qui
253 2211 475 2262 indignatur
488 2218 526 2248 et
544 2211 783 2251 muliebriter
798 2211 1051 2248 exacerbatur
1067 2213 1236 2261 primum

175 2271 330 2309 dolores
356 2279 492 2320 sponte
515 2271 588 2308 sibi
617 2271 794 2316 arcessit,
830 2271 966 2307 deinde
1002 2273 1042 2307 in
1070 2271 1237 2321 lugenda

173 2326 400 2382 paupertate
421 2330 569 2368 defixus
586 2332 745 2368 omnino
763 2331 874 2380 inops
893 2329 957 2377 fit,
975 2344 1094 2380 quum
1111 2344 1236 2380 neque

174 2393 247 2442 ipsi
272 2400 384 2430 vacet
405 2392 452 2428 ad
480 2391 756 2428 sublevandam
782 2392 953 2441 inopiam
981 2404 1087 2428 suam
1118 2392 1236 2440 quid·

174 2450 294 2501 quam
324 2451 527 2497 conferre,
558 2463 685 2499 neque
712 2451 928 2487 vicinorum
967 2452 1237 2489 collationibus

175 2511 404 2555 sublevetur,
441 2511 513 2546 nisi
541 2511 626 2558 quis
648 2509 911 2547 misericordia
931 2516 1146 2546 commotus
1167 2511 1235 2546 ali·

174 2570 406 2620 quantulum
438 2570 471 2606 ei
497 2570 604 2618 stipis
632 2568 856 2618 projecerit,
890 2568 999 2617 quod
1031 2581 1160 2605 rursus
1191 2582 1238 2606 ex

175 2630 301 2667 dantis
331 2629 471 2666 affectu
504 2628 679 2664 dolorem
709 2627 788 2675 ejus
818 2635 954 2677 auget,
993 2639 1107 2675 quem
1135 2635 1238 2665 tanta

176 2696 289 2739 urget
319 2690 492 2738 penuria.
523 2689 704 2738 Sequitur
722 2686 841 2737 igitur
870 2699 916 2724 ex
943 2693 1029 2724 ante
1060 2687 1171 2725 dictis
1197 2701 1237 2725 o-

177 2748 354 2794 mnibus,
375 2761 446 2784 nos
466 2760 573 2784 casus
599 2747 781 2784 adversos
802 2747 941 2783 leniter
968 2746 1068 2782 ferre
1097 2746 1236 2785 debere

176 2808 307 2856 eisque
333 2815 519 2856 quantum
536 2818 736 2856 possumus
763 2805 930 2851 mederi,
948 2817 1076 2842 caus-as
1102 2818 1237 2842 eorum

178 2874 285 2903 recto
301 2866 452 2915 judicio
474 2865 732 2915 expendentes
753 2865 1101 2914 intelligentesque,
1117 2878 1235 2914 quum

178 2928 306 2976 praesit
341 2927 454 2963 nobis
485 2926 748 2975 providentia,
783 2938 871 2962 eum
900 2938 978 2961 non
1000 2925 1142 2975 negligi
1171 2927 1238 2975 qui

176 2985 258 3037 jam
288 2987 411 3024 factus
431 2987 478 3024 sit
498 2987 646 3033 bonus,
682 2986 854 3034 quamvis
875 2985 1010 3021 veteris
1035 2986 1100 3022 irae
1130 2986 1238 3036 signa

179 3047 353 3086 retineat.
402 3048 499 3084 Nam
535 3059 608 3096 per
649 3047 769 3095 ipsam
804 3046 957 3082 virtutis
991 3045 1235 3094 adeptionem

178 3118 310 3142 eorum
329 3106 443 3143 etiam
461 3106 677 3142 molestiam
707 3104 842 3154 effugit
861 3111 899 3140 et
923 3103 1154 3140 medicinam
1173 3106 1232 3140 in-

180 3165 304 3211 venit,
331 3177 377 3202 ex
406 3177 445 3201 se
480 3166 564 3214 ipso
599 3164 817 3201 indolentiae
838 3163 1059 3212 praesidium
1079 3164 1238 3201 afferens

181 3231 220 3261 et
240 3237 261 3261 a
280 3224 525 3274 providentia
549 3226 741 3261 malorum
763 3220 1027 3260 liberationem
1048 3223 1235 3261 obtinens.

181 3285 317 3320 Nostra
346 3283 448 3320 enim
467 3285 637 3333 pravitas
664 3290 701 3320 et
729 3284 800 3320 Dei
820 3283 1107 3332 improbitatem
1138 3284 1236 3325 ulci-

181 3342 320 3378 scentis
329 3340 522 3391 judicium
541 3343 772 3379 calamitates
790 3343 1037 3387 invexerunt3
1061 3342 1118 3378 hae
1143 3355 1235 3379 vero

182 3412 312 3436 rursus
325 3399 411 3446 jure
447 3400 707 3438 dissolvuntur
726 3403 868 3438 virtute
887 3408 1019 3437 nostra
1038 3408 1076 3437 et
1099 3402 1234 3450 provi-

181 3458 318 3495 dentiae
342 3458 425 3508 lege
438 3488 448 3507 ‚
472 3473 554 3508 quae
575 3472 640 3497 eos
658 3461 766 3497 malis
784 3460 920 3497 liberat
939 3460 1005 3508 qui
1019 3468 1155 3509 sponte
1170 3473 1236 3497 sua

182 3518 311 3555 virtuti
331 3530 369 3555 se
391 3518 624 3559 dediderint.
646 3521 720 3556 Tot
739 3532 827 3557 sane
845 3520 904 3557 vel
921 3532 967 3556 ex
985 3519 1086 3556 hisce
1117 3521 1235 3557 versi-

2280 272 2359 307 445

1296 353 1520 407 ἀναπέφηνε,
1538 354 1583 392 δι’
1604 346 1653 392 ῶν
1670 352 1711 391 τὸ
1728 355 1790 401 τῆς
1809 355 1877 392 τῶν
1898 353 2118 407 φαινομένων
2142 354 2351 405 ἀνωμαλίας

1295 414 1462 454 δύσκολον
1496 411 1692 461 ἀπηύθυνεν
1725 415 1744 451 ὁ
1768 412 1891 463 λόγος,
1923 413 1984 452 καὶ
2013 413 2070 451 διὰ
2096 414 2237 452 πάντων
2262 415 2354 453 ἀπέ-

1294 471 1382 518 δειξε
1402 474 1472 511 τῶν
1493 474 1612 512 κακῶν
1630 471 1784 510 ἀναίτιον
1801 471 1860 509 τὸν
1877 471 1969 511 θεόν.
2043 474 2089 512 Εἰ
2108 472 2143 511 δέ
2167 489 2217 517 τις
2239 478 2353 513 ταῦτα

1293 538 1363 576 τοῖς
1382 531 1562 584 προτέροις
1587 531 1831 585 ἐπισυνάψειεν
1844 560 1854 578 ,
1872 524 1919 574 εἷς
1946 533 1984 569 ἐκ
2005 531 2146 571 πάντων
2167 534 2355 587 ἀναφανή-

1297 607 1397 631 σεται
1426 590 1549 645 λόγος,
1579 589 1642 638 τὴν
1663 593 1725 638 τῆς
1750 592 1866 643 ψυχῆς
1883 590 2068 637 ἀϊδιότητα
2092 591 2355 643 βεὸαιούμενος.

1298 651 1351 691 Τὸ
1364 651 1433 705 γὰρ
1451 650 1674 697 δικαιοσύνην
1693 652 1834 695 ἀσκεῖν,
1850 649 1911 688 καὶ
1927 651 2094 702 γενναίως
2111 652 2360 699 ἀποθνήσκειν,

1299 710 1359 749 καὶ
1379 711 1460 764 περὶ
1479 708 1525 748 τὰ
1550 709 1720 763 χρήματα
1741 708 1943 762 ἐλευθερίως
1980 709 2201 761 διακεῖσθαι,
2223 715 2286 749 τοῦ
2310 710 2360 762 μὴ

1297 769 1598 817 συναποθνήσκειν
1612 772 1663 824 τῷ
1683 766 1824 818 σώματι
1835 768 1899 817 τὴν
1916 768 2035 823 ψυχὴν
2052 770 2210 820 μάλιστα
2230 770 2357 823 χρῄζει

1295 832 1382 885 πρὸς
1402 828 1643 879 κατασκευήν,
1661 831 1708 873 ὡς
1725 828 1794 878 ἤδη
1810 827 1962 883 εἴρηται.
1988 828 2041 868 Τὸ
2059 828 2095 867 δὲ
2114 829 2176 873 τὰς
2193 829 2213 867 δ
2228 846 2250 867 α
2264 845 2274 867 ι
2287 846 2360 880 μο-

1294 889 1389 934 νίας
1406 888 1706 942 τύχαςπράως
1727 888 1830 941 φέρε
1846 904 1897 938 ιν,
1920 888 1980 927 καὶ
2000 889 2101 927 ἰᾶσθ
2115 904 2157 927 αι
2176 888 2360 939 δύνασθαι,

1298 953 1357 987 τοῦ
1379 948 1429 999 μὴ
1444 951 1700 1000 συγγεννᾶσθαι
1719 950 1769 1002 τῷ
1790 947 1932 999 σώματι
1950 947 2015 995 τὴν
2032 947 2150 1002 ψυχὴν
2171 952 2230 988 νῦν
2250 949 2360 1002 ἐφάνη

1299 1007 1475 1059 δεόμενον·
1511 1006 1610 1047 ἐκδὲ
1640 1007 1848 1062 ἀμφοτέρων
1882 1006 1923 1046 τὸ
1949 1007 2118 1060 γενέσεως
2149 1007 2210 1047 καὶ
2233 1012 2363 1062 φθορᾶς

1298 1067 1483 1119 κρείττονα
1506 1060 1596 1107 εἶναι
1622 1066 1686 1115 τὴν
1719 1065 1838 1121 ψυχὴν
1861 1066 2133 1115 ἀποδείκνυται,
2156 1067 2218 1106 καὶ
2239 1067 2363 1119 ἑτέραν

1297 1126 1418 1165 οὐσίαν
1446 1125 1544 1178 παρὰ
1582 1126 1623 1166 τὸ
1654 1126 1778 1174 θνητὸν
1814 1129 1941 1177 σῶμα,
1981 1126 2092 1173 αὐτὴν
2122 1126 2200 1165 καθ’
2233 1126 2363 1174 ἑαυτὴν

1298 1179 1405 1224 οὖσαν
1429 1181 1555 1226 ἀίδιον.
1615 1187 1669 1226 Οὐ
1689 1185 1758 1239 γὰρ
1775 1179 1845 1225 οἶόν
1865 1185 1903 1224 τέ
1921 1187 2012 1225 ἐστιν
2033 1185 2104 1224 ἀπό
2125 1202 2216 1230 τινος
2233 1186 2362 1240 χρόνου

1298 1244 1466 1296 προελθόν
1486 1260 1520 1283 τι
1541 1245 1588 1290 εἰς
1616 1244 1754 1297 γένεσιν
1775 1247 1822 1289 εἰς
1847 1244 1904 1283 ἀεὶ
1924 1244 2115 1294 διαμένειν,
2139 1243 2262 1298 ὥσπερ
2283 1245 2360 1285 οὐδὲ

1298 1303 1337 1342 τὸ
1357 1303 1391 1349 ἐξ
1412 1302 1523 1343 ἀϊδίου
1540 1303 1605 1351 τὴν
1629 1303 1823 1343 ὑπόστασιν
1847 1304 1930 1357 ἔχον
1951 1304 2036 1342 ποτὲ
2066 1303 2197 1358 φθορὰν
2235 1306 2365 1345 ἀναδέ-

1298 1363 1436 1410 ξασθαι.
1497 1363 1611 1417 Εἴπερ
1640 1357 1699 1403 οὖν
1721 1363 1812 1414 μετὰ
1833 1363 1896 1411 τὴν
1918 1366 1977 1401 τοῦ
2006 1363 2171 1415 σώματος
2188 1363 2320 1418 φθορὰν
2342 1367 2364 1412 ἡ

1301 1423 1503 1478 ἀνθρωπίνη
1530 1423 1629 1479 ψυχὴ
1655 1424 1872 1476 διαμένουσα
1900 1422 2000 1471 δίκης
2031 1423 2092 1462 καὶ
2111 1424 2259 1477 κρίσεως
2282 1441 2364 1477 τυγ-

1299 1484 1423 1537 χάνει,
1447 1485 1509 1524 καὶ
1529 1487 1597 1524 τῶν
1629 1483 1924 1532 ἐπιτηδευθέντων
1959 1485 1994 1522 ἐν
2025 1486 2075 1537 τῷ
2097 1484 2164 1538 βίῳ
2186 1483 2250 1528 τὰς
2280 1485 2364 1537 πρὸς

1299 1543 1399 1590 ἀξίαν
1418 1544 1572 1595 ἀμοιὸὰς
1592 1544 1831 1598 ἀποδέχεται,
1852 1546 1919 1597 οὐχ
1937 1537 2008 1582 οἶόν
2029 1559 2067 1582 τε
2088 1542 2124 1583 δὲ
2145 1545 2192 1587 εἷς
2210 1544 2265 1582 ἀεὶ
2286 1545 2363 1582 δια·

1300 1605 1415 1656 μένειν
1447 1606 1487 1644 τὸ
1507 1605 1578 1644 ἀπὸ
1603 1606 1731 1658 χρόνου
1756 1606 1954 1657 γενόμενον·
1985 1605 2108 1654 δῆλον,
2145 1606 2192 1648 ὡς
2212 1604 2274 1643 καὶ
2295 1604 2362 1657 πρὸ

1299 1665 1423 1704 τούτου
1442 1660 1484 1713 ἦν
1505 1666 1562 1705 τὸν
1586 1666 1728 1704 ἅπαντα
1745 1666 1886 1718 χρόνον.
1945 1663 2019 1704 Καὶ
2037 1663 2129 1703 οὕτω
2153 1667 2223 1703 τῶν
2242 1665 2364 1703 clidium

1301 1798 1370 1833 bus
1390 1805 1581 1846 praecepta
1607 1797 1763 1833 haurire
1793 1808 1999 1844 queamus,
2032 1808 2115 1843 quae
2135 1795 2185 1831 ad
2209 1796 2364 1832 virtutis

1301 1856 1547 1893 traditionem
1579 1855 1794 1892 conferunt.
1818 1855 1869 1890 Hi
1903 1855 2004 1890 enim
2025 1854 2205 1891 videntur
2233 1855 2365 1903 provi-

1304 1916 1442 1952 dentiae
1459 1923 1497 1953 et
1517 1916 1584 1952 fati
1603 1922 1642 1952 et
1660 1915 1775 1951 liberi
1795 1914 1948 1951 arbitrii
1965 1914 2176 1951 verissimas
2195 1916 2365 1952 rationes

1301 1976 1532 2024 complecti,
1561 1975 1702 2024 quibus
1721 1986 1793 2011 nos
1813 1972 2103 2022 inaequalitatis,
2132 1986 2216 2022 quae
2242 1974 2283 2009 in
2303 1987 2363 2011 re·

1300 2033 1372 2070 bus
1393 2041 1574 2084 apparet,
1595 2031 1864 2070 difficultatem
1884 2032 2156 2081 explicavimus
2176 2040 2215 2069 et
2242 2033 2364 2069 malo-

1299 2106 1387 2130 rum
1417 2095 1571 2144 culpam
1602 2095 1687 2130 Deo
1713 2104 1959 2141 nequaquam
1980 2091 2265 2129 attribuendam
2287 2104 2364 2130 esse

1301 2153 1658 2191 demonstravimus.
1678 2152 1827 2201 Quodsi
1847 2152 1932 2200 quis
1947 2152 2027 2187 haec
2048 2165 2134 2188 cum
2155 2154 2363 2201 superiori-

1300 2215 1372 2251 bus
1393 2213 1624 2263 conjungat,
1655 2225 1734 2249 una
1753 2224 1800 2249 ex
1832 2212 2014 2248 omuibus
2041 2212 2243 2260 apparebit
2262 2213 2362 2249 ratio

1301 2286 1385 2322 quae
1406 2274 1523 2309 animi
1542 2273 1796 2309 aete’rnitatem
1821 2269 2041 2308 confirmet.
2067 2270 2126 2308 Ad
2141 2271 2239 2308 hanc
2262 2273 2363 2308 enim

1302 2333 1528 2381 opinionem
1546 2330 1787 2381 probandam
1801 2357 1812 2376 ,
1824 2329 2012 2377 justitiam
2041 2330 2240 2367 colendam
2265 2343 2359 2378 esse,

1299 2399 1464 2428 mortem
1484 2392 1635 2427 fortiter
1655 2389 1977 2436 occumbendam,
1992 2390 2206 2427 liberaliter
2220 2391 2363 2428 divitiis

1299 2451 1486 2487 utendum
1514 2451 1661 2487 animus
1685 2450 1863 2499 corporis
1883 2457 2010 2485 morte
2030 2461 2110 2486 non
2131 2449 2296 2495 deletus,
2320 2459 2364 2488 ut

1297 2510 1377 2558 jam
1409 2511 1597 2557 diximus,
1621 2510 1787 2547 maxime
1826 2510 2061 2546 necessarius
2089 2517 2155 2549 est.
2178 2510 2239 2548 Ad
2264 2511 2365 2547 divi-

1300 2583 1388 2607 nam
1427 2578 1555 2606 autem
1587 2569 1781 2606 fortunam
1812 2569 1950 2605 leniter
1977 2568 2174 2605 ferendam
2207 2569 2364 2619 ejusque

1299 2632 1477 2676 vulnera,
1500 2637 1685 2679 quantum
1711 2641 1937 2679 possumus,
1958 2628 2124 2665 sananda
2151 2641 2263 2679 egere
2292 2643 2363 2667 nos

1300 2691 1448 2738 animo,
1481 2690 1546 2738 qui
1565 2702 1645 2725 non
1665 2701 1740 2725 una
1762 2701 1849 2725 cum
1868 2701 2034 2738 corpore
2067 2696 2267 2738 generatus
2292 2691 2360 2736 sit,

1300 2757 1458 2798 apparet
1481 2762 1490 2785 ε
1514 2762 1559 2785 ex
1581 2756 1748 2797 utroque
1767 2761 1860 2785 vero
1878 2747 2175 2795 demonstratur,
2193 2750 2363 2787 animum

1301 2810 1559 2858 generationis
1581 2815 1619 2845 et
1637 2808 1898 2858 corruptionis
1919 2816 2116 2857 expertem
2135 2820 2214 2845 esse
2234 2809 2360 2846 diver·

1300 2881 1456 2917 samque
1477 2881 1499 2905 a
1519 2868 1673 2905 mortali
1698 2880 1864 2917 corpore
1879 2874 2059 2904 naturam
2074 2897 2083 2914 ‚
2099 2881 2182 2916 quae
2196 2869 2276 2917 ipsa
2293 2882 2363 2918 per

1300 2940 1339 2964 se
1368 2936 1507 2965 aeterna
1527 2928 1590 2966 sit.
1630 2927 1766 2977 Neque
1797 2927 1899 2964 enim
1926 2926 2010 2964 fieri
2030 2934 2175 2977 potest,
2192 2935 2234 2963 ut
2254 2928 2363 2977 quod

1302 2988 1392 3025 inde
1412 2988 1460 3025 ab
1482 2989 1612 3037 aliquo
1638 2995 1811 3037 tempore
1828 2995 1956 3024 ortum
1973 2994 2043 3034 est,
2057 2987 2098 3023 id
2116 2988 2158 3023 in
2176 2994 2360 3024 aeternum

1302 3048 1416 3085 duret
1432 3076 1442 3095 ,
1468 3047 1796 3097 quemadmodum
1812 3060 1939 3097 neque
1953 3047 2049 3084 illud
2066 3047 2173 3095 quod
2189 3059 2234 3083 ex
2255 3049 2361 3084 omni

1300 3109 1510 3145 aeternitate
1537 3108 1676 3145 exstitit
1705 3120 1875 3158 unquam
1909 3108 2198 3156 corruptionem
2226 3107 2361 3144 admit·

1302 3175 1369 3204 tet.
1392 3168 1430 3204 Si
1460 3168 1577 3217 igitur
1600 3168 1747 3204 animus
1765 3175 1853 3217 post
1882 3167 2058 3216 corporis
2079 3167 2278 3202 interitum
2299 3180 2357 3203 su·

1300 3234 1443 3275 perstes
1461 3238 1617 3275 poenam
1634 3234 1748 3274 atque
1762 3225 1952 3274 judicium
1963 3223 2065 3262 subit
2077 3232 2115 3262 et
2128 3237 2263 3262 eorum
2275 3239 2357 3274 quae

1300 3287 1340 3322 in
1356 3287 1432 3323 vita
1451 3287 1563 3336 gessit
1581 3287 1797 3324 mercedem
1814 3299 1887 3336 pro
1904 3287 2046 3323 meritis
2065 3287 2220 3335 accipit,
2233 3299 2358 3334 neque

1299 3346 1340 3382 id
1357 3354 1544 3396 perpetuo
1565 3359 1720 3384 manere
1735 3353 1862 3396 potest
1881 3346 1988 3394 quod
2006 3354 2133 3382 ortum
2150 3345 2357 3392 aliqnando

1299 3405 1455 3452 habuit,
1487 3406 1730 3443 manifestum
1753 3413 1809 3443 est
1840 3406 2010 3442 animum
2034 3406 2146 3441 etiam
2167 3411 2252 3440 ante
2282 3404 2357 3441 hoc

1301 3477 1440 3513 corpus
1458 3478 1610 3514 semper
1631 3466 1757 3503 fuisse.
1787 3467 1913 3513 Atque
1932 3465 1983 3500 ita
2003 3465 2102 3499 inter
2130 3470 2268 3499 aetcrna
2294 3475 2333 3499 re
2347 3485 2357 3491 -

1299 3535 1384 3558 rum
1418 3524 1589 3571 parentis
1609 3524 1681 3560 Dei
1708 3534 1828 3571 opera
1855 3522 2042 3558 humanus
2080 3522 2192 3557 etiam
2212 3521 2356 3557 animus
