2612 3814
1025 302 1092 341 DE
1121 301 1294 341 AUREO
1323 300 1567 340 CARMINE.

219 387 323 439 νόμον
348 387 396 441 (5)
419 391 571 427 τοιοῦτον
586 415 597 435 ,
621 382 690 426 οἷον
711 388 743 426 οἱ
757 387 880 426 πολλοὶ
901 388 1062 428 ἀκούουσι
1080 391 1150 428 τῶν
1170 388 1265 429 Ἰτα·

220 448 327 485 λικῶν
346 446 369 493 ἢ
381 447 544 486 Ἀττικῶν
559 476 570 496 ,
593 447 671 484 ἀλλ’
686 444 806 498 ὥσπερ
826 445 968 485 εἰώθασι
986 446 1148 499 λέγεσθαι
1168 447 1266 499 παρὰ

221 507 290 550 τοῖς
329 504 581 556 Πυθαγορείοις
608 505 648 543 τὸ
688 503 895 549 Ἀθανάτους
930 504 992 556 μὲν
1025 507 1149 558 πρῶτα
1173 505 1268 549 θεοὺς

221 564 317 615 νόμῳ
333 566 379 609 ὡς
400 562 608 611 διάκεινται,
630 562 743 613 Τίμα.
797 564 909 611 Δηλοῖ
927 564 994 616 γὰρ
1017 566 1035 602 ὁ
1054 563 1186 616 νόμος
1205 563 1266 611 τὴν

220 622 342 668 τάξιν
372 622 435 670 τὴν
458 620 551 660 Θείαν
565 651 575 669 ,
595 623 672 660 καθ’
695 621 738 669 ἣν
761 621 946 674 ἐξήρτηται
967 621 1021 661 ἀεὶ
1048 621 1093 662 τὰ
1125 622 1267 675 δεύτερα

221 684 290 722 τῶν
309 681 485 734 προτέρων
505 680 566 719 καὶ
586 682 786 733 πληροῦται
816 682 877 720 ἀπ’
907 682 1036 720 αὗτῶν.
1095 681 1200 721 Οὕτω
1232 681 1266 720 δὲ

220 744 238 780 ὃ
256 740 360 791 νόμος
393 740 462 779 ἀπὸ
494 741 563 778 τῶν
593 742 725 787 νοητῶν
746 738 936 792 ἀρξάμενος
967 740 1113 788 καθήκει
1141 741 1200 780 καὶ
1222 742 1268 785 εἰς

220 797 282 846 τὴν
304 797 558 851 δημιουργικὴν
579 797 694 836 αἰτίαν
713 798 773 837 καὶ
796 798 868 837 ἀπὸ
896 798 1026 846 ταύτης
1044 799 1180 852 πρόεισι
1207 799 1267 838 καὶ

221 857 399 910 μερίζεται
425 857 504 910 περὶ
526 856 565 895 τὸ
584 862 670 896 πᾶν.
693 857 834 894 Eadem
857 857 1052 896 Hieroclis
1079 859 1267 896 sententia

219 924 276 954 est
297 929 338 966 p.
366 922 429 964 14,
447 917 516 967 qui
541 924 667 954 tamen
686 915 846 954 uberius
870 915 919 953 de
937 915 1012 953 hoc
1041 924 1266 965 argumento

219 975 402 1027 disputat.
461 975 525 1014 Sic
540 984 663 1013 autem
688 975 742 1012 ait
759 989 767 1012 :
785 972 931 1021 Ἐπειδὴ
950 977 1073 1012 πασῶν
1090 976 1158 1012 τῶν
1179 975 1267 1027 ἀρε-

219 1035 288 1072 τῶν
308 1032 449 1086 ἡγεμών
475 1035 566 1072 ἐστιν
598 1035 620 1080 ἡ
647 1032 825 1080 εὖσέὸεια,
846 1031 930 1084 πρὸς
951 1031 1015 1079 τὴν
1036 1033 1131 1071 θείαν
1152 1032 1266 1071 αἰτίαν

219 1092 284 1140 τὴν
304 1091 480 1145 ἀναφορὰν
501 1090 632 1144 ἔχουσα
646 1122 655 1139 ,
677 1092 819 1135 εἰκότως
838 1090 896 1129 καὶ
924 1093 992 1129 τῶν
1015 1091 1050 1128 ἐν
1070 1096 1141 1136 τοῖς
1163 1091 1265 1130 ἔπεσι

220 1151 336 1202 νόμων
366 1151 407 1190 τὸ
432 1150 512 1203 περὶ
540 1150 669 1198 ταύτης
688 1150 825 1201 ἡγεῖται
856 1149 1092 1202 παράγγελμα
1106 1180 1116 1199 ,
1134 1152 1179 1194 ὡς
1199 1150 1268 1189 δέοι

219 1209 299 1254 τοὺς
317 1209 525 1262 ἔγκοσμίους
545 1209 639 1253 θεοὺς
666 1207 758 1248 κατὰ
787 1206 1132 1264 τὴνένυπάρχουσαν
1153 1211 1268 1254 αὐτοῖς

218 1267 316 1313 τάξιν
340 1274 468 1319 τιμᾶν,
489 1267 532 1315 ἣν
560 1269 577 1305 ὃ
599 1265 842 1319 δημιουργικὸς
869 1266 973 1317 νόμος
1004 1266 1078 1316 ἅμα
1099 1270 1142 1320 τῇ
1169 1269 1266 1322 οὐσίᾳ

220 1326 334 1365 αὗτῶν
355 1326 632 1378 συμπροήγαγε,
663 1323 773 1369 τάξας
793 1325 907 1362 αὐτῶν
928 1324 1006 1369 τοὺς
1031 1324 1094 1375 μὲν
1125 1327 1183 1365 ἐπὶ
1206 1330 1267 1375 τῆς

218 1382 362 1437 πρώτης
392 1383 564 1437 σφαίρας,
587 1383 665 1426 τοὺς
686 1381 721 1421 δὲ
741 1382 798 1420 ἐπὶ
817 1385 879 1430 τῆς
915 1383 1095 1437 δευτέρας,
1123 1385 1185 1423 καὶ
1211 1387 1267 1425 ἐπὶ

218 1445 281 1490 τ’ῆς
300 1443 419 1495 τρίτης
439 1441 562 1485 ἄλλους
579 1441 639 1480 καὶ
659 1441 765 1485 οὕτως
792 1439 931 1494 ἐφεξῆς,
949 1442 1055 1494 μέχρι
1074 1446 1135 1491 τῆς
1151 1444 1268 1491 πάσης

218 1502 288 1540 τῶν
305 1501 475 1554 οὐρανίων
493 1502 629 1539 κύκλων
641 1499 942 1552 συμπληρώσευκ.
999 1502 1051 1540 Τὸ
1067 1500 1134 1555 γὰρ
1153 1498 1175 1554 ᾗ
1190 1503 1267 1540 ἐτά·

217 1562 354 1612 χθησαν
377 1559 445 1598 ὑπὸ
477 1563 537 1597 τοῦ
564 1563 710 1607 ποιητοῦ
733 1560 846 1598 αὗτῶν
881 1559 941 1597 καὶ
969 1559 1123 1613 πατρός,
1155 1560 1267 1614 ταύτῃ

219 1619 344 1664 αὐτοὺς
363 1619 554 1672 ἐγνωκέναι
575 1635 612 1658 τε
633 1619 692 1658 καὶ
714 1624 819 1670 τιμᾶν
841 1620 890 1672 τῷ
907 1616 987 1671 θείῳ
1004 1618 1101 1672 νόμῳ
1122 1635 1268 1660 κατακο-

219 1677 432 1718 λουθούντων
451 1679 524 1717 ἐστὶ
545 1678 603 1717 καὶ
625 1677 687 1725 τὴν
706 1677 814 1722 ὅντως
832 1677 938 1729 τιμὴν
954 1679 1068 1722 αὐτοῖς
1088 1679 1267 1718 ἀποδιδόν-

217 1754 285 1776 των
306 1754 343 1777 κ.
365 1754 397 1778 τ.
419 1739 453 1777 λ.
514 1737 570 1775 Ex
585 1737 659 1775 hoc
678 1737 953 1788 similibusque
971 1738 1069 1776 locis
1090 1739 1139 1789 (6)
1157 1768 1166 1786 ,
1183 1740 1269 1790 qui-

218 1797 293 1836 bus
314 1797 489 1835 Hierocli
511 1796 764 1845 congruentia
779 1795 895 1834 habet
915 1795 1099 1845 Procius,
1122 1796 1266 1834 intelli-

217 1856 336 1904 gitur,
358 1853 577 1892 mirabilem
596 1854 705 1892 illum
726 1853 993 1905 Pythagoricae
1006 1862 1043 1892 et
1058 1854 1267 1892 Platonicae

216 1914 474 1966 philosophiae
495 1913 745 1964 interpretem
766 1925 812 1950 ea
827 1913 1006 1952 omisisse
1026 1914 1169 1962 omnia,
1183 1927 1268 1965 quae

216 1972 266 2010 ab
299 1972 479 2011 Hierocle
519 1971 694 2022 ejusdem
730 1974 920 2024 temporis
958 1972 1150 2024 scriptore
1187 1975 1266 2024 peti

215 2039 386 2082 possent.
445 2030 540 2068 Cum
571 2039 697 2068 autem
718 2029 819 2068 nihil
846 2031 1021 2069 testatius
1052 2031 1126 2078 sit,
1151 2044 1265 2083 quam

215 2089 399 2127 Proclum
423 2102 525 2127 anno
549 2089 670 2127 aetatis
690 2089 875 2127 vicesimo
896 2097 1035 2127 octavo
1056 2090 1082 2128 i.
1109 2102 1140 2128 e.
1163 2103 1266 2128 anno

217 2153 293 2193 440
312 2161 352 2199 p.
375 2147 467 2187 Chr.
496 2161 536 2185 n.
569 2147 641 2186 hos
672 2148 714 2185 in
744 2147 917 2185 Platonis
938 2147 1128 2186 Timaeum
1162 2162 1265 2186 com-

216 2206 427 2245 mentarios
453 2205 738 2257 composuisse,
761 2206 956 2257 sequitur,
990 2206 1031 2244 ni
1064 2206 1191 2254 fallor,
1224 2217 1266 2245 ut
1288 2228 1296 2241 .

217 2265 415 2303 Hierocles
447 2265 676 2316 priusquam
716 2265 1104 2316 duodequadraginta
1144 2278 1266 2304 annos

216 2332 327 2362 natus
348 2332 446 2362 esset
459 2353 470 2372 ,
494 2324 598 2361 hunc
617 2324 665 2361 de
679 2337 756 2374 quo
778 2324 907 2374 agitur
926 2324 1072 2362 librum
1091 2325 1266 2363 confece-

216 2382 282 2421 rit.
341 2382 415 2420 Sed
452 2382 551 2420 nihil
586 2383 756 2434 amplius
775 2382 848 2420 hac
871 2383 919 2421 de
944 2396 986 2421 re
1015 2383 1058 2421 in
1096 2383 1264 2421 medium

217 2441 391 2492 proferre
432 2442 573 2479 ausim.
631 2441 766 2487 Qualis
805 2455 900 2480 vero
937 2441 1023 2493 ejus
1061 2444 1100 2480 in
1128 2455 1266 2481 aureos

216 2512 355 2537 versus
370 2500 673 2537 commentarius
689 2500 760 2547 sit,
776 2500 836 2551 vel
854 2500 945 2538 inde
963 2500 1145 2538 concludi
1160 2501 1265 2549 licet,

217 2557 322 2608 quod
362 2557 426 2596 Jo,
459 2558 649 2609 Aurispa,
680 2557 857 2605 Siculus,
889 2559 1039 2609 primus
1074 2559 1266 2598 Hieroclis

216 2617 406 2666 interpres
432 2615 508 2662 ait,
533 2628 616 2653 sese
641 2615 721 2666 jam
753 2618 1043 2665 octogenarium
1065 2616 1166 2654 nihil
1198 2626 1263 2655 aut

215 2686 335 2723 graece
351 2682 415 2711 aut
435 2674 554 2711 latine
571 2674 756 2724 scriptum
779 2674 938 2725 legisse,
954 2674 1057 2712 unde
1077 2675 1164 2726 plus
1183 2676 1260 2714 uti-

259 2783 302 2824 (5)
318 2784 448 2823 Spectat
470 2783 612 2816 Platonis
628 2784 725 2816 verba
747 2792 778 2824 p.
808 2786 846 2816 27
873 2786 897 2816 B
914 2785 1089 2816 καλέσαντα
1105 2785 1186 2816 κατὰ
1209 2785 1258 2817 νό-

215 2840 272 2871 μον
286 2829 383 2866 θεούς.

256 2876 301 2918 (6)
321 2875 469 2909 Collectis
485 2876 518 2908 in
532 2875 736 2909 adnotatione
748 2876 825 2909 edit.
843 2877 986 2917 majoris.

259 2925 303 2964 (7)
326 2923 439 2955 suidas
460 2924 505 2955 sic
527 2932 534 2951 =
554 2924 704 2965 Ἱεροκλῆς
715 2948 724 2964 ,
739 2923 902 2965 φιλόσοφος
913 2949 922 2964 ,
934 2923 1150 2966 Ἀλεξανδρεύς.
1167 2924 1265 2961 Οὗτος

217 2970 294 3010 μετὰ
316 2973 371 3001 τοῦ
384 2970 534 3011 ὰτρέπτου
550 2971 604 3002 καὶ
621 2970 873 3012 μεγαλοπρεποῦς
888 2971 993 3012 εὔρους
1010 2982 1043 3002 τε
1058 2972 1112 3010 τὴν
1130 2971 1266 3003 διάνοιαν

215 3017 258 3053 εἰς
273 3017 442 3058 ὑπερὸολήν
452 3042 460 3054 ,
473 3017 526 3049 καὶ
546 3017 696 3059 διαφέρων
718 3018 888 3059 εὐγλωττίᾳ
900 3019 952 3049 καὶ
969 3018 1098 3060 εὐπορίᾳ
1112 3021 1174 3050 τῶν
1188 3020 1261 3050 καλ-

215 3062 330 3095 λίστων
349 3063 507 3104 ὀνομάτων
534 3064 586 3095 καὶ
613 3064 775 3106 ῥημάτων,
795 3065 987 3102 κατέπληττε
1005 3068 1167 3106 πανταχοῦ
1198 3064 1268 3100 τοὺς

217 3111 444 3151 ἀκροωμένους.
469 3111 531 3144 Ἦν
553 3112 585 3143 δὲ
599 3112 685 3153 αὐτῷ
705 3113 758 3144 καὶ
774 3113 909 3154 μαθητὴς
929 3112 1095 3148 Θεοσέὸιος
1107 3136 1115 3151 ,
1133 3112 1209 3153 ἀνὴρ
1223 3112 1269 3144 ε’ί-

216 3168 274 3198 περ
289 3168 334 3194 τις
350 3158 448 3198 ἕτερος
459 3182 468 3198 ,
482 3159 526 3190 ὧν
537 3161 624 3199 ἡμεῖς
640 3159 748 3201 ἴσμεν,
767 3161 885 3196 εἰωθὼς
900 3159 1084 3191 ἀποὸλέπειν
1101 3159 1130 3196 ἐς
1145 3159 1199 3195 τὰς
1216 3159 1268 3191 ἀν-

217 3205 348 3246 θρώπων
374 3205 487 3246 ψυχάς.
519 3206 628 3247 Ἔλεγε
655 3207 687 3239 δὲ
713 3208 730 3239 ὁ
750 3207 842 3244 αὐτὸς
864 3207 1047 3244 Θεοσέὸιος,
1067 3205 1268 3246 ἐξηγούμενον

217 3251 308 3293 φάναι
328 3253 404 3284 ποτὲ
422 3254 474 3284 τὸν
501 3254 675 3294 Ἱεροκλέα,
698 3254 804 3291 κύὸοις
828 3255 962 3286 ἐοικέναι
990 3253 1060 3288 τοὺς
1087 3252 1269 3293 Σωκράτους

216 3298 343 3339 λόγους·
362 3299 505 3336 ἀπτῶτας
518 3301 577 3342 γὰρ
597 3301 674 3333 εἶναι
694 3305 857 3342 πανταχοῦ
871 3301 933 3338 ὅπη
947 3302 984 3332 ἃν
1005 3301 1140 3332 πέσωσι.
1160 3302 1224 3332 Τοῦ
1237 3300 1269 3332 δὲ

215 3345 400 3385 Ἱεροκλέους
415 3346 450 3378 τὸ
464 3346 599 3388 ἀνδρεῖον
612 3349 664 3379 καὶ
681 3347 893 3388 μεγαλόθυμον
905 3348 978 3388 ἦθος
990 3346 1144 3383 ἀπέδειξεν
1158 3348 1178 3386 ἡ
1195 3357 1272 3388 συμ-

224 3391 310 3424 6ᾶσα
328 3393 407 3434 τύχη
430 3394 498 3435 περὶ
513 3395 605 3427 αὐτόν
615 3406 623 3414 ·
638 3396 680 3432 εἰς
695 3396 754 3436 γὰρ
772 3395 807 3427 τὸ
823 3395 986 3432 Βυζάντιον
1009 3395 1140 3426 ἀνελθὼν
1156 3396 1270 3436 προσέ-

221 3451 335 3481 κρουσε
354 3444 417 3478 τοῖς
444 3445 613 3483 κρατοῦσι,
639 3444 692 3475 καὶ
717 3444 758 3480 εἰς
777 3443 974 3484 δικαστήριον
995 3442 1096 3483 ἀχθεὶς
1124 3442 1270 3473 ἐτύπτετο

220 3487 275 3523 τὰς
294 3487 324 3524 ἐξ
341 3487 511 3528 ἀνθρώπων
527 3489 657 3529 πληγάς.
674 3489 835 3530 Ῥεόμενος
848 3490 879 3521 δὲ
899 3490 1024 3529 αἵματι,
1040 3488 1140 3530 βάψας
1161 3488 1266 3526 κοίλην

219 3534 275 3572 τήν
292 3537 381 3576 χεῖρα
392 3557 399 3570 ,
414 3535 591 3577 προσραίνει
608 3536 661 3568 τὸν
679 3536 845 3575 δικαστήν,
858 3537 924 3578 ἅμα
942 3537 1039 3576 λέγων
1050 3544 1057 3552 ·

2293 307 2368 340 409

1325 388 1446 426 litatis
1464 387 1694 439 perceperit.
1753 387 1808 424 Ac
1830 387 2007 438 profecto
2031 401 2106 425 non
2130 388 2245 426 modo
2272 388 2373 427 bene

1326 447 1514 497 beateque
1533 445 1694 484 vivendi
1714 454 1903 497 praecepta
1930 446 2048 484 tradit
2075 446 2292 495 Hierocles,
2307 448 2374 487 sed

1327 505 1579 542 humanitatis
1612 504 1764 554 legibus
1795 504 1983 554 expositis
2013 504 2232 544 divinitatis
2259 507 2374 545 etiam

1327 564 1638 604 communionem
1673 562 1906 601 mortalibus
1938 563 2139 614 impertire
2170 565 2372 604 annititur.

1326 622 1586 670 Quamobrem
1609 622 1766 660 fuerunt
1783 622 1850 673 qui
1870 622 2049 673 Aurispae
2076 622 2238 661 forsitan
2258 627 2374 662 vesti-

1327 683 1390 732 gia
1411 681 1558 729 secuti,
1573 680 1635 718 cui
1656 679 1831 718 divinum
1857 679 1930 717 hoc
1946 693 2045 731 opus
2070 680 2254 730 religioni
2273 681 2372 720 chri·

1329 742 1463 779 stianae
1482 748 1782 779 consentaneum
1803 738 2026 789 videbatur,
2048 752 2127 777 non
2154 738 2378 778 dubitarent

1328 800 1561 838 contendere
1577 798 1854 850 philosophum
1878 798 2186 836 Alexandrinum
2207 799 2378 849 plurima

1327 872 1349 897 e
1374 860 1686 898 Christianorum
1709 858 1883 896 fontibus
1901 858 2090 898 hausisse.
2147 857 2259 904 Quod
2280 872 2377 910 quo·

1328 920 1458 957 minus
1477 918 1630 956 credam
1662 917 1819 955 obstant
1839 916 1966 955 Suidae
1986 915 2037 968 (7)
2057 915 2179 954 verba
2192 946 2202 964 ,
2225 929 2246 954 e
2283 917 2376 967 qui-

1328 976 1399 1015 bus
1417 986 1522 1028 patet
1540 976 1758 1015 Hieroclem
1782 989 1901 1027 quum
1920 984 2020 1014 esset
2036 975 2374 1026 Constantinopoli

1330 1035 1371 1072 in
1404 1036 1661 1074 offensionem
1692 1037 1759 1073 τῶν
1793 1034 2015 1087 κρατούντων
2037 1035 2139 1085 (quo
2171 1035 2330 1072 nomine
2356 1048 2377 1072 a

1328 1095 1540 1143 gentilibus
1581 1095 1828 1144 magistratus
1867 1094 2081 1132 Christiani
2118 1094 2169 1146 (8)
2207 1094 2378 1146 appella·

1327 1152 1470 1191 bantur
1496 1154 1724 1193 incurrisse.
1780 1152 1974 1191 Nimirum
2002 1153 2234 1191 acerrimum
2264 1153 2376 1191 illum

1330 1214 1469 1250 veteris
1504 1212 1708 1261 religionis
1744 1224 1787 1249 ac
1834 1211 2096 1262 philosophiae
2135 1211 2375 1250 defensorem

1328 1270 1456 1308 alieno
1476 1283 1497 1307 a
1517 1269 1828 1307 Christianorum
1849 1270 1968 1307 sacris
1986 1270 2116 1307 animo
2132 1269 2250 1307 fuisse
2265 1283 2378 1308 nemo

1330 1341 1407 1366 non
1429 1327 1550 1366 videt.
1609 1329 1746 1379 Itaque
1767 1328 1807 1365 in
1825 1327 1892 1378 jus
1921 1336 2055 1378 raptus
2079 1327 2235 1378 publice
2254 1329 2378 1378 virgis

1328 1386 1537 1425 crudeliter
1555 1399 1673 1424 caesus
1691 1395 1748 1424 est
1765 1386 1830 1437 (9).
1886 1384 2034 1438 Quodsi
2054 1384 2266 1422 Christiani
2284 1385 2379 1423 tales

1328 1446 1520 1483 dictorum
1543 1446 1786 1496 quorundam
1802 1457 1938 1496 poenas
1958 1446 2221 1495 repetiverunt
2236 1437 2283 1480 ab
2304 1443 2377 1482 ho-

1328 1506 1432 1542 mine
1452 1505 1596 1543 veteris
1613 1503 1810 1555 sapientiae
1830 1502 2138 1549 studiosissimo,
2157 1502 2245 1552 quis
2269 1510 2378 1553 putet

1328 1576 1414 1601 eum
1444 1564 1601 1602 illorum
1635 1563 1778 1614 scripta
1802 1561 2056 1611 compilasse,
2077 1569 2120 1598 ut
2146 1560 2246 1597 hanc
2268 1561 2377 1599 aurei

1331 1622 1515 1660 carminis
1555 1621 1853 1673 explicationem
1901 1620 2178 1671 componeret?
2216 1619 2290 1657 Sed
2330 1634 2379 1658 ne

1328 1694 1425 1731 opus
1455 1681 1612 1732 quidem
1645 1680 1763 1718 fuisse
1794 1678 2022 1730 hujusmodi
2056 1680 2375 1717 commentarium

1328 1740 1551 1777 confecturo
1576 1739 1885 1777 Christianorum
1912 1737 2026 1776 libris
2047 1738 2269 1775 testimonio
2290 1747 2379 1776 sunt

1327 1807 1466 1848 practer
1485 1798 1660 1835 Platonis
1675 1826 1685 1844 ,
1710 1797 1863 1835 Senecae
1877 1826 1886 1843 ‚
1906 1795 2091 1848 Epicteti,
2113 1795 2167 1835 Μ.
2188 1796 2378 1834 Antonini

1327 1855 1570 1906 aliorumque
1605 1856 1828 1903 volumina,
1866 1868 1888 1893 e
1930 1854 2075 1906 quibus
2109 1854 2216 1892 haud
2254 1868 2378 1906 pauca

1326 1913 1540 1965 depromsit
1561 1914 1780 1961 Hierocles,
1801 1914 1921 1951 multa
1948 1913 2274 1965 philosophorum
2303 1913 2376 1951 fra-

1327 1981 1479 2021 gmenta
1490 1986 1510 2010 a
1526 1972 1676 2011 Stobaeo
1693 1981 1863 2021 servata,
1880 1973 1922 2010 in
1943 1971 2110 2023 quibus,
2136 1972 2226 2010 licet
2243 1981 2374 2010 aucto-

1326 2031 1440 2070 ritate
1469 2041 1506 2071 et
1524 2033 1650 2083 pretio
1677 2033 1845 2071 diversis
1859 2061 1869 2080 ,
1888 2031 1990 2070 idem
2019 2032 2180 2070 virtutis
2202 2031 2373 2070 studium

1327 2089 1374 2127 ad
1391 2090 1511 2128 vitam
1529 2099 1632 2129 recte
1652 2091 1838 2141 agendam
1859 2090 2163 2128 commendatur.
2221 2091 2279 2128 De
2292 2103 2376 2128 ora-

1329 2150 1446 2188 tionis
1466 2150 1657 2200 elegantia
1670 2179 1681 2198 ,
1704 2163 1819 2201 quam
1839 2162 1971 2187 omnes
1982 2149 2075 2186 huic
2096 2149 2375 2187 commentario

1327 2208 1531 2256 tribuunt,
1551 2221 1630 2246 non
1651 2217 1709 2246 est
1726 2208 1832 2259 quod
1858 2207 2016 2259 copiose
2037 2207 2221 2245 dicamus.
2279 2206 2372 2245 Nam

1327 2281 1448 2318 pauca
1468 2276 1615 2305 tantum
1641 2266 1782 2315 verba,
1801 2266 1988 2317 loquendi
2015 2279 2175 2315 genera,
2198 2275 2374 2304 constru-

1327 2325 1476 2364 ctiones
1507 2325 1572 2363 hic
1607 2325 1802 2377 reperias,
1828 2324 1972 2376 quibus
2004 2325 2115 2375 quasi
2144 2324 2378 2376 posterioris

1327 2385 1450 2422 aetatis
1470 2384 1633 2422 maculis
1661 2384 1729 2422 ille
1746 2384 1936 2422 orationis
1965 2391 2145 2434 tanquam
2164 2392 2375 2434 perpetuus

1326 2443 1432 2480 nitor
1450 2443 1679 2482 infuscatur.
1740 2442 1903 2494 Reliqua
1928 2442 2160 2494 perspicue,
2185 2442 2373 2492 graviter,

1327 2501 1496 2538 suaviter
1526 2501 1710 2539 dicuntur
1746 2514 1789 2539 ac
1823 2509 1879 2538 tot
1914 2500 2126 2539 verborum
2158 2500 2375 2540 luminibus

1326 2560 1637 2610 distinguuntur,
1656 2569 1699 2598 ut
1723 2561 1756 2599 si
1786 2573 1808 2598 a
1837 2560 2087 2612 simplicitate
2105 2568 2143 2597 et
2164 2559 2299 2598 nativo
2321 2560 2376 2598 le-

1325 2631 1421 2669 pore
1438 2620 1656 2657 Atticorum
1673 2618 1920 2666 discesseris,
1934 2618 2049 2670 copia
2063 2618 2177 2656 etiam
2199 2627 2236 2656 et
2250 2618 2376 2657 varie·

1326 2686 1402 2715 tate
1422 2691 1507 2715 cum
1539 2678 1698 2729 optimis
1720 2677 1981 2729 scriptoribus
2001 2678 2201 2715 Hierocles
2224 2686 2373 2716 certare

1405 2785 1544 2828 Κύκλωψ
1556 2811 1565 2826 ,
1583 2790 1620 2825 τῆ
1635 2811 1642 2826 ,
1656 2787 1708 2819 πίε
1721 2786 1802 2818 οἶνον
1812 2811 1822 2827 ,
1838 2787 1903 2818 ἐπεὶ
1917 2786 2008 2828 φάγες
2021 2786 2173 2828 ἀνδρόμεα
2186 2786 2272 2827 κρέα.

1986 2834 2061 2875 (Od.
2076 2836 2132 2871 lx,
2147 2835 2234 2874 347.)

1326 2881 1434 2920 Φυγὴν
1450 2881 1482 2913 δὲ
1500 2882 1694 2923 κατακριθεὶς
1710 2883 1762 2913 καὶ
1777 2881 1950 2912 ἐπανελθὼν
1970 2877 2071 2922 χρόνῳ
2090 2881 2215 2921 ὕστερον
2235 2881 2277 2916 εἷς
2292 2879 2374 2912 Ἀλε-

1326 2928 1481 2969 ξάνδρειαν
1512 2927 1743 2969 συνεφιλοσόφει
1779 2931 1818 2959 τὰ
1867 2928 1998 2960 εἰωθότα
2038 2931 2100 2964 τοῖς
2139 2927 2373 2965 πλησιάζουσιν.

1327 2976 1447 3012 Ἔξεστι
1477 2976 1509 3008 δὲ
1539 2977 1644 3018 μαθεῖν
1661 2977 1716 3015 τὴν
1734 2976 1917 3017 Ἱεροκλέους
1938 2976 2202 3017 μεγαλογνῶμονα
2231 2974 2375 3015 φρόνησιν

1327 3022 1390 3055 ἀπὸ
1405 3026 1467 3055 τῶν
1486 3023 1754 3065 συγγραμμάτων,
1771 3023 1814 3055 ὧν
1833 3023 1981 3063 γέγραφεν
1994 3024 2035 3059 εἷς
2048 3023 2087 3054 τὰ
2108 3024 2217 3063 Χρυσᾶ
2235 3022 2294 3058 ἔπη
2312 3023 2375 3052 τῶν

1329 3070 1570 3111 Πυθαγορείων,
1590 3071 1642 3102 καὶ
1669 3071 1786 3112 ,ἑτέρων
1807 3070 1935 3112 βιὸλίων
1959 3071 2028 3111 περὶ
2050 3069 2202 3111 Προνοίας
2229 3070 2371 3109 συχνῶν·

1328 3117 1359 3148 ἐν
1376 3116 1421 3153 οἷς
1441 3117 1579 3157 φαίνεται
1593 3119 1610 3149 ὁ
1627 3118 1702 3159 ἀνὴρ
1722 3119 1777 3156 τὴν
1794 3117 1848 3158 μὲν
1867 3118 1948 3155 ζωὴν
1963 3116 2146 3158 ὑψηλόφρων
2158 3140 2167 3156 ,
2183 3115 2238 3153 τὴν
2252 3115 2284 3146 δὲ
2297 3117 2376 3154 γνῶ-

1328 3175 1377 3196 σιν
1399 3165 1457 3196 οὐκ
1473 3165 1609 3207 ἀκριὸής.

1372 3211 1416 3251 (8)
1436 3211 1517 3243 Vide
1535 3214 1710 3244 Kusterum
1733 3211 1772 3243 ad
1797 3211 1882 3244 hunc
1903 3211 2010 3244 Suidae
2029 3211 2136 3243 locum
2157 3210 2221 3242 vol.
2247 3210 2273 3249 l,
2291 3209 2374 3250 part.

1335 3258 1347 3288 1
1369 3266 1438 3298 pag.
1454 3260 1514 3291 954
1531 3258 1581 3291 ed.
1599 3258 1788 3291 Bernliardi.

1373 3305 1418 3345 (9)
1438 3305 1604 3338 Ἐτύπτετο
1624 3306 1678 3342 τὰς
1695 3305 1724 3342 ἐξ
1738 3306 1908 3348 ἀνθρώπων
1926 3304 2055 3344 πληγάς.
2070 3303 2220 3336 Similiter
2232 3301 2374 3334 AEschin-.

1331 3355 1435 3384 contr.
1458 3352 1620 3385 Timarcli.
1645 3361 1715 3393 pag.
1739 3356 1798 3385 269
1819 3352 1871 3385 ed.
1903 3352 2037 3384 Bekker.
2056 3352 2203 3388 δήσαντες
2230 3349 2304 3388 πρὸς
2323 3348 2375 3379 τὸν

1332 3398 1421 3430 κίονα
1436 3399 1529 3431 αὐτὸν
1557 3400 1610 3431 τὸν
1640 3399 1835 3431 Πιττάλακον
1865 3399 2054 3439 ἐμαστίγουν
2078 3398 2131 3433 τὰς
2152 3397 2181 3432 ἐξ
2207 3395 2375 3435 ἀνθρώπων

1332 3445 1450 3485 πληγὰς
1470 3446 1552 3478 οὕτω
1566 3446 1662 3478 πολὺν
1677 3446 1785 3487 χρόνον
1807 3447 1889 3477 ὥστε
1902 3446 1955 3476 καὶ
1970 3445 2040 3481 τοὺς
2056 3444 2195 3482 γείτονας
2209 3442 2372 3473 αἰσθέσθαι

1332 3495 1385 3529 τῆς
1405 3497 1550 3534 κραυγῆς.
1567 3493 1615 3526 Cf.
1636 3493 1853 3525 Bernliardum
1874 3492 1894 3524 l.
1913 3500 1941 3523 c.
