2612 3814
348 258 418 291 108

340 340 448 389 hujus
474 340 652 377 vocabuli
674 339 807 376 formis
826 337 877 377 cs.
911 339 1077 387 Hesych.
1100 345 1190 375 tom.
1211 338 1230 374 1
1255 349 1287 374 c.
1311 348 1388 384 770

339 400 398 438 cd.
428 397 531 446 Alb„
554 401 680 436 Koen.
701 399 749 435 ad
768 399 930 448 Gregor.
962 398 1132 436 Corinth.
1158 411 1197 447 p.
1227 395 1303 441 455
1324 396 1399 453 ed.¹

337 458 542 505 Schacser.,
577 460 751 508 Ducang.
783 458 948 496 Glossar.
992 457 1090 494 med.
1127 464 1166 493 et
1201 455 1270 492 inf.
1319 455 1384 492 Gr.

338 531 375 567 p.
392 531 435 554 αι
450 530 481 554 1.
857 544 866 553 .

394 581 430 620 4.
449 578 490 615 Α.
511 577 653 615 Gellius
669 578 798 615 Noctt.
816 576 895 614 Att.
914 577 987 622 III,
1012 589 1024 612 1
1038 589 1051 613 1
1078 587 1087 614 :
1114 591 1128 606 ι·
1152 575 1225 612 ΑΙίἰ
1242 575 1390 611 Home-

339 648 422 672 rum
446 648 562 686 quam
583 635 793 672 Hesiodum
814 635 999 683 majorem
1032 643 1127 671 natu
1156 634 1268 670 fuisse
1290 633 1388 669 scri-

338 703 519 746 pserunt,
537 697 576 732 in
607 696 748 744 quibus
776 694 1027 732 Philochorus
1049 702 1087 731 et
1106 693 1387 741 Xenophanes,

338 757 400 796 alii
422 757 627 794 minorem.
650 772 664 787 ι·
680 755 881 803 Scripsisse
900 754 1182 803 Xenophanem
1199 752 1390 801 Colopho-

339 814 444 852 nium
467 814 514 850 de
539 816 706 851 Homero
722 842 732 862 ,
757 826 868 861 quem
893 813 1043 850 civibus
1066 813 1141 849 suis
1163 811 1389 849 adnumera-

338 874 429 910 bant
453 873 701 922 Colophonii,
729 885 807 908 non
826 873 1023 909 miramur.
1054 873 1099 911 At
1131 884 1208 909 non
1231 884 1278 908 ex
1302 873 1385 921 ipso

338 933 586 982 Xenophanis
606 932 706 967 libro
720 959 730 977 ,
754 932 821 968 sed
856 944 903 968 ex
936 932 1159 968 Philochori
1178 932 1330 981 scriptis
1348 931 1390 967 id

339 992 446 1040 quod
463 991 597 1041 prodit
609 992 780 1028 sumsisse
798 991 989 1040 putandus
1006 997 1061 1028 est
1079 990 1114 1028 A
1134 991 1290 1028 Gellius.
1313 991 1390 1027 Xe-

338 1052 525 1102 nophanis
545 1052 677 1101 opinio
697 1052 888 1100 plerisque
906 1053 1153 1100 antiquorum
1172 1051 1321 1098 arrisit,
1342 1051 1383 1087 id

337 1110 444 1159 quod
463 1111 501 1146 in
522 1122 564 1147 re
587 1117 679 1147 nota
698 1111 762 1147 vix
789 1123 886 1159 opus
905 1118 960 1147 est
980 1111 1251 1148 demonstrari.

391 1172 428 1208 5.
466 1169 655 1219 Diogenes
703 1171 876 1206 Laertius
917 1170 958 1216 I,
998 1184 1012 1207 1
1025 1183 1038 1207 1
1052 1183 1066 1207 1
1122 1169 1387 1220 Epimenidem

338 1228 473 1265 vixisse
489 1228 604 1265 tradit
622 1229 668 1269 ὡς
687 1226 890 1281 Ξενοφάνης
910 1231 928 1267 ὁ
950 1226 1169 1283 Κολοφώνιος
1198 1226 1389 1275 ἀκηκοέναι

336 1283 446 1338 φησί,
467 1283 625 1338 τέσσαρα
643 1284 729 1338 πρὸς
751 1289 820 1330 τοῖς
849 1286 1069 1335 πεντήκοντα
1104 1286 1228 1326 ἑκατὸν
1263 1286 1385 1338 (ἔτη).

335 1345 438 1393 Quid
467 1346 530 1382 alii
563 1353 736 1383 veterum
764 1346 811 1384 de
836 1348 1071 1397 Epimenidis
1106 1355 1215 1385 aetate
1248 1348 1389 1384 retule-

335 1406 434 1451 rint,
456 1418 558 1442 nunc
579 1418 658 1441 non
678 1418 795 1453 curo;
834 1419 856 1444 a
887 1407 1135 1457 Xenophane
1166 1419 1247 1443 non
1273 1407 1389 1456 longe

337 1463 535 1501 discedunt
567 1464 838 1514 Theopompus
870 1474 908 1503 et
946 1467 1119 1516 Phlegon
1152 1467 1387 1512 Trallianus,

336 1522 402 1571 qui
421 1532 509 1560 eum
538 1530 692 1560 centum
718 1531 756 1560 et
787 1525 1070 1575 quinquaginta
1092 1532 1236 1575 septem
1268 1537 1389 1562 annos

335 1581 471 1618 vixisse
503 1583 688 1632 scriptum
724 1584 979 1632 reliquerunt.
1016 1585 1104 1622 vid.
1144 1584 1389 1634 Theopompi

336 1638 469 1690 fragm.
490 1640 541 1689 69
561 1641 621 1678 ed.
638 1643 824 1682 Wiehers.
845 1642 1001 1692 ejusque
1021 1644 1155 1682 adnot.
1177 1657 1220 1695 p.
1244 1644 1332 1694 159.

390 1699 427 1738 6.
450 1699 566 1749 Apud
583 1701 776 1738 Pollucem
793 1702 864 1749 IX,
884 1703 933 1740 83
951 1716 990 1752 p.
1019 1703 1118 1740 1063
1139 1703 1187 1740 de
1207 1716 1389 1741 nummo-

334 1771 419 1796 rum
441 1759 588 1808 origine
600 1758 834 1809 disceptatur
847 1758 917 1798 εἴτε
934 1760 1076 1800 Φείδων
1090 1763 1108 1799 δ
1123 1759 1156 1799 Ἀ
1165 1762 1274 1814 ργεῖος
1294 1764 1390 1814 πρῶ-

336 1831 393 1860 τος
409 1815 541 1869 ἔγραψε
562 1816 721 1868 νόμισμα
736 1841 807 1865 ,—-
819 1816 888 1856 εἴτε
910 1819 1039 1870 Λυδοί,
1057 1819 1148 1858 καθά
1168 1835 1254 1873 φησι
1276 1820 1390 1859 Ξενο-

338 1874 465 1929 φᾶνης.
502 1877 782 1927 Xenophanem
812 1879 914 1916 hunc
943 1892 1023 1917 non
1054 1893 1131 1917 esse
1163 1881 1282 1916 alium
1319 1881 1389 1916 nisi

336 1936 618 1985 Colophonium
652 1938 798 1986 liquere
833 1939 1002 1976 arbitror
1035 1952 1081 1976 ex
1121 1939 1258 1989 fragm.
1296 1940 1387 1978 XX.

338 1994 480 2047 Eadem
492 2008 575 2045 quae
593 1996 853 2046 Xenophanes
871 2007 1002 2036 narrat
1017 1999 1239 2036 Herodotus
1255 1999 1287 2045 I,
1307 2003 1355 2048 94
1377 2011 1387 2038 :

338 2053 478 2105 Πρῶτοι
493 2053 528 2091 δὲ
548 2053 738 2107 ἀνθρώπων
753 2057 820 2093 τῶν
837 2058 936 2106 ἡμεῖς
949 2056 1049 2107 ἴδμεν
1069 2057 1121 2108 (οἳ
1141 2055 1274 2105 Λυδοὶ)
1289 2056 1389 2108 νόμι·

337 2125 410 2162 σμα
430 2115 564 2164 χρυσοῦ
584 2112 645 2151 καὶ
661 2112 812 2165 ἀργύρου
825 2113 1018 2169 κοψάμενοι
1039 2114 1251 2168 ἐχρήσαντο.

390 2185 426 2220 7.
449 2174 669 2211 Aristoteles
696 2174 810 2214 Rhet.
829 2176 876 2222 ll,
902 2176 950 2213 23
972 2189 1013 2225 p.
1039 2177 1131 2223 446,
1153 2177 1182 2214 C
1201 2190 1209 2213 ε
1229 2175 1389 2230 Ξενοφά-

334 2244 395 2277 νης
411 2228 550 2282 ἔλεγεν,
565 2229 617 2271 ὅτι
633 2231 971 2282 ὁμοίωςᾶσεὸοῧσιν
992 2236 1023 2273 οἱ
1047 2234 1209 2287 γενέσθαι
1231 2234 1390 2290 φάσκον-

335 2304 390 2333 τες
411 2288 488 2333 ‘robe
505 2289 600 2334 θεοὺς
614 2295 684 2335 τοῖς
701 2292 887 2332 ἀποθανεῖν
900 2292 1060 2345 λέγουσιν
1074 2309 1082 2317 ·
1102 2294 1307 2349 ἀμφοτέρως
1322 2294 1389 2348 γὰρ

336 2347 522 2399 συμὸαίνει
542 2347 591 2399 μὴ
613 2342 704 2388 εἶναί
732 2365 819 2390 ποτε
850 2350 959 2396 θεούς.
989 2355 1075 2391 Hoc
1108 2354 1214 2391 dicto
1243 2362 1391 2392 veteres

336 2415 462 2459 poetae
480 2410 805 2459 perstringuntur,
825 2412 892 2461 qui
910 2426 1030 2461 quum
1052 2413 1124 2451 diis
1139 2416 1389 2452 aeternitatem

338 2467 550 2505 tribuerent
564 2496 574 2514 ,
594 2481 659 2506 eos
679 2477 809 2507 tamen
832 2472 1033 2508 hominum
1053 2473 1170 2511 instar
1186 2481 1293 2511 ortos
1312 2487 1390 2512 csse

338 2523 578 2562 affirmabant
597 2539 809 2578 eorumque
839 2538 1017 2581 parentes
1045 2539 1083 2568 et
1111 2533 1300 2582 originem
1320 2546 1389 2571 co-

335 2583 441 2633 piose
451 2585 692 2624 enarrabant.

391 2642 429 2680 8.
453 2643 669 2682 Aristoteles
684 2646 841 2683 Rhetor.
858 2649 912 2694 ΙΙ,
945 2649 993 2686 23
1011 2663 1053 2700 p.
1080 2654 1170 2698 447,
1193 2652 1221 2689 C
1244 2663 1254 2690 :
1280 2651 1390 2690 Ξενο-

338 2702 448 2753 φάνης
467 2700 653 2746 Ἐλεάταις
681 2705 877 2758 ἐρωτῶσιν,
908 2709 937 2746 εἷ
965 2707 1108 2748 θύσουσι
1139 2712 1182 2762 τῇ
1210 2711 1389 2765 Λευκοθέᾳ

337 2758 398 2797 κα),
414 2758 644 2811 θρηνήσουσιν
663 2762 686 2809 ἢ
708 2762 784 2812 μή,
804 2765 1068 2815 συνεὸούλευεν,
1087 2769 1116 2806 εἷ
1129 2769 1192 2819 μὲν
1207 2769 1282 2810 θεὸν
1301 2774 1389 2810 ὑπο-

337 2817 582 2869 λαμὸἄνουσι,
605 2819 654 2870 μὴ
675 2821 810 2873 Θρηνεῖν
827 2852 838 2872 ,
867 2827 896 2863 εἷ
917 2825 945 2863 δ’
967 2825 1148 2879 ἄνθρωπον
1163 2857 1174 2877 ,
1205 2829 1255 2880 μὴ
1278 2828 1385 2869 θύειν.

338 2879 426 2914 Non
443 2878 626 2916 abhorret
646 2892 668 2917 a
686 2883 1018 2924 verisimilitudine
1038 2890 1193 2927 Inonem
1213 2900 1301 2941 post
1319 2905 1387 2930 va-

331 2939 416 2974 -rios
432 2950 539 2976 casus
563 2940 664 2976 inter
686 2940 775 2978 deas
793 2946 959 2982 marinas
982 2955 1142 2998 accepto
1162 2952 1389 2989 Leucotheae

337 2999 492 3036 nomine
510 3001 666 3037 relatam
691 3003 795 3051 apud
812 3005 958 3042 Eleatas
972 3034 982 3052 ,
1001 3009 1198 3046 maritimae
1212 3012 1317 3049 urbis
1331 3013 1388 3048 in-

339 3058 454 3104 colas,
470 3058 622 3116 divinos
635 3061 802 3098 honores
817 3073 1058 3108 consecutam
1077 3079 1170 3105 esse.
1188 3070 1257 3107 His
1273 3071 1391 3121 igitur

338 3123 465 3153 utrum
484 3118 650 3156 lacrimis
663 3121 735 3156 Ino
753 3132 801 3157 an
821 3122 955 3160 divino
977 3126 1082 3162 cultu
1095 3128 1316 3167 Leucothea
1331 3143 1389 3168 es-

338 3182 391 3211 set
411 3178 680 3226 prosequenda
695 3179 1019 3231 interrogantibus
1035 3186 1123 3222 satis
1137 3194 1221 3236 apte
1233 3201 1390 3238 respon-

339 3233 397 3269 dit
417 3234 688 3285 Xenophanes.
717 3239 846 3275 Minor
874 3252 991 3289 quam
1022 3245 1259 3294 Aristotelis,
1297 3249 1388 3285 Plu-

339 3293 458 3329 tarchi
489 3297 693 3332 auctoritas
714 3305 769 3334 est
800 3300 865 3347 qui
885 3301 1134 3351 Xenophanis
1164 3305 1321 3343 effatum
1347 3309 1387 3345 in

337 3351 443 3389 hunc
460 3353 618 3390 modum
635 3357 812 3405 exprimit
827 3360 952 3397 Amat.
974 3373 1013 3411 p.
1037 3361 1126 3409 763,
1148 3365 1197 3410 D,
1224 3367 1305 3404 vol.
1329 3367 1384 3405 lX

1069 244 1402 287 XENOPHANIS
1431 243 1771 284 FRAGMENTA.

1452 348 1492 384 p.
1525 333 1575 383 59
1603 334 1734 371 Reisk.
1760 331 1991 386 εΞενοφᾶνης
2019 330 2235 384 Αἰγυπτίους
2262 331 2425 372 ἐκέλευσε
2449 332 2509 373 τὸν

1453 390 1613 444 Ὄσιριν,
1640 393 1672 430 εἰ
1697 391 1821 439 (Σνητὸν
1843 391 2044 443 νομίζουσι,
2072 391 2122 443 μὴ
2146 397 2254 445 τιμᾷν
2286 393 2333 436 ὡς
2353 391 2456 443 Θεόν,
2477 395 2510 432 εἰ

1453 451 1489 491 δὲ
1513 451 1588 490 Θεὸν
1617 453 1804 504 ἡγοῦνται,
1825 451 1874 502 μὴ
1907 452 2058 504 θρηνεῖν.
2081 453 2140 493 Cf.
2167 455 2225 489 De
2245 454 2297 493 Is,
2336 460 2375 490 et
2401 454 2501 492 Osir-

1454 526 1491 562 p.
1515 513 1608 562 379,
1628 514 1672 560 B,
1693 512 1774 552 vol.
1797 513 1869 549 v11
1899 524 1938 561 p.
1959 515 2036 561 490
2065 523 2144 560 seq.
2169 512 2304 561 Neque
2333 512 2435 549 enim
2463 512 2512 550 ab

1453 573 1734 622 antiquioribus
1750 571 1948 622 proditum
1966 579 2020 608 est
2039 571 2320 622 Xenophanem
2339 572 2379 608 in
2396 572 2511 622 AEgy·

1452 639 1520 682 pto
1542 633 1663 670 fuisse.

1507 706 1546 742 9.
1569 692 1791 729 Plutarchus
1805 694 1862 729 De
1878 692 2016 728 vitioso
2030 692 2181 741 pudore
2201 705 2241 741 p.
2261 691 2353 738 530,
2372 699 2399 731 t.
2415 692 2507 730 VIII

1452 765 1492 802 p.
1517 751 1588 789 103
1610 751 1674 790 ed.
1700 751 1844 798 Reisk„
1868 752 2094 801 praecipiens
2127 764 2175 788 ne
2196 753 2281 801 quis
2306 752 2407 789 inter
2429 764 2505 803 po·
2569 803 2570 806 Ἰ

1454 811 1612 847 tandum
1641 811 1780 848 vitioso
1810 810 1961 859 pudore
1985 810 2123 847 ductus
2143 818 2207 847 aut
2233 811 2409 848 convicia
2428 823 2510 850 me-

1454 878 1562 907 tuens
1599 870 1745 907 tesseris
1782 869 1893 906 ludat
1925 882 2013 906 cum
2044 870 2090 906 iis
2123 870 2190 918 qui
2221 869 2263 906 id
2294 869 2511 919 postulant,
2570 867 2572 871 ’

1453 931 1707 980 Xenophanis
1727 930 1944 979 exemplum
1964 929 2127 979 allegat:
2152 927 2513 982 Ξενοφάνης,Λᾶσοιὶ
2567 932 2572 934 ’

1453 991 1512 1026 τοῦ
1531 987 1745 1041 Ἑρμιονέως
1762 986 1812 1038 μὴ
1833 986 2046 1039 βουλόμενον
2071 987 2169 1040 αὐτῷ
2190 985 2419 1038 συγκυὸεύειν
2442 987 2513 1027 δει-

1453 1047 1513 1085 λὸν
1542 1048 1826 1094 ἀποκαλοῦντος,
1857 1045 2032 1098 ὡμολόγει
2064 1046 2124 1085 καὶ
2148 1046 2242 1085 πάνυ
2277 1046 2388 1091 δειλὸς
2422 1041 2512 1086 εἶναι

1452 1106 1539 1159 πρὸς
1571 1106 1616 1145 τὰ
1644 1105 1777 1160 αἰσχρὰ
1801 1105 1862 1146 καὶ
1886 1106 2052 1156 ἄτολμος.
2087 1107 2183 1145 Cum
2210 1109 2306 1145 Laso
2331 1109 2514 1146 Hermio·
2576 1150 2577 1154 Ἰ

1452 1168 1562 1204 nensi
1576 1197 1587 1215 ,
1611 1180 1726 1218 quem
1747 1168 1817 1205 sub
1840 1168 2023 1205 Pisistrati
2041 1166 2122 1204 filio
2143 1167 2367 1217 Hipparcho
2387 1169 2513 1206 Athe·
2578 1219 2579 1223 Ἰ
2610 1181 2612 1195 ³

1452 1227 1510 1264 nis
1531 1228 1819 1278 peregrinatum
1848 1240 1925 1264 esse
1951 1227 2088 1263 scribit
2118 1226 2342 1265 Herodotus
2359 1229 2442 1278 VII,
2470 1227 2511 1274 6,

1455 1287 1662 1335 quominus
1691 1287 1908 1324 collocutus
1925 1287 1973 1322 sit
1995 1286 2276 1335 Xenophanes,
2295 1293 2512 1336 temporum

1455 1348 1622 1384 rationes
1641 1359 1721 1384 non
1751 1347 1921 1385 obstant.
1943 1347 2071 1395 Quare
2097 1359 2178 1383 non
2205 1353 2261 1382 est
2281 1346 2389 1396 quod
2413 1346 2513 1383 hanc

1452 1407 1780 1443 narratiunculam
1799 1419 1927 1443 veram
1949 1419 2025 1443 esse
2043 1418 2240 1456 negemus.

1511 1479 1570 1505 10.
1593 1468 1709 1518 Diog.
1725 1469 1854 1507 Laert.
1870 1468 1941 1517 ΙΧ,
1960 1479 2009 1504 20
2025 1479 2035 1506 ε
2055 1464 2338 1518 Ἐμπεδοκλέους
2356 1464 2512 1510 εἰπόντος

1454 1525 1571 1578 αὐτῷ,
1594 1525 1648 1565 ὅτι
1678 1523 1859 1578 ἀνεύρετός
1881 1525 1974 1564 ἐστιν
2007 1528 2026 1564 ὁ
2057 1524 2184 1578 σοφός,
2216 1524 2396 1577 Εἰκότως,
2423 1523 2513 1579 ἔφη·
2580 1522 2583 1523 ’

1455 1584 1562 1638 σοφὸν
1590 1583 1660 1638 γὰρ
1694 1577 1782 1623 εἶναι
1811 1584 1864 1623 δεῖ
1895 1585 1953 1624 τὸν
1988 1584 2268 1636 ἐπιγνωσόμενον
2299 1584 2358 1623 τὸν
2391 1584 2512 1640 σοφόν.

1452 1646 1636 1695 Diogenis
1664 1646 1783 1682 verba
1827 1646 2068 1695 transcripsit
2095 1646 2308 1695 Hesychius
2343 1647 2513 1684 Milesius
2576 1674 2583 1681 .

1451 1716 1539 1752 pag.
1561 1708 1609 1747 42
1631 1704 1692 1742 ed.
1714 1705 1834 1741 Orell.
1869 1704 1946 1741 Sed
1972 1706 2003 1741 si
2019 1705 2284 1754 Xenophanes
2308 1705 2388 1743 fere
2412 1706 2515 1744 intra
2582 1710 2583 1714 ’

1453 1764 1607 1813 Olymp.
1632 1762 1681 1807 45
1711 1771 1748 1800 et
1779 1777 1827 1812 70
1845 1765 1939 1801 vixit
1964 1777 2008 1801 ac
2025 1765 2129 1802 circa
2145 1766 2205 1804 Ol.
2227 1765 2278 1803 60
2301 1763 2450 1812 floruit,
2470 1773 2515 1803 ut

1453 1824 1676 1860 Karstenius
1696 1824 1838 1873 aliique
1855 1823 2105 1872 conjecerunt
2116 1852 2127 1871 ,
2143 1825 2251 1862 nulla
2271 1825 2400 1876 potuit
2415 1826 2517 1864 inter

1452 1884 1556 1920 hunc
1598 1891 1637 1920 et
1669 1884 1950 1933 Empedoclem
1983 1897 2062 1922 esse
2100 1885 2366 1934 consuetudo,
2397 1899 2514 1937 quem

1453 1943 1555 1979 intra
1571 1942 1725 1992 Olymp.
1750 1955 1798 1990 72
1818 1950 1855 1980 et
1877 1942 1925 1991 87
1946 1944 2084 1981 vixisse
2106 1944 2257 1982 idoneis
2279 1947 2513 1996 argumentis

1452 2010 1582 2039 nostra
1615 2003 1804 2039 memoria
1837 2003 1884 2039 ab
1916 2002 2076 2039 eruditis
2103 2003 2406 2043 demonstratum
2438 2013 2508 2045 est.

1453 2063 1588 2111 Itaque
1615 2062 1690 2099 hoc
1724 2062 1872 2098 dictum
1907 2063 2142 2112 Xenophani
2171 2065 2331 2102 attribui
2353 2065 2510 2116 nequit,

1453 2123 1520 2160 sed
1537 2124 1584 2160 ab
1602 2135 1648 2159 eo
1666 2124 1862 2159 inventum
1885 2135 1964 2160 esse
1981 2131 2142 2172 apparet
2154 2151 2165 2170 ,
2193 2125 2260 2174 qui
2276 2137 2398 2174 quum
2423 2127 2512 2163 Em-

1452 2183 1656 2232 pedoclem
1679 2183 1719 2218 in
1749 2183 1917 2219 carmine
1937 2195 2006 2220 suo
2027 2184 2262 2234 Xenophani
2281 2185 2509 2223 oblocutum

1453 2244 1654 2293 reperisset
1685 2242 1763 2293 (cf.
1798 2243 1959 2281 Aristot.
1984 2245 2041 2280 De
2063 2242 2149 2282 coel.
2186 2245 2247 2294 11,
2273 2244 2318 2282 13
2349 2258 2390 2295 p.
2417 2244 2510 2292 364,

1453 2305 1486 2339 D
1505 2302 1534 2352 ),
1557 2303 1690 2340 ambos
1722 2301 1858 2339 eodem
1881 2310 2056 2352 tempore
2085 2303 2232 2354 degisse
2263 2310 2301 2341 et
2322 2317 2512 2343 commer-

1454 2363 1557 2399 cium
1583 2363 1684 2399 inter
1702 2373 1742 2399 se
1763 2361 1963 2410 quoddam
1983 2362 2159 2400 habuisse
2178 2370 2375 2403 statueret.

1515 2435 1577 2461 11.
1610 2421 1837 2459 Plutarchus
1864 2421 1953 2460 adv.
1976 2422 2097 2462 Stoic.
2126 2436 2165 2472 p.
2197 2423 2298 2466 1084
2332 2422 2453 2474 (tom.
2473 2423 2513 2461 X

1454 2494 1492 2530 p.
1518 2480 1592 2524 462
1617 2480 1681 2519 ed.
1705 2479 1858 2530 Reisk.)
1887 2492 1896 2518 :
1915 2478 1961 2520 ‘0
1979 2479 2042 2530 μὲν
2064 2473 2122 2520 οῧν
2137 2479 2353 2535 Ξενοφάνης,
2373 2481 2515 2533 διηγου-

1455 2539 1561 2589 μένου
1579 2537 1670 2583 τινὸς
1684 2537 1839 2590 ἐγχέλεις
1859 2538 2054 2593 ἑωρακέναι
2069 2541 2103 2578 ἔν
2122 2541 2224 2579 ὕδατι
2245 2542 2366 2595 Θερμῷ
2380 2540 2511 2590 ζώσας,

1454 2600 1593 2638 Οὐκοῦν
1607 2628 1616 2645 ,
1636 2590 1731 2636 εἶπεν
1743 2627 1753 2646 ,
1773 2599 1808 2637 ἐν
1827 2599 1956 2653 ψυχρῷ
1972 2599 2079 2645 αὐτὰς
2104 2601 2296 2655 ἑψήσομεν.

1512 2672 1573 2696 12.
1596 2660 1787 2709 Diogenes
1806 2661 1981 2697 Laertius
2001 2661 2076 2707 IX,
2109 2675 2155 2712 19
2184 2662 2418 2712 Xenophani
2435 2661 2514 2701 hoc

1452 2726 1689 2769 praeceptum
1719 2719 1875 2756 ascribit
1908 2731 1917 2758 ε
1944 2726 2015 2763 τοῖς
2032 2720 2213 2773 τυράννοις
2241 2719 2467 2774 ἐντυγχάνειν
2487 2719 2512 2769 ἦ

1452 2780 1498 2822 ὡς
1521 2777 1651 2824 ἥκιστα
1673 2776 1696 2825 ἢ
1714 2779 1760 2822 ὡς
1773 2777 1915 2825 ἥδιστα.
1937 2781 2126 2818 Eumdem
2145 2781 2225 2830 ejus
2239 2789 2439 2820 auctorem
2457 2781 2515 2820 fe-

1452 2846 1544 2874 runt
1573 2838 1784 2887 Hesychius
1812 2839 1978 2876 Milesius
2007 2852 2046 2889 p.
2066 2844 2115 2884 42
2138 2841 2202 2880 ed.
2224 2841 2343 2880 Orell.
2365 2849 2405 2879 et
2422 2841 2511 2880 Sui-

1455 2897 1521 2934 das
1537 2910 1573 2935 v.
1591 2894 1723 2942 ἥκιστα
1737 2925 1748 2944 ,
1765 2898 1833 2945 qui
1854 2905 1891 2934 et
1911 2899 2072 2935 alterum
2092 2899 2167 2936 hoc
2188 2900 2335 2938 dictum
2355 2900 2510 2950 adjicit:

1452 2953 1582 3001 ἥκιστα
1604 2955 1761 3005 μελῆσαι
1781 2954 1901 2999 αὐτοῖς
1921 2956 2017 3005 (τοῖς
2033 2956 2231 3009 τυράννοις)
2248 2960 2311 3006 τῆς
2334 2958 2511 3006 ἀληθείας.

1452 3017 1501 3052 At
1519 3016 1550 3052 si
1566 3013 1661 3052 fides
1676 3014 1830 3053 Valerio
1847 3017 2015 3054 Maximo
2032 3020 2102 3055 VII
2115 3047 2125 3065 ,
2147 3032 2186 3065 2,
2203 3032 2265 3058 ex.
2289 3032 2349 3067 11,
2363 3021 2512 3058 Aristo-

1452 3075 1544 3112 teles
1575 3075 1841 3112 Callisthenem
1872 3077 2088 3114 auditorem
2119 3091 2230 3114 suum
2259 3079 2310 3115 ad
2344 3077 2511 3116 Alexan·

1452 3134 1566 3170 drum
1581 3133 1776 3171 dimittens
1800 3136 1951 3172 monuit
1965 3165 1975 3184 ,
1997 3143 2040 3173 ut
2058 3149 2146 3174 cum
2164 3150 2211 3174 eo
2233 3144 2299 3174 aut
2320 3138 2512 3176 rarissime

1452 3201 1518 3230 aut
1548 3206 1663 3243 quam
1690 3193 1966 3243 jucundissime
2001 3197 2246 3246 loqueretur3
2279 3211 2363 3247 quae
2393 3198 2509 3236 verba

1451 3253 1631 3302 leguntur
1664 3253 1780 3290 etiam
1818 3253 1924 3304 apud
1957 3257 2201 3293 Ammiauum
2243 3257 2510 3294 Marcellinum

1453 3312 1522 3348 lib.
1540 3312 1690 3358 XVIII,
1716 3325 1758 3361 p.
1794 3312 1879 3350 118.
1912 3314 2010 3352 Inde
2031 3315 2188 3365 colligas
2213 3317 2405 3353 incertum
2431 3329 2510 3354 esse

1452 3370 1564 3419 hujus
1584 3371 1686 3408 effati
1703 3378 1913 3409 auctorem.
