2612 3814
1118 271 2339 319 ORPHICA.109

230 375 273 412 in
293 372 435 428 σύῤῥα”
423 386 451 409 1.
468 383 504 410 e.
524 367 586 408 σύν
608 370 652 422 ῥα
667 365 816 421 πεφύκει
830 367 892 404 vel
909 361 1139 416 συνεπεφύκει
1155 362 1211 416 ῥα.

230 426 1115 474 SimiliterProclusinPlat.Parmenid.111,p.
1134 435 1209 462 22:

230 492 276 533 ‘0
298 490 361 544 μὲν
380 489 450 542 γὰρ
470 485 619 542 Ὀρφευς
639 485 730 538 μετὰ
750 484 814 534 τὴν
833 483 1030 524 κατάποσιν
1053 487 1113 522 τοῦ
1128 480 1212 524 Φά-

229 567 332 601 νητος
352 551 386 589 ἐν
406 550 458 602 τῷ
482 547 540 588 Διὶ
558 546 603 586 τὰ
623 546 741 586 πάντα
755 544 935 600 γεγονέναι
953 543 1053 599 φησί.
1045 545 1070 595 .)

179 645 211 671 10
231 628 319 674 Ζευς
337 630 474 682 πρῶτος
489 626 627 679 γένετο,
645 624 762 670 Ζευς“
752 623 902 668 ύστατος
923 621 1190 677 ἀρχικέραυνος,

231 688 320 734 Ζευς
340 686 502 743 κεφαλή,
533 685 623 732 Ζευς
646 685 776 738 μέσσα.
807 685 885 729 Διὸς
907 685 938 723 δ’
956 687 997 723 ἐκ
1022 682 1140 721 πάντα
1157 678 1214 719 τέ-

614 764 619 768 ·
1063 742 1214 794 [τυκται.

231 806 319 854 Ζευς
340 807 452 861 ἄρσην
476 804 621 860 γένετο,
640 804 730 850 Ζεὺς
744 803 923 857 ἄμὸροτος
942 802 1067 841 ἔπλετο
1077 800 1213 853 νύμφη,

233 867 323 913 Ζεὺς
341 865 483 920 πυθμὴν
504 864 608 919 γαίης
629 881 668 904 τε
691 864 752 904 καὶ
775 864 922 918 οὐρανοῦ
940 861 1185 916 ἀστερόεντος,

234 927 322 973 Ζεὺς
338 926 442 975 πνοιὴ
464 925 621 974 πάντων,
644 923 732 970 Ζεὺς
755 923 939 976 ἀκαμάτου
958 922 1065 977 πυρὸς
1085 920 1195 975 ὁρμή,

179 1003 212 1030 15
236 986 324 1033 Ζευς
342 986 473 1027 πόντου
494 986 594 1040 ῥίζα,
615 985 702 1031 Ζεὺς
721 985 818 1034 ἥλιος
835 983 898 1032 ἠδὲ
914 982 1044 1031 σελήνη
1056 1012 1067 1033 ,

233 1047 321 1092 Ζευς
337 1049 444 1102 βασι)
450 1045 524 1094 εύς,
547 1044 636 1090 Ζευς
654 1046 758 1091 αὐτὸς
779 1043 945 1083 ἁπάντων
961 1044 1084 1096 ἀρχιγε
1070 1041 1216 1086 ένεθλος.

230 1108 267 1148 ἓν
284 1108 431 1162 κράτος,
451 1109 498 1151 εἱς
519 1105 655 1158 δαίμων
673 1104 813 1158 γένετο,
831 1101 943 1157 μέγας
964 1101 1072 1156 ἀρχος
1093 1101 1218 1141 ἇπάν-

1114 1162 1216 1214 [των,

232 1228 268 1268 ἓν
289 1227 325 1267 δὲ
344 1226 454 1298 δέμας
470 1224 692 1279 βασίλειον,’
677 1241 711 1263 εν
728 1219 757 1278 ὣ
777 1222 860 1263 τάδέ
875 1221 993 1263 πάντα
1014 1223 1218 1272 κυκλεῖται,

230 1290 301 1341 πῦρ
333 1286 393 1326 καὶ
419 1285 526 1338 ὕδωρ,
546 1283 606 1323 καὶ
633 1288 721 1337 γαῖα
755 1283 817 1322 καὶ
840 1281 963 1335 αἰθήρ,
998 1280 1056 1327 νύξ
1091 1297 1129 1320 τε
1157 1281 1219 1321 καὶ

1085 1335 1217 1395 [view

176 1420 213 1446 20
231 1405 291 1445 καὶ
311 1407 447 1455 Μῆτις,
466 1405 603 1458 πρῶτος
625 1402 798 1457 γενέτωρ,
820 1400 882 1441 καὶ
901 1398 1022 1455 Ἔρως
1042 1403 1219 1454 πολυτερ-

1114 1461 1219 1514 [wic-

231 1524 348 1564 πάντα
365 1524 433 1579 γὰρ
455 1525 488 1564 ἓν
510 1522 621 1572 Ζηνὸς
642 1522 789 1577 μεγάλῳ
809 1522 893 1563 τάδε
913 1520 1052 1573 σώματι
1073 1527 1202 1560 κεῖται.

235 1588 296 1624 τοῦ
310 1584 357 1633 δή
378 1601 431 1625 τοι
453 1583 590 1638 κεφαλὴ
614 1581 678 1634 μὲν
699 1583 784 1621 ἰδεῖν
806 1582 866 1621 καὶ
882 1580 977 1621 καλὰ
991 1579 1167 1634 πρόσωπα

235 1644 378 1698 οὐρανὸς
399 1643 558 1697 αἷγλήεις
575 1674 585 1693 ,
607 1641 644 1682 ὃν
663 1641 815 1695 χρύσεαι
835 1641 944 1696 ἀμφὶς
961 1639 1094 1694 ἔθειραι

235 1703 374 1758 ἄστρων
395 1702 611 1758 μαρμαρέων
632 1701 863 1754 περικαλλέες
884 1699 1112 1754 ἠερέθονται,

179 1778 215 1804 2⁵
234 1764 366 1818 ταύρεα
379 1764 418 1803 ’δ’
438 1761 667 1817 ἀμφοτέρωθε
688 1760 749 1801 δύο
767 1760 918 1814 χρύσεια
937 1760 1071 1813 κέρατα

236 1821 380 1871 ἀντολίη
401 1839 440 1861 τε
454 1822 549 1867 δύσις
568 1837 626 1871 τε,
647 1823 732 1860 θεῶν
757 1820 827 1860 ὁδοὶ
844 1820 1082 1874 οὖρανιώνων.

233 1882 380 1935 ὄμματα
396 1882 424 1921 δ’
446 1880 565 1929 ἠέλιός
581 1897 620 1920 τε
640 1880 702 1920 καὶ
720 1879 897 1925 ἀντιόωσα
925 1879 1072 1927 σελήνη.

234 1946 311 1987 ’νους
332 1941 369 1981 δέ
385 1943 415 1981 οἱ
433 1940 607 1996 ἀψευδής,
625 1939 820 1994 βασιλήιος,
835 1939 977 1994 ἄφθιτος
999 1938 1120 1992 αἷθηρ·

234 1996 263 2056 ᾧ
281 2000 322 2050 δὴ
344 2001 461 2042 πάντα
493 1999 592 2039 κλύει
624 1999 686 2038 καὶ
700 1999 910 2071 φράζεται,
945 1999 1024 2039 οὐδέ
1054 2014 1117 2072 τιςν
1125 1998 1218 2037 ἐστὶν

180 2075 217 2103 80
237 2060 326 2109 αὐδὴ
347 2060 417 2101 οὔτ’
436 2059 564 2108 ε’νοπη,
583 2059 654 2099 οὔτ’
678 2063 720 2098 αὖ
738 2057 892 2109 κτύπος,
914 2057 994 2098 οὐδὲ
1010 2057 1072 2110 μὲν
1095 2056 1198 2106 ὅσσα,

236 2122 259 2170 ἢ
281 2121 381 2168 λήθει
401 2120 483 2166 Διος
500 2124 582 2164 οὖας
596 2149 607 2168 ,
626 2122 800 2171 υπερμενε
804 2135 837 2164 ος
857 2118 1067 2173 Κρονίωνος.

236 2173 304 2220 ὧδε
324 2178 387 2232 μὲν
410 2178 588 2227 ἀθανάτην
611 2176 807 2231 κεφαλὴν”
788 2193 863 2251 εᾼει
883 2177 945 2226 ἠὲδ
960 2176 1098 2229 νόημα,

234 2242 342 2291 σῶμα
364 2238 401 2278 δε
422 2240 454 2278 οἳ
480 2237 712 2293 πυριφεγγές,
737 2237 928 2290 ἀπείριτον,
947 2239 1078 2291 ἀστυφε
1065 2238 1218 2289 έλικτον,

236 2299 409 2376 ἄτρομον,
428 2298 696 2373 ὂὸριμόγυιον,’
684 2313 818 2373 υπερμε
803 2296 873 2342 ενὲς
895 2292 963 2337 ὧδε
981 2297 1157 2337 τέτυκται.

181 2373 216 2401 85
235 2353 328 2412 ωμοι
345 2359 408 2413 μὲν
429 2359 490 2398 καὶ
506 2358 634 2412 στέρνα
649 2374 710 2397 και
732 2356 834 2410 εὐρέα
851 2359 948 2396 νῶτα
969 2358 1058 2397 θεοῖο

1357 361 1379 397 ἀ
1397 374 1426 412 ιρ
1448 354 1632 410 εὗρυὸίης,
1651 352 1822 407 πτέρυγες
1842 352 1879 392 δέ
1894 354 1924 392 οἳ
1945 352 2151 407 ἐξεφύοντο,

1355 421 1420 472 τῇς
1445 416 1503 456 ἐπὶ
1523 413 1642 455 πάντα
1658 414 1794 454 ποτᾶθ’·
1810 411 1887 464 ἱερὴ
1909 411 1945 450 δέ
1960 411 2030 451 οῖ’
2013 413 2138 450 επλετο
2154 408 2258 459 νηδυς

1356 476 1443 532 γαῖά
1461 491 1498 515 τε
1512 472 1736 526 παμμητειρ’
1738 503 1749 522 ,
1766 471 1874 526 ὀρέων
1897 471 1927 509 τ’
1945 471 2086 510 αἰπεινὰ
2107 470 2266 524 κάρηνα,

1358 537 1475 590 μέσση
1496 534 1532 574 δὲ
1545 534 1636 584 ζώνη
1655 532 1853 587 βαρυηχέος
1870 525 1978 583 οἶδμα
1998 530 2180 578 θαλάσσης

1303 614 1339 639 40
1359 598 1420 638 καὶ
1438 596 1588 636 πόντου·
1605 593 1756 671 πυμάτη
1781 592 1817 632 δὲ
1842 591 1943 646 βάσις
1963 590 2086 645 χθονος
2107 590 2218 629 ἔνδοθι
2237 590 2342 643 ῥίζαι,

1358 658 1518 712 τάρταρα
1539 656 1567 696 δ’
1584 655 1758 710 εὐρώεντα
1778 651 1874 693 nul*
1854 667 1994 705 εσχατα
2013 650 2167 704 πείρατα
2182 649 2300 703 γαίης.

1361 716 1479 758 πάντα
1497 716 1527 757 δ’
1548 713 1757 769 ἀποκρύψας
1777 706 1874 757 αυτις
1891 711 1976 765 φάος
1992 712 2026 756 ἐς
2042 709 2219 763 πολυγηθὲ
2225 725 2240 754 ς

1359 776 1395 824 ἐξ
1415 778 1512 832 ῖερῆς
1528 773 1675 829 κραδίης
1692 772 1926 826 ἀνενέγκατο,
1947 769 2110 824 μέρμερα
2132 768 2253 824 ῥέζων.

1416 875 1493 926 (Vs.
1519 872 1646 918 10-43
1672 871 1839 909 servavit
1857 868 2042 907 Eusebius
2059 869 2182 917 Praep.
2203 864 2346 915 Evang.

1359 948 1449 985 pag.
1478 946 1551 971 100
1570 935 1620 981 Β,
1637 933 1730 969 item
1756 931 1930 969 Stobaeus
1953 929 2088 978 Eclog.
2112 928 2226 975 Phys.
2241 926 2310 962 lib.
2329 926 2349 962 I

1361 1008 1443 1045 cap.
1466 1008 1503 1042 2,
1540 993 1607 1042 23,
1630 1000 1725 1031 tom.
1747 992 1766 1028 I
1786 1003 1874 1041 pag.
1897 989 1942 1026 16
1962 1001 2044 1037 seq.
2066 986 2128 1024 ed.
2150 986 2346 1024 Gaisford.

1362 1054 1468 1104 apud
1501 1066 1616 1103 quem
1647 1059 1776 1089 tamen
1801 1063 1858 1089 vs.
1902 1053 1965 1093 14-
1977 1046 2058 1085 15:
2081 1043 2168 1090 Ζευς
2187 1042 2349 1091 πνοιὴ-

1362 1113 1494 1161 σελήνη
1510 1114 1756 1151 omittuntur.
1779 1111 1940 1148 Initium
1963 1107 2054 1144 inde
2074 1119 2096 1144 a
2114 1119 2167 1144 vs.
2194 1105 2346 1145 10-16:

1361 1173 1449 1218 Ζεὺς
1473 1169 1914 1226 πρῶτος-ἀρχιγένεθλος
1949 1176 1988 1206 et
2014 1174 2233 1217 postremos
2253 1166 2351 1203 duos

1362 1247 1490 1272 versus
1510 1232 1627 1271 πάντα
1649 1232 1679 1269 δ’
1698 1226 2074 1281 ἀποκρύψας-ῥέζων
2096 1227 2216 1263 habet
2233 1227 2350 1263 etiam

1362 1295 1587 1333 Aristoteles
1617 1292 1666 1330 de
1694 1290 1843 1328 Mundo
1870 1302 1956 1338 cap.
1990 1301 2030 1336 7.
2064 1285 2119 1323 Ex
2138 1287 2196 1323 his
2228 1286 2351 1323 tribus

1363 1354 1534 1391 fontibus
1553 1355 1593 1390 in
1608 1363 1747 1402 magna
1765 1351 1965 1399 scripturae
1983 1347 2171 1384 varietate
2184 1346 2350 1395 optimas

1364 1426 1535 1463 quasque
1557 1413 1741 1450 lectiones
1764 1410 1960 1460 elegimus.
1982 1407 2095 1445 Adde
2119 1405 2228 1455 quod
2254 1404 2349 1443 Pro-

1364 1474 1445 1510 clus
1471 1474 1601 1522 plures
1630 1483 1759 1508 versus
1789 1482 1858 1506 suo
1890 1469 1932 1504 in
1967 1466 2139 1504 Platonis
2167 1466 2351 1502 Timaeum

1365 1532 1643 1570 commentario
1659 1531 1722 1568 hic
1743 1529 1822 1565 illic
1844 1527 2019 1574 inseruit,
2033 1538 2150 1575 quem
2166 1524 2236 1561 ubi
2253 1537 2352 1574 opus

1364 1591 1568 1628 videbatur
1585 1589 1856 1627 consuluimus.
1887 1587 1960 1623 Hic
1977 1592 2100 1622 autem
2123 1596 2209 1634 pag.
2232 1582 2283 1634 95
2320 1585 2351 1622 E

1367 1650 1632 1700 explicationis
1653 1660 1766 1686 causa
1786 1647 1893 1683 addit
1909 1658 1918 1684 :
1937 1645 2020 1683 Τῶν
2039 1642 2075 1682 δὲ
2094 1642 2196 1681 ἰδεῶν
2213 1640 2351 1695 πλήρης

1366 1708 1413 1747 ὢν
1438 1708 1496 1747 διὰ
1515 1706 1647 1747 τούτων
1682 1708 1716 1745 ἐν
1738 1707 1853 1758 ἑαυτῷ
1883 1703 1927 1742 τὰ
1948 1701 2014 1742 δ’λα
2041 1701 2286 1756 περιείληφεν,
2305 1703 2353 1745 ὡς

1365 1768 1425 1808 καὶ
1444 1771 1547 1807 τοῦτο
1566 1765 1826 1817 ἐνδεικνύμενος
1849 1766 1867 1803 ὃ
1887 1761 2047 1814 θεολόγος
2069 1759 2247 1814 ἐπήγαγε·
2264 1759 2354 1805 Ζευς

1365 1830 1503 1880 πρῶτος
1531 1828 1611 1867 κτλ.
1633 1827 1855 1864 Aristoteles
1886 1837 1980 1862 vero
2010 1824 2093 1861 haec
2122 1823 2351 1873 praemittit:

1366 1885 1540 1941 Οὐράνιός
1549 1902 1586 1925 τε
1600 1902 1659 1925 και
1647 1884 1816 1938 χθόνιος,
1826 1882 1944 1931 πάσης
1958 1880 2143 1934 ἐπώνυμος
2151 1879 2201 1919 ὢν
2214 1879 2353 1934 φύσεώς

1363 1963 1402 1986 τε
1419 1946 1479 1985 καὶ
1498 1945 1608 1999 τύχης
1627 1943 1689 1985 ἅτε
1707 1943 1852 1983 πάντων
1874 1941 1977 1987 αὐτὸς
1999 1940 2108 1986 αἴτιος
2125 1939 2192 1980 ὤν.
2216 1940 2279 1979 Διο
2294 1939 2355 1978 καὶ

1365 2007 1399 2045 ἐν
1417 2006 1488 2049 τοῖς
1510 2005 1695 2059 Ὀρφικοῖς
1723 2005 1761 2043 06
1783 2005 1900 2047 κακῶς
1922 2001 2078 2054 λέγεται·
2103 1999 2191 2045 Ζευς
2211 2003 2354 2052 πρῶτος

1363 2067 1444 2106 κτλ.
1466 2067 1530 2105 Vs.
1550 2068 1600 2104 28
1621 2067 1714 2103 citat
1734 2063 2036 2114 olympiodorus
2059 2063 2099 2098 in
2118 2061 2268 2099 Phileb.
2285 2060 2354 2096 ubi

1363 2140 1437 2177 pro
1458 2119 1514 2164 οἶα
1531 2124 1661 2178 ψευδὴς
1681 2124 1888 2175 legendum
1909 2123 1940 2160 οἱ
1958 2119 2139 2175 ἀψευδής.)

1776 2213 1861 2252 VII.

1367 2295 1499 2344 Τήκων
1518 2295 1642 2348 αἰθέρα
1661 2297 1746 2343 δῖον,
1768 2293 1932 2341 ἀκίνητον
1955 2291 2038 2345 πρὶν
2054 2291 2177 2342 ἐόντα,

1369 2355 1556 2410 ἕξανέφηνε
1577 2359 1663 2399 θεοῖς
1683 2354 1777 2407 ὥραν
1799 2353 1988 2393 κάλλιστον
2009 2352 2160 2400 ἰδέσθαι,

161 2436 2328 2455 Ἦμμ-Μ

150 2491 284 2532 >Jupiter
300 2490 424 2532 primus
440 2491 501 2530 est,
515 2489 644 2531 Jupiter
665 2488 798 2521 ultimus
815 2488 958 2520 fulminis
982 2488 1178 2528 moderator,

155 2551 283 2593 Jupiter
299 2552 411 2591 caput,
426 2549 554 2592 Jupiter
573 2548 730 2582 medium.
747 2549 775 2581 E
791 2549 873 2581 Jove
890 2548 1007 2580 cuncta
1031 2549 1119 2580 sunt.

157 2611 284 2653 Jupiter
297 2618 366 2642 mas
380 2611 440 2650 est,
457 2609 585 2650 Jupiter
604 2607 747 2650 nympha
760 2609 810 2640 est
823 2606 1015 2639 immortalis
1024 2630 1034 2647 ‚

157 2670 285 2713 Jupiter
303 2669 556 2702 fundamentum
575 2669 670 2701 terrae
683 2669 716 2700 et
732 2666 805 2700 coeli
821 2665 978 2705 stelliferi,

159 2730 286 2772 Jupiter
303 2730 496 2762 cunctorum
514 2726 656 2770 spiritus,
671 2726 801 2768 Jupiter
814 2726 894 2767 ignis
912 2724 1060 2758 indefessi
1074 2725 1224 2766 impetus,

158 2790 287 2831 Jupiter
306 2788 426 2821 fundus
445 2788 558 2829 maris,
577 2787 706 2829 Jupiter
727 2785 821 2819 solet
835 2784 930 2826 luna,

158 2849 286 2891 Jupiter
303 2857 370 2890 rex,
386 2848 513 2890 Jupiter
527 2847 595 2889 ipse
613 2846 740 2888 generis
756 2845 905 2878 omnium
920 2846 1046 2877 auctor.

159 2910 230 2942 Una
241 2909 302 2949 vis,
316 2917 403 2941 uuus
419 2907 497 2941 deus
510 2909 572 2948 est,
590 2908 735 2948 ‘magnus
752 2905 901 2939 omnium
918 2906 1036 2945 rector,

162 2977 265 3002 unum
286 2969 398 3002 autem
419 2977 536 3009 corpus
555 2969 691 3008 regium,
711 2967 744 2999 in
763 2975 830 3008 quo
851 2966 923 3000 haec
942 2965 1050 2998 omnia
1068 2972 1224 2997 circuma-

161 3027 242 3070 iguis
258 3028 290 3061 et
306 3036 403 3070 aqua,
422 3029 508 3060 terra
530 3027 562 3060 et
581 3027 696 3067 aether,
715 3035 779 3059 nox
797 3027 830 3059 et
848 3025 928 3067 dies,
1076 3024 1225 3066 [guntur,

161 3087 318 3128 etMetis,
338 3087 461 3129 primus
478 3087 616 3128 genitor,
632 3087 664 3120 et
679 3089 778 3119 Amor
790 3085 928 3128 placitus
943 3096 951 3127 ;

161 3147 270 3180 omnia
282 3147 369 3181 enim
387 3147 457 3180 haec
475 3147 508 3179 iu
526 3156 640 3188 magno
657 3146 749 3180 Jovis
765 3154 899 3188 corpore
919 3145 1040 3186 jacent.

165 3207 268 3248 Huius
282 3207 381 3248 igitur
399 3208 497 3248 caput
515 3209 547 3239 et
561 3206 697 3248 pulchra
716 3206 814 3239 facies
836 3204 957 3238 videnti
971 3204 1103 3246 apparet

164 3266 283 3299 ooelum
302 3265 520 3308 splendidum,
540 3266 626 3299 unde
641 3274 747 3299 aureae
764 3264 976 3298 circumcirca
987 3262 1226 3295 coruscantium

164 3323 307 3358 siderum
319 3333 432 3366 comae,
453 3324 691 3366 pulchritudine
711 3324 862 3365 insignes,
876 3331 1040 3365 suspensae
1055 3322 1132 3354 sunt
1147 3345 1156 3361 ,

165 3385 198 3417 et
214 3383 340 3417 taurina
354 3384 516 3427 utrimque
537 3383 602 3417 duo
625 3393 720 3416 aurea
734 3392 868 3423 cornua,

166 3444 273 3477 oriens
288 3445 320 3477 et
330 3443 489 3485 occidens,
506 3443 639 3477 deorum
661 3443 838 3476 coelestium
854 3442 930 3475 viae.

167 3504 264 3538 Oculi
284 3513 359 3538 vero
371 3507 447 3537 sunt
464 3505 511 3537 sol
531 3507 563 3538 et
579 3505 728 3546 opposita
745 3504 834 3537 luna.

170 3565 262 3597 Mens
279 3573 387 3598 errore
407 3563 505 3597 libera
522 3565 549 3597 ei
568 3564 618 3598 est
635 3564 741 3605 regius
761 3565 857 3604 alque
871 3560 1061 3595 immortalis
1074 3560 1191 3601 aetller,

1287 2495 1351 2527 quo
1369 2487 1485 2518 cuncta
1502 2484 1592 2516 audit
1606 2486 1703 2524 atque
1719 2482 1962 2521 animadvertit,
1980 2490 2085 2522 neque
2100 2482 2149 2512 est

1288 2541 1338 2573 vel
1352 2541 1454 2573 oratto
1472 2538 1522 2571 vel
1533 2538 1671 2578 sonitus,
1686 2538 1738 2571 vel
1754 2537 1919 2579 strepitus,
1934 2537 1987 2569 vel
2016 2545 2077 2568 vox
2089 2559 2098 2575 ,

1290 2606 1364 2638 quae
1386 2595 1486 2636 fugiat
1505 2595 1598 2628 Jovis
1610 2619 1620 2636 ,
1638 2594 1848 2636 praepotentis
1864 2592 2026 2633 saturnii,
2043 2600 2149 2624 aures.

1287 2654 1340 2686 Sic
1357 2654 1454 2694 caput
1470 2651 1654 2684 immortale
1670 2650 1769 2683 habet
1782 2653 1814 2683 et
1828 2652 1971 2682 mentem
1983 2674 1992 2690 ,

1288 2710 1334 2741 sic
1360 2711 1468 2741 autem
1489 2717 1607 2749 corpus
1629 2707 1658 2740 ei
1674 2716 1844 2740 coruscum
1859 2731 1868 2746 ,
1886 2706 2150 2745 interminatum,
2179 2704 2353 2736 inconcus-

1288 2767 1480 2806 immotum,
1501 2765 1693 2805 robustum,
1710 2763 1921 2805 praevalidum
1936 2764 1996 2796 est.
2242 2760 2326 2802 [sum
2339 2784 2348 2800 ,

1291 2821 1422 2853 Humeri
1440 2819 1571 2862 quidem
1589 2822 1621 2852 et
1638 2820 1750 2860 pectus
1765 2818 1935 2859 latumque
1953 2817 2005 2850 dei
2025 2819 2150 2858 tergum

1287 2886 1341 2909 aer
1359 2876 1421 2909 late
1437 2877 1549 2917 potens
1562 2875 1632 2916 est,
1650 2874 1710 2907 alae
1730 2883 1809 2907 vero
1825 2874 1855 2906 ei
1872 2876 1978 2906 enatae
1996 2874 2092 2913 sunt,

1289 2933 1407 2975 quibus
1423 2931 1463 2964 ad
1483 2930 1593 2964 omnia
1607 2930 1738 2963 advolat
1756 2943 1764 2964 ι
1786 2931 1918 2962 sanctus
1932 2930 2040 2962 autem
2057 2928 2086 2961 ei
2102 2929 2211 2960 uterus
2231 2928 2282 2959 est

1290 2991 1376 3021 terra
1397 2987 1543 3020 omnium
1562 2987 1664 3019 mater
1682 2985 1867 3027 excelsique
1888 2985 2049 3017 montium
2068 2983 2204 3017 vertices
2216 3007 2226 3023 ‚

1289 3046 1321 3078 at
1337 3043 1479 3078 medium
1496 3042 1661 3084 cingulum
1678 3042 1775 3075 maris
1794 3041 1903 3075 sonori
1924 3049 2038 3082 aequor

1290 3102 1462 3143 pontique3
1477 3101 1509 3133 et
1525 3099 1642 3142 pedum
1664 3099 1781 3140 plantae
1800 3101 1895 3131 terrae
1914 3097 2037 3130 viscera

1288 3158 1508 3198 Tartarusque
1525 3155 1590 3188 situ
1605 3153 1730 3187 obsitus
1746 3155 1779 3186 et
1795 3152 1933 3186 extremi
1950 3153 2109 3185 terrarum
2130 3149 2219 3182 fines.

1289 3213 1350 3247 Sed
1379 3215 1554 3255 postquam
1588 3211 1699 3245 omnia
1735 3210 1930 3250 occultavit,
1968 3216 2080 3241 rursus
2118 3208 2148 3239 in
2175 3204 2352 3248 jucundam

1288 3279 1378 3303 sacro
1395 3278 1412 3302 e
1432 3269 1503 3302 sinu
1522 3268 1664 3311 profert,
1683 3275 1800 3309 magna
1823 3266 1976 3299 efficiens.
2236 3261 2353 3304 [lucem

1291 3402 1492 3441 (procreator
1515 3398 1640 3440 mundi)
1670 3398 1824 3431 aetlierem
1852 3388 2021 3435 divinum,
2043 3394 2132 3436 prius
2160 3391 2349 3429 immotum,

2134 3442 2353 3486 [liquefaciens

1292 3505 1353 3538 diis
1372 3503 1585 3547 spectandum
1607 3502 1754 3537 exhibuit
1777 3502 1873 3535 mtate
1892 3500 2058 3533 florentem
2083 3494 2352 3539 pulcherrimum-

2110 3547 2185 3590 [que
2202 3548 2351 3589 aspectu,
