2612 3814
951 268 1004 309 IN
1032 267 1258 309 AUREUM
1286 264 1522 306 CARMEN.

155 356 199 410 ἧς
218 358 354 403 καὶτὰς
373 354 615 407 δαιμονίας
634 352 746 405 τύχα
759 367 774 396 ς
801 349 1037 401 ἀπονέμεσθαι
1054 349 1203 403 ἀνάγκη·

156 413 247 459 εἶναι
282 417 319 458 δὲ
350 417 412 464 τὴν
445 410 581 465 ἑκάστῳ
607 413 888 461 ἀπονεμηθεῖσαν
903 410 1024 457 ἀξίαν,
1052 409 1116 458 τὴν
1145 413 1205 448 νῦν

156 477 349 530 λεγομένην
374 477 554 527 μοῖραν,
590 469 792 523 ἠρτημένην
826 473 887 517 τῆς
905 486 942 509 τε
961 468 1125 523 προνοίας
1146 472 1206 508 τοῦ

157 540 236 575 θεοῦ
263 535 404 582 καὶτῆς
432 533 603 581 κοσμικῆς
631 528 788 574 εὐταξίας
810 529 870 568 καὶ
899 532 961 576 τῆς
991 527 1208 583 ἀνθρωπίνης

156 593 404 648 προαιρέσεως.
478 592 523 630 Εἰ
542 589 610 642 γὰρ
637 588 686 640 μὴ
707 587 761 636 εἴη
782 591 858 627 θεοῦ
885 589 1050 641 πρόνοια,
1076 590 1140 628 οὐκ
1165 587 1207 626 ἂν

158 655 214 702 εἴη
237 653 332 698 τάξις
351 654 386 692 ἐν
407 650 551 703 κόσμῳ,
580 648 623 696 ἣν
641 648 702 687 καὶ
722 649 938 701 εἱμαρμένην
959 646 1002 687 ἂν
1023 646 1114 687 εἴποι
1138 663 1204 691 τις.

159 717 203 755 Εἰ
221 714 258 753 δὲ
278 712 327 761 μὴ
347 715 459 751 ταῦτα
489 709 563 759 εἴη,
585 709 663 756 δίκη
693 707 752 747 καὶ
774 707 884 761 κρίσις
903 710 971 747 τῶν
1000 711 1119 747 κακῶν
1148 704 1208 746 οὒκ

159 773 201 813 ἂν
221 772 365 824 γένοιτο·
388 770 464 809 ἀλλ’
485 768 562 808 οὐδὲ
582 766 668 818 τιμὴ
689 766 748 806 καὶ
769 766 930 819 ἀποδοχή
959 768 1029 805 τῶν
1048 766 1202 818 ἀγαθῶν.

157 829 334 884 Προνοίας
355 829 390 868 δὲ
410 829 514 876 οὔσης
533 829 593 867 καὶ
618 825 767 877 τάξεως,
795 824 928 869 πάντας
948 823 1016 864 ἔδει
1046 823 1126 868 τοὺς
1145 827 1205 862 νῦν

158 888 393 941 γεννωμένους
413 890 481 926 τῶν
497 886 581 926 ἴσων
599 887 737 936 ἀγαθῶν
755 901 803 924 τυ
816 883 925 938 γχάν
937 900 952 923 ε
964 899 1000 922 ιν
1014 912 1025 931 ,
1054 885 1084 922 εἷ
1100 881 1208 934 μηδὲν

157 947 241 1001 παρ’
259 949 392 986 ἑαυτῶν
406 946 452 991 εἷς
465 944 528 992 τὴν
544 943 734 991 ἀνισότητα
745 942 987 1003 συνετέλεσαν.
1011 940 1210 982 Φαίνονται

157 1005 196 1046 δὲ
223 1007 262 1046 οὗ
285 1007 355 1044 τῶν
372 1003 457 1043 ἴσων
475 1003 718 1056 τυγχάνοντες.
781 1001 896 1048 Δῆλον
919 1003 977 1038 οὖν
990 1030 1000 1048 ,
1026 1001 1072 1044 ὡς
1091 999 1130 1038 τὸ
1149 1002 1211 1046 τῆς

158 1063 392 1118 προαιρέσεως
401 1062 534 1111 ἄνισον,
551 1059 745 1106 ὑποὸληθὲν
761 1062 805 1112 effi
821 1062 884 1106 τῆς
902 1056 1064 1111 προνοίας
1084 1057 1209 1110 κρίσει,

157 1125 222 1162 οὔκ
241 1125 282 1176 ἐᾷ
307 1122 369 1169 τὴν
401 1119 480 1167 ἴσην
504 1120 617 1163 αὐτοῖς
648 1117 887 1169 ἀπονέμεσθαι
920 1123 1104 1169 μοῖραν,
1139 1116 1211 1168 εἴγε

157 1184 227 1221 τῶν
248 1182 333 1233 πρὸς
350 1179 447 1225 ἀξίαν
469 1178 606 1229 ἀνάγκη
636 1177 836 1229 τυγχάνειν.
909 1174 974 1223 Μὴ
1006 1175 1211 1231 ταραττέτω

160 1240 195 1279 δὲ
218 1244 310 1292 ἡμᾶς
328 1239 366 1278 τὸ
386 1238 445 1277 καὶ
463 1237 521 1277 ἐπὶ
541 1235 638 1290 ζῴων
660 1236 793 1286 ἀλόγων
805 1264 815 1283 ,
833 1233 895 1278 καὶ
917 1236 1031 1287 φυτῶν
1045 1263 1056 1282 ,
1078 1235 1139 1274 καὶ
1154 1235 1213 1273 αὖ·

157 1301 227 1338 τῶν
245 1301 314 1337 τῶν
337 1297 487 1350 ἀψύχων
508 1294 570 1342 τὴν
589 1294 699 1341 αὐτὴν
726 1293 933 1344 ἀνωμαλίαν
954 1292 1209 1345 ἐπιφαίνεσθαι,

157 1358 200 1406 ἢν
220 1356 282 1396 καὶ
302 1355 358 1395 ἐπ’
380 1353 584 1407 ἀνθρώπων.
657 1355 710 1392 Οὐ
741 1352 809 1404 γὰρ
843 1350 901 1390 διὰ
928 1355 1030 1390 τοῦτο
1059 1349 1105 1390 τὰ
1132 1351 1209 1390 καθ’

157 1418 254 1467 ἡμᾶς
273 1413 490 1467 ἀπρονόητα,
508 1411 579 1464 εἴγε
599 1412 742 1456 ἐκείνοις
760 1415 887 1459 ταῦτα,
910 1413 956 1455 ὡς
974 1409 1098 1463 ἔτυχε,
1118 1426 1209 1461 συμ-

158 1474 295 1523 6αίνει,
313 1473 336 1520 ἢ
356 1472 417 1512 καὶ
438 1473 491 1510 ἐπ’
504 1470 644 1510 ἐκείνων
665 1470 745 1518 δίκη
772 1469 833 1509 καὶ
853 1469 976 1524 κρίσις,
998 1470 1059 1509 καὶ
1084 1471 1212 1522 ἀρετῆς

159 1532 219 1572 καὶ
237 1532 363 1575 κακίας
382 1529 606 1582 ἐκλογισμοί,
627 1528 703 1568 ἐπεὶ
717 1528 760 1567 τὰ
778 1529 854 1567 καθ’
873 1531 966 1580 ἡμᾶς
985 1520 1096 1572 οῧτως
1115 1528 1212 1582 ἠκρί-

158 1591 285 1632 emm.
345 1592 492 1644 Πρῶτον
521 1588 583 1639 μὲν
615 1587 683 1641 γὰρ
703 1587 747 1626 τὰ
778 1588 898 1642 ἄψυχα
930 1587 1036 1632 οὕτως
1056 1587 1211 1627 ἔκκειται

157 1653 205 1695 ὡς
220 1649 319 1699 κοινὴ
333 1648 398 1697 ὕλη
415 1653 553 1702 φυτοῖς,
573 1649 634 1686 καὶ
653 1646 751 1700 ζῴοις
762 1677 772 1697 ,
787 1647 847 1686 καὶ
867 1646 1070 1700 ἀνθρώποις·
1088 1645 1211 1686 ἔπειτα

158 1709 203 1750 τὰ
223 1709 315 1763 φυτὰ
335 1707 434 1762 ζῴοις
450 1707 509 1747 καὶ
536 1706 730 1758 ἀνθρώποις
755 1705 852 1753 κοινὴ
878 1705 989 1760 τροφὴ
1010 1705 1207 1759 πρόκειται,

158 1769 217 1807 καὶ
239 1768 313 1806 ἔνια
331 1768 366 1805 δὲ
401 1765 496 1820 ζῴων
521 1764 623 1819 ζῴοις
646 1781 684 1804 τε
709 1766 769 1804 καὶ
791 1764 998 1818 ἀνθρώποις.
1055 1765 1119 1804 Διὸ
1150 1765 1210 1804 καὶ

157 1901 360 1950 probitatis
388 1900 532 1936 crimen
553 1900 772 1943 incurrere,
796 1898 827 1934 si
855 1897 1043 1934 mundum
1076 1898 1190 1947 provi

161 1960 288 1997 dentia
315 1972 395 1995 non
411 1959 494 2008 regi
516 1965 583 1995 aut
609 1958 708 1994 male
733 1956 992 1993 administrari
1023 1957 1212 1993 existime-

158 2032 255 2056 mus.
286 2021 369 2055 Hoc
398 2031 491 2055 vero
524 2018 627 2054 idem
650 2024 705 2053 est
730 2028 774 2053 ac
795 2017 826 2052 si
846 2017 930 2064 quis
950 2023 1061 2065 putet
1088 2018 1212 2053 Deum

159 2092 240 2116 non
259 2091 355 2124 esse,
373 2079 457 2125 vel,
474 2078 506 2114 si
524 2078 591 2124 sit,
607 2077 762 2112 minime
780 2074 1006 2124 providere,
1027 2075 1087 2111 vel
1107 2074 1213 2112 deni-

160 2151 237 2187 que
248 2166 259 2185 ,
273 2140 304 2175 si
322 2137 537 2187 provideat,
555 2137 702 2173 bonum
718 2143 757 2172 et
764 2134 908 2182 justum
920 2147 999 2171 non
1011 2146 1112 2182 esse;
1132 2148 1216 2184 quae

161 2199 319 2247 quidem
338 2198 486 2234 nullum
499 2209 578 2233 non
594 2196 799 2246 impietatis
814 2207 932 2244 genus
953 2195 1214 2244 complectun-

161 2265 236 2305 tur,
271 2269 435 2306 eumque
463 2257 526 2293 cui
558 2257 650 2292 tales
680 2254 903 2292 insederunt
935 2255 1133 2303 opiniones
1167 2256 1218 2292 ad

163 2316 344 2365 quaelibet
366 2316 509 2352 scelera
528 2315 744 2365 impellunt.
774 2314 828 2350 Ut
847 2314 949 2350 enim
973 2314 1095 2362 pietas
1129 2326 1218 2363 erga

163 2377 288 2411 Deum
321 2375 508 2411 virtutum
539 2382 662 2410 mater
687 2373 865 2423 apparuit
895 2385 904 2409 ε
946 2373 999 2409 ita
1038 2373 1216 2409 vitiorum

162 2434 335 2469 omnium
355 2432 433 2469 dux
459 2433 611 2481 pietatis
629 2432 793 2469 desertio
828 2438 897 2470 est.
926 2433 1073 2468 Horum
1102 2432 1219 2481 igitur

162 2492 390 2529 medicinam
410 2492 441 2528 is
472 2492 573 2528 solus
591 2492 779 2527 invenerit
808 2491 875 2539 qui
893 2502 938 2527 ea
957 2491 1093 2527 leniter
1121 2491 1219 2528 ferre

163 2551 358 2589 didicerit.
385 2550 429 2588 ld
454 2559 581 2587 autem
599 2563 669 2599 per
688 2550 970 2599 philosophiam
989 2550 1107 2586 solam
1137 2550 1219 2587 effi-

163 2611 278 2658 citur,
310 2622 395 2658 quae
425 2622 552 2646 rerum
583 2610 755 2645 omnium
786 2615 940 2645 naturas
974 2610 1219 2658 actionesque

165 2681 296 2704 earum
321 2669 466 2704 naturis
487 2675 759 2705 consentaneas
778 2675 953 2704 accurate
979 2669 1105 2713 novit,
1125 2664 1219 2717 qua‘-

164 2738 251 2761 rum
280 2726 394 2762 series
422 2733 460 2762 et
482 2726 581 2762 ordo
609 2733 663 2762 est
692 2726 757 2762 illa
781 2726 1035 2763 universitatis
1054 2726 1218 2764 admini-

164 2785 310 2831 stratio,
325 2797 347 2821 a
361 2796 437 2833 qua
449 2792 486 2821 et
502 2786 646 2821 divinas
652 2783 836 2832 fortunas
850 2785 1056 2834 dispensari
1069 2798 1219 2824 necesse

165 2851 242 2890 est;
262 2856 369 2880 suam
391 2856 483 2880 vero
502 2845 639 2893 cuique
658 2857 730 2894 pro
753 2845 896 2881 meritis
914 2845 1097 2881 tributam
1115 2858 1220 2882 mer-

164 2903 295 2940 cedem
313 2911 448 2939 sortem
473 2916 551 2940 esse
582 2917 664 2952 quae
684 2904 746 2940 hic
772 2912 946 2951 vocatur,
973 2917 1055 2953 quae
1075 2918 1123 2943 ex
1149 2908 1221 2944 Dei

165 2962 409 3011 providentia
437 2970 475 2999 et
502 2971 608 3000 recto
638 2963 773 3000 mundi
795 2962 933 3000 ordine
953 2970 1067 3012 atque
1089 2965 1221 3001 homi-

164 3034 256 3056 num
275 3021 470 3058 voluntate
501 3022 658 3071 pendet.
695 3023 734 3059 Si
766 3022 868 3058 enim
899 3023 1004 3059 nulla
1026 3030 1119 3059 esset
1148 3024 1219 3060 Dei

164 3079 433 3128 providentia,
454 3080 581 3118 nullus
607 3081 706 3118 foret
735 3082 776 3117 iu
794 3081 941 3117 mundo
973 3081 1092 3128 ordo,
1116 3082 1221 3130 quod

164 3145 204 3174 et
222 3138 342 3175 satum
362 3140 445 3188 quis
464 3141 640 3189 appellet.
660 3139 701 3177 Si
717 3154 808 3177 vero
827 3141 906 3177 haec
924 3141 1114 3188 abessent,
1135 3142 1221 3177 nul-

165 3197 246 3233 lum
270 3197 371 3234 foret
384 3197 446 3246 jus
465 3205 502 3235 et
535 3199 582 3236 de
602 3201 793 3237 sceleratis
809 3199 1000 3250 judicium
1014 3227 1025 3246 ,
1052 3201 1129 3237 imo
1150 3214 1220 3238 nec

165 3255 357 3292 bonorum
380 3258 580 3306 praemium
609 3266 645 3295 et
665 3260 950 3308 comprobatio.
975 3261 1110 3296 Positis
1128 3273 1219 3298 vero

165 3316 407 3364 providentia
437 3324 553 3366 atque
581 3317 744 3365 ordine,
782 3319 957 3369 oportuit
988 3332 1119 3356 omnes
1141 3319 1219 3367 jam

165 3381 273 3411 natos
305 3375 516 3424 aequalibus
548 3376 623 3413 frui
658 3378 788 3425 bonis,
822 3379 853 3415 si
880 3379 975 3415 nihil
1006 3379 1053 3416 de
1073 3392 1141 3416 suo
1171 3380 1220 3417 ad

165 3434 457 3483 inaequalitatem
495 3438 754 3476 contulissent.
791 3440 963 3489 Apparet
993 3447 1120 3476 autem
1155 3453 1219 3478 eos

167 3494 324 3542 aequalia
340 3507 417 3531 non
439 3498 636 3545 consequi.
656 3498 899 3535 Manifestum
919 3499 1034 3548 igitur
1050 3507 1129 3547 est,
1147 3513 1217 3536 vo-

2238 265 2317 299 443

1269 353 1362 386 ποιεῖ
1382 349 1495 385 ταῦτα
1512 345 1559 389 εἷς
1580 343 1739 390 ἄλληλα,
1755 343 1792 381 οὗ
1811 340 1875 388 τὴν
1897 342 1966 379 τῶν
1987 339 2197 393 πασχόντων
2219 340 2321 385 ἀξίαν

1268 403 1571 455 ἐπισκεπτόμενα,
1596 400 1688 440 ἀλλὰ
1705 400 1769 448 τὴν
1795 402 1928 439 ἑαυτῶν
1949 400 2071 437 πεῖναν
2091 398 2113 446 ἢ
2139 398 2202 446 τὴν
2222 399 2322 438 νόσον

1268 463 1523 518 θεραπεύοντα,
1542 461 1604 500 καὶ
1636 459 1724 504 ὅλως
1755 458 1795 497 τὸ
1818 457 1930 503 ἐνδεὲς
1957 460 2069 497 αὑτῶν
2093 460 2320 511 πληροῦντα,

1267 526 1341 564 ὅθεν
1359 523 1399 562 ἂν
1424 525 1526 562 τοῦτο
1545 525 1658 559 ποιεῖν
1679 519 1754 572 ἐξῇ.
1812 517 1924 556 ’Ώστε
1951 517 2138 569 δυστυχίας
2159 517 2321 571 ἀφορμὴν

1269 577 1356 622 εἶναι
1382 587 1451 626 τοῖς
1472 578 1571 634 ζῴοις
1590 579 1653 627 τὴν
1684 576 1857 630 ἡμετέραν
1885 575 2008 629 χρείαν
2037 578 2077 615 ἐκ
2105 578 2172 615 τῶν
2202 592 2322 629 παρα-

1267 641 1444 695 τυχόντων
1477 637 1748 692 πληρουμένην,
1786 635 1848 676 καὶ
1886 638 1948 683 τῆς
1994 633 2161 682 δοκούσης
2212 638 2321 674 εὐτυ-

1268 701 1347 754 χίας
1386 702 1502 743 αὐτοῖς
1531 698 1642 738 αἴτιον
1668 697 1707 737 τὸ
1739 695 1823 749 παρ’
1843 697 1946 745 ἡμῶν
1980 693 2196 747 προσπαθές.
2278 696 2321 734 Εἰ

1269 760 1332 811 μὲν
1352 753 1412 799 οῧν
1432 757 1564 811 προϊὼν
1587 760 1605 796 ὃ
1623 756 1723 809 λόγος
1751 755 1813 794 καὶ
1849 753 1975 798 ἄλλους
2001 753 2202 806 κρείττονας
2222 755 2323 803 ἡμῶν

1269 835 1364 864 τινας
1392 817 1644 870 ἀντεισήγαγεν
1677 814 1785 858 οὕτως
1814 812 2087 866 ἀπο-χρωμένους
2121 815 2206 862 ἡμῖν
2239 811 2325 865 πρὸς

1275 877 1455 930 πλήρωσιν
1483 879 1546 924 effi<
1566 876 1700 914 ἑαυτῶν
1721 873 1875 921 ἐνδείας,
1905 875 1952 917 ὡς
1972 876 2074 922 ἡμεῖς
2100 877 2170 916 τοῖς
2194 870 2331 920 ἀλόγοις

1272 936 1466 990 φαινόμεθα
1492 934 1680 988 χρώμενοι·
1699 931 1842 981 θνητοὺς
1861 931 2011 976 ἐκείνους
2031 930 2099 969 ἔδει
2119 931 2303 982 ὁμολογεῖν
2318 961 2328 978 ,

1273 995 1334 1033 καὶ
1347 995 1531 1050 φαίνεσθαι
1550 993 1594 1032 τὰ
1611 992 1763 1044 σώματα
1779 993 1848 1030 τῶν
1867 990 2060 1044 ἀνθρώπων
2079 991 2125 1034 εἷς
2148 989 2212 1037 τὴν
2238 989 2328 1029 ἐκεί-

1271 1074 1338 1096 νων
1354 1057 1477 1110 χρείαν
1495 1055 1773 1107 ἀναλισκόμενα.
1833 1055 1877 1094 Εἷ
1895 1053 1931 1093 δὲ
1954 1052 2064 1104 μηδὲν
2083 1054 2153 1091 τῶν
2177 1052 2247 1104 πρὸ
2267 1054 2327 1090 ἀν-

1272 1115 1410 1169 θρώπου
1439 1115 1588 1163 Θνητόν,
1625 1113 1764 1166 (ἐπειδὴ
1791 1112 1851 1152 καὶ
1883 1111 1986 1157 αὐτὸς
2014 1111 2168 1165 ἔσχατος
2188 1111 2237 1150 ὢν
2257 1113 2327 1150 τῶν

1243 1190 1247 1220 ι
1279 1176 1429 1226 λογικῶν
1449 1176 1572 1227 γενῶν,
1594 1173 1656 1212 καὶ
1674 1173 1731 1211 διὰ
1751 1176 1853 1211 τοῦτο
1871 1171 2041 1215 ἀθάνατος
2062 1173 2108 1216 εἷς
2125 1174 2231 1222 σῶμα
2253 1174 2334 1218 θνη-

1244 1222 1248 1268 l
1272 1235 1331 1272 τὸν
1353 1235 1392 1272 ἐκ
1409 1232 1650 1286 περιστάσεως
1666 1231 1830 1285 ἔρχεται,
1853 1230 1914 1270 καὶ
1933 1230 2093 1282 συγγενές
2107 1247 2140 1269 τι
2161 1235 2232 1274 τοῖς
2253 1229 2335 1268 ἀλό-

1244 1270 1249 1320 1
1276 1307 1348 1343 γοις
1365 1290 1552 1332 ἀναλαὸὼν
1571 1291 1717 1344 ὄργανον
1739 1290 1797 1329 ἐπὶ
1816 1292 1878 1342 γῆς
1890 1289 2130 1338 πολιτεύεται,
2146 1288 2157 1341 )
2178 1288 2275 1327 οὐδὲν
2292 1287 2333 1326 ἂν
2353 1336 2355 1339 Α

1277 1350 1331 1399 εἴη
1345 1350 1384 1390 τὸ
1404 1352 1478 1395 ταῖς
1497 1350 1688 1404 ἡμετέραις
1704 1348 1907 1402 δυστυχίαις
1923 1350 1973 1392 εἷς
1992 1346 2054 1395 τὴν
2075 1349 2202 1386 ἑαυτοῦ
2217 1346 2335 1395 θοίνην

1278 1411 1581 1464 ἀποχρησάμενον*
1601 1410 1725 1449 οὐκοῦν
1758 1407 1835 1447 οὐδὲ
1863 1407 1906 1446 τὸ
1926 1407 2086 1451 ἀτάκτως
2111 1407 2333 1461 χρησόμενον

1279 1473 1362 1520 ἡμῖν
1393 1468 1570 1522 προθυμίᾳ
1599 1467 1826 1520 πληρώσεως.
1884 1466 1976 1514 Δίκη
2008 1466 2122 1505 τοίνυν
2150 1466 2211 1505 καὶ
2243 1465 2337 1511 τάξις

1278 1531 1348 1573 τοῖς
1369 1529 1438 1582 πρὸ
1467 1531 1567 1579 ἡμῶν
1603 1528 1787 1571 ἀθανάτοις
1809 1525 1887 1571 τοὺς
1916 1525 2014 1579 ὅρους
2038 1529 2100 1573 effi<
2119 1526 2199 1580 περὶ
2228 1529 2336 1577 ἡμᾶς,

1279 1587 1483 1634 διοικήσεως
1501 1590 1702 1638 νομοθετεῖ,
1733 1589 1844 1624 ταῦτα
1869 1589 2098 1638 μηχανᾶσθαι
2126 1585 2208 1637 περὶ
2241 1588 2337 1636 ἡμᾶς

1280 1646 1301 1685 ἃ
1321 1646 1384 1694 τήν
1400 1661 1438 1684 τε
1456 1647 1604 1685 ἐνταῦθα
1628 1645 1756 1685 κακίαν
1774 1646 1877 1695 ἡμῶν
1896 1646 2056 1693 ἐλαττοῖ,
2081 1644 2141 1683 καὶ
2162 1643 2248 1697 πρὸς
2272 1645 2339 1683 αὗ·-

1249 1755 1251 1760 .
1278 1705 1356 1749 τοὺς
1375 1703 1595 1758 ἐπιστρέφειν
1614 1707 1708 1755 ἡμᾶς
1726 1703 1885 1743 δύναται.
1925 1702 2105 1751 Κήδονται
2121 1703 2190 1754 γὰρ
2211 1705 2336 1754 ἡμῶν,

1247 1770 1250 1810 ἰ
1279 1766 1325 1808 ὡς
1345 1766 1519 1815 συγγενῶν
1538 1763 1771 1802 ἐκπεσόντων.
1843 1759 1953 1802 “Oeev
1975 1761 2080 1806 αἰδὼς
2108 1761 2169 1801 καὶ
2195 1761 2337 1812 νέμεσις

1282 1898 1436 1934 luntatis
1461 1896 1780 1946 inaequalitatem,
1806 1896 2057 1945 providentiae
2074 1895 2226 1942 judicio
2248 1896 2339 1932 sub-

1275 1956 1440 2005 jectam,
1463 1957 1615 1994 obstare
1637 1968 1715 2005 quo
1736 1957 1861 1992 minus
1898 1956 2052 2004 aequalis
2073 1956 2126 1992 eis
2159 1968 2241 1991 sors
2269 1955 2341 1991 dis-

1279 2017 1488 2065 tribuatur,
1516 2016 1707 2065 siquidem
1740 2028 1805 2052 eos
1837 2015 1983 2051 meritis
2010 2013 2127 2063 digna
2158 2015 2339 2062 consequi

1280 2087 1431 2112 necesse
1451 2083 1521 2114 est.
1543 2077 1684 2113 Verum
1706 2087 1755 2112 ne
1778 2087 1850 2111 nos
1866 2074 1907 2111 id
1924 2073 2152 2118 conturbet,
2177 2072 2285 2121 quod
2301 2073 2341 2108 in

1279 2133 1405 2169 brutis
1424 2146 1580 2182 quoque
1600 2134 1828 2170 animalibus
1850 2139 1888 2169 et
1905 2132 2044 2182 plantis
2064 2139 2102 2168 et
2116 2132 2205 2180 ipsis
2228 2132 2340 2167 etiam

1280 2195 1457 2231 inanimis
1475 2194 1608 2231 eadem
1627 2205 1714 2243 quae
1730 2194 1770 2229 in
1789 2192 2013 2229 hominibus
2035 2198 2219 2241 appareat
2241 2191 2340 2227 inae-

1281 2254 1454 2302 qualitas.
1489 2255 1578 2291 Non
1607 2253 1715 2289 enim
1744 2252 1835 2289 ideo
1858 2264 1917 2288 res
1943 2258 2080 2288 nostrae
2104 2251 2184 2287 sine
2206 2251 2341 2299 provi-

1282 2313 1411 2350 dentia
1431 2313 1712 2363 gubernantur,
1739 2313 1831 2361 quia
1851 2312 1923 2348 illis
1948 2312 2029 2348 haec
2063 2311 2223 2347 fortuito
2245 2323 2342 2347 con-

1284 2373 1456 2422 tingunt3
1490 2385 1616 2422 neque
1635 2374 1746 2410 etiam
1780 2373 1820 2408 in
1849 2371 1924 2408 illis
1949 2371 2010 2420 jus
2030 2379 2068 2408 et
2083 2370 2273 2418 judicium
2305 2379 2343 2408 et

1282 2433 1432 2469 virtutis
1466 2433 1625 2481 vitiique
1662 2433 1830 2469 rationes
1866 2432 2020 2477 valent,
2063 2431 2247 2479 quoniam
2282 2439 2343 2467 res

1281 2498 1418 2528 nostrae
1437 2491 1485 2528 ad
1503 2504 1679 2528 normam
1695 2492 1799 2527 illam
1814 2491 2032 2540 exiguntur.
2055 2490 2226 2526 Primum
2242 2491 2340 2527 enim

1282 2549 1454 2585 inanima
1473 2550 1527 2586 ita
1557 2551 1599 2586 in
1618 2549 1748 2586 medio
1782 2550 1907 2598 posita
1926 2555 2035 2594 sunt,
2058 2555 2101 2584 ut
2129 2549 2343 2585 communis

1283 2609 1442 2644 materia
1472 2609 1612 2656 plantis
1633 2615 1671 2645 et
1698 2608 1826 2644 bestiis
1860 2615 1898 2644 et
1931 2607 2172 2653 hominibus;
2204 2607 2343 2645 deiude

1282 2667 1420 2716 plantae
1444 2668 1571 2704 bestiis
1603 2675 1641 2704 et
1672 2667 1892 2714 hominibus
1925 2675 2106 2715 tanquam
2141 2680 2344 2706 commune

1285 2727 1507 2763 alimentum
1529 2727 1689 2774 cedunt,
1711 2728 1805 2776 quin
1833 2734 1872 2764 et
1895 2727 2023 2764 bestiae
2044 2728 2238 2764 nonnullae
2267 2728 2340 2765 be-

1284 2787 1363 2823 stiis
1393 2794 1508 2835 atque
1529 2787 1763 2825 hominibus.
1787 2788 2032 2836 Quapropter
2053 2787 2127 2822 hoc
2160 2787 2280 2823 modo
2306 2788 2344 2824 se.

1285 2847 1448 2883 invicem
1468 2852 1654 2893 tractant,
1677 2859 1758 2883 non
1776 2847 1954 2896 spectatis
1971 2858 2105 2883 eorum
2126 2847 2263 2894 quibus
2279 2859 2346 2883 no-

1287 2913 1374 2942 cent
1391 2906 1557 2952 meritis‚
1588 2906 1655 2943 sed
1684 2913 1727 2942 ut
1750 2905 1889 2943 famem
1923 2917 2030 2942 suam
2065 2906 2259 2954 depellant
2285 2906 2345 2942 vel

1286 2964 1466 3000 morbum
1483 2972 1618 3001 curent
1630 2991 1641 3011 ,
1665 2971 1780 3013 atque
1798 2964 1956 3001 omnino
1973 2971 2017 3000 ut
2037 2976 2144 3001 suam
2158 2964 2344 3013 inopiam,

1286 3024 1544 3073 undecunque
1563 3025 1697 3071 liceat,
1712 3025 1861 3071 levent3
1877 3024 1974 3061 adeo
1995 3031 2038 3060 ut
2061 3024 2191 3060 bestiis
2219 3023 2345 3060 infeli-

1288 3084 1410 3120 citatis
1430 3085 1582 3121 occasio
1603 3085 1652 3121 sit
1682 3091 1809 3121 nostra
1830 3084 2060 3134 indigentia,
2082 3097 2165 3132 quae
2186 3096 2206 3121 e
2230 3085 2345 3122 rebus

1286 3143 1385 3179 forte
1420 3143 1541 3180 obviis
1570 3144 1761 3193 expletur,
1793 3150 1908 3192 atque
1944 3143 2130 3180 felicitatis
2169 3156 2246 3192 qua
2268 3144 2344 3180 frui

1285 3202 1464 3239 videntur
1485 3215 1598 3240 causa
1617 3203 1666 3240 sit
1684 3210 1820 3240 nostra
1840 3215 1928 3253 erga
1947 3214 2009 3238 eas
2025 3201 2195 3241 affectio.
2214 3202 2254 3240 Si
2274 3204 2342 3253 igi-

1286 3266 1349 3297 tur
1388 3269 1592 3311 progressa
1619 3262 1744 3299 oratio
1773 3269 1811 3299 et
1842 3262 1937 3298 alios
1964 3261 2152 3310 quosdam
2183 3263 2343 3298 vicissim

1284 3321 1396 3358 nobis
1415 3322 1696 3371 praestantiores
1716 3321 1950 3367 induxisset,
1976 3322 2042 3370 qui
2062 3321 2175 3357 nobis
2206 3322 2343 3358 eodem

1284 3380 1403 3418 modo
1425 3381 1474 3418 ad
1493 3382 1692 3419 levandam
1714 3382 1887 3431 inopiam
1903 3393 2011 3418 suam
2030 3387 2241 3427 uterentur,
2259 3376 2342 3430 vquo

1284 3452 1354 3476 nos
1383 3439 1462 3477 fere
1486 3440 1611 3478 brutis
1641 3442 1866 3478 animalibus
1896 3440 2057 3489 utimur,
2079 3441 2258 3477 mortales
2277 3450 2347 3478 eos

1284 3513 1362 3538 esse
1373 3501 1567 3539 fatendum
1581 3503 1680 3539 soret
1689 3503 1965 3551 hominumque
1977 3512 2142 3549 corpora
2158 3500 2197 3535 in
2209 3512 2344 3537 eorum
