<?xml version="1.0" encoding="UTF-8"?>
<!DOCTYPE html PUBLIC "-//W3C//DTD XHTML 1.0 Transitional//EN"
    "http://www.w3.org/TR/xhtml1/DTD/xhtml1-transitional.dtd">
<html xmlns="http://www.w3.org/1999/xhtml" xml:lang="en" lang="en">
 <head>
  <title>
</title>
<meta http-equiv="Content-Type" content="text/html;charset=utf-8" />
  <meta name='ocr-system' content='tesseract 3.04.00' />
  <meta name='ocr-capabilities' content='ocr_page ocr_carea ocr_par ocr_line ocrx_word'/>
</head>
<body>
  <div class='ocr_page' id='page_1' title='image "./fragmentaphiloso01mulluoft_0519.png"; bbox 0 0 2612 3814; ppageno 0'>
   <div class='ocr_carea' id='block_1_1' title="bbox 0 0 55 3814">
    <p class='ocr_par' dir='ltr' id='par_1_1' title="bbox 0 0 55 3814">
     <span class='ocr_line' id='line_1_1' title="bbox 0 0 55 3814; baseline 0 0"><span class='ocrx_word' id='word_1_1' title='bbox 0 0 55 3814; x_wconf 95' lang='lat' dir='ltr'> </span> 
     </span>
    </p>
   </div>
   <div class='ocr_carea' id='block_1_2' title="bbox 964 237 1547 280">
    <p class='ocr_par' dir='ltr' id='par_1_2' title="bbox 964 237 1547 280">
     <span class='ocr_line' id='line_1_2' title="bbox 964 237 1547 280; baseline -0.01 0"><span class='ocrx_word' id='word_1_2' title='bbox 964 240 1018 280; x_wconf 90' lang='lat' dir='ltr'>IN</span> <span class='ocrx_word' id='word_1_3' title='bbox 1055 239 1279 280; x_wconf 85' lang='lat' dir='ltr'><strong>AUREUM</strong></span> <span class='ocrx_word' id='word_1_4' title='bbox 1310 237 1547 278; x_wconf 82' lang='lat' dir='ltr'><strong>CARMEN.</strong></span> 
     </span>
    </p>
   </div>
   <div class='ocr_carea' id='block_1_3' title="bbox 167 326 1230 1682">
    <p class='ocr_par' dir='ltr' id='par_1_3' title="bbox 172 326 1227 798">
     <span class='ocr_line' id='line_1_3' title="bbox 175 326 1227 383; baseline -0.006 -12"><span class='ocrx_word' id='word_1_5' title='bbox 175 331 281 381; x_wconf 80' lang='grc' dir='ltr'>ζωήν,</span> <span class='ocrx_word' id='word_1_6' title='bbox 302 330 363 370; x_wconf 76' lang='grc' dir='ltr'>καὶ</span> <span class='ocrx_word' id='word_1_7' title='bbox 374 330 438 378; x_wconf 84' lang='grc' dir='ltr'>τὴν</span> <span class='ocrx_word' id='word_1_8' title='bbox 452 329 622 383; x_wconf 76' lang='grc' dir='ltr'>ἁρμονίαν</span> <span class='ocrx_word' id='word_1_9' title='bbox 643 330 749 368; x_wconf 75' lang='grc' dir='ltr'>αὐτοῦ</span> <span class='ocrx_word' id='word_1_10' title='bbox 765 328 925 381; x_wconf 81' lang='grc' dir='ltr'>συνέχον.</span> <span class='ocrx_word' id='word_1_11' title='bbox 985 328 1069 376; x_wconf 86' lang='grc' dir='ltr'>Ζωὴ</span> <span class='ocrx_word' id='word_1_12' title='bbox 1091 328 1159 381; x_wconf 88' lang='grc' dir='ltr'>γάρ</span> <span class='ocrx_word' id='word_1_13' title='bbox 1175 326 1227 371; x_wconf 87' lang='grc' dir='ltr'>τίς</span> 
     </span>
     <span class='ocr_line' id='line_1_4' title="bbox 175 387 1222 441; baseline -0.005 -11"><span class='ocrx_word' id='word_1_14' title='bbox 175 391 306 430; x_wconf 81' lang='grc' dir='ltr'>ἔστιτὸ</span> <span class='ocrx_word' id='word_1_15' title='bbox 322 390 427 429; x_wconf 82' lang='grc' dir='ltr'>ἄΰλον</span> <span class='ocrx_word' id='word_1_16' title='bbox 457 392 561 441; x_wconf 85' lang='grc' dir='ltr'>σῶμα</span> <span class='ocrx_word' id='word_1_17' title='bbox 576 420 586 437; x_wconf 89' lang='grc'>,</span> <span class='ocrx_word' id='word_1_18' title='bbox 607 388 668 427; x_wconf 81' lang='grc' dir='ltr'>καὶ</span> <span class='ocrx_word' id='word_1_19' title='bbox 688 390 777 435; x_wconf 91' lang='grc' dir='ltr'>ζωῆς</span> <span class='ocrx_word' id='word_1_20' title='bbox 803 388 925 427; x_wconf 82' lang='grc' dir='ltr'>ἐνύλου</span> <span class='ocrx_word' id='word_1_21' title='bbox 945 387 1160 440; x_wconf 86' lang='grc' dir='ltr'>γεννητικόν,</span> <span class='ocrx_word' id='word_1_22' title='bbox 1179 388 1222 425; x_wconf 82' lang='grc' dir='ltr'>δι’</span> 
     </span>
     <span class='ocr_line' id='line_1_5' title="bbox 173 445 1225 501; baseline -0.005 -12"><span class='ocrx_word' id='word_1_23' title='bbox 173 445 215 498; x_wconf 73' lang='grc' dir='ltr'>ἧς</span> <span class='ocrx_word' id='word_1_24' title='bbox 234 450 274 489; x_wconf 85' lang='grc' dir='ltr'>τὸ</span> <span class='ocrx_word' id='word_1_25' title='bbox 293 450 415 497; x_wconf 84' lang='grc' dir='ltr'>θνητὸν</span> <span class='ocrx_word' id='word_1_26' title='bbox 435 450 536 499; x_wconf 80' lang='grc' dir='ltr'>ἡμῶν</span> <span class='ocrx_word' id='word_1_27' title='bbox 553 450 639 501; x_wconf 84' lang='grc' dir='ltr'>ζῷον</span> <span class='ocrx_word' id='word_1_28' title='bbox 655 448 945 500; x_wconf 80' lang='grc' dir='ltr'>συμπληροῧται,</span> <span class='ocrx_word' id='word_1_29' title='bbox 961 448 1000 486; x_wconf 82' lang='grc' dir='ltr'>ἐκ</span> <span class='ocrx_word' id='word_1_30' title='bbox 1012 450 1074 494; x_wconf 85' lang='grc' dir='ltr'>τῆς</span> <span class='ocrx_word' id='word_1_31' title='bbox 1098 446 1225 498; x_wconf 87' lang='grc' dir='ltr'>ἀλόγου</span> 
     </span>
     <span class='ocr_line' id='line_1_6' title="bbox 174 505 1226 557; baseline -0.004 -9"><span class='ocrx_word' id='word_1_32' title='bbox 174 511 264 556; x_wconf 78' lang='grc' dir='ltr'>ζωῆς</span> <span class='ocrx_word' id='word_1_33' title='bbox 277 509 337 548; x_wconf 85' lang='grc' dir='ltr'>καὶ</span> <span class='ocrx_word' id='word_1_34' title='bbox 356 512 417 547; x_wconf 77' lang='grc' dir='ltr'>τοῦ</span> <span class='ocrx_word' id='word_1_35' title='bbox 434 509 555 546; x_wconf 76' lang='grc' dir='ltr'>ὑλικοῧ</span> <span class='ocrx_word' id='word_1_36' title='bbox 575 506 739 557; x_wconf 84' lang='grc' dir='ltr'>σώματος</span> <span class='ocrx_word' id='word_1_37' title='bbox 755 506 981 557; x_wconf 79' lang='grc' dir='ltr'>συγκείμενον</span> <span class='ocrx_word' id='word_1_38' title='bbox 995 535 1006 554; x_wconf 92' lang='grc'>,</span> <span class='ocrx_word' id='word_1_39' title='bbox 1028 506 1170 545; x_wconf 86' lang='grc' dir='ltr'>εἴδωλον</span> <span class='ocrx_word' id='word_1_40' title='bbox 1188 505 1226 544; x_wconf 83' lang='grc' dir='ltr'>ὂν</span> 
     </span>
     <span class='ocr_line' id='line_1_7' title="bbox 172 564 1225 619; baseline -0.002 -12"><span class='ocrx_word' id='word_1_41' title='bbox 172 574 234 608; x_wconf 78' lang='grc' dir='ltr'>τοῦ</span> <span class='ocrx_word' id='word_1_42' title='bbox 253 566 456 619; x_wconf 86' lang='grc' dir='ltr'>ἀνθρώπου,</span> <span class='ocrx_word' id='word_1_43' title='bbox 480 566 514 611; x_wconf 83' lang='grc' dir='ltr'>ὃς</span> <span class='ocrx_word' id='word_1_44' title='bbox 533 566 574 605; x_wconf 83' lang='grc' dir='ltr'>ἐκ</span> <span class='ocrx_word' id='word_1_45' title='bbox 594 567 737 618; x_wconf 85' lang='grc' dir='ltr'>λογικῆς</span> <span class='ocrx_word' id='word_1_46' title='bbox 760 565 880 610; x_wconf 79' lang='grc' dir='ltr'>οὐσίας</span> <span class='ocrx_word' id='word_1_47' title='bbox 900 565 962 604; x_wconf 87' lang='grc' dir='ltr'>καὶ</span> <span class='ocrx_word' id='word_1_48' title='bbox 979 564 1142 616; x_wconf 81' lang='grc' dir='ltr'>σώματος</span> <span class='ocrx_word' id='word_1_49' title='bbox 1162 565 1225 605; x_wconf 74' lang='grc' dir='ltr'>ἀΰ-</span> 
     </span>
     <span class='ocr_line' id='line_1_8' title="bbox 173 619 1225 677; baseline -0.004 -11"><span class='ocrx_word' id='word_1_50' title='bbox 173 628 234 666; x_wconf 92' lang='grc' dir='ltr'>λου</span> <span class='ocrx_word' id='word_1_51' title='bbox 255 625 479 673; x_wconf 83' lang='grc' dir='ltr'>συνέστηκεν.</span> <span class='ocrx_word' id='word_1_52' title='bbox 577 625 680 665; x_wconf 80' lang='grc' dir='ltr'>Ἐπεὶ</span> <span class='ocrx_word' id='word_1_53' title='bbox 700 619 758 663; x_wconf 67' lang='grc' dir='ltr'>οὖν</span> <span class='ocrx_word' id='word_1_54' title='bbox 778 627 882 675; x_wconf 81' lang='grc' dir='ltr'>ἡμεῖς</span> <span class='ocrx_word' id='word_1_55' title='bbox 901 628 918 663; x_wconf 90' lang='grc' dir='ltr'>ὁ</span> <span class='ocrx_word' id='word_1_56' title='bbox 939 624 1137 677; x_wconf 85' lang='grc' dir='ltr'>ἄνθρωπος,</span> <span class='ocrx_word' id='word_1_57' title='bbox 1159 628 1225 663; x_wconf 90' lang='grc' dir='ltr'>ἀν-</span> 
     </span>
     <span class='ocr_line' id='line_1_9' title="bbox 174 682 1225 737; baseline -0.003 -13"><span class='ocrx_word' id='word_1_58' title='bbox 174 684 313 737; x_wconf 83' lang='grc' dir='ltr'>θρώπου</span> <span class='ocrx_word' id='word_1_59' title='bbox 338 685 374 724; x_wconf 80' lang='grc' dir='ltr'>δὲ</span> <span class='ocrx_word' id='word_1_60' title='bbox 408 688 532 724; x_wconf 83' lang='grc' dir='ltr'>ταῦτα·</span> <span class='ocrx_word' id='word_1_61' title='bbox 570 684 742 737; x_wconf 83' lang='grc' dir='ltr'>προσήκει</span> <span class='ocrx_word' id='word_1_62' title='bbox 779 683 837 722; x_wconf 81' lang='grc' dir='ltr'>διὰ</span> <span class='ocrx_word' id='word_1_63' title='bbox 869 683 1010 722; x_wconf 89' lang='grc' dir='ltr'>πάντων</span> <span class='ocrx_word' id='word_1_64' title='bbox 1042 682 1105 733; x_wconf 82' lang='grc' dir='ltr'>μὲν</span> <span class='ocrx_word' id='word_1_65' title='bbox 1142 699 1164 721; x_wconf 88' lang='grc' dir='ltr'>κ</span> <span class='ocrx_word' id='word_1_66' title='bbox 1178 699 1225 721; x_wconf 89' lang='grc' dir='ltr'>α-</span> 
     </span>
     <span class='ocr_line' id='line_1_10' title="bbox 172 741 1224 798; baseline -0.004 -14"><span class='ocrx_word' id='word_1_67' title='bbox 172 746 280 798; x_wconf 78' lang='grc' dir='ltr'>θήρα</span> <span class='ocrx_word' id='word_1_68' title='bbox 293 749 340 784; x_wconf 87' lang='grc' dir='ltr'>σθ</span> <span class='ocrx_word' id='word_1_69' title='bbox 353 761 395 783; x_wconf 92' lang='grc' dir='ltr'>αι</span> <span class='ocrx_word' id='word_1_70' title='bbox 413 743 473 783; x_wconf 83' lang='grc' dir='ltr'>καὶ</span> <span class='ocrx_word' id='word_1_71' title='bbox 491 745 738 791; x_wconf 73' lang='grc' dir='ltr'>τελειωθῆναι,</span> <span class='ocrx_word' id='word_1_72' title='bbox 760 744 819 782; x_wconf 82' lang='grc' dir='ltr'>τὸν</span> <span class='ocrx_word' id='word_1_73' title='bbox 836 742 872 782; x_wconf 80' lang='grc' dir='ltr'>δὲ</span> <span class='ocrx_word' id='word_1_74' title='bbox 893 743 1127 782; x_wconf 73' lang='grc' dir='ltr'>ἐπιὸάλλοντα</span> <span class='ocrx_word' id='word_1_75' title='bbox 1142 741 1224 796; x_wconf 90' lang='grc' dir='ltr'>τρό-</span> 
     </span>
    </p>

    <p class='ocr_par' dir='ltr' id='par_1_4' title="bbox 170 800 1222 917">
     <span class='ocr_line' id='line_1_11' title="bbox 170 800 1222 864; baseline -0.005 -20"><span class='ocrx_word' id='word_1_76' title='bbox 170 820 236 844; x_wconf 88' lang='grc' dir='ltr'>πον</span> <span class='ocrx_word' id='word_1_77' title='bbox 256 806 308 858; x_wconf 82' lang='grc' dir='ltr'>ἒφ’</span> <span class='ocrx_word' id='word_1_78' title='bbox 335 804 486 851; x_wconf 82' lang='grc' dir='ltr'>ἑκάστης</span> <span class='ocrx_word' id='word_1_79' title='bbox 511 802 663 864; x_wconf 42' lang='grc' dir='ltr'>φύσεωςυ</span> <span class='ocrx_word' id='word_1_80' title='bbox 673 805 840 854; x_wconf 89' lang='grc' dir='ltr'>τηρῆσαι.</span> <span class='ocrx_word' id='word_1_81' title='bbox 911 800 1020 841; x_wconf 87' lang='grc' dir='ltr'>Ἔστι</span> <span class='ocrx_word' id='word_1_82' title='bbox 1037 800 1106 853; x_wconf 87' lang='grc' dir='ltr'>γὰρ</span> <span class='ocrx_word' id='word_1_83' title='bbox 1130 800 1222 848; x_wconf 82' lang='grc' dir='ltr'>ἄλλη</span> 
     </span>
     <span class='ocr_line' id='line_1_12' title="bbox 171 855 1224 917; baseline -0.006 -13"><span class='ocrx_word' id='word_1_84' title='bbox 171 865 279 904; x_wconf 86' lang='grc' dir='ltr'>ἄλλου</span> <span class='ocrx_word' id='word_1_85' title='bbox 304 879 325 902; x_wconf 88' lang='grc' dir='ltr'>κ</span> <span class='ocrx_word' id='word_1_86' title='bbox 340 863 387 903; x_wconf 88' lang='grc' dir='ltr'>άθ</span> <span class='ocrx_word' id='word_1_87' title='bbox 402 879 424 901; x_wconf 92' lang='grc' dir='ltr'>α</span> <span class='ocrx_word' id='word_1_88' title='bbox 440 877 554 917; x_wconf 87' lang='grc' dir='ltr'>ρσις.</span> <span class='ocrx_word' id='word_1_89' title='bbox 612 855 713 910; x_wconf 85' lang='grc' dir='ltr'>Οἱον,</span> <span class='ocrx_word' id='word_1_90' title='bbox 735 863 850 915; x_wconf 83' lang='grc' dir='ltr'>ψυχῆς</span> <span class='ocrx_word' id='word_1_91' title='bbox 865 862 1028 914; x_wconf 88' lang='grc' dir='ltr'>λογικῆς,</span> <span class='ocrx_word' id='word_1_92' title='bbox 1048 859 1140 899; x_wconf 85' lang='grc' dir='ltr'>κατὰ</span> <span class='ocrx_word' id='word_1_93' title='bbox 1161 858 1224 910; x_wconf 81' lang='grc' dir='ltr'>μὲν</span> 
     </span>
    </p>

    <p class='ocr_par' dir='ltr' id='par_1_5' title="bbox 167 918 1230 1682">
     <span class='ocr_line' id='line_1_13' title="bbox 169 918 1226 974; baseline -0.005 -12"><span class='ocrx_word' id='word_1_94' title='bbox 169 923 211 962; x_wconf 82' lang='grc' dir='ltr'>τὸ</span> <span class='ocrx_word' id='word_1_95' title='bbox 233 922 396 974; x_wconf 88' lang='grc' dir='ltr'>λογικόν,</span> <span class='ocrx_word' id='word_1_96' title='bbox 426 937 448 960; x_wconf 88' lang='grc' dir='ltr'>κ</span> <span class='ocrx_word' id='word_1_97' title='bbox 462 921 484 960; x_wconf 87' lang='grc' dir='ltr'>ά</span> <span class='ocrx_word' id='word_1_98' title='bbox 497 925 546 960; x_wconf 91' lang='grc' dir='ltr'>θα</span> <span class='ocrx_word' id='word_1_99' title='bbox 561 938 579 974; x_wconf 87' lang='grc' dir='ltr'>ρ</span> <span class='ocrx_word' id='word_1_100' title='bbox 594 937 653 965; x_wconf 89' lang='grc' dir='ltr'>σις</span> <span class='ocrx_word' id='word_1_101' title='bbox 676 921 932 972; x_wconf 83' lang='grc' dir='ltr'>ἐπιστημονικὴ</span> <span class='ocrx_word' id='word_1_102' title='bbox 954 919 1112 967; x_wconf 81' lang='grc' dir='ltr'>ἀλήθεια·</span> <span class='ocrx_word' id='word_1_103' title='bbox 1132 918 1226 958; x_wconf 84' lang='grc' dir='ltr'>κατὰ</span> 
     </span>
     <span class='ocr_line' id='line_1_14' title="bbox 171 977 1222 1032; baseline -0.004 -12"><span class='ocrx_word' id='word_1_104' title='bbox 171 981 208 1020; x_wconf 88' lang='grc' dir='ltr'>δὲ</span> <span class='ocrx_word' id='word_1_105' title='bbox 227 981 266 1020; x_wconf 83' lang='grc' dir='ltr'>τὸ</span> <span class='ocrx_word' id='word_1_106' title='bbox 284 980 501 1029; x_wconf 77' lang='grc' dir='ltr'>δοξαστικόν,</span> <span class='ocrx_word' id='word_1_107' title='bbox 523 984 544 1029; x_wconf 81' lang='grc' dir='ltr'>ἡ</span> <span class='ocrx_word' id='word_1_108' title='bbox 567 979 774 1032; x_wconf 77' lang='grc' dir='ltr'>βουλευτικὴ</span> <span class='ocrx_word' id='word_1_109' title='bbox 793 978 916 1032; x_wconf 79' lang='grc' dir='ltr'>ἀρετή.</span> <span class='ocrx_word' id='word_1_110' title='bbox 977 980 1135 1029; x_wconf 87' lang='grc' dir='ltr'>Θεωρεῖν</span> <span class='ocrx_word' id='word_1_111' title='bbox 1153 977 1222 1031; x_wconf 85' lang='grc' dir='ltr'>γὰρ</span> 
     </span>
     <span class='ocr_line' id='line_1_15' title="bbox 170 1036 1226 1093; baseline -0.004 -15"><span class='ocrx_word' id='word_1_112' title='bbox 170 1039 266 1078; x_wconf 79' lang='grc' dir='ltr'>τὰ”</span> <span class='ocrx_word' id='word_1_113' title='bbox 245 1056 316 1078; x_wconf 91' lang='grc' dir='ltr'>ανω</span> <span class='ocrx_word' id='word_1_114' title='bbox 338 1039 528 1093; x_wconf 74' lang='grc' dir='ltr'>πεφυκότες</span> <span class='ocrx_word' id='word_1_115' title='bbox 542 1069 552 1089; x_wconf 88' lang='grc'>,</span> <span class='ocrx_word' id='word_1_116' title='bbox 587 1055 648 1078; x_wconf 87' lang='grc' dir='ltr'>και</span> <span class='ocrx_word' id='word_1_117' title='bbox 666 1039 804 1078; x_wconf 84' lang='grc' dir='ltr'>τάττειν</span> <span class='ocrx_word' id='word_1_118' title='bbox 837 1038 883 1077; x_wconf 81' lang='grc' dir='ltr'>τὰ</span> <span class='ocrx_word' id='word_1_119' title='bbox 915 1037 1035 1088; x_wconf 87' lang='grc' dir='ltr'>κάτω,</span> <span class='ocrx_word' id='word_1_120' title='bbox 1059 1036 1226 1084; x_wconf 81' lang='grc' dir='ltr'>ἀληθείας</span> 
     </span>
     <span class='ocr_line' id='line_1_16' title="bbox 172 1096 1226 1151; baseline -0.002 -15"><span class='ocrx_word' id='word_1_121' title='bbox 172 1099 236 1150; x_wconf 80' lang='grc' dir='ltr'>μὲν</span> <span class='ocrx_word' id='word_1_122' title='bbox 255 1099 339 1150; x_wconf 84' lang='grc' dir='ltr'>πρὸς</span> <span class='ocrx_word' id='word_1_123' title='bbox 357 1100 492 1147; x_wconf 81' lang='grc' dir='ltr'>ἐκεῖνα,</span> <span class='ocrx_word' id='word_1_124' title='bbox 506 1100 689 1145; x_wconf 86' lang='grc' dir='ltr'>πολιτικῆς</span> <span class='ocrx_word' id='word_1_125' title='bbox 710 1097 746 1137; x_wconf 85' lang='grc' dir='ltr'>δὲ</span> <span class='ocrx_word' id='word_1_126' title='bbox 769 1100 893 1151; x_wconf 82' lang='grc' dir='ltr'>ἀρετῆς</span> <span class='ocrx_word' id='word_1_127' title='bbox 912 1096 997 1150; x_wconf 80' lang='grc' dir='ltr'>πρὸς</span> <span class='ocrx_word' id='word_1_128' title='bbox 1015 1099 1129 1134; x_wconf 74' lang='grc' dir='ltr'>ταῦτα</span> <span class='ocrx_word' id='word_1_129' title='bbox 1148 1097 1226 1143; x_wconf 86' lang='grc' dir='ltr'>δεη-</span> 
     </span>
     <span class='ocr_line' id='line_1_17' title="bbox 171 1155 1223 1208; baseline -0.003 -12"><span class='ocrx_word' id='word_1_130' title='bbox 171 1157 319 1208; x_wconf 90' lang='grc' dir='ltr'>σόμεθα,</span> <span class='ocrx_word' id='word_1_131' title='bbox 335 1157 460 1201; x_wconf 70' lang='grc' dir='ltr'>ὅπως</span> <span class='ocrx_word' id='word_1_132' title='bbox 444 1173 484 1195; x_wconf 92' lang='grc' dir='ltr'>αν</span> <span class='ocrx_word' id='word_1_133' title='bbox 505 1160 573 1196; x_wconf 77' lang='grc' dir='ltr'>τῶν</span> <span class='ocrx_word' id='word_1_134' title='bbox 590 1156 652 1207; x_wconf 80' lang='grc' dir='ltr'>μὲν</span> <span class='ocrx_word' id='word_1_135' title='bbox 669 1155 788 1195; x_wconf 76' lang='grc' dir='ltr'>ἀϊδίων</span> <span class='ocrx_word' id='word_1_136' title='bbox 808 1155 1015 1208; x_wconf 70' lang='grc' dir='ltr'>θεωρητικοὶ</span> <span class='ocrx_word' id='word_1_137' title='bbox 1030 1155 1223 1207; x_wconf 83' lang='grc' dir='ltr'>γινώμεθα,</span> 
     </span>
     <span class='ocr_line' id='line_1_18' title="bbox 169 1214 1226 1269; baseline -0.001 -15"><span class='ocrx_word' id='word_1_138' title='bbox 169 1218 239 1255; x_wconf 80' lang='grc' dir='ltr'>τῶν</span> <span class='ocrx_word' id='word_1_139' title='bbox 262 1216 297 1254; x_wconf 87' lang='grc' dir='ltr'>δὲ</span> <span class='ocrx_word' id='word_1_140' title='bbox 319 1215 552 1269; x_wconf 80' lang='grc' dir='ltr'>ἐνδεχομένων</span> <span class='ocrx_word' id='word_1_141' title='bbox 585 1217 789 1269; x_wconf 84' lang='grc' dir='ltr'>πρακτικοί.</span> <span class='ocrx_word' id='word_1_142' title='bbox 865 1217 957 1255; x_wconf 88' lang='grc' dir='ltr'>Κατ’</span> <span class='ocrx_word' id='word_1_143' title='bbox 985 1215 1168 1269; x_wconf 82' lang='grc' dir='ltr'>ἀμφότερα</span> <span class='ocrx_word' id='word_1_144' title='bbox 1190 1214 1226 1253; x_wconf 85' lang='grc' dir='ltr'>δὲ</span> 
     </span>
     <span class='ocr_line' id='line_1_19' title="bbox 167 1273 1227 1327; baseline -0.002 -13"><span class='ocrx_word' id='word_1_145' title='bbox 167 1280 239 1319; x_wconf 87' lang='grc' dir='ltr'>τοῖς</span> <span class='ocrx_word' id='word_1_146' title='bbox 258 1274 357 1319; x_wconf 85' lang='grc' dir='ltr'>θείοις</span> <span class='ocrx_word' id='word_1_147' title='bbox 377 1276 467 1327; x_wconf 85' lang='grc' dir='ltr'>ὅροις</span> <span class='ocrx_word' id='word_1_148' title='bbox 487 1274 694 1326; x_wconf 84' lang='grc' dir='ltr'>ἐμμένοντες</span> <span class='ocrx_word' id='word_1_149' title='bbox 711 1274 770 1314; x_wconf 83' lang='grc' dir='ltr'>τὸν</span> <span class='ocrx_word' id='word_1_150' title='bbox 786 1278 847 1323; x_wconf 90' lang='grc' dir='ltr'>τῆς</span> <span class='ocrx_word' id='word_1_151' title='bbox 864 1274 1042 1327; x_wconf 56' lang='grc' dir='ltr'>ἀλογίας*</span> <span class='ocrx_word' id='word_1_152' title='bbox 1025 1291 1066 1312; x_wconf 92' lang='grc' dir='ltr'>αν</span> <span class='ocrx_word' id='word_1_153' title='bbox 1084 1273 1227 1327; x_wconf 73' lang='grc' dir='ltr'>ἀποφύ-</span> 
     </span>
     <span class='ocr_line' id='line_1_20' title="bbox 168 1333 1228 1387; baseline -0.001 -15"><span class='ocrx_word' id='word_1_154' title='bbox 168 1349 290 1387; x_wconf 85' lang='grc' dir='ltr'>γοιμεν</span> <span class='ocrx_word' id='word_1_155' title='bbox 311 1333 489 1374; x_wconf 83' lang='grc' dir='ltr'>κλύδωνα.</span> <span class='ocrx_word' id='word_1_156' title='bbox 527 1334 613 1373; x_wconf 85' lang='grc' dir='ltr'>Ἀπὸ</span> <span class='ocrx_word' id='word_1_157' title='bbox 634 1334 765 1382; x_wconf 80' lang='grc' dir='ltr'>ταύτης</span> <span class='ocrx_word' id='word_1_158' title='bbox 780 1335 848 1386; x_wconf 87' lang='grc' dir='ltr'>γὰρ</span> <span class='ocrx_word' id='word_1_159' title='bbox 872 1335 925 1371; x_wconf 81' lang='grc' dir='ltr'>δεῖ</span> <span class='ocrx_word' id='word_1_160' title='bbox 938 1334 1053 1381; x_wconf 86' lang='grc' dir='ltr'>καθή</span> <span class='ocrx_word' id='word_1_161' title='bbox 1068 1349 1086 1387; x_wconf 89' lang='grc' dir='ltr'>ρ</span> <span class='ocrx_word' id='word_1_162' title='bbox 1099 1338 1228 1372; x_wconf 88' lang='grc' dir='ltr'>ασθαι</span> 
     </span>
     <span class='ocr_line' id='line_1_21' title="bbox 167 1392 1228 1445; baseline 0 -14"><span class='ocrx_word' id='word_1_163' title='bbox 167 1392 232 1440; x_wconf 85' lang='grc' dir='ltr'>τὴν</span> <span class='ocrx_word' id='word_1_164' title='bbox 248 1393 393 1445; x_wconf 82' lang='grc' dir='ltr'>λογικὴν</span> <span class='ocrx_word' id='word_1_165' title='bbox 412 1396 514 1443; x_wconf 81' lang='grc' dir='ltr'>ἡμῶν</span> <span class='ocrx_word' id='word_1_166' title='bbox 535 1393 669 1442; x_wconf 82' lang='grc' dir='ltr'>οὐσίαν,</span> <span class='ocrx_word' id='word_1_167' title='bbox 689 1392 809 1440; x_wconf 81' lang='grc' dir='ltr'>ἐπειδὴ</span> <span class='ocrx_word' id='word_1_168' title='bbox 826 1393 887 1432; x_wconf 87' lang='grc' dir='ltr'>καὶ</span> <span class='ocrx_word' id='word_1_169' title='bbox 900 1392 1011 1445; x_wconf 82' lang='grc' dir='ltr'>ταύτῃ</span> <span class='ocrx_word' id='word_1_170' title='bbox 1033 1395 1228 1445; x_wconf 72' lang='grc' dir='ltr'>προσῆλθεν</span> 
     </span>
     <span class='ocr_line' id='line_1_22' title="bbox 170 1450 1230 1505; baseline -0.001 -14"><span class='ocrx_word' id='word_1_171' title='bbox 170 1453 205 1491; x_wconf 82' lang='grc' dir='ltr'>ἐν</span> <span class='ocrx_word' id='word_1_172' title='bbox 232 1457 276 1504; x_wconf 81' lang='grc' dir='ltr'>τῇ</span> <span class='ocrx_word' id='word_1_173' title='bbox 296 1452 344 1495; x_wconf 87' lang='grc' dir='ltr'>εἷς</span> <span class='ocrx_word' id='word_1_174' title='bbox 366 1451 501 1503; x_wconf 85' lang='grc' dir='ltr'>γένεσιν</span> <span class='ocrx_word' id='word_1_175' title='bbox 522 1452 651 1491; x_wconf 87' lang='grc' dir='ltr'>νεύσει.</span> <span class='ocrx_word' id='word_1_176' title='bbox 721 1450 827 1491; x_wconf 80' lang='grc' dir='ltr'>Ἀλλὰ</span> <span class='ocrx_word' id='word_1_177' title='bbox 847 1450 889 1499; x_wconf 86' lang='grc' dir='ltr'>δὴ</span> <span class='ocrx_word' id='word_1_178' title='bbox 911 1467 970 1490; x_wconf 88' lang='grc' dir='ltr'>και</span> <span class='ocrx_word' id='word_1_179' title='bbox 990 1453 1040 1505; x_wconf 88' lang='grc' dir='ltr'>τῶ</span> <span class='ocrx_word' id='word_1_180' title='bbox 1058 1452 1230 1502; x_wconf 82' lang='grc' dir='ltr'>αὐγοειδεῒ</span> 
     </span>
     <span class='ocr_line' id='line_1_23' title="bbox 172 1508 1230 1581; baseline 0 -33"><span class='ocrx_word' id='word_1_181' title='bbox 172 1511 274 1559; x_wconf 83' lang='grc' dir='ltr'>ἡμῶν</span> <span class='ocrx_word' id='word_1_182' title='bbox 294 1509 434 1560; x_wconf 84' lang='grc' dir='ltr'>σώματι</span> <span class='ocrx_word' id='word_1_183' title='bbox 448 1510 604 1563; x_wconf 83' lang='grc' dir='ltr'>προσέφυ</span> <span class='ocrx_word' id='word_1_184' title='bbox 625 1513 729 1581; x_wconf 82' lang='grc' dir='ltr'>σῶμα</span> <span class='ocrx_word' id='word_1_185' title='bbox 745 1508 881 1557; x_wconf 89' lang='grc' dir='ltr'>θνητόν·</span> <span class='ocrx_word' id='word_1_186' title='bbox 903 1508 997 1559; x_wconf 78' lang='grc' dir='ltr'>ὅμως</span> <span class='ocrx_word' id='word_1_187' title='bbox 1011 1513 1230 1564; x_wconf 80' lang='grc' dir='ltr'>καθαρεῦσαι</span> 
     </span>
     <span class='ocr_line' id='line_1_24' title="bbox 171 1567 1228 1621; baseline -0.001 -14"><span class='ocrx_word' id='word_1_188' title='bbox 171 1568 222 1607; x_wconf 83' lang='grc' dir='ltr'>δεῖ</span> <span class='ocrx_word' id='word_1_189' title='bbox 240 1568 301 1608; x_wconf 80' lang='grc' dir='ltr'>καὶ</span> <span class='ocrx_word' id='word_1_190' title='bbox 319 1568 457 1618; x_wconf 79' lang='grc' dir='ltr'>τούτου,</span> <span class='ocrx_word' id='word_1_191' title='bbox 469 1585 529 1608; x_wconf 91' lang='grc' dir='ltr'>και</span> <span class='ocrx_word' id='word_1_192' title='bbox 546 1572 607 1616; x_wconf 81' lang='grc' dir='ltr'>τῆς</span> <span class='ocrx_word' id='word_1_193' title='bbox 622 1570 708 1621; x_wconf 81' lang='grc' dir='ltr'>πρὸς</span> <span class='ocrx_word' id='word_1_194' title='bbox 723 1568 808 1607; x_wconf 80' lang='grc' dir='ltr'>αὐτὸ</span> <span class='ocrx_word' id='word_1_195' title='bbox 823 1567 1044 1620; x_wconf 82' lang='grc' dir='ltr'>συμπαθείας</span> <span class='ocrx_word' id='word_1_196' title='bbox 1065 1570 1228 1608; x_wconf 87' lang='grc' dir='ltr'>ἀπαλλα-</span> 
     </span>
     <span class='ocr_line' id='line_1_25' title="bbox 170 1628 1230 1682; baseline 0.001 -16"><span class='ocrx_word' id='word_1_197' title='bbox 170 1630 289 1679; x_wconf 86' lang='grc' dir='ltr'>γῆναι.</span> <span class='ocrx_word' id='word_1_198' title='bbox 367 1628 538 1667; x_wconf 87' lang='grc' dir='ltr'>Λείπεται</span> <span class='ocrx_word' id='word_1_199' title='bbox 569 1628 612 1676; x_wconf 77' lang='grc' dir='ltr'>δὴ</span> <span class='ocrx_word' id='word_1_200' title='bbox 645 1632 704 1667; x_wconf 85' lang='grc' dir='ltr'>οὖν</span> <span class='ocrx_word' id='word_1_201' title='bbox 736 1630 759 1676; x_wconf 90' lang='grc' dir='ltr'>ἡ</span> <span class='ocrx_word' id='word_1_202' title='bbox 791 1644 851 1667; x_wconf 92' lang='grc' dir='ltr'>του</span> <span class='ocrx_word' id='word_1_203' title='bbox 881 1629 1033 1682; x_wconf 77' lang='grc' dir='ltr'>ψυχικοῦ</span> <span class='ocrx_word' id='word_1_204' title='bbox 1065 1643 1230 1679; x_wconf 86' lang='grc' dir='ltr'>σωματος</span> 
     </span>
    </p>
   </div>
   <div class='ocr_carea' id='block_1_4' title="bbox 169 1757 1272 3520">
    <p class='ocr_par' dir='ltr' id='par_1_6' title="bbox 169 1757 1239 3520">
     <span class='ocr_line' id='line_1_26' title="bbox 169 1757 1228 1811; baseline 0.001 -15"><span class='ocrx_word' id='word_1_205' title='bbox 169 1758 452 1811; x_wconf 89' lang='lat' dir='ltr'>compositum,</span> <span class='ocrx_word' id='word_1_206' title='bbox 488 1771 572 1809; x_wconf 81' lang='lat' dir='ltr'>quae</span> <span class='ocrx_word' id='word_1_207' title='bbox 602 1758 728 1810; x_wconf 90' lang='lat' dir='ltr'>ipsius</span> <span class='ocrx_word' id='word_1_208' title='bbox 758 1757 931 1796; x_wconf 92' lang='lat' dir='ltr'>hominis</span> <span class='ocrx_word' id='word_1_209' title='bbox 963 1757 1093 1808; x_wconf 87' lang='lat' dir='ltr'>imago</span> <span class='ocrx_word' id='word_1_210' title='bbox 1120 1767 1178 1796; x_wconf 91' lang='lat' dir='ltr'>est</span> <span class='ocrx_word' id='word_1_211' title='bbox 1207 1772 1228 1797; x_wconf 93' lang='lat' dir='ltr'>e</span> 
     </span>
     <span class='ocr_line' id='line_1_27' title="bbox 169 1817 1228 1868; baseline -0.001 -13"><span class='ocrx_word' id='word_1_212' title='bbox 169 1826 308 1855; x_wconf 83' lang='lat' dir='ltr'>natura</span> <span class='ocrx_word' id='word_1_213' title='bbox 351 1817 584 1867; x_wconf 83' lang='lat' dir='ltr'>intelligenti</span> <span class='ocrx_word' id='word_1_214' title='bbox 616 1825 654 1855; x_wconf 89' lang='lat' dir='ltr'>et</span> <span class='ocrx_word' id='word_1_215' title='bbox 690 1829 855 1868; x_wconf 75' lang='lat' dir='ltr'>cor-pone</span> <span class='ocrx_word' id='word_1_216' title='bbox 900 1817 1062 1854; x_wconf 86' lang='lat' dir='ltr'>materia</span> <span class='ocrx_word' id='word_1_217' title='bbox 1104 1830 1228 1855; x_wconf 54' lang='lat' dir='ltr'>vacuo</span> 
     </span>
     <span class='ocr_line' id='line_1_28' title="bbox 170 1875 1228 1943; baseline 0.002 -31"><span class='ocrx_word' id='word_1_218' title='bbox 170 1875 340 1914; x_wconf 87' lang='lat' dir='ltr'>conflati.</span> <span class='ocrx_word' id='word_1_219' title='bbox 362 1875 489 1922; x_wconf 89' lang='lat' dir='ltr'>Quum</span> <span class='ocrx_word' id='word_1_220' title='bbox 511 1876 632 1943; x_wconf 78' lang='lat' dir='ltr'>igitui</span> <span class='ocrx_word' id='word_1_221' title='bbox 652 1889 725 1914; x_wconf 87' lang='lat' dir='ltr'>nos</span> <span class='ocrx_word' id='word_1_222' title='bbox 745 1878 866 1914; x_wconf 87' lang='lat' dir='ltr'>simus</span> <span class='ocrx_word' id='word_1_223' title='bbox 890 1875 1027 1922; x_wconf 88' lang='lat' dir='ltr'>homo,</span> <span class='ocrx_word' id='word_1_224' title='bbox 1055 1875 1228 1914; x_wconf 92' lang='lat' dir='ltr'>hominis</span> 
     </span>
     <span class='ocr_line' id='line_1_29' title="bbox 169 1934 1227 1986; baseline 0 -14"><span class='ocrx_word' id='word_1_225' title='bbox 169 1943 295 1972; x_wconf 85' lang='lat' dir='ltr'>autem</span> <span class='ocrx_word' id='word_1_226' title='bbox 316 1935 397 1973; x_wconf 83' lang='lat' dir='ltr'>haec</span> <span class='ocrx_word' id='word_1_227' title='bbox 417 1935 517 1985; x_wconf 80' lang='lat' dir='ltr'>sint,</span> <span class='ocrx_word' id='word_1_228' title='bbox 535 1935 578 1972; x_wconf 89' lang='lat' dir='ltr'>in</span> <span class='ocrx_word' id='word_1_229' title='bbox 604 1934 789 1972; x_wconf 92' lang='lat' dir='ltr'>omnibus</span> <span class='ocrx_word' id='word_1_230' title='bbox 805 1937 1009 1985; x_wconf 73' lang='lat' dir='ltr'>purificari</span> <span class='ocrx_word' id='word_1_231' title='bbox 1029 1943 1066 1972; x_wconf 92' lang='lat' dir='ltr'>et</span> <span class='ocrx_word' id='word_1_232' title='bbox 1089 1935 1227 1986; x_wconf 83' lang='lat' dir='ltr'>perlici</span> 
     </span>
     <span class='ocr_line' id='line_1_30' title="bbox 170 1993 1228 2045; baseline 0.001 -15"><span class='ocrx_word' id='word_1_233' title='bbox 170 1993 376 2041; x_wconf 84' lang='lat' dir='ltr'>debemus,</span> <span class='ocrx_word' id='word_1_234' title='bbox 396 1993 558 2032; x_wconf 90' lang='lat' dir='ltr'>modum</span> <span class='ocrx_word' id='word_1_235' title='bbox 575 2007 672 2032; x_wconf 89' lang='lat' dir='ltr'>vero</span> <span class='ocrx_word' id='word_1_236' title='bbox 692 1994 907 2045; x_wconf 89' lang='lat' dir='ltr'>unicuique</span> <span class='ocrx_word' id='word_1_237' title='bbox 923 2002 1070 2031; x_wconf 90' lang='lat' dir='ltr'>naturae</span> <span class='ocrx_word' id='word_1_238' title='bbox 1086 2007 1228 2032; x_wconf 86' lang='lat' dir='ltr'>conve-</span> 
     </span>
     <span class='ocr_line' id='line_1_31' title="bbox 170 2052 1226 2105; baseline 0.003 -17"><span class='ocrx_word' id='word_1_239' title='bbox 170 2052 339 2091; x_wconf 89' lang='lat' dir='ltr'>nientem</span> <span class='ocrx_word' id='word_1_240' title='bbox 361 2065 529 2092; x_wconf 88' lang='lat' dir='ltr'>servare.</span> <span class='ocrx_word' id='word_1_241' title='bbox 551 2052 617 2091; x_wconf 87' lang='lat' dir='ltr'>Est</span> <span class='ocrx_word' id='word_1_242' title='bbox 635 2053 738 2091; x_wconf 87' lang='lat' dir='ltr'>enim</span> <span class='ocrx_word' id='word_1_243' title='bbox 768 2053 845 2090; x_wconf 89' lang='lat' dir='ltr'>alia</span> <span class='ocrx_word' id='word_1_244' title='bbox 870 2053 970 2091; x_wconf 89' lang='lat' dir='ltr'>alius</span> <span class='ocrx_word' id='word_1_245' title='bbox 993 2054 1226 2105; x_wconf 77' lang='lat' dir='ltr'>purificatio.</span> 
     </span>
     <span class='ocr_line' id='line_1_32' title="bbox 169 2107 1227 2163; baseline 0.002 -15"><span class='ocrx_word' id='word_1_246' title='bbox 169 2107 282 2150; x_wconf 87' lang='lat' dir='ltr'>Velut</span> <span class='ocrx_word' id='word_1_247' title='bbox 315 2112 436 2150; x_wconf 85' lang='lat' dir='ltr'>animi</span> <span class='ocrx_word' id='word_1_248' title='bbox 466 2112 667 2150; x_wconf 86' lang='lat' dir='ltr'>rationalis</span> <span class='ocrx_word' id='word_1_249' title='bbox 708 2112 748 2149; x_wconf 90' lang='lat' dir='ltr'>in</span> <span class='ocrx_word' id='word_1_250' title='bbox 781 2120 888 2163; x_wconf 86' lang='lat' dir='ltr'>parte</span> <span class='ocrx_word' id='word_1_251' title='bbox 923 2111 1086 2150; x_wconf 87' lang='lat' dir='ltr'>rationis</span> <span class='ocrx_word' id='word_1_252' title='bbox 1115 2125 1227 2150; x_wconf 90' lang='lat' dir='ltr'>usum</span> 
     </span>
     <span class='ocr_line' id='line_1_33' title="bbox 171 2169 1231 2220; baseline 0.003 -14"><span class='ocrx_word' id='word_1_253' title='bbox 171 2169 367 2220; x_wconf 88' lang='lat' dir='ltr'>flagitante</span> <span class='ocrx_word' id='word_1_254' title='bbox 391 2172 609 2220; x_wconf 79' lang='lat' dir='ltr'>purificatio</span> <span class='ocrx_word' id='word_1_255' title='bbox 641 2179 698 2209; x_wconf 90' lang='lat' dir='ltr'>est</span> <span class='ocrx_word' id='word_1_256' title='bbox 729 2171 947 2208; x_wconf 88' lang='lat' dir='ltr'>litterarum</span> <span class='ocrx_word' id='word_1_257' title='bbox 987 2171 1150 2218; x_wconf 90' lang='lat' dir='ltr'>veritas,</span> <span class='ocrx_word' id='word_1_258' title='bbox 1189 2172 1231 2209; x_wconf 89' lang='lat' dir='ltr'>in</span> 
     </span>
     <span class='ocr_line' id='line_1_34' title="bbox 170 2227 1230 2280; baseline 0.004 -16"><span class='ocrx_word' id='word_1_259' title='bbox 170 2227 239 2265; x_wconf 91' lang='lat' dir='ltr'>illa</span> <span class='ocrx_word' id='word_1_260' title='bbox 255 2256 265 2274; x_wconf 90' lang='lat'><strong>,</strong></span> <span class='ocrx_word' id='word_1_261' title='bbox 284 2241 372 2278; x_wconf 85' lang='lat' dir='ltr'>quae</span> <span class='ocrx_word' id='word_1_262' title='bbox 394 2228 582 2279; x_wconf 89' lang='lat' dir='ltr'>opinandi</span> <span class='ocrx_word' id='word_1_263' title='bbox 614 2230 653 2267; x_wconf 92' lang='lat' dir='ltr'>vi</span> <span class='ocrx_word' id='word_1_264' title='bbox 676 2230 841 2280; x_wconf 79' lang='lat' dir='ltr'>praedita</span> <span class='ocrx_word' id='word_1_265' title='bbox 860 2238 941 2277; x_wconf 89' lang='lat' dir='ltr'>est,</span> <span class='ocrx_word' id='word_1_266' title='bbox 976 2231 1102 2268; x_wconf 89' lang='lat' dir='ltr'>virtus</span> <span class='ocrx_word' id='word_1_267' title='bbox 1133 2230 1230 2268; x_wconf 89' lang='lat' dir='ltr'>deli-</span> 
     </span>
     <span class='ocr_line' id='line_1_35' title="bbox 170 2285 1233 2339; baseline 0.004 -16"><span class='ocrx_word' id='word_1_268' title='bbox 170 2285 361 2326; x_wconf 72' lang='lat' dir='ltr'>beiativa.</span> <span class='ocrx_word' id='word_1_269' title='bbox 392 2287 519 2332; x_wconf 88' lang='lat' dir='ltr'>Quum</span> <span class='ocrx_word' id='word_1_270' title='bbox 552 2289 655 2324; x_wconf 86' lang='lat' dir='ltr'>enim</span> <span class='ocrx_word' id='word_1_271' title='bbox 678 2288 732 2325; x_wconf 89' lang='lat' dir='ltr'>ita</span> <span class='ocrx_word' id='word_1_272' title='bbox 765 2297 988 2339; x_wconf 88' lang='lat' dir='ltr'>comparata</span> <span class='ocrx_word' id='word_1_273' title='bbox 1016 2289 1066 2326; x_wconf 90' lang='lat' dir='ltr'>sit</span> <span class='ocrx_word' id='word_1_274' title='bbox 1095 2298 1233 2327; x_wconf 64' lang='lat' dir='ltr'>natura</span> 
     </span>
     <span class='ocr_line' id='line_1_36' title="bbox 171 2346 1232 2398; baseline 0.004 -16"><span class='ocrx_word' id='word_1_275' title='bbox 171 2354 324 2392; x_wconf 86' lang='lat' dir='ltr'>nostra,</span> <span class='ocrx_word' id='word_1_276' title='bbox 360 2353 402 2383; x_wconf 88' lang='lat' dir='ltr'>ut</span> <span class='ocrx_word' id='word_1_277' title='bbox 443 2346 651 2397; x_wconf 83' lang='lat' dir='ltr'>superiora</span> <span class='ocrx_word' id='word_1_278' title='bbox 693 2347 1014 2398; x_wconf 81' lang='lat' dir='ltr'>contemplemur,</span> <span class='ocrx_word' id='word_1_279' title='bbox 1053 2361 1232 2398; x_wconf 87' lang='lat' dir='ltr'>regamus</span> 
     </span>
     <span class='ocr_line' id='line_1_37' title="bbox 172 2405 1231 2455; baseline 0.004 -13"><span class='ocrx_word' id='word_1_280' title='bbox 172 2413 299 2442; x_wconf 85' lang='lat' dir='ltr'>autem</span> <span class='ocrx_word' id='word_1_281' title='bbox 333 2405 545 2455; x_wconf 70' lang='lat' dir='ltr'>inierim-‚a</span> <span class='ocrx_word' id='word_1_282' title='bbox 578 2406 741 2444; x_wconf 86' lang='lat' dir='ltr'>veritate</span> <span class='ocrx_word' id='word_1_283' title='bbox 775 2407 892 2444; x_wconf 89' lang='lat' dir='ltr'>nobis</span> <span class='ocrx_word' id='word_1_284' title='bbox 923 2407 970 2445; x_wconf 89' lang='lat' dir='ltr'>ad</span> <span class='ocrx_word' id='word_1_285' title='bbox 1002 2408 1093 2455; x_wconf 88' lang='lat' dir='ltr'>illa,</span> <span class='ocrx_word' id='word_1_286' title='bbox 1122 2408 1231 2446; x_wconf 89' lang='lat' dir='ltr'>civili</span> 
     </span>
     <span class='ocr_line' id='line_1_38' title="bbox 179 2463 1232 2516; baseline 0.006 -17"><span class='ocrx_word' id='word_1_287' title='bbox 179 2471 299 2500; x_wconf 88' lang='lat' dir='ltr'>autem</span> <span class='ocrx_word' id='word_1_288' title='bbox 322 2463 467 2501; x_wconf 90' lang='lat' dir='ltr'>virtute</span> <span class='ocrx_word' id='word_1_289' title='bbox 486 2463 534 2501; x_wconf 90' lang='lat' dir='ltr'>ad</span> <span class='ocrx_word' id='word_1_290' title='bbox 555 2463 634 2502; x_wconf 86' lang='lat' dir='ltr'>haec</span> <span class='ocrx_word' id='word_1_291' title='bbox 652 2478 750 2516; x_wconf 89' lang='lat' dir='ltr'>opus</span> <span class='ocrx_word' id='word_1_292' title='bbox 767 2465 864 2513; x_wconf 85' lang='lat' dir='ltr'>erit,</span> <span class='ocrx_word' id='word_1_293' title='bbox 880 2474 922 2504; x_wconf 90' lang='lat' dir='ltr'>ut</span> <span class='ocrx_word' id='word_1_294' title='bbox 939 2474 976 2504; x_wconf 90' lang='lat' dir='ltr'>et</span> <span class='ocrx_word' id='word_1_295' title='bbox 994 2479 1055 2504; x_wconf 91' lang='lat' dir='ltr'>res</span> <span class='ocrx_word' id='word_1_296' title='bbox 1071 2475 1161 2505; x_wconf 79' lang='lat' dir='ltr'>aetei</span> <span class='ocrx_word' id='word_1_297' title='bbox 1165 2481 1232 2506; x_wconf 86' lang='lat' dir='ltr'>nas</span> 
     </span>
     <span class='ocr_line' id='line_1_39' title="bbox 174 2522 1233 2588; baseline 0.007 -31"><span class='ocrx_word' id='word_1_298' title='bbox 174 2522 430 2588; x_wconf 79' lang='lat' dir='ltr'>contemplari</span> <span class='ocrx_word' id='word_1_299' title='bbox 462 2531 499 2560; x_wconf 92' lang='lat' dir='ltr'>et</span> <span class='ocrx_word' id='word_1_300' title='bbox 529 2536 593 2561; x_wconf 89' lang='lat' dir='ltr'>eas</span> <span class='ocrx_word' id='word_1_301' title='bbox 623 2537 709 2575; x_wconf 84' lang='lat' dir='ltr'>quae</span> <span class='ocrx_word' id='word_1_302' title='bbox 743 2538 816 2563; x_wconf 87' lang='lat' dir='ltr'>usu</span> <span class='ocrx_word' id='word_1_303' title='bbox 851 2525 1018 2563; x_wconf 88' lang='lat' dir='ltr'>veniunt</span> <span class='ocrx_word' id='word_1_304' title='bbox 1047 2539 1233 2577; x_wconf 78' lang='lat' dir='ltr'>pelagere</span> 
     </span>
     <span class='ocr_line' id='line_1_40' title="bbox 174 2581 1232 2634; baseline 0.007 -17"><span class='ocrx_word' id='word_1_305' title='bbox 174 2581 381 2631; x_wconf 91' lang='lat' dir='ltr'>possimus.</span> <span class='ocrx_word' id='word_1_306' title='bbox 401 2581 446 2618; x_wconf 90' lang='lat' dir='ltr'>In</span> <span class='ocrx_word' id='word_1_307' title='bbox 466 2582 643 2633; x_wconf 89' lang='lat' dir='ltr'>utrisque</span> <span class='ocrx_word' id='word_1_308' title='bbox 663 2592 789 2621; x_wconf 89' lang='lat' dir='ltr'>&#39;autem</span> <span class='ocrx_word' id='word_1_309' title='bbox 811 2583 967 2622; x_wconf 86' lang='lat' dir='ltr'>divinas</span> <span class='ocrx_word' id='word_1_310' title='bbox 990 2586 1142 2634; x_wconf 86' lang='lat' dir='ltr'>regulas</span> <span class='ocrx_word' id='word_1_311' title='bbox 1161 2586 1232 2624; x_wconf 88' lang='lat' dir='ltr'>ob·</span> 
     </span>
     <span class='ocr_line' id='line_1_41' title="bbox 175 2639 1229 2691; baseline 0.005 -13"><span class='ocrx_word' id='word_1_312' title='bbox 175 2652 235 2678; x_wconf 89' lang='lat' dir='ltr'>ser</span> <span class='ocrx_word' id='word_1_313' title='bbox 239 2639 388 2677; x_wconf 88' lang='lat' dir='ltr'>vando</span> <span class='ocrx_word' id='word_1_314' title='bbox 379 2640 541 2678; x_wconf 81' lang='lat' dir='ltr'>insaniae</span> <span class='ocrx_word' id='word_1_315' title='bbox 555 2649 689 2678; x_wconf 87' lang='lat' dir='ltr'>aestum</span> <span class='ocrx_word' id='word_1_316' title='bbox 706 2642 951 2691; x_wconf 84' lang='lat' dir='ltr'>effugiamus.</span> <span class='ocrx_word' id='word_1_317' title='bbox 969 2643 1029 2681; x_wconf 82' lang='lat' dir='ltr'>Ab</span> <span class='ocrx_word' id='word_1_318' title='bbox 1039 2644 1110 2682; x_wconf 87' lang='lat' dir='ltr'>hac</span> <span class='ocrx_word' id='word_1_319' title='bbox 1125 2645 1229 2683; x_wconf 91' lang='lat' dir='ltr'>enim</span> 
     </span>
     <span class='ocr_line' id='line_1_42' title="bbox 174 2700 1232 2754; baseline 0.005 -17"><span class='ocrx_word' id='word_1_320' title='bbox 174 2708 312 2737; x_wconf 84' lang='lat' dir='ltr'>natura</span> <span class='ocrx_word' id='word_1_321' title='bbox 332 2708 463 2737; x_wconf 89' lang='lat' dir='ltr'>nostra</span> <span class='ocrx_word' id='word_1_322' title='bbox 482 2700 622 2738; x_wconf 89' lang='lat' dir='ltr'>mentis</span> <span class='ocrx_word' id='word_1_323' title='bbox 643 2714 803 2753; x_wconf 89' lang='lat' dir='ltr'>compos</span> <span class='ocrx_word' id='word_1_324' title='bbox 825 2701 1028 2740; x_wconf 88' lang='lat' dir='ltr'>liberanda</span> <span class='ocrx_word' id='word_1_325' title='bbox 1044 2712 1123 2754; x_wconf 89' lang='lat' dir='ltr'>est,</span> <span class='ocrx_word' id='word_1_326' title='bbox 1139 2718 1232 2754; x_wconf 92' lang='lat' dir='ltr'>quo-</span> 
     </span>
     <span class='ocr_line' id='line_1_43' title="bbox 174 2759 1231 2811; baseline 0.004 -14"><span class='ocrx_word' id='word_1_327' title='bbox 174 2762 277 2797; x_wconf 89' lang='lat' dir='ltr'>niam</span> <span class='ocrx_word' id='word_1_328' title='bbox 295 2769 330 2797; x_wconf 91' lang='lat' dir='ltr'>et</span> <span class='ocrx_word' id='word_1_329' title='bbox 348 2759 440 2798; x_wconf 92' lang='lat' dir='ltr'>huic</span> <span class='ocrx_word' id='word_1_330' title='bbox 459 2773 500 2798; x_wconf 91' lang='lat' dir='ltr'>se</span> <span class='ocrx_word' id='word_1_331' title='bbox 516 2759 711 2811; x_wconf 84' lang='lat' dir='ltr'>adjunxit,</span> <span class='ocrx_word' id='word_1_332' title='bbox 730 2774 849 2811; x_wconf 89' lang='lat' dir='ltr'>quum</span> <span class='ocrx_word' id='word_1_333' title='bbox 864 2761 905 2798; x_wconf 90' lang='lat' dir='ltr'>in</span> <span class='ocrx_word' id='word_1_334' title='bbox 924 2760 1026 2800; x_wconf 87' lang='lat' dir='ltr'>hunc</span> <span class='ocrx_word' id='word_1_335' title='bbox 1046 2763 1231 2801; x_wconf 89' lang='lat' dir='ltr'>mundum</span> 
     </span>
     <span class='ocr_line' id='line_1_44' title="bbox 175 2819 1231 2871; baseline 0.004 -15"><span class='ocrx_word' id='word_1_336' title='bbox 175 2819 386 2858; x_wconf 80' lang='lat' dir='ltr'>descendit.</span> <span class='ocrx_word' id='word_1_337' title='bbox 423 2819 543 2870; x_wconf 82' lang='lat' dir='ltr'>Atqui</span> <span class='ocrx_word' id='word_1_338' title='bbox 583 2819 716 2857; x_wconf 88' lang='lat' dir='ltr'>lucido</span> <span class='ocrx_word' id='word_1_339' title='bbox 753 2820 867 2858; x_wconf 90' lang='lat' dir='ltr'>etiam</span> <span class='ocrx_word' id='word_1_340' title='bbox 904 2821 1062 2871; x_wconf 87' lang='lat' dir='ltr'>corpori</span> <span class='ocrx_word' id='word_1_341' title='bbox 1098 2830 1231 2860; x_wconf 76' lang='lat' dir='ltr'>nostio</span> 
     </span>
     <span class='ocr_line' id='line_1_45' title="bbox 175 2878 1232 2930; baseline 0.004 -15"><span class='ocrx_word' id='word_1_342' title='bbox 175 2878 345 2916; x_wconf 74' lang='lat' dir='ltr'>adliaeiet</span> <span class='ocrx_word' id='word_1_343' title='bbox 366 2891 508 2930; x_wconf 91' lang='lat' dir='ltr'>corpus</span> <span class='ocrx_word' id='word_1_344' title='bbox 538 2879 727 2926; x_wconf 86' lang='lat' dir='ltr'>mortale,</span> <span class='ocrx_word' id='word_1_345' title='bbox 750 2879 816 2917; x_wconf 88' lang='lat' dir='ltr'>sed</span> <span class='ocrx_word' id='word_1_346' title='bbox 851 2887 977 2917; x_wconf 86' lang='lat' dir='ltr'>tamen</span> <span class='ocrx_word' id='word_1_347' title='bbox 1007 2888 1044 2918; x_wconf 90' lang='lat' dir='ltr'>et</span> <span class='ocrx_word' id='word_1_348' title='bbox 1076 2880 1125 2918; x_wconf 92' lang='lat' dir='ltr'>ab</span> <span class='ocrx_word' id='word_1_349' title='bbox 1156 2883 1232 2919; x_wconf 87' lang='lat' dir='ltr'>hoc</span> 
     </span>
     <span class='ocr_line' id='line_1_46' title="bbox 177 2937 1232 3004; baseline 0.003 -30"><span class='ocrx_word' id='word_1_350' title='bbox 177 2950 316 3004; x_wconf 78' lang='lat' dir='ltr'>purum</span> <span class='ocrx_word' id='word_1_351' title='bbox 339 2950 418 2975; x_wconf 86' lang='lat' dir='ltr'>esse</span> <span class='ocrx_word' id='word_1_352' title='bbox 439 2946 594 2988; x_wconf 78' lang='lat' dir='ltr'>oportet</span> <span class='ocrx_word' id='word_1_353' title='bbox 622 2946 737 2989; x_wconf 90' lang='lat' dir='ltr'>atque</span> <span class='ocrx_word' id='word_1_354' title='bbox 761 2952 782 2975; x_wconf 89' lang='lat' dir='ltr'>a</span> <span class='ocrx_word' id='word_1_355' title='bbox 802 2947 950 2976; x_wconf 76' lang='lat' dir='ltr'>natutae</span> <span class='ocrx_word' id='word_1_356' title='bbox 976 2937 1061 2989; x_wconf 80' lang='lat' dir='ltr'>ejtls</span> <span class='ocrx_word' id='word_1_357' title='bbox 1091 2952 1232 2977; x_wconf 88' lang='lat' dir='ltr'>conve-</span> 
     </span>
     <span class='ocr_line' id='line_1_47' title="bbox 175 2996 1234 3048; baseline 0.003 -14"><span class='ocrx_word' id='word_1_358' title='bbox 175 2996 324 3034; x_wconf 90' lang='lat' dir='ltr'>nientia</span> <span class='ocrx_word' id='word_1_359' title='bbox 355 3005 392 3034; x_wconf 91' lang='lat' dir='ltr'>et</span> <span class='ocrx_word' id='word_1_360' title='bbox 422 2996 699 3047; x_wconf 89' lang='lat' dir='ltr'>conjunctione</span> <span class='ocrx_word' id='word_1_361' title='bbox 730 2997 914 3036; x_wconf 81' lang='lat' dir='ltr'>liberum.</span> <span class='ocrx_word' id='word_1_362' title='bbox 952 2997 1082 3036; x_wconf 80' lang='lat' dir='ltr'>Restat</span> <span class='ocrx_word' id='word_1_363' title='bbox 1114 2999 1234 3048; x_wconf 87' lang='lat' dir='ltr'>igitur</span> 
     </span>
     <span class='ocr_line' id='line_1_48' title="bbox 176 3055 1231 3107; baseline 0.003 -16"><span class='ocrx_word' id='word_1_364' title='bbox 176 3055 355 3105; x_wconf 84' lang='lat' dir='ltr'>corpmis</span> <span class='ocrx_word' id='word_1_365' title='bbox 390 3055 569 3093; x_wconf 86' lang='lat' dir='ltr'>animalis</span> <span class='ocrx_word' id='word_1_366' title='bbox 607 3058 845 3107; x_wconf 61' lang='grc' dir='ltr'>Ριιιζίὶεαιῐι),</span> <span class='ocrx_word' id='word_1_367' title='bbox 893 3069 979 3106; x_wconf 83' lang='lat' dir='ltr'>quae</span> <span class='ocrx_word' id='word_1_368' title='bbox 1021 3057 1231 3095; x_wconf 88' lang='lat' dir='ltr'>secundum</span> 
     </span>
     <span class='ocr_line' id='line_1_49' title="bbox 178 3114 1234 3164; baseline 0.004 -14"><span class='ocrx_word' id='word_1_369' title='bbox 178 3126 306 3152; x_wconf 88' lang='lat' dir='ltr'>sacras</span> <span class='ocrx_word' id='word_1_370' title='bbox 326 3114 431 3164; x_wconf 86' lang='lat' dir='ltr'>leges</span> <span class='ocrx_word' id='word_1_371' title='bbox 463 3123 499 3152; x_wconf 91' lang='lat' dir='ltr'>et</span> <span class='ocrx_word' id='word_1_372' title='bbox 527 3129 722 3153; x_wconf 89' lang='lat' dir='ltr'>sacrorum</span> <span class='ocrx_word' id='word_1_373' title='bbox 758 3129 802 3153; x_wconf 74' lang='lat' dir='ltr'>an</span> <span class='ocrx_word' id='word_1_374' title='bbox 806 3125 861 3154; x_wconf 90' lang='lat' dir='ltr'>tes</span> <span class='ocrx_word' id='word_1_375' title='bbox 892 3116 977 3154; x_wconf 84' lang='lat' dir='ltr'>fieri</span> <span class='ocrx_word' id='word_1_376' title='bbox 1009 3115 1136 3155; x_wconf 85' lang='lat' dir='ltr'>debet.</span> <span class='ocrx_word' id='word_1_377' title='bbox 1161 3116 1234 3155; x_wconf 90' lang='lat' dir='ltr'>Sed</span> 
     </span>
     <span class='ocr_line' id='line_1_50' title="bbox 179 3173 1236 3225; baseline 0.005 -17"><span class='ocrx_word' id='word_1_378' title='bbox 179 3185 367 3223; x_wconf 71' lang='lat' dir='ltr'>colpoiea</span> <span class='ocrx_word' id='word_1_379' title='bbox 386 3174 509 3222; x_wconf 86' lang='lat' dir='ltr'>magis</span> <span class='ocrx_word' id='word_1_380' title='bbox 531 3173 611 3212; x_wconf 86' lang='lat' dir='ltr'>haec</span> <span class='ocrx_word' id='word_1_381' title='bbox 642 3175 866 3225; x_wconf 82' lang='lat' dir='ltr'>purificatio</span> <span class='ocrx_word' id='word_1_382' title='bbox 888 3184 964 3222; x_wconf 86' lang='lat' dir='ltr'>est3</span> <span class='ocrx_word' id='word_1_383' title='bbox 984 3174 1087 3212; x_wconf 87' lang='lat' dir='ltr'>unde</span> <span class='ocrx_word' id='word_1_384' title='bbox 1108 3178 1236 3213; x_wconf 91' lang='lat' dir='ltr'>omnis</span> 
     </span>
     <span class='ocr_line' id='line_1_51' title="bbox 179 3231 1236 3282; baseline 0.004 -15"><span class='ocrx_word' id='word_1_385' title='bbox 179 3231 332 3279; x_wconf 87' lang='lat' dir='ltr'>generis</span> <span class='ocrx_word' id='word_1_386' title='bbox 362 3232 560 3269; x_wconf 84' lang='lat' dir='ltr'>materiam</span> <span class='ocrx_word' id='word_1_387' title='bbox 592 3233 747 3282; x_wconf 82' lang='lat' dir='ltr'>attingit</span> <span class='ocrx_word' id='word_1_388' title='bbox 766 3234 880 3271; x_wconf 87' lang='lat' dir='ltr'>varia</span> <span class='ocrx_word' id='word_1_389' title='bbox 899 3233 1009 3271; x_wconf 88' lang='lat' dir='ltr'>vitali</span> <span class='ocrx_word' id='word_1_390' title='bbox 1031 3233 1122 3271; x_wconf 88' lang='lat' dir='ltr'>huic</span> <span class='ocrx_word' id='word_1_391' title='bbox 1150 3247 1236 3271; x_wconf 76' lang='lat' dir='ltr'>cot-</span> 
     </span>
     <span class='ocr_line' id='line_1_52' title="bbox 182 3289 1237 3340; baseline 0.006 -15"><span class='ocrx_word' id='word_1_392' title='bbox 182 3289 269 3340; x_wconf 64' lang='grc' dir='ltr'>10ιί</span> <span class='ocrx_word' id='word_1_393' title='bbox 299 3290 471 3327; x_wconf 85' lang='lat' dir='ltr'>remedia</span> <span class='ocrx_word' id='word_1_394' title='bbox 491 3291 680 3330; x_wconf 88' lang='lat' dir='ltr'>adhibens</span> <span class='ocrx_word' id='word_1_395' title='bbox 699 3301 736 3330; x_wconf 83' lang='lat' dir='ltr'>et</span> <span class='ocrx_word' id='word_1_396' title='bbox 757 3293 965 3330; x_wconf 85' lang='lat' dir='ltr'>efficaciter</span> <span class='ocrx_word' id='word_1_397' title='bbox 985 3293 1083 3331; x_wconf 89' lang='lat' dir='ltr'>illud</span> <span class='ocrx_word' id='word_1_398' title='bbox 1116 3294 1237 3331; x_wconf 89' lang='lat' dir='ltr'>addu-</span> 
     </span>
     <span class='ocr_line' id='line_1_53' title="bbox 186 3352 1236 3403; baseline 0.005 -18"><span class='ocrx_word' id='word_1_399' title='bbox 186 3361 292 3396; x_wconf 82' lang='lat' dir='ltr'>cens,</span> <span class='ocrx_word' id='word_1_400' title='bbox 323 3358 365 3386; x_wconf 91' lang='lat' dir='ltr'>ut</span> <span class='ocrx_word' id='word_1_401' title='bbox 397 3363 419 3387; x_wconf 84' lang='lat' dir='ltr'>a</span> <span class='ocrx_word' id='word_1_402' title='bbox 456 3352 618 3388; x_wconf 88' lang='lat' dir='ltr'>materia</span> <span class='ocrx_word' id='word_1_403' title='bbox 650 3361 850 3403; x_wconf 50' lang='lat' dir='ltr'>separffetui</span> <span class='ocrx_word' id='word_1_404' title='bbox 881 3361 919 3390; x_wconf 90' lang='lat' dir='ltr'>et</span> <span class='ocrx_word' id='word_1_405' title='bbox 954 3353 994 3390; x_wconf 89' lang='lat' dir='ltr'>in</span> <span class='ocrx_word' id='word_1_406' title='bbox 1030 3353 1236 3391; x_wconf 74' lang='lat' dir='ltr'>aetheieum</span> 
     </span>
     <span class='ocr_line' id='line_1_54' title="bbox 182 3407 1272 3483; baseline 0.005 -39"><span class='ocrx_word' id='word_1_407' title='bbox 182 3407 307 3445; x_wconf 88' lang='lat' dir='ltr'>locum</span> <span class='ocrx_word' id='word_1_408' title='bbox 326 3407 531 3457; x_wconf 90' lang='lat' dir='ltr'>subvolet,</span> <span class='ocrx_word' id='word_1_409' title='bbox 555 3409 623 3447; x_wconf 90' lang='lat' dir='ltr'>ubi</span> <span class='ocrx_word' id='word_1_410' title='bbox 641 3411 769 3448; x_wconf 89' lang='lat' dir='ltr'>sedem</span> <span class='ocrx_word' id='word_1_411' title='bbox 799 3411 942 3449; x_wconf 83' lang='lat' dir='ltr'>habere</span> <span class='ocrx_word' id='word_1_412' title='bbox 968 3412 1095 3463; x_wconf 88' lang='lat' dir='ltr'>prima</span> <span class='ocrx_word' id='word_1_413' title='bbox 1115 3412 1272 3483; x_wconf 68' lang='lat' dir='ltr'>felici-l</span> 
     </span>
     <span class='ocr_line' id='line_1_55' title="bbox 180 3461 1239 3520; baseline 0.005 -17"><span class='ocrx_word' id='word_1_414' title='bbox 180 3475 257 3504; x_wconf 83' lang='lat' dir='ltr'>tate</span> <span class='ocrx_word' id='word_1_415' title='bbox 296 3461 438 3506; x_wconf 73' lang='lat' dir='ltr'>fluenti</span> <span class='ocrx_word' id='word_1_416' title='bbox 475 3469 652 3518; x_wconf 85' lang='lat' dir='ltr'>contigit.</span> <span class='ocrx_word' id='word_1_417' title='bbox 691 3469 940 3520; x_wconf 77' lang='lat' dir='ltr'>Quaecunque</span> <span class='ocrx_word' id='word_1_418' title='bbox 978 3479 1102 3508; x_wconf 88' lang='lat' dir='ltr'>autem</span> <span class='ocrx_word' id='word_1_419' title='bbox 1137 3471 1239 3508; x_wconf 69' lang='lat' dir='ltr'>cinca</span> 
     </span>
    </p>
   </div>
   <div class='ocr_carea' id='block_1_5' title="bbox 1251 592 1257 716">
    <p class='ocr_par' dir='ltr' id='par_1_7' title="bbox 1251 592 1257 716">
     <span class='ocr_line' id='line_1_56' title="bbox 1251 592 1257 716; baseline 0 0"><span class='ocrx_word' id='word_1_420' title='bbox 1251 592 1257 716; x_wconf 89' lang='grc' dir='ltr'>Ι</span> 
     </span>
    </p>
   </div>
   <div class='ocr_carea' id='block_1_6' title="bbox 1251 877 1257 1044">
    <p class='ocr_par' dir='ltr' id='par_1_8' title="bbox 1251 877 1257 1044">
     <span class='ocr_line' id='line_1_57' title="bbox 1251 877 1257 1044; baseline 0 0"><span class='ocrx_word' id='word_1_421' title='bbox 1251 877 1257 1044; x_wconf 95' lang='lat' dir='ltr'> </span> 
     </span>
    </p>
   </div>
   <div class='ocr_carea' id='block_1_7' title="bbox 1253 1325 1265 2280">
    <p class='ocr_par' dir='ltr' id='par_1_9' title="bbox 1250 1048 1265 2280">
     <span class='ocr_line' id='line_1_58' title="bbox 1253 1325 1263 1668; baseline 0 0"><span class='ocrx_word' id='word_1_422' title='bbox 1253 1325 1263 1668; x_wconf 67' lang='grc' dir='ltr'>ι</span> 
     </span>
     <span class='ocr_line' id='line_1_59' title="bbox 1255 1761 1265 2280; baseline 0 0"><span class='ocrx_word' id='word_1_423' title='bbox 1255 1761 1265 2280; x_wconf 62' lang='grc' dir='ltr'>ἱ</span> 
     </span>
    </p>
   </div>
   <div class='ocr_carea' id='block_1_8' title="bbox 2258 247 2338 281">
    <p class='ocr_par' dir='ltr' id='par_1_10' title="bbox 2258 247 2338 281">
     <span class='ocr_line' id='line_1_60' title="bbox 2258 247 2338 281; baseline -0.025 0"><span class='ocrx_word' id='word_1_424' title='bbox 2258 247 2338 281; x_wconf 86' lang='grc'>479</span> 
     </span>
    </p>
   </div>
   <div class='ocr_carea' id='block_1_9' title="bbox 1286 325 2349 1682">
    <p class='ocr_par' dir='ltr' id='par_1_11' title="bbox 1286 325 2348 1682">
     <span class='ocr_line' id='line_1_61' title="bbox 1286 325 2339 380; baseline 0.002 -14"><span class='ocrx_word' id='word_1_425' title='bbox 1286 326 1533 379; x_wconf 84' lang='grc' dir='ltr'>κάθαρσις,</span> <span class='ocrx_word' id='word_1_426' title='bbox 1555 325 1598 373; x_wconf 86' lang='grc' dir='ltr'>ἣν</span> <span class='ocrx_word' id='word_1_427' title='bbox 1621 325 1836 373; x_wconf 86' lang='grc' dir='ltr'>ποιήσασθαι</span> <span class='ocrx_word' id='word_1_428' title='bbox 1864 326 1915 364; x_wconf 84' lang='grc' dir='ltr'>δεῖ</span> <span class='ocrx_word' id='word_1_429' title='bbox 1935 332 2006 371; x_wconf 89' lang='grc' dir='ltr'>τοῖς</span> <span class='ocrx_word' id='word_1_430' title='bbox 2032 329 2135 379; x_wconf 83' lang='grc' dir='ltr'>ἱεροῖς</span> <span class='ocrx_word' id='word_1_431' title='bbox 2169 328 2339 380; x_wconf 81' lang='grc' dir='ltr'>ἑπόμενον</span> 
     </span>
     <span class='ocr_line' id='line_1_62' title="bbox 1287 383 2339 440; baseline 0.002 -16"><span class='ocrx_word' id='word_1_432' title='bbox 1287 387 1438 438; x_wconf 81' lang='grc' dir='ltr'>θεσμοῖς,</span> <span class='ocrx_word' id='word_1_433' title='bbox 1457 383 1518 423; x_wconf 82' lang='grc' dir='ltr'>καὶ</span> <span class='ocrx_word' id='word_1_434' title='bbox 1537 389 1613 428; x_wconf 90' lang='grc' dir='ltr'>ταῖς</span> <span class='ocrx_word' id='word_1_435' title='bbox 1628 386 1696 423; x_wconf 85' lang='grc' dir='ltr'>τῶν</span> <span class='ocrx_word' id='word_1_436' title='bbox 1717 386 1819 437; x_wconf 80' lang='grc' dir='ltr'>ἱερῶν</span> <span class='ocrx_word' id='word_1_437' title='bbox 1835 385 1992 437; x_wconf 79' lang='grc' dir='ltr'>τέχναις.</span> <span class='ocrx_word' id='word_1_438' title='bbox 2050 387 2339 440; x_wconf 85' lang='grc' dir='ltr'>Σωματικωτέρα</span> 
     </span>
     <span class='ocr_line' id='line_1_63' title="bbox 1287 443 2341 499; baseline 0.002 -15"><span class='ocrx_word' id='word_1_439' title='bbox 1287 445 1324 484; x_wconf 85' lang='grc' dir='ltr'>δέ</span> <span class='ocrx_word' id='word_1_440' title='bbox 1342 462 1415 489; x_wconf 91' lang='grc' dir='ltr'>πως</span> <span class='ocrx_word' id='word_1_441' title='bbox 1447 443 1535 490; x_wconf 80' lang='grc' dir='ltr'>αὕτη</span> <span class='ocrx_word' id='word_1_442' title='bbox 1563 446 1585 490; x_wconf 83' lang='grc' dir='ltr'>ἡ</span> <span class='ocrx_word' id='word_1_443' title='bbox 1606 443 1840 496; x_wconf 74' lang='grc' dir='ltr'>κάθαρσις·</span> <span class='ocrx_word' id='word_1_444' title='bbox 1866 444 1919 482; x_wconf 83' lang='grc' dir='ltr'>διὸ</span> <span class='ocrx_word' id='word_1_445' title='bbox 1946 444 2006 484; x_wconf 75' lang='grc' dir='ltr'>καὶ</span> <span class='ocrx_word' id='word_1_446' title='bbox 2027 447 2118 484; x_wconf 80' lang='grc' dir='ltr'>ὑλῶν</span> <span class='ocrx_word' id='word_1_447' title='bbox 2145 448 2341 499; x_wconf 81' lang='grc' dir='ltr'>ἐφάπτεται</span> 
     </span>
     <span class='ocr_line' id='line_1_64' title="bbox 1286 503 2340 556; baseline 0.002 -13"><span class='ocrx_word' id='word_1_448' title='bbox 1286 506 1541 549; x_wconf 84' lang='grc' dir='ltr'>παντοδαπῶν,</span> <span class='ocrx_word' id='word_1_449' title='bbox 1577 504 1818 556; x_wconf 80' lang='grc' dir='ltr'>θεραπεύουσα</span> <span class='ocrx_word' id='word_1_450' title='bbox 1856 504 2027 549; x_wconf 87' lang='grc' dir='ltr'>παντοίως</span> <span class='ocrx_word' id='word_1_451' title='bbox 2073 503 2134 543; x_wconf 64' lang='grc' dir='ltr'>καὶ</span> <span class='ocrx_word' id='word_1_452' title='bbox 2168 507 2340 556; x_wconf 86' lang='grc' dir='ltr'>μεταπεί-</span> 
     </span>
     <span class='ocr_line' id='line_1_65' title="bbox 1286 562 2335 617; baseline 0 -13"><span class='ocrx_word' id='word_1_453' title='bbox 1286 568 1393 604; x_wconf 88' lang='grc' dir='ltr'>θουσα</span> <span class='ocrx_word' id='word_1_454' title='bbox 1413 563 1630 617; x_wconf 88' lang='grc' dir='ltr'>δραστηρίως</span> <span class='ocrx_word' id='word_1_455' title='bbox 1646 562 1685 601; x_wconf 80' lang='grc' dir='ltr'>τὸ</span> <span class='ocrx_word' id='word_1_456' title='bbox 1706 563 1848 608; x_wconf 86' lang='grc' dir='ltr'>ζωτικὸν</span> <span class='ocrx_word' id='word_1_457' title='bbox 1870 566 1971 602; x_wconf 70' lang='grc' dir='ltr'>τοῦτο</span> <span class='ocrx_word' id='word_1_458' title='bbox 1990 566 2095 614; x_wconf 81' lang='grc' dir='ltr'>σῶμα</span> <span class='ocrx_word' id='word_1_459' title='bbox 2122 568 2335 617; x_wconf 76' lang='grc' dir='ltr'>χωρισθῆναι</span> 
     </span>
     <span class='ocr_line' id='line_1_66' title="bbox 1286 621 2333 676; baseline -0.001 -14"><span class='ocrx_word' id='word_1_460' title='bbox 1286 627 1347 671; x_wconf 82' lang='grc' dir='ltr'>τῆς</span> <span class='ocrx_word' id='word_1_461' title='bbox 1375 623 1478 672; x_wconf 76' lang='grc' dir='ltr'>ὕλης,</span> <span class='ocrx_word' id='word_1_462' title='bbox 1510 624 1570 663; x_wconf 75' lang='grc' dir='ltr'>καὶ</span> <span class='ocrx_word' id='word_1_463' title='bbox 1603 624 1803 670; x_wconf 83' lang='grc' dir='ltr'>ἀναπτῆναι</span> <span class='ocrx_word' id='word_1_464' title='bbox 1833 622 1919 673; x_wconf 79' lang='grc' dir='ltr'>πρὸς</span> <span class='ocrx_word' id='word_1_465' title='bbox 1948 621 2007 660; x_wconf 79' lang='grc' dir='ltr'>τὸν</span> <span class='ocrx_word' id='word_1_466' title='bbox 2029 621 2178 676; x_wconf 81' lang='grc' dir='ltr'>αἰθέριον</span> <span class='ocrx_word' id='word_1_467' title='bbox 2207 624 2333 672; x_wconf 80' lang='grc' dir='ltr'>τόπον,</span> 
     </span>
     <span class='ocr_line' id='line_1_67' title="bbox 1286 676 2337 735; baseline 0.002 -14"><span class='ocrx_word' id='word_1_468' title='bbox 1286 682 1372 722; x_wconf 80' lang='grc' dir='ltr'>ὅπου</span> <span class='ocrx_word' id='word_1_469' title='bbox 1391 681 1454 730; x_wconf 82' lang='grc' dir='ltr'>τὴν</span> <span class='ocrx_word' id='word_1_470' title='bbox 1470 682 1663 727; x_wconf 82' lang='grc' dir='ltr'>κατάταξιν</span> <span class='ocrx_word' id='word_1_471' title='bbox 1681 681 1774 734; x_wconf 87' lang='grc' dir='ltr'>ἔχειν</span> <span class='ocrx_word' id='word_1_472' title='bbox 1798 682 1893 735; x_wconf 75' lang='grc' dir='ltr'>αὐτῷ</span> <span class='ocrx_word' id='word_1_473' title='bbox 1911 681 2117 731; x_wconf 75' lang='grc' dir='ltr'>εὐδαιμονία</span> <span class='ocrx_word' id='word_1_474' title='bbox 2135 676 2176 730; x_wconf 67' lang='grc' dir='ltr'>ἦν</span> <span class='ocrx_word' id='word_1_475' title='bbox 2196 683 2337 735; x_wconf 87' lang='grc' dir='ltr'>πρώτη.</span> 
     </span>
     <span class='ocr_line' id='line_1_68' title="bbox 1287 740 2338 795; baseline -0.002 -14"><span class='ocrx_word' id='word_1_476' title='bbox 1287 743 1413 782; x_wconf 84' lang='grc' dir='ltr'>Πάντα</span> <span class='ocrx_word' id='word_1_477' title='bbox 1435 742 1472 781; x_wconf 83' lang='grc' dir='ltr'>δὲ</span> <span class='ocrx_word' id='word_1_478' title='bbox 1493 743 1538 782; x_wconf 86' lang='grc' dir='ltr'>τὰ</span> <span class='ocrx_word' id='word_1_479' title='bbox 1558 742 1640 795; x_wconf 74' lang='grc' dir='ltr'>περὶ</span> <span class='ocrx_word' id='word_1_480' title='bbox 1656 745 1758 781; x_wconf 76' lang='grc' dir='ltr'>τοῦτο</span> <span class='ocrx_word' id='word_1_481' title='bbox 1775 741 1960 795; x_wconf 85' lang='grc' dir='ltr'>δρώμενα,</span> <span class='ocrx_word' id='word_1_482' title='bbox 1979 740 2039 779; x_wconf 83' lang='grc' dir='ltr'>ἐὰν</span> <span class='ocrx_word' id='word_1_483' title='bbox 2060 744 2258 794; x_wconf 85' lang='grc' dir='ltr'>θεοπρεπῶς</span> <span class='ocrx_word' id='word_1_484' title='bbox 2278 743 2338 780; x_wconf 85' lang='grc' dir='ltr'>καὶ</span> 
     </span>
     <span class='ocr_line' id='line_1_69' title="bbox 1287 800 2343 855; baseline -0.002 -15"><span class='ocrx_word' id='word_1_485' title='bbox 1287 802 1336 853; x_wconf 83' lang='grc' dir='ltr'>μὴ</span> <span class='ocrx_word' id='word_1_486' title='bbox 1358 803 1552 854; x_wconf 77' lang='grc' dir='ltr'>ἀγυρτικῶς</span> <span class='ocrx_word' id='word_1_487' title='bbox 1567 801 1724 855; x_wconf 87' lang='grc' dir='ltr'>γίνηται,</span> <span class='ocrx_word' id='word_1_488' title='bbox 1740 800 1959 852; x_wconf 88' lang='grc' dir='ltr'>συνεπόμενα</span> <span class='ocrx_word' id='word_1_489' title='bbox 1971 803 2041 845; x_wconf 86' lang='grc' dir='ltr'>τοῖς</span> <span class='ocrx_word' id='word_1_490' title='bbox 2059 802 2121 847; x_wconf 86' lang='grc' dir='ltr'>τῆς</span> <span class='ocrx_word' id='word_1_491' title='bbox 2141 802 2266 852; x_wconf 82' lang='grc' dir='ltr'>ἀρετῆς</span> <span class='ocrx_word' id='word_1_492' title='bbox 2281 800 2343 839; x_wconf 80' lang='grc' dir='ltr'>καὶ</span> 
     </span>
     <span class='ocr_line' id='line_1_70' title="bbox 1287 859 2342 913; baseline -0.001 -14"><span class='ocrx_word' id='word_1_493' title='bbox 1287 862 1453 910; x_wconf 84' lang='grc' dir='ltr'>ἀληθείας</span> <span class='ocrx_word' id='word_1_494' title='bbox 1476 862 1619 902; x_wconf 86' lang='grc' dir='ltr'>κανόσιν</span> <span class='ocrx_word' id='word_1_495' title='bbox 1635 861 1847 912; x_wconf 80' lang='grc' dir='ltr'>εὑρίσκεται.</span> <span class='ocrx_word' id='word_1_496' title='bbox 1893 862 1940 900; x_wconf 77' lang='grc' dir='ltr'>Αἱ</span> <span class='ocrx_word' id='word_1_497' title='bbox 1954 859 2022 913; x_wconf 82' lang='grc' dir='ltr'>γὰρ</span> <span class='ocrx_word' id='word_1_498' title='bbox 2038 863 2099 907; x_wconf 89' lang='grc' dir='ltr'>τῆς</span> <span class='ocrx_word' id='word_1_499' title='bbox 2115 861 2258 912; x_wconf 87' lang='grc' dir='ltr'>λογικῆς</span> <span class='ocrx_word' id='word_1_500' title='bbox 2275 863 2342 912; x_wconf 79' lang='grc' dir='ltr'>ψυ-</span> 
     </span>
     <span class='ocr_line' id='line_1_71' title="bbox 1287 918 2345 995; baseline -0.006 -33"><span class='ocrx_word' id='word_1_501' title='bbox 1287 923 1354 973; x_wconf 80' lang='grc' dir='ltr'>χῆς</span> <span class='ocrx_word' id='word_1_502' title='bbox 1374 925 1456 961; x_wconf 89' lang='grc' dir='ltr'>καθ</span> <span class='ocrx_word' id='word_1_503' title='bbox 1471 922 1492 961; x_wconf 89' lang='grc' dir='ltr'>ά</span> <span class='ocrx_word' id='word_1_504' title='bbox 1504 938 1522 975; x_wconf 89' lang='grc' dir='ltr'>ρ</span> <span class='ocrx_word' id='word_1_505' title='bbox 1534 938 1555 960; x_wconf 88' lang='grc' dir='ltr'>σ</span> <span class='ocrx_word' id='word_1_506' title='bbox 1566 937 1581 960; x_wconf 91' lang='grc' dir='ltr'>ε</span> <span class='ocrx_word' id='word_1_507' title='bbox 1597 937 1630 966; x_wconf 93' lang='grc' dir='ltr'>ις</span> <span class='ocrx_word' id='word_1_508' title='bbox 1643 920 1703 959; x_wconf 79' lang='grc' dir='ltr'>καὶ</span> <span class='ocrx_word' id='word_1_509' title='bbox 1720 923 1780 958; x_wconf 79' lang='grc' dir='ltr'>τοῦ</span> <span class='ocrx_word' id='word_1_510' title='bbox 1793 920 1998 995; x_wconf 76' lang='grc' dir='ltr'>αὖγοειδοῦς</span> <span class='ocrx_word' id='word_1_511' title='bbox 2010 918 2191 971; x_wconf 75' lang='grc' dir='ltr'>ὀχήματος</span> <span class='ocrx_word' id='word_1_512' title='bbox 2208 934 2345 971; x_wconf 83' lang='grc' dir='ltr'>προμη-</span> 
     </span>
     <span class='ocr_line' id='line_1_72' title="bbox 1287 979 2343 1033; baseline -0.001 -14"><span class='ocrx_word' id='word_1_513' title='bbox 1287 984 1451 1033; x_wconf 79' lang='grc' dir='ltr'>θοῧνται,</span> <span class='ocrx_word' id='word_1_514' title='bbox 1473 980 1599 1025; x_wconf 73' lang='grc' dir='ltr'>ὅπως</span> <span class='ocrx_word' id='word_1_515' title='bbox 1583 997 1625 1020; x_wconf 91' lang='grc' dir='ltr'>αν</span> <span class='ocrx_word' id='word_1_516' title='bbox 1650 981 1772 1024; x_wconf 79' lang='grc' dir='ltr'>αὐταῖς</span> <span class='ocrx_word' id='word_1_517' title='bbox 1792 980 1985 1032; x_wconf 79' lang='grc' dir='ltr'>ὑπόπτερον</span> <span class='ocrx_word' id='word_1_518' title='bbox 2007 979 2067 1018; x_wconf 84' lang='grc' dir='ltr'>καὶ</span> <span class='ocrx_word' id='word_1_519' title='bbox 2081 984 2182 1018; x_wconf 85' lang='grc' dir='ltr'>τοῦτο</span> <span class='ocrx_word' id='word_1_520' title='bbox 2197 980 2343 1031; x_wconf 84' lang='grc' dir='ltr'>γενόμε-</span> 
     </span>
     <span class='ocr_line' id='line_1_73' title="bbox 1288 1037 2342 1114; baseline -0.001 -36"><span class='ocrx_word' id='word_1_521' title='bbox 1288 1056 1346 1079; x_wconf 89' lang='grc' dir='ltr'>νον</span> <span class='ocrx_word' id='word_1_522' title='bbox 1363 1040 1412 1091; x_wconf 83' lang='grc' dir='ltr'>μὴ</span> <span class='ocrx_word' id='word_1_523' title='bbox 1435 1040 1599 1114; x_wconf 83' lang='grc' dir='ltr'>ἐμποδὼν</span> <span class='ocrx_word' id='word_1_524' title='bbox 1615 1038 1759 1086; x_wconf 75' lang='grc' dir='ltr'>ἵστηται</span> <span class='ocrx_word' id='word_1_525' title='bbox 1779 1039 1864 1091; x_wconf 86' lang='grc' dir='ltr'>πρὸς</span> <span class='ocrx_word' id='word_1_526' title='bbox 1883 1038 1947 1086; x_wconf 83' lang='grc' dir='ltr'>τὴν</span> <span class='ocrx_word' id='word_1_527' title='bbox 1980 1038 2053 1077; x_wconf 85' lang='grc' dir='ltr'>ἅνω</span> <span class='ocrx_word' id='word_1_528' title='bbox 2075 1037 2231 1091; x_wconf 90' lang='grc' dir='ltr'>πορείαν.</span> <span class='ocrx_word' id='word_1_529' title='bbox 2250 1040 2342 1078; x_wconf 84' lang='grc' dir='ltr'>Πτε·</span> 
     </span>
     <span class='ocr_line' id='line_1_74' title="bbox 1289 1097 2344 1152; baseline -0.002 -15"><span class='ocrx_word' id='word_1_530' title='bbox 1289 1098 1415 1152; x_wconf 77' lang='grc' dir='ltr'>ροφυία</span> <span class='ocrx_word' id='word_1_531' title='bbox 1433 1099 1468 1138; x_wconf 83' lang='grc' dir='ltr'>δὲ</span> <span class='ocrx_word' id='word_1_532' title='bbox 1489 1101 1595 1138; x_wconf 77' lang='grc' dir='ltr'>αὐτου</span> <span class='ocrx_word' id='word_1_533' title='bbox 1625 1099 1750 1149; x_wconf 82' lang='grc' dir='ltr'>ἀρίστη</span> <span class='ocrx_word' id='word_1_534' title='bbox 1765 1129 1776 1149; x_wconf 91' lang='grc'>,</span> <span class='ocrx_word' id='word_1_535' title='bbox 1802 1102 1824 1145; x_wconf 83' lang='grc' dir='ltr'>ἡ</span> <span class='ocrx_word' id='word_1_536' title='bbox 1851 1098 1943 1138; x_wconf 86' lang='grc' dir='ltr'>κατὰ</span> <span class='ocrx_word' id='word_1_537' title='bbox 1963 1099 2087 1151; x_wconf 84' lang='grc' dir='ltr'>μικρὸν</span> <span class='ocrx_word' id='word_1_538' title='bbox 2117 1097 2248 1148; x_wconf 84' lang='grc' dir='ltr'>μελέτη</span> <span class='ocrx_word' id='word_1_539' title='bbox 2281 1101 2344 1145; x_wconf 85' lang='grc' dir='ltr'>τῆς</span> 
     </span>
     <span class='ocr_line' id='line_1_75' title="bbox 1286 1155 2339 1211; baseline -0.002 -15"><span class='ocrx_word' id='word_1_540' title='bbox 1286 1160 1356 1196; x_wconf 83' lang='grc' dir='ltr'>τῶν</span> <span class='ocrx_word' id='word_1_541' title='bbox 1387 1157 1573 1211; x_wconf 86' lang='grc' dir='ltr'>περιγείων</span> <span class='ocrx_word' id='word_1_542' title='bbox 1608 1158 1860 1205; x_wconf 84' lang='grc' dir='ltr'>ἀποστάσεως,</span> <span class='ocrx_word' id='word_1_543' title='bbox 1890 1172 1950 1196; x_wconf 88' lang='grc' dir='ltr'>και</span> <span class='ocrx_word' id='word_1_544' title='bbox 1977 1159 1995 1195; x_wconf 83' lang='grc' dir='ltr'>ὁ</span> <span class='ocrx_word' id='word_1_545' title='bbox 2012 1157 2097 1210; x_wconf 82' lang='grc' dir='ltr'>πρὸς</span> <span class='ocrx_word' id='word_1_546' title='bbox 2122 1155 2185 1204; x_wconf 84' lang='grc' dir='ltr'>τὴν</span> <span class='ocrx_word' id='word_1_547' title='bbox 2216 1156 2339 1195; x_wconf 84' lang='grc' dir='ltr'>ἀϋλίαν</span> 
     </span>
     <span class='ocr_line' id='line_1_76' title="bbox 1289 1211 2344 1268; baseline 0.002 -14"><span class='ocrx_word' id='word_1_548' title='bbox 1289 1217 1448 1268; x_wconf 83' lang='grc' dir='ltr'>ἐθισμός,</span> <span class='ocrx_word' id='word_1_549' title='bbox 1477 1233 1537 1256; x_wconf 88' lang='grc' dir='ltr'>και</span> <span class='ocrx_word' id='word_1_550' title='bbox 1556 1222 1579 1266; x_wconf 78' lang='grc' dir='ltr'>ἡ</span> <span class='ocrx_word' id='word_1_551' title='bbox 1601 1211 1808 1262; x_wconf 57' lang='grc' dir='ltr'>ἀπόθεσιςῗ</span> <span class='ocrx_word' id='word_1_552' title='bbox 1782 1233 1831 1256; x_wconf 89' lang='grc' dir='ltr'>ων</span> <span class='ocrx_word' id='word_1_553' title='bbox 1853 1216 1893 1255; x_wconf 80' lang='grc' dir='ltr'>ἂν</span> <span class='ocrx_word' id='word_1_554' title='bbox 1914 1217 2070 1265; x_wconf 80' lang='grc' dir='ltr'>ἐπλήσθη</span> <span class='ocrx_word' id='word_1_555' title='bbox 2093 1219 2319 1268; x_wconf 80' lang='grc' dir='ltr'>μολυσμῶν’</span> <span class='ocrx_word' id='word_1_556' title='bbox 2304 1233 2344 1256; x_wconf 85' lang='grc' dir='ltr'>εκ</span> 
     </span>
     <span class='ocr_line' id='line_1_77' title="bbox 1288 1275 2342 1329; baseline 0 -14"><span class='ocrx_word' id='word_1_557' title='bbox 1288 1279 1351 1323; x_wconf 87' lang='grc' dir='ltr'>τῆς</span> <span class='ocrx_word' id='word_1_558' title='bbox 1372 1276 1455 1328; x_wconf 81' lang='grc' dir='ltr'>πρὸς</span> <span class='ocrx_word' id='word_1_559' title='bbox 1471 1276 1510 1316; x_wconf 85' lang='grc' dir='ltr'>τὸ</span> <span class='ocrx_word' id='word_1_560' title='bbox 1524 1275 1642 1315; x_wconf 82' lang='grc' dir='ltr'>υλικὸν</span> <span class='ocrx_word' id='word_1_561' title='bbox 1663 1291 1767 1326; x_wconf 88' lang='grc' dir='ltr'>σωμα</span> <span class='ocrx_word' id='word_1_562' title='bbox 1783 1275 1984 1322; x_wconf 84' lang='grc' dir='ltr'>συζεύξεως.</span> <span class='ocrx_word' id='word_1_563' title='bbox 2043 1277 2110 1315; x_wconf 81' lang='grc' dir='ltr'>Διὰ</span> <span class='ocrx_word' id='word_1_564' title='bbox 2126 1275 2194 1329; x_wconf 85' lang='grc' dir='ltr'>γὰρ</span> <span class='ocrx_word' id='word_1_565' title='bbox 2210 1276 2342 1315; x_wconf 85' lang='grc' dir='ltr'>τούτων</span> 
     </span>
     <span class='ocr_line' id='line_1_78' title="bbox 1289 1333 2343 1388; baseline 0 -15"><span class='ocrx_word' id='word_1_566' title='bbox 1289 1335 1549 1374; x_wconf 76' lang='grc' dir='ltr'>ἀναὸιώσκεται</span> <span class='ocrx_word' id='word_1_567' title='bbox 1581 1335 1709 1388; x_wconf 89' lang='grc' dir='ltr'>τρόπον</span> <span class='ocrx_word' id='word_1_568' title='bbox 1727 1335 1822 1384; x_wconf 89' lang='grc' dir='ltr'>τινά,</span> <span class='ocrx_word' id='word_1_569' title='bbox 1846 1351 1906 1373; x_wconf 89' lang='grc' dir='ltr'>και</span> <span class='ocrx_word' id='word_1_570' title='bbox 1926 1333 2145 1386; x_wconf 83' lang='grc' dir='ltr'>συλλέγεται,</span> <span class='ocrx_word' id='word_1_571' title='bbox 2165 1351 2225 1374; x_wconf 86' lang='grc' dir='ltr'>και</span> <span class='ocrx_word' id='word_1_572' title='bbox 2249 1335 2343 1373; x_wconf 88' lang='grc' dir='ltr'>θείου</span> 
     </span>
     <span class='ocr_line' id='line_1_79' title="bbox 1289 1393 2347 1466; baseline -0.001 -33"><span class='ocrx_word' id='word_1_573' title='bbox 1289 1396 1487 1466; x_wconf 73' lang='grc' dir='ltr'>πληροῦται</span> <span class='ocrx_word' id='word_1_574' title='bbox 1508 1395 1633 1444; x_wconf 88' lang='grc' dir='ltr'>τόνου,</span> <span class='ocrx_word' id='word_1_575' title='bbox 1654 1410 1714 1433; x_wconf 86' lang='grc' dir='ltr'>και</span> <span class='ocrx_word' id='word_1_576' title='bbox 1733 1397 1776 1446; x_wconf 83' lang='grc' dir='ltr'>τῇ</span> <span class='ocrx_word' id='word_1_577' title='bbox 1797 1400 1902 1447; x_wconf 80' lang='grc' dir='ltr'>νοερᾷ</span> <span class='ocrx_word' id='word_1_578' title='bbox 1931 1393 2124 1439; x_wconf 87' lang='grc' dir='ltr'>τελειότητι</span> <span class='ocrx_word' id='word_1_579' title='bbox 2147 1396 2210 1440; x_wconf 87' lang='grc' dir='ltr'>τῆς</span> <span class='ocrx_word' id='word_1_580' title='bbox 2231 1395 2347 1464; x_wconf 80' lang='grc' dir='ltr'>ψυχῆς</span> 
     </span>
     <span class='ocr_line' id='line_1_80' title="bbox 1290 1424 2345 1505; baseline -0.001 -14"><span class='ocrx_word' id='word_1_581' title='bbox 1290 1453 1521 1491; x_wconf 89' lang='grc' dir='ltr'>συνάπτεται.</span> <span class='ocrx_word' id='word_1_582' title='bbox 1583 1424 1633 1491; x_wconf 88' lang='grc' dir='ltr'>Τί</span> <span class='ocrx_word' id='word_1_583' title='bbox 1651 1455 1708 1491; x_wconf 84' lang='grc' dir='ltr'>οὖν</span> <span class='ocrx_word' id='word_1_584' title='bbox 1729 1456 1751 1501; x_wconf 82' lang='grc' dir='ltr'>ἡ</span> <span class='ocrx_word' id='word_1_585' title='bbox 1773 1451 1871 1491; x_wconf 84' lang='grc' dir='ltr'>ἐνίων</span> <span class='ocrx_word' id='word_1_586' title='bbox 1903 1451 2138 1504; x_wconf 80' lang='grc' dir='ltr'>βρωμάτων’</span> <span class='ocrx_word' id='word_1_587' title='bbox 2119 1450 2238 1504; x_wconf 84' lang='grc' dir='ltr'>αποχὴ</span> <span class='ocrx_word' id='word_1_588' title='bbox 2259 1452 2345 1505; x_wconf 84' lang='grc' dir='ltr'>πρὸς</span> 
     </span>
     <span class='ocr_line' id='line_1_81' title="bbox 1290 1510 2348 1562; baseline -0.002 -12"><span class='ocrx_word' id='word_1_589' title='bbox 1290 1516 1402 1551; x_wconf 80' lang='grc' dir='ltr'>ταῦτα</span> <span class='ocrx_word' id='word_1_590' title='bbox 1421 1511 1664 1562; x_wconf 75' lang='grc' dir='ltr'>συμὸάλλοιτο</span> <span class='ocrx_word' id='word_1_591' title='bbox 1693 1511 1756 1559; x_wconf 71' lang='grc' dir='ltr'>ἄν,</span> <span class='ocrx_word' id='word_1_592' title='bbox 1781 1526 1851 1555; x_wconf 85' lang='grc' dir='ltr'>τοις</span> <span class='ocrx_word' id='word_1_593' title='bbox 1881 1510 2087 1561; x_wconf 78' lang='grc' dir='ltr'>ἐθιζομένοις</span> <span class='ocrx_word' id='word_1_594' title='bbox 2110 1510 2180 1550; x_wconf 84' lang='grc' dir='ltr'>ἀπὸ</span> <span class='ocrx_word' id='word_1_595' title='bbox 2203 1510 2348 1550; x_wconf 85' lang='grc' dir='ltr'>πάντων</span> 
     </span>
     <span class='ocr_line' id='line_1_82' title="bbox 1291 1569 2346 1642; baseline 0 -34"><span class='ocrx_word' id='word_1_596' title='bbox 1291 1571 1501 1622; x_wconf 78' lang='grc' dir='ltr'>χωρίζεσθαι</span> <span class='ocrx_word' id='word_1_597' title='bbox 1523 1573 1592 1609; x_wconf 86' lang='grc' dir='ltr'>τῶν</span> <span class='ocrx_word' id='word_1_598' title='bbox 1622 1572 1781 1642; x_wconf 84' lang='grc' dir='ltr'>θνητῶν,</span> <span class='ocrx_word' id='word_1_599' title='bbox 1804 1569 1843 1608; x_wconf 80' lang='grc' dir='ltr'>τὸ</span> <span class='ocrx_word' id='word_1_600' title='bbox 1870 1572 1974 1608; x_wconf 84' lang='grc' dir='ltr'>τινῶν</span> <span class='ocrx_word' id='word_1_601' title='bbox 1993 1571 2146 1609; x_wconf 71' lang='grc' dir='ltr'>ἐντεῦθεν</span> <span class='ocrx_word' id='word_1_602' title='bbox 2167 1569 2236 1617; x_wconf 87' lang='grc' dir='ltr'>ἤδη</span> <span class='ocrx_word' id='word_1_603' title='bbox 2257 1585 2346 1608; x_wconf 89' lang='grc' dir='ltr'>παν-</span> 
     </span>
     <span class='ocr_line' id='line_1_83' title="bbox 1291 1628 2349 1682; baseline -0.001 -15"><span class='ocrx_word' id='word_1_604' title='bbox 1291 1631 1400 1673; x_wconf 87' lang='grc' dir='ltr'>τελῶς</span> <span class='ocrx_word' id='word_1_605' title='bbox 1421 1629 1665 1682; x_wconf 74' lang='grc' dir='ltr'>ἀποσχέσθαι,</span> <span class='ocrx_word' id='word_1_606' title='bbox 1681 1644 1740 1667; x_wconf 89' lang='grc' dir='ltr'>και</span> <span class='ocrx_word' id='word_1_607' title='bbox 1755 1628 1911 1679; x_wconf 86' lang='grc' dir='ltr'>μαλιστα</span> <span class='ocrx_word' id='word_1_608' title='bbox 1932 1630 2000 1667; x_wconf 81' lang='grc' dir='ltr'>τῶν</span> <span class='ocrx_word' id='word_1_609' title='bbox 2018 1628 2349 1680; x_wconf 80' lang='grc' dir='ltr'>γλυκυθυμούντων,</span> 
     </span>
    </p>
   </div>
   <div class='ocr_carea' id='block_1_10' title="bbox 1267 1756 2356 3522">
    <p class='ocr_par' dir='ltr' id='par_1_12' title="bbox 1290 1756 2351 1868">
     <span class='ocr_line' id='line_1_84' title="bbox 1290 1756 2351 1807; baseline 0 -13"><span class='ocrx_word' id='word_1_610' title='bbox 1290 1758 1364 1795; x_wconf 89' lang='lat' dir='ltr'>hoc</span> <span class='ocrx_word' id='word_1_611' title='bbox 1385 1767 1566 1807; x_wconf 85' lang='lat' dir='ltr'>aguntur,</span> <span class='ocrx_word' id='word_1_612' title='bbox 1588 1758 1621 1795; x_wconf 91' lang='lat' dir='ltr'>si</span> <span class='ocrx_word' id='word_1_613' title='bbox 1639 1758 1715 1795; x_wconf 75' lang='lat' dir='ltr'>litu</span> <span class='ocrx_word' id='word_1_614' title='bbox 1732 1757 1778 1794; x_wconf 87' lang='lat' dir='ltr'>ad</span> <span class='ocrx_word' id='word_1_615' title='bbox 1793 1757 1971 1795; x_wconf 91' lang='lat' dir='ltr'>divinum</span> <span class='ocrx_word' id='word_1_616' title='bbox 1992 1756 2180 1795; x_wconf 82' lang='lat' dir='ltr'>honoiem</span> <span class='ocrx_word' id='word_1_617' title='bbox 2198 1770 2351 1795; x_wconf 86' lang='lat' dir='ltr'>accom-</span> 
     </span>
     <span class='ocr_line' id='line_1_85' title="bbox 1291 1818 2344 1868; baseline -0.001 -13"><span class='ocrx_word' id='word_1_618' title='bbox 1291 1819 1469 1864; x_wconf 88' lang='lat' dir='ltr'>modato,</span> <span class='ocrx_word' id='word_1_619' title='bbox 1494 1831 1572 1855; x_wconf 93' lang='lat' dir='ltr'>non</span> <span class='ocrx_word' id='word_1_620' title='bbox 1591 1825 1717 1855; x_wconf 89' lang='lat' dir='ltr'>autem</span> <span class='ocrx_word' id='word_1_621' title='bbox 1747 1817 2074 1868; x_wconf 77' lang='lat' dir='ltr'>praestigiatmum</span> <span class='ocrx_word' id='word_1_622' title='bbox 2102 1830 2210 1855; x_wconf 89' lang='lat' dir='ltr'>more</span> <span class='ocrx_word' id='word_1_623' title='bbox 2231 1818 2344 1864; x_wconf 83' lang='lat' dir='ltr'>fiant,</span> 
     </span>
    </p>

    <p class='ocr_par' dir='ltr' id='par_1_13' title="bbox 1291 1875 2352 2044">
     <span class='ocr_line' id='line_1_86' title="bbox 1291 1875 2348 1926; baseline 0.001 -13"><span class='ocrx_word' id='word_1_624' title='bbox 1291 1877 1451 1915; x_wconf 67' lang='lat' dir='ltr'>virtutis</span> <span class='ocrx_word' id='word_1_625' title='bbox 1473 1890 1517 1914; x_wconf 87' lang='lat' dir='ltr'>ac</span> <span class='ocrx_word' id='word_1_626' title='bbox 1548 1876 1724 1913; x_wconf 35' lang='lat' dir='ltr'>wexitatis</span> <span class='ocrx_word' id='word_1_627' title='bbox 1760 1875 1907 1924; x_wconf 81' lang='lat' dir='ltr'>regulis</span> <span class='ocrx_word' id='word_1_628' title='bbox 1938 1876 2212 1917; x_wconf 82' lang='lat' dir='ltr'>convenientia</span> <span class='ocrx_word' id='word_1_629' title='bbox 2238 1889 2348 1926; x_wconf 86' lang='lat' dir='ltr'>repe·-</span> 
     </span>
     <span class='ocr_line' id='line_1_87' title="bbox 1292 1934 2352 1986; baseline -0.001 -13"><span class='ocrx_word' id='word_1_630' title='bbox 1292 1936 1462 1974; x_wconf 88' lang='lat' dir='ltr'>riuntur.</span> <span class='ocrx_word' id='word_1_631' title='bbox 1486 1935 1660 1985; x_wconf 83' lang='lat' dir='ltr'>Namque</span> <span class='ocrx_word' id='word_1_632' title='bbox 1687 1934 1806 1972; x_wconf 88' lang='lat' dir='ltr'>animi</span> <span class='ocrx_word' id='word_1_633' title='bbox 1839 1934 1990 1972; x_wconf 75' lang='lat' dir='ltr'>latione</span> <span class='ocrx_word' id='word_1_634' title='bbox 2019 1934 2175 1985; x_wconf 85' lang='lat' dir='ltr'>praediti</span> <span class='ocrx_word' id='word_1_635' title='bbox 2207 1935 2352 1986; x_wconf 69' lang='lat' dir='ltr'>putiti-</span> 
     </span>
     <span class='ocr_line' id='line_1_88' title="bbox 1291 1991 2346 2044; baseline -0.001 -12"><span class='ocrx_word' id='word_1_636' title='bbox 1291 1995 1462 2032; x_wconf 82' lang='lat' dir='ltr'>cationes</span> <span class='ocrx_word' id='word_1_637' title='bbox 1505 1993 1638 2031; x_wconf 85' lang='lat' dir='ltr'>lucido</span> <span class='ocrx_word' id='word_1_638' title='bbox 1688 1993 1803 2030; x_wconf 87' lang='lat' dir='ltr'>etiam</span> <span class='ocrx_word' id='word_1_639' title='bbox 1851 1991 2033 2030; x_wconf 83' lang='lat' dir='ltr'>vehiculo</span> <span class='ocrx_word' id='word_1_640' title='bbox 2078 1994 2346 2044; x_wconf 87' lang='lat' dir='ltr'>prospiciunt,</span> 
     </span>
    </p>

    <p class='ocr_par' dir='ltr' id='par_1_14' title="bbox 1291 2051 2355 2753">
     <span class='ocr_line' id='line_1_89' title="bbox 1291 2051 2350 2103; baseline 0 -13"><span class='ocrx_word' id='word_1_641' title='bbox 1291 2061 1334 2090; x_wconf 87' lang='lat' dir='ltr'>ut</span> <span class='ocrx_word' id='word_1_642' title='bbox 1359 2052 1434 2090; x_wconf 88' lang='lat' dir='ltr'>hoc</span> <span class='ocrx_word' id='word_1_643' title='bbox 1469 2063 1626 2103; x_wconf 91' lang='lat' dir='ltr'>quoque</span> <span class='ocrx_word' id='word_1_644' title='bbox 1658 2063 1791 2088; x_wconf 75' lang='lat' dir='ltr'>eanum</span> <span class='ocrx_word' id='word_1_645' title='bbox 1832 2063 1906 2101; x_wconf 91' lang='lat' dir='ltr'>ope</span> <span class='ocrx_word' id='word_1_646' title='bbox 1942 2051 2081 2101; x_wconf 89' lang='lat' dir='ltr'>pennis</span> <span class='ocrx_word' id='word_1_647' title='bbox 2116 2052 2350 2090; x_wconf 84' lang='lat' dir='ltr'>instructum</span> 
     </span>
     <span class='ocr_line' id='line_1_90' title="bbox 1291 2109 2352 2162; baseline -0.001 -12"><span class='ocrx_word' id='word_1_648' title='bbox 1291 2112 1401 2150; x_wconf 87' lang='lat' dir='ltr'>illius</span> <span class='ocrx_word' id='word_1_649' title='bbox 1420 2111 1495 2149; x_wconf 89' lang='lat' dir='ltr'>iter</span> <span class='ocrx_word' id='word_1_650' title='bbox 1513 2111 1560 2148; x_wconf 93' lang='lat' dir='ltr'>ad</span> <span class='ocrx_word' id='word_1_651' title='bbox 1582 2111 1668 2148; x_wconf 88' lang='lat' dir='ltr'>loca</span> <span class='ocrx_word' id='word_1_652' title='bbox 1687 2109 1892 2161; x_wconf 90' lang='lat' dir='ltr'>superiora</span> <span class='ocrx_word' id='word_1_653' title='bbox 1912 2119 2132 2161; x_wconf 88' lang='lat' dir='ltr'>susceptum</span> <span class='ocrx_word' id='word_1_654' title='bbox 2158 2123 2207 2148; x_wconf 91' lang='lat' dir='ltr'>ne</span> <span class='ocrx_word' id='word_1_655' title='bbox 2224 2111 2352 2162; x_wconf 89' lang='lat' dir='ltr'>impe-</span> 
     </span>
     <span class='ocr_line' id='line_1_91' title="bbox 1293 2169 2350 2221; baseline 0 -13"><span class='ocrx_word' id='word_1_656' title='bbox 1293 2171 1387 2208; x_wconf 87' lang='lat' dir='ltr'>diat</span> <span class='ocrx_word' id='word_1_657' title='bbox 1404 2170 1560 2221; x_wconf 88' lang='lat' dir='ltr'>Optime</span> <span class='ocrx_word' id='word_1_658' title='bbox 1581 2178 1706 2207; x_wconf 87' lang='lat' dir='ltr'>autem</span> <span class='ocrx_word' id='word_1_659' title='bbox 1729 2169 1813 2219; x_wconf 89' lang='lat' dir='ltr'>ejus</span> <span class='ocrx_word' id='word_1_660' title='bbox 1832 2181 1969 2220; x_wconf 82' lang='lat' dir='ltr'>pennae</span> <span class='ocrx_word' id='word_1_661' title='bbox 1990 2178 2257 2216; x_wconf 88' lang='lat' dir='ltr'>renascentur,</span> <span class='ocrx_word' id='word_1_662' title='bbox 2281 2170 2350 2208; x_wconf 86' lang='lat' dir='ltr'>ad·</span> 
     </span>
     <span class='ocr_line' id='line_1_92' title="bbox 1292 2227 2351 2281; baseline 0.002 -15"><span class='ocrx_word' id='word_1_663' title='bbox 1292 2228 1418 2267; x_wconf 90' lang='lat' dir='ltr'>hibita</span> <span class='ocrx_word' id='word_1_664' title='bbox 1449 2243 1562 2277; x_wconf 87' lang='lat' dir='ltr'>cura,</span> <span class='ocrx_word' id='word_1_665' title='bbox 1589 2237 1632 2267; x_wconf 94' lang='lat' dir='ltr'>ut</span> <span class='ocrx_word' id='word_1_666' title='bbox 1662 2242 1683 2266; x_wconf 92' lang='lat' dir='ltr'>a</span> <span class='ocrx_word' id='word_1_667' title='bbox 1717 2227 1971 2266; x_wconf 76' lang='lat' dir='ltr'>ter-resuibus</span> <span class='ocrx_word' id='word_1_668' title='bbox 2005 2228 2121 2267; x_wconf 89' lang='lat' dir='ltr'>rebus</span> <span class='ocrx_word' id='word_1_669' title='bbox 2161 2230 2351 2281; x_wconf 87' lang='lat' dir='ltr'>paulatim</span> 
     </span>
     <span class='ocr_line' id='line_1_93' title="bbox 1294 2288 2350 2340; baseline 0.001 -14"><span class='ocrx_word' id='word_1_670' title='bbox 1294 2288 1473 2327; x_wconf 83' lang='lat' dir='ltr'>abscedat</span> <span class='ocrx_word' id='word_1_671' title='bbox 1492 2297 1528 2327; x_wconf 89' lang='lat' dir='ltr'>et</span> <span class='ocrx_word' id='word_1_672' title='bbox 1549 2288 1707 2327; x_wconf 91' lang='lat' dir='ltr'>semotis</span> <span class='ocrx_word' id='word_1_673' title='bbox 1727 2300 1749 2324; x_wconf 90' lang='lat' dir='ltr'>a</span> <span class='ocrx_word' id='word_1_674' title='bbox 1766 2288 1926 2325; x_wconf 86' lang='lat' dir='ltr'>materia</span> <span class='ocrx_word' id='word_1_675' title='bbox 1948 2297 2141 2326; x_wconf 85' lang='lat' dir='ltr'>assuescat</span> <span class='ocrx_word' id='word_1_676' title='bbox 2160 2297 2197 2326; x_wconf 89' lang='lat' dir='ltr'>et</span> <span class='ocrx_word' id='word_1_677' title='bbox 2216 2289 2350 2340; x_wconf 91' lang='lat' dir='ltr'>inqui-</span> 
     </span>
     <span class='ocr_line' id='line_1_94' title="bbox 1294 2346 2355 2398; baseline 0.002 -13"><span class='ocrx_word' id='word_1_678' title='bbox 1294 2357 1472 2385; x_wconf 88' lang='lat' dir='ltr'>namenta</span> <span class='ocrx_word' id='word_1_679' title='bbox 1505 2361 1553 2385; x_wconf 88' lang='lat' dir='ltr'>ex</span> <span class='ocrx_word' id='word_1_680' title='bbox 1592 2346 1778 2398; x_wconf 88' lang='lat' dir='ltr'>adJuncto</span> <span class='ocrx_word' id='word_1_681' title='bbox 1814 2347 2004 2384; x_wconf 87' lang='lat' dir='ltr'>materiali</span> <span class='ocrx_word' id='word_1_682' title='bbox 2043 2361 2207 2398; x_wconf 83' lang='lat' dir='ltr'>corpore</span> <span class='ocrx_word' id='word_1_683' title='bbox 2249 2348 2355 2387; x_wconf 82' lang='lat' dir='ltr'>forte</span> 
     </span>
     <span class='ocr_line' id='line_1_95' title="bbox 1295 2405 2349 2458; baseline 0 -14"><span class='ocrx_word' id='word_1_684' title='bbox 1295 2416 1405 2444; x_wconf 75' lang='lat' dir='ltr'>conti</span> <span class='ocrx_word' id='word_1_685' title='bbox 1409 2415 1491 2445; x_wconf 89' lang='lat' dir='ltr'>acta</span> <span class='ocrx_word' id='word_1_686' title='bbox 1506 2407 1688 2458; x_wconf 87' lang='lat' dir='ltr'>deponat.</span> <span class='ocrx_word' id='word_1_687' title='bbox 1706 2405 1855 2443; x_wconf 84' lang='lat' dir='ltr'>Etenim</span> <span class='ocrx_word' id='word_1_688' title='bbox 1872 2405 1933 2444; x_wconf 87' lang='lat' dir='ltr'>his</span> <span class='ocrx_word' id='word_1_689' title='bbox 1947 2406 2349 2457; x_wconf 86' lang='lat' dir='ltr'>reviviscitquodam-</span> 
     </span>
     <span class='ocr_line' id='line_1_96' title="bbox 1296 2464 2356 2517; baseline 0.001 -14"><span class='ocrx_word' id='word_1_690' title='bbox 1296 2466 1411 2504; x_wconf 89' lang='lat' dir='ltr'>modo</span> <span class='ocrx_word' id='word_1_691' title='bbox 1436 2475 1473 2504; x_wconf 95' lang='lat' dir='ltr'>et</span> <span class='ocrx_word' id='word_1_692' title='bbox 1505 2479 1546 2504; x_wconf 90' lang='lat' dir='ltr'>se</span> <span class='ocrx_word' id='word_1_693' title='bbox 1579 2465 1730 2514; x_wconf 87' lang='lat' dir='ltr'>colligit</span> <span class='ocrx_word' id='word_1_694' title='bbox 1761 2472 1799 2502; x_wconf 91' lang='lat' dir='ltr'>et</span> <span class='ocrx_word' id='word_1_695' title='bbox 1828 2464 1966 2502; x_wconf 90' lang='lat' dir='ltr'>divino</span> <span class='ocrx_word' id='word_1_696' title='bbox 2001 2466 2137 2514; x_wconf 89' lang='lat' dir='ltr'>vigore</span> <span class='ocrx_word' id='word_1_697' title='bbox 2166 2466 2356 2517; x_wconf 84' lang='lat' dir='ltr'>impletm</span> 
     </span>
     <span class='ocr_line' id='line_1_97' title="bbox 1295 2523 2348 2576; baseline 0.001 -13"><span class='ocrx_word' id='word_1_698' title='bbox 1295 2534 1410 2576; x_wconf 89' lang='lat' dir='ltr'>atque</span> <span class='ocrx_word' id='word_1_699' title='bbox 1429 2524 1682 2563; x_wconf 88' lang='lat' dir='ltr'>intellectuali</span> <span class='ocrx_word' id='word_1_700' title='bbox 1699 2523 1820 2567; x_wconf 90' lang='lat' dir='ltr'>animi</span> <span class='ocrx_word' id='word_1_701' title='bbox 1838 2524 2065 2575; x_wconf 87' lang='lat' dir='ltr'>perfectioni</span> <span class='ocrx_word' id='word_1_702' title='bbox 2081 2525 2348 2574; x_wconf 86' lang='lat' dir='ltr'>conjungitur.</span> 
     </span>
     <span class='ocr_line' id='line_1_98' title="bbox 1293 2582 2351 2634; baseline -0.001 -11"><span class='ocrx_word' id='word_1_703' title='bbox 1293 2585 1397 2631; x_wconf 86' lang='lat' dir='ltr'>Quid</span> <span class='ocrx_word' id='word_1_704' title='bbox 1426 2585 1547 2634; x_wconf 89' lang='lat' dir='ltr'>igitur</span> <span class='ocrx_word' id='word_1_705' title='bbox 1567 2583 1744 2622; x_wconf 89' lang='lat' dir='ltr'>ciborum</span> <span class='ocrx_word' id='word_1_706' title='bbox 1766 2582 2010 2634; x_wconf 87' lang='lat' dir='ltr'>quor-undam</span> <span class='ocrx_word' id='word_1_707' title='bbox 2043 2582 2279 2621; x_wconf 87' lang='lat' dir='ltr'>abstinentia</span> <span class='ocrx_word' id='word_1_708' title='bbox 2302 2585 2351 2622; x_wconf 87' lang='lat' dir='ltr'>ad</span> 
     </span>
     <span class='ocr_line' id='line_1_99' title="bbox 1294 2640 2348 2693; baseline 0 -12"><span class='ocrx_word' id='word_1_709' title='bbox 1294 2643 1375 2681; x_wconf 88' lang='lat' dir='ltr'>haec</span> <span class='ocrx_word' id='word_1_710' title='bbox 1393 2643 1588 2681; x_wconf 65' lang='lat' dir='ltr'>conselati)</span> <span class='ocrx_word' id='word_1_711' title='bbox 1615 2642 1669 2680; x_wconf 91' lang='lat' dir='ltr'>lis</span> <span class='ocrx_word' id='word_1_712' title='bbox 1692 2641 1761 2693; x_wconf 90' lang='lat' dir='ltr'>qui</span> <span class='ocrx_word' id='word_1_713' title='bbox 1782 2640 1831 2679; x_wconf 86' lang='lat' dir='ltr'>ab</span> <span class='ocrx_word' id='word_1_714' title='bbox 1851 2640 2035 2680; x_wconf 89' lang='lat' dir='ltr'>omnibus</span> <span class='ocrx_word' id='word_1_715' title='bbox 2055 2640 2173 2680; x_wconf 88' lang='lat' dir='ltr'>rebus</span> <span class='ocrx_word' id='word_1_716' title='bbox 2203 2651 2348 2681; x_wconf 89' lang='lat' dir='ltr'>m01ta-</span> 
     </span>
     <span class='ocr_line' id='line_1_100' title="bbox 1294 2701 2350 2769; baseline 0 -28"><span class='ocrx_word' id='word_1_717' title='bbox 1294 2703 1399 2741; x_wconf 90' lang='lat' dir='ltr'>libus</span> <span class='ocrx_word' id='word_1_718' title='bbox 1425 2702 1596 2769; x_wconf 80' lang='lat' dir='ltr'>separari</span> <span class='ocrx_word' id='word_1_719' title='bbox 1626 2709 1850 2740; x_wconf 90' lang='lat' dir='ltr'>assuescunt</span> <span class='ocrx_word' id='word_1_720' title='bbox 1873 2701 1989 2752; x_wconf 87' lang='lat' dir='ltr'>plena</span> <span class='ocrx_word' id='word_1_721' title='bbox 2020 2701 2265 2752; x_wconf 88' lang='lat' dir='ltr'>quorundam</span> <span class='ocrx_word' id='word_1_722' title='bbox 2296 2703 2350 2741; x_wconf 90' lang='lat' dir='ltr'>ci·</span> 
     </span>
    </p>

    <p class='ocr_par' dir='ltr' id='par_1_15' title="bbox 1294 2760 2356 3522">
     <span class='ocr_line' id='line_1_101' title="bbox 1294 2760 2356 2812; baseline 0 -13"><span class='ocrx_word' id='word_1_723' title='bbox 1294 2762 1458 2808; x_wconf 87' lang='lat' dir='ltr'>borum,</span> <span class='ocrx_word' id='word_1_724' title='bbox 1492 2760 1690 2812; x_wconf 78' lang='lat' dir='ltr'>impiimis</span> <span class='ocrx_word' id='word_1_725' title='bbox 1724 2760 1855 2798; x_wconf 85' lang='lat' dir='ltr'>animo</span> <span class='ocrx_word' id='word_1_726' title='bbox 1887 2769 2085 2809; x_wconf 86' lang='lat' dir='ltr'>gratorum</span> <span class='ocrx_word' id='word_1_727' title='bbox 2118 2769 2156 2798; x_wconf 91' lang='lat' dir='ltr'>et</span> <span class='ocrx_word' id='word_1_728' title='bbox 2187 2761 2356 2799; x_wconf 78' lang='lat' dir='ltr'>mortale</span> 
     </span>
     <span class='ocr_line' id='line_1_102' title="bbox 1295 2818 2354 2887; baseline 0.001 -30"><span class='ocrx_word' id='word_1_729' title='bbox 1295 2833 1433 2887; x_wconf 72' lang='lat' dir='ltr'>corpus</span> <span class='ocrx_word' id='word_1_730' title='bbox 1452 2822 1492 2857; x_wconf 92' lang='lat' dir='ltr'>in</span> <span class='ocrx_word' id='word_1_731' title='bbox 1514 2819 1700 2857; x_wconf 90' lang='lat' dir='ltr'>mundum</span> <span class='ocrx_word' id='word_1_732' title='bbox 1721 2818 2039 2857; x_wconf 86' lang='lat' dir='ltr'>detrudentium</span> <span class='ocrx_word' id='word_1_733' title='bbox 2023 2832 2103 2869; x_wconf 87' lang='lat' dir='ltr'>Jam</span> <span class='ocrx_word' id='word_1_734' title='bbox 2123 2818 2264 2857; x_wconf 90' lang='lat' dir='ltr'>dehinc</span> <span class='ocrx_word' id='word_1_735' title='bbox 2279 2819 2354 2858; x_wconf 81' lang='lat' dir='ltr'>ab-</span> 
     </span>
     <span class='ocr_line' id='line_1_103' title="bbox 1297 2877 2352 2931; baseline -0.003 -14"><span class='ocrx_word' id='word_1_736' title='bbox 1297 2879 1480 2917; x_wconf 90' lang='lat' dir='ltr'>stinentia</span> <span class='ocrx_word' id='word_1_737' title='bbox 1492 2893 1540 2931; x_wconf 90' lang='lat' dir='ltr'>pr</span> <span class='ocrx_word' id='word_1_738' title='bbox 1542 2878 1666 2917; x_wconf 85' lang='lat' dir='ltr'>ofuer</span> <span class='ocrx_word' id='word_1_739' title='bbox 1656 2887 1686 2916; x_wconf 90' lang='lat' dir='ltr'>1t</span> <span class='ocrx_word' id='word_1_740' title='bbox 1696 2877 1743 2916; x_wconf 91' lang='lat' dir='ltr'>ad</span> <span class='ocrx_word' id='word_1_741' title='bbox 1754 2879 2074 2928; x_wconf 60' lang='lat' dir='ltr'>purificationem.</span> <span class='ocrx_word' id='word_1_742' title='bbox 2088 2878 2352 2924; x_wconf 88' lang='lat' dir='ltr'>Quamobrem</span> 
     </span>
     <span class='ocr_line' id='line_1_104' title="bbox 1295 2937 2353 2990; baseline -0.001 -14"><span class='ocrx_word' id='word_1_743' title='bbox 1295 2947 1332 2976; x_wconf 94' lang='lat' dir='ltr'>et</span> <span class='ocrx_word' id='word_1_744' title='bbox 1353 2939 1394 2976; x_wconf 92' lang='lat' dir='ltr'>in</span> <span class='ocrx_word' id='word_1_745' title='bbox 1427 2937 1656 2990; x_wconf 88' lang='lat' dir='ltr'>symbolicis</span> <span class='ocrx_word' id='word_1_746' title='bbox 1690 2938 1895 2990; x_wconf 83' lang='lat' dir='ltr'>praeceptis</span> <span class='ocrx_word' id='word_1_747' title='bbox 1922 2939 2201 2976; x_wconf 87' lang='lat' dir='ltr'>nonnullorum</span> <span class='ocrx_word' id='word_1_748' title='bbox 2233 2937 2353 2976; x_wconf 88' lang='lat' dir='ltr'>absti-</span> 
     </span>
     <span class='ocr_line' id='line_1_105' title="bbox 1297 2997 2350 3049; baseline -0.001 -14"><span class='ocrx_word' id='word_1_749' title='bbox 1297 2998 1428 3036; x_wconf 88' lang='lat' dir='ltr'>nentia</span> <span class='ocrx_word' id='word_1_750' title='bbox 1464 2997 1647 3036; x_wconf 85' lang='lat' dir='ltr'>studiosis</span> <span class='ocrx_word' id='word_1_751' title='bbox 1685 2997 1966 3049; x_wconf 87' lang='lat' dir='ltr'>imperabatur,</span> <span class='ocrx_word' id='word_1_752' title='bbox 2003 3010 2159 3035; x_wconf 89' lang='lat' dir='ltr'>sensum</span> <span class='ocrx_word' id='word_1_753' title='bbox 2194 2997 2350 3048; x_wconf 87' lang='lat' dir='ltr'>quidem</span> 
     </span>
     <span class='ocr_line' id='line_1_106' title="bbox 1296 3056 2353 3108; baseline -0.001 -13"><span class='ocrx_word' id='word_1_754' title='bbox 1296 3058 1526 3108; x_wconf 86' lang='lat' dir='ltr'>primarium</span> <span class='ocrx_word' id='word_1_755' title='bbox 1547 3056 1694 3095; x_wconf 90' lang='lat' dir='ltr'>habens</span> <span class='ocrx_word' id='word_1_756' title='bbox 1713 3057 1889 3094; x_wconf 88' lang='lat' dir='ltr'>latiorem</span> <span class='ocrx_word' id='word_1_757' title='bbox 1911 3065 1948 3094; x_wconf 90' lang='lat' dir='ltr'>et</span> <span class='ocrx_word' id='word_1_758' title='bbox 1968 3057 2090 3106; x_wconf 87' lang='lat' dir='ltr'>magis</span> <span class='ocrx_word' id='word_1_759' title='bbox 2111 3056 2353 3108; x_wconf 62' lang='lat' dir='ltr'>generalem,</span> 
     </span>
     <span class='ocr_line' id='line_1_107' title="bbox 1298 3115 2347 3167; baseline 0 -14"><span class='ocrx_word' id='word_1_760' title='bbox 1298 3115 1437 3154; x_wconf 89' lang='lat' dir='ltr'>deinde</span> <span class='ocrx_word' id='word_1_761' title='bbox 1465 3129 1557 3154; x_wconf 88' lang='lat' dir='ltr'>vero</span> <span class='ocrx_word' id='word_1_762' title='bbox 1584 3115 1699 3154; x_wconf 90' lang='lat' dir='ltr'>etiam</span> <span class='ocrx_word' id='word_1_763' title='bbox 1726 3129 1748 3153; x_wconf 87' lang='lat' dir='ltr'>a</span> <span class='ocrx_word' id='word_1_764' title='bbox 1776 3115 2006 3167; x_wconf 86' lang='lat' dir='ltr'>particulari</span> <span class='ocrx_word' id='word_1_765' title='bbox 2035 3115 2109 3153; x_wconf 91' lang='lat' dir='ltr'>ista</span> <span class='ocrx_word' id='word_1_766' title='bbox 2129 3127 2170 3153; x_wconf 79' lang='grc' dir='ltr'>ιε</span> <span class='ocrx_word' id='word_1_767' title='bbox 2189 3128 2347 3161; x_wconf 85' lang='lat' dir='ltr'>arcens,</span> 
     </span>
     <span class='ocr_line' id='line_1_108' title="bbox 1298 3173 2354 3226; baseline -0.002 -13"><span class='ocrx_word' id='word_1_768' title='bbox 1298 3174 1563 3226; x_wconf 88' lang='lat' dir='ltr'>‹ujuscunque</span> <span class='ocrx_word' id='word_1_769' title='bbox 1581 3175 1816 3212; x_wconf 88' lang='lat' dir='ltr'>mentionem</span> <span class='ocrx_word' id='word_1_770' title='bbox 1841 3173 1956 3222; x_wconf 86' lang='lat' dir='ltr'>facit;</span> <span class='ocrx_word' id='word_1_771' title='bbox 1974 3173 2087 3212; x_wconf 79' lang='lat' dir='ltr'>veihi</span> <span class='ocrx_word' id='word_1_772' title='bbox 2107 3174 2252 3223; x_wconf 56' lang='lat' dir='ltr'>glana,</span> <span class='ocrx_word' id='word_1_773' title='bbox 2272 3177 2354 3211; x_wconf 72' lang='lat' dir='ltr'>aizi-</span> 
     </span>
     <span class='ocr_line' id='line_1_109' title="bbox 1299 3233 2353 3284; baseline -0.001 -13"><span class='ocrx_word' id='word_1_774' title='bbox 1299 3240 1434 3272; x_wconf 77' lang='lat' dir='ltr'>mantis</span> <span class='ocrx_word' id='word_1_775' title='bbox 1450 3238 1599 3272; x_wconf 79' lang='lat' dir='ltr'>vulvam</span> <span class='ocrx_word' id='word_1_776' title='bbox 1620 3249 1668 3272; x_wconf 83' lang='lat' dir='ltr'>ne</span> <span class='ocrx_word' id='word_1_777' title='bbox 1686 3236 1876 3274; x_wconf 80' lang='lat' dir='ltr'>comedas.</span> <span class='ocrx_word' id='word_1_778' title='bbox 1897 3233 2010 3279; x_wconf 90' lang='lat' dir='ltr'>Quod</span> <span class='ocrx_word' id='word_1_779' title='bbox 2027 3233 2185 3284; x_wconf 91' lang='lat' dir='ltr'>quidem</span> <span class='ocrx_word' id='word_1_780' title='bbox 2205 3233 2260 3271; x_wconf 90' lang='lat' dir='ltr'>ita</span> <span class='ocrx_word' id='word_1_781' title='bbox 2288 3233 2353 3271; x_wconf 93' lang='lat' dir='ltr'>di-</span> 
     </span>
     <span class='ocr_line' id='line_1_110' title="bbox 1301 3291 2352 3345; baseline -0.004 -13"><span class='ocrx_word' id='word_1_782' title='bbox 1301 3304 1402 3332; x_wconf 88' lang='lat' dir='ltr'>ctum</span> <span class='ocrx_word' id='word_1_783' title='bbox 1426 3294 1474 3332; x_wconf 85' lang='lat' dir='ltr'>ab</span> <span class='ocrx_word' id='word_1_784' title='bbox 1493 3308 1568 3332; x_wconf 92' lang='lat' dir='ltr'>una</span> <span class='ocrx_word' id='word_1_785' title='bbox 1592 3294 1758 3345; x_wconf 90' lang='lat' dir='ltr'>quadam</span> <span class='ocrx_word' id='word_1_786' title='bbox 1782 3306 1824 3332; x_wconf 89' lang='lat' dir='ltr'>re</span> <span class='ocrx_word' id='word_1_787' title='bbox 1853 3293 2026 3331; x_wconf 76' lang='lat' dir='ltr'>terr-esni</span> <span class='ocrx_word' id='word_1_788' title='bbox 2048 3306 2170 3343; x_wconf 89' lang='lat' dir='ltr'>eaque</span> <span class='ocrx_word' id='word_1_789' title='bbox 2190 3291 2352 3329; x_wconf 87' lang='lat' dir='ltr'>minima</span> 
     </span>
     <span class='ocr_line' id='line_1_111' title="bbox 1302 3350 2352 3420; baseline -0.002 -30"><span class='ocrx_word' id='word_1_790' title='bbox 1302 3366 1372 3391; x_wconf 90' lang='lat' dir='ltr'>nos</span> <span class='ocrx_word' id='word_1_791' title='bbox 1404 3353 1558 3391; x_wconf 69' lang='grc' dir='ltr'>ονειιίῑ.</span> <span class='ocrx_word' id='word_1_792' title='bbox 1591 3353 1658 3391; x_wconf 88' lang='lat' dir='ltr'>Sin</span> <span class='ocrx_word' id='word_1_793' title='bbox 1684 3362 1811 3392; x_wconf 86' lang='lat' dir='ltr'>autem</span> <span class='ocrx_word' id='word_1_794' title='bbox 1843 3353 2061 3420; x_wconf 81' lang='lat' dir='ltr'>profunclos</span> <span class='ocrx_word' id='word_1_795' title='bbox 2083 3350 2352 3402; x_wconf 83' lang='lat' dir='ltr'>Pythagmicae</span> 
     </span>
     <span class='ocr_line' id='line_1_112' title="bbox 1302 3413 2353 3465; baseline -0.002 -16"><span class='ocrx_word' id='word_1_796' title='bbox 1302 3413 1440 3450; x_wconf 88' lang='lat' dir='ltr'>mentis</span> <span class='ocrx_word' id='word_1_797' title='bbox 1459 3426 1595 3451; x_wconf 86' lang='lat' dir='ltr'>sensus</span> <span class='ocrx_word' id='word_1_798' title='bbox 1612 3413 1883 3465; x_wconf 86' lang='lat' dir='ltr'>introspicias,</span> <span class='ocrx_word' id='word_1_799' title='bbox 1908 3413 2081 3450; x_wconf 87' lang='lat' dir='ltr'>omnium</span> <span class='ocrx_word' id='word_1_800' title='bbox 2099 3424 2229 3449; x_wconf 87' lang='lat' dir='ltr'>rerum</span> <span class='ocrx_word' id='word_1_801' title='bbox 2250 3423 2353 3448; x_wconf 86' lang='lat' dir='ltr'>crea-</span> 
     </span>
     <span class='ocr_line' id='line_1_113' title="bbox 1267 3431 2355 3522; baseline -0.002 -13.934"><span class='ocrx_word' id='word_1_802' title='bbox 1267 3431 1425 3510; x_wconf 74' lang='lat' dir='ltr'>l·taium</span> <span class='ocrx_word' id='word_1_803' title='bbox 1459 3472 1732 3511; x_wconf 86' lang='lat' dir='ltr'>abstinentiam</span> <span class='ocrx_word' id='word_1_804' title='bbox 1767 3485 1816 3510; x_wconf 88' lang='lat' dir='ltr'>ex</span> <span class='ocrx_word' id='word_1_805' title='bbox 1859 3485 1938 3510; x_wconf 89' lang='lat' dir='ltr'>uno</span> <span class='ocrx_word' id='word_1_806' title='bbox 1972 3470 2136 3522; x_wconf 86' lang='lat' dir='ltr'>quodam</span> <span class='ocrx_word' id='word_1_807' title='bbox 2171 3470 2355 3521; x_wconf 84' lang='lat' dir='ltr'>exemplo</span> 
     </span>
    </p>
   </div>
  </div>
 </body>
</html>
