2612 3814
40 280 59 312 Ἃ
41 244 45 251 ’
43 221 61 235 ’v
45 206 65 213 1
42 17 70 195 *-*r³2⁴.»2'><‹·2-÷z‹;-„;

753 250 1036 290 DEMOCRITI
1065 250 1382 290 FRAGMENTA
1411 251 1609 290 SPURIA.

109 339 300 378 differunt
319 340 509 379 homines.
528 338 656 389 thue
684 351 763 376 non
780 352 914 377 omnes
939 339 1098 378 arbores
1115 348 1152 377 et

109 399 250 449 plantae
263 398 303 437 in
319 398 458 449 quovis
470 410 564 446 agro
586 405 776 444 crescunt,
796 397 849 435 ita
869 411 948 435 non
967 399 1008 436 in
1022 399 1164 436 omni-.

110 456 186 495 bus
202 456 428 495 hominibus
443 456 573 494 eadem
600 454 806 506 prudentia
823 456 1003 506 idemque
1031 457 1150 495 animi

107 515 265 553 habitus
296 514 509 553 invenitur.
546 513 640 558 Quae
667 522 793 552 autem
824 514 864 552 in
899 524 1031 552 nostra
1061 524 1149 554 sunt

110 582 298 625 potestate
316 586 438 619 amor,
457 571 712 619 desiderium,
738 571 884 611 laboris
911 574 1093 624 patientia
1115 583 1153 612 et

109 631 269 678 similia,
284 644 415 669 earum
436 643 563 668 rerum
585 630 650 668 alii
671 632 773 681 plus,
790 631 856 668 alii
882 632 1009 670 minus
1026 633 1149 683 possi·

110 689 218 735 dent,
241 689 366 739 iisque
378 688 494 725 etiam
514 689 708 726 excellunt
729 698 794 726 aut
814 690 926 740 plane
946 699 1089 737 carent,
1111 698 1153 727 ut

108 759 271 799 prorsus
292 746 500 784 ridiculum
521 747 585 794 sit,
604 761 737 785 omnes
750 747 926 786 homines
942 749 983 786 in
998 748 1070 786 hoc
1089 761 1151 798 ge-

108 818 200 843 nere
215 818 328 856 pares
342 805 443 843 inter
457 818 497 843 se
516 814 666 857 putare.
684 805 813 851 Quare
825 806 923 845 nihil
938 807 1151 857 excogitari

109 871 246 915 potest,
267 863 372 914 quod
396 863 518 913 magis
541 863 768 902 adversetur
786 864 1007 916 philosophi
1029 865 1152 903 nostri

109 921 157 959 de
183 921 410 960 hominibus
445 921 620 972 judicio,
642 930 685 959 ut
712 922 800 970 qui,
829 922 1150 973 quemadmodum

108 979 278 1018 vidimus
293 993 424 1031 supra,
439 979 535 1018 alios
548 980 769 1029 prudentes,
780 980 876 1018 alios
888 981 1039 1028 stultos,
1055 981 1153 1019 alios

109 1039 360 1088 pecuniarum
372 1047 538 1088 tenaces,
551 1039 648 1076 alios
658 1038 860 1090 prodigos,
871 1039 969 1077 alios
979 1052 1149 1086 veraces,

34 1115 50 1128 >n
109 1096 206 1134 alios
223 1097 427 1135 mendaces
447 1097 712 1148 appellaverit.
730 1096 974 1134 Burcbardus
1005 1106 1153 1135 senten-

32 1155 47 1202 1
110 1155 201 1191 tiam
218 1168 297 1192 non
318 1155 542 1205 impugnat,
571 1154 637 1192 sed
658 1155 741 1192 sola
765 1154 935 1192 auctoris
955 1154 1086 1193 verba.
1109 1155 1152 1193 In

109 1212 171 1251 his
198 1212 243 1250 τὰ
263 1212 321 1250 ἐπὶ
341 1215 384 1264 τῇ
405 1212 506 1266 φύσει
531 1213 585 1250 ita
614 1213 762 1263 opponi
793 1213 846 1250 ait
862 1257 867 1264 .
884 1212 1015 1250 verbis
1035 1213 1077 1250 τὰ
1099 1214 1154 1265 ἐφ’

110 1273 207 1320 ἡμῖν,
234 1280 275 1309 ut
294 1271 373 1309 sere
387 1270 490 1321 apud
511 1271 729 1321 Epictetum
758 1271 839 1318 fiat,
863 1272 931 1322 qui
949 1271 1150 1312 Enchirid.

32 1345 56 1381 ’γ
109 1343 194 1381 cap.
212 1330 229 1367 I
244 1330 326 1368 haec
338 1329 453 1367 habet
470 1343 479 1366 :
498 1331 582 1368 Τῶν
603 1328 711 1367 ὄντων
727 1329 770 1367 τὰ
788 1329 850 1380 μέν
868 1331 962 1367 ἐστιν
983 1331 1035 1384 ἐφ’
1050 1335 1151 1381 ἡμῖν,

28 1408 47 1440 ss
110 1387 155 1425 τὰ
172 1387 208 1426 δὲ
227 1389 291 1426 οὔκ
316 1388 369 1439 ἐφ’
389 1391 490 1437 ἡμῖν.
508 1387 591 1440 Ἐφ’
616 1390 702 1437 ἡμῖν
724 1388 786 1438 μὲν
815 1388 1014 1441 ὑπόληψιςζ
1034 1390 1127 1441 ὁρμή
1141 1420 1151 1437 ,

31 1442 46 1459 '
109 1445 237 1498 ὄρεξις,
259 1445 428 1493 ἔκκλισις,
448 1445 509 1485 καὶ
530 1446 580 1484 ἑνὶ
600 1446 694 1499 λόγῳ
714 1445 779 1485 ὅσα
807 1446 960 1499 ἡμέτερα
977 1447 1083 1499 ἔργω
1093 1450 1154 1488 οὐκ

112 1506 163 1556 ἐφ’
184 1505 267 1555 ἡμῖν
288 1503 324 1542 δὲ
353 1503 393 1542 τὸ
412 1506 529 1555 σῶμα,
549 1507 570 1550 ἡ
590 1507 728 1551 κτῆσις,
749 1504 858 1552 δόξαι,
884 1506 991 1558 ἀρχαὶ
1012 1506 1072 1544 καὶ
1105 1507 1154 1545 ἑνὶ

46 1570 50 1574 '
109 1562 202 1614 λόγῳ
217 1560 282 1600 ὅσα
296 1561 362 1613 οὐχ
380 1561 535 1614 ἡμέτερα
553 1562 650 1615 ἔργα.
666 1563 740 1601 Sed
759 1564 882 1602 nolim
897 1564 979 1602 haec
998 1564 1154 1614 longius

31 1633 49 1654 ·:
109 1620 310 1672 persequi,
335 1621 428 1658 satis
450 1620 596 1659 habens
623 1622 836 1661 ostendisse
858 1636 944 1673 quae
968 1632 1067 1661 esset
1085 1623 1152 1661 hu-

28 1701 60 1730 μ,
105 1680 173 1731 jus
196 1679 399 1730 fragmenti
419 1692 442 1717 a
465 1680 723 1719 Democriteis
744 1681 1018 1733 discrepantia.

164 1752 214 1778 πε.
236 1739 280 1777 Εἰ
294 1738 409 1789 βούλει
426 1738 556 1777 ἄλυπον
572 1738 644 1790 βίον
662 1741 738 1792 ζῇν,
755 1738 798 1778 τὰ
812 1740 985 1790 μέλλοντα
1003 1741 1154 1793 cuneat-

43 1779 53 1814 ἰ
109 1812 180 1836 νειν
197 1798 243 1840 ὡς
272 1796 341 1844 ἤδη
371 1796 620 1846 συμὸεὸηκότα
647 1798 799 1851 Mysten.
822 1801 964 1839 Anton·
980 1809 1017 1838 et
1046 1802 1152 1841 Max·

28 1875 53 1914 :g
109 1870 148 1908 P·
174 1870 272 1906 7903
298 1856 491 1908 ap.0re11.
509 1870 547 1896 n.
575 1857 663 1897 165.

163 1927 212 1954 29.
231 1912 383 1958 Ἄλυπος
413 1913 503 1958 ἴσθι,
527 1914 576 1966 μὴ
607 1915 670 1962 τὴν
691 1916 871 1964 ἀπάθειαν,
892 1919 938 1962 ὣς
969 1917 1014 1957 τὰ
1042 1919 1153 1970 ἄλογα

51 1994 75 2024 ⁴-
111 1975 179 2011 τῶν
203 1972 315 2021 ζώων,
347 1972 435 2024 μηδὲ
453 1972 517 2020 τὴν
545 1974 703 2026 ἀλογίαν,
726 1977 772 2020 ὡς
788 1977 819 2014 οἱ
837 1975 992 2029 ἄφρονες,
1011 1979 1089 2016 ἀλλ’
1109 1980 1154 2021 ὡς

39 2034 61 2086 5.·
112 2030 289 2082 ἐνάρετος,
320 2031 378 2069 τὸν
424 2031 525 2083 λόγον
558 2034 620 2079 τῆς
647 2032 759 2079 λύπης
794 2033 884 2086 ἔχων
920 2036 1153 2088 παραμύθιον.

114 2092 256 2130 Anton.
273 2098 310 2127 et
330 2089 432 2130 Max.
449 2104 488 2141 p.
509 2105 601 2141 7903
623 2105 685 2143 ap.
701 2092 820 2133 Orell.
842 2107 883 2134 n.
905 2095 992 2133 166.

167 2162 216 2188 30.
231 2146 340 2187 “Oeot
351 2147 438 2192 τινὲς
449 2148 532 2200 πρὸς
546 2147 606 2193 τὰς
618 2150 796 2203 συμφορὰς
809 2151 931 2204 γνώμῃ
950 2150 1013 2202 μὲν
1026 2152 1155 2200 ἥκιστα

2 2202 59 2259 Ἣ)-
109 2208 318 2254 λυποῧνται,
354 2207 444 2261 ἔργῳ
477 2207 513 2245 δὲ
545 2208 698 2257 μάλιστα
731 2209 951 2262 ἀντέχουσιν,
983 2207 1075 2251 οὗτοι
1096 2212 1156 2251 καὶ

110 2268 178 2304 τῶν
198 2266 335 2305 πόλεων
362 2266 421 2303 καὶ
450 2266 596 2314 ἰδιωτῶν
617 2267 797 2318 κράτιστοί
822 2270 923 2308 εἰσιν.
958 2270 1099 2308 Anton.
1117 2280 1155 2308 et

111 2323 211 2366 Max.
232 2338 273 2375 p.
293 2337 368 2374 790
381 2337 391 2372 3
404 2337 466 2375 ap.
479 2323 602 2364 Orell.
624 2327 712 2373 167.
734 2326 803 2364 His
816 2327 941 2366 tribus
958 2330 1155 2378 fragmen-

23 2383 26 2404 3
111 2383 221 2423 tisxin
233 2383 345 2421 codd.
362 2392 399 2421 et
411 2383 453 2421 in
467 2385 642 2432 margine
655 2384 749 2422 edit.
763 2385 804 2423 C.
819 2386 982 2424 Gesneri
999 2388 1157 2426 additur

110 2441 268 2478 lemma:
283 2443 344 2478 Ex
352 2446 543 2478 sententiis
551 2444 719 2491 Epicteti,
739 2446 930 2491 IsocraHs,
945 2448 1156 2486 Democriti.

24 2488 67 2556 3⁵³„
110 2498 215 2537 Inter
241 2499 406 2550 Epicteti
438 2499 649 2548 fragmenta
668 2500 748 2550 jam
770 2502 984 2541 retulerunt
1004 2505 1156 2543 Meibo-

13 3262 19 3292 ι

112 2559 214 2597 mius
233 2567 270 2596 et
294 2558 636 2608 Schweighaeuser.
654 2573 691 2598 n.
718 2560 902 2600 158-160.
921 2563 1091 2601 Omnino
1114 2577 1158 2603 ea

111 2615 274 2666 Epicteti
296 2629 378 2654 esse
401 2617 491 2654 satis
509 2616 651 2668 probat
676 2618 872 2657 scribendi
896 2634 1028 2669 genus.
1049 2622 1156 2661 Ἀπά-

110 2677 186 2711 θεια
203 2674 306 2726 apud
333 2674 547 2725 Epictetum
574 2684 631 2714 est
648 2676 870 2723 ἀναισθησία.
893 2678 956 2717 Sic
976 2680 1078 2718 idem
1091 2694 1155 2733 ap.

110 2733 266 2771 Arrian.
282 2732 339 2770 III
357 2745 442 2783 cap.
458 2732 542 2780 II‚'
528 2754 575 2777 4.
567 2734 632 2771 ·οὖ
649 2735 700 2773 δεῖ
711 2750 754 2783 με
773 2738 860 2773 εἶναι
884 2737 1050 2784 ἀπαθῆ,
1032 2755 1078 2783 ως
1098 2741 1156 2777 ἀν-

112 2791 269 2842 δριάντα.
292 2791 343 2828 Cf
381 2792 595 2841 Schweigh.
621 2793 683 2832 ad.
704 2794 732 2833 I.
757 2794 783 2835 l
814 2795 898 2833 IIuc
918 2796 1157 2836 acceditvox

113 2849 281 2901 ἐνάρετος,
310 2850 564 2888 Democriteae
589 2853 710 2890 aetatis
731 2852 904 2892 Giaems
894 2863 1038 2904 ignota.
1065 2855 1151 2893 Vid.

112 2907 276 2946 Lobeck.
298 2908 345 2946 ad
364 2907 516 2974 Phryn.
538 2922 623 2960 pag.
647 2911 722 2948 328
742 2924 850 2973 seqq.

164 2972 211 2999 31.
231 2961 315 3004 Τοῖς
333 2959 394 3011 μὲν
415 2965 572 2999 νοσοῦσιν
588 2963 737 3014 ἰατρούς,
759 2965 830 3008 τοῖς
851 2963 887 3002 δὲ
905 2965 1072 3018 ἀτυχοῦσι
1096 2966 1155 3019 φί-

35 3030 62 3053 ε,
112 3018 191 3062 λους
210 3019 262 3057 δεῖ
292 3025 537 3073 συμπαρεῖναι.
569 3023 709 3061 Anton.
741 3033 779 3061 et
804 3024 906 3064 Max.
942 3039 1029 3076 pag.
1055 3027 1154 3075 8053

48 3123 56 3126 ⁷,
113 3090 173 3128 ap.
193 3077 313 3116 Orell.
345 3092 384 3117 n.
422 3079 509 3119 168.
542 3081 590 3118 At
617 3080 763 3120 ibidem
785 3096 873 3134 pag.
913 3084 989 3121 815
1022 3057 1154 3123 eadeni

23 3131 76 3167 s
112 3135 301 3174 sententia
342 3136 552 3176 Plutarcho
587 3139 788 3180 tribuitur.
829 3141 1005 3181 Stobaeus
1047 3142 1152 3184 Flor.

50 3195 67 3223 ἶ
112 3192 256 3243 CXIII,
281 3195 328 3232 16
349 3195 517 3234 Socratis
537 3210 619 3236 esse
635 3199 745 3248 dicit,
770 3200 872 3239 inter
891 3201 1008 3252 cujus
1019 3202 1159 3240 simili-

51 3280 61 3306 3
114 3252 266 3290 tudines
281 3262 339 3290 est
353 3253 467 3304 apud
473 3255 592 3295 Orell.
605 3259 747 3308 Opusc.
765 3258 836 3311 Ip.
856 3267 903 3304 24
925 3259 1005 3310 (ubi
1025 3276 1153 3311 παραι-

61 3323 65 3356 j
115 3310 180 3347 νεῖν
201 3324 273 3361 pro
291 3317 524 3363 συμπαρεῖναι
555 3314 727 3367 legitur).
753 3317 947 3363 Quocirca
966 3319 1072 3356 nulla
1094 3318 1159 3358 hic

69 3396 71 3398 .
115 3376 170 3404 est
203 3369 362 3407 Antonii
402 3378 439 3407 et
465 3370 624 3411 Maximi
649 3374 873 3414 Democrito
906 3376 979 3415 hoc
1011 3376 1155 3415 dictum

46 3427 84 3487 ⁴·
117 3423 368 3465 tribuentium
384 3430 601 3470 auctoritas.

2182 260 2252 294 381

1261 353 1311 379 32.
1341 338 1411 378 Καὶ
1430 339 1546 390 ἰατρὸν
1575 339 1635 376 καὶ
1659 339 1756 392 φίλον
1791 341 1829 377 οὐ
1862 339 1920 378 τὸν
1943 340 2054 389 ἡδίω,
2075 341 2166 380 ἀλλὰ
2200 342 2259 379 τὸν

1213 398 1477 451 ὠφελιμώτερον
1487 399 1537 435 δεῖ
1549 396 1761 448 ἐκλέγεσθαι.
1777 399 1922 437 Anton.
1937 408 1975 436 et
1985 399 2087 438 Max.
2106 414 2146 450 p.
2163 401 2254 439 805.

1214 456 1263 493 At
1282 454 1428 494 ibidem
1441 469 1529 506 pag.
1546 469 1594 503 72
1604 470 1618 493 1
1634 456 1708 493 hoc
1723 457 1895 505 fragmen
1906 471 1956 493 ex
1966 459 2074 494 dictis
2087 461 2258 506 Epicteti,

1213 516 1237 551 I
1236 519 1386 557 socratis
1404 524 1442 552 et
1453 518 1683 552 Democratis
1695 528 1778 553 esse
1790 516 1927 554 fertur.
1941 516 2054 567 Apud
2070 517 2258 555 Orellium

1212 573 1354 622 legitur
1375 586 1414 612 n.
1445 575 1532 622 169.
1554 573 1768 610 Democriti
1798 586 1882 611 esse
1905 573 2006 611 hanc
2031 577 2259 612 sententiam

1212 645 1260 670 ex
1278 632 1326 670 iis
1345 645 1431 682 quae
1445 631 1492 669 de
1505 631 1678 669 amicitia
1699 630 1814 680 dixit,
1833 631 2093 669 demonstrari
2114 633 2260 683 nequit.

1267 703 1317 729 33.
1342 692 1456 743 Γῆρας
1481 689 1540 728 καὶ
1561 689 1660 728 πενία
1693 689 1754 728 δύο
1771 690 1956 742 τραύματα
1986 691 2260 743 δυσθεράπευτα.

1214 748 1371 788 Maxim.
1393 763 1433 798 p.
1459 749 1560 798 8563
1592 761 1656 800 ap.
1677 748 1799 788 Orell.
1820 763 1860 788 n.
1890 763 1976 796 17²·
2003 750 2084 786 Hoc
2104 759 2262 787 contra-

1214 809 1314 846 rium
1336 818 1393 846 est
1410 809 1459 846 iis
1479 821 1566 858 quae
1581 808 1825 846 Democritus
1844 808 1891 845 de
1905 816 2130 859 paupertate
2149 817 2185 846 et
2202 809 2262 846 di-

1212 866 1321 905 vitiis
1340 880 1456 918 supra
1481 867 1594 905 dixit.

1239 996 1290 1023 ³4.
1348 984 1507 1029 Παλαιὸς
1526 979 1634 1029 αἶνος·
1653 984 1738 1037 ἔργα
1759 983 1822 1035 μὲν
1837 984 2030 1037 νεωτέρων,

1346 1043 1480 1082 Βουλαὶ
1505 1044 1534 1082 δ’
1555 1043 1676 1096 ἔχουσι
1689 1046 1756 1082 τῶν
1774 1042 1984 1097 γεραιτέρων
2004 1042 2143 1095 κράτος.

1266 1147 1428 1185 Maxim.
1452 1159 1491 1198 p.
1515 1147 1613 1195 8563
1633 1159 1696 1198 ap.
1720 1146 1899 1186 Orell.n.
1930 1148 2019 1195 173.

1268 1218 1316 1244 ³5.
1368 1206 1486 1257 Γῆρας
1519 1205 1667 1244 λεόντων
1711 1207 1871 1255 κρεῖσσον
1914 1205 2076 1255 ἀκμαίων
2113 1205 2258 1258 νεὸρῶν.

1215 1264 1371 1303 Maxim.
1390 1278 1432 1316 p.
1458 1265 1557 1312 8563
1580 1278 1643 1316 ap.
1662 1265 1782 1304 Orell.
1798 1278 1838 1303 n.
1862 1265 2091 1312 174,1nhis
2111 1265 2262 1303 duobus

1217 1322 1441 1371 fragmentis
1486 1323 1585 1362 nihil
1639 1323 1925 1362 Democriteum
1973 1331 2051 1369 est;
2095 1337 2261 1374 namque

1215 1381 1366 1431 priores
1389 1383 1468 1420 duo
1496 1382 1682 1421 versiculi
1707 1395 1755 1420 ex
1786 1382 1988 1433 Euripidis
2018 1381 2254 1434 Melanippe‚

1215 1441 1411 1490 posterior
1426 1454 1474 1479 ex
1490 1441 1663 1492 ejusdem
1680 1441 1972 1492 Hippothoonte
1987 1450 2090 1488 sunt,
2110 1451 2152 1480 ut
2169 1442 2263 1479 effi-

1212 1498 1319 1537 ·citur
1335 1512 1385 1537 ex
1410 1499 1518 1538 Stob.
1538 1500 1645 1539 Flor.
1667 1499 1779 1547 CXV,
1802 1500 1823 1538 5
1845 1509 1882 1538 et
1903 1506 1964 1544 14.

1273 1570 1320 1597 ³6.
1344 1556 1408 1598 Ἐν
1429 1557 1491 1608 μὲν
1522 1558 1592 1600 τοῖς
1612 1557 1790 1610 ἐσόπτροις
1810 1561 1827 1596 ὁ
1852 1561 1913 1604 τῆς
1932 1557 2058 1610 ὄψεως,
2078 1560 2112 1597 ἓν
2133 1557 2169 1596 δὲ
2187 1563 2263 1602 ταῖς

1215 1614 1367 1662 ὁμιλίαις
1387 1619 1405 1654 ὁ
1426 1618 1487 1663 τῆς
1509 1618 1623 1668 ψυχῆς
1642 1614 1826 1668 χαρακτὴρ
1851 1614 2034 1667 βλέπεται.
2058 1616 2201 1654 Anton.
2225 1625 2262 1653 et

1217 1671 1374 1712 Maxim.
1393 1687 1430 1724 p.
1448 1674 1524 1724 933
1541 1689 1552 1721 3
1570 1687 1629 1724 ap.
1645 1674 1766 1714 Orell.
1785 1688 1826 1713 n.
1851 1674 1937 1721 175.
1955 1673 1998 1711 In
2018 1673 2132 1713 codd.
2146 1683 2262 1724 atque

1216 1731 1257 1768 in
1277 1731 1448 1770 editione
1474 1732 1518 1772 C.
1543 1732 1707 1771 Gesneri
1740 1733 1830 1771 huic
1859 1732 2175 1783 apophthegmati
2195 1746 2263 1783 ap-

1214 1791 1382 1841 positum
1403 1800 1460 1831 cst
1473 1792 1611 1831 lemma
1627 1794 1883 1831 Demosthenis
1900 1795 1966 1831 vel
1985 1795 2199 1830 Democriti.
2219 1793 2264 1830 ln

1217 1849 1288 1887 hac
1308 1850 1560 1901 ambiguitate
1577 1852 1698 1890 tutius
1723 1860 1793 1901 est,
1810 1852 1910 1889 hanc
1926 1851 2155 1890 sententiam
2185 1852 2260 1889 De·

1218 1909 1431 1948 mocriticis
1464 1923 1543 1948 non
1570 1911 1767 1956 inserere,
1806 1910 1929 1948 donec
1948 1911 2092 1948 certius
2118 1910 2214 1961 quid
2242 1923 2264 1948 e

1217 1967 1455 2007 membranis
1474 1970 1607 2021 ptofei
1609 1978 1707 2008 atur

1270 2041 1318 2066 37.
1345 2027 1444 2073 Μηδὲ
1446 2043 1463 2064 ν
1488 2031 1551 2074 τῆς
1572 2028 1735 2076 ἀληθείας
1754 2027 1958 2079 τιμιώτερον
1988 2028 2077 2067 ἔστω
2094 2028 2185 2100 μηδὲ
2203 2044 2260 2080 φι-

1215 2085 1292 2130 λίας
1313 2086 1438 2137 ἐκλογὴ
1469 2086 1566 2130 ἐκτὸς
1597 2090 1718 2125 παθῶν
1749 2087 1907 2136 διακειυιέ
1893 2103 1972 2135 -νη
2004 2090 2053 2131 οῖς
2072 2103 2111 2126 το
2131 2087 2264 2126 δίκαιον

1217 2144 1402 2196 συγχέεται
1443 2146 1503 2184 καὶ
1548 2147 1756 2192 σκοτίζεται.
1789 2147 1932 2185 Anton.
1966 2160 2008 2198 p.
2055 2148 2153 2193 234·
2144 2177 2155 2195 ‚
2199 2161 2261 2199 ap.

1217 2203 1339 2241 Orell.
1357 2218 1398 2244 n.
1419 2219 1507 2253 177.

1271 2277 1317 2302 38.
1343 2263 1528 2302 Ἀθάνατον
1546 2266 1670 2316 χρῆμα
1691 2267 1712 2310 ἡ
1735 2263 1879 2310 ἀλήθεια
1897 2264 1956 2302 καὶ
1973 2263 2095 2312 ἀΐδιον,
2115 2261 2265 2316 παρέχει

1218 2321 1251 2358 δὲ
1276 2324 1358 2372 ἡμῖν
1382 2323 1418 2360 οὗ
1440 2322 1564 2366 κάλλος
1585 2323 1701 2374 χρόνῳ
1723 2323 1993 2374 μαραινόμενον,
2022 2322 2099 2361 οὔτε
2119 2325 2265 2376 παῤῥη-

1218 2379 1295 2418 σίαν
1319 2383 1458 2434 ἀφαιρεῖ
1490 2381 1554 2429 τὴν
1582 2381 1648 2420 ὑπὸ
1680 2381 1796 2427 δίκης·
1818 2380 1909 2419 ἀλλὰ
1935 2381 1979 2419 τὰ
2000 2381 2117 2419 δίκαια
2143 2382 2202 2420 καὶ
2222 2382 2264 2420 τὰ

1216 2439 1369 2489 νόμιμα,
1393 2439 1616 2493 διακρίνουσα
1637 2439 1699 2477 ἀπ’
1722 2441 1836 2477 αὐτῶν
1852 2438 1897 2477 τὰ
1921 2438 2025 2477 ἄδικα
2039 2439 2099 2477 καὶ
2120 2440 2267 2492 ἀπελέγ-

1215 2510 1340 2547 χουσα.
1361 2499 1503 2537 Anton.
1518 2512 1558 2549 p.
1584 2499 1683 2545 2343
1703 2511 1767 2549 ap.
1789 2498 1908 2537 Orell.
1925 2512 1965 2538 n.
1990 2499 2076 2546 178.
2097 2498 2266 2551 Utrique

1216 2557 1414 2593 sententiae
1443 2556 1627 2607 adjicitur
1656 2558 1699 2595 in
1731 2556 1971 2595 membranis
2004 2552 2266 2608 Epicteti‘no-

1216 2627 1316 2666 men.
1333 2615 1577 2666 Quapropter
1587 2629 1665 2653 non
1677 2615 1822 2666 injuria
1835 2616 1884 2654 iis
1901 2617 2002 2654 inter
2010 2616 2174 2667 Epicteti
2185 2617 2265 2655 fra-

1217 2682 1370 2721 gmenta
1391 2675 1441 2721 (n.
1465 2675 1537 2723 139
1557 2682 1595 2712 et
1614 2675 1701 2724 140)
1720 2674 1846 2712 locum
1862 2675 2053 2714 concessit
2070 2674 2266 2725 Schweig-

1217 2730 1425 2771 haeuserus.
1461 2732 1535 2770 Sed
1568 2733 1752 2784 quoniam
1793 2733 2048 2783 fragmentum
2085 2734 2266 2784 proxime

1216 2792 1444 2828 antecedens
1458 2804 1521 2841 ap.
1540 2791 1750 2829 Antonium
1767 2792 1978 2830 Democriti
1996 2793 2154 2830 nomine
2169 2793 2263 2831 insi·

1217 2848 1364 2896 gnitum
1379 2858 1449 2896 est,
1468 2849 1738 2900 suspicabatur
1752 2851 1853 2888 idem
1868 2851 1931 2889 vir
1941 2851 2092 2898 doctus,
2112 2853 2207 2890 duas
2219 2853 2266 2890 il-

1218 2920 1294 2952 ias,
1316 2907 1364 2945 de
1383 2908 1526 2958 quibus
1543 2909 1758 2960 loquimur,
1782 2911 1991 2948 sententias
2014 2911 2153 2962 petitas
2179 2924 2262 2949 esse

1216 2980 1237 3004 e
1252 2968 1477 3018 Democriti,
1494 2968 1656 3020 Epicteti
1675 2978 1713 3007 et
1728 2969 1814 3008 Isaei
1832 2971 1950 3021 (corr.
1967 2970 2160 3017 Isocratis)
2177 2982 2263 3007 sen-

1218 3027 1349 3064 tentiis
1377 3028 1538 3078 antiqua
1562 3037 1669 3067 aetate
1694 3029 1736 3067 in
1764 3042 1886 3066 unum
1912 3041 2054 3080 corpus
2079 3028 2260 3067 redactis.

1218 3085 1343 3123 Porro
1362 3099 1411 3124 ex
1426 3085 1549 3124 verbo
1575 3086 1761 3139 συγχέεται
1781 3088 2047 3126 Democritum
2067 3094 2262 3124 auctorem

1218 3156 1300 3181 esse
1332 3143 1575 3195 conjiciebat.
1614 3145 1740 3196 Hujus
1771 3145 2034 3197 conjecturam
2063 3145 2264 3195 amplexus

1219 3202 1389 3241 Orellius
1426 3212 1633 3255 utrumque
1668 3205 1841 3254 fragmen
1876 3205 1978 3242 inter
2021 3204 2265 3242 Democritea

1219 3262 1380 3309 rettulit,
1395 3262 1499 3313 quod
1528 3276 1607 3301 non
1627 3262 1853 3315 probamuS.
1886 3263 2035 3301 Etenim
2058 3262 2262 3314 συγχέεται,

1219 3321 1323 3371 quod
1343 3321 1711 3371 Schweighaeuserus
1731 3322 1989 3361 certissimum
2021 3322 2160 3359 ionicae
2180 3321 2263 3358 dia-

1219 3379 1307 3417 lecti
1340 3381 1550 3430 vestigium
1567 3380 1725 3430 habuit,
1750 3381 1995 3419 Burchardus
2016 3389 2140 3418 autem
2161 3381 2262 3417 scri-

1219 3446 1342 3488 pturae
1356 3439 1537 3477 mendum
1551 3452 1634 3478 esse
1651 3448 1756 3479 ratus
1770 3449 1841 3488 est,
1857 3441 2016 3477 sortasse
2034 3438 2150 3476 etiam
2161 3436 2265 3489 apud
