2612 3814
125 1711 139 1723 Ο

952 311 1008 352 ΙΝ
1047 308 1273 353 ΑΠΒΕΠΜ
1309 306 1545 348 CARMEN.

147 411 212 461 τὴν
228 414 290 460 τῆς
305 412 422 465 ψυχῆς
441 405 620 447 τελείωσιν
646 403 710 452 τὴν
732 401 911 457 ἀναφορὰν
933 402 1030 455 ἔχει,
1050 399 1114 454 ὅρα
1135 398 1212 446 ἑξῆς

147 469 182 510 τί
199 469 343 519 ἐπάγει·

519 556 626 595 XVl.

231 647 306 681 Οὐδ’
320 646 436 687 ὑγιείης
449 647 504 683 τῆς
525 644 598 686 περὶ
616 641 700 684 σῶμ’
717 642 865 682 ἀμέλειαν
882 640 966 681 ἔχειν
981 638 1040 680 χρή
1051 646 1058 654 ·

231 695 310 727 ἀλλὰ
328 696 428 725 ποτοῦ
444 703 478 723 τε
502 692 612 731 μέτρον
634 690 688 722 καὶ
708 689 799 722 σίτου
814 686 997 730 γυμνασίων
1013 696 1046 718 τε

231 742 399 775 ποιεῖσθαι“
417 740 527 782 μέτρον
541 738 573 770 δὲ
587 738 670 779 λέγω
682 737 758 777 τόδ’,
768 736 785 768 ὃ
799 736 842 777 μή
860 734 890 767 σ’
911 735 1046 772 ἀνιήσει.

664 560 842 598 ,32-31,

201 823 252 864 Τὸ
273 822 395 871 θνητὸν
418 823 545 872 σῶμα,
570 820 654 873 πρὸς
670 819 735 867 τὴν
755 818 814 858 ἐπὶ
833 821 897 870 γῆς
915 814 1092 869 διαγωγὴν
1113 816 1216 866 ὀργα-

149 899 205 922 νον
226 885 311 934 ἡμῖν
336 881 431 921 δοθέν
446 911 456 928 ,
487 879 567 920 οὔτε
587 878 737 919 πιαίνειν
755 877 928 932 προσήκει
953 881 1032 917 ταῖς
1052 873 1216 925 ἀμέτροις

150 941 396 994 σωμασκίαις,
437 939 517 980 οὔτε
555 938 791 993 κατατρύχειν
824 934 955 979 ἐνδείας
987 931 1213 986 ὑπερὸολαῖς.

149 1001 341 1053 Ἐμπόδιον
370 1000 440 1055 γὰρ
458 1000 584 1047 ἐπίσης
615 998 802 1052 ἑκάτερον,
831 995 893 1035 καὶ
913 992 1131 1047 ἀναιρετικὸν
1154 995 1217 1039 τῆς

154 1061 275 1115 χρείας
307 1061 412 1100 αὐτοῦ
444 1058 674 1113 προσγέγονε.
734 1057 798 1097 Διὸ
833 1053 983 1110 μετρίως
1011 1051 1216 1106 θεραπεύειν

155 1119 240 1160 αὐτό
255 1150 265 1170 ,
292 1119 352 1159 καὶ
374 1118 423 1171 μὴ
448 1124 614 1171 περιορᾶν
644 1115 842 1168 ἐξυὸρίζον,
870 1113 894 1162 ἢ
922 1112 991 1152 ὑπὸ
1007 1111 1217 1166 νοσημάτων

155 1178 432 1234 ἐνοχλούμενον,
457 1180 475 1216 ὃ
494 1176 595 1229 λόγος
625 1177 806 1229 παραινεῖ·
823 1173 917 1217 ὅπως
939 1171 979 1211 ἂν
998 1173 1032 1210 ἐν
1054 1172 1105 1223 τῷ
1124 1169 1218 1209 κατὰ

155 1239 254 1294 φύσιν
285 1237 480 1288 σωζόμενον
511 1234 807 1289 ἀπαραποδίστως
836 1236 881 1286 τῇ
910 1229 1088 1284 ἡγουμένῃ
1119 1231 1217 1283 ψυχῇ

152 1298 215 1342 τὰς
235 1297 411 1348 ἐνεργείας
431 1297 537 1335 αὐτοῦ
556 1295 782 1349 παρέχηται,
798 1291 911 1345 ταύτῃ
926 1290 1116 1342 δυνάμενον
1132 1289 1214 1340 ἄγε-

154 1360 260 1404 σθαι,
283 1350 307 1407 ᾗ
331 1355 372 1393 ἂν
404 1354 521 1402 ἐκείνη
549 1355 632 1407 ἄγῃ.
690 1353 744 1394 Τὸ
759 1350 827 1405 γὰρ
846 1350 1031 1405 χρώμενον
1051 1352 1074 1397 ἡ
1095 1347 1215 1403 ψυχή,

153 1414 260 1454 τὸδὲ
295 1408 324 1467 ᾧ
356 1417 508 1468 χρῆται,
529 1413 569 1452 τὸ
599 1415 728 1465 σῶμα,
751 1406 799 1452 οῧ
831 1411 910 1459 τὴν
943 1407 1216 1460 ἐπιμέλειαν

153 1474 279 1527 ἔχειν
304 1475 368 1513 δεῖ
386 1472 445 1512 τὸν
466 1469 646 1526 τεχνίτην.
705 1473 758 1512 Οὐ
777 1471 846 1524 γὰρ
862 1473 1018 1524 χρῆσθαι
1039 1469 1091 1508 δεῖ
1113 1466 1215 1520 μόνον

152 1533 280 1572 ἐθέλειν
301 1533 419 1585 αὐτῷ,
438 1531 530 1571 ἀλλὰ
551 1531 611 1570 καὶ
632 1530 727 1575 ὅπως
758 1524 796 1569 εὖ
817 1529 897 1582 ἔχον
917 1529 1003 1579 ἡμῖν
1032 1527 1218 1578 ὑπηρετῆ-

153 1608 238 1641 ται,
265 1591 328 1640 τὴν
351 1591 584 1644 ἐνδεχομένην
605 1590 781 1630 ποιεῖσθαι
809 1587 988 1641 πρόνοιαν.
1045 1583 1151 1625 Ἐπεὶ
1180 1583 1216 1623 δὲ

153 1655 176 1700 ἡ
198 1651 299 1706 φύσις
319 1654 424 1692 αὐτοῦ
441 1654 475 1691 ἐν
495 1651 629 1703 γενέσει
648 1649 708 1689 καὶ
725 1652 836 1703 φθορᾷ
850 1653 990 1700 συνεχεῖ
1005 1644 1216 1692 καθέστηκε,

155 1713 214 1751 καὶ
236 1711 420 1764 πλήρωσις
452 1710 511 1750 καὶ
548 1710 694 1754 κένωσις
715 1709 801 1748 αὐτὸ
829 1710 1026 1755 τιθηνοῧσι,
1059 1708 1120 1744 νῦν
1151 1703 1214 1755 μὲν

2252 309 2332 344 455

1273 399 1401 450 τροφῆς
1419 395 1461 434 τὸ
1479 392 1649 448 ἅποῤῥέον
1666 391 1939 444 ἀναπληρούσης
1954 421 1964 439 ,
1987 395 2047 430 νῦν
2069 391 2103 430 δὲ
2126 391 2331 443 γυμνασίων

1272 455 1313 495 τὸ
1335 453 1527 500 πλεονάζον
1553 451 1854 506 ὑπεξαιρούντων·
1878 451 2036 503 μέτρον
2059 453 2250 499 ἐπιστῆσαι
2283 452 2335 488 δεῖ

1273 519 1317 569 τῇ
1337 516 1405 553 τῶν
1425 510 1662 565 εἰσαγομένων
1683 510 1886 563 πληρώσει,
1902 510 1962 549 καὶ
1981 513 2024 562 τῇ
2042 512 2110 547 τῶν
2132 508 2337 561 διαφορούν-

1274 590 1344 612 των
1361 572 1520 612 κενώσει.
1579 570 1632 610 Τὸ
1652 569 1687 610 δὲ
1709 568 1762 621 με’
1776 585 1796 607 τ
1810 584 1828 619 ρ
1840 585 1857 607 ο
1868 585 1885 607 ν
1903 569 1997 608 ἐστὶν
2019 571 2036 607 ὃ
2052 569 2153 620 λόγος
2170 571 2188 607 ὃ
2209 585 2341 621 συναρ·

1277 631 1391 685 μόζων
1414 630 1477 677 τὴν
1507 634 1567 669 τοῦ
1591 628 1757 680 σώματος
1778 628 1848 674 ἕξιν
1880 634 1957 673 ταῖς
1980 629 2216 675 διανοητικαῐς
2237 629 2336 680 ἐνερ·

1278 690 1388 742 γείαις
1422 693 1485 737 τῆς
1513 690 1654 742 ψυχῆς,
1691 687 1751 726 καὶ
1772 687 1829 726 διὰ
1862 691 1965 727 τοῦτο
1997 690 2060 735 τῆς
2084 689 2134 739 τῷ
2157 685 2338 738 φιλοσόφῳ

1276 747 1479 803 πρεπούσης
1542 747 1690 800 ὑγιεία
1702 763 1718 791 ς
1771 746 2058 798 ἐπιμελούμενος.
2117 739 2231 788 Οῧτος
2279 739 2338 783 οῧν

1276 807 1507 860 γυμνάσια
1535 806 1596 847 καὶ
1619 805 1748 860 τροφὰς
1774 805 1975 856 ἐκλέξεται,
1999 804 2022 844 ἃ
2056 804 2097 843 ἂν
2130 804 2180 857 μὴ
2215 803 2338 855 πιαίνῃ

1276 867 1363 921 πρὸς
1396 866 1596 920 ὑπερὸολὴν
1627 866 1668 905 τὸ
1696 868 1844 916 σῶμα,
1867 864 1949 917 μηδ’
1980 863 2232 917 ὑπέρτερον
2256 863 2344 901 αὐτὸ

1278 929 1347 966 τῶν
1368 930 1494 980 νοερῶν
1513 926 1684 974 κινήσεων
1704 925 1963 979 ἀπεργάζηται.
2021 924 2074 964 Οὖ
2100 921 2168 976 γὰρ
2191 922 2250 961 σώ
2264 938 2341 974 μα-

1278 1002 1353 1032 τος
1370 987 1491 1031 ἆπλῶς
1508 988 1578 1026 ἐπι
1593 986 1753 1037 μελεῒτ
1768 1002 1829 1035 αι,
1853 984 1944 1024 ἀλλὰ
1965 983 2061 1035 σώμ
2075 1000 2097 1022 α
2112 998 2183 1027 τος
2206 982 2342 1033 διανοίᾳ

1279 1046 1576 1099 ὑπηρετουμένου.
1635 1045 1744 1086 εὈθεν
1762 1045 1825 1094 τὴν
1847 1043 2038 1092 ἀθλητικὴν
2061 1042 2202 1095 ἀγωγὴν
2221 1057 2344 1095 παραι-

1278 1105 1451 1158 τήσεται,
1474 1107 1521 1149 ὡς
1559 1105 1642 1144 ἄνευ
1666 1107 1782 1158 ψυχῆς
1800 1107 1933 1155 σῶμα
1967 1100 2229 1156 θεραπεύουσαν
2244 1115 2252 1124 ·
2283 1101 2345 1139 καὶ

1280 1172 1401 1204 πᾶσαν
1421 1166 1485 1214 τὴν
1502 1165 1695 1219 λεγομένην
1713 1165 1925 1215 σωμασκίαν
1946 1162 2132 1217 φεύξεται,
2155 1163 2200 1206 ὡς
2220 1163 2346 1200 ἐπανι-

1282 1224 1463 1275 σταμένην
1495 1227 1546 1278 τῷ
1579 1226 1690 1277 νοερῷ
1711 1223 1801 1277 φωτὶ
1821 1226 1884 1269 τῆς
1911 1224 2043 1276 ψυχῆς.
2102 1219 2203 1267 εὈση
2234 1218 2270 1258 δὲ
2299 1222 2345 1271 τῇ

1281 1283 1361 1336 περὶ
1381 1284 1425 1323 τὰ
1446 1283 1641 1334 μαθήματα
1660 1282 1787 1336 θεωρίᾳ
1800 1282 1860 1321 καὶ
1882 1285 1926 1334 τῇ
1946 1280 2028 1333 περὶ
2049 1279 2110 1324 τὰς
2126 1279 2238 1323 καλὰς
2251 1281 2348 1332 πρά<

1282 1344 1349 1390 ξεις
1373 1342 1564 1396 αὐτουργίᾳ
1590 1342 1840 1394 ὑπηρετεῖσθαι
1863 1341 2008 1380 δύναται
2040 1343 2083 1392 τῇ
2106 1342 2166 1377 τοῦ
2199 1337 2348 1389 σώμα-

1283 1420 1352 1448 τος
1375 1401 1509 1456 εὐεξίᾳ,
1529 1401 1662 1449 ταύτην
1683 1402 1910 1454 περιποιήσει
1938 1401 2053 1451 ἑαυτῷ
2067 1401 2085 1437 ὃ
2101 1397 2160 1436 τὸν
2178 1402 2238 1436 τοῦ
2258 1412 2349 1448 φρο-

1285 1469 1355 1503 νεῖν
1396 1462 1472 1516 βίον
1503 1461 1678 1513 ἑλόμενος.
1739 1460 1834 1514 Πρὸς
1869 1463 1990 1499 τοῦτον
2015 1458 2084 1511 γὰρ
2116 1456 2254 1509 εἴρηται
2281 1455 2321 1493 τὸ
2336 1484 2350 1502 ,

1286 1523 1451 1576 μέτρον
1481 1522 1522 1561 δὲ
1543 1521 1655 1571 λέγω
1674 1519 1766 1560 τόδ’
1796 1519 1815 1559 ὃ
1850 1520 1909 1572 μή
1940 1522 1972 1558 σ’
2006 1517 2207 1566 ἀνιήσει.
2266 1516 2350 1563 Σέ,

1287 1582 1393 1637 φησί,
1412 1581 1472 1621 τὸν
1498 1581 1581 1620 ὄντα
1607 1579 1751 1633 λογικὴν
1772 1578 1910 1634 ψυχήν,
1930 1579 1980 1630 μὴ
2001 1576 2191 1631 βλαπτέτω
2208 1574 2248 1614 τὸ
2275 1574 2350 1625 μέ-

1285 1657 1389 1695 τρον
1406 1643 1470 1688 τῆς
1490 1644 1550 1679 τοῦ
1567 1640 1664 1690 σώμ
1682 1654 1785 1684 ατος
1806 1633 2095 1689 ἐπιμελείας·
2115 1635 2178 1684 σέ,
2198 1635 2256 1674 τὸν
2280 1636 2351 1672 τῶν

1286 1700 1468 1755 προτέρων
1500 1698 1814 1752 παραγγελμάτων
1835 1698 2000 1751 φύλακα,
2026 1701 2170 1736 τοιαῦτα
2201 1693 2347 1744 σιτία,

169 1782 2345 1807 —....——.---—.—-—————--—————————--—-—-

157 1849 417 1886 honestissime
438 1855 576 1885 actam.
598 1848 726 1895 Atque
742 1845 822 1882 haec
844 1843 1001 1894 quidem
1020 1844 1218 1879 hactenus.

159 1910 287 1958 Quum
322 1921 416 1945 vero
458 1907 634 1957 corporis
683 1917 841 1955 quoque
887 1916 979 1941 cura
1018 1903 1067 1940 ad
1105 1901 1221 1938 animi

159 1969 433 2019 perfectionem
468 1968 671 2013 referatur,
690 1965 780 2003 vide
815 1964 996 2014 deinceps
1028 1962 1123 2012 quid
1155 1961 1222 1998 ad-

156 2028 304 2079 jungat.

551 2116 653 2154 XVI.
689 2113 829 2157 32-34.

246 2206 359 2245 Neque
377 2212 454 2235 cura
471 2194 666 2234 valetudinis
680 2201 730 2234 est
746 2198 956 2240 negligenda3

247 2251 302 2285 sed
319 2250 435 2283 modus
447 2250 479 2283 in
497 2251 575 2291 potu
586 2274 594 2290 ,
608 2249 680 2282 cibo
695 2250 727 2282 et
742 2247 904 2281 exercitiis

253 2295 434 2333 servandus
451 2306 459 2326 :
483 2297 618 2330 modum
635 2297 746 2330 autem
762 2295 835 2328 dico
852 2295 962 2334 hunc,
985 2293 1039 2334 qui
1063 2292 1120 2325 tibi
1139 2292 1229 2325 dolo-

927 2341 1010 2385 [rem
1033 2349 1099 2373 non
1115 2340 1228 2382 pariet.

1286 1850 1330 1873 ac
1363 1836 1648 1872 discutientium
1678 1835 1820 1872 auxilio
1856 1834 1999 1870 effectae
2034 1831 2256 1869 statuendus
2281 1838 2350 1869 est.

1290 1897 1361 1932 Hic
1381 1907 1474 1932 vero
1505 1894 1646 1930 modus
1669 1901 1721 1930 est
1741 1894 1841 1930 ratio
1861 1895 1927 1930 illa
1944 1905 2027 1942 quae
2049 1891 2224 1943 corporis
2242 1890 2355 1926 habi-

1288 1957 1370 1987 tum
1404 1949 1521 1985 animi
1554 1948 1753 1997 agitationi
1789 1948 1830 1984 in
1865 1944 2189 1985 commentatione
2221 1946 2356 1994 positae

1288 2007 1568 2054 accommodat,
1579 2006 1746 2055 ideoque
1766 2005 1979 2045 valetudini
1996 2005 2075 2053 ejus
2094 2011 2248 2041 eatenus
2267 2016 2358 2054 pro-

1287 2067 1420 2115 spicit,
1441 2073 1628 2115 quatenus
1644 2066 1878 2116 philosopho
1895 2065 2114 2103 conveniat.
2136 2064 2225 2102 Haec
2239 2064 2359 2114 igitur

1235 2126 1238 2129 ’
1288 2127 1387 2163 ratio
1420 2126 1683 2175 exercitia-illa
1718 2133 1756 2162 et
1786 2126 1966 2163 alimenta
1999 2125 2137 2174 eliget,
2162 2136 2245 2172 quae
2276 2136 2358 2160 non

1260 2187 1264 2250 1
1289 2187 1495 2223 immodice
1515 2187 1687 2235 saginent
1707 2197 1849 2234 corpus
1875 2196 2002 2233 neque
2020 2183 2062 2220 id
2081 2184 2217 2220 mentis
2236 2183 2357 2219 moti-

1289 2247 1362 2283 bus
1380 2246 1551 2295 superius
1567 2244 1751 2283 efficiant.
1775 2245 1865 2283 Non
1892 2245 1995 2281 enim
2015 2243 2190 2293 corporis
2207 2243 2356 2291 simpli-

1291 2308 1386 2343 citer
1402 2318 1532 2343 curam
1549 2306 1647 2354 gerit
1659 2333 1670 2354 ‚
1685 2305 1751 2342 sed
1767 2305 1943 2355 corporis
1961 2305 2078 2340 menti
2093 2303 2358 2339 ministrantis.

1293 2365 1554 2413 Quamobrem
1588 2364 1811 2401 athleticum
1843 2365 1987 2400 victum
2026 2360 2279 2408 aversabitur,
2314 2370 2360 2399 ut

220 2428 383 2464 Mortale
401 2439 558 2477 corpus,
573 2425 681 2475 quod
696 2425 808 2462 nobis
829 2424 1068 2461 instrumenti
1082 2424 1168 2460 loco
1183 2423 1231 2459 ad
1293 2426 1359 2474 qui
1387 2437 1527 2473 corpus
1544 2431 1652 2460 curet
1678 2425 1853 2473 neglecto
1874 2423 2019 2468 animo,
2042 2434 2086 2458 ac
2112 2429 2232 2457 totam
2254 2422 2359 2458 illam

166 2489 285 2524 vitam
303 2487 343 2522 in
361 2486 471 2523 terris
487 2485 674 2535 agendam
691 2484 826 2521 datum
843 2491 917 2528 est,
934 2495 1004 2519 nec
1024 2482 1230 2518 immodica

171 2547 368 2584 curatione
386 2547 580 2595 saginare,
600 2557 673 2582 nec
692 2545 812 2581 nimia
842 2544 919 2580 cibi
939 2544 1073 2592 inopia
1099 2555 1232 2579 mace-

169 2619 256 2644 rare
279 2613 447 2656 oportet.
467 2603 597 2643 Officit
618 2605 718 2641 enim
738 2616 784 2640 ex
817 2615 928 2651 aequo
959 2610 1168 2650 utrumque
1196 2609 1234 2638 et

170 2679 279 2703 usum
301 2665 381 2713 ejus
397 2665 545 2703 adimit.
570 2664 732 2701 Carmen
746 2663 864 2712 igitur
881 2662 1070 2709 hortatur,
1090 2669 1134 2698 ut
1149 2674 1234 2698 mo-

173 2725 304 2762 derate
335 2737 476 2773 corpus
508 2735 704 2768 curemus,
734 2734 861 2770 neque
880 2721 920 2758 id
942 2728 1008 2758 aut
1038 2721 1234 2757 luxurians

174 2791 239 2821 aut
256 2783 405 2821 morbis
425 2783 603 2820 laborans
622 2782 875 2832 negligamus,
896 2788 940 2818 ut
966 2788 1111 2817 naturae
1138 2793 1234 2817 con-

174 2844 371 2881 venienter
387 2851 654 2880 conservatum
670 2853 827 2891 operam
841 2853 947 2878 suam
960 2847 1113 2890 promte
1123 2847 1236 2876 navet

175 2903 303 2939 animo
322 2903 582 2952 principatum
600 2901 742 2938 tenenti
755 2907 870 2949 atque
886 2901 977 2936 illuc
993 2900 1101 2948 sequi
1122 2906 1238 2948 queat

177 2974 255 3011 quo
277 2962 341 2998 ille
361 2961 528 2998 duxerit.
551 2960 653 2997 Illud
685 2960 785 2996 enim
808 2959 915 3008 quod
942 2960 1064 2995 utitur
1092 2959 1238 2995 animus

177 3028 253 3067 est,
285 3032 427 3070 corpus
459 3027 585 3056 autem
616 3018 656 3055 id
696 3031 773 3067 quo
809 3019 942 3064 utitur,
971 3017 1077 3065 cujus
1106 3030 1238 3054 curam

177 3079 318 3116 habere
350 3078 466 3115 debet
486 3078 635 3117 artifex,
658 3079 792 3126 Neque
821 3078 924 3114 enim
944 3090 990 3114 eo
1015 3084 1160 3113 tantum
1183 3077 1239 3112 uti

176 3137 275 3174 velle
295 3134 499 3183 debemus,
519 3136 585 3173 sed
601 3137 715 3173 etiam
728 3163 740 3182 ,
758 3136 888 3185 quoad
904 3148 1104 3185 possumus
1116 3164 1127 3182 ‚
1145 3147 1240 3184 pro-

180 3195 325 3240 videre,
336 3202 381 3232 ut
395 3203 498 3232 recte
507 3208 546 3231 se
558 3195 702 3232 habens
714 3195 826 3232 nobis
839 3195 1030 3233 inserviat.
1051 3194 1241 3240 Quoniam

181 3266 276 3291 vero
296 3260 435 3297 natura
463 3253 542 3302 ejus
561 3255 600 3290 in
626 3262 813 3304 perpetua
833 3255 1076 3304 generatione
1097 3261 1134 3290 et
1154 3266 1241 3291 cor-

183 3314 365 3363 ruptione
379 3314 560 3361 consistit,
579 3314 782 3363 ipsumque
799 3315 967 3363 expletio
982 3321 1020 3350 et
1036 3314 1242 3350 exinanitio

183 3373 437 3419 nutricantur‚
459 3374 639 3410 alimento
659 3386 761 3411 nunc
781 3374 823 3410 id
841 3374 1043 3424 supplente
1063 3372 1169 3421 quod
1186 3372 1243 3408 ef-

186 3430 318 3480 fluxit,
337 3445 440 3469 nunc
459 3445 552 3470 vero
572 3435 843 3471 exercitatione
872 3434 913 3471 id
933 3433 1041 3482 quod
1073 3432 1244 3469 abundat

187 3493 447 3542 subducente,
478 3494 615 3532 modus
645 3496 855 3544 expletioni
887 3507 971 3544 quae
990 3493 1034 3531 fit
1053 3494 1139 3531 cibo
1171 3506 1243 3543 po-

190 3558 309 3602 tuque
329 3554 473 3603 ingesto
506 3561 542 3591 et
567 3555 812 3591 exinanitioni
841 3567 969 3592 rerum
992 3554 1244 3604 digerentium

1295 2485 1533 2520 curationem
1557 2496 1640 2532 quae
1662 2481 1854 2532 σωμασκία
1875 2482 2018 2518 dicitur
2036 2481 2194 2528 vitabit,
2213 2482 2361 2531 quippe

1294 2556 1378 2592 quae
1394 2544 1532 2580 mentis
1547 2543 1682 2578 lumini
1697 2543 1866 2578 obsistat.
1885 2534 2115 2590 Quicunque
2129 2553 2221 2578 vero
2238 2542 2362 2578 victus

1293 2603 1441 2640 bonum
1463 2603 1639 2652 corporis
1657 2602 1834 2638 habitum
1851 2600 2055 2637 efficiendo
2072 2601 2212 2637 artium
2228 2601 2363 2638 studiis

1293 2670 1331 2699 et
1351 2664 1594 2705 honestarum
1617 2660 1813 2697 actionum
1830 2660 2097 2697 exercitationi
2116 2661 2259 2697 servire
2272 2673 2361 2709 pos·

1293 2723 1365 2767 sit,
1388 2734 1475 2758 eum
1495 2722 1558 2757 ille
1579 2721 1794 2767 adhibebit,
1815 2721 1880 2769 qui
1895 2720 2109 2770 prudenter
2124 2721 2242 2756 vitam
2256 2732 2361 2756 suam

1295 2783 1495 2818 instituere
1517 2782 1611 2819 vult.
1637 2781 1697 2817 Illi
1714 2781 1815 2817 enim
1833 2781 1909 2817 hoc
1930 2780 2078 2817 dictum
2102 2787 2158 2816 est
2179 2791 2188 2818 :
2210 2781 2361 2816 modam

1295 2850 1419 2878 autem
1440 2842 1527 2878 dico
1547 2841 1646 2876 hunc
1665 2843 1729 2889 qui
1752 2841 1818 2876 tibi
1834 2841 1998 2877 dolorem
2016 2853 2091 2876 non
2113 2843 2257 2889 pariet.
2284 2841 2336 2875 Te
2348 2866 2359 2885 ,

1296 2900 1442 2948 inquit,
1462 2899 1529 2948 qui
1545 2899 1692 2935 animus
1704 2899 1902 2935 rationalis
1917 2910 1969 2947 es,
1986 2911 2035 2935 ne
2055 2898 2197 2935 damno
2221 2897 2363 2935 afficiat

1297 2959 1457 2995 curandi
1473 2961 1639 3007 corporis
1657 2959 1810 3003 modus;
1832 2965 1887 3005 te,
1904 2959 1972 3007 qui
1991 2959 2124 3008 priora
2142 2958 2363 2994 observabis

1297 3025 1509 3069 praecepta,
1530 3018 1636 3054 cibos
1653 3017 1843 3066 ejusmodi
1863 3025 1900 3054 et
1914 3025 2030 3067 potus
2050 3025 2165 3066 atque
2182 3018 2362 3054 exercitia

1299 3079 1467 3128 deligere
1495 3078 1693 3125 convenit,
1715 3090 1798 3127 quae
1819 3090 1960 3127 corpus
1979 3078 2030 3114 ad
2049 3078 2235 3115 virtutum
2253 3089 2363 3113 exer-

1300 3139 1521 3175 citationem
1543 3145 1742 3187 promtum
1760 3137 1924 3175 reddant
1943 3150 2104 3187 quaeque
2122 3137 2162 3174 id
2183 3137 2292 3186 quod
2308 3143 2362 3172 est

1299 3197 1459 3233 rationis
1487 3209 1622 3246 expers
1646 3197 1695 3234 ad
1715 3196 1959 3234 excutiendas
1977 3196 2214 3233 moderantis
2244 3195 2362 3231 animi

1300 3255 1467 3293 habenas
1513 3269 1594 3294 non
1642 3258 1820 3296 excitent.
1860 3255 2018 3293 Summa
2062 3262 2189 3292 autem
2237 3255 2361 3290 inten-

1303 3316 1406 3353 tione
1426 3329 1470 3354 ae
1490 3316 1690 3367 diligentia
1709 3316 1869 3354 curandi
1887 3317 2062 3366 corporis
2081 3315 2239 3351 modum
2254 3313 2361 3350 adhi-

1301 3375 1395 3412 bere
1414 3383 1451 3413 te
1471 3384 1648 3427 oportet,
1670 3378 1759 3426 quia
1779 3383 1817 3414 et
1831 3376 2175 3426 incompositorum
2189 3372 2269 3420 ejus
2282 3385 2364 3408 mo-

1304 3442 1411 3472 tuum
1445 3438 1598 3487 culpam
1634 3437 1851 3475 sustinebis.
1885 3435 2116 3485 Ingravescit
2147 3434 2246 3470 enim
2279 3433 2362 3469 vitii

1302 3497 1496 3546 particeps
1525 3509 1662 3545 equus,
1694 3509 1772 3532 non
1806 3496 2045 3544 simpliciter,
2068 3493 2132 3529 sed
2165 3505 2284 3541 quum
2313 3491 2360 3528 ab

1305 3555 1446 3606 aurigis
1473 3569 1553 3593 non
1583 3562 1686 3593 recte
1719 3555 1902 3592 educatus
1937 3560 2005 3592 est.
2027 3555 2072 3589 In
2094 3553 2203 3588 modo
2233 3557 2361 3588 autem
