2612 3814
887 318 984 357 LIB.
1014 317 1081 356 DE
1111 316 1357 357 UNIVERSI
1386 317 1608 357 NATURA.

175 410 313 461 πρῶτον
328 410 389 446 τοῦ
416 405 546 449 παντός
569 406 660 443 ἐστιν
673 419 681 427 ·
702 405 749 448 εἷς
770 404 790 442 ὅ
805 420 841 442 τε
858 404 962 443 πάλιν
986 403 1213 458 φθαρήσεται,

176 468 284 505 ἐκεῖνο
304 466 450 518 ἔσχατον
468 467 526 503 τοῦ
547 462 674 507 παντὸς
691 462 802 503 ἔσται.
858 462 911 502 Τὸ
925 463 962 501 δέ
980 479 1019 515 γε
1036 468 1106 502 πᾶν
1125 461 1215 513 γινό-

176 541 278 575 μενον
299 523 360 564 συν
382 529 470 563 πᾶσι
499 522 632 574 γίνεται
651 537 712 560 και
732 521 770 560 τὸ
799 522 1019 575 φθειρόμενον
1041 520 1102 560 συν
1128 526 1217 559 πᾶσι

175 583 370 654 φθείρεται·
387 581 446 620 καὶ
463 579 563 620 τοῦτό
575 596 615 631 γε
635 580 677 628 δὴ
693 579 881 618 ἀδύνατον·
900 580 1052 633 ἄναρχον
1071 579 1138 631 ἄρα
1158 594 1217 618 και

176 641 403 687 ἀτελεύτητον
417 640 455 678 τὸ
468 641 665 679 πᾶν,οὗ
682 633 797 690 μὲν
758 642 815 677 οὖν
836 638 903 677 ἄλλ
905 655 951 683 ως
971 637 1078 691 ἔχειῆ
1098 637 1216 681 οὕτως.

175 701 199 751 S
219 708 254 740 3.
275 702 350 739 Πᾶν
364 714 400 737 τε
418 698 458 737 τὸ
476 697 643 748 γενέσεως
663 695 777 750 ἀρχὴν
797 697 937 751 εἰληφὸς
953 697 1013 735 καὶ
1029 695 1218 740 διαλύσεως

178 759 311 812 ὀφεῖλον
343 760 553 803 κοινωνῆσαι
572 756 631 795 δύο
655 755 853 807 ἐπιδέχεται
888 755 1105 806 μεταὸολάς·
1135 753 1218 804 μίαν

177 817 238 868 μέν
252 816 341 867 ,τὴν
365 816 434 856 ἀπὸ
454 819 515 854 τοῦ
543 815 677 886 μείονος
703 815 763 853 ἐπὶ
794 830 833 852 το
853 817 969 865 μεῖζον
988 814 1049 852 καὶ
1068 812 1131 860 τὴν
1151 812 1219 852 ἀπὸ

177 878 237 914 τοῦ
264 874 420 928 χείρονος
439 873 497 913 ἐπὶ
522 889 560 912 το
591 873 744 925 βέλτιον·
771 875 930 911 καλεῖται
949 870 985 910 δὲ
1003 870 1043 909 τὸ
1063 869 1125 921 μὲν
1159 869 1219 922 ἀφ’

179 938 286 987 οὗπερ
315 933 356 972 ἂν
378 932 526 986 ἄρξηται
559 932 813 983 μεταὸάλλειν,
830 931 983 983 γένεσις,
1007 945 1046 968 το
1075 928 1111 967 δὲ
1139 927 1219 972 εἷςὸ

177 994 390 1046 ἀφικνεῖται,
420 991 534 1042 ἀκμή·
556 990 717 1043 δευτέραν
739 989 774 1029 δὲ
804 989 867 1037 τὴν
892 990 964 1028 ἀπὸ
979 1003 1040 1027 του
1067 987 1220 1038 μείζονος

177 1051 236 1091 ἐπὶ
256 1050 295 1090 τὸ
313 1056 408 1103 μεῖον
427 1050 486 1089 καὶ
511 1049 571 1097 τὴν
592 1050 660 1088 ἀπὸ
677 1053 736 1088 τοῦ
765 1047 968 1100 βελτίονος
953 1062 1010 1085 επι
1029 1045 1068 1085 τὸ
1084 1046 1218 1099 χεῖρον·

177 1126 216 1148 το
237 1109 272 1149 δὲ
292 1109 531 1162 συμπέρασμα
559 1111 620 1155 τῆς
647 1107 844 1159 μεταὸολῆς
858 1107 987 1153 ταύτης
1015 1104 1219 1155 ὀνομάζεται

179 1168 289 1221 φθορὰ
308 1168 368 1207 καὶ
392 1167 562 1211 διάλυσις.
586 1168 608 1218 S
627 1173 665 1206 4.
690 1167 733 1205 Εἷ
751 1165 813 1217 μὲν
829 1160 888 1204 ουν
917 1180 979 1204 και
1007 1163 1046 1203 τὸ
1062 1162 1140 1202 ὅλον
1161 1165 1220 1202 καὶ

175 1228 215 1265 τὸ
237 1243 306 1266 παν
323 1225 466 1279 γενητόν
488 1227 560 1264 ἔστι
579 1225 639 1264 καὶ
664 1224 838 1278 φθαρτόν,
862 1222 1048 1274 γενόμενον
1067 1221 1136 1260 ἀπὸ
1160 1225 1219 1261 τοῦ

178 1287 310 1335 μείονος
330 1285 389 1325 ἐπὶ
408 1284 447 1323 τὸ
469 1287 582 1336 μεῖζον
606 1283 799 1334 μετέὸαλε,
822 1282 882 1322 καὶ
907 1281 976 1320 ἀπὸ
992 1285 1052 1320 τοῦ
1066 1280 1220 1334 χείρονος

175 1345 232 1382 ἐπὶ
251 1344 290 1382 τὸ
308 1343 442 1397 βέλτιον
453 1359 460 1368 ·
475 1343 566 1381 ὥστε
581 1344 640 1381 καὶ
662 1340 730 1380 ἀπὸ
748 1345 808 1380 τοῦ
824 1341 976 1392 μείζονος
991 1340 1049 1379 ἐπὶ
1069 1339 1107 1378 τὸ
1123 1345 1219 1391 μεῖον

177 1402 372 1452 μεταὸαλεῖ
392 1401 452 1440 καὶ
473 1401 541 1440 ἀπὸ
562 1404 622 1439 τοῦ
643 1399 815 1453 βελτίονος
831 1400 889 1439 ἐπὶ
905 1400 946 1439 τὸ
961 1401 1090 1452 χεῖρον.
1148 1400 1178 1438 Γ
1180 1413 1220 1436 ε-

175 1461 316 1508 νόμενος
333 1460 401 1514 ἄρα
421 1463 439 1498 ὃ
467 1459 596 1507 κόσμος
622 1458 764 1507 αὔξησιν
785 1458 891 1498 ἔλαὸε
911 1459 972 1498 καὶ
992 1458 1109 1509 ἀκμήν
1121 1488 1132 1506 ,
1160 1457 1220 1496 καὶ

176 1520 282 1558 πάλιν
301 1519 451 1573 λήψεται
468 1517 582 1571 φθίσιν
599 1517 658 1556 καὶ
674 1517 858 1565 τελευτήν·
877 1516 1001 1557 ἅπασα
1021 1517 1087 1570 γὰρ
1105 1515 1219 1570 φύσις,

176 1580 198 1623 ἡ
219 1577 349 1630 ἔχουσα
378 1576 547 1627 διέξοδον,
571 1575 706 1627 ὄρους’
689 1592 762 1628 εχει
781 1581 871 1629 τρεῖς
900 1591 960 1614 και
993 1575 1052 1614 δύο
1079 1574 1221 1621 διαστή-

175 1651 290 1686 ματα·
300 1636 374 1689 ὅροι
388 1635 450 1686 μὲν
471 1651 527 1673 ουν
545 1637 611 1673 εἶσι
626 1634 749 1689 [τρεῖς]
762 1634 912 1687 γένεσις,
931 1633 1045 1684 ἀκμή,
1061 1632 1218 1680 τελευτή·

174 1694 399 1745 διαστήματα
421 1694 456 1732 δὲ
476 1693 515 1732 τό
527 1709 565 1732 τε
585 1695 654 1733 ἀπὸ
670 1697 731 1741 τῆς
755 1693 942 1746 γενέσεως,
963 1691 1068 1746 μέχρι
1085 1695 1145 1740 τῆς
1169 1695 1214 1730 ἀ-

174 1756 267 1804 κμῆς
283 1752 343 1792 καὶ
361 1753 404 1792 τὸ,
422 1753 490 1792 ἀπὸ
511 1756 572 1800 τῆς
593 1754 708 1804 ἀκμῆς
723 1753 828 1805 μέχρι
844 1755 905 1799 τῆς
934 1753 1108 1798 τελευτῆς.
1136 1753 1159 1802 5
1177 1758 1215 1791 5.

174 1813 306 1863 (vulgo
318 1812 379 1862 6.)
393 1814 426 1851 Τ
429 1811 451 1849 ὰ
469 1814 597 1862 σημεῖα
618 1811 653 1849 δὲ
671 1811 730 1850 καὶ
744 1810 917 1863 τεκμήρια
937 1810 1059 1850 τούτου
1075 1812 1217 1863 ἐναργη,

175 1870 286 1916 τάξεις
300 1902 310 1921 ,
334 1871 567 1923 συμμετρίαι,
585 1869 843 1923 σχηματισμοί,
861 1870 987 1918 θέσεις,
1008 1868 2322 1976 διαστάσεις,--------

173 2035 226 2067 καὶ
239 2035 419 2077 ἀνώλεθρον.
434 2034 539 2075 Vulgo
555 2034 669 2075 legitur
684 2034 847 2074 ἀγέννητον
860 2034 896 2066 τὸ
906 2036 968 2073 πᾷν
982 2033 1035 2065 καὶ
1051 2033 1220 2074 ἀνώλεθρον

173 2084 291 2114 omisso
306 2092 352 2114 τε.

214 2127 347 2169 δοξάζοι]
367 2127 439 2159 cod.
459 2128 545 2168 Vat.;
564 2126 660 2166 vulgo
678 2126 806 2164 δοξάζει.

215 2175 334 2217 εὕροιτο
350 2175 387 2207 ἂν
410 2175 440 2211 ἐξ
458 2174 531 2207 ὅτου
551 2174 704 2216 γενηθείη,
724 2174 795 2207 οὔτε
809 2174 836 2205 εἰ
852 2172 1006 2215 obpro-0]
1023 2172 1092 2204 iiaec
1110 2172 1219 2207 verba.

173 2230 248 2263 quae
260 2222 300 2253 ad
318 2221 487 2254 sententiae
513 2220 732 2262 integritatem
750 2221 971 2262 requiruntur,
989 2219 1078 2251 uncis
1098 2219 1220 2251 inclusa

174 2268 297 2301 addidit
315 2268 521 2309 Rudolphus.

176 2340 181 2346 .
216 2316 247 2353 ἐξ
270 2315 342 2347 ὅτου
360 2325 394 2347 τε
414 2315 467 2347 καὶ
483 2312 621 2355 γέγονεν]
642 2314 714 2346 cod.
735 2316 808 2347 Vat.
831 2317 863 2346 et
882 2322 994 2345 omnes
1015 2312 1220 2346 parisienses.

173 2365 213 2396 In
230 2366 300 2395 l’ar.
324 2364 361 2395 B.
388 2361 601 2394 distinctionis
628 2362 750 2401 virgula
778 2361 899 2394 librarii
926 2370 1034 2393 errore
1057 2370 1122 2393 non
1149 2363 1222 2402 post

173 2410 312 2452 γέγονεν,
327 2409 383 2442 sed
401 2410 472 2451 post
490 2409 589 2441 ἐκεῖνο
600 2409 741 2449 ponitur.
777 2411 903 2442 Horum
918 2408 1069 2440 codicum
1086 2409 1224 2450 scriptu-

176 2467 245 2490 ram
261 2457 393 2490 exhibet
411 2457 512 2489 editio
526 2456 745 2489 Lovaniensis.
790 2457 896 2497 Vulgo
910 2457 941 2493 ἐξ
959 2455 995 2488 οὗ
1011 2456 1071 2497 γὰρ
1086 2456 1222 2497 γέγονεν,

176 2504 264 2546 quod
284 2504 403 2537 liabent
423 2504 615 2542 Vizzanius,
637 2504 768 2543 Galeas,
791 2503 993 2544 Dargensius.

216 2552 252 2584 τὸ
271 2552 304 2585 δέ
315 2563 352 2593 γε
363 2550 435 2592 πᾶν]
446 2550 518 2582 cod.
537 2552 625 2590 Vat.;
643 2550 757 2591 reliqui
777 2549 860 2582 male
874 2550 911 2582 τό
930 2550 1008 2590 γεδὲ
1022 2552 1098 2583 πᾶν.

217 2599 273 2630 σὺν
287 2601 363 2630 πᾶσι
381 2595 544 2639 φθείρεται]
559 2596 653 2629 codd.
674 2600 737 2629 tres
752 2599 850 2637 Parr.;
870 2598 1022 2638 φθερεῖται
1039 2596 1221 2630 vizzanius.

216 2644 308 2677 τοῦτό
328 2655 365 2684 γε
382 2643 433 2684 δὴ]
455 2653 472 2675 e
495 2643 656 2683 Rudolplii
677 2643 882 2684 coniecturam
907 2643 1005 2682 codd.
1022 2643 1105 2676 'tres
1130 2644 1220 2676 Parr-

175 2692 268 2725 τοῦτό
284 2703 319 2732 γε
334 2692 379 2732 δὲ,
397 2693 471 2723 vat.
486 2700 551 2723 om.
570 2691 612 2724 δέ.

217 2739 254 2771 οὐ
277 2738 331 2779 μὲν
348 2737 401 2770 οὖν
418 2735 532 2778 ἄλλως]
552 2736 649 2769 codd.
671 2738 759 2769 Parr.
781 2738 818 2769 A.
837 2737 871 2770 et
893 2737 945 2776 B.;
960 2736 994 2768 in
1012 2737 1048 2768 C.
1067 2736 1226 2777 scriptum

174 2788 223 2820 est
239 2786 366 2828 οὕμενον
384 2785 451 2827 (sed
467 2785 606 2817 secunda
619 2794 717 2817 manu
733 2785 971 2827 superpositum
990 2784 1055 2824 οὖν)
1070 2783 1180 2821 ἄλλως.

200 2832 296 2875 εχει]
314 2834 429 2873 Nogar.
448 2832 532 2864 male
553 2834 621 2873 ἔχῃ.

216 2879 236 2921 §
256 2884 287 2912 3.
306 2882 367 2912 πᾶν
385 2878 432 2921 τε]
449 2879 521 2911 cod.
540 2881 614 2910 Val.
629 2881 691 2911 πᾶν
713 2879 757 2911 δέ.

217 2927 339 2969 ὀφεῖλον
351 2925 552 2967 κοινωνῆσαι]
570 2925 639 2958 haec
661 2926 755 2958 verba
770 2926 994 2959 desiderantur
1008 2926 1040 2958 in
1054 2925 1128 2959 cod.
1147 2926 1220 2958 V.at

218 2971 368 3014 χείρονος]
386 2974 455 3004 Par.
474 2976 513 3005 Α
530 2971 596 3013 χείρ
599 2983 690 3008 ων;.ο

218 3019 270 3061 ἀφ’
284 3018 379 3061 οὗπερ
393 3017 444 3060 ἂν]
458 3019 509 3050 Sic
527 3018 622 3051 codd.
637 3019 713 3052 Vat.
740 3021 772 3051 et
798 3020 886 3050 Parr.
903 3020 941 3051 A.
963 3020 996 3051 et
1015 3020 1052 3050 C.
1068 3020 1223 3071 praeterea

176 3065 396 3098 commelinus
415 3066 448 3097 et
473 3065 658 3097 Battaesius.
702 3064 765 3098 Sed
784 3065 874 3098 vizz.
894 3064 944 3107 ἀφ’
965 3064 1001 3097 οὗ
1033 3065 1070 3097 ἂν
1101 3065 1221 3097 omisso

176 3122 244 3152 περ.
262 3113 299 3143 111
316 3113 386 3144 Par.
401 3112 437 3144 B.
459 3111 652 3144 omittitur'
635 3124 685 3145 αν.

219 3157 386 3200 βελτίονος]
403 3159 476 3191 Par.
495 3161 532 3191 A.
554 3157 728 3200 βελτίωνος.

221 3204 271 3236 ἐπὶ
293 3205 328 3237 τὸ
338 3204 454 3247 χεῖρον]
471 3207 506 3237 111
519 3206 662 3245 margine
675 3208 746 3238 Par.
767 3207 804 3238 A.
825 3206 937 3238 inutile
959 3207 1009 3239 est-
1023 3206 1220 3239 additamen-

178 3254 248 3283 tum
267 3251 374 3292 φοράν,
392 3252 708 3292 utlegitBattaesius,
723 3253 773 3285 vel
787 3253 909 3294 φορούς,
921 3255 955 3286 ut
970 3253 1096 3285 Bertino
1106 3253 1220 3285 visum.

219 3297 238 3339 §
257 3300 294 3331 4.
320 3299 346 3331 εἰ
360 3299 414 3338 μὲν
431 3298 484 3331 οὖν
500 3299 644 3342 -ὲστιν]
659 3303 692 3332 ln
709 3300 758 3333 his
770 3300 882 3344 ‘verbis
898 3300 1032 3340 expulso
1044 3299 1223 3331 soloecismo

177 3354 196 3376 a
211 3344 344 3378 librariis
360 3345 485 3378 invecto
507 3347 683 3380 orationem
706 3347 746 3379 ad
769 3347 943 3387 legitimam
969 3347 1105 3379 sormam
1128 3354 1220 3377 revo-

176 3392 266 3431 cavi;
290 3390 452 3431 legebatur
470 3393 555 3424 enim
571 3392 624 3424 ἐὰν
643 3392 697 3425 οὗν
708 3410 747 3416 -
763 3393 859 3432 ἐστιν,
877 3402 950 3434 quae
966 3392 1111 3424 omnium
1133 3391 1222 3423 cocli-

175 3447 250 3470 cum
267 3439 425 3479 scriptura
443 3439 504 3471 est.
546 3439 629 3471 Nam
646 3439 704 3472 etsi
721 3448 952 3480 nonnunquam
979 3439 1032 3471 ἐὰν
1049 3438 1222 3471 indicativo

176 3484 322 3524 junctum
347 3485 396 3518 vel
421 3484 454 3517 in
479 3485 649 3518 meliorum
669 3487 861 3528 scriptorum
888 3487 986 3519 libros
1018 3486 1221 3518 librariorum

177 3532 365 3572 negligentia
390 3531 528 3573 irrepsit,
555 3533 643 3566 velut
670 3533 753 3574 apud
779 3534 922 3566 AEschin.
953 3534 1034 3566 κατὰ
1061 3533 1222 3575 Τιμάρχου

2244 325 2319 359 389

1279 403 1332 435 illa
1349 403 1411 436 erit
1427 412 1499 444 pars
1517 403 1601 435 unde
1614 403 1770 445 originem
1790 404 1906 444 traxit,
1930 404 2059 444 ultima,
2081 404 2119 435 ad
2137 414 2234 445 quam
2252 415 2322 438 rur·

1277 471 1332 494 sus
1358 462 1464 495 deleta
1495 462 1668 503 redigetur.
1712 465 1754 495 At
1782 472 1858 495 vero
1886 463 2075 495 universitas
2102 464 2129 495 si
2157 466 2323 504 generetur

1279 530 1353 553 cum
1371 521 1523 553 omnibus
1543 523 1630 554 certe
1652 521 1795 562 partibus
1810 522 1906 555 simul
1927 522 2170 562 proseminatur,
2193 524 2218 554 si
2234 523 2322 563 disji-

1279 581 1394 622 ciatur,
1413 582 1529 622 pariter
1543 590 1617 613 cum
1636 581 1787 614 omnibus
1801 580 2003 613 disturbetur
2016 591 2145 626 necesse
2160 584 2219 614 est.
2265 584 2323 615 Ve-

1281 649 1352 672 rum
1371 635 1432 672 hoc
1450 640 1565 673 saltem
1586 639 1653 672 fieri
1679 640 1801 681 nequit.
1846 641 1942 671 Caret
1963 640 2058 679 igitur
2076 648 2181 671 rerum
2203 640 2325 672 naturae

1280 708 1396 741 corpus
1415 703 1447 749 et
1463 700 1553 732 initio
1572 701 1604 732 et
1626 699 1707 739 fine,
1732 708 1836 740 neque
1855 699 1917 730 alia
1939 707 2035 739 quam
2057 699 2127 730 haec
2153 699 2222 739 ejus
2245 698 2326 731 ratio

1281 761 1313 792 et
1335 759 1480 792 conditio
1497 759 1555 791 est.
1569 757 1590 799 ς
1608 761 1639 791 3.
1658 757 1823 799 Quidquid
1848 759 1958 790 autem
1975 758 2188 798 generationis
2207 757 2326 798 princi-

1282 819 1369 859 pium
1383 818 1494 850 habuit
1514 826 1551 849 ac
1566 816 1781 849 dissolutionis
1799 817 1955 857 particeps
1975 817 2117 848 futurum
2134 818 2181 848 est
2195 841 2204 856 ,
2218 816 2250 848 in
2268 816 2328 847 hoc

1281 877 1355 908 duae
1373 876 1566 909 mutationes
1587 875 1735 908 eveniant
1751 876 1895 916 oportet,
1916 884 2054 916 quarum
2070 875 2155 916 prior
2171 883 2190 906 a
2211 875 2327 907 minori

1282 936 1322 967 ad
1338 936 1443 976 majus
1455 936 1553 976 atque
1575 944 1593 967 a
1613 934 1771 967 deteriore
1787 934 1828 966 ad
1848 933 1963 966 melius
1983 934 2185 975 progreditur
2204 944 2212 965 ε
2232 935 2327 966 caete·

1283 1004 1353 1026 rum
1374 995 1443 1026 haec
1462 1003 1512 1027 res
1531 1003 1549 1026 a
1569 1002 1633 1034 qua
1655 993 1842 1025 mutationis
1862 993 1989 1025 initium
2011 993 2064 1033 fit,
2082 993 2259 1033 generatio,
2274 992 2330 1024 illa

1285 1053 1326 1084 ad
1345 1062 1443 1094 quarn
1459 1052 1623 1094 pervenit,
1639 1052 1809 1084 maturitas
1824 1053 1856 1084 et
1871 1051 1929 1084 llos
1946 1052 2124 1093 appellatur
2144 1061 2152 1082 ε
2175 1051 2329 1092 posterior

1283 1121 1302 1143 a
1319 1111 1432 1151 majori
1451 1111 1485 1143 in
1507 1111 1614 1143 minus
1631 1113 1662 1143 et
1678 1119 1697 1142 a
1712 1111 1839 1143 meliori
1858 1111 1890 1142 in
1912 1110 2056 1143 deterius
2080 1110 2194 1142 transit
2205 1121 2215 1150 3
2236 1109 2330 1150 hujus

1286 1171 1396 1202 autem
1417 1169 1602 1201 mutationis
1617 1169 1723 1201 exitus
1739 1169 1924 1201 nominatur
1938 1169 2086 1201 interitus
2101 1170 2132 1200 et
2149 1168 2328 1200 dissolutio.

1284 1228 1352 1269 §4.
1384 1228 1506 1266 Quodsi
1532 1230 1598 1260 tota
1618 1227 1732 1260 mundi
1756 1237 1925 1269 compages
1947 1229 1980 1260 et
2005 1237 2114 1260 rerum
2139 1227 2332 1259 universitas

1285 1289 1394 1320 ortum
1416 1287 1514 1320 habet
1531 1288 1630 1329 atque
1644 1286 1813 1319 interitura
1827 1290 1894 1327 est,
1910 1288 1983 1318 ortu
2004 1286 2075 1326 ejus
2097 1285 2235 1326 accidit,
2253 1289 2289 1318 ut
2313 1294 2331 1318 e

1283 1348 1406 1380 minore
1418 1347 1530 1388 maior,
1544 1355 1562 1379 e
1575 1346 1731 1379 deteriore
1745 1346 1859 1378 melior
1874 1346 1974 1378 tieret.
2019 1346 2219 1386 Quapropter
2235 1345 2331 1377 etiam

1284 1415 1301 1439 e
1320 1406 1440 1447 majore
1460 1406 1566 1438 minor
1593 1405 1649 1438 fiet
1671 1405 1769 1446 atque
1793 1413 1811 1436 e
1837 1403 1970 1443 meliore
1995 1403 2145 1436 deterior.
2189 1402 2332 1435 Mundus

1285 1465 1394 1506 igitur,
1417 1466 1445 1497 si
1469 1465 1595 1506 genitus
1622 1464 1684 1504 sit,
1718 1465 1753 1497 ut
1772 1464 1970 1496 incrementa
1993 1462 2076 1503 cepit
2103 1470 2332 1503 summumque

1285 1524 1382 1558 robur
1399 1525 1590 1557 consecutus
1614 1524 1691 1556 est:
1710 1522 1754 1555 ita
1782 1531 1891 1554 rursus
1908 1521 2071 1554 decrescet
2094 1524 2125 1553 et
2146 1520 2330 1561 exstingue-

1287 1587 1351 1615 tur.
1397 1583 1510 1615 Omnis
1523 1582 1611 1615 enim
1626 1585 1760 1622 natura,
1772 1580 1986 1613 vicissitudini
2003 1580 2142 1612 obnoxia
2157 1581 2221 1612 tres
2235 1579 2333 1613 habet

1283 1643 1439 1675 terminos
1459 1641 1588 1683 duoque
1606 1640 1787 1673 intervalla.
1834 1641 1912 1672 Tres
1930 1639 1974 1672 illi
1997 1639 2124 1672 termini
2144 1641 2219 1671 sunt
2235 1647 2331 1679 gene-

1283 1704 1380 1743 ratio,
1399 1702 1477 1743 llos,
1501 1701 1696 1742 exstinctio,
1709 1700 1879 1733 intervalla
1895 1709 1971 1732 vero
1990 1699 2078 1740 quod
2096 1700 2180 1732 inter
2198 1707 2331 1739 genera-

1283 1762 1401 1793 tionem
1421 1763 1453 1793 et
1471 1760 1583 1793 florem
1608 1760 1760 1801 quodque
1789 1760 1872 1792 inter
1894 1759 2007 1791 florem
2028 1760 2061 1791 et
2085 1758 2330 1791 exstinctionem

1281 1818 1463 1851 intercedit.
1480 1817 1499 1859 ς
1518 1821 1547 1849 5.
1575 1817 1744 1849 Manifesta
1758 1816 1865 1856 hujus
1886 1816 1931 1848 rei
1948 1816 2036 1856 signa
2056 1818 2089 1848 et
2113 1815 2230 1847 indicia
2251 1817 2331 1847 sunt

1280 1877 1428 1917 ordines,
1449 1876 1689 1918 proportiones,
1710 1875 1840 1916 tigurae,
1863 1875 1965 1915 silus,
1985 1873 2172 1914 intervalla,
2194 1874 2328 1906 faculta-

1286 2040 1355 2072 pag.
1373 2035 1428 2063 261
1452 2030 1503 2063 ed.
1518 2029 1652 2063 Bekker.
1674 2029 1726 2062 ἐὰν
1751 2030 1784 2061 δὲ
1797 2030 1934 2064 πλέονος
1961 2029 2071 2066 ἄξιός
2060 2040 2125 2061 εστι
2146 2028 2256 2069 ζημίας
2277 2030 2333 2070 (ita

1287 2079 1445 2120 pleraeque
1462 2077 1669 2118 membranae)
1690 2076 1774 2118 quod
1795 2077 1960 2109 Bekkerus
1973 2077 2068 2109 unius
2086 2076 2205 2108 codicis
2222 2079 2332 2108 aucto-

1287 2126 1411 2158 ritatem
1428 2126 1576 2158 secutus
1568 2135 1600 2157 m
1611 2125 1664 2157 ἐὰν
1681 2125 1767 2156 ὂὲ-
1725 2124 1795 2165 -ᾖ
1806 2125 1953 2163 mutavit,
1969 2126 2076 2156 tamen
2087 2125 2155 2156 liaec
2171 2125 2334 2156 structura

1286 2182 1348 2205 non
1361 2173 1496 2205 invaluit
1509 2173 1583 2204 ante
1600 2173 1759 2211 Malalam,
1780 2172 1952 2213 pessimum
1972 2170 2046 2203 noni
2067 2170 2179 2203 saeculi
2197 2172 2332 2211 scripto-

1285 2229 1364 2252 rem.
1406 2220 1455 2251 Cf.
1479 2219 1560 2251 infra
1577 2228 1647 2260 cap.
1665 2221 1696 2251 ΙΙ
1713 2218 1776 2260 §9

1325 2265 1481 2307 γεννητόν]
1504 2268 1553 2298 lta
1571 2265 1642 2299 cod.
1670 2267 1742 2298 Par.
1771 2267 1824 2306 A.;
1851 2265 1946 2306 vulgo
1970 2265 2124 2306 γεννητόν,
2149 2264 2230 2298 cod.
2257 2266 2331 2298 Vat-

1286 2314 1380 2346 habet
1402 2312 1521 2352 θνητόν.

1327 2364 1428 2401 μεῖζον
1446 2359 1606 2402 μετέὸαὶε]
1621 2361 1801 2401 μεταὸάλλει
1822 2360 1893 2392 cod.
1918 2363 1986 2392 Par.
2004 2363 2050 2398 A;
2068 2362 2101 2392 B.
2116 2359 2212 2391 habet
2239 2371 2332 2399 μετα-

1285 2408 1394 2449 ὅάλὶῃ,
1417 2409 1453 2439 C.
1472 2407 1679 2446 μεταὸάὶλειν.
1726 2410 1762 2440 ln
1781 2407 1850 2439 cod.
1875 2409 1946 2439 v.at
1966 2408 2117 2439 vizzanio
2140 2408 2219 2438 teste
2241 2415 2331 2446 repe-

1286 2454 1365 2486 ritur
1387 2453 1579 2495 μεταὸάλλῃ;
1615 2454 1856 2487 Siebenkeesius
1878 2454 1952 2493 legit
1977 2454 2168 2496 μεταὸάλὶει.
2214 2453 2334 2484 Contra

1286 2501 1318 2533 in
1337 2501 1528 2533 Lovaniensi
1541 2501 1691 2540 editione,
1709 2501 1793 2542 apud
1808 2500 1991 2532 Vizzanium
2008 2504 2040 2532 et
2055 2500 2263 2540 Dar-gensium
2285 2503 2335 2530 est

1286 2549 1468 2588 μετέὸαλλε,
1487 2547 1579 2588 cujus
1598 2548 1668 2580 loco
1697 2546 1928 2586 Commelinus,
1953 2548 2082 2588 Galeus,
2114 2545 2286 2580 Battaesius
2301 2547 2334 2578 et

1286 2595 1475 2636 Rudolphus
1492 2595 1639 2636 μετέὸαλε
1666 2595 1853 2633 ediderunt,
1885 2604 1947 2626 non
1970 2595 2064 2633 male,
2091 2596 2223 2636 propter
2237 2593 2335 2626 verba

1285 2643 1412 2681 αὔξησιν
1435 2643 1536 2674 aasz.
1554 2641 1615 2675 Sed
1633 2642 1782 2674 codicum
1804 2643 1873 2674 liaec
1892 2642 1988 2674 lectio
2017 2642 2058 2674 sit
2073 2650 2114 2673 an
2137 2641 2333 2682 conjectura,

1286 2691 1407 2729 ignoro.

1327 2737 1389 2769 ἀπὸ
1411 2739 1466 2768 τοῦ
1489 2735 1638 2789 μείζονος]
1653 2739 1708 2768 τοῦ
1735 2736 1893 2769 inclusum
1914 2735 1999 2776 apud
2019 2736 2254 2768 Commelinum
2269 2745 2333 2769 non

1286 2782 1510 2815 desideratur
1502 2792 1534 2814 111
1549 2782 1649 2814 tribus
1667 2783 1758 2814 codd.
1776 2784 2018 2815 Parisiensibus.

1327 2834 1412 2871 μεῖον
1429 2829 1606 2871 μεταὸαλεῖ]
1624 2831 1669 2861 lta
1685 2829 1758 2861 cod.
1777 2832 1849 2862 Par.
1863 2831 1914 2870 C.;
1934 2829 2048 2870 reliqui
2060 2829 2142 2861 duo
2137 2842 2172 2869 με
2163 2830 2330 2862 -ταὸάὶλει,

1326 2876 1379 2908 οὖν
1399 2877 1458 2908 εἰσι
1470 2880 1548 2918 τρεῖ..
1536 2875 1561 2918 ]
1588 2879 1675 2918 τρεῖς,
1695 2877 1781 2917 quod
1801 2886 1839 2909 ex
1857 2855 2117 2909 antecedentibus
2141 2877 2223 2910 male
2242 2886 2332 2918 repe-

1286 2925 1380 2957 titum
1393 2923 1530 2963 videtur,
1549 2924 1640 2956 uncis
1652 2924 1781 2958 inclusit
1798 2924 1997 2965 Rudolplms.

1326 2971 1345 3012 §
1360 2976 1388 3004 5.
1407 2972 1500 3003 Hanc
1521 2973 1553 3003 et
1570 2973 1755 3011 sequentem
1772 2972 2030 3013 paragraplium'
2023 2971 2119 3013 ipsius
2137 2971 2197 3003 loci
2217 2972 2332 3004 natura

1285 3017 1402 3050 ductus
1421 3026 1494 3049 cum
1508 3017 1679 3059 Rudolpho
1698 3019 1891 3059 transposui.

1326 3068 1442 3106 σημεῖα
1454 3065 1486 3097 δὲ
1500 3066 1553 3096 καὶ
1570 3065 1733 3108 τεκμήρια]
1745 3067 1798 3098 καὶ
1815 3066 1928 3098 deest
1922 3075 1952 3097 111
1970 3065 2040 3097 cod.
2053 3067 2126 3096 Vat
2146 3064 2333 3105 liudolphus

1286 3111 1340 3144 nic
1357 3115 1393 3144 ut
1408 3111 1427 3153 ς
1444 3114 1479 3143 14
1499 3112 1554 3169 legi
1574 3111 1699 3144 volebat
1715 3112 1831 3169 σημεῖά
1851 3124 1884 3144 τε
1898 3112 1950 3143 καὶ
1973 3123 2062 3152 τεκμ.
2091 3111 2257 3143 Bauoesius
2275 3122 2330 3148 ση-

1286 3163 1358 3201 μεῖα
1373 3159 1406 3191 δὲ
1426 3159 1529 3191 καὶτὰ
1546 3170 1650 3199 τεκμ..;
1664 3159 1721 3192 sed
1733 3160 1772 3191 τὰ
1786 3168 1852 3191 non
1867 3159 1980 3199 legitur
1999 3158 2030 3190 in
2047 3157 2139 3190 codd.
2160 3159 2249 3191 Parr.

1325 3206 1475 3248 τεκμήρια
1493 3205 1616 3248 τούτου]
1648 3209 1694 3239 lta
1721 3207 1811 3239 Parr.
1841 3209 1877 3238 A.
1899 3208 1932 3238 et
1961 3207 2011 3243 Β.,
2030 3205 2105 3237 item
2123 3204 2218 3236 codd.
2239 3205 2330 3235 vait.

1285 3256 1324 3285 At
1338 3253 1503 3294 Nogarola
1521 3254 1736 3287 commelinus
1752 3255 1784 3287 et
1794 3253 1960 3287 Battaesius
1977 3253 2087 3292 legunt
2114 3253 2220 3283 αυτοῦ.
2264 3252 2330 3282 Cae-

1284 3303 1387 3333 terum
1400 3301 1511 3333 τοὺτου
1522 3310 1621 3342 quum
1636 3301 1676 3333 ad
1690 3302 1790 3333 totam
1807 3309 1880 3341 quae
1894 3308 2068 3340 praegressa
2085 3301 2131 3331 est
2144 3298 2331 3338 disputatio-

1286 3357 1358 3379 nem
1376 3348 1543 3388 pertineat,
1558 3348 1639 3380 verti
1652 3348 1747 3380 debet
1764 3347 1869 3387 hujus
1887 3355 1950 3379 ret.
1996 3345 2077 3378 lllud
2097 3346 2192 3377 αὐτοῦ
2208 3344 2329 3384 vulgari

1285 3394 1556 3435 paragraphorum
1569 3395 1680 3427 ordine
1692 3394 1816 3435 decepti
1836 3393 1877 3425 ad
1892 3396 1953 3426 πᾶν
1968 3393 2159 3425 rettulerunt
2176 3391 2326 3422 editores.

1325 3439 1433 3481 τάξεις,
1453 3440 1652 3482 συμμετρίαι]
1669 3442 1702 3472 1η
1718 3439 1908 3478 Lovaniensi
1925 3439 2063 3471 editione
2078 3437 2236 3469 omittitur
2254 3436 2329 3468 arti-

1284 3487 1376 3519 culus
1393 3488 1466 3520 ante
1482 3488 1591 3519 omnia
1606 3496 1679 3527 quac
1692 3487 1872 3527 sequuntur
1897 3484 2097 3518 substantiva
2118 3483 2227 3521 τάξεις,
2245 3493 2324 3522 συμ·

1286 3534 1403 3576 μετρίαι
1417 3546 1448 3566 κ.
1474 3546 1502 3567 τ.
1529 3536 1557 3566 λ.
1581 3534 1637 3567 sed
1667 3534 1793 3566 duobus
1821 3533 1930 3574 primis
1962 3531 2144 3564 nominibus
2159 3530 2328 3562 articulum
