<?xml version="1.0" encoding="UTF-8"?>
<!DOCTYPE html PUBLIC "-//W3C//DTD XHTML 1.0 Transitional//EN"
    "http://www.w3.org/TR/xhtml1/DTD/xhtml1-transitional.dtd">
<html xmlns="http://www.w3.org/1999/xhtml" xml:lang="en" lang="en">
 <head>
  <title>
</title>
<meta http-equiv="Content-Type" content="text/html;charset=utf-8" />
  <meta name='ocr-system' content='tesseract 3.04.00' />
  <meta name='ocr-capabilities' content='ocr_page ocr_carea ocr_par ocr_line ocrx_word'/>
</head>
<body>
  <div class='ocr_page' id='page_1' title='image "./fragmentaphiloso01mulluoft_0246.png"; bbox 0 0 2612 3814; ppageno 0'>
   <div class='ocr_carea' id='block_1_1' title="bbox 309 218 1670 265">
    <p class='ocr_par' dir='ltr' id='par_1_1' title="bbox 309 218 1670 265">
     <span class='ocr_line' id='line_1_1' title="bbox 309 218 1670 265; baseline -0.004 -2"><span class='ocrx_word' id='word_1_1' title='bbox 309 229 392 265; x_wconf 83' lang='grc'>206</span> <span class='ocrx_word' id='word_1_2' title='bbox 1127 218 1330 258; x_wconf 71' lang='lat' dir='ltr'><strong>SEPTEM</strong></span> <span class='ocrx_word' id='word_1_3' title='bbox 1367 218 1670 259; x_wconf 80' lang='lat' dir='ltr'>SAPIENTUM</span> 
     </span>
    </p>
   </div>
   <div class='ocr_carea' id='block_1_2' title="bbox 305 309 1388 2511">
    <p class='ocr_par' dir='ltr' id='par_1_2' title="bbox 305 309 1372 604">
     <span class='ocr_line' id='line_1_2' title="bbox 305 309 1368 362; baseline -0.005 -9"><span class='ocrx_word' id='word_1_4' title='bbox 305 313 421 353; x_wconf 86' lang='lat' dir='ltr'>cessit</span> <span class='ocrx_word' id='word_1_5' title='bbox 446 325 535 352; x_wconf 91' lang='lat' dir='ltr'>eum</span> <span class='ocrx_word' id='word_1_6' title='bbox 560 311 703 362; x_wconf 78' lang='lat' dir='ltr'>Bianti,</span> <span class='ocrx_word' id='word_1_7' title='bbox 721 311 811 351; x_wconf 90' lang='lat' dir='ltr'>Bias</span> <span class='ocrx_word' id='word_1_8' title='bbox 824 311 993 359; x_wconf 86' lang='lat' dir='ltr'>Pittaco,</span> <span class='ocrx_word' id='word_1_9' title='bbox 1015 310 1049 349; x_wconf 91' lang='lat' dir='ltr'>is</span> <span class='ocrx_word' id='word_1_10' title='bbox 1071 311 1255 362; x_wconf 85' lang='lat' dir='ltr'>protinus</span> <span class='ocrx_word' id='word_1_11' title='bbox 1277 309 1368 357; x_wconf 88' lang='lat' dir='ltr'>alii,</span> 
     </span>
     <span class='ocr_line' id='line_1_3' title="bbox 305 369 1370 425; baseline -0.003 -15"><span class='ocrx_word' id='word_1_12' title='bbox 305 373 572 425; x_wconf 85' lang='lat' dir='ltr'><strong>deincepsque</strong></span> <span class='ocrx_word' id='word_1_13' title='bbox 579 384 650 424; x_wconf 89' lang='lat' dir='ltr'>per</span> <span class='ocrx_word' id='word_1_14' title='bbox 661 371 838 410; x_wconf 89' lang='lat' dir='ltr'>omnium</span> <span class='ocrx_word' id='word_1_15' title='bbox 850 379 994 423; x_wconf 86' lang='lat' dir='ltr'><strong>septem</strong></span> <span class='ocrx_word' id='word_1_16' title='bbox 1005 370 1223 422; x_wconf 90' lang='lat' dir='ltr'>sapientum</span> <span class='ocrx_word' id='word_1_17' title='bbox 1236 369 1370 408; x_wconf 86' lang='lat' dir='ltr'>orbem</span> 
     </span>
     <span class='ocr_line' id='line_1_4' title="bbox 305 429 1371 483; baseline -0.003 -14"><span class='ocrx_word' id='word_1_18' title='bbox 305 431 353 469; x_wconf 89' lang='lat' dir='ltr'>ad</span> <span class='ocrx_word' id='word_1_19' title='bbox 366 431 564 480; x_wconf 85' lang='lat' dir='ltr'>ultimum,</span> <span class='ocrx_word' id='word_1_20' title='bbox 583 431 632 471; x_wconf 89' lang='lat' dir='ltr'>ad</span> <span class='ocrx_word' id='word_1_21' title='bbox 647 431 845 478; x_wconf 88' lang='lat' dir='ltr'>Solonem,</span> <span class='ocrx_word' id='word_1_22' title='bbox 860 429 1057 483; x_wconf 87' lang='lat' dir='ltr'>pervenit,</span> <span class='ocrx_word' id='word_1_23' title='bbox 1078 430 1146 481; x_wconf 89' lang='lat' dir='ltr'>qui</span> <span class='ocrx_word' id='word_1_24' title='bbox 1158 438 1196 468; x_wconf 89' lang='lat' dir='ltr'>et</span> <span class='ocrx_word' id='word_1_25' title='bbox 1216 429 1371 468; x_wconf 92' lang='lat' dir='ltr'>titulum</span> 
     </span>
     <span class='ocr_line' id='line_1_5' title="bbox 309 490 1372 546; baseline -0.006 -14"><span class='ocrx_word' id='word_1_26' title='bbox 309 492 564 546; x_wconf 86' lang='lat' dir='ltr'>amplissimae</span> <span class='ocrx_word' id='word_1_27' title='bbox 599 491 801 544; x_wconf 67' lang='lat' dir='ltr'>sapientire</span> <span class='ocrx_word' id='word_1_28' title='bbox 831 499 868 529; x_wconf 90' lang='lat' dir='ltr'>et</span> <span class='ocrx_word' id='word_1_29' title='bbox 901 490 1110 543; x_wconf 84' lang='lat' dir='ltr'>praemium</span> <span class='ocrx_word' id='word_1_30' title='bbox 1156 490 1204 528; x_wconf 91' lang='lat' dir='ltr'>ad</span> <span class='ocrx_word' id='word_1_31' title='bbox 1243 490 1372 542; x_wconf 90' lang='lat' dir='ltr'>ipsum</span> 
     </span>
     <span class='ocr_line' id='line_1_6' title="bbox 308 550 879 604; baseline 0.002 -14"><span class='ocrx_word' id='word_1_32' title='bbox 308 553 535 604; x_wconf 77' lang='lat' dir='ltr'>Apollinem</span> <span class='ocrx_word' id='word_1_33' title='bbox 561 551 761 592; x_wconf 82' lang='lat' dir='ltr'>transtulit</span> <span class='ocrx_word' id='word_1_34' title='bbox 785 550 879 604; x_wconf 87' lang='lat'>(17).</span> 
     </span>
    </p>

    <p class='ocr_par' dir='ltr' id='par_1_3' title="bbox 308 608 1388 2511">
     <span class='ocr_line' id='line_1_7' title="bbox 363 608 1371 660; baseline -0.005 -11"><span class='ocrx_word' id='word_1_35' title='bbox 363 612 567 651; x_wconf 82' lang='lat' dir='ltr'>Thaletem</span> <span class='ocrx_word' id='word_1_36' title='bbox 603 612 754 651; x_wconf 86' lang='lat' dir='ltr'>nullum</span> <span class='ocrx_word' id='word_1_37' title='bbox 790 609 941 660; x_wconf 84' lang='lat' dir='ltr'>ingenii</span> <span class='ocrx_word' id='word_1_38' title='bbox 979 608 1040 647; x_wconf 91' lang='lat' dir='ltr'>sui</span> <span class='ocrx_word' id='word_1_39' title='bbox 1075 615 1371 646; x_wconf 84' lang='lat' dir='ltr'>monumentum</span> 
     </span>
     <span class='ocr_line' id='line_1_8' title="bbox 309 666 1374 724; baseline -0.007 -13"><span class='ocrx_word' id='word_1_40' title='bbox 309 671 481 724; x_wconf 81' lang='lat' dir='ltr'><strong>posteris</strong></span> <span class='ocrx_word' id='word_1_41' title='bbox 498 671 706 723; x_wconf 87' lang='lat' dir='ltr'>reliquisse</span> <span class='ocrx_word' id='word_1_42' title='bbox 726 669 924 708; x_wconf 79' lang='lat' dir='ltr'>affirmant</span> <span class='ocrx_word' id='word_1_43' title='bbox 943 666 1164 706; x_wconf 79' lang='lat' dir='ltr'>Alexander</span> <span class='ocrx_word' id='word_1_44' title='bbox 1178 666 1374 719; x_wconf 82' lang='lat' dir='ltr'>Aphrodi-</span> 
     </span>
     <span class='ocr_line' id='line_1_9' title="bbox 312 726 1375 779; baseline -0.004 -9"><span class='ocrx_word' id='word_1_45' title='bbox 312 731 450 770; x_wconf 88' lang='lat' dir='ltr'>siensis</span> <span class='ocrx_word' id='word_1_46' title='bbox 466 730 686 770; x_wconf 89' lang='lat' dir='ltr'>Comment.</span> <span class='ocrx_word' id='word_1_47' title='bbox 704 731 746 768; x_wconf 92' lang='lat' dir='ltr'>in</span> <span class='ocrx_word' id='word_1_48' title='bbox 762 727 981 767; x_wconf 89' lang='lat' dir='ltr'>Aristotelis</span> <span class='ocrx_word' id='word_1_49' title='bbox 1000 726 1171 779; x_wconf 89' lang='lat' dir='ltr'>Metaph.</span> <span class='ocrx_word' id='word_1_50' title='bbox 1187 740 1227 779; x_wconf 88' lang='lat' dir='ltr'>p.</span> <span class='ocrx_word' id='word_1_51' title='bbox 1246 740 1292 764; x_wconf 83' lang='lat'>21</span> <span class='ocrx_word' id='word_1_52' title='bbox 1313 726 1375 766; x_wconf 90' lang='lat' dir='ltr'>ed.</span> 
     </span>
     <span class='ocr_line' id='line_1_10' title="bbox 311 785 1376 839; baseline -0.006 -10"><span class='ocrx_word' id='word_1_53' title='bbox 311 791 470 839; x_wconf 90' lang='lat' dir='ltr'>Bonitz,</span> <span class='ocrx_word' id='word_1_54' title='bbox 496 790 736 830; x_wconf 88' lang='lat' dir='ltr'>Themistius</span> <span class='ocrx_word' id='word_1_55' title='bbox 760 789 866 827; x_wconf 86' lang='lat' dir='ltr'>Orat.</span> <span class='ocrx_word' id='word_1_56' title='bbox 907 786 1029 825; x_wconf 85' lang='lat' dir='ltr'>XXVI</span> <span class='ocrx_word' id='word_1_57' title='bbox 1058 800 1098 838; x_wconf 90' lang='lat' dir='ltr'>p.</span> <span class='ocrx_word' id='word_1_58' title='bbox 1122 787 1196 835; x_wconf 82' lang='lat'>317</span> <span class='ocrx_word' id='word_1_59' title='bbox 1216 795 1254 825; x_wconf 90' lang='lat' dir='ltr'>et</span> <span class='ocrx_word' id='word_1_60' title='bbox 1277 785 1376 824; x_wconf 90' lang='lat' dir='ltr'>anti-</span> 
     </span>
     <span class='ocr_line' id='line_1_11' title="bbox 310 844 1374 903; baseline -0.007 -14"><span class='ocrx_word' id='word_1_61' title='bbox 310 864 480 903; x_wconf 79' lang='lat' dir='ltr'>quorum</span> <span class='ocrx_word' id='word_1_62' title='bbox 500 849 683 888; x_wconf 87' lang='lat' dir='ltr'>nonnulli</span> <span class='ocrx_word' id='word_1_63' title='bbox 705 848 807 901; x_wconf 89' lang='lat' dir='ltr'>apud</span> <span class='ocrx_word' id='word_1_64' title='bbox 844 847 1059 898; x_wconf 83' lang='lat' dir='ltr'>Diogenem</span> <span class='ocrx_word' id='word_1_65' title='bbox 1081 844 1280 884; x_wconf 88' lang='lat' dir='ltr'>Laertium</span> <span class='ocrx_word' id='word_1_66' title='bbox 1303 845 1374 883; x_wconf 90' lang='lat' dir='ltr'>lib.</span> 
     </span>
     <span class='ocr_line' id='line_1_12' title="bbox 312 905 1376 964; baseline -0.009 -12"><span class='ocrx_word' id='word_1_67' title='bbox 312 914 343 964; x_wconf 87' lang='lat' dir='ltr'>l,</span> <span class='ocrx_word' id='word_1_68' title='bbox 365 913 432 952; x_wconf 80' lang='lat'>23.</span> <span class='ocrx_word' id='word_1_69' title='bbox 459 911 606 950; x_wconf 86' lang='lat' dir='ltr'>Contra</span> <span class='ocrx_word' id='word_1_70' title='bbox 626 910 693 948; x_wconf 91' lang='lat' dir='ltr'>alii</span> <span class='ocrx_word' id='word_1_71' title='bbox 722 922 842 947; x_wconf 89' lang='lat' dir='ltr'>unum</span> <span class='ocrx_word' id='word_1_72' title='bbox 861 916 927 946; x_wconf 90' lang='lat' dir='ltr'>aut</span> <span class='ocrx_word' id='word_1_73' title='bbox 951 907 1085 959; x_wconf 89' lang='lat' dir='ltr'>plures</span> <span class='ocrx_word' id='word_1_74' title='bbox 1114 905 1236 944; x_wconf 87' lang='lat' dir='ltr'>libros</span> <span class='ocrx_word' id='word_1_75' title='bbox 1256 905 1304 943; x_wconf 90' lang='lat' dir='ltr'>ab</span> <span class='ocrx_word' id='word_1_76' title='bbox 1330 918 1376 944; x_wconf 91' lang='lat' dir='ltr'>eo</span> 
     </span>
     <span class='ocr_line' id='line_1_13' title="bbox 308 965 1379 1021; baseline -0.006 -12"><span class='ocrx_word' id='word_1_77' title='bbox 308 970 440 1009; x_wconf 83' lang='lat' dir='ltr'>editos</span> <span class='ocrx_word' id='word_1_78' title='bbox 454 983 538 1009; x_wconf 90' lang='lat' dir='ltr'>esse</span> <span class='ocrx_word' id='word_1_79' title='bbox 561 972 644 1009; x_wconf 87' lang='lat' dir='ltr'>sive</span> <span class='ocrx_word' id='word_1_80' title='bbox 663 969 871 1021; x_wconf 90' lang='lat' dir='ltr'>perspicue</span> <span class='ocrx_word' id='word_1_81' title='bbox 891 975 1082 1006; x_wconf 84' lang='lat' dir='ltr'>testantur</span> <span class='ocrx_word' id='word_1_82' title='bbox 1108 966 1192 1005; x_wconf 83' lang='lat' dir='ltr'>sive</span> <span class='ocrx_word' id='word_1_83' title='bbox 1210 965 1379 1004; x_wconf 79' lang='lat' dir='ltr'>obscure</span> 
     </span>
     <span class='ocr_line' id='line_1_14' title="bbox 309 1024 1377 1081; baseline -0.005 -13"><span class='ocrx_word' id='word_1_84' title='bbox 309 1029 547 1081; x_wconf 74' lang='lat' dir='ltr'>significant.</span> <span class='ocrx_word' id='word_1_85' title='bbox 564 1029 623 1068; x_wconf 81' lang='lat' dir='ltr'>Cf.</span> <span class='ocrx_word' id='word_1_86' title='bbox 642 1028 883 1079; x_wconf 84' lang='lat' dir='ltr'>Augustinus</span> <span class='ocrx_word' id='word_1_87' title='bbox 901 1028 948 1065; x_wconf 91' lang='lat' dir='ltr'>de</span> <span class='ocrx_word' id='word_1_88' title='bbox 965 1026 1084 1066; x_wconf 89' lang='lat' dir='ltr'>Civit.</span> <span class='ocrx_word' id='word_1_89' title='bbox 1102 1026 1174 1064; x_wconf 93' lang='lat' dir='ltr'>Dei</span> <span class='ocrx_word' id='word_1_90' title='bbox 1194 1024 1266 1066; x_wconf 86' lang='lat' dir='ltr'>lib.</span> <span class='ocrx_word' id='word_1_91' title='bbox 1287 1025 1377 1063; x_wconf 90' lang='lat' dir='ltr'>Vlll</span> 
     </span>
     <span class='ocr_line' id='line_1_15' title="bbox 310 1085 1379 1141; baseline -0.004 -14"><span class='ocrx_word' id='word_1_92' title='bbox 310 1102 396 1141; x_wconf 88' lang='lat' dir='ltr'>cap.</span> <span class='ocrx_word' id='word_1_93' title='bbox 434 1103 455 1126; x_wconf 86' lang='lat'><strong>2</strong></span> <span class='ocrx_word' id='word_1_94' title='bbox 491 1097 529 1127; x_wconf 88' lang='lat' dir='ltr'>et</span> <span class='ocrx_word' id='word_1_95' title='bbox 550 1087 754 1127; x_wconf 86' lang='lat' dir='ltr'>Vitruvius</span> <span class='ocrx_word' id='word_1_96' title='bbox 781 1087 854 1126; x_wconf 91' lang='lat' dir='ltr'>lib.</span> <span class='ocrx_word' id='word_1_97' title='bbox 890 1086 944 1125; x_wconf 87' lang='lat' dir='ltr'>lx</span> <span class='ocrx_word' id='word_1_98' title='bbox 971 1099 1055 1138; x_wconf 89' lang='lat' dir='ltr'>cap.</span> <span class='ocrx_word' id='word_1_99' title='bbox 1093 1100 1128 1135; x_wconf 87' lang='lat'>7.</span> <span class='ocrx_word' id='word_1_100' title='bbox 1161 1085 1274 1124; x_wconf 86' lang='lat' dir='ltr'>Certe</span> <span class='ocrx_word' id='word_1_101' title='bbox 1300 1085 1379 1124; x_wconf 88' lang='lat' dir='ltr'>duo</span> 
     </span>
     <span class='ocr_line' id='line_1_16' title="bbox 313 1144 1379 1200; baseline -0.004 -13"><span class='ocrx_word' id='word_1_102' title='bbox 313 1149 460 1200; x_wconf 89' lang='lat' dir='ltr'>scripta</span> <span class='ocrx_word' id='word_1_103' title='bbox 477 1147 525 1187; x_wconf 88' lang='lat' dir='ltr'>de</span> <span class='ocrx_word' id='word_1_104' title='bbox 539 1147 718 1187; x_wconf 89' lang='lat' dir='ltr'>Solstitio</span> <span class='ocrx_word' id='word_1_105' title='bbox 740 1147 832 1200; x_wconf 80' lang='grc' dir='ltr'>(περὶ</span> <span class='ocrx_word' id='word_1_106' title='bbox 843 1144 985 1199; x_wconf 73' lang='grc' dir='ltr'>τροπῆς)</span> <span class='ocrx_word' id='word_1_107' title='bbox 1003 1159 1048 1184; x_wconf 86' lang='lat' dir='ltr'>ac</span> <span class='ocrx_word' id='word_1_108' title='bbox 1065 1145 1112 1184; x_wconf 95' lang='lat' dir='ltr'>de</span> <span class='ocrx_word' id='word_1_109' title='bbox 1132 1145 1379 1197; x_wconf 87' lang='lat' dir='ltr'>AEquinoctio</span> 
     </span>
     <span class='ocr_line' id='line_1_17' title="bbox 317 1204 1379 1261; baseline -0.004 -15"><span class='ocrx_word' id='word_1_110' title='bbox 317 1207 410 1260; x_wconf 77' lang='grc' dir='ltr'>(περὶ</span> <span class='ocrx_word' id='word_1_111' title='bbox 427 1206 626 1261; x_wconf 80' lang='grc' dir='ltr'>ἰσημερίας)</span> <span class='ocrx_word' id='word_1_112' title='bbox 660 1221 682 1246; x_wconf 94' lang='lat' dir='ltr'>a</span> <span class='ocrx_word' id='word_1_113' title='bbox 711 1206 948 1259; x_wconf 91' lang='lat' dir='ltr'>quibusdam</span> <span class='ocrx_word' id='word_1_114' title='bbox 973 1205 1010 1244; x_wconf 92' lang='lat' dir='ltr'>ei</span> <span class='ocrx_word' id='word_1_115' title='bbox 1039 1204 1379 1254; x_wconf 89' lang='lat' dir='ltr'>attribuebantur;</span> 
     </span>
     <span class='ocr_line' id='line_1_18' title="bbox 311 1264 1379 1318; baseline -0.001 -12"><span class='ocrx_word' id='word_1_116' title='bbox 311 1267 381 1306; x_wconf 82' lang='lat' dir='ltr'>sed</span> <span class='ocrx_word' id='word_1_117' title='bbox 394 1267 559 1306; x_wconf 87' lang='lat' dir='ltr'>Nautica</span> <span class='ocrx_word' id='word_1_118' title='bbox 574 1266 811 1318; x_wconf 86' lang='lat' dir='ltr'>Astrologia,</span> <span class='ocrx_word' id='word_1_119' title='bbox 826 1279 913 1318; x_wconf 88' lang='lat' dir='ltr'>quae</span> <span class='ocrx_word' id='word_1_120' title='bbox 927 1275 965 1304; x_wconf 89' lang='lat' dir='ltr'>et</span> <span class='ocrx_word' id='word_1_121' title='bbox 984 1265 1072 1317; x_wconf 90' lang='lat' dir='ltr'>ipsa</span> <span class='ocrx_word' id='word_1_122' title='bbox 1087 1264 1235 1303; x_wconf 85' lang='lat' dir='ltr'>olin1.T</span> <span class='ocrx_word' id='word_1_123' title='bbox 1239 1264 1379 1305; x_wconf 89' lang='lat' dir='ltr'>haletis</span> 
     </span>
     <span class='ocr_line' id='line_1_19' title="bbox 315 1325 1378 1373; baseline -0.003 -6"><span class='ocrx_word' id='word_1_124' title='bbox 315 1340 400 1367; x_wconf 87' lang='lat' dir='ltr'>esse</span> <span class='ocrx_word' id='word_1_125' title='bbox 416 1327 566 1366; x_wconf 90' lang='lat' dir='ltr'>credita</span> <span class='ocrx_word' id='word_1_126' title='bbox 581 1336 672 1373; x_wconf 86' lang='lat' dir='ltr'>erat,</span> <span class='ocrx_word' id='word_1_127' title='bbox 702 1326 879 1365; x_wconf 90' lang='lat' dir='ltr'>Phocum</span> <span class='ocrx_word' id='word_1_128' title='bbox 902 1325 1075 1364; x_wconf 88' lang='lat' dir='ltr'>Samium</span> <span class='ocrx_word' id='word_1_129' title='bbox 1094 1333 1290 1363; x_wconf 82' lang='lat' dir='ltr'>auctorem</span> <span class='ocrx_word' id='word_1_130' title='bbox 1309 1325 1378 1364; x_wconf 91' lang='lat' dir='ltr'>ha-</span> 
     </span>
     <span class='ocr_line' id='line_1_20' title="bbox 316 1384 1380 1440; baseline -0.003 -15"><span class='ocrx_word' id='word_1_131' title='bbox 316 1386 537 1440; x_wconf 81' lang='lat' dir='ltr'>bebat(18).</span> <span class='ocrx_word' id='word_1_132' title='bbox 574 1386 660 1425; x_wconf 84' lang='lat' dir='ltr'>Huc</span> <span class='ocrx_word' id='word_1_133' title='bbox 689 1386 861 1439; x_wconf 79' lang='lat' dir='ltr'>pertinet</span> <span class='ocrx_word' id='word_1_134' title='bbox 890 1386 1007 1424; x_wconf 89' lang='lat' dir='ltr'>etiam</span> <span class='ocrx_word' id='word_1_135' title='bbox 1034 1384 1208 1428; x_wconf 89' lang='lat' dir='ltr'>Lobonis</span> <span class='ocrx_word' id='word_1_136' title='bbox 1241 1385 1380 1435; x_wconf 85' lang='lat' dir='ltr'>Argivi</span> 
     </span>
     <span class='ocr_line' id='line_1_21' title="bbox 315 1444 1380 1497; baseline -0.004 -12"><span class='ocrx_word' id='word_1_137' title='bbox 315 1446 603 1495; x_wconf 75' lang='lat' dir='ltr'>testimonium,</span> <span class='ocrx_word' id='word_1_138' title='bbox 623 1446 692 1497; x_wconf 90' lang='lat' dir='ltr'>qui</span> <span class='ocrx_word' id='word_1_139' title='bbox 712 1445 899 1484; x_wconf 88' lang='lat' dir='ltr'>ducentos</span> <span class='ocrx_word' id='word_1_140' title='bbox 920 1445 1078 1483; x_wconf 79' lang='lat' dir='ltr'>circiter</span> <span class='ocrx_word' id='word_1_141' title='bbox 1091 1444 1308 1482; x_wconf 85' lang='lat' dir='ltr'>versiculos</span> <span class='ocrx_word' id='word_1_142' title='bbox 1332 1444 1380 1482; x_wconf 88' lang='lat' dir='ltr'>ab</span> 
     </span>
     <span class='ocr_line' id='line_1_22' title="bbox 316 1502 1381 1557; baseline -0.002 -14"><span class='ocrx_word' id='word_1_143' title='bbox 316 1517 363 1543; x_wconf 92' lang='lat' dir='ltr'>eo</span> <span class='ocrx_word' id='word_1_144' title='bbox 383 1505 623 1557; x_wconf 89' lang='lat' dir='ltr'>compositos</span> <span class='ocrx_word' id='word_1_145' title='bbox 639 1518 723 1543; x_wconf 91' lang='lat' dir='ltr'>esse</span> <span class='ocrx_word' id='word_1_146' title='bbox 742 1504 877 1557; x_wconf 86' lang='lat' dir='ltr'>prodit</span> <span class='ocrx_word' id='word_1_147' title='bbox 896 1503 990 1555; x_wconf 85' lang='lat'>(19).</span> <span class='ocrx_word' id='word_1_148' title='bbox 1011 1502 1191 1550; x_wconf 88' lang='lat' dir='ltr'>Quocum</span> <span class='ocrx_word' id='word_1_149' title='bbox 1209 1502 1381 1554; x_wconf 87' lang='lat' dir='ltr'>jungen-</span> 
     </span>
     <span class='ocr_line' id='line_1_23' title="bbox 317 1562 1383 1615; baseline -0.003 -12"><span class='ocrx_word' id='word_1_150' title='bbox 317 1564 390 1603; x_wconf 90' lang='lat' dir='ltr'>dus</span> <span class='ocrx_word' id='word_1_151' title='bbox 404 1564 637 1603; x_wconf 85' lang='lat' dir='ltr'>Plutarchus</span> <span class='ocrx_word' id='word_1_152' title='bbox 661 1563 768 1603; x_wconf 86' lang='lat' dir='ltr'>libro</span> <span class='ocrx_word' id='word_1_153' title='bbox 786 1563 834 1602; x_wconf 89' lang='lat' dir='ltr'>de</span> <span class='ocrx_word' id='word_1_154' title='bbox 847 1563 1000 1615; x_wconf 82' lang='lat' dir='ltr'>Pythiae</span> <span class='ocrx_word' id='word_1_155' title='bbox 1017 1562 1191 1601; x_wconf 91' lang='lat' dir='ltr'>oraculis</span> <span class='ocrx_word' id='word_1_156' title='bbox 1211 1576 1291 1601; x_wconf 91' lang='lat' dir='ltr'>non</span> <span class='ocrx_word' id='word_1_157' title='bbox 1306 1576 1383 1600; x_wconf 89' lang='lat' dir='ltr'>am·</span> 
     </span>
     <span class='ocr_line' id='line_1_24' title="bbox 318 1621 1380 1675; baseline -0.002 -13"><span class='ocrx_word' id='word_1_158' title='bbox 318 1624 423 1675; x_wconf 89' lang='lat' dir='ltr'>plius</span> <span class='ocrx_word' id='word_1_159' title='bbox 438 1624 613 1663; x_wconf 87' lang='lat' dir='ltr'>carmine</span> <span class='ocrx_word' id='word_1_160' title='bbox 633 1624 748 1663; x_wconf 88' lang='lat' dir='ltr'>editis</span> <span class='ocrx_word' id='word_1_161' title='bbox 767 1637 853 1675; x_wconf 86' lang='lat' dir='ltr'>cap.</span> <span class='ocrx_word' id='word_1_162' title='bbox 875 1624 921 1662; x_wconf 85' lang='lat'>18</span> <span class='ocrx_word' id='word_1_163' title='bbox 937 1623 1015 1661; x_wconf 88' lang='lat' dir='ltr'>vol.</span> <span class='ocrx_word' id='word_1_164' title='bbox 1030 1621 1084 1660; x_wconf 87' lang='lat' dir='ltr'>IX</span> <span class='ocrx_word' id='word_1_165' title='bbox 1096 1636 1135 1674; x_wconf 90' lang='lat' dir='ltr'>p.</span> <span class='ocrx_word' id='word_1_166' title='bbox 1156 1622 1231 1670; x_wconf 82' lang='lat'>275</span> <span class='ocrx_word' id='word_1_167' title='bbox 1247 1631 1285 1661; x_wconf 92' lang='lat' dir='ltr'>et</span> <span class='ocrx_word' id='word_1_168' title='bbox 1303 1623 1380 1671; x_wconf 84' lang='lat'>276</span> 
     </span>
     <span class='ocr_line' id='line_1_25' title="bbox 317 1681 1381 1735; baseline -0.001 -15"><span class='ocrx_word' id='word_1_169' title='bbox 317 1683 517 1722; x_wconf 87' lang='lat' dir='ltr'>Thaletem</span> <span class='ocrx_word' id='word_1_170' title='bbox 543 1683 794 1735; x_wconf 87' lang='lat' dir='ltr'>aequiparans</span> <span class='ocrx_word' id='word_1_171' title='bbox 814 1683 990 1735; x_wconf 88' lang='lat' dir='ltr'>Orpheo,</span> <span class='ocrx_word' id='word_1_172' title='bbox 1016 1681 1200 1730; x_wconf 89' lang='lat' dir='ltr'>Hesiodo,</span> <span class='ocrx_word' id='word_1_173' title='bbox 1223 1682 1381 1720; x_wconf 91' lang='lat' dir='ltr'>Parme-</span> 
     </span>
     <span class='ocr_line' id='line_1_26' title="bbox 318 1742 1382 1796; baseline 0.001 -16"><span class='ocrx_word' id='word_1_174' title='bbox 318 1743 423 1795; x_wconf 82' lang='lat' dir='ltr'>nidi,</span> <span class='ocrx_word' id='word_1_175' title='bbox 463 1743 720 1796; x_wconf 88' lang='lat' dir='ltr'>Xenophani,</span> <span class='ocrx_word' id='word_1_176' title='bbox 769 1743 998 1795; x_wconf 86' lang='lat' dir='ltr'>Empedocli</span> <span class='ocrx_word' id='word_1_177' title='bbox 1041 1742 1271 1793; x_wconf 82' lang='lat' dir='ltr'>caeterisque</span> <span class='ocrx_word' id='word_1_178' title='bbox 1314 1742 1382 1792; x_wconf 83' lang='lat' dir='ltr'>qui</span> 
     </span>
     <span class='ocr_line' id='line_1_27' title="bbox 318 1800 1383 1855; baseline 0 -15"><span class='ocrx_word' id='word_1_179' title='bbox 318 1803 610 1855; x_wconf 88' lang='lat' dir='ltr'>philosophiam</span> <span class='ocrx_word' id='word_1_180' title='bbox 634 1802 818 1842; x_wconf 87' lang='lat' dir='ltr'>versibus</span> <span class='ocrx_word' id='word_1_181' title='bbox 840 1802 1035 1855; x_wconf 82' lang='lat' dir='ltr'>persecuti</span> <span class='ocrx_word' id='word_1_182' title='bbox 1058 1810 1169 1840; x_wconf 88' lang='lat' dir='ltr'>erant</span> <span class='ocrx_word' id='word_1_183' title='bbox 1194 1800 1286 1855; x_wconf 87' lang='lat'>(20).</span> <span class='ocrx_word' id='word_1_184' title='bbox 1311 1801 1383 1840; x_wconf 89' lang='lat' dir='ltr'>Ne-</span> 
     </span>
     <span class='ocr_line' id='line_1_28' title="bbox 319 1861 1384 1915; baseline -0.001 -15"><span class='ocrx_word' id='word_1_185' title='bbox 319 1875 394 1912; x_wconf 90' lang='lat' dir='ltr'>que</span> <span class='ocrx_word' id='word_1_186' title='bbox 413 1863 594 1902; x_wconf 84' lang='lat' dir='ltr'>absimile</span> <span class='ocrx_word' id='word_1_187' title='bbox 617 1861 929 1915; x_wconf 84' lang='lat' dir='ltr'>praecedentibus</span> <span class='ocrx_word' id='word_1_188' title='bbox 950 1861 1049 1901; x_wconf 92' lang='lat' dir='ltr'>illud</span> <span class='ocrx_word' id='word_1_189' title='bbox 1070 1870 1128 1900; x_wconf 92' lang='lat' dir='ltr'>est</span> <span class='ocrx_word' id='word_1_190' title='bbox 1148 1861 1253 1912; x_wconf 92' lang='lat' dir='ltr'>quod</span> <span class='ocrx_word' id='word_1_191' title='bbox 1275 1861 1384 1900; x_wconf 86' lang='lat' dir='ltr'>addit</span> 
     </span>
     <span class='ocr_line' id='line_1_29' title="bbox 321 1920 1385 1974; baseline 0.001 -15"><span class='ocrx_word' id='word_1_192' title='bbox 321 1921 491 1972; x_wconf 88' lang='lat' dir='ltr'>scriptor</span> <span class='ocrx_word' id='word_1_193' title='bbox 525 1921 755 1974; x_wconf 84' lang='lat' dir='ltr'>Eudoxum,</span> <span class='ocrx_word' id='word_1_194' title='bbox 791 1921 1007 1960; x_wconf 85' lang='lat' dir='ltr'>Hesiodum</span> <span class='ocrx_word' id='word_1_195' title='bbox 1036 1929 1074 1959; x_wconf 91' lang='lat' dir='ltr'>et</span> <span class='ocrx_word' id='word_1_196' title='bbox 1100 1920 1300 1960; x_wconf 88' lang='lat' dir='ltr'>Thaletem</span> <span class='ocrx_word' id='word_1_197' title='bbox 1338 1921 1385 1960; x_wconf 90' lang='lat' dir='ltr'>de</span> 
     </span>
     <span class='ocr_line' id='line_1_30' title="bbox 320 1980 1384 2034; baseline 0 -16"><span class='ocrx_word' id='word_1_198' title='bbox 320 1981 536 2031; x_wconf 85' lang='lat' dir='ltr'>astrologia</span> <span class='ocrx_word' id='word_1_199' title='bbox 554 1981 738 2020; x_wconf 73' lang='lat' dir='ltr'>versibus</span> <span class='ocrx_word' id='word_1_200' title='bbox 768 1982 985 2034; x_wconf 86' lang='lat' dir='ltr'>scripsisse,</span> <span class='ocrx_word' id='word_1_201' title='bbox 1008 1994 1245 2033; x_wconf 89' lang='lat' dir='ltr'>quamquam</span> <span class='ocrx_word' id='word_1_202' title='bbox 1263 1980 1384 2019; x_wconf 88' lang='lat' dir='ltr'>dubi-</span> 
     </span>
     <span class='ocr_line' id='line_1_31' title="bbox 322 2041 1386 2092; baseline 0.002 -14"><span class='ocrx_word' id='word_1_203' title='bbox 322 2048 449 2079; x_wconf 87' lang='lat' dir='ltr'>tanter</span> <span class='ocrx_word' id='word_1_204' title='bbox 472 2041 554 2079; x_wconf 87' lang='lat' dir='ltr'>haec</span> <span class='ocrx_word' id='word_1_205' title='bbox 575 2042 622 2079; x_wconf 94' lang='lat' dir='ltr'>ab</span> <span class='ocrx_word' id='word_1_206' title='bbox 646 2054 692 2080; x_wconf 91' lang='lat' dir='ltr'>eo</span> <span class='ocrx_word' id='word_1_207' title='bbox 711 2041 815 2080; x_wconf 88' lang='lat' dir='ltr'>dicta</span> <span class='ocrx_word' id='word_1_208' title='bbox 830 2054 914 2080; x_wconf 93' lang='lat' dir='ltr'>esse</span> <span class='ocrx_word' id='word_1_209' title='bbox 941 2041 1112 2080; x_wconf 84' lang='lat' dir='ltr'>efficitur</span> <span class='ocrx_word' id='word_1_210' title='bbox 1140 2053 1189 2079; x_wconf 92' lang='lat' dir='ltr'>ex</span> <span class='ocrx_word' id='word_1_211' title='bbox 1218 2041 1269 2079; x_wconf 93' lang='lat' dir='ltr'>iis</span> <span class='ocrx_word' id='word_1_212' title='bbox 1299 2055 1386 2092; x_wconf 89' lang='lat' dir='ltr'>quae</span> 
     </span>
     <span class='ocr_line' id='line_1_32' title="bbox 320 2100 1384 2152; baseline 0 -14"><span class='ocrx_word' id='word_1_213' title='bbox 320 2109 539 2151; x_wconf 82' lang='lat' dir='ltr'>sequuntur</span> <span class='ocrx_word' id='word_1_214' title='bbox 565 2115 574 2139; x_wconf 90' lang='lat'>:</span> <span class='ocrx_word' id='word_1_215' title='bbox 594 2100 666 2152; x_wconf 85' lang='grc' dir='ltr'>εἴγε</span> <span class='ocrx_word' id='word_1_216' title='bbox 684 2102 808 2149; x_wconf 78' lang='grc' dir='ltr'>Θαλῆς</span> <span class='ocrx_word' id='word_1_217' title='bbox 829 2100 1008 2149; x_wconf 84' lang='grc' dir='ltr'>ἐποίησεν,</span> <span class='ocrx_word' id='word_1_218' title='bbox 1038 2103 1085 2146; x_wconf 84' lang='grc' dir='ltr'>ὡς</span> <span class='ocrx_word' id='word_1_219' title='bbox 1103 2101 1240 2147; x_wconf 79' lang='grc' dir='ltr'>ἀληθῶς</span> <span class='ocrx_word' id='word_1_220' title='bbox 1257 2101 1384 2149; x_wconf 83' lang='grc' dir='ltr'>εἰπεῖν,</span> 
     </span>
     <span class='ocr_line' id='line_1_33' title="bbox 320 2159 1386 2214; baseline 0.001 -16"><span class='ocrx_word' id='word_1_221' title='bbox 320 2159 384 2207; x_wconf 78' lang='grc' dir='ltr'>τὴν</span> <span class='ocrx_word' id='word_1_222' title='bbox 405 2161 500 2213; x_wconf 80' lang='grc' dir='ltr'>αὐτῷ</span> <span class='ocrx_word' id='word_1_223' title='bbox 521 2159 787 2214; x_wconf 78' lang='grc' dir='ltr'>ἀναφερομένην</span> <span class='ocrx_word' id='word_1_224' title='bbox 809 2159 1055 2214; x_wconf 86' lang='grc' dir='ltr'>ἀστρολογίαν.</span> <span class='ocrx_word' id='word_1_225' title='bbox 1072 2159 1213 2199; x_wconf 86' lang='lat' dir='ltr'>Suidas</span> <span class='ocrx_word' id='word_1_226' title='bbox 1229 2174 1386 2212; x_wconf 87' lang='lat' dir='ltr'>quoque</span> 
     </span>
     <span class='ocr_line' id='line_1_34' title="bbox 319 2220 1386 2273; baseline -0.001 -15"><span class='ocrx_word' id='word_1_227' title='bbox 319 2228 358 2258; x_wconf 87' lang='lat' dir='ltr'>et</span> <span class='ocrx_word' id='word_1_228' title='bbox 377 2220 548 2259; x_wconf 77' lang='lat' dir='ltr'>Eudocia</span> <span class='ocrx_word' id='word_1_229' title='bbox 567 2234 607 2273; x_wconf 91' lang='lat' dir='ltr'>p.</span> <span class='ocrx_word' id='word_1_230' title='bbox 632 2221 709 2259; x_wconf 82' lang='lat'>228</span> <span class='ocrx_word' id='word_1_231' title='bbox 731 2220 842 2272; x_wconf 87' lang='lat' dir='ltr'>ajunt</span> <span class='ocrx_word' id='word_1_232' title='bbox 858 2233 947 2259; x_wconf 90' lang='lat' dir='ltr'>eum</span> <span class='ocrx_word' id='word_1_233' title='bbox 971 2228 1274 2259; x_wconf 89' lang='lat' dir='ltr'>commentatum</span> <span class='ocrx_word' id='word_1_234' title='bbox 1301 2231 1386 2258; x_wconf 89' lang='lat' dir='ltr'>esse</span> 
     </span>
     <span class='ocr_line' id='line_1_35' title="bbox 322 2277 1386 2333; baseline 0.001 -17"><span class='ocrx_word' id='word_1_235' title='bbox 322 2278 401 2331; x_wconf 73' lang='grc' dir='ltr'>περὶ</span> <span class='ocrx_word' id='word_1_236' title='bbox 438 2277 624 2333; x_wconf 82' lang='grc' dir='ltr'>μετεώρων</span> <span class='ocrx_word' id='word_1_237' title='bbox 658 2280 692 2318; x_wconf 86' lang='grc' dir='ltr'>έν</span> <span class='ocrx_word' id='word_1_238' title='bbox 720 2278 831 2327; x_wconf 83' lang='grc' dir='ltr'>ἔπεσι,</span> <span class='ocrx_word' id='word_1_239' title='bbox 862 2278 943 2332; x_wconf 78' lang='grc' dir='ltr'>περὶ</span> <span class='ocrx_word' id='word_1_240' title='bbox 970 2279 1176 2332; x_wconf 79' lang='grc' dir='ltr'>ἰσημερίας,</span> <span class='ocrx_word' id='word_1_241' title='bbox 1212 2278 1273 2318; x_wconf 85' lang='grc' dir='ltr'>καὶ</span> <span class='ocrx_word' id='word_1_242' title='bbox 1294 2278 1386 2317; x_wconf 82' lang='grc' dir='ltr'>ἄλλα</span> 
     </span>
     <span class='ocr_line' id='line_1_36' title="bbox 321 2337 1388 2379; baseline 0 -3"><span class='ocrx_word' id='word_1_243' title='bbox 321 2337 449 2377; x_wconf 76' lang='grc' dir='ltr'>πολλοί.</span> <span class='ocrx_word' id='word_1_244' title='bbox 476 2339 527 2378; x_wconf 90' lang='lat' dir='ltr'>At</span> <span class='ocrx_word' id='word_1_245' title='bbox 552 2352 647 2378; x_wconf 87' lang='lat' dir='ltr'>vero</span> <span class='ocrx_word' id='word_1_246' title='bbox 681 2339 854 2379; x_wconf 90' lang='lat' dir='ltr'>Galenus</span> <span class='ocrx_word' id='word_1_247' title='bbox 895 2340 1113 2379; x_wconf 90' lang='lat' dir='ltr'>Comment.</span> <span class='ocrx_word' id='word_1_248' title='bbox 1141 2339 1185 2378; x_wconf 91' lang='lat' dir='ltr'>in</span> <span class='ocrx_word' id='word_1_249' title='bbox 1217 2339 1310 2378; x_wconf 88' lang='lat' dir='ltr'>libr.</span> <span class='ocrx_word' id='word_1_250' title='bbox 1340 2339 1388 2377; x_wconf 87' lang='lat' dir='ltr'>de</span> 
     </span>
     <span class='ocr_line' id='line_1_37' title="bbox 322 2397 1388 2449; baseline 0.001 -14"><span class='ocrx_word' id='word_1_251' title='bbox 322 2397 477 2438; x_wconf 90' lang='lat' dir='ltr'>humor.</span> <span class='ocrx_word' id='word_1_252' title='bbox 508 2398 539 2446; x_wconf 90' lang='lat' dir='ltr'>l,</span> <span class='ocrx_word' id='word_1_253' title='bbox 577 2413 613 2449; x_wconf 91' lang='lat'>1,</span> <span class='ocrx_word' id='word_1_254' title='bbox 653 2407 746 2440; x_wconf 89' lang='lat' dir='ltr'>tom.</span> <span class='ocrx_word' id='word_1_255' title='bbox 779 2399 880 2447; x_wconf 85' lang='lat' dir='ltr'>XVI,</span> <span class='ocrx_word' id='word_1_256' title='bbox 924 2401 972 2448; x_wconf 85' lang='lat'>37</span> <span class='ocrx_word' id='word_1_257' title='bbox 1001 2399 1063 2440; x_wconf 87' lang='lat' dir='ltr'>ed.</span> <span class='ocrx_word' id='word_1_258' title='bbox 1099 2399 1230 2438; x_wconf 80' lang='lat' dir='ltr'>Kiihn.</span> <span class='ocrx_word' id='word_1_259' title='bbox 1275 2399 1388 2437; x_wconf 79' lang='lat' dir='ltr'>afi’ert</span> 
     </span>
     <span class='ocr_line' id='line_1_38' title="bbox 323 2457 1386 2511; baseline 0.002 -17"><span class='ocrx_word' id='word_1_260' title='bbox 323 2457 498 2497; x_wconf 82' lang='lat' dir='ltr'>Thaletis</span> <span class='ocrx_word' id='word_1_261' title='bbox 514 2458 645 2497; x_wconf 87' lang='lat' dir='ltr'>locum</span> <span class='ocrx_word' id='word_1_262' title='bbox 662 2472 683 2498; x_wconf 93' lang='lat' dir='ltr'>e</span> <span class='ocrx_word' id='word_1_263' title='bbox 701 2459 874 2498; x_wconf 89' lang='lat' dir='ltr'>secundo</span> <span class='ocrx_word' id='word_1_264' title='bbox 898 2459 946 2497; x_wconf 92' lang='lat' dir='ltr'>de</span> <span class='ocrx_word' id='word_1_265' title='bbox 968 2459 1182 2511; x_wconf 87' lang='lat' dir='ltr'>Principiis</span> <span class='ocrx_word' id='word_1_266' title='bbox 1199 2458 1302 2510; x_wconf 82' lang='grc' dir='ltr'>(περὶ</span> <span class='ocrx_word' id='word_1_267' title='bbox 1323 2460 1386 2510; x_wconf 83' lang='grc' dir='ltr'>ἀρ-</span> 
     </span>
    </p>
   </div>
   <div class='ocr_carea' id='block_1_3' title="bbox 328 2680 1387 2777">
    <p class='ocr_par' dir='ltr' id='par_1_4' title="bbox 328 2680 1387 2777">
     <span class='ocr_line' id='line_1_39' title="bbox 371 2680 1382 2728; baseline 0.008 -16"><span class='ocrx_word' id='word_1_268' title='bbox 371 2680 437 2722; x_wconf 84' lang='grc'>(17)</span> <span class='ocrx_word' id='word_1_269' title='bbox 460 2681 609 2714; x_wconf 86' lang='lat' dir='ltr'>Valerius</span> <span class='ocrx_word' id='word_1_270' title='bbox 625 2683 787 2715; x_wconf 82' lang='lat' dir='ltr'>Maximus</span> <span class='ocrx_word' id='word_1_271' title='bbox 807 2683 867 2716; x_wconf 86' lang='lat' dir='ltr'>lib.</span> <span class='ocrx_word' id='word_1_272' title='bbox 897 2686 943 2717; x_wconf 88' lang='lat' dir='ltr'>IV</span> <span class='ocrx_word' id='word_1_273' title='bbox 967 2694 1036 2727; x_wconf 83' lang='lat' dir='ltr'>cap.</span> <span class='ocrx_word' id='word_1_274' title='bbox 1057 2688 1091 2728; x_wconf 87' lang='lat'>1;</span> <span class='ocrx_word' id='word_1_275' title='bbox 1121 2686 1274 2728; x_wconf 85' lang='lat' dir='ltr'>Diogenes</span> <span class='ocrx_word' id='word_1_276' title='bbox 1289 2689 1382 2720; x_wconf 86' lang='lat' dir='ltr'>Laer-</span> 
     </span>
     <span class='ocr_line' id='line_1_40' title="bbox 328 2728 1387 2777; baseline 0.008 -18"><span class='ocrx_word' id='word_1_277' title='bbox 328 2728 393 2760; x_wconf 85' lang='lat' dir='ltr'>tius</span> <span class='ocrx_word' id='word_1_278' title='bbox 411 2729 463 2761; x_wconf 90' lang='lat' dir='ltr'>lib.</span> <span class='ocrx_word' id='word_1_279' title='bbox 486 2730 513 2769; x_wconf 89' lang='lat' dir='ltr'>I,</span> <span class='ocrx_word' id='word_1_280' title='bbox 539 2734 597 2769; x_wconf 81' lang='lat'>283</span> <span class='ocrx_word' id='word_1_281' title='bbox 612 2731 803 2763; x_wconf 82' lang='lat' dir='ltr'>Plutarchus</span> <span class='ocrx_word' id='word_1_282' title='bbox 819 2733 886 2764; x_wconf 81' lang='lat' dir='ltr'>vit.</span> <span class='ocrx_word' id='word_1_283' title='bbox 907 2733 1019 2766; x_wconf 91' lang='lat' dir='ltr'>Solon.</span> <span class='ocrx_word' id='word_1_284' title='bbox 1038 2743 1108 2775; x_wconf 86' lang='lat' dir='ltr'>cap.</span> <span class='ocrx_word' id='word_1_285' title='bbox 1132 2737 1171 2776; x_wconf 80' lang='lat'>43</span> <span class='ocrx_word' id='word_1_286' title='bbox 1188 2735 1387 2777; x_wconf 82' lang='lat' dir='ltr'>Porphyrius</span> 
     </span>
    </p>
   </div>
   <div class='ocr_carea' id='block_1_4' title="bbox 326 2775 1385 2857">
    <p class='ocr_par' dir='ltr' id='par_1_5' title="bbox 326 2775 1385 2857">
     <span class='ocr_line' id='line_1_41' title="bbox 326 2775 1385 2857; baseline 0.009 -50"><span class='ocrx_word' id='word_1_287' title='bbox 326 2775 415 2856; x_wconf 40' lang='lat' dir='ltr'>{pugi</span> <span class='ocrx_word' id='word_1_288' title='bbox 434 2777 592 2857; x_wconf 52' lang='lat' dir='ltr'>Cyriglum</span> <span class='ocrx_word' id='word_1_289' title='bbox 606 2777 664 2810; x_wconf 87' lang='lat' dir='ltr'>lib·</span> <span class='ocrx_word' id='word_1_290' title='bbox 679 2780 691 2811; x_wconf 92' lang='lat'><em>1</em></span> <span class='ocrx_word' id='word_1_291' title='bbox 708 2782 813 2811; x_wconf 84' lang='lat' dir='ltr'>contr.</span> <span class='ocrx_word' id='word_1_292' title='bbox 829 2781 963 2821; x_wconf 66' lang='lat' dir='ltr'>Julian„</span> <span class='ocrx_word' id='word_1_293' title='bbox 977 2782 1150 2816; x_wconf 69' lang='lat' dir='ltr'>Scholiast.</span> <span class='ocrx_word' id='word_1_294' title='bbox 1168 2783 1208 2815; x_wconf 84' lang='lat' dir='ltr'>ad</span> <span class='ocrx_word' id='word_1_295' title='bbox 1220 2783 1385 2825; x_wconf 86' lang='lat' dir='ltr'>Aristoph.</span> 
     </span>
     <span class='ocr_line' id='line_1_42' title="bbox 368 2833 537 2857; baseline 0.012 -2"><span class='ocrx_word' id='word_1_296' title='bbox 368 2834 386 2855; x_wconf 92' lang='lat' dir='ltr'>u</span> <span class='ocrx_word' id='word_1_297' title='bbox 406 2848 414 2855; x_wconf 90' lang='lat'>.</span> <span class='ocrx_word' id='word_1_298' title='bbox 438 2833 484 2856; x_wconf 84' lang='lat' dir='ltr'>vs.</span> <span class='ocrx_word' id='word_1_299' title='bbox 529 2849 537 2857; x_wconf 92' lang='lat'>.</span> 
     </span>
    </p>
   </div>
   <div class='ocr_carea' id='block_1_5' title="bbox 326 2872 1391 3540">
    <p class='ocr_par' dir='ltr' id='par_1_6' title="bbox 326 2872 1390 3293">
     <span class='ocr_line' id='line_1_43' title="bbox 371 2872 1389 2921; baseline 0.009 -18"><span class='ocrx_word' id='word_1_300' title='bbox 371 2872 436 2912; x_wconf 87' lang='lat'>(18)</span> <span class='ocrx_word' id='word_1_301' title='bbox 459 2872 617 2913; x_wconf 83' lang='lat' dir='ltr'>Diogenes</span> <span class='ocrx_word' id='word_1_302' title='bbox 635 2873 780 2906; x_wconf 85' lang='lat' dir='ltr'>Laertius</span> <span class='ocrx_word' id='word_1_303' title='bbox 795 2875 851 2908; x_wconf 34' lang='lat' dir='ltr'>lib.</span> <span class='ocrx_word' id='word_1_304' title='bbox 877 2878 906 2915; x_wconf 88' lang='grc' dir='ltr'>Ι,</span> <span class='ocrx_word' id='word_1_305' title='bbox 925 2881 963 2910; x_wconf 84' lang='grc'>23</span> <span class='ocrx_word' id='word_1_306' title='bbox 985 2886 993 2909; x_wconf 88' lang='lat'>:</span> <span class='ocrx_word' id='word_1_307' title='bbox 1017 2878 1108 2910; x_wconf 84' lang='grc' dir='ltr'>Κατά</span> <span class='ocrx_word' id='word_1_308' title='bbox 1131 2890 1214 2917; x_wconf 78' lang='grc' dir='ltr'>τινας</span> <span class='ocrx_word' id='word_1_309' title='bbox 1234 2879 1288 2920; x_wconf 85' lang='grc' dir='ltr'>μὲν</span> <span class='ocrx_word' id='word_1_310' title='bbox 1310 2879 1389 2921; x_wconf 79' lang='grc' dir='ltr'>σύγ-</span> 
     </span>
     <span class='ocr_line' id='line_1_44' title="bbox 326 2920 1390 2969; baseline 0.008 -19"><span class='ocrx_word' id='word_1_311' title='bbox 326 2929 458 2960; x_wconf 75' lang='grc' dir='ltr'>γραμμα</span> <span class='ocrx_word' id='word_1_312' title='bbox 476 2920 640 2952; x_wconf 81' lang='grc' dir='ltr'>κατέλιπεν</span> <span class='ocrx_word' id='word_1_313' title='bbox 654 2921 741 2953; x_wconf 83' lang='grc' dir='ltr'>οὐδέν</span> <span class='ocrx_word' id='word_1_314' title='bbox 753 2930 760 2938; x_wconf 87' lang='grc'><em>·</em></span> <span class='ocrx_word' id='word_1_315' title='bbox 775 2924 794 2960; x_wconf 83' lang='grc' dir='ltr'>ἠ</span> <span class='ocrx_word' id='word_1_316' title='bbox 811 2923 871 2965; x_wconf 88' lang='grc' dir='ltr'>γὰρ</span> <span class='ocrx_word' id='word_1_317' title='bbox 886 2925 927 2961; x_wconf 80' lang='grc' dir='ltr'>εἷς</span> <span class='ocrx_word' id='word_1_318' title='bbox 944 2925 1036 2957; x_wconf 83' lang='grc' dir='ltr'>αὐτὸν</span> <span class='ocrx_word' id='word_1_319' title='bbox 1056 2926 1266 2969; x_wconf 56' lang='grc' dir='ltr'>ἀναζερομένη</span> <span class='ocrx_word' id='word_1_320' title='bbox 1281 2929 1390 2960; x_wconf 83' lang='grc' dir='ltr'>Ναυτι-</span> 
     </span>
     <span class='ocr_line' id='line_1_45' title="bbox 328 2966 1389 3014; baseline 0.009 -17"><span class='ocrx_word' id='word_1_321' title='bbox 328 2967 369 3004; x_wconf 81' lang='grc' dir='ltr'>κὴ</span> <span class='ocrx_word' id='word_1_322' title='bbox 386 2966 586 3008; x_wconf 82' lang='grc' dir='ltr'>Ἀστρολογία</span> <span class='ocrx_word' id='word_1_323' title='bbox 599 2968 718 3000; x_wconf 82' lang='grc' dir='ltr'>Φώκου</span> <span class='ocrx_word' id='word_1_324' title='bbox 737 2969 859 3009; x_wconf 86' lang='grc' dir='ltr'>λέγεται</span> <span class='ocrx_word' id='word_1_325' title='bbox 876 2970 954 3003; x_wconf 82' lang='grc' dir='ltr'>εἶναι</span> <span class='ocrx_word' id='word_1_326' title='bbox 971 2975 1027 3004; x_wconf 82' lang='grc' dir='ltr'>τοῦ</span> <span class='ocrx_word' id='word_1_327' title='bbox 1051 2973 1182 3014; x_wconf 81' lang='grc' dir='ltr'><strong>Σαμίου.</strong></span> <span class='ocrx_word' id='word_1_328' title='bbox 1202 2974 1293 3006; x_wconf 86' lang='grc' dir='ltr'>Κατά</span> <span class='ocrx_word' id='word_1_329' title='bbox 1304 2986 1389 3012; x_wconf 88' lang='grc' dir='ltr'>τινας</span> 
     </span>
     <span class='ocr_line' id='line_1_46' title="bbox 328 3012 1389 3061; baseline 0.01 -18"><span class='ocrx_word' id='word_1_330' title='bbox 328 3013 360 3045; x_wconf 84' lang='grc' dir='ltr'>δὲ</span> <span class='ocrx_word' id='word_1_331' title='bbox 379 3013 434 3045; x_wconf 75' lang='grc' dir='ltr'>δύο</span> <span class='ocrx_word' id='word_1_332' title='bbox 450 3012 531 3055; x_wconf 81' lang='grc' dir='ltr'>μόνα</span> <span class='ocrx_word' id='word_1_333' title='bbox 551 3014 742 3057; x_wconf 80' lang='grc' dir='ltr'>συνέγραψε,</span> <span class='ocrx_word' id='word_1_334' title='bbox 758 3017 833 3058; x_wconf 75' lang='grc' dir='ltr'>Περὶ</span> <span class='ocrx_word' id='word_1_335' title='bbox 852 3021 968 3059; x_wconf 83' lang='grc' dir='ltr'>τροπῆς</span> <span class='ocrx_word' id='word_1_336' title='bbox 982 3019 1035 3051; x_wconf 79' lang='grc' dir='ltr'>καὶ</span> <span class='ocrx_word' id='word_1_337' title='bbox 1057 3019 1239 3061; x_wconf 83' lang='grc' dir='ltr'>ἰσημερίας,</span> <span class='ocrx_word' id='word_1_338' title='bbox 1254 3021 1294 3054; x_wconf 81' lang='grc' dir='ltr'>τὰ</span> <span class='ocrx_word' id='word_1_339' title='bbox 1310 3022 1389 3054; x_wconf 86' lang='grc' dir='ltr'>ἄλλα</span> 
     </span>
     <span class='ocr_line' id='line_1_47' title="bbox 331 3060 1388 3107; baseline 0.01 -16"><span class='ocrx_word' id='word_1_340' title='bbox 331 3060 516 3098; x_wconf 75' lang='grc' dir='ltr'>καταληπτὰ</span> <span class='ocrx_word' id='word_1_341' title='bbox 548 3061 625 3094; x_wconf 82' lang='grc' dir='ltr'>εἶναι</span> <span class='ocrx_word' id='word_1_342' title='bbox 655 3063 839 3104; x_wconf 80' lang='grc' dir='ltr'>δοκιμάσας.</span> <span class='ocrx_word' id='word_1_343' title='bbox 867 3065 1047 3098; x_wconf 81' lang='lat' dir='ltr'>Alexander</span> <span class='ocrx_word' id='word_1_344' title='bbox 1070 3067 1324 3107; x_wconf 86' lang='lat' dir='ltr'>Aphrodisiensis</span> <span class='ocrx_word' id='word_1_345' title='bbox 1356 3070 1388 3102; x_wconf 92' lang='lat' dir='ltr'>in</span> 
     </span>
     <span class='ocr_line' id='line_1_48' title="bbox 332 3106 1387 3154; baseline 0.014 -19"><span class='ocrx_word' id='word_1_346' title='bbox 332 3106 471 3147; x_wconf 75' lang='lat' dir='ltr'>metaph.</span> <span class='ocrx_word' id='word_1_347' title='bbox 490 3115 520 3148; x_wconf 83' lang='grc' dir='ltr'>ρ.</span> <span class='ocrx_word' id='word_1_348' title='bbox 544 3112 580 3140; x_wconf 96' lang='grc'>21</span> <span class='ocrx_word' id='word_1_349' title='bbox 601 3108 653 3141; x_wconf 87' lang='lat' dir='ltr'>ed.</span> <span class='ocrx_word' id='word_1_350' title='bbox 673 3110 786 3142; x_wconf 82' lang='lat' dir='ltr'>Bonitz</span> <span class='ocrx_word' id='word_1_351' title='bbox 809 3123 816 3143; x_wconf 76' lang='lat' dir='ltr'><strong><em>z</em></strong></span> <span class='ocrx_word' id='word_1_352' title='bbox 837 3112 991 3151; x_wconf 81' lang='grc' dir='ltr'>Θαλῆς-</span> <span class='ocrx_word' id='word_1_353' title='bbox 1004 3114 1104 3152; x_wconf 85' lang='grc' dir='ltr'>αἰτίας</span> <span class='ocrx_word' id='word_1_354' title='bbox 1129 3128 1145 3143; x_wconf 88' lang='lat'>«</span> <span class='ocrx_word' id='word_1_355' title='bbox 1163 3116 1291 3154; x_wconf 78' lang='grc' dir='ltr'>εἰκότως</span> <span class='ocrx_word' id='word_1_356' title='bbox 1309 3118 1344 3150; x_wconf 89' lang='grc' dir='ltr'>τὸ</span> <span class='ocrx_word' id='word_1_357' title='bbox 1371 3130 1387 3146; x_wconf 75' lang='lat' dir='ltr'><strong>n</strong></span> 
     </span>
     <span class='ocr_line' id='line_1_49' title="bbox 327 3152 1390 3206; baseline 0.012 -22"><span class='ocrx_word' id='word_1_358' title='bbox 327 3152 448 3193; x_wconf 77' lang='grc' dir='ltr'>λέγεται</span> <span class='ocrx_word' id='word_1_359' title='bbox 474 3155 572 3192; x_wconf 77' lang='grc' dir='ltr'>οὕτως</span> <span class='ocrx_word' id='word_1_360' title='bbox 595 3156 825 3196; x_wconf 74' lang='grc' dir='ltr'>ἀποφήνασθαι.</span> <span class='ocrx_word' id='word_1_361' title='bbox 858 3172 873 3186; x_wconf 84' lang='lat'>«</span> <span class='ocrx_word' id='word_1_362' title='bbox 899 3161 996 3193; x_wconf 79' lang='grc' dir='ltr'>Οὐδὲν</span> <span class='ocrx_word' id='word_1_363' title='bbox 1017 3162 1076 3203; x_wconf 77' lang='grc' dir='ltr'>γὰρ</span> <span class='ocrx_word' id='word_1_364' title='bbox 1095 3165 1276 3206; x_wconf 67' lang='grc' dir='ltr'>προφέρεται</span> <span class='ocrx_word' id='word_1_365' title='bbox 1294 3165 1390 3197; x_wconf 81' lang='grc' dir='ltr'>αὐτοῦ</span> 
     </span>
     <span class='ocr_line' id='line_1_50' title="bbox 329 3200 1389 3253; baseline 0.013 -22"><span class='ocrx_word' id='word_1_366' title='bbox 329 3200 540 3244; x_wconf 73' lang='grc' dir='ltr'>σύγγραμμα,</span> <span class='ocrx_word' id='word_1_367' title='bbox 564 3203 595 3240; x_wconf 82' lang='grc' dir='ltr'>ἐξ</span> <span class='ocrx_word' id='word_1_368' title='bbox 626 3204 663 3236; x_wconf 79' lang='grc' dir='ltr'>οὗ</span> <span class='ocrx_word' id='word_1_369' title='bbox 692 3216 737 3242; x_wconf 86' lang='grc' dir='ltr'>τις</span> <span class='ocrx_word' id='word_1_370' title='bbox 757 3206 793 3238; x_wconf 87' lang='grc' dir='ltr'>τὸ</span> <span class='ocrx_word' id='word_1_371' title='bbox 821 3207 946 3248; x_wconf 78' lang='grc' dir='ltr'>βέὸαιον</span> <span class='ocrx_word' id='word_1_372' title='bbox 978 3209 1036 3246; x_wconf 79' lang='grc' dir='ltr'>ἕξει</span> <span class='ocrx_word' id='word_1_373' title='bbox 1053 3213 1107 3242; x_wconf 85' lang='grc' dir='ltr'>τοῦ</span> <span class='ocrx_word' id='word_1_374' title='bbox 1126 3214 1226 3243; x_wconf 80' lang='grc' dir='ltr'>ταῦτα</span> <span class='ocrx_word' id='word_1_375' title='bbox 1243 3213 1389 3253; x_wconf 84' lang='grc' dir='ltr'>λέγεσθαι</span> 
     </span>
     <span class='ocr_line' id='line_1_51' title="bbox 329 3250 865 3293; baseline 0.015 -14"><span class='ocrx_word' id='word_1_376' title='bbox 329 3251 438 3281; x_wconf 84' lang='grc' dir='ltr'>τοῦτον</span> <span class='ocrx_word' id='word_1_377' title='bbox 457 3250 510 3282; x_wconf 85' lang='grc' dir='ltr'>τὸν</span> <span class='ocrx_word' id='word_1_378' title='bbox 526 3251 640 3293; x_wconf 79' lang='grc' dir='ltr'>τρόπον</span> <span class='ocrx_word' id='word_1_379' title='bbox 655 3252 708 3284; x_wconf 76' lang='grc' dir='ltr'>ὑπ’</span> <span class='ocrx_word' id='word_1_380' title='bbox 724 3253 832 3286; x_wconf 84' lang='grc' dir='ltr'>αὐτοῦ.</span> <span class='ocrx_word' id='word_1_381' title='bbox 850 3268 865 3283; x_wconf 80' lang='grc' dir='ltr'>υ</span> 
     </span>
    </p>

    <p class='ocr_par' dir='ltr' id='par_1_7' title="bbox 332 3296 1391 3391">
     <span class='ocr_line' id='line_1_52' title="bbox 375 3296 1391 3349; baseline 0.013 -21"><span class='ocrx_word' id='word_1_382' title='bbox 375 3296 440 3338; x_wconf 87' lang='grc'>(19)</span> <span class='ocrx_word' id='word_1_383' title='bbox 454 3298 610 3339; x_wconf 86' lang='lat' dir='ltr'>Diogenes</span> <span class='ocrx_word' id='word_1_384' title='bbox 624 3301 769 3333; x_wconf 87' lang='lat' dir='ltr'>Laertius</span> <span class='ocrx_word' id='word_1_385' title='bbox 787 3302 845 3334; x_wconf 87' lang='lat' dir='ltr'>lib.</span> <span class='ocrx_word' id='word_1_386' title='bbox 874 3305 899 3341; x_wconf 85' lang='lat'>1,</span> <span class='ocrx_word' id='word_1_387' title='bbox 919 3306 957 3336; x_wconf 85' lang='lat'>34</span> <span class='ocrx_word' id='word_1_388' title='bbox 972 3314 983 3336; x_wconf 87' lang='lat'>.·</span> <span class='ocrx_word' id='word_1_389' title='bbox 1002 3305 1050 3336; x_wconf 80' lang='grc' dir='ltr'>Τὰ</span> <span class='ocrx_word' id='word_1_390' title='bbox 1069 3306 1100 3337; x_wconf 77' lang='grc' dir='ltr'>δὲ</span> <span class='ocrx_word' id='word_1_391' title='bbox 1117 3308 1316 3349; x_wconf 74' lang='grc' dir='ltr'>γεγραμμένα</span> <span class='ocrx_word' id='word_1_392' title='bbox 1337 3308 1391 3341; x_wconf 78' lang='grc' dir='ltr'>ὑπ’</span> 
     </span>
     <span class='ocr_line' id='line_1_53' title="bbox 332 3343 1269 3391; baseline 0.013 -16"><span class='ocrx_word' id='word_1_393' title='bbox 332 3343 427 3376; x_wconf 79' lang='grc' dir='ltr'>αὐτοῦ</span> <span class='ocrx_word' id='word_1_394' title='bbox 449 3356 524 3386; x_wconf 84' lang='grc' dir='ltr'>φησι</span> <span class='ocrx_word' id='word_1_395' title='bbox 537 3346 651 3379; x_wconf 76' lang='grc' dir='ltr'>Λόὅων</span> <span class='ocrx_word' id='word_1_396' title='bbox 670 3348 687 3379; x_wconf 89' lang='grc' dir='ltr'><strong>ὁ</strong></span> <span class='ocrx_word' id='word_1_397' title='bbox 703 3346 834 3391; x_wconf 79' lang='grc' dir='ltr'>Ἁργεῖος</span> <span class='ocrx_word' id='word_1_398' title='bbox 847 3351 888 3388; x_wconf 80' lang='grc' dir='ltr'>εἷς</span> <span class='ocrx_word' id='word_1_399' title='bbox 906 3351 965 3390; x_wconf 80' lang='grc' dir='ltr'>ἔπη</span> <span class='ocrx_word' id='word_1_400' title='bbox 987 3352 1094 3385; x_wconf 81' lang='grc' dir='ltr'>τείνειν</span> <span class='ocrx_word' id='word_1_401' title='bbox 1111 3355 1269 3388; x_wconf 73' lang='grc' dir='ltr'>διακόσια.</span> 
     </span>
    </p>

    <p class='ocr_par' dir='ltr' id='par_1_8' title="bbox 333 3391 1391 3540">
     <span class='ocr_line' id='line_1_54' title="bbox 375 3391 1390 3446; baseline 0.013 -22"><span class='ocrx_word' id='word_1_402' title='bbox 375 3391 441 3434; x_wconf 87' lang='grc' dir='ltr'>(2ο)</span> <span class='ocrx_word' id='word_1_403' title='bbox 469 3392 662 3427; x_wconf 83' lang='lat' dir='ltr'>Plutarchus</span> <span class='ocrx_word' id='word_1_404' title='bbox 685 3395 725 3428; x_wconf 87' lang='lat' dir='ltr'>de</span> <span class='ocrx_word' id='word_1_405' title='bbox 745 3397 871 3438; x_wconf 79' lang='lat' dir='ltr'>Pythiae</span> <span class='ocrx_word' id='word_1_406' title='bbox 897 3400 1036 3432; x_wconf 89' lang='lat' dir='ltr'>oraculis</span> <span class='ocrx_word' id='word_1_407' title='bbox 1053 3409 1124 3442; x_wconf 87' lang='lat' dir='ltr'>cap.</span> <span class='ocrx_word' id='word_1_408' title='bbox 1144 3406 1180 3435; x_wconf 80' lang='lat'>18</span> <span class='ocrx_word' id='word_1_409' title='bbox 1202 3415 1209 3435; x_wconf 75' lang='grc' dir='ltr'>ι</span> <span class='ocrx_word' id='word_1_410' title='bbox 1230 3403 1311 3436; x_wconf 80' lang='grc' dir='ltr'>Οὐδὲ</span> <span class='ocrx_word' id='word_1_411' title='bbox 1330 3404 1390 3446; x_wconf 78' lang='grc' dir='ltr'>γὰρ</span> 
     </span>
     <span class='ocr_line' id='line_1_55' title="bbox 333 3440 1391 3490; baseline 0.012 -19"><span class='ocrx_word' id='word_1_412' title='bbox 333 3440 513 3481; x_wconf 71' lang='grc' dir='ltr'>φιλοσοφίαν</span> <span class='ocrx_word' id='word_1_413' title='bbox 529 3441 787 3486; x_wconf 83' lang='grc' dir='ltr'>ἀπεγινώσκομεν</span> <span class='ocrx_word' id='word_1_414' title='bbox 802 3447 842 3483; x_wconf 81' lang='grc' dir='ltr'>ὡς</span> <span class='ocrx_word' id='word_1_415' title='bbox 858 3446 1050 3490; x_wconf 74' lang='grc' dir='ltr'>ἀνῃρημένην</span> <span class='ocrx_word' id='word_1_416' title='bbox 1064 3449 1243 3483; x_wconf 80' lang='grc' dir='ltr'>παντάπασι</span> <span class='ocrx_word' id='word_1_417' title='bbox 1257 3453 1309 3483; x_wconf 88' lang='grc' dir='ltr'>καὶ</span> <span class='ocrx_word' id='word_1_418' title='bbox 1332 3453 1391 3484; x_wconf 81' lang='grc' dir='ltr'>διε-</span> 
     </span>
     <span class='ocr_line' id='line_1_56' title="bbox 334 3489 1388 3540; baseline 0.012 -21"><span class='ocrx_word' id='word_1_419' title='bbox 334 3489 490 3531; x_wconf 56' lang='grc' dir='ltr'>φθορυῖαν,</span> <span class='ocrx_word' id='word_1_420' title='bbox 512 3490 558 3523; x_wconf 79' lang='grc' dir='ltr'>ὅτι</span> <span class='ocrx_word' id='word_1_421' title='bbox 574 3491 722 3534; x_wconf 67' lang='grc' dir='ltr'>πρότερον</span> <span class='ocrx_word' id='word_1_422' title='bbox 735 3493 789 3534; x_wconf 83' lang='grc' dir='ltr'>μὲν</span> <span class='ocrx_word' id='word_1_423' title='bbox 808 3494 837 3526; x_wconf 83' lang='grc' dir='ltr'>ἐν</span> <span class='ocrx_word' id='word_1_424' title='bbox 854 3496 1026 3537; x_wconf 75' lang='grc' dir='ltr'>ποιήμασιν</span> <span class='ocrx_word' id='word_1_425' title='bbox 1051 3496 1187 3539; x_wconf 69' lang='grc' dir='ltr'>ἐξέφερον</span> <span class='ocrx_word' id='word_1_426' title='bbox 1211 3500 1238 3530; x_wconf 77' lang='grc' dir='ltr'>οἱ</span> <span class='ocrx_word' id='word_1_427' title='bbox 1260 3499 1388 3540; x_wconf 72' lang='grc' dir='ltr'>φιλόσο-</span> 
     </span>
    </p>
   </div>
   <div class='ocr_carea' id='block_1_6' title="bbox 1417 2906 1423 3521">
    <p class='ocr_par' dir='ltr' id='par_1_9' title="bbox 1417 2906 1423 3521">
     <span class='ocr_line' id='line_1_57' title="bbox 1417 2906 1423 3521; baseline 0 0"><span class='ocrx_word' id='word_1_428' title='bbox 1417 2906 1423 3521; x_wconf 95' lang='lat' dir='ltr'> </span> 
     </span>
    </p>
   </div>
   <div class='ocr_carea' id='block_1_7' title="bbox 1436 307 2571 1078">
    <p class='ocr_par' dir='ltr' id='par_1_10' title="bbox 1436 307 2571 1078">
     <span class='ocr_line' id='line_1_58' title="bbox 1436 307 2559 364; baseline 0.004 -17"><span class='ocrx_word' id='word_1_429' title='bbox 1436 309 1527 362; x_wconf 82' lang='grc' dir='ltr'>χῶν)</span> <span class='ocrx_word' id='word_1_430' title='bbox 1549 307 1656 347; x_wconf 88' lang='lat' dir='ltr'>libro</span> <span class='ocrx_word' id='word_1_431' title='bbox 1673 308 1847 361; x_wconf 88' lang='lat' dir='ltr'>pedestri</span> <span class='ocrx_word' id='word_1_432' title='bbox 1873 309 2054 348; x_wconf 88' lang='lat' dir='ltr'>oratione</span> <span class='ocrx_word' id='word_1_433' title='bbox 2074 309 2264 362; x_wconf 86' lang='lat' dir='ltr'>scriptum</span> <span class='ocrx_word' id='word_1_434' title='bbox 2291 309 2396 364; x_wconf 82' lang='lat'>(21);</span> <span class='ocrx_word' id='word_1_435' title='bbox 2414 323 2504 364; x_wconf 76' lang='lat' dir='ltr'>quae</span> <span class='ocrx_word' id='word_1_436' title='bbox 2558 327 2559 330; x_wconf 49' lang='lat'>¹</span> 
     </span>
     <span class='ocr_line' id='line_1_59' title="bbox 1438 368 2555 422; baseline 0.004 -15"><span class='ocrx_word' id='word_1_437' title='bbox 1438 382 1499 408; x_wconf 90' lang='lat' dir='ltr'>res</span> <span class='ocrx_word' id='word_1_438' title='bbox 1519 381 1566 408; x_wconf 91' lang='lat' dir='ltr'>eo</span> <span class='ocrx_word' id='word_1_439' title='bbox 1581 368 1807 408; x_wconf 86' lang='lat' dir='ltr'>mirabilior</span> <span class='ocrx_word' id='word_1_440' title='bbox 1825 369 1940 408; x_wconf 88' lang='lat' dir='ltr'>debet</span> <span class='ocrx_word' id='word_1_441' title='bbox 1959 369 2109 420; x_wconf 88' lang='lat' dir='ltr'>videri,</span> <span class='ocrx_word' id='word_1_442' title='bbox 2136 370 2244 422; x_wconf 90' lang='lat' dir='ltr'>quod</span> <span class='ocrx_word' id='word_1_443' title='bbox 2263 370 2367 411; x_wconf 90' lang='lat' dir='ltr'>idem</span> <span class='ocrx_word' id='word_1_444' title='bbox 2384 371 2504 412; x_wconf 87' lang='lat' dir='ltr'>Com·</span> <span class='ocrx_word' id='word_1_445' title='bbox 2554 389 2555 392; x_wconf 47' lang='lat'>¹</span> 
     </span>
     <span class='ocr_line' id='line_1_60' title="bbox 1439 428 2562 482; baseline 0.007 -16"><span class='ocrx_word' id='word_1_446' title='bbox 1439 437 1555 467; x_wconf 92' lang='lat' dir='ltr'>ment.</span> <span class='ocrx_word' id='word_1_447' title='bbox 1578 428 1593 466; x_wconf 89' lang='lat' dir='ltr'>l</span> <span class='ocrx_word' id='word_1_448' title='bbox 1617 429 1658 467; x_wconf 93' lang='lat' dir='ltr'>in</span> <span class='ocrx_word' id='word_1_449' title='bbox 1678 428 1771 468; x_wconf 84' lang='lat' dir='ltr'>libr.</span> <span class='ocrx_word' id='word_1_450' title='bbox 1794 429 1842 469; x_wconf 89' lang='lat' dir='ltr'>de</span> <span class='ocrx_word' id='word_1_451' title='bbox 1863 429 1947 469; x_wconf 87' lang='lat' dir='ltr'>Nat.</span> <span class='ocrx_word' id='word_1_452' title='bbox 1969 430 2080 471; x_wconf 91' lang='lat' dir='ltr'>hum.</span> <span class='ocrx_word' id='word_1_453' title='bbox 2099 431 2148 469; x_wconf 84' lang='lat'>26</span> <span class='ocrx_word' id='word_1_454' title='bbox 2161 430 2207 482; x_wconf 89' lang='grc'>(1,</span> <span class='ocrx_word' id='word_1_455' title='bbox 2234 445 2270 480; x_wconf 84' lang='lat'>1,</span> <span class='ocrx_word' id='word_1_456' title='bbox 2294 431 2380 480; x_wconf 76' lang='lat'>125,</span> <span class='ocrx_word' id='word_1_457' title='bbox 2408 440 2503 474; x_wconf 84' lang='lat' dir='ltr'>tom.</span> <span class='ocrx_word' id='word_1_458' title='bbox 2560 456 2562 458; x_wconf 96' lang='lat'>·</span> 
     </span>
     <span class='ocr_line' id='line_1_61' title="bbox 1439 487 2506 544; baseline 0.005 -19"><span class='ocrx_word' id='word_1_459' title='bbox 1439 487 1519 536; x_wconf 89' lang='lat' dir='ltr'>XV,</span> <span class='ocrx_word' id='word_1_460' title='bbox 1543 488 1607 539; x_wconf 86' lang='grc'>69)</span> <span class='ocrx_word' id='word_1_461' title='bbox 1626 498 1741 539; x_wconf 82' lang='lat' dir='ltr'>negat</span> <span class='ocrx_word' id='word_1_462' title='bbox 1752 488 1928 529; x_wconf 89' lang='lat' dir='ltr'>Thaletis</span> <span class='ocrx_word' id='word_1_463' title='bbox 1942 489 1990 529; x_wconf 87' lang='lat' dir='ltr'>de</span> <span class='ocrx_word' id='word_1_464' title='bbox 2004 502 2119 542; x_wconf 88' lang='lat' dir='ltr'>aqua,</span> <span class='ocrx_word' id='word_1_465' title='bbox 2144 490 2274 543; x_wconf 88' lang='lat' dir='ltr'>primo</span> <span class='ocrx_word' id='word_1_466' title='bbox 2292 490 2506 544; x_wconf 87' lang='lat' dir='ltr'>principio,</span> 
     </span>
     <span class='ocr_line' id='line_1_62' title="bbox 1439 548 2504 603; baseline 0.005 -18"><span class='ocrx_word' id='word_1_467' title='bbox 1439 548 1670 586; x_wconf 82' lang='lat' dir='ltr'>sententiam</span> <span class='ocrx_word' id='word_1_468' title='bbox 1703 549 1742 587; x_wconf 82' lang='grc' dir='ltr'>ἐκ</span> <span class='ocrx_word' id='word_1_469' title='bbox 1777 548 2054 603; x_wconf 78' lang='grc' dir='ltr'>συγγράμματος</span> <span class='ocrx_word' id='word_1_470' title='bbox 2085 550 2193 588; x_wconf 78' lang='grc' dir='ltr'>αὐτοῦ</span> <span class='ocrx_word' id='word_1_471' title='bbox 2222 563 2338 602; x_wconf 85' lang='lat' dir='ltr'>posse</span> <span class='ocrx_word' id='word_1_472' title='bbox 2373 558 2504 590; x_wconf 76' lang='lat' dir='ltr'>osten·</span> 
     </span>
     <span class='ocr_line' id='line_1_63' title="bbox 1439 605 2569 661; baseline 0.006 -17"><span class='ocrx_word' id='word_1_473' title='bbox 1439 606 1479 644; x_wconf 90' lang='lat' dir='ltr'>di</span> <span class='ocrx_word' id='word_1_474' title='bbox 1496 605 1590 660; x_wconf 79' lang='lat'>(22).</span> <span class='ocrx_word' id='word_1_475' title='bbox 2561 655 2569 661; x_wconf 65' lang='lat'><em>‚</em></span> 
     </span>
     <span class='ocr_line' id='line_1_64' title="bbox 1495 665 2507 721; baseline 0.006 -19"><span class='ocrx_word' id='word_1_476' title='bbox 1495 665 1729 718; x_wconf 85' lang='lat' dir='ltr'>Suppositas</span> <span class='ocrx_word' id='word_1_477' title='bbox 1751 666 1788 704; x_wconf 90' lang='lat' dir='ltr'>ei</span> <span class='ocrx_word' id='word_1_478' title='bbox 1802 678 1887 705; x_wconf 91' lang='lat' dir='ltr'>esse</span> <span class='ocrx_word' id='word_1_479' title='bbox 1913 667 2100 719; x_wconf 87' lang='lat' dir='ltr'>epistolas</span> <span class='ocrx_word' id='word_1_480' title='bbox 2124 681 2212 720; x_wconf 88' lang='lat' dir='ltr'>quae</span> <span class='ocrx_word' id='word_1_481' title='bbox 2229 676 2383 707; x_wconf 87' lang='lat' dir='ltr'>exstant</span> <span class='ocrx_word' id='word_1_482' title='bbox 2401 668 2507 721; x_wconf 88' lang='lat' dir='ltr'>apud</span> 
     </span>
     <span class='ocr_line' id='line_1_65' title="bbox 1441 723 2505 780; baseline 0.005 -18"><span class='ocrx_word' id='word_1_483' title='bbox 1441 724 1659 775; x_wconf 83' lang='lat' dir='ltr'>Diogenem</span> <span class='ocrx_word' id='word_1_484' title='bbox 1691 723 1890 764; x_wconf 85' lang='lat' dir='ltr'>Laertium</span> <span class='ocrx_word' id='word_1_485' title='bbox 1923 724 1996 766; x_wconf 93' lang='lat' dir='ltr'>lib.</span> <span class='ocrx_word' id='word_1_486' title='bbox 2021 724 2059 777; x_wconf 85' lang='grc' dir='ltr'>Ι,</span> <span class='ocrx_word' id='word_1_487' title='bbox 2090 727 2214 772; x_wconf 73' lang='grc'>43-44</span> <span class='ocrx_word' id='word_1_488' title='bbox 2242 726 2325 778; x_wconf 86' lang='lat' dir='ltr'>jam</span> <span class='ocrx_word' id='word_1_489' title='bbox 2350 727 2505 780; x_wconf 88' lang='lat' dir='ltr'>pridem</span> 
     </span>
     <span class='ocr_line' id='line_1_66' title="bbox 1442 783 2571 839; baseline 0.004 -18"><span class='ocrx_word' id='word_1_490' title='bbox 1442 784 1626 822; x_wconf 90' lang='lat' dir='ltr'>viderunt</span> <span class='ocrx_word' id='word_1_491' title='bbox 1647 784 1726 822; x_wconf 89' lang='lat' dir='ltr'>viri</span> <span class='ocrx_word' id='word_1_492' title='bbox 1747 783 1867 823; x_wconf 91' lang='lat' dir='ltr'>docti.</span> <span class='ocrx_word' id='word_1_493' title='bbox 1887 783 1983 831; x_wconf 84' lang='lat' dir='ltr'>Quae</span> <span class='ocrx_word' id='word_1_494' title='bbox 2003 798 2124 835; x_wconf 90' lang='lat' dir='ltr'>quum</span> <span class='ocrx_word' id='word_1_495' title='bbox 2146 787 2200 825; x_wconf 86' lang='lat' dir='ltr'>ita</span> <span class='ocrx_word' id='word_1_496' title='bbox 2221 787 2320 835; x_wconf 88' lang='lat' dir='ltr'>sint,</span> <span class='ocrx_word' id='word_1_497' title='bbox 2340 799 2519 839; x_wconf 87' lang='lat' dir='ltr'>sequen-·</span> <span class='ocrx_word' id='word_1_498' title='bbox 2570 834 2571 837; x_wconf 11' lang='grc' dir='ltr'><strong>Ἴ</strong></span> 
     </span>
     <span class='ocr_line' id='line_1_67' title="bbox 1441 843 2570 898; baseline 0.004 -16"><span class='ocrx_word' id='word_1_499' title='bbox 1441 843 1514 882; x_wconf 93' lang='lat' dir='ltr'>dus</span> <span class='ocrx_word' id='word_1_500' title='bbox 1536 843 1652 882; x_wconf 89' lang='lat' dir='ltr'>nobis</span> <span class='ocrx_word' id='word_1_501' title='bbox 1673 844 1902 883; x_wconf 89' lang='lat' dir='ltr'>Aristoteles</span> <span class='ocrx_word' id='word_1_502' title='bbox 1922 853 1979 883; x_wconf 90' lang='lat' dir='ltr'>est</span> <span class='ocrx_word' id='word_1_503' title='bbox 1999 846 2067 896; x_wconf 87' lang='lat' dir='ltr'>qui</span> <span class='ocrx_word' id='word_1_504' title='bbox 2090 846 2131 883; x_wconf 90' lang='lat' dir='ltr'>in</span> <span class='ocrx_word' id='word_1_505' title='bbox 2150 846 2383 898; x_wconf 87' lang='lat' dir='ltr'>exponenda</span> <span class='ocrx_word' id='word_1_506' title='bbox 2398 846 2432 885; x_wconf 91' lang='lat' dir='ltr'>T</span> <span class='ocrx_word' id='word_1_507' title='bbox 2435 846 2508 886; x_wconf 86' lang='lat' dir='ltr'>ha·</span> <span class='ocrx_word' id='word_1_508' title='bbox 2568 864 2570 869; x_wconf 94' lang='lat'><em>·</em></span> 
     </span>
     <span class='ocr_line' id='line_1_68' title="bbox 1441 904 2509 959; baseline 0.006 -18"><span class='ocrx_word' id='word_1_509' title='bbox 1441 904 1528 943; x_wconf 89' lang='lat' dir='ltr'>letis</span> <span class='ocrx_word' id='word_1_510' title='bbox 1554 904 1732 942; x_wconf 87' lang='lat' dir='ltr'>doctrina</span> <span class='ocrx_word' id='word_1_511' title='bbox 1761 917 1840 942; x_wconf 90' lang='lat' dir='ltr'>non</span> <span class='ocrx_word' id='word_1_512' title='bbox 1869 904 1995 956; x_wconf 90' lang='lat' dir='ltr'>ipsius</span> <span class='ocrx_word' id='word_1_513' title='bbox 2017 905 2247 958; x_wconf 89' lang='lat' dir='ltr'>philosophi</span> <span class='ocrx_word' id='word_1_514' title='bbox 2266 905 2509 959; x_wconf 82' lang='lat' dir='ltr'>disputatio-</span> 
     </span>
     <span class='ocr_line' id='line_1_69' title="bbox 1443 963 2516 1016; baseline 0.005 -15"><span class='ocrx_word' id='word_1_515' title='bbox 1443 976 1511 1002; x_wconf 90' lang='lat' dir='ltr'>nes</span> <span class='ocrx_word' id='word_1_516' title='bbox 1531 963 1671 1002; x_wconf 89' lang='lat' dir='ltr'>litteris</span> <span class='ocrx_word' id='word_1_517' title='bbox 1693 963 1915 1012; x_wconf 87' lang='lat' dir='ltr'>mandatas,</span> <span class='ocrx_word' id='word_1_518' title='bbox 1939 964 2005 1002; x_wconf 90' lang='lat' dir='ltr'>sed</span> <span class='ocrx_word' id='word_1_519' title='bbox 2026 977 2072 1002; x_wconf 88' lang='lat' dir='ltr'>ea</span> <span class='ocrx_word' id='word_1_520' title='bbox 2091 978 2179 1016; x_wconf 86' lang='lat' dir='ltr'>quae</span> <span class='ocrx_word' id='word_1_521' title='bbox 2199 964 2248 1004; x_wconf 89' lang='lat' dir='ltr'>ab</span> <span class='ocrx_word' id='word_1_522' title='bbox 2266 965 2356 1005; x_wconf 91' lang='lat' dir='ltr'>aliis</span> <span class='ocrx_word' id='word_1_523' title='bbox 2369 965 2443 1006; x_wconf 85' lang='lat' dir='ltr'>hac</span> <span class='ocrx_word' id='word_1_524' title='bbox 2461 966 2516 1006; x_wconf 88' lang='lat' dir='ltr'>de·</span> 
     </span>
     <span class='ocr_line' id='line_1_70' title="bbox 1443 1022 2511 1078; baseline 0.006 -18"><span class='ocrx_word' id='word_1_525' title='bbox 1443 1035 1485 1061; x_wconf 88' lang='lat' dir='ltr'>re</span> <span class='ocrx_word' id='word_1_526' title='bbox 1502 1022 1818 1062; x_wconf 86' lang='lat' dir='ltr'>memorabantur</span> <span class='ocrx_word' id='word_1_527' title='bbox 1833 1035 1873 1062; x_wconf 88' lang='lat' dir='ltr'>se</span> <span class='ocrx_word' id='word_1_528' title='bbox 1888 1023 2131 1063; x_wconf 90' lang='lat' dir='ltr'>consuluisse</span> <span class='ocrx_word' id='word_1_529' title='bbox 2144 1025 2286 1063; x_wconf 86' lang='lat' dir='ltr'>fatetur</span> <span class='ocrx_word' id='word_1_530' title='bbox 2301 1023 2395 1078; x_wconf 81' lang='lat'>(23).</span> <span class='ocrx_word' id='word_1_531' title='bbox 2409 1025 2511 1066; x_wconf 85' lang='lat' dir='ltr'>Hinc</span> 
     </span>
    </p>
   </div>
   <div class='ocr_carea' id='block_1_8' title="bbox 1442 1082 2576 1256">
    <p class='ocr_par' dir='ltr' id='par_1_11' title="bbox 1442 1082 2576 1256">
     <span class='ocr_line' id='line_1_71' title="bbox 1442 1082 2574 1137; baseline 0.004 -17"><span class='ocrx_word' id='word_1_532' title='bbox 1442 1090 1547 1134; x_wconf 86' lang='lat' dir='ltr'>patet</span> <span class='ocrx_word' id='word_1_533' title='bbox 1562 1082 1631 1121; x_wconf 85' lang='lat' dir='ltr'>i-lla</span> <span class='ocrx_word' id='word_1_534' title='bbox 1652 1091 1761 1122; x_wconf 84' lang='lat' dir='ltr'>aetate</span> <span class='ocrx_word' id='word_1_535' title='bbox 1776 1083 1926 1122; x_wconf 90' lang='lat' dir='ltr'>nullum</span> <span class='ocrx_word' id='word_1_536' title='bbox 1949 1083 2093 1122; x_wconf 87' lang='lat' dir='ltr'>Milesii</span> <span class='ocrx_word' id='word_1_537' title='bbox 2116 1083 2342 1137; x_wconf 89' lang='lat' dir='ltr'>philosophi</span> <span class='ocrx_word' id='word_1_538' title='bbox 2362 1083 2509 1125; x_wconf 86' lang='lat' dir='ltr'>librum</span> <span class='ocrx_word' id='word_1_539' title='bbox 2571 1093 2574 1096; x_wconf 84' lang='grc'>’</span> 
     </span>
     <span class='ocr_line' id='line_1_72' title="bbox 1443 1142 2575 1195; baseline 0.003 -15"><span class='ocrx_word' id='word_1_540' title='bbox 1443 1142 1638 1182; x_wconf 88' lang='lat' dir='ltr'>exstitisse</span> <span class='ocrx_word' id='word_1_541' title='bbox 1659 1142 1870 1194; x_wconf 88' lang='lat' dir='ltr'>omniaque</span> <span class='ocrx_word' id='word_1_542' title='bbox 1897 1142 2101 1181; x_wconf 87' lang='lat' dir='ltr'>volumina</span> <span class='ocrx_word' id='word_1_543' title='bbox 2126 1156 2213 1195; x_wconf 85' lang='lat' dir='ltr'>quae</span> <span class='ocrx_word' id='word_1_544' title='bbox 2233 1142 2307 1182; x_wconf 90' lang='lat' dir='ltr'>sub</span> <span class='ocrx_word' id='word_1_545' title='bbox 2333 1142 2510 1184; x_wconf 82' lang='lat' dir='ltr'>Thaletis</span> <span class='ocrx_word' id='word_1_546' title='bbox 2572 1166 2575 1171; x_wconf 52' lang='lat' dir='ltr'>v</span> 
     </span>
     <span class='ocr_line' id='line_1_73' title="bbox 1444 1201 2576 1256; baseline 0.003 -17"><span class='ocrx_word' id='word_1_547' title='bbox 1444 1202 1603 1240; x_wconf 89' lang='lat' dir='ltr'>nomine</span> <span class='ocrx_word' id='word_1_548' title='bbox 1618 1202 1912 1254; x_wconf 84' lang='lat' dir='ltr'>posterioribus</span> <span class='ocrx_word' id='word_1_549' title='bbox 1932 1202 2085 1241; x_wconf 88' lang='lat' dir='ltr'>saeculis</span> <span class='ocrx_word' id='word_1_550' title='bbox 2117 1201 2342 1242; x_wconf 89' lang='lat' dir='ltr'>ferebantur</span> <span class='ocrx_word' id='word_1_551' title='bbox 2361 1215 2511 1256; x_wconf 90' lang='lat' dir='ltr'>suppo·</span> <span class='ocrx_word' id='word_1_552' title='bbox 2575 1245 2576 1248; x_wconf 48' lang='lat'>,</span> 
     </span>
    </p>
   </div>
   <div class='ocr_carea' id='block_1_9' title="bbox 1444 1261 2513 1434">
    <p class='ocr_par' dir='ltr' id='par_1_12' title="bbox 1444 1261 2513 1434">
     <span class='ocr_line' id='line_1_74' title="bbox 1444 1261 2512 1314; baseline 0.004 -16"><span class='ocrx_word' id='word_1_553' title='bbox 1444 1261 1568 1300; x_wconf 87' lang='lat' dir='ltr'>sititia</span> <span class='ocrx_word' id='word_1_554' title='bbox 1589 1262 1723 1301; x_wconf 87' lang='lat' dir='ltr'>fuisse.</span> <span class='ocrx_word' id='word_1_555' title='bbox 1751 1262 2021 1301; x_wconf 87' lang='lat' dir='ltr'>Nihilominus</span> <span class='ocrx_word' id='word_1_556' title='bbox 2039 1270 2082 1300; x_wconf 90' lang='lat' dir='ltr'>ut</span> <span class='ocrx_word' id='word_1_557' title='bbox 2107 1262 2241 1314; x_wconf 88' lang='lat' dir='ltr'>hujus,</span> <span class='ocrx_word' id='word_1_558' title='bbox 2269 1262 2323 1301; x_wconf 84' lang='lat' dir='ltr'>ita</span> <span class='ocrx_word' id='word_1_559' title='bbox 2342 1271 2512 1302; x_wconf 86' lang='lat' dir='ltr'>caetero-</span> 
     </span>
     <span class='ocr_line' id='line_1_75' title="bbox 1445 1321 2513 1374; baseline 0.003 -16"><span class='ocrx_word' id='word_1_560' title='bbox 1445 1334 1530 1359; x_wconf 90' lang='lat' dir='ltr'>rum</span> <span class='ocrx_word' id='word_1_561' title='bbox 1541 1330 1686 1373; x_wconf 85' lang='lat' dir='ltr'>septem</span> <span class='ocrx_word' id='word_1_562' title='bbox 1697 1324 1914 1374; x_wconf 89' lang='lat' dir='ltr'>sapientum</span> <span class='ocrx_word' id='word_1_563' title='bbox 1925 1322 2135 1361; x_wconf 88' lang='lat' dir='ltr'>sententias</span> <span class='ocrx_word' id='word_1_564' title='bbox 2143 1321 2513 1374; x_wconf 83' lang='lat' dir='ltr'>etapophthegmata</span> 
     </span>
     <span class='ocr_line' id='line_1_76' title="bbox 1446 1380 2512 1434; baseline 0.002 -15"><span class='ocrx_word' id='word_1_565' title='bbox 1446 1380 1495 1418; x_wconf 90' lang='lat' dir='ltr'>ab</span> <span class='ocrx_word' id='word_1_566' title='bbox 1515 1381 1688 1432; x_wconf 86' lang='lat' dir='ltr'>antiquis</span> <span class='ocrx_word' id='word_1_567' title='bbox 1717 1381 1979 1434; x_wconf 85' lang='lat' dir='ltr'>scriptoribus</span> <span class='ocrx_word' id='word_1_568' title='bbox 2005 1390 2180 1432; x_wconf 86' lang='lat' dir='ltr'>servata,</span> <span class='ocrx_word' id='word_1_569' title='bbox 2202 1382 2244 1420; x_wconf 90' lang='lat' dir='ltr'>in</span> <span class='ocrx_word' id='word_1_570' title='bbox 2268 1380 2414 1433; x_wconf 89' lang='lat' dir='ltr'>quibus</span> <span class='ocrx_word' id='word_1_571' title='bbox 2429 1382 2512 1421; x_wconf 89' lang='lat' dir='ltr'>col-</span> 
     </span>
    </p>
   </div>
   <div class='ocr_carea' id='block_1_10' title="bbox 1445 1441 2578 1494">
    <p class='ocr_par' dir='ltr' id='par_1_13' title="bbox 1445 1441 2578 1494">
     <span class='ocr_line' id='line_1_77' title="bbox 1445 1441 2578 1494; baseline 0.002 -16"><span class='ocrx_word' id='word_1_572' title='bbox 1445 1441 1611 1491; x_wconf 88' lang='lat' dir='ltr'>ligendis</span> <span class='ocrx_word' id='word_1_573' title='bbox 1640 1450 1729 1493; x_wconf 88' lang='lat' dir='ltr'>post</span> <span class='ocrx_word' id='word_1_574' title='bbox 1751 1441 1998 1481; x_wconf 89' lang='lat' dir='ltr'>Leonardum</span> <span class='ocrx_word' id='word_1_575' title='bbox 2025 1442 2188 1494; x_wconf 83' lang='lat' dir='ltr'>Lycium</span> <span class='ocrx_word' id='word_1_576' title='bbox 2218 1450 2256 1480; x_wconf 90' lang='lat' dir='ltr'>et</span> <span class='ocrx_word' id='word_1_577' title='bbox 2278 1441 2512 1480; x_wconf 81' lang='lat' dir='ltr'>othmarum</span> <span class='ocrx_word' id='word_1_578' title='bbox 2570 1458 2578 1463; x_wconf 87' lang='lat'>·</span> 
     </span>
    </p>
   </div>
   <div class='ocr_carea' id='block_1_11' title="bbox 1445 1501 2513 1554">
    <p class='ocr_par' dir='ltr' id='par_1_14' title="bbox 1445 1501 2513 1554">
     <span class='ocr_line' id='line_1_78' title="bbox 1445 1501 2513 1554; baseline 0.003 -16"><span class='ocrx_word' id='word_1_579' title='bbox 1445 1501 1671 1549; x_wconf 87' lang='lat' dir='ltr'>Luscinium</span> <span class='ocrx_word' id='word_1_580' title='bbox 1709 1502 1867 1540; x_wconf 87' lang='lat' dir='ltr'>multam</span> <span class='ocrx_word' id='word_1_581' title='bbox 1902 1515 2060 1554; x_wconf 91' lang='lat' dir='ltr'>operam</span> <span class='ocrx_word' id='word_1_582' title='bbox 2086 1502 2302 1541; x_wconf 89' lang='lat' dir='ltr'>consumsit</span> <span class='ocrx_word' id='word_1_583' title='bbox 2320 1501 2384 1542; x_wconf 85' lang='lat' dir='ltr'>Jo.</span> <span class='ocrx_word' id='word_1_584' title='bbox 2409 1501 2513 1541; x_wconf 86' lang='lat' dir='ltr'>Con-</span> 
     </span>
    </p>
   </div>
   <div class='ocr_carea' id='block_1_12' title="bbox 1446 1555 2582 1614">
    <p class='ocr_par' dir='ltr' id='par_1_15' title="bbox 1446 1555 2582 1614">
     <span class='ocr_line' id='line_1_79' title="bbox 1446 1555 2582 1614; baseline 0.004 -17"><span class='ocrx_word' id='word_1_585' title='bbox 1446 1560 1563 1598; x_wconf 90' lang='lat' dir='ltr'>radus</span> <span class='ocrx_word' id='word_1_586' title='bbox 1588 1561 1758 1600; x_wconf 89' lang='lat' dir='ltr'>Orellius</span> <span class='ocrx_word' id='word_1_587' title='bbox 1774 1561 1874 1614; x_wconf 75' lang='lat'>(24),</span> <span class='ocrx_word' id='word_1_588' title='bbox 1901 1571 2080 1601; x_wconf 87' lang='lat' dir='ltr'>accurate</span> <span class='ocrx_word' id='word_1_589' title='bbox 2106 1562 2321 1610; x_wconf 86' lang='lat' dir='ltr'>recensita,</span> <span class='ocrx_word' id='word_1_590' title='bbox 2345 1562 2409 1600; x_wconf 89' lang='lat' dir='ltr'>hic</span> <span class='ocrx_word' id='word_1_591' title='bbox 2429 1563 2514 1602; x_wconf 87' lang='lat' dir='ltr'>illic</span> <span class='ocrx_word' id='word_1_592' title='bbox 2577 1555 2582 1557; x_wconf 24' lang='grc' dir='ltr'><strong><em>Δ</em></strong></span> 
     </span>
    </p>
   </div>
   <div class='ocr_carea' id='block_1_13' title="bbox 1446 1620 2113 1672">
    <p class='ocr_par' dir='ltr' id='par_1_16' title="bbox 1446 1620 2113 1672">
     <span class='ocr_line' id='line_1_80' title="bbox 1446 1620 2113 1672; baseline 0.004 -14"><span class='ocrx_word' id='word_1_593' title='bbox 1446 1628 1558 1658; x_wconf 88' lang='lat' dir='ltr'>aucta</span> <span class='ocrx_word' id='word_1_594' title='bbox 1570 1629 1608 1659; x_wconf 91' lang='lat' dir='ltr'>et</span> <span class='ocrx_word' id='word_1_595' title='bbox 1626 1620 1747 1659; x_wconf 85' lang='lat' dir='ltr'>latine</span> <span class='ocrx_word' id='word_1_596' title='bbox 1764 1634 1877 1660; x_wconf 86' lang='lat' dir='ltr'>versa</span> <span class='ocrx_word' id='word_1_597' title='bbox 1894 1621 2113 1672; x_wconf 86' lang='lat' dir='ltr'>divulgavi.</span> 
     </span>
    </p>
   </div>
   <div class='ocr_carea' id='block_1_14' title="bbox 1447 1679 2516 1853">
    <p class='ocr_par' dir='ltr' id='par_1_17' title="bbox 1447 1679 2516 1853">
     <span class='ocr_line' id='line_1_81' title="bbox 1502 1679 2512 1733; baseline 0.004 -16"><span class='ocrx_word' id='word_1_598' title='bbox 1502 1679 1644 1728; x_wconf 87' lang='lat' dir='ltr'>Restat,</span> <span class='ocrx_word' id='word_1_599' title='bbox 1658 1689 1701 1718; x_wconf 91' lang='lat' dir='ltr'>ut</span> <span class='ocrx_word' id='word_1_600' title='bbox 1714 1694 1838 1732; x_wconf 89' lang='lat' dir='ltr'>pauca</span> <span class='ocrx_word' id='word_1_601' title='bbox 1854 1681 1902 1720; x_wconf 94' lang='lat' dir='ltr'>de</span> <span class='ocrx_word' id='word_1_602' title='bbox 1913 1681 2157 1732; x_wconf 87' lang='lat' dir='ltr'>reliquorum</span> <span class='ocrx_word' id='word_1_603' title='bbox 2178 1681 2398 1733; x_wconf 82' lang='lat' dir='ltr'>sapientum</span> <span class='ocrx_word' id='word_1_604' title='bbox 2416 1680 2512 1722; x_wconf 75' lang='lat' dir='ltr'>&#39;vitis</span> 
     </span>
     <span class='ocr_line' id='line_1_82' title="bbox 1447 1739 2514 1795; baseline 0.005 -19"><span class='ocrx_word' id='word_1_605' title='bbox 1447 1739 1770 1789; x_wconf 83' lang='lat' dir='ltr'>dicamus.Solon‚</span> <span class='ocrx_word' id='word_1_606' title='bbox 1783 1741 2017 1780; x_wconf 83' lang='lat' dir='ltr'>Execestidae</span> <span class='ocrx_word' id='word_1_607' title='bbox 2027 1741 2147 1793; x_wconf 81' lang='lat' dir='ltr'>filius,</span> <span class='ocrx_word' id='word_1_608' title='bbox 2158 1741 2408 1782; x_wconf 85' lang='lat' dir='ltr'>Atheniensis</span> <span class='ocrx_word' id='word_1_609' title='bbox 2418 1741 2454 1795; x_wconf 67' lang='grc' dir='ltr'>(α</span> <span class='ocrx_word' id='word_1_610' title='bbox 2460 1742 2514 1795; x_wconf 87' lang='lat'>5),</span> 
     </span>
     <span class='ocr_line' id='line_1_83' title="bbox 1449 1798 2516 1853; baseline 0.004 -17"><span class='ocrx_word' id='word_1_611' title='bbox 1449 1799 1599 1850; x_wconf 82' lang='lat' dir='ltr'>ingenii</span> <span class='ocrx_word' id='word_1_612' title='bbox 1619 1798 1796 1839; x_wconf 88' lang='lat' dir='ltr'>bonitate</span> <span class='ocrx_word' id='word_1_613' title='bbox 1821 1801 2100 1853; x_wconf 85' lang='lat' dir='ltr'>elegorumque</span> <span class='ocrx_word' id='word_1_614' title='bbox 2127 1813 2226 1853; x_wconf 92' lang='lat' dir='ltr'>quos</span> <span class='ocrx_word' id='word_1_615' title='bbox 2252 1800 2516 1853; x_wconf 85' lang='lat' dir='ltr'>componebat</span> 
     </span>
    </p>
   </div>
   <div class='ocr_carea' id='block_1_15' title="bbox 1448 1852 2583 1913">
    <p class='ocr_par' dir='ltr' id='par_1_18' title="bbox 1448 1852 2583 1913">
     <span class='ocr_line' id='line_1_84' title="bbox 1448 1852 2583 1913; baseline 0.003 -16"><span class='ocrx_word' id='word_1_616' title='bbox 1448 1859 1639 1898; x_wconf 85' lang='lat' dir='ltr'>suavitate</span> <span class='ocrx_word' id='word_1_617' title='bbox 1671 1860 1726 1898; x_wconf 87' lang='lat' dir='ltr'>ita</span> <span class='ocrx_word' id='word_1_618' title='bbox 1768 1861 1976 1909; x_wconf 89' lang='lat' dir='ltr'>excelluit,</span> <span class='ocrx_word' id='word_1_619' title='bbox 2005 1869 2049 1900; x_wconf 88' lang='lat' dir='ltr'>ut</span> <span class='ocrx_word' id='word_1_620' title='bbox 2079 1873 2254 1900; x_wconf 91' lang='lat' dir='ltr'>summus</span> <span class='ocrx_word' id='word_1_621' title='bbox 2285 1868 2399 1913; x_wconf 87' lang='lat' dir='ltr'>poeta</span> <span class='ocrx_word' id='word_1_622' title='bbox 2430 1873 2516 1900; x_wconf 80' lang='lat' dir='ltr'>esse</span> <span class='ocrx_word' id='word_1_623' title='bbox 2580 1852 2583 1855; x_wconf 41' lang='lat'>¹</span> 
     </span>
    </p>
   </div>
   <div class='ocr_carea' id='block_1_16' title="bbox 1449 1920 2516 2508">
    <p class='ocr_par' dir='ltr' id='par_1_19' title="bbox 1449 1920 2516 2508">
     <span class='ocr_line' id='line_1_85' title="bbox 1449 1920 2513 1973; baseline 0.003 -16"><span class='ocrx_word' id='word_1_624' title='bbox 1449 1920 1742 1959; x_wconf 89' lang='lat' dir='ltr'>existimaretur</span> <span class='ocrx_word' id='word_1_625' title='bbox 1761 1933 1884 1972; x_wconf 90' lang='lat' dir='ltr'>eaque</span> <span class='ocrx_word' id='word_1_626' title='bbox 1904 1930 1986 1960; x_wconf 90' lang='lat' dir='ltr'>arte</span> <span class='ocrx_word' id='word_1_627' title='bbox 2006 1921 2178 1960; x_wconf 88' lang='lat' dir='ltr'>confisus</span> <span class='ocrx_word' id='word_1_628' title='bbox 2194 1934 2327 1960; x_wconf 88' lang='lat' dir='ltr'>auram</span> <span class='ocrx_word' id='word_1_629' title='bbox 2347 1921 2513 1973; x_wconf 89' lang='lat' dir='ltr'>popula-</span> 
     </span>
     <span class='ocr_line' id='line_1_86' title="bbox 1450 1980 2514 2035; baseline 0.003 -18"><span class='ocrx_word' id='word_1_630' title='bbox 1450 1993 1531 2018; x_wconf 89' lang='lat' dir='ltr'>rem</span> <span class='ocrx_word' id='word_1_631' title='bbox 1554 1989 1738 2032; x_wconf 88' lang='lat' dir='ltr'>captaret.</span> <span class='ocrx_word' id='word_1_632' title='bbox 1760 1980 1895 2032; x_wconf 87' lang='lat' dir='ltr'>Neque</span> <span class='ocrx_word' id='word_1_633' title='bbox 1912 1995 2007 2020; x_wconf 88' lang='lat' dir='ltr'>vero</span> <span class='ocrx_word' id='word_1_634' title='bbox 2024 1982 2152 2021; x_wconf 90' lang='lat' dir='ltr'>solum</span> <span class='ocrx_word' id='word_1_635' title='bbox 2169 1980 2364 2020; x_wconf 88' lang='lat' dir='ltr'>mirabilis</span> <span class='ocrx_word' id='word_1_636' title='bbox 2381 1981 2514 2035; x_wconf 85' lang='lat' dir='ltr'>dicen·</span> 
     </span>
     <span class='ocr_line' id='line_1_87' title="bbox 1449 2039 2512 2093; baseline 0.003 -16"><span class='ocrx_word' id='word_1_637' title='bbox 1449 2039 1489 2078; x_wconf 91' lang='lat' dir='ltr'>di</span> <span class='ocrx_word' id='word_1_638' title='bbox 1510 2039 1652 2078; x_wconf 85' lang='lat' dir='ltr'>artifex</span> <span class='ocrx_word' id='word_1_639' title='bbox 1668 2040 1892 2092; x_wconf 88' lang='lat' dir='ltr'>politusque</span> <span class='ocrx_word' id='word_1_640' title='bbox 1910 2041 2082 2093; x_wconf 85' lang='lat' dir='ltr'>scriptor</span> <span class='ocrx_word' id='word_1_641' title='bbox 2100 2049 2138 2079; x_wconf 92' lang='lat' dir='ltr'>et</span> <span class='ocrx_word' id='word_1_642' title='bbox 2153 2041 2403 2080; x_wconf 77' lang='lat' dir='ltr'>versificator</span> <span class='ocrx_word' id='word_1_643' title='bbox 2422 2040 2512 2090; x_wconf 78' lang='lat' dir='ltr'>fui-t,</span> 
     </span>
     <span class='ocr_line' id='line_1_88' title="bbox 1450 2098 2515 2153; baseline 0.003 -16"><span class='ocrx_word' id='word_1_644' title='bbox 1450 2099 1517 2137; x_wconf 88' lang='lat' dir='ltr'>sed</span> <span class='ocrx_word' id='word_1_645' title='bbox 1546 2098 1807 2151; x_wconf 90' lang='lat' dir='ltr'>philosophus</span> <span class='ocrx_word' id='word_1_646' title='bbox 1839 2100 1977 2149; x_wconf 84' lang='lat' dir='ltr'>etiam,</span> <span class='ocrx_word' id='word_1_647' title='bbox 1998 2109 2042 2139; x_wconf 84' lang='lat' dir='ltr'>ut</span> <span class='ocrx_word' id='word_1_648' title='bbox 2069 2101 2171 2140; x_wconf 90' lang='lat' dir='ltr'>inter</span> <span class='ocrx_word' id='word_1_649' title='bbox 2190 2109 2336 2153; x_wconf 87' lang='lat' dir='ltr'>septem</span> <span class='ocrx_word' id='word_1_650' title='bbox 2357 2101 2515 2142; x_wconf 84' lang='lat' dir='ltr'>G&#39;raeciae</span> 
     </span>
     <span class='ocr_line' id='line_1_89' title="bbox 1450 2159 2516 2212; baseline 0.004 -16"><span class='ocrx_word' id='word_1_651' title='bbox 1450 2159 1644 2210; x_wconf 82' lang='lat' dir='ltr'>sapientes</span> <span class='ocrx_word' id='word_1_652' title='bbox 1658 2172 1801 2197; x_wconf 90' lang='lat' dir='ltr'>nomen</span> <span class='ocrx_word' id='word_1_653' title='bbox 1818 2173 1930 2198; x_wconf 89' lang='lat' dir='ltr'>suum</span> <span class='ocrx_word' id='word_1_654' title='bbox 1953 2160 2219 2212; x_wconf 82' lang='lat' dir='ltr'>profiteretur.</span> <span class='ocrx_word' id='word_1_655' title='bbox 2247 2159 2441 2200; x_wconf 89' lang='lat' dir='ltr'>Nimirum</span> <span class='ocrx_word' id='word_1_656' title='bbox 2465 2161 2516 2201; x_wconf 92' lang='lat' dir='ltr'>ab</span> 
     </span>
     <span class='ocr_line' id='line_1_90' title="bbox 1450 2219 2514 2272; baseline 0.003 -16"><span class='ocrx_word' id='word_1_657' title='bbox 1450 2219 1610 2257; x_wconf 90' lang='lat' dir='ltr'>ineunte</span> <span class='ocrx_word' id='word_1_658' title='bbox 1633 2226 1741 2257; x_wconf 77' lang='lat' dir='ltr'>aetate</span> <span class='ocrx_word' id='word_1_659' title='bbox 1761 2233 1880 2258; x_wconf 89' lang='lat' dir='ltr'>omne</span> <span class='ocrx_word' id='word_1_660' title='bbox 1909 2229 2062 2272; x_wconf 88' lang='lat' dir='ltr'>tempus</span> <span class='ocrx_word' id='word_1_661' title='bbox 2083 2220 2132 2259; x_wconf 91' lang='lat' dir='ltr'>ad</span> <span class='ocrx_word' id='word_1_662' title='bbox 2162 2233 2229 2259; x_wconf 89' lang='lat' dir='ltr'>eas</span> <span class='ocrx_word' id='word_1_663' title='bbox 2246 2233 2310 2260; x_wconf 89' lang='lat' dir='ltr'>res</span> <span class='ocrx_word' id='word_1_664' title='bbox 2329 2220 2514 2268; x_wconf 88' lang='lat' dir='ltr'>contulit,</span> 
     </span>
     <span class='ocr_line' id='line_1_91' title="bbox 1451 2277 2516 2331; baseline 0.003 -16"><span class='ocrx_word' id='word_1_665' title='bbox 1451 2277 1596 2327; x_wconf 89' lang='lat' dir='ltr'>quibus</span> <span class='ocrx_word' id='word_1_666' title='bbox 1607 2278 1715 2316; x_wconf 90' lang='lat' dir='ltr'>illam</span> <span class='ocrx_word' id='word_1_667' title='bbox 1733 2292 1850 2330; x_wconf 91' lang='lat' dir='ltr'>quam</span> <span class='ocrx_word' id='word_1_668' title='bbox 1870 2288 2004 2331; x_wconf 89' lang='lat' dir='ltr'>postea</span> <span class='ocrx_word' id='word_1_669' title='bbox 2019 2287 2248 2318; x_wconf 87' lang='lat' dir='ltr'>consecutus</span> <span class='ocrx_word' id='word_1_670' title='bbox 2265 2287 2324 2318; x_wconf 86' lang='lat' dir='ltr'>est</span> <span class='ocrx_word' id='word_1_671' title='bbox 2342 2279 2516 2320; x_wconf 82' lang='lat' dir='ltr'>nominis</span> 
     </span>
     <span class='ocr_line' id='line_1_92' title="bbox 1451 2336 2516 2389; baseline 0.003 -15"><span class='ocrx_word' id='word_1_672' title='bbox 1451 2336 1739 2384; x_wconf 85' lang='lat' dir='ltr'>claritudinem,</span> <span class='ocrx_word' id='word_1_673' title='bbox 1753 2338 1950 2377; x_wconf 88' lang='lat' dir='ltr'>archontis</span> <span class='ocrx_word' id='word_1_674' title='bbox 1970 2339 2197 2389; x_wconf 85' lang='lat' dir='ltr'>dignitatem</span> <span class='ocrx_word' id='word_1_675' title='bbox 2215 2352 2260 2377; x_wconf 87' lang='lat' dir='ltr'>ac</span> <span class='ocrx_word' id='word_1_676' title='bbox 2272 2339 2403 2389; x_wconf 85' lang='lat' dir='ltr'>legum</span> <span class='ocrx_word' id='word_1_677' title='bbox 2417 2338 2516 2378; x_wconf 83' lang='lat' dir='ltr'>lato-</span> 
     </span>
     <span class='ocr_line' id='line_1_93' title="bbox 1453 2396 2516 2450; baseline 0.002 -16"><span class='ocrx_word' id='word_1_678' title='bbox 1453 2397 1508 2435; x_wconf 87' lang='lat' dir='ltr'>ris</span> <span class='ocrx_word' id='word_1_679' title='bbox 1523 2396 1793 2435; x_wconf 84' lang='lat' dir='ltr'>auctoritatem</span> <span class='ocrx_word' id='word_1_680' title='bbox 1819 2398 2116 2450; x_wconf 88' lang='lat' dir='ltr'>adipisceretur.</span> <span class='ocrx_word' id='word_1_681' title='bbox 2141 2397 2392 2449; x_wconf 85' lang='lat' dir='ltr'>Quapropter</span> <span class='ocrx_word' id='word_1_682' title='bbox 2409 2405 2516 2436; x_wconf 83' lang='lat' dir='ltr'>vete-</span> 
     </span>
     <span class='ocr_line' id='line_1_94' title="bbox 1453 2456 2515 2508; baseline 0 -14"><span class='ocrx_word' id='word_1_683' title='bbox 1453 2470 1514 2495; x_wconf 92' lang='lat' dir='ltr'>res</span> <span class='ocrx_word' id='word_1_684' title='bbox 1552 2456 1696 2508; x_wconf 84' lang='lat' dir='ltr'>passim</span> <span class='ocrx_word' id='word_1_685' title='bbox 1724 2469 1810 2495; x_wconf 90' lang='lat' dir='ltr'>eum</span> <span class='ocrx_word' id='word_1_686' title='bbox 1843 2458 1971 2496; x_wconf 86' lang='lat' dir='ltr'>virum</span> <span class='ocrx_word' id='word_1_687' title='bbox 2002 2459 2110 2497; x_wconf 89' lang='lat' dir='ltr'>omni</span> <span class='ocrx_word' id='word_1_688' title='bbox 2141 2457 2256 2496; x_wconf 89' lang='lat' dir='ltr'>laude</span> <span class='ocrx_word' id='word_1_689' title='bbox 2276 2457 2515 2495; x_wconf 84' lang='lat' dir='ltr'>cumulatum</span> 
     </span>
    </p>
   </div>
   <div class='ocr_carea' id='block_1_17' title="bbox 1448 2687 2517 3541">
    <p class='ocr_par' dir='ltr' id='par_1_20' title="bbox 1448 2687 2515 2779">
     <span class='ocr_line' id='line_1_95' title="bbox 1452 2687 2515 2731; baseline -0.001 -10"><span class='ocrx_word' id='word_1_690' title='bbox 1452 2700 1502 2730; x_wconf 81' lang='grc' dir='ltr'>φοι</span> <span class='ocrx_word' id='word_1_691' title='bbox 1519 2689 1558 2721; x_wconf 84' lang='grc' dir='ltr'>τὰ</span> <span class='ocrx_word' id='word_1_692' title='bbox 1579 2689 1720 2731; x_wconf 73' lang='grc' dir='ltr'>δόγματα</span> <span class='ocrx_word' id='word_1_693' title='bbox 1737 2689 1790 2721; x_wconf 78' lang='grc' dir='ltr'>καὶ</span> <span class='ocrx_word' id='word_1_694' title='bbox 1808 2689 1878 2726; x_wconf 84' lang='grc' dir='ltr'>τοὺς</span> <span class='ocrx_word' id='word_1_695' title='bbox 1896 2688 2023 2729; x_wconf 78' lang='grc' dir='ltr'>λόγους,</span> <span class='ocrx_word' id='word_1_696' title='bbox 2039 2689 2146 2729; x_wconf 83' lang='grc' dir='ltr'>ὥσπερ</span> <span class='ocrx_word' id='word_1_697' title='bbox 2159 2687 2286 2731; x_wconf 69' lang='grc' dir='ltr'>Ὀρφεὺς</span> <span class='ocrx_word' id='word_1_698' title='bbox 2300 2688 2354 2720; x_wconf 82' lang='grc' dir='ltr'>καὶ</span> <span class='ocrx_word' id='word_1_699' title='bbox 2366 2687 2515 2725; x_wconf 72' lang='grc' dir='ltr'>Ἡσίοδος</span> 
     </span>
     <span class='ocr_line' id='line_1_96' title="bbox 1448 2736 2476 2779; baseline 0 -11"><span class='ocrx_word' id='word_1_700' title='bbox 1448 2737 1502 2768; x_wconf 78' lang='grc' dir='ltr'>καὶ</span> <span class='ocrx_word' id='word_1_701' title='bbox 1527 2737 1719 2779; x_wconf 81' lang='grc' dir='ltr'>Παρμενίδης</span> <span class='ocrx_word' id='word_1_702' title='bbox 1737 2738 1790 2768; x_wconf 76' lang='grc' dir='ltr'>καὶ</span> <span class='ocrx_word' id='word_1_703' title='bbox 1805 2736 1979 2777; x_wconf 79' lang='grc' dir='ltr'>Ξενοφάνης</span> <span class='ocrx_word' id='word_1_704' title='bbox 1997 2737 2050 2768; x_wconf 84' lang='grc' dir='ltr'>καὶ</span> <span class='ocrx_word' id='word_1_705' title='bbox 2064 2737 2274 2778; x_wconf 80' lang='grc' dir='ltr'>Ἐμπεδοκλῆς</span> <span class='ocrx_word' id='word_1_706' title='bbox 2289 2736 2342 2768; x_wconf 79' lang='grc' dir='ltr'>καὶ</span> <span class='ocrx_word' id='word_1_707' title='bbox 2359 2736 2476 2775; x_wconf 76' lang='grc' dir='ltr'>Θαλῆς.</span> 
     </span>
    </p>

    <p class='ocr_par' dir='ltr' id='par_1_21' title="bbox 1492 2784 1958 2825">
     <span class='ocr_line' id='line_1_97' title="bbox 1492 2784 1958 2825; baseline -0.004 -8"><span class='ocrx_word' id='word_1_708' title='bbox 1492 2785 1557 2825; x_wconf 88' lang='lat'>(21)</span> <span class='ocrx_word' id='word_1_709' title='bbox 1577 2784 1653 2817; x_wconf 86' lang='lat' dir='ltr'>vid.</span> <span class='ocrx_word' id='word_1_710' title='bbox 1675 2785 1755 2816; x_wconf 76' lang='lat' dir='ltr'>infra</span> <span class='ocrx_word' id='word_1_711' title='bbox 1769 2784 1880 2824; x_wconf 78' lang='lat' dir='ltr'>fragm.</span> <span class='ocrx_word' id='word_1_712' title='bbox 1909 2786 1958 2816; x_wconf 88' lang='lat'>18.</span> 
     </span>
    </p>

    <p class='ocr_par' dir='ltr' id='par_1_22' title="bbox 1449 2830 2517 3006">
     <span class='ocr_line' id='line_1_98' title="bbox 1493 2830 2512 2873; baseline -0.002 -9"><span class='ocrx_word' id='word_1_713' title='bbox 1493 2832 1558 2873; x_wconf 87' lang='lat'>(22)</span> <span class='ocrx_word' id='word_1_714' title='bbox 1581 2832 1721 2864; x_wconf 88' lang='lat' dir='ltr'>Galenus</span> <span class='ocrx_word' id='word_1_715' title='bbox 1743 2833 1926 2864; x_wconf 80' lang='lat' dir='ltr'>Comment.</span> <span class='ocrx_word' id='word_1_716' title='bbox 1946 2831 2005 2863; x_wconf 91' lang='lat' dir='ltr'>Iin</span> <span class='ocrx_word' id='word_1_717' title='bbox 2019 2831 2074 2863; x_wconf 86' lang='lat' dir='ltr'>lib.</span> <span class='ocrx_word' id='word_1_718' title='bbox 2094 2830 2134 2862; x_wconf 88' lang='lat' dir='ltr'>de</span> <span class='ocrx_word' id='word_1_719' title='bbox 2148 2832 2221 2862; x_wconf 89' lang='lat' dir='ltr'>Nat.</span> <span class='ocrx_word' id='word_1_720' title='bbox 2241 2830 2332 2862; x_wconf 86' lang='lat' dir='ltr'>hum.</span> <span class='ocrx_word' id='word_1_721' title='bbox 2349 2833 2430 2862; x_wconf 85' lang='lat' dir='ltr'>sect.</span> <span class='ocrx_word' id='word_1_722' title='bbox 2451 2833 2512 2862; x_wconf 84' lang='lat'>26:</span> 
     </span>
     <span class='ocr_line' id='line_1_99' title="bbox 1450 2876 2517 2920; baseline 0 -10"><span class='ocrx_word' id='word_1_723' title='bbox 1450 2879 1488 2910; x_wconf 69' lang='lat' dir='ltr'>lit</span> <span class='ocrx_word' id='word_1_724' title='bbox 1511 2878 1570 2920; x_wconf 82' lang='grc' dir='ltr'>γὰρ</span> <span class='ocrx_word' id='word_1_725' title='bbox 1591 2878 1639 2911; x_wconf 79' lang='grc' dir='ltr'>ὅτι</span> <span class='ocrx_word' id='word_1_726' title='bbox 1658 2879 1762 2916; x_wconf 81' lang='grc' dir='ltr'>Θαλῆς</span> <span class='ocrx_word' id='word_1_727' title='bbox 1781 2878 1959 2919; x_wconf 72' lang='grc' dir='ltr'>ἀπεφήνατο</span> <span class='ocrx_word' id='word_1_728' title='bbox 1983 2881 2140 2920; x_wconf 87' lang='grc' dir='ltr'>στοιχεῖον</span> <span class='ocrx_word' id='word_1_729' title='bbox 2165 2877 2258 2919; x_wconf 88' lang='grc' dir='ltr'>μόνον</span> <span class='ocrx_word' id='word_1_730' title='bbox 2279 2876 2357 2909; x_wconf 72' lang='grc' dir='ltr'>εἶναι</span> <span class='ocrx_word' id='word_1_731' title='bbox 2378 2877 2415 2909; x_wconf 82' lang='grc' dir='ltr'>τὸ</span> <span class='ocrx_word' id='word_1_732' title='bbox 2432 2877 2517 2920; x_wconf 76' lang='grc' dir='ltr'>ὕδωρ</span> 
     </span>
     <span class='ocr_line' id='line_1_100' title="bbox 1450 2923 2514 2968; baseline 0 -10"><span class='ocrx_word' id='word_1_733' title='bbox 1450 2927 1486 2958; x_wconf 70' lang='grc' dir='ltr'>ἐκ</span> <span class='ocrx_word' id='word_1_734' title='bbox 1505 2926 1747 2968; x_wconf 77' lang='grc' dir='ltr'>συγγράμματος</span> <span class='ocrx_word' id='word_1_735' title='bbox 1777 2925 1873 2958; x_wconf 82' lang='grc' dir='ltr'>αὐτοῦ</span> <span class='ocrx_word' id='word_1_736' title='bbox 1904 2925 2059 2958; x_wconf 78' lang='grc' dir='ltr'>δεικνύναι</span> <span class='ocrx_word' id='word_1_737' title='bbox 2092 2925 2150 2957; x_wconf 80' lang='grc' dir='ltr'>οὐκ</span> <span class='ocrx_word' id='word_1_738' title='bbox 2174 2925 2307 2967; x_wconf 83' lang='grc' dir='ltr'>ἔχομεν,</span> <span class='ocrx_word' id='word_1_739' title='bbox 2337 2923 2407 2957; x_wconf 80' lang='grc' dir='ltr'>ἀλλ’</span> <span class='ocrx_word' id='word_1_740' title='bbox 2428 2925 2514 2967; x_wconf 83' lang='grc' dir='ltr'>ὅμως</span> 
     </span>
     <span class='ocr_line' id='line_1_101' title="bbox 1449 2973 1963 3006; baseline -0.004 0"><span class='ocrx_word' id='word_1_741' title='bbox 1449 2976 1548 3006; x_wconf 82' lang='grc' dir='ltr'>ἅπασι</span> <span class='ocrx_word' id='word_1_742' title='bbox 1568 2975 1727 3006; x_wconf 79' lang='grc' dir='ltr'>καὶτοῦτο</span> <span class='ocrx_word' id='word_1_743' title='bbox 1746 2973 1963 3005; x_wconf 83' lang='grc' dir='ltr'>πεπίστευται.</span> 
     </span>
    </p>

    <p class='ocr_par' dir='ltr' id='par_1_23' title="bbox 1450 3019 2515 3251">
     <span class='ocr_line' id='line_1_102' title="bbox 1493 3019 2514 3063; baseline -0.002 -9"><span class='ocrx_word' id='word_1_744' title='bbox 1493 3022 1559 3063; x_wconf 82' lang='grc'>(23)</span> <span class='ocrx_word' id='word_1_745' title='bbox 1576 3021 1780 3054; x_wconf 62' lang='lat' dir='ltr'>&gt;Aristoteles</span> <span class='ocrx_word' id='word_1_746' title='bbox 1800 3020 1839 3052; x_wconf 81' lang='lat' dir='ltr'>de</span> <span class='ocrx_word' id='word_1_747' title='bbox 1860 3020 1977 3052; x_wconf 87' lang='lat' dir='ltr'>Anima</span> <span class='ocrx_word' id='word_1_748' title='bbox 2000 3019 2056 3053; x_wconf 87' lang='lat' dir='ltr'>lib.</span> <span class='ocrx_word' id='word_1_749' title='bbox 2075 3021 2090 3052; x_wconf 93' lang='lat'>1</span> <span class='ocrx_word' id='word_1_750' title='bbox 2110 3029 2181 3062; x_wconf 85' lang='lat' dir='ltr'>cap.</span> <span class='ocrx_word' id='word_1_751' title='bbox 2203 3024 2222 3052; x_wconf 85' lang='lat'>2</span> <span class='ocrx_word' id='word_1_752' title='bbox 2251 3032 2258 3052; x_wconf 93' lang='lat'><strong>:</strong></span> <span class='ocrx_word' id='word_1_753' title='bbox 2285 3019 2395 3053; x_wconf 75' lang='grc' dir='ltr'>Ἕοικε</span> <span class='ocrx_word' id='word_1_754' title='bbox 2409 3020 2443 3053; x_wconf 80' lang='grc' dir='ltr'>δὲ</span> <span class='ocrx_word' id='word_1_755' title='bbox 2458 3020 2514 3052; x_wconf 75' lang='grc' dir='ltr'>καὶ</span> 
     </span>
     <span class='ocr_line' id='line_1_103' title="bbox 1451 3068 2515 3111; baseline -0.003 -8"><span class='ocrx_word' id='word_1_756' title='bbox 1451 3072 1554 3111; x_wconf 85' lang='grc' dir='ltr'>Θαλῆς</span> <span class='ocrx_word' id='word_1_757' title='bbox 1573 3070 1603 3108; x_wconf 79' lang='grc' dir='ltr'>ἐξ</span> <span class='ocrx_word' id='word_1_758' title='bbox 1621 3070 1665 3102; x_wconf 88' lang='grc' dir='ltr'>ὧν</span> <span class='ocrx_word' id='word_1_759' title='bbox 1676 3069 1969 3110; x_wconf 71' lang='grc' dir='ltr'>ἀπομνημονεύουσι</span> <span class='ocrx_word' id='word_1_760' title='bbox 1986 3068 2145 3107; x_wconf 79' lang='grc' dir='ltr'>κινητικόν</span> <span class='ocrx_word' id='word_1_761' title='bbox 2160 3080 2190 3100; x_wconf 91' lang='grc' dir='ltr'>τι</span> <span class='ocrx_word' id='word_1_762' title='bbox 2201 3069 2257 3108; x_wconf 79' lang='grc' dir='ltr'>τὴν</span> <span class='ocrx_word' id='word_1_763' title='bbox 2274 3069 2382 3111; x_wconf 86' lang='grc' dir='ltr'>ψυχὴν</span> <span class='ocrx_word' id='word_1_764' title='bbox 2397 3068 2515 3101; x_wconf 76' lang='grc' dir='ltr'>ὑπολα-</span> 
     </span>
     <span class='ocr_line' id='line_1_104' title="bbox 1452 3115 2511 3160; baseline -0.002 -10"><span class='ocrx_word' id='word_1_765' title='bbox 1452 3118 1527 3157; x_wconf 58' lang='lat' dir='ltr'>een,</span> <span class='ocrx_word' id='word_1_766' title='bbox 1544 3117 1630 3160; x_wconf 65' lang='lat' dir='ltr'>eluso</span> <span class='ocrx_word' id='word_1_767' title='bbox 1645 3117 1699 3150; x_wconf 83' lang='grc' dir='ltr'>τὸν</span> <span class='ocrx_word' id='word_1_768' title='bbox 1715 3117 1798 3149; x_wconf 83' lang='grc' dir='ltr'>λίθον</span> <span class='ocrx_word' id='word_1_769' title='bbox 1818 3116 1874 3158; x_wconf 79' lang='grc' dir='ltr'>ἔφη</span> <span class='ocrx_word' id='word_1_770' title='bbox 1890 3117 1994 3157; x_wconf 77' lang='grc' dir='ltr'>ψυχὴν</span> <span class='ocrx_word' id='word_1_771' title='bbox 2015 3116 2111 3158; x_wconf 82' lang='grc' dir='ltr'>ἔχειν,</span> <span class='ocrx_word' id='word_1_772' title='bbox 2135 3115 2182 3148; x_wconf 86' lang='grc' dir='ltr'>ὅτι</span> <span class='ocrx_word' id='word_1_773' title='bbox 2203 3117 2256 3148; x_wconf 87' lang='grc' dir='ltr'>τὸν</span> <span class='ocrx_word' id='word_1_774' title='bbox 2273 3115 2401 3159; x_wconf 81' lang='grc' dir='ltr'>σίδηρον</span> <span class='ocrx_word' id='word_1_775' title='bbox 2418 3118 2511 3148; x_wconf 73' lang='grc' dir='ltr'>κινεῖ.</span> 
     </span>
     <span class='ocr_line' id='line_1_105' title="bbox 1451 3163 2514 3206; baseline -0.004 -8"><span class='ocrx_word' id='word_1_776' title='bbox 1451 3165 1499 3199; x_wconf 83' lang='lat' dir='ltr'>ld.</span> <span class='ocrx_word' id='word_1_777' title='bbox 1519 3165 1560 3198; x_wconf 90' lang='lat' dir='ltr'>de</span> <span class='ocrx_word' id='word_1_778' title='bbox 1581 3165 1671 3198; x_wconf 87' lang='lat' dir='ltr'>Coelo</span> <span class='ocrx_word' id='word_1_779' title='bbox 1701 3164 1754 3197; x_wconf 89' lang='lat' dir='ltr'>lib.</span> <span class='ocrx_word' id='word_1_780' title='bbox 1776 3165 1824 3204; x_wconf 85' lang='lat'>11,</span> <span class='ocrx_word' id='word_1_781' title='bbox 1849 3166 1885 3197; x_wconf 82' lang='lat'>13</span> <span class='ocrx_word' id='word_1_782' title='bbox 1901 3174 1909 3196; x_wconf 92' lang='lat'>:</span> <span class='ocrx_word' id='word_1_783' title='bbox 1927 3165 1988 3196; x_wconf 85' lang='grc' dir='ltr'>Τὸν</span> <span class='ocrx_word' id='word_1_784' title='bbox 2007 3164 2112 3205; x_wconf 76' lang='grc' dir='ltr'>λόγον,</span> <span class='ocrx_word' id='word_1_785' title='bbox 2128 3164 2162 3196; x_wconf 85' lang='grc' dir='ltr'>ὅν</span> <span class='ocrx_word' id='word_1_786' title='bbox 2182 3175 2276 3206; x_wconf 73' lang='grc' dir='ltr'>φασιν</span> <span class='ocrx_word' id='word_1_787' title='bbox 2292 3164 2389 3197; x_wconf 81' lang='grc' dir='ltr'>εὶπεῖν</span> <span class='ocrx_word' id='word_1_788' title='bbox 2407 3163 2514 3202; x_wconf 56' lang='lat' dir='ltr'>eam</span> 
     </span>
     <span class='ocr_line' id='line_1_106' title="bbox 1450 3213 1693 3251; baseline -0.004 -5"><span class='ocrx_word' id='word_1_789' title='bbox 1450 3214 1503 3246; x_wconf 84' lang='grc' dir='ltr'>τὸν</span> <span class='ocrx_word' id='word_1_790' title='bbox 1526 3213 1693 3251; x_wconf 74' lang='grc' dir='ltr'>Μιλήσιον.</span> 
     </span>
    </p>

    <p class='ocr_par' dir='ltr' id='par_1_24' title="bbox 1450 3257 2512 3342">
     <span class='ocr_line' id='line_1_107' title="bbox 1494 3257 2512 3302; baseline -0.005 -9"><span class='ocrx_word' id='word_1_791' title='bbox 1494 3261 1560 3302; x_wconf 75' lang='grc'>(24)</span> <span class='ocrx_word' id='word_1_792' title='bbox 1583 3260 1721 3294; x_wconf 76' lang='lat' dir='ltr'>Orellius</span> <span class='ocrx_word' id='word_1_793' title='bbox 1734 3261 1854 3301; x_wconf 81' lang='lat' dir='ltr'>opusc.</span> <span class='ocrx_word' id='word_1_794' title='bbox 1878 3261 2023 3292; x_wconf 79' lang='lat' dir='ltr'>veterum</span> <span class='ocrx_word' id='word_1_795' title='bbox 2044 3260 2147 3292; x_wconf 83' lang='lat' dir='ltr'>Graec.</span> <span class='ocrx_word' id='word_1_796' title='bbox 2171 3258 2308 3290; x_wconf 83' lang='lat' dir='ltr'>sentent.</span> <span class='ocrx_word' id='word_1_797' title='bbox 2327 3259 2361 3290; x_wconf 83' lang='lat' dir='ltr'>et</span> <span class='ocrx_word' id='word_1_798' title='bbox 2382 3257 2512 3298; x_wconf 62' lang='lat' dir='ltr'>moral„</span> 
     </span>
     <span class='ocr_line' id='line_1_108' title="bbox 1450 3309 1633 3342; baseline 0 -1"><span class='ocrx_word' id='word_1_799' title='bbox 1450 3309 1483 3342; x_wconf 92' lang='lat' dir='ltr'>in</span> <span class='ocrx_word' id='word_1_800' title='bbox 1502 3312 1590 3341; x_wconf 89' lang='lat' dir='ltr'>tomo</span> <span class='ocrx_word' id='word_1_801' title='bbox 1607 3311 1633 3341; x_wconf 88' lang='lat'>1.</span> 
     </span>
    </p>

    <p class='ocr_par' dir='ltr' id='par_1_25' title="bbox 1453 3352 2515 3541">
     <span class='ocr_line' id='line_1_109' title="bbox 1495 3352 2515 3398; baseline -0.005 -8"><span class='ocrx_word' id='word_1_802' title='bbox 1495 3356 1562 3398; x_wconf 82' lang='grc'>(25)</span> <span class='ocrx_word' id='word_1_803' title='bbox 1585 3356 1656 3394; x_wconf 87' lang='lat' dir='ltr'>Vel,</span> <span class='ocrx_word' id='word_1_804' title='bbox 1672 3356 1709 3388; x_wconf 85' lang='lat' dir='ltr'>ut</span> <span class='ocrx_word' id='word_1_805' title='bbox 1728 3354 1780 3387; x_wconf 85' lang='lat' dir='ltr'>alii</span> <span class='ocrx_word' id='word_1_806' title='bbox 1799 3353 1925 3394; x_wconf 84' lang='lat' dir='ltr'>volunt,</span> <span class='ocrx_word' id='word_1_807' title='bbox 1953 3353 2159 3387; x_wconf 80' lang='lat' dir='ltr'>Salaminius.</span> <span class='ocrx_word' id='word_1_808' title='bbox 2189 3353 2348 3393; x_wconf 85' lang='lat' dir='ltr'>Diogenes</span> <span class='ocrx_word' id='word_1_809' title='bbox 2368 3352 2515 3385; x_wconf 78' lang='lat' dir='ltr'>Laertius</span> 
     </span>
     <span class='ocr_line' id='line_1_110' title="bbox 1454 3399 2513 3444; baseline -0.004 -7"><span class='ocrx_word' id='word_1_810' title='bbox 1454 3404 1508 3437; x_wconf 84' lang='lat' dir='ltr'>lib.</span> <span class='ocrx_word' id='word_1_811' title='bbox 1525 3406 1551 3444; x_wconf 91' lang='lat'>1,</span> <span class='ocrx_word' id='word_1_812' title='bbox 1570 3407 1609 3436; x_wconf 76' lang='lat'>45</span> <span class='ocrx_word' id='word_1_813' title='bbox 1626 3413 1635 3436; x_wconf 74' lang='lat' dir='ltr'><strong><em>z</em></strong></span> <span class='ocrx_word' id='word_1_814' title='bbox 1649 3403 1755 3436; x_wconf 83' lang='grc' dir='ltr'>Σόλων</span> <span class='ocrx_word' id='word_1_815' title='bbox 1768 3402 1987 3440; x_wconf 80' lang='grc' dir='ltr'>Ἐξηκεστίδου</span> <span class='ocrx_word' id='word_1_816' title='bbox 2000 3401 2197 3443; x_wconf 75' lang='grc' dir='ltr'>Σαλαμίνιος.</span> <span class='ocrx_word' id='word_1_817' title='bbox 2213 3400 2398 3433; x_wconf 80' lang='lat' dir='ltr'>Herodotus</span> <span class='ocrx_word' id='word_1_818' title='bbox 2412 3399 2466 3432; x_wconf 77' lang='lat' dir='ltr'>tib.</span> <span class='ocrx_word' id='word_1_819' title='bbox 2483 3400 2513 3439; x_wconf 87' lang='lat'>1,</span> 
     </span>
     <span class='ocr_line' id='line_1_111' title="bbox 1453 3448 2511 3493; baseline -0.003 -8"><span class='ocrx_word' id='word_1_820' title='bbox 1453 3456 1492 3485; x_wconf 82' lang='lat'>29</span> <span class='ocrx_word' id='word_1_821' title='bbox 1509 3466 1516 3485; x_wconf 88' lang='lat'><strong>:</strong></span> <span class='ocrx_word' id='word_1_822' title='bbox 1533 3452 1638 3485; x_wconf 83' lang='grc' dir='ltr'>Σόλων</span> <span class='ocrx_word' id='word_1_823' title='bbox 1661 3451 1737 3493; x_wconf 78' lang='grc' dir='ltr'>ἀνὴρ</span> <span class='ocrx_word' id='word_1_824' title='bbox 1754 3450 1922 3488; x_wconf 77' lang='grc' dir='ltr'>Ἀθηναῖος.</span> <span class='ocrx_word' id='word_1_825' title='bbox 1946 3450 1999 3482; x_wconf 84' lang='lat' dir='ltr'>sie</span> <span class='ocrx_word' id='word_1_826' title='bbox 2015 3451 2125 3483; x_wconf 82' lang='lat' dir='ltr'>autem</span> <span class='ocrx_word' id='word_1_827' title='bbox 2151 3448 2344 3491; x_wconf 83' lang='lat' dir='ltr'>plerumque</span> <span class='ocrx_word' id='word_1_828' title='bbox 2365 3451 2511 3482; x_wconf 75' lang='lat' dir='ltr'>vocatur.</span> 
     </span>
     <span class='ocr_line' id='line_1_112' title="bbox 1454 3497 1958 3541; baseline -0.008 -9"><span class='ocrx_word' id='word_1_829' title='bbox 1454 3499 1527 3532; x_wconf 77' lang='lat' dir='ltr'>vtd.</span> <span class='ocrx_word' id='word_1_830' title='bbox 1543 3501 1667 3541; x_wconf 83' lang='lat' dir='ltr'>Menag.</span> <span class='ocrx_word' id='word_1_831' title='bbox 1687 3498 1727 3531; x_wconf 87' lang='lat' dir='ltr'>ad</span> <span class='ocrx_word' id='word_1_832' title='bbox 1750 3497 1866 3531; x_wconf 79' lang='lat' dir='ltr'>Laertii</span> <span class='ocrx_word' id='word_1_833' title='bbox 1885 3497 1906 3529; x_wconf 93' lang='grc' dir='ltr'>Ι.</span> <span class='ocrx_word' id='word_1_834' title='bbox 1929 3505 1958 3529; x_wconf 92' lang='lat' dir='ltr'>c.</span> 
     </span>
    </p>
   </div>
   <div class='ocr_carea' id='block_1_18' title="bbox 2494 0 2612 3791">
    <p class='ocr_par' dir='ltr' id='par_1_26' title="bbox 2494 0 2612 3791">
     <span class='ocr_line' id='line_1_113' title="bbox 2494 0 2612 3791; baseline 0 0"><span class='ocrx_word' id='word_1_835' title='bbox 2494 0 2612 3791; x_wconf 95' lang='lat' dir='ltr'> </span> 
     </span>
    </p>
   </div>
  </div>
 </body>
</html>
