2612 3814
1086 263 1426 306 FRAGMENTA.
2295 281 2346 316 93

174 356 224 382 ton
251 335 302 382 Ἦ
325 359 368 394 με
387 342 503 394 μάτην
523 340 753 397 φεύξεσθαι’
720 359 839 395 οιομαι
856 344 961 384 αἰπὺν
982 345 1139 398 ὄλεθρον.

250 401 336 454 Τρις
357 401 514 455 μάκαρες
535 402 653 452 μέντοι
673 403 733 442 καὶ
723 405 907 464 τετράκις
926 406 956 443 οἱ
980 404 1081 454 μὲν”
1061 420 1199 458 εχοντες

250 460 339 510 μηδὲ
357 460 540 513 κατατρώξ
544 476 624 499 αντε
626 478 642 506 ς
661 462 710 500 ε’νὶ
723 454 844 516 σχολῇ
865 463 955 502 ὅστ’
958 462 1151 504 ἐπέπαντο.

249 519 325 557 Νῦν
337 519 370 557 6’
377 521 438 568 ἔμε
426 517 683 570 λευγαλέαις”
664 535 771 571 ερισιν
781 519 929 573 εἵμαρτο
938 522 1107 572 δαμῆναι,
1117 524 1223 576 [τρεῖ.

249 577 309 616 καὶ
332 577 434 630 πενίῃ
448 607 458 625 ,
489 593 549 616 και
578 575 633 617 ὅστ’
665 578 760 618 ἄλλα
781 579 925 634 βροτους
944 584 1102 634 κηφῆνας
1121 583 1226 622 ἐλασ-

452 683 469 696 0
685 685 702 702 ἡ

168 768 218 794 10⁵
248 754 308 793 καί
326 771 377 799 τις
397 753 602 808 Ἀρίστωνος
619 750 743 808 γέννὴν
764 757 834 797 ἄπο
858 754 1010 808 αἱμύλου
1033 757 1158 797 ἕλκων.

453 861 470 877 ί
687 863 704 880 θ
921 862 938 879 ί

247 930 312 976 Τίς
331 931 359 970 6'
374 930 483 976 οὕτως
497 932 611 976 κτίλος
626 933 672 978 ὣς
683 934 914 972 ἐπιπωλεῖται
929 932 1053 986 στίχας
1067 934 1223 985 ἀνδρῶν;

248 990 435 1042 μωλύτης,
451 989 563 1030 ἐπέων
581 991 678 1045 φίλος
685 988 856 1042 ,”Ἀσσιος
868 1021 879 1041 ,
899 990 1005 1044 ὅλμος
1030 991 1193 1045 ἄτολμος.

925 1098 941 1114 ί

245 1166 364 1207 “Ηνίκ’
386 1169 493 1220 ἐχρῆν
512 1167 637 1216 δύνειν,
659 1173 717 1208 νῦν
736 1168 884 1221 ἄρχεται
899 1169 1102 1216 ἡδύνεσθαι.

245 1225 319 1280 ὥρη
341 1229 422 1280 ε’ρᾷν
436 1257 446 1276 ,
462 1226 537 1281 ὥρη
558 1226 593 1266 δὲ
609 1227 755 1280 γαμεῖν,
775 1226 905 1283 ὥρηιδὲ
926 1230 1146 1269 πεπαῦσθαι.

455 1334 472 1350 ᾗ
689 1334 706 1351 ᾗ
924 1335 940 1351 ¹

166 1419 217 1445 no
245 1405 395 1444 Πάντων
407 1405 470 1456 μὲν
492 1404 676 1457 πρώτιστα
695 1407 814 1444 κακῶν
833 1406 1000 1457 ἐπιθυμίη
1019 1405 1109 1444 ἔστί.

729 1512 745 1527 t

161 1660 383 1712 comparari
401 1669 526 1712 potest
547 1673 634 1698 cum
663 1659 805 1711 Odyss.
827 1659 933 1707 xxi,
957 1660 1034 1698 288
1055 1674 1064 1697 :
1084 1654 1107 1697 ἷι
1128 1658 1221 1698 δειλὲ

163 1718 292 1767 ξείνων,
315 1718 365 1758 ἔνι
383 1735 436 1757 τοι
453 1718 571 1772 φρένες
594 1720 666 1759 οὐδ’
682 1718 825 1768 ἠὸαιαί.
847 1719 957 1758 Adde
976 1719 1118 1771 Odyss.
1139 1719 1216 1769 Ill,

167 1784 211 1824 14
244 1787 283 1818 et
301 1779 414 1817 lliad.
437 1778 536 1827 XIV,
564 1785 652 1824 141.
678 1803 726 1810 —
744 1779 810 1819 Vs.
837 1793 910 1817 100
941 1779 1085 1817 fontem
1107 1778 1223 1817 habet

159 1837 434 1889 Odyss.XXll‚
450 1839 499 1886 67
515 1836 628 1876 ιάλλά
641 1840 705 1876 τιν’
719 1838 758 1875 οὔ
779 1835 963 1891 φεύξεσθαι
977 1834 1096 1888 ὀΐομαι
1114 1836 1219 1876 αἰπὺν

158 1894 315 1949 ὄλεθρον.
332 1917 388 1926 -
402 1897 467 1936 Vs.
496 1910 670 1934 xor-102
692 1896 812 1946 vulgo
834 1897 890 1935 sic
912 1896 1081 1936 eduntur
1107 1911 1116 1936 ε
1147 1896 1222 1949 τρὶς

160 1955 318 2009 μάκαρες
337 1956 456 2008 μέντοι
476 1955 535 1994 καὶ
552 1956 712 2009 τετράκις
730 1957 762 1994 οἱ
777 1954 827 2007 μὴ
848 1954 985 2008 ἔχοντες
1001 1955 1092 2008 μήτε
1108 1971 1220 1994 κατα-

159 2014 351 2068 τρώξαντες
366 2014 416 2054 ἐνὶ
433 2016 545 2068 σχολῇ
560 2013 636 2054 ὅσσ’
651 2014 842 2054 ἐπέπαντο.
859 2017 1030 2067 Apparet
1046 2016 1220 2068 priorem

159 2087 314 2115 versum
330 2076 503 2115 effictum
522 2089 606 2114 esse
622 2089 671 2115 ex
686 2076 827 2128 Odyss.
850 2077 897 2123 V,
920 2077 996 2114 306
1021 2091 1030 2114 :
1051 2076 1124 2128 τρὶς
1146 2077 1220 2128 μά-

157 2148 262 2189 καρες
282 2134 413 2175 Δαναοὶ
433 2133 495 2173 καὶ
513 2134 694 2186 τετράκις,
714 2133 746 2174 οἳ
769 2135 841 2173 τότ’
857 2133 992 2174 ὄλοντο.
1016 2134 1222 2174 Inducitur

153 2194 315 2246 juvenis
331 2195 489 2242 dolens,
509 2195 615 2246 quod
634 2194 778 2232 frustra
794 2193 1056 2245 philosophiae
1070 2194 1221 2233 dederit

157 2255 334 2308 operam,
357 2255 453 2295 adeo
473 2263 517 2293 ut
537 2254 676 2292 famem
695 2252 774 2292 sibi
794 2253 1061 2291 imminentem
1079 2255 1218 2305 praevi-

155 2314 257 2354 deat.
288 2314 537 2366 Quapropter
561 2325 627 2351 eos
653 2311 787 2350 beatos
807 2312 994 2363 praedicat
1013 2313 1082 2363 qui
1115 2312 1218 2353 bona

157 2388 226 2414 sua
244 2375 370 2414 adhuc
391 2374 595 2425 possident
616 2386 688 2411 nec
707 2373 748 2410 in
765 2373 846 2411 otio
865 2372 1019 2410 literato
1036 2386 1216 2411 consum-

157 2443 332 2484 pserunt.
347 2433 442 2479 Quae
462 2446 583 2485 quum
603 2432 658 2470 ita
676 2432 769 2480 sint,
794 2431 1035 2470 Villoisonus
1051 2432 1098 2470 ad
1119 2431 1215 2470 Cor-

157 2502 292 2532 nutum
313 2493 362 2532 de
381 2492 466 2532 Nat.
490 2492 599 2532 deor.
618 2506 656 2543 p.
680 2491 754 2536 354
776 2491 837 2530 ed.
858 2491 1004 2529 Osann.
1029 2505 1102 2542 pro
1119 2492 1151 2530 οἱ
1166 2490 1216 2541 μὴ

157 2550 294 2604 ἔχοντες
328 2551 532 2602 legendum
566 2551 718 2589 censuit
746 2550 809 2599 μὲν
831 2549 983 2602 ἔχοντες.
1004 2549 1089 2588 Non
1111 2551 1215 2588 enim

154 2623 222 2650 eos
237 2610 382 2662 quibus
396 2624 457 2649 res
477 2619 534 2649 est
550 2618 712 2659 angusta
728 2609 850 2656 domi,
865 2609 931 2647 sed
944 2611 1009 2659 qui
1030 2622 1100 2647 sua
1112 2608 1217 2648 bona

155 2671 195 2708 in
213 2670 540 2722 philosophorum
562 2669 706 2708 scholis
727 2669 889 2713 minime
909 2667 1068 2735 profusa
1090 2667 1215 2707 adhuc

154 2730 322 2769 retinent
351 2730 481 2768 felices
506 2742 589 2768 esse
609 2729 806 2767 existimat
825 2727 924 2766 ille
908 2728 1082 2778 juvenis.
1116 2727 1214 2766 Sunt

153 2802 247 2827 vero
265 2790 295 2827 οι
316 2787 455 2840 ἔχοντες
474 2790 628 2826 divites.
647 2787 733 2825 Vid.
763 2787 974 2825 Democrit.
1007 2786 1143 2835 fragm.
1173 2800 1212 2837 p.

152 2849 245 2900 261.
269 2848 345 2887 Sed
366 2856 469 2886 recte
489 2846 672 2885 observat
690 2846 870 2884 Osannus
891 2859 930 2897 p.
956 2836 1050 2895 355,
1072 2845 1106 2883 si
1125 2846 1213 2895 quis

152 2886 252 2946 itanc
267 2906 531 2958 conjecturam
548 2905 702 2957 probet,
716 2904 859 2943 simul
850 2918 891 2942 1n
904 2874 1081 2954 sequetiti
1097 2917 1213 2944 versu

152 2979 224 3017 pro
241 2966 329 3017 μήτε
349 2966 618 3017 reponendum
647 2978 730 3003 esse
746 2965 849 3014 μηδέ.
863 2985 918 2993 -
931 2963 996 3003 Vs.
1022 2964 1093 3000 103
1109 2963 1211 3003 haud

151 3025 346 3066 absimilis
364 3035 423 3065 est
442 3025 649 3064 Homerico
671 3024 809 3075 Odyss.
831 3023 877 3071 V,
907 3024 981 3061 312
1003 3025 1086 3060 ενῦν
1110 3020 1146 3060 δέ
1167 3039 1211 3072 με

149 3086 328 3139 λευγαλέῳ
349 3084 488 3138 Θανάτῳ
519 3083 665 3136 εἵμαρτο
688 3083 838 3122 ἁλῶναι.
859 3104 914 3112 -
931 3081 997 3120 Vs.
1028 3087 1115 3130 104.
1143 3097 1210 3129 κη-

150 3147 276 3195 φῆνας,
289 3145 364 3199 qui
386 3144 546 3196 proprie
562 3152 654 3182 sunt
674 3143 772 3191 fuci,
790 3142 854 3180 hic
873 3141 1026 3180 desides
1056 3139 1118 3178 vel
1144 3153 1209 3178 ar-

148 3202 324 3243 deliones
340 3213 428 3256 apte
447 3202 664 3242 vocaveris.

201 3262 267 3303 Vs.
293 3264 376 3302 105.
399 3262 461 3302 καί
476 3278 527 3306 τις
543 3261 749 3314 Αρίστωνος
765 3260 861 3312 κτλ.]
884 3260 1077 3309 Diogenes
1089 3257 1206 3296 Laer-

147 3322 226 3361 tius
246 3322 333 3370 Vll,
370 3323 440 3361 161
476 3322 524 3361 de
552 3322 768 3360 Aristone:
806 3322 872 3359 Ἠν
898 3318 934 3364 δέ
959 3334 1008 3362 τις
1027 3317 1206 3360 πειστικὸς

147 3394 207 3418 και
227 3379 324 3434 ὄχλῳ
340 3378 592 3431 πεποιημένος·
611 3379 686 3419 ὅθεν
706 3381 724 3418 ὃ
743 3377 868 3431 Τίμων
889 3392 974 3431 φησι
993 3392 1072 3429 περι
1087 3376 1206 3414 abrot-

146 3438 207 3477 καί
238 3454 289 3483 τις
320 3437 522 3492 Ἀρίστωνος
549 3436 672 3490 γέννης
701 3437 771 3476 ἄπο
800 3436 951 3487 αἱμύλου
981 3435 1106 3474 ἕλθων.
1133 3434 1210 3486 Ηίετγ

145 3499 268 3549 γέννης
283 3497 430 3539 ιηυῑειῖῐί
447 3499 488 3536 in
503 3497 640 3550 γέννην.
657 3497 730 3535 Vid
761 3497 808 3534 ad
823 3494 1046 3542 l‘urmenid.
1063 3507 1119 3532 vs.
1139 3494 1204 3533 62.

1289 355 1437 389 Profecto
1446 355 1527 390 salso
1538 358 1700 398 existimo,
1717 367 1769 392 me
1776 368 1872 399 grave
1885 361 2021 394 exitium
2034 363 2246 404 effugiturum
2261 374 2342 398 esse.

1287 415 1349 447 Ter
1365 418 1542 457 quaterque
1557 416 1642 449 beati
1655 419 1742 450 certe
1757 417 1875 452 divites
1891 419 1936 452 ilii

1288 473 1343 515 qui
1361 483 1428 507 non
1442 465 1712 517 consumpserunt
1728 477 1760 509 in
1777 465 1845 510 otio
1862 487 2080 521 quaecumqne
2095 479 2320 521 possidebant.

1287 534 1381 565 Nunc
1393 542 1470 566 vero
1481 534 1560 566 mihi
1574 535 1678 567 satum
1691 535 1750 568 suit
1759 536 1947 577 perniciosis
1955 539 2219 572 contentionibus
2227 542 2346 582 perire,

1287 593 1320 624 et
1333 595 1537 634 paupertate,
1550 597 1581 626 et
1598 595 1855 637 quibuscumque
1871 597 1942 630 aliis
1961 598 2147 631 mortalium
2165 599 2347 633 ardeliones

1560 696 1578 713 ἱ
1810 696 1824 714 ί
2057 699 2075 717 ί
2154 657 2345 699 [agitantur.

1288 772 1386 811 atque
1406 769 1447 802 ab
1471 757 1619 803 Aristone
1635 772 1758 804 urbano
1775 763 1876 813 genus
1891 773 2007 815 aliquis
2027 773 2161 808 ducens.

1559 867 1577 884 θ
1807 867 1825 885 *
2054 870 2072 887 ί

1287 944 1368 980 Quis
1390 952 1465 976 vero
1485 945 1531 977 sic
1547 945 1657 977 arietis
1674 945 1774 977 instar
1788 945 1857 978 obit
1876 936 2020 979 virorum
2038 947 2169 980 ordines
2187 941 2217 980 θ’
2261 948 2263 950 ’
2279 945 2281 947 ’

1287 1002 1419 1044 tardus,
1439 1003 1593 1036 verbosus
1606 1027 1616 1044 ,
1637 1004 1766 1044 Assius,
1783 1004 1918 1037 timidus
1934 1007 2097 1038 truncus:

1557 1098 1576 1116 ἡ
1802 1099 1819 1116 ί
2058 1100 2076 1118 ⁴*

1287 1160 1423 1212 Quando
1439 1174 1611 1215 oportebat
1624 1177 1762 1208 mortem
1783 1176 1885 1216 obire,
1903 1177 2016 1218 incipit
2032 1177 2149 1218 gaudio
2166 1158 2250 1220 [ταῖς

1286 1235 1415 1275 tempus
1429 1236 1477 1266 est
1488 1232 1616 1266 amandi
1627 1258 1636 1275 ,
1654 1235 1882 1276 tempus'item
1911 1236 2064 1278 conjugii,
2086 1239 2225 1279 'tempus
2242 1238 2344 1271 etiam

1569 1334 1587 1352 *
1797 1336 1815 1354 *
2048 1337 2065 1354 ἡ
2164 1295 2346 1338 [cessandi.

1286 1411 1440 1444 Omnium
1453 1412 1585 1453 quidem
1603 1413 1761 1445 malorum
1783 1415 1927 1454 primum
1948 1414 2048 1446 libido
2067 1416 2131 1447 est.

1802 1500 1818 1517 0
2095 1502 2112 1519 ᾗ

1284 1658 1447 1698 Sublato
1463 1659 1604 1697 mendo
1619 1659 1703 1697 vidi
1713 1659 1863 1697 Coraen
1879 1659 1998 1697 etiam
2015 1657 2157 1699 Ἀτάκτ.
2177 1658 2235 1697 lll
2253 1673 2344 1711 pag.

1290 1719 1501 1770 183ys'vvm
1517 1719 1748 1757 correxisse.

1340 1776 2345 1851 νεε.106-107.τίςδ’ούτωςκτίλος-ἄτολμος]1)ίο-

1284 1851 1400 1888 genes
1420 1837 1599 1876 Laertius
1612 1836 1794 1886 V11‚17o
1806 1836 1854 1874 de
1874 1836 2086 1875 Cleanthe:
2103 1829 2174 1876 Ην
2188 1836 2230 1882 δὴ
2248 1853 2345 1877 πονι-

1284 1896 1343 1941 κὸς
1365 1896 1441 1947 μέν,
1462 1896 1628 1950 &zpiemoc
1659 1896 1695 1934 δὲ
1716 1911 1776 1934 και
1810 1893 1940 1948 βραδυς
1960 1894 2263 1970 ὑπερδαλλόντως.
2282 1897 2346 1936 Διὸ

1284 1956 1344 1994 καὶ
1362 1956 1486 2008 Τίμων
1503 1955 1584 2008 περι
1605 1956 1711 1994 αὐτοῦ
1733 1969 1838 2007 φησιν
1858 1953 1986 1998 οὕτως·
2002 1953 2053 1998 τίς
2069 1955 2099 1993 δ’
2119 1957 2214 1999 οὗτος
2230 1955 2346 2000 κτίλος

1282 2014 1329 2059 ὣς
1347 2017 1427 2056 κτλ.
1448 2016 1526 2054 Pro
1547 2018 1645 2059 οὗτος
1662 2014 1880 2066 Stephanus
1907 2015 1950 2053 in
1968 2014 2080 2054 Poesi
2104 2015 2201 2066 phil.
2231 2029 2270 2067 p.
2293 2017 2344 2055 68

1282 2074 1399 2114 habet
1435 2075 1527 2114 οὕτω
1562 2074 1669 2126 quod
1707 2074 1934 2126 pronomini
1975 2074 2144 2125 praetuli.
2183 2074 2346 2114 Videtur

1281 2144 1408 2174 autem
1430 2136 1542 2187 prior
1561 2147 1698 2174 versus
1716 2136 1954 2186 compositus
1978 2133 2026 2171 ad
2043 2133 2344 2173 similitudi-nem

1283 2195 1482 2234 Homerici
1501 2194 1615 2235 Iliad.
1639 2194 1714 2242 Ill,
1739 2196 1811 2245 196
1833 2208 1841 2231 ε
1863 2192 1966 2235 αὐτὸς
1988 2193 2024 2231 δὲ
2056 2192 2172 2237 κτίλος
2197 2192 2244 2237 ὣς
2267 2196 2342 2233 ἐπι-

1281 2256 1451 2294 πωλεῖται
1470 2255 1593 2308 στίχας
1625 2254 1772 2306 ἀνδρῶν.
1792 2275 1847 2282 -
1862 2252 1926 2291 Vs.
1960 2266 2031 2301 107
2054 2252 2218 2303 μωλύτης
2238 2253 2341 2292 idem

1281 2324 1338 2354 est
1357 2316 1463 2367 quod
1490 2318 1609 2366 μῶλυς
1629 2313 1733 2365 apud
1753 2312 1991 2351 Nicandrum
2013 2311 2131 2352 Ther.
2162 2325 2221 2353 vs.
2254 2314 2302 2350 32
2328 2328 2337 2351 2

1282 2376 1401 2425 μῶλυς
1420 2373 1644 2426 ἐπιστείχων,
1662 2372 1795 2410 tardus
1811 2380 1848 2409 et
1865 2371 1996 2421 segnis
2007 2400 2018 2418 ,
2041 2371 2119 2418 vel,
2133 2371 2342 2410 scholiasta

1280 2436 1503 2486 interprete,
1523 2431 1652 2486 βραδὺς
1665 2431 1725 2470 καὶ
1741 2429 1852 2477 νωθὴς
1867 2428 1888 2477 ἢ
1907 2429 2051 2484 μογερὸς
2067 2428 2089 2477 ἢ
2106 2429 2262 2483 νωχελὴς
2280 2430 2341 2469 καὶ

1280 2494 1380 2546 μόλις
1402 2493 1548 2546 βαίνων.

1291 2588 1294 2589 ⁷
1331 2553 1417 2592 Vss.
1447 2553 1629 2602 108-109.
1652 2550 1860 2591 Athenaeus
1880 2549 1953 2588 lib.
1974 2549 2047 2587 Vll
2068 2562 2154 2601 cap.
2179 2556 2223 2595 14
2247 2564 2335 2602 pag.

1279 2613 1351 2650 281
1378 2625 1389 2650 ι
1410 2610 1502 2663 Περὶ
1529 2609 1564 2649 δὲ
1584 2609 1765 2650 Διονυσίου
1786 2613 1845 2649 τοῦ
1874 2608 2125 2661 Ἡρακλεώτου
2147 2608 2181 2647 τί
2201 2609 2252 2648 δεῖ
2277 2609 2338 2648 καὶ

1276 2672 1406 2724 λέγειν;
1426 2670 1461 2715 ὃς
1481 2670 1641 2723 ἄντικρυς
1658 2668 1788 2714 ἀποδὺς
1805 2667 1863 2708 τὸν
1880 2671 1942 2716 τῆς
1964 2670 2089 2722 ἀρετῆς
2117 2670 2252 2722 χιτῶνα
2278 2671 2337 2707 ἀν-

1277 2732 1352 2770 θινὰ
1398 2730 1690 2804 μετημφιάσατο,
1725 2728 1787 2769 καὶ
1832 2727 2022 2780 Μεταθέμε
2009 2743 2081 2773 ενος
2125 2728 2338 2780 καλούμενος

1276 2807 1290 2828 ε
1294 2806 1418 2843 χαιρε
1437 2806 1496 2829 και
1489 2790 1552 2829 ’τοι
1570 2788 1715 2843 γηραιὸς
1733 2787 1890 2833 ἀποστας
1912 2791 1982 2827 τῶν
1999 2804 2062 2835 της
2082 2788 2197 2832 Στοᾶς
2224 2787 2336 2840 λόγων

1275 2867 1335 2889 και
1366 2850 1423 2889 ἐπὶ
1451 2850 1511 2890 τὸν
1540 2849 1750 2903 Ἐπίκουρον
1778 2849 2048 2900 μεταπηδήσας.
2089 2847 2169 2900 περὶ
2206 2851 2244 2886 οὗ
2274 2850 2337 2887 οὐκ

1276 2911 1453 2964 ἀχαρίτως
1471 2912 1489 2949 ὁ
1508 2909 1671 2962 Τίμων’
1654 2924 1736 2963 εφη·
1757 2908 1851 2957 ἡνίκ’
1867 2910 1974 2963 ἐχρῆν
1990 2909 2070 2948 κτλ.
2093 2908 2172 2946 Pro
2192 2912 2336 2947 πεπαῦ-

1275 2975 1354 3010 σθαι
1373 2970 1486 3016 codd.
1511 2969 1693 3008 nonnulli
1711 2968 1901 3008 παύεσθαι.
1923 2966 2045 3006 Δύνειν
2077 2967 2238 3019 ponitur
2266 2966 2336 3004 ab·

1274 3031 1398 3070 solute
1418 3043 1490 3082 pro
1506 3034 1618 3076 mori,
1642 3038 1795 3067 mortem
1815 3029 1937 3075 obire,
1959 3036 2002 3066 ut
2033 3026 2138 3078 apud
2165 3025 2333 3076 AEschy-

1274 3093 1352 3130 lum
1373 3092 1511 3141 Agam.
1524 3103 1582 3128 vs.
1611 3094 1727 3139 1094,
1748 3087 1825 3140 βίου
1846 3085 1980 3136 δύντος,
1998 3088 2201 3124 occidentis
2221 3090 2337 3126 υιέιε»,Δ

1273 3151 1329 3190 De
1345 3163 1388 3189 re
1407 3151 1492 3201 ipsa
1508 3149 1600 3187 vide
1616 3149 1831 3198 Diogenem
1847 3146 2042 3185 Laertium
2058 3144 2128 3184 lib.
2146 3142 2232 3192 Vll,
2259 3146 2331 3182 166

1271 3210 1434 3261 ejusque
1452 3209 1696 3260 interpretes.

1323 3271 1391 3310 Vs.
1420 3282 1510 3308 110.
1536 3268 1677 3306 πάντων
1700 3265 1762 3315 μὲν
1793 3265 1977 3319 πρώτιστα
1997 3266 2095 3316 κτλ.]
2126 3263 2329 3302 Athenaeus

1270 3329 1340 3370 lib.
1362 3328 1452 3367 Vlll
1474 3341 1559 3380 cap.
1585 3328 1630 3365 16
1653 3341 1660 3364 :
1680 3326 1882 3378 Παγκάλως
1901 3324 1936 3363 δὲ
1958 3326 2017 3363 καὶ
2038 3327 2056 3363 ὁ
2084 3322 2208 3373 Τίμων
2241 3322 2305 3374 ἔφη
2320 3337 2327 3345 ·

1269 3389 1410 3428 πάντων
1433 3386 1495 3438 μὲν
1518 3387 1702 3442 πρώτιστα
1721 3388 1798 3425 κτλ,
1829 3385 2023 3423 Incertum
2055 3396 2170 3433 quem
2201 3381 2328 3433 philo-

1269 3449 1434 3501 sophum
1455 3448 1599 3486 Timon
1618 3447 1690 3485 hoc
1714 3459 1830 3484 versu
1851 3442 2126 3494 designaverit.
