2612 3814
241 288 319 322 406
1018 279 1201 320 OCELLI
1231 279 1419 320 LUCANI
1449 279 1613 319 LIBER.

238 370 320 414 ἕξεις
342 368 506 419 γίνονται·
528 367 684 419 μάλιστα
706 367 742 407 δὲ
757 366 898 406 πάντων
921 367 1093 420 προσήκει
1112 368 1280 421 φυλάττε-

239 432 318 467 σθαι
339 427 378 466 τὸ
395 426 648 474 καθεστηκυίας
667 429 728 474 τῆς
749 427 901 472 διανοίας
918 427 978 470 τὰς
992 426 1101 477 μίξεις
1114 427 1282 478 γίνεσθαι·

238 488 277 525 ἐκ
298 484 439 539 φαύλων
456 484 523 538 γὰρ
543 484 602 523 καὶ
624 484 842 539 ἀσυμφώνων
862 485 922 524 καὶ
944 486 1162 538 ταραχωδῶν
1182 484 1284 529 ἕξεων

239 543 400 598 μοχθηρὰ
416 544 549 595 γίνεται
568 544 613 582 τὰ
631 543 835 598 σπέρματα.
913 545 935 595 S
961 552 1019 583 14.
1045 543 1145 582 Μετὰ
1167 543 1284 587 πάσης

239 598 298 643 οὖν
319 604 470 650 σπουδῆς
491 602 551 641 καὶ
578 607 756 656 προσοχῆς
782 604 832 641 δεῖ
862 602 1163 648 καταὸάλλεσθαι,
1193 599 1285 644 ὅπως

239 663 284 702 τὰ
308 662 508 715 γεννώμενα
529 662 669 714 γίνηται
689 661 925 714 χαριέστατα,
942 661 1001 699 καὶ
1027 659 1195 710 γενόμενα
1218 675 1285 697 κα-

239 723 308 767 λῶς
325 724 525 775 ἀνατραφῇ.
545 724 598 761 Οὐ
611 722 679 774 γὰρ
697 721 842 770 δίκαιον,
854 719 931 764 τοὺς
947 718 1009 770 μὲν
1026 719 1214 772 φιλίππους
1226 718 1287 756 καὶ

241 780 426 835 φιλόκυνας
441 781 502 819 καὶ
522 780 715 834 φιλόρνιθας
736 779 825 830 μετὰ
841 779 955 825 πάσης
971 776 1173 827 ἐπιμελείας
1187 792 1288 830 φρον-

240 840 319 879 τίδα
333 843 506 878 ποιεῖσθαι
522 842 590 878 τῶν
607 838 808 890 γινομένων,
820 839 866 881 ὡς
877 838 941 884 δεῖ,
955 836 1015 875 καὶ
1030 834 1063 880 ἐξ
1080 829 1127 874 ὧν
1143 836 1205 883 δεῖ,
1227 834 1288 872 καὶ

241 899 299 938 ὅτε
323 899 393 943 δεῖ,
414 898 473 936 καὶ
495 900 568 942 πῶς
585 897 811 947 διακειμένων
825 926 834 943 ,
852 895 1007 948 γίνεσθαι
1023 895 1085 939 τὰς
1101 893 1209 944 μίξεις
1226 893 1285 932 καὶ

241 957 303 1001 τὰς
328 957 528 1006 κοινωνίας,
556 960 616 995 τοῦ
646 956 694 1005 μὴ
717 958 763 999 ὡς
783 955 885 1008 ἔτυχε
913 953 1067 1006 γίνεσθαι
1095 952 1140 990 τὰ
1164 952 1291 1004 γεννώ-

243 1031 343 1064 μενα·
367 1015 443 1060 τοὺς
463 1015 500 1054 δὲ
524 1014 725 1067 ἀνθρώπους
740 1014 872 1065 μηδένα
895 1013 1068 1052 ποιεῖσθαι
1095 1011 1198 1064 λόγον
1219 1014 1287 1050 τῶν

244 1075 338 1113 ἰδίων
358 1074 523 1125 ἐγγόνων,
541 1073 631 1112 ἀλλὰ
652 1073 712 1112 καὶ
726 1079 848 1126 γεννᾷν
870 1075 916 1118 ὡς
935 1071 1036 1124 ἔτυχε
1049 1101 1059 1119 ,
1083 1071 1143 1109 καὶ
1159 1087 1289 1124 γεννω-

244 1131 356 1182 μένων
383 1132 562 1185 ὀλιγωρεῖν
591 1131 651 1170 καὶ
680 1134 742 1179 τῆς
767 1134 895 1184 τροφῆς
926 1131 987 1170 καὶ
1018 1134 1081 1178 τῆς
1112 1129 1287 1174 παιδείας.

243 1191 368 1230 Ταῦτα
386 1189 454 1242 γὰρ
473 1190 699 1241 ἀμελούμενα
718 1189 834 1237 πάσης
851 1189 975 1234 κακίας
994 1188 1054 1227 καὶ
1072 1187 1288 1240 φαυλότητος

242 1247 412 1303 παραίτια
421 1249 565 1299 γίνεται,
577 1247 837 1300 βοσκηματώδη
847 1249 906 1287 καὶ
916 1250 1040 1302 ἀγεννῆ
1051 1249 1286 1286 ἀποτελοῦντα

243 1306 287 1345 τὰ
306 1307 522 1359 γεννώμενα.
559 1303 563 1307 ’

245 1422 332 1453 recte
355 1419 497 1460 jungitur
515 1420 672 1452 infinitivo
695 1429 757 1452 non
776 1420 901 1460 adiecto
927 1420 982 1460 μή.
1010 1420 1150 1459 AEsclnyl.
1179 1419 1292 1459 Suppl.

243 1474 275 1499 v.
291 1469 352 1498 202
368 1479 375 1499 :
390 1467 559 1507 φυλάξομαι
579 1466 611 1498 δὲ
624 1467 719 1500 τάσδε
736 1468 908 1510 μεμνῆσθαι
921 1467 1007 1498 σέθεν
1026 1467 1139 1503 Κεόνὰς
1153 1466 1293 1508 ἐφετμάς.

244 1513 358 1554 ltaque
374 1514 453 1545 nihil
468 1514 670 1546 mutandum.

284 1561 401 1601 γίνεται
420 1561 460 1592 τὰ
485 1561 668 1603 σπέρματα]
688 1563 823 1603 Vulgata
843 1561 911 1593 llaec
930 1560 1023 1592 lectio
1039 1563 1087 1592 est
1101 1569 1197 1601 quam
1221 1569 1287 1592 ser-

245 1607 383 1640 vandam
405 1608 531 1648 putavi,
549 1609 609 1640 etsi
638 1609 668 1640 in
692 1609 765 1642 cod.
797 1611 870 1641 Par.
895 1610 932 1640 Α.
956 1607 1114 1648 γίγνονται
1138 1609 1236 1648 atque
1262 1607 1292 1640 in

243 1654 367 1686 caeteris
379 1653 505 1686 duobus
522 1653 657 1694 γίνονται
673 1655 799 1696 legitur,
821 1653 906 1695 quod
922 1653 954 1685 in
975 1656 1097 1686 Lovan.
1117 1654 1169 1686 ed.
1188 1656 1295 1686 trans-

244 1700 314 1733 ivit.
485 1721 488 1729 .

285 1747 304 1789 §
331 1748 380 1779 14.
411 1747 588 1789 γεννώμενα
613 1748 754 1790 γίνηται]
781 1748 876 1781 codd.
898 1750 989 1781 Parr.
1016 1751 1052 1781 Α.
1080 1749 1113 1781 et
1131 1750 1183 1790 C.;
1216 1748 1293 1780 item

243 1793 417 1827 Battaesius
434 1796 465 1826 et
481 1793 689 1836 Rudolplius.
710 1795 789 1827 Cod.
804 1797 877 1827 Par.
890 1796 926 1827 B.
941 1795 1118 1836 γεννώμενα
1131 1794 1290 1836 γίγνηται,

246 1840 332 1881 quod
355 1840 387 1872 in
416 1840 490 1873 cod.
510 1843 584 1874 vat.
603 1843 743 1884 repperit
767 1841 1022 1876 Siebenlieesius.
1043 1844 1076 1874 ln
1103 1843 1167 1874 alio
1184 1842 1294 1875 codice

244 1889 319 1920 vat.
340 1887 438 1920 verba
454 1889 575 1929 γίνηται
600 1901 671 1932 χαρ.
699 1892 752 1923 καὶ
777 1900 859 1933 γενν.
885 1890 968 1921 teste
990 1890 1144 1923 vizzanio
1173 1890 1294 1923 deside-

246 1935 369 1967 rantur.
384 1936 604 1968 Commelinus
623 1938 762 1979 denique
779 1943 811 1971 et
828 1942 999 1975 vizzanius
1013 1940 1143 1982 γίνεται·

286 1982 437 2023 γενόμενα
452 1985 554 2021 καλῶς
567 1984 746 2028 ἀνα-τραφῇ]
762 1988 807 2019 lta
820 1988 914 2022 codd.
929 1991 1020 2022 Parr.
1036 1989 1075 2019 A.
1090 1986 1122 2019 et
1135 1987 1173 2018 C.
1196 1986 1294 2027 atque

246 2029 325 2063 edit.
349 2031 483 2070 Lovan.;
510 2031 594 2063 male
613 2032 684 2064 cod.
707 2035 742 2066 B.
763 2037 940 2076 γεννώμενα
958 2036 1062 2072 καλῶ;
1079 2035 1099 2066 ἀ
1115 2058 1124 2073 ,
1149 2033 1238 2074 quod
1262 2034 1295 2066 in

246 2077 402 2117 Vizzanii,
422 2078 524 2118 Galei,
549 2081 725 2122 Dargensii‚
739 2082 900 2124 Rudolplli
919 2083 1054 2125 aliisque
1073 2082 1148 2114 edd.
1165 2081 1292 2122 legitur.

287 2124 324 2156 οὗ
342 2124 402 2167 γὰρ
425 2125 506 2168 δικ.]
521 2127 624 2160 codd.
646 2130 733 2162 Patr.
761 2130 906 2169 praebent
923 2131 995 2163 οὐδὲ
1021 2130 1080 2172 γὰρ
1096 2131 1175 2170 δικ.;
1198 2130 1296 2162 editio

247 2172 371 2204 Lovan.
389 2172 460 2204 οὔτε
476 2173 510 2205 δὲ
530 2174 609 2215 γὰρς
635 2176 791 2210 Commel.
814 2181 910 2219 atque
926 2178 978 2211 alii
998 2178 1108 2217 legunt
1125 2178 1196 2210 οὔτε
1213 2178 1294 2219 (δὲ)

246 2219 317 2272 γριρ.
339 2219 547 2252 Desideratur
567 2222 599 2253 δὲ
614 2222 645 2253 in
657 2222 731 2256 edd.
747 2224 891 2257 vizzanii
908 2228 941 2258 et
957 2225 1099 2259 Battaesii
1110 2249 1120 2266 ,
1134 2225 1191 2259 sed
1207 2235 1295 2266 repe·

248 2268 328 2319 ntur
348 2266 379 2297 in
396 2267 543 2300 Vizzanii
559 2268 630 2301 cod.
645 2271 741 2309 vat.;
760 2271 1007 2305 Siebenkeesius
1021 2273 1131 2305 autem
1149 2273 1220 2305 οὐδὲ
1239 2283 1295 2307 nro

247 2321 319 2366 o-fre
331 2312 485 2353 scriptum
499 2315 633 2348 invenit.
650 2316 713 2349 Sed
731 2326 790 2358 ego
808 2327 913 2360 neque
929 2319 999 2351 οὐδὲ
1022 2320 1082 2361 γὰρ
1099 2328 1202 2360 neque
1224 2320 1296 2352 οὔτε

247 2368 307 2399 γαρ
324 2366 428 2400 neque
441 2361 512 2394 οὔτε
536 2362 569 2394 δὲ
580 2363 639 2405 γὰρ
657 2363 719 2396 hoc
739 2364 810 2397 loco
828 2366 907 2398 sero.
929 2365 1146 2399 scribendum
1175 2363 1212 2399 οὗ
1236 2378 1296 2409 γαρ

249 2404 336 2444 quod
354 2407 459 2441 solum
478 2409 611 2451 simplici
628 2411 703 2443 huic
716 2413 888 2445 sententiae
906 2414 1070 2454 congruit.

268 2497 274 2503 ι
290 2453 453 2494 φιλίππους
480 2458 533 2489 καὶ
551 2458 712 2498 φιλόκυνας
728 2460 780 2492 καὶ
802 2461 991 2504 φιλόρνιθας]
1008 2461 1102 2494 codd.
1126 2462 1190 2495 tres
1208 2461 1294 2494 Pari-

249 2504 370 2532 sienses
393 2503 425 2535 et
453 2503 528 2536 edit.
547 2506 668 2538 Lovan.
687 2506 835 2539 Eundem
853 2507 1001 2541 ordinem
1032 2509 1176 2551 sequitur
1202 2508 1295 2541 Chri-

1348 383 1421 407 vero
1461 374 1606 406 omnium
1654 374 1794 407 maxime
1829 376 2008 408 curandum
2046 379 2113 416 est,
2148 377 2183 409 ut
2218 376 2331 416 pacata
2362 376 2398 410 et

1347 438 1518 480 tranquilla
1541 441 1647 471 mente
1663 438 1855 472 concubitus
1878 439 1945 473 liat.
2002 442 2083 474 Nam
2102 449 2202 482 quum
2231 442 2398 482 pravuset

1348 501 1578 543 incompositus
1593 503 1626 534 et
1645 502 1851 543 perturbatus
1875 503 1975 536 animi
2000 504 2131 536 habitus
2149 505 2216 544 est,
2244 503 2359 536 vitiosa
2379 512 2400 537 e

1350 571 1483 608 corpore
1496 567 1618 600 semina
1637 567 1742 600 solent
1759 567 1895 609 prodire.
1942 568 1961 610 §
1982 571 2029 602 14.
2049 569 2145 602 Omni
2172 569 2267 610 igitur
2292 569 2401 603 studio

1349 631 1502 671 omnique
1523 629 1622 662 animi
1650 630 1827 663 attentione
1850 630 2058 664 (nodamenta
2081 630 2230 672 jacienda
2248 632 2344 673 sunt,
2361 631 2400 664 ut

1350 692 1477 725 venusti
1494 695 1666 725 nascantur
1689 692 1802 732 liberi,
1818 694 1852 726 et
1865 696 2033 734 postquam
2055 694 2118 726 orti
2139 693 2204 726 sint
2230 692 2402 725 liberaliter

1350 755 1540 788 educentur.
1583 756 1699 796 Neque
1709 754 1794 788 enim
1807 762 1939 796 aequum
1957 756 2006 788 est
2021 763 2075 788 eos
2090 755 2146 796 qui
2160 763 2260 797 equos
2273 755 2330 787 aut
2347 762 2399 787 ca·

1353 827 1407 851 nes
1424 821 1479 850 aut
1496 826 1575 850 aves
1594 817 1686 850 alunt
1704 817 1792 850 omni
1814 816 1975 858 diligentia
1993 817 2179 859 providere,
2203 819 2240 850 ut
2257 816 2402 856 belluas.

1351 879 1623 921 quemadmodum
1641 880 1674 912 et
1689 887 1728 911 ex
1745 878 1863 920 quihus
1881 879 1914 911 et
1931 887 1997 920 qno
2010 880 2153 919 tempore
2165 879 2326 919 oporteat,
2346 886 2402 919 ge-

1352 946 1484 984 nerent,
1511 943 1544 975 et
1565 950 1630 983 quo
1658 940 1756 974 modo
1777 940 1902 974 affectae
1931 940 2018 973 coire
2034 939 2184 981 debeant,
2211 948 2253 973 ne
2275 939 2347 972 vilis
2363 947 2403 972 ac

1353 1006 1492 1048 vulgaris
1522 1006 1672 1038 nascatur
1695 1004 1816 1047 proles,
1840 1004 1988 1037 homines
2010 1012 2089 1036 vero
2108 1003 2229 1036 nullam
2259 1003 2399 1035 tiliorum

1352 1077 1486 1101 suorum
1517 1076 1630 1100 curam
1652 1075 1760 1108 gerere
1777 1090 1787 1107 ,
1808 1066 1866 1099 sed
1889 1065 1995 1107 potius
2022 1064 2117 1105 illos,
2143 1065 2179 1097 ut
2209 1072 2280 1097 sor·
2306 1064 2403 1098 tunt.

1353 1137 1532 1170 procreare,
1546 1130 1579 1161 et
1593 1135 1695 1169 quum
1711 1127 1898 1169 genuerint,
1910 1127 2052 1169 ipsorum
2069 1125 2294 1159 educationem
2304 1126 2404 1160 ‚insti-

1355 1192 1582 1233 tutionemque
1613 1191 1783 1233 negligere.
1851 1192 1910 1224 nm
1935 1191 2020 1223 enim
2043 1199 2094 1223 res
2117 1189 2270 1231 neglectae
2292 1189 2400 1222 omnis

1353 1254 1567 1295 improbitatis
1587 1255 1620 1286 et
1638 1253 1789 1295 nequitiae
1812 1261 1920 1286 causae
1936 1254 2014 1285 sunt
2026 1275 2036 1292 ,
2054 1251 2173 1293 quippe
2193 1259 2268 1293 quae
2284 1250 2401 1285 liberos

1353 1317 1532 1349 belluarum
1549 1315 1669 1348 similes
1684 1316 1830 1356 vilesque
1846 1314 2000 1348 efficiant.

1355 1419 1479 1451 stianus
1496 1419 1528 1450 in
1541 1417 1823 1458 interpretatione.
1838 1416 1945 1456 Vulgo
1967 1418 2075 1447 autem
2093 1414 2146 1446 liae
2167 1422 2264 1447 voces
2279 1413 2324 1446 ita
2337 1411 2408 1445 col-

1357 1466 1502 1498 locantur
1518 1465 1684 1507 φιλίππους
1703 1465 1756 1496 καὶ
1767 1463 1940 1506 φιλόρνιθας
1961 1463 2015 1495 καὶ
2030 1461 2205 1504 φιλόκυνας.

1397 1513 1553 1555 γίνεσθαι]
1571 1514 1641 1546 Hoc
1657 1513 1727 1545 loco
1743 1513 1775 1545 et
1789 1511 1900 1553 paucis
1917 1510 2025 1543 verbis
2044 1509 2221 1550 interjectis
2236 1507 2309 1541 cod.
2330 1509 2404 1541 Par.

1356 1563 1392 1594 C.
1412 1560 1568 1602 γίνεσθαι,
1584 1560 1639 1592 sed
1658 1559 1753 1592 codd.
1774 1561 1811 1592 A.
1826 1559 1860 1591 et
1881 1560 1919 1591 B.
1931 1557 2104 1598 γίγνεσθαι.

1396 1611 1452 1640 τοῦ
1483 1606 1546 1649 μὴ]
1568 1606 1663 1639 codd.
1693 1609 1789 1639 Parr.
1809 1606 1899 1638 Vatt.
1935 1605 2047 1638 Barth.
2078 1606 2179 1646 atque
2206 1602 2279 1637 edd.
2315 1602 2406 1636 Vizz.

1355 1659 1482 1690 comm.
1505 1655 1589 1687 Batt.
1608 1653 1716 1694 Rud.;
1730 1656 1814 1694 Nog.
1839 1652 1923 1685 male
1934 1655 1991 1685 τοῦ
2008 1652 2074 1684 καὶ.

1396 1705 1435 1735 τὰ
1449 1702 1647 1745 γεννώμενα]
1669 1701 1767 1734 codd.
1790 1704 1884 1735 Parr.
1905 1702 1939 1734 et
1953 1709 2067 1734 omnes
2088 1698 2163 1733 edd.
2192 1701 2313 1741 proeter
2330 1700 2407 1732 Bat-

1357 1752 1543 1790 taesianam‚
1559 1751 1616 1784 ubi
1635 1749 1753 1790 legitur
1771 1749 1964 1791 γεννήματα.

1397 1798 1541 1831 ἀλλὰκαὶ
1565 1795 1696 1840 γεννᾷν]
1718 1795 1812 1828 codd.
1839 1798 1906 1829 tres
1927 1797 2020 1828 Parr.
2051 1795 2148 1836 atque
2174 1793 2251 1827 edd.
2281 1795 2406 1826 Lovau.

1356 1846 1444 1878 Vizz.
1469 1846 1567 1885 Batt.;
1583 1846 1637 1877 καὶ
1652 1844 1743 1876 uncis
1762 1842 1923 1876 inclusum
1939 1842 1972 1874 in
1994 1841 2152 1874 Commel.
2167 1840 2219 1873 ed.

1396 1894 1450 1925 καὶ
1468 1897 1521 1932 τῆς
1537 1896 1650 1936 τροφῆς
1665 1892 1718 1924 καὶ
1733 1895 1787 1930 τῆς
1800 1890 1909 1932 παιδ.]
1921 1889 2016 1922 codd.
2037 1891 2139 1929 Parr‚;
2156 1888 2245 1929 prius
2262 1889 2317 1920 καὶ
2331 1891 2408 1920 ante

1355 1945 1409 1980 τῆς
1439 1944 1552 1983 τροφῆς
1573 1939 1732 1971 omissum
1751 1939 1801 1972 est
1824 1938 1857 1970 iu
1885 1937 2029 1970 Battaesii
2060 1936 2214 1978 editione,
2249 1937 2410 1978 posterius

1357 1989 1448 2022 deest
1470 1990 1503 2021 in
1522 1987 1727 2021 Lovaniensi.

1397 2041 1495 2069 ταῦτα
1505 2034 1578 2078 γὰρ]
1591 2035 1685 2068 codd.
1696 2036 1789 2067 Parr.
1807 2036 1844 2066 Α.
1857 2034 1890 2066 et
1900 2035 1937 2066 c.
1956 2036 1988 2066 et
2003 2041 2116 2065 omnes
2127 2031 2216 2073 edd.;
2229 2031 2289 2074 γὰρ
2304 2030 2406 2065 omis·

1355 2093 1426 2117 sum
1444 2085 1476 2116 in
1489 2083 1562 2116 cod.
1581 2084 1617 2116 B.
1635 2083 1733 2123 atque
1749 2081 1782 2114 in
1795 2081 1991 2114 membranis
2003 2082 2096 2113 Vatt.
2117 2082 2151 2112 et
2173 2079 2283 2112 Barth.

1397 2130 1532 2172 γίνεται]
1554 2129 1624 2162 cod.
1646 2131 1718 2162 Par.
1736 2129 1789 2167 C.;
1813 2127 1868 2160 sed
1883 2127 1956 2160 cod.
1976 2131 2014 2161 Α.
2031 2129 2065 2160 et
2081 2129 2118 2159 B.
2133 2126 2282 2167 γίγνεται.

1398 2178 1529 2220 ἀγεννῆ]
1541 2177 1614 2210 cod.
1631 2180 1705 2210 Par.
1721 2178 1773 2217 B.·;
1788 2176 1820 2208 in
1835 2176 1969 2218 reliquis
1985 2175 2113 2208 duobus
2140 2173 2237 2207 codd.
2258 2176 2346 2207 l‘arr.
2368 2173 2410 2206 le·

1356 2225 1442 2266 gitur
1459 2225 1566 2266 ἀγενῆ,
1581 2233 1679 2266 quam
1701 2224 1872 2257 lectionem
1902 2232 1965 2256 non
1992 2223 2155 2256 debebant
2180 2223 2212 2254 in
2236 2221 2409 2254 verborum

1356 2273 1500 2305 ordinem
1517 2272 1657 2313 recipere
1672 2271 1779 2305 editor
1798 2269 2005 2304 Lovaniensis
2016 2295 2025 2310 ,
2042 2269 2262 2303 commelinus
2282 2271 2315 2300 et
2335 2268 2411 2300 Bat-

1355 2322 1477 2353 taesius.
1495 2321 1677 2361 Utriusque
1702 2319 1791 2352 vocis
1806 2319 1979 2351 discrimen
1998 2318 2077 2350 satis
2095 2318 2212 2350 notum
2226 2316 2322 2348 hodie
2345 2316 2408 2348 est.

1398 2367 1629 2410 αιτιοι-ελοῦντα]
1647 2367 1742 2400 codd.
1759 2369 1850 2400 Part.
1878 2368 1967 2400 Vatt.
1986 2366 2098 2399 Barth.
2125 2367 2222 2406 atque
2243 2363 2319 2397 edd.
2346 2364 2410 2395 Lo-

1355 2423 1430 2447 van.
1446 2417 1575 2449 comm.
1594 2416 1666 2448 Gal.
1686 2417 1782 2456 Darg.
1807 2416 1893 2448 Batt.
1917 2414 2018 2455 Rud.;
2045 2413 2295 2454 ἀποτελούμενοι,
2319 2409 2409 2452 quod

1356 2463 1387 2494 in
1403 2465 1502 2495 Varr.
1520 2463 1625 2495 Lectt.
1645 2462 1836 2496 commelini
1854 2465 2055 2496 memoratur
2067 2463 2100 2495 et
2116 2461 2202 2503 apud
2217 2459 2408 2492 vizzaniuut

1357 2509 1485 2550 legitur,
1508 2509 1718 2550 rejiciendum
1738 2511 1798 2543 est.

2583 3625 2609 3653 *25-

2588 3682 2609 3721 ἐκ

2587 3726 2609 3771 {Z}

2587 3771 2612 3814 ³2⁶}
