2612 3814
786 323 1112 386 ALTERCATlQ
1144 322 1407 362 HADRIANI
1440 322 1502 360 ET
1532 321 1774 361 SECUNDI.

227 416 358 456 flami.
393 416 498 464 Quid
536 422 590 451 εει
619 415 779 451 Litera?
811 435 863 442 --
898 413 1028 453 ΕΡιοτ.
1063 413 1247 452 Historiae

181 485 324 515 custos.

233 539 362 574 Halm.
385 535 490 583 Quid
507 534 667 571 Verbum
678 531 886 572 Ρ-Ειηοτ.
900 531 1034 570 Animi
1048 531 1243 584 proditor.

234 596 360 634 Hann.
385 595 487 643 Quid
511 602 567 631 εει
595 596 781 643 Lingua?
803 616 856 622 —
877 592 1006 632 Emer.
1037 592 1152 631 Aeris
1174 593 1243 631 ssa-

179 656 354 707 gellatio.
595 660 601 664 ’

231 715 360 755 ΗΑυιι,
380 715 484 762 Quid
501 722 559 751 εει
573 714 680 750 Aer?
708 734 762 741 —
780 711 912 752 Emer.
930 711 1117 752 Custodia
1137 712 1242 750 vitae.

233 777 361 812 HADR.
392 775 498 822 Quid
519 782 577 811 est
610 774 812 810 Libertas?
836 794 891 802 —
908 771 1039 810 Emer.
1061 771 1244 812 Hominis

177 833 417 873 innocentia.

230 893 357 934 lima.
396 894 499 941 Quid
533 901 591 930 est
618 894 773 943 Caput?
801 915 854 923 —
886 892 1020 930 Emer.
1059 891 1243 931 Hominis

177 953 348 993 culmen.

230 1013 356 1054 HADR.
379 1015 484 1062 Quid
506 1022 562 1050 εει
578 1013 753 1062 Corpus?
770 1033 825 1041 —
848 1010 980 1052 Emc'r.
1001 1012 1157 1051 Animae
1177 1013 1244 1052 do-

177 1074 385 1113 micilium.

230 1133 354 1172 Hmn.
375 1134 481 1181 Quid
507 1133 667 1171 Comoe?
696 1152 750 1161 —
778 1130 909 1172 Emer.
928 1131 1062 1171 Vestes
1084 1132 1240 1184 capitis.

230 1191 353 1230 Ihm.
378 1194 480 1240 Quid
497 1191 656 1229 Barba?
676 1213 731 1221 —-
749 1190 880 1243 Emer„
899 1189 1023 1229 Sexus
1042 1191 1239 1232 discretio,

230 1251 354 1290 Hann.
383 1253 485 1300 Quid
515 1260 572 1289 est
605 1252 839 1289 Cerebrum?
857 1271 911 1279 —
940 1249 1073 1290 Emc'r.
1098 1250 1241 1290 Custos

174 1311 390 1350 memoriae.

230 1370 356 1409 Hinn.
381 1371 486 1418 Quid
505 1371 645 1407 Oculi?
663 1391 717 1398 ·—-
733 1367 871 1413 Emer.>
886 1369 1014 1408 Duces
1035 1369 1214 1421 corporis
1227 1399 1238 1419 ,

174 1428 325 1468 indices
342 1429 478 1468 animi.

228 1489 354 1530 HAnu.
383 1490 486 1538 Quid
505 1490 663 1527 Nares?
684 1510 739 1517 —
758 1487 890 1526 Emer.
913 1487 1091 1526 Odorum
1115 1498 1237 1528 attre-

173 1549 311 1589 ctatio.

230 1609 354 1649 HAmz.
373 1611 480 1658 Quid
513 1610 663 1647 Aures?
681 1629 735 1637 —
763 1607 897 1645 Emc'r.
921 1609 1113 1648 Sonorum
1150 1623 1239 1648 con-

175 1677 417 1708 trectatores.

227 1728 355 1767 Hinn.
380 1729 484 1776 Quid
501 1728 589 1764 Os?
607 1750 660 1756 -
681 1727 814 1766 Emer.
836 1725 1013 1765 Nutritor
1040 1727 1234 1779 corporis,

228 1788 356 1828 HAmt.
371 1782 475 1836 Quid
485 1786 855 1825 Dentes?—EPICT.
866 1785 980 1824 Molae
994 1788 1233 1827 mordentes.

226 1848 353 1888 Halm.
384 1849 489 1896 Quid
508 1849 660 1884 Labia?
675 1868 729 1876 —
746 1846 877 1884 Emer.
898 1846 1030 1885 Valvae
1047 1849 1236 1899 corporis.

226 1908 351 1948 Hann.
386 1909 492 1956 Quid
513 1909 682 1944 Manus?
705 1928 753 1935 —
777 1905 909 1946 Eme-r.
933 1905 1123 1959 Corporis
1145 1920 1237 1960 ope-

171 1968 282 2007 rarii.

227 2027 352 2065 llum.
390 2028 495 2075 Quid
531 2028 687 2075 Digiti?
718 2047 773 2055 —
818 2025 947 2063 Eme-r.
986 2024 1233 2064 Chordarum

162 2087 377 2139 plectrum.

225 2146 350 2184 HAmz.
370 2148 474 2195 Quid
488 2147 658 2184 Pulmo?
676 2166 730 2174 —
751 2143 886 2184 Emc'r.
910 2143 1096 2182 Sei-vator
1115 2145 1232 2184 aeris.

225 2206 350 2246 Hinn..
369 2208 475 2256 Quid
501 2215 558 2244 est
577 2207 680 2244 Cor?
698 2227 753 2234 —
771 2204 902 2245 Emc'r.
934 2204 1233 2257 Receptaculum

170 2266 272 2305 vitae.

222 2326 349 2366 Hanni.
369 2327 475 2375 Quid
491 2328 636 2364 Jecur?
651 2348 707 2355 —
719 2325 851 2364 Emc‘r.
868 2325 1056 2364 Custodia
1076 2326 1232 2367 caloris.

225 2385 352 2425 Hans.
371 2387 477 2435 Quid
503 2388 604 2424 Fel?
629 2407 685 2415 —
703 2384 837 2425 Emer.
861 2384 1081 2423 lracundiae
1109 2399 1236 2424 susce-

166 2445 382 2496 ptaculuni.

224 2504 350 2545 Hann.
374 2506 480 2554 Quid
495 2505 644 2555 Spleni’
666 2525 721 2533 —
739 2503 870 2542 Emcw.
897 2503 1013 2542 Risus
1030 2513 1067 2542 et
1086 2504 1233 2543 laetitiae

168 2577 306 2615 capax.

222 2624 351 2664 Hsmz.
376 2626 482 2673 Quid
509 2624 767 2662 Stomachus?
791 2646 843 2652 —-
875 2621 1008 2662 Emer.
1042 2622 1230 2663 Ciborum

166 2697 330 2735 coquus.
363 2704 365 2707 v

220 2743 348 2784 Hinn.
374 2746 476 2792 Quid
494 2746 618 2782 Ossa?
638 2767 691 2774 —
720 2743 852 2781 Emc‘r.
879 2742 1016 2782 Robur
1036 2746 1230 2797 corporis,

218 2806 346 2844 Hinn.
366 2806 471 2854 Quid
491 2805 610 2842 Coxoe
625 2807 645 2841 P
665 2826 719 2834 —-
739 2803 873 2843 Emc'r.
901 2797 1096 2856 Epis'tylia
1125 2806 1229 2844 colu-

163 2875 360 2903 mnarum.

220 2923 346 2963 HADR.
373 2925 478 2972 Quid
495 2925 653 2960 Pedes?
671 2944 726 2952 -—
754 2922 885 2961 Emc‘r.
915 2922 1065 2961 Mobile
1093 2923 1228 2963 funda-

163 2991 354 3022 mentum.

218 3040 344 3082 lhmz.
367 3043 472 3091 Quid
491 3042 609 3080 Crura
623 3043 643 3078 Ρ
668 3063 722 3071 -
743 3040 874 3080 Emer.
902 3040 1106 3081 Columnae
1134 3056 1228 3082 cor-

162 3101 291 3152 poris.
378 3140 389 3149 ,

218 3159 343 3199 Hmr..
366 3162 472 3210 Quid
485 3161 650 3211 Sanguis
663 3162 684 3197 ?
703 3181 758 3189 —
777 3159 908 3200 Emcrr.
931 3159 1083 3199 Humor
1103 3175 1228 3200 vena-

163 3231 251 3257 rum
268 3219 374 3257 vitae.
991 3220 993 3222 ¹

217 3278 344 3319 lima.
365 3280 472 3328 Quid
486 3289 543 3318 est
555 3282 639 3317 Lux
650 3282 671 3317 :⁹
685 3302 738 3310 —
751 3279 880 3320 Emer.
895 3278 1028 3318 Facies
1049 3279 1224 3318 omnium

161 3349 306 3376 rerum.

219 3394 340 3434 uma.
363 3397 469 3443 Quid
485 3398 651 3434 Stelloe?
670 3418 717 3427 --
746 3397 880 3437 Emer.
902 3397 1060 3436 Pictura
1081 3397 1226 3436 culmi-

161 3452 247 3503 nis,
271 3462 501 3493 naturarum
529 3455 838 3506 gubernatores,
859 3456 986 3494 noctis
1007 3455 1139 3495 decus.

216 3513 340 3554 HAn‘n.
357 3516 462 3563 Quid
471 3517 608 3553 Pluvia
617 3517 638 3553 ?
651 3537 706 3546 —
715 3515 842 3555 Emcw.
859 3516 1073 3554 Concentio
1091 3524 1204 3554 terrae

162 3573 313 3624 frugum
334 3574 518 3624 genitrix.

2297 331 2372 366 519

1366 412 1491 452 ΠΑυΚ.
1513 413 1619 460 Quid
1635 422 1690 450 εει
1705 414 1886 451 Nebula?
1904 435 1958 441 —
1974 413 2104 452 limem.
2123 414 2211 452 Nox
2231 415 2272 453 in
2291 415 2370 464 die,

1309 471 1423 510 labor
1437 471 1661 511 oculorum.

1365 531 1490 569 Halm.
1516 532 1619 579 Quid
1636 539 1694 568 est
1715 533 1890 569 Ventus?
1912 553 1967 561 —
1988 532 2114 573 Emc'r.
2138 534 2251 572 Aeris
2275 547 2373 586 per-

1308 590 1501 639 turbatio,
1539 589 1739 629 mobilitas
1774 604 1957 642 agrorum
1994 592 2094 643 (leg.
2133 595 2342 646 aquarum)
2359 624 2370 642 ‚

1306 660 1460 690 siccltas
1485 660 1611 692 terrae.

1364 711 1490 751 Iliun.
1514 713 1619 760 Quid
1643 720 1733 749 sunt
1759 713 1972 749 Flumina?
2003 734 2057 741 —-
2076 712 2204 750 Epic'r.
2222 712 2371 754 Cursus

1307 771 1539 810 indeficiens
1554 800 1564 819 ,
1582 771 1743 810 resectio
1759 772 1855 810 solis
1869 803 1878 820 ‚
1892 771 2048 811 siccitas
2066 781 2194 811 terrae.

1361 831 1487 870 Ham..
1521 833 1625 880 Quid
1644 841 1702 869 est
1725 834 1869 882 Aqua?
1896 853 1951 862 —
1976 832 2111 873 Emer.
2139 833 2367 874 Subsidium

1305 891 1418 938 vitae,
1436 891 1586 930 ablutio
1605 891 1796 932 sordium.

1363 951 1487 989 Hmn.
1522 953 1630 1000 Quid
1655 961 1711 989 est
1741 954 1868 989 Gelu?
1905 974 1960 982 —
1979 951 2113 991 Eric'r.
2145 954 2366 994 Herbarum

1305 1012 1548 1061 persecutio,
1566 1012 1771 1050 vinculum
1797 1021 1932 1060 terrae,
1954 1012 2040 1051 fons
2071 1027 2254 1064 agrorum
2276 1015 2367 1067 (leg.

1306 1083 1406 1121 pons
1424 1083 1632 1122 aquarum.
1650 1069 1660 1123 )

1362 1130 1486 1170 HADR.
1510 1133 1615 1179 Quid
1631 1140 1687 1168 est
1697 1133 1812 1169 Nix?
1834 1153 1881 1161 -
1896 1130 2023 1170 Emer.
2043 1133 2153 1183 Aqua
2167 1134 2284 1174 sicca.

1361 1190 1488 1230 Hinu.
1526 1191 1631 1239 Quid
1660 1200 1715 1228 εει
1747 1193 1923 1240 Hyems?
1955 1214 2008 1220 -—
2043 1191 2173 1231 Emc'r.
2212 1194 2368 1234 AEstatis

1305 1249 1433 1288 exsul.

1359 1309 1484 1347 lima.
1515 1311 1621 1358 Quid
1645 1319 1703 1348 εει
1724 1313 1829 1349 Ver?
1848 1333 1902 1340 -—-
1918 1311 2050 1352 Emc'r.
2077 1313 2213 1352 Pictor
2230 1323 2366 1367 terrae,

1306 1370 1515 1408 maturatio
1538 1369 1751 1410 fructuum.

1358 1429 1486 1467 HADR.
1515 1432 1620 1478 Quid
1629 1439 1695 1477 est,
1723 1432 1825 1481 quod
1848 1445 2022 1469 mnarum
2049 1435 2159 1470 dulce
2167 1428 2368 1482 facit?—

1302 1488 1434 1530 Emc'r.
1459 1490 1605 1529 Fames.

1357 1549 1485 1588 Hinn.
1507 1552 1612 1599 Quid
1642 1559 1715 1597 est,
1751 1553 1854 1601 quod
1881 1552 2072 1590 hominem
2107 1555 2245 1592 lassum
2276 1558 2366 1604 fieri

1301 1624 1376 1647 non
1393 1615 1487 1648 sinit
1498 1613 1519 1648 ‚³
1535 1632 1591 1640 -
1616 1612 1747 1650 Emc'r.
1770 1609 1956 1651 Lucrum.

1356 1669 1480 1708 HADR.
1522 1671 1628 1719 Quid
1665 1679 1722 1707 εει
1752 1671 1876 1721 Spes?
1910 1692 1964 1699 —
2008 1670 2138 1712 Emer.
2177 1673 2364 1724 vigilanti

1302 1741 1516 1768 sommum.

1356 1788 1482 1829 Hmn.
1506 1790 1612 1837 Quid
1635 1798 1693 1826 est
1710 1790 1837 1839 Spes?
1857 1811 1911 1818 —
1933 1789 2066 1830 Emer.
2100 1791 2361 1843 Refrigerium

1303 1847 1476 1896 laboris,
1493 1847 1640 1887 dubius
1662 1857 1838 1888 eventus.

1356 1907 1484 1947 Ihm.
1511 1909 1611 1956 Quid
1632 1916 1689 1945 est
1713 1910 1928 1945 Amicitia?
1948 1930 2001 1938 —-
2021 1908 2152 1948 Emer.
2187 1910 2363 1963 Refrige-

1300 1966 1403 2004 rium
1427 1966 1600 2015 laboris,
1623 1966 1770 2006 dubius
1791 1975 1970 2008 eventus.

1355 2026 1482 2067 HADR.
1508 2029 1613 2076 Quid
1638 2029 1784 2065 Fides?
1805 2048 1860 2057 —
1880 2026 2010 2067 Emc‘r.
2034 2028 2183 2079 Ignotae
2205 2031 2263 2070 rei
2285 2033 2363 2071 mi-

1299 2087 1422 2125 randa
1433 2087 1624 2125 celsitudo
1644 2087 1747 2138 (leg.
1773 2087 2010 2139 certitudo).

1353 2146 1478 2186 Hmn.
1496 2148 1601 2195 Quid
1615 2151 1691 2184 erit
1701 2148 1809 2184 nobis
1821 2176 1829 2192 ‚
1852 2151 1888 2184 si
1900 2151 2060 2185 cinctum
2079 2151 2219 2196 solvas,
2242 2164 2362 2201 neque

1297 2209 1501 2244 nudaberis
1537 2210 1645 2258 ipse?
1672 2210 1832 2257 Respice
1867 2221 2018 2257 corpus,
2056 2222 2125 2258 quo
2162 2217 2202 2246 et
2236 2212 2362 2249 doceri

1292 2269 1449 2317 possis?
1474 2289 1530 2297 —
1550 2267 1682 2307 Emc'r.
1716 2266 1891 2319 Epistola
1914 2275 1985 2305 est.

1351 2329 1481 2364 HADR.
1518 2328 1624 2376 Quid
1653 2336 1709 2364 εει
1735 2329 1936 2377 Epistola?
1958 2350 2012 2355 —
2041 2326 2172 2366 Emer.
2200 2327 2360 2368 Tacitus

1297 2387 1476 2426 nuntius.

1351 2446 1476 2486 llum.
1496 2448 1601 2495 Quid
1609 2456 1663 2484 εει
1682 2449 1837 2484 Pictura
1849 2448 1869 2483 Ρ
1880 2468 1934 2475 -—
1945 2445 2073 2483 Emer.
2085 2445 2234 2486 Veritas
2247 2448 2356 2490 falsa.

1351 2505 1475 2543 HADR.
1498 2507 1627 2554 Quare
1659 2506 1730 2543 hoc
1760 2508 1924 2543 dixisti?
1946 2527 1999 2534 -—
2020 2504 2152 2546 Emer.
2175 2507 2359 2547 Videmus

1297 2564 1401 2602 enim
1418 2577 1535 2616 poma
1558 2564 1663 2616 picta
1677 2593 1687 2611 ‚
1711 2564 1828 2602 flores
1841 2593 1851 2612 ,
1871 2564 2077 2617 animalia,
2104 2578 2241 2604 aurum
2255 2595 2266 2614 ‚
2296 2580 2357 2605 ar-

1296 2632 1453 2673 gentum
1467 2653 1478 2672 ‚
1497 2632 1535 2662 et
1557 2637 1636 2661 non
1657 2633 1715 2662 est
1735 2636 1889 2663 verum.

1349 2683 1474 2721 Hinn.
1501 2685 1606 2733 Quid
1617 2692 1674 2722 est
1689 2685 1863 2721 Aurum?
1884 2705 1937 2713 —
1955 2682 2088 2721 Emer.
2112 2683 2354 2737 Mancipium

1295 2744 1447 2784 mortis.

1351 2804 1479 2844 llum.
1502 2806 1605 2854 Quid
1622 2813 1677 2842 est
1694 2805 1937 2854 Argentum?
1957 2825 2011 2833 —
2030 2803 2160 2846 Emer.
2183 2804 2353 2845 Invidiae

1293 2863 1416 2902 locus.

1348 2921 1470 2960 Hinn.
1487 2924 1592 2971 Quid
1610 2931 1666 2960 εει
1690 2924 1878 2959 Ferrum?
1903 2945 1954 2951 —
1978 2922 2111 2961 EricT.
2130 2922 2268 2961 Omnis
2288 2937 2352 2961 ar-

1294 2980 1343 3019 tis
1376 2981 1696 3020 instrumentum.
1971 3027 1974 3030 .

1346 3038 1471 3076 HADR.
1496 3041 1601 3089 Quid
1625 3049 1684 3078 εει
1708 3041 1897 3078 Gladius?
1924 3061 1979 3069 —-
2007 3039 2138 3077 Emer.
2165 3039 2351 3090 Regimen

1292 3107 1523 3139 castrorum.

1346 3158 1471 3198 Halm.
1499 3161 1606 3208 Quid
1615 3168 1672 3198 εει
1690 3161 1919 3198 Gladiator?
1934 3181 1988 3187 —
2011 3157 2143 3198 Emer.
2161 3157 2254 3197 Sine
2275 3159 2352 3197 cri-

1292 3218 1396 3256 mine
1410 3218 1621 3260 homicida.

1345 3278 1473 3318 fflmz.
1495 3280 1571 3328 Qui
1584 3288 1689 3326 sunt,
1710 3283 1778 3330 qui
1796 3281 1884 3316 sani
1901 3280 2119 3328 oegrotarzt?
2143 3300 2197 3306 —
2218 3276 2348 3317 Emer.

1290 3335 1368 3382 Qui
1387 3337 1515 3375 aliena
1530 3338 1687 3388 negotia
1707 3345 1858 3376 curant.

1345 3395 1468 3434 HAmz.
1506 3398 1591 3445 Qua
1619 3401 1768 3435 ratione
1803 3397 1913 3434 homo
1942 3399 2060 3433 lassus
2088 3409 2162 3432 non
2185 3397 2264 3444 fit?
2296 3417 2345 3424 —

1288 3455 1420 3496 Emer.
1444 3455 1612 3494 Lucrum
1637 3455 1829 3494 faciendo.

1343 3515 1468 3556 HADR.
1507 3517 1612 3564 Quid
1645 3525 1700 3553 εει
1739 3516 1947 3552 Amicitia?
1985 3536 2033 3543 —
2073 3511 2202 3551 Erxc'r.
2242 3512 2348 3550 Con-

1286 3574 1436 3614 cordia.
