2612 3814
26 1461 32 1481 f
36 1465 59 1483 ,εἳ
62 1473 70 1483 «.

28 1757 37 1766 .

30 1951 46 1977 ΞΓ

30 1981 55 2021 5

32 2091 71 2150 5

30 2147 56 2219 55·

63 1981 66 1988 ,
81 1987 83 1989 .

77 2108 86 2118 Κ

78 2506 83 2513 .

71 2835 95 2862 -ῑ

80 2882 103 2911 ᾖ,

76 2977 86 2989 5¹
90 2967 94 2973 1

83 2999 100 3014 5¹«

38 2707 46 2735 5

39 2763 62 2804 Ξ

77 3031 105 3053 11·

43 3057 54 3068 ³*
92 3058 95 3074 1

219 771 226 788 b

1129 228 1198 268 DE
1227 229 1501 270 HlEROCLE.

235 334 315 373 quo
333 319 557 366 accidisset,
574 326 618 357 ut
633 316 780 356 codicis
788 315 957 355 'Medicei
977 316 1135 356 collatio
1149 330 1172 355 a
1185 316 1283 354 Mar-

236 379 385 431 quardo
421 377 551 417 Gudio
585 376 706 423 facta,
734 388 850 426 quam
879 375 944 423 Joffi
963 375 1053 415 Alb.
1084 375 1283 414 Fabricius

237 447 371 476 nactus
391 449 477 488 cum
493 434 730 473 Needhamio
750 433 1071 472 communicatam
1091 434 1282 480 voluerat,

238 497 286 535 ad
300 496 404 534 hunc
422 507 502 532 non
520 492 760 544 perveniret,
776 493 933 531 interim
950 506 1033 531 eam
1048 492 1285 533 J0.W01fius

239 554 382 606 Lipsiae
401 566 437 590 a.
454 560 570 600 ‘1710
601 550 752 603 publici
782 550 886 602 juris
917 551 1067 590 fecerat.
1099 551 1286 598 Quamvis

239 621 364 651 autem
385 624 464 649 non
484 622 639 648 omnem
658 609 842 648 lectionis
873 611 1096 649 varietatem
1124 619 1190 649 aut
1218 610 1285 648 Fa-

241 671 387 709 bricius
403 669 524 707 Gudii
547 682 707 707 munere
724 669 933 721 accepisset
949 678 1014 708 aut
1029 669 1190 708 Wolfius
1205 669 1287 707 edi-

241 728 380 778 disset,
405 735 533 765 tamen
564 726 636 764 hac
657 727 863 765 collatione
891 727 939 765 ad
965 728 1155 779 plurimos
1182 728 1289 766 locos

241 787 433 826 sanandos
448 788 548 825 bene
567 800 660 826 usus
674 796 731 825 est
747 787 956 826 Ashtonus.
980 787 1086 826 Idem
1110 788 1220 825 docte.
1243 788 1291 826 de

245 847 363 884 variis
382 846 574 885 Hieroclis
593 847 689 885 locis
710 855 989 885 commentatus
1004 856 1081 895 est,
1099 848 1293 898 interpre-

243 907 428 944 tationem
457 907 615 944 latinam
649 906 802 944 limavit
829 914 868 945 et
893 906 941 945 ad
970 919 1133 956 graecam
1164 906 1292 958 philo-

243 959 358 1010 sophi
392 960 605 997 orationem
636 960 759 1009 magis
795 959 1127 1006 accommodavit,
1159 959 1200 996 in
1219 958 1294 997 hoc

246 1025 393 1056 tantum
413 1017 777 1070 reprehendendus,
801 1018 907 1069 quod
925 1031 1004 1056 non
1026 1018 1152 1056 solum
1175 1017 1295 1056 Need-

246 1076 442 1124 hamium,
471 1076 539 1115 sed
570 1076 788 1128 Bentlejum
808 1077 924 1115 etiam
953 1077 1061 1115 omni
1094 1077 1297 1115 occasione

247 1132 424 1174 acerbius
442 1135 683 1185 perstringit.
701 1182 703 1185 .

300 1193 479 1244 Denique
498 1206 600 1232 anno
621 1208 635 1231 1
645 1193 721 1232 850
738 1193 909 1232 Thomas
923 1193 1170 1232 Gaisfordius
1184 1193 1300 1231 Joan-

248 1252 310 1290 nis
325 1250 470 1290 Stobaei
488 1251 619 1301 Eclog.
637 1251 826 1303 Physicas
851 1261 890 1290 et
913 1251 1069 1290 Ethicas
1094 1266 1182 1290 cum
1210 1252 1299 1290 Hie-

250 1310 368 1348 roclis
389 1311 735 1349 commentario'in
762 1323 920 1349 aureum
950 1311 1299 1362 Pythagoricorum

248 1421 332 1452 drini
349 1421 383 1453 in
400 1424 505 1454 Aurea
528 1422 676 1454 Carmina
701 1423 971 1455 Commentarius.
1002 1424 1113 1456 Graece
1137 1425 1169 1456 et
1192 1424 1299 1456 latine.

2309 239 2388 273 415

1342 328 1497 354 carmen
1531 315 1654 353 edidit
1689 315 1789 366 (23).
1826 315 1924 353 Huic
1955 314 2058 353 haud
2089 306 2390 364 contemnenda,

1343 374 1666 426 quemadmodum
1685 375 1770 425 ipse
1785 374 1861 422 ait,
1883 374 2166 412 emendationis
2191 374 2364 413 subsidia
2378 403 2390 422 ,

1344 432 1488 483 quibus
1526 433 1748 483 superiores
1781 432 1972 469 editiones
2003 441 2224 479 caruerant,
2252 442 2395 483 praesto

1346 492 1514 531 fuerunt.
1547 491 1641 529 Nam
1674 499 1935 542 praeterquam
1957 490 2062 540 quod
2094 491 2178 541 ipse
2200 499 2392 530 vetustum

1345 551 1528 588 Codicem
1550 549 1891 588 vindobonensem
1915 549 2074 587 fortasse
2091 562 2192 586 anno
2209 555 2285 598 924
2307 562 2396 587 exa-

1349 618 1472 648 ratum
1498 622 1648 648 summa
1666 608 1869 658 diligentia
1888 608 2073 655 contulit,
2102 608 2253 646 invenit
2273 608 2314 645 in
2335 609 2399 646 Bi-

1347 667 1544 705 bliotheca
1584 667 1793 716 Bodlejana
1834 667 1937 705 inter
1977 666 2101 705 libros
2137 666 2400 704 Dorvillianos

1349 726 1568 777 exemplum
1586 725 1856 764 Curterianum
1872 754 1884 772 ‚
1905 725 1947 762 in
1965 724 2076 776 cujus
2095 723 2269 774 margine
2288 723 2402 762 Lucae

1353 785 1542 822 Holstenii
1558 797 1673 822 manu
1689 784 1860 835 plurium
1874 783 2184 821 membranarum
2202 783 2403 833 scripturae

1352 843 1610 894 discrepantia
1634 842 1826 894 adscripta
1852 842 2007 892 legitur.
2028 842 2103 880 Sed
2123 842 2170 880 de
2201 841 2262 879 his
2291 854 2402 879 accu-

1352 911 1435 940 rate
1453 902 1709 940 disseruimus
1726 910 1764 940 et
1783 914 1869 952 quae
1889 900 2003 940 nobis
2031 901 2130 952 ipsis
2158 900 2406 951 contigerunt

1355 961 1414 998 rei
1439 960 1539 999 bene
1558 960 1734 1011 gerendae
1761 961 2018 998 instrumenta
2041 960 2346 999 memoravimus
2363 960 2405 997 in

1355 1019 1526 1058 editione
1556 1019 1746 1071 ampliore
1774 1019 1838 1057 cui
1870 1019 2006 1057 titulus
2033 1027 2091 1057 est
2121 1032 2131 1056 ε
2154 1021 2341 1056 Hierocles
2367 1022 2407 1054 in

1357 1092 1510 1115 aureum
1555 1080 1876 1127 Pythagoreorum
1914 1092 2065 1116 carmen
2107 1081 2404 1116 commentarius.

1357 1139 1550 1174 Recensuit
1579 1146 1617 1173 et
1645 1136 1806 1187 (critica
1839 1138 2111 1189 exegeticaque
2137 1139 2403 1188 annotatione)

1360 1197 1556 1231 illustravit
1580 1194 1641 1234 Fr.
1660 1195 1709 1233 G.
1729 1196 1777 1236 A.
1800 1195 2046 1235 Mullachius.
2067 1197 2262 1245 Berolini‚
2290 1197 2406 1236 1853.

1360 1252 1725 1304 lutei-pretationem
1752 1255 1911 1293 latinam
1937 1255 2029 1293 huic
2059 1256 2213 1294 demum
2243 1256 2409 1294 editioni

1364 1312 1630 1363 adjunximus.

1362 1424 1566 1457 Tlmrlbourn
1587 1424 1772 1465 Bibliopolas
1790 1425 1929 1458 cantab.
1950 1427 2099 1458 veneunt
2121 1425 2206 1466 apud
2229 1427 2247 1457 J
2253 1449 2260 1456 .
2275 1423 2404 1458 'Nourse

250 1467 364 1499 Graeca
397 1467 579 1500 accuratius
597 1477 684 1501 nunc
711 1469 874 1509 recognita
899 1472 931 1501 et
955 1469 995 1501 ad
1022 1471 1112 1502 MSS.
1144 1469 1300 1502 codicum
1363 1472 1397 1503 P.
1415 1472 1570 1509 Vaillant.
1589 1474 1619 1505 J.
1641 1472 1786 1505 Beecroft
1806 1472 1908 1505 Lond.
1926 1475 2015 1506 1742.

251 1515 347 1550 fidem
367 1515 480 1548 exacta
496 1515 705 1557 plurimisque
721 1516 753 1548 in
767 1516 844 1548 locis
860 1525 878 1548 e
891 1515 1037 1549 Gudiana
1053 1516 1186 1549 Medicei
1203 1517 1302 1550 endi·-

200 1581 203 1583 Δ
250 1562 297 1595 cis
318 1562 487 1595 conatione
511 1562 679 1596 emendata
695 1572 759 1596 una
776 1572 851 1596 cum
871 1564 962 1597 Notis
990 1564 1170 1605 subJunetiu
1197 1565 1248 1598 ed.
1268 1567 1295 1597 R

251 1609 427 1651 (ichen-dus)
449 1611 495 1643 W
517 1610 649 1652 (arten).
676 1612 709 1644 S.
733 1612 771 1644 Τ.
801 1614 838 1645 Ρ.
867 1612 948 1644 coll.
977 1614 1043 1645 Jes.
1070 1613 1169 1644 Cant.
1199 1622 1301 1653 nuper

254 1655 370 1689 socius.
402 1656 560 1696 Londini‚
588 1657 686 1698 Tynis
712 1658 782 1690 Jac.
809 1658 1011 1691 Bettenhum.
1038 1659 1198 1700 Impensis
1224 1659 1297 1692 Gul.

1403 1518 1468 1560 (23)
1493 1519 1639 1551 Ἰωάννου
1652 1519 1804 1552 Στοὸαίου
1819 1520 1956 1561 ἐκλογῶν
1971 1520 2076 1562 βιὸλία
2095 1521 2134 1562 β’.
2151 1520 2279 1554 [oannis
2296 1519 2413 1553 stoboei

1363 1565 1552 1606 Eclogarum
1586 1566 1791 1607 physicarum
1819 1568 1852 1599 et
1882 1567 2059 1600 ethicarum
2088 1567 2159 1599 libri
2179 1566 2255 1609 duo.
2282 1567 2414 1599 Accedit

1363 1613 1516 1645 Hieroclis
1533 1614 1782 1646 commentarius
1806 1614 1837 1646 in
1854 1623 1951 1647 aurea
1970 1614 2110 1647 carmina
2128 1615 2412 1656 Pythagoreorum.

1361 1660 1408 1692 Ad
1435 1662 1523 1693 MSS.
1555 1661 1656 1694 Codd.
1688 1671 1752 1695 rec.
1779 1662 1895 1695 Thom.
1929 1662 2089 1695 Gaisford.
2111 1662 2245 1700 oxonii,
2274 1666 2366 1696 1850-
