2612 3814
960 213 1014 252 IN
1042 210 1265 252 AUREUM
1294 209 1522 250 CARMEN.

163 305 298 349 κακοῖς.
336 305 442 344 Οὕτω
470 302 538 355 γὰρ
570 300 696 355 ῥαδίως
736 298 1114 350 συμμεταὸαλλόμενοι
1145 303 1218 343 τοῖς

162 361 445 416 προσπίπτουσιν
478 359 575 400 οὐδὲν
617 361 742 397 οἰκεῖον
780 357 901 409 ἕξομεν
939 357 1082 410 ἀγαθόν,
1115 357 1133 396 ὃ
1161 356 1217 396 διὰ

162 421 294 467 παντὸς
324 421 386 461 καὶ
416 421 501 474 πρὸς
520 418 655 462 πάντας
683 417 900 470 τηρήσομεν.
923 419 969 457 Εἰ
999 417 1035 457 δὲ
1066 416 1134 462 ἕξιν
1155 415 1219 463 τὴν

163 482 292 540 ἀρετὴν
311 480 533 531 κεκτήμεθα,
548 479 610 517 οὐκ
625 477 719 516 ἔστιν
736 475 792 515 ἐπὶ
807 479 856 515 τῶ
874 475 1075 529 βουλομένῳ
1089 474 1219 523 ταύτης

162 545 259 592 ἡμᾶς
276 542 499 586 ἀποστῆσαι·
519 536 596 576 οὐδὲ
615 541 686 582 τοῖς
703 519 953 589 ἐντυγχάνουσι
967 535 1029 579 τὰς
1051 534 1220 579 διαθέσεις

164 597 490 649 συναλλοιώσομεν,
519 595 558 634 τὸ
586 595 732 648 μόνιμον
754 598 816 643 τῆς
840 596 964 647 ἀρετῆς
980 597 1216 648 εὐτυχοῦντες.

160 657 282 712 Ὅπερ
303 651 361 698 οῧν
384 657 441 696 ἐπὶ
459 658 528 696 τῶν
560 655 675 695 ἄλλων
698 658 842 708 ἀρετῶν,
858 658 961 694 τοῦτο
985 654 1045 693 καὶ
1076 654 1134 692 ἐπὶ
1158 657 1220 701 τῆς

164 718 281 771 φιλίας
302 718 418 764 δεήσει
439 716 638 769 φυλάττειν,
655 715 789 768 φιλίας,
810 716 856 759 ὡς
879 713 1026 768 ἔφαμεν,
1053 713 1220 766 μεγίστης

161 780 269 829 οὔσης
311 780 455 831 ἀρετῆς,
492 777 753 831 φιλανθρωπίας
792 776 828 815 δὲ
872 779 994 820 κοινῶς
1033 776 1096 827 μὲν
1133 775 1219 828 πρὸς

165 841 345 887 ἅπαντας,
367 838 462 883 ἰδίως
491 838 526 877 δὲ
556 836 643 890 πρὸς
670 835 750 880 τοὺς
775 834 924 888 ἀγαθοὺς
954 834 1215 887 θεωρουμένης,

161 900 217 939 ὅτι
235 898 295 938 καὶ
313 897 354 937 τὸ
370 901 432 945 τῆς
455 895 716 951 φιλανθρωπίας
735 895 844 947 ὄνομα
874 896 963 948 αὐτῇ
985 896 1118 944 μᾶλλον
1139 895 1219 933 ἐπι-

162 957 303 1012 πρέπει.
347 958 472 997 Ταῧτα
505 954 541 994 δὲ
573 954 654 1008 περὶ
696 953 843 1006 τούτων,
883 953 941 992 ἐπὶ
982 952 1019 992 δὲ
1057 952 1103 992 τὰ
1143 952 1220 1000 ἑξῆς

163 1031 172 1050 ‘1
192 1016 357 1070 ροΐωμεν.

551 1102 661 1142 V111.
690 1108 788 1140 9—1
803 1108 835 1141 1.

247 1193 357 1223 Ταῦτα
373 1189 428 1231 μὲν
442 1188 540 1225 οὕτως
556 1187 621 1220 ἴσθι
633 1196 641 1205 ·
654 1191 779 1230 κρατεῖν
795 1186 821 1220 δ’
837 1186 945 1225 εἷθίζεο
957 1188 1071 1220 τῶνδε·

245 1238 378 1279 γαστρὸς
399 1236 454 1278 μὲν
469 1236 630 1278 πρώτιστα
648 1236 702 1268 καὶ
722 1236 820 1268 ὕπνου
833 1235 974 1278 λαγνείης
987 1246 1021 1268 τε

244 1286 297 1317 καὶ
315 1286 425 1326 θυμοῦ.

215 1358 428 1400 Συστέλλειν
460 1360 511 1397 δεῖ
538 1361 650 1397 ταῦτα
676 1356 793 1396 πάντα
814 1358 875 1397 καὶ
907 1358 1064 1407 τάττειν,
1089 1358 1147 1398 ἵνα
1168 1359 1217 1410 μὴ

160 1419 363 1472 παρενοχλῇ
377 1417 435 1456 τὸν
450 1417 641 1469 λογισμόν.
688 1416 784 1469 Φέρε
797 1411 875 1465 οἷν,
892 1417 953 1465 τὴν
972 1419 1116 1470 ἀλογίαν
1133 1417 1217 1466 ὅλην

159 1478 196 1516 ἐν
225 1477 321 1523 τάξει
354 1476 611 1530 χαλινώσωμεν
649 1477 766 1530 ὀρθαῖς
796 1477 1112 1530 παιδαγωγίαις,’
1097 1477 1216 1525 επειδὴ

158 1536 221 1576 καὶ
242 1536 286 1575 τὰ
303 1536 432 1583 ταύτης
457 1536 547 1589 μέρη
566 1535 705 1589 χορηγά
727 1537 800 1575 ἐστι
816 1535 942 1582 κακίας
953 1537 1154 1584 ἀλλήλοις’
1139 1553 1216 1591 εφε-

159 1595 233 1643 ξῆς.
292 1589 378 1635 Οῑον
409 1595 546 1648 γαστὴρ
576 1595 664 1647 ἄγαν
701 1595 929 1647 πληρουμένη
964 1595 1069 1636 ὕπνον
1106 1595 1216 1635 πολυν

160 1654 348 1707 ἐπάγεται·
375 1654 559 1708 ἀμφότερα
583 1653 619 1692 δὲ
651 1654 816 1707 ἀφθονίαν
842 1654 1038 1708 παρέχεται
1057 1655 1216 1708 σπέρμα-

159 1728 239 1765 τος,
264 1712 340 1760 ἥτις
360 1712 522 1765 ἀμέτρως
540 1712 664 1764 ἐγείρει
691 1712 776 1765 πρὸς
794 1714 981 1767 ἀφροδίσια
999 1713 1060 1753 καὶ
1079 1713 1118 1753 τὸ
1135 1716 1215 1753 ε’πι-

159 1826 257 1863 boni
290 1817 404 1862 bonis
428 1827 587 1872 erimus,
607 1826 716 1862 malis
743 1834 870 1863 autem
891 1827 995 1866 mali.
1025 1827 1082 1865 Ita
1114 1828 1215 1864 enim

161 1884 271 1922 facile
283 1912 293 1931 ,
308 1892 428 1934 prout
443 1897 502 1921 res
522 1886 773 1935 contingunt,
789 1887 942 1932 mutati,
959 1886 1054 1922 nihil
1066 1888 1217 1936 proprii

160 1944 272 1981 nobis
300 1944 395 1980 boni
429 1945 763 1991 conservabimus,
787 1958 865 1994 quo
891 1958 1042 1994 semper
1061 1953 1098 1982 et
1126 1959 1217 1996 erga

143 2015 293 2050 ,omnes
307 2010 472 2041 utamur.
498 2003 643 2051 Quodsi
658 2005 808 2040 virtutis
824 2004 1000 2041 habitum
1017 2017 1217 2055 compara-

160 2063 342 2109 verimus,
366 2075 446 2099 non
474 2063 546 2100 crit
566 2064 746 2110 volentis,
767 2076 838 2100 nos
865 2064 912 2100 ab
935 2076 980 2100 ea
997 2064 1214 2111 dimovere;

160 2132 286 2169 neque
305 2133 378 2169 pro
398 2133 441 2157 re
462 2128 552 2158 nata
571 2121 729 2159 affectus
745 2128 897 2159 nostros
916 2123 1169 2172 variabimus,
1187 2124 1218 2160 si

160 2181 287 2216 stabili
305 2181 456 2217 virtutis
485 2182 721 2230 possessione
757 2181 942 2221 fruamur.
967 2183 1083 2231 Quod
1103 2184 1219 2232 igitur

160 2238 201 2274 in
221 2238 303 2274 aliis
324 2239 550 2286 virtutibus,
581 2239 623 2276 id
651 2240 692 2275 in
713 2241 883 2277 amicitia
903 2254 1060 2290 quoque
1083 2241 1217 2277 obser-

161 2297 331 2335 vandum
351 2299 442 2346 erit,
468 2312 586 2348 quum
605 2301 786 2347 amicitia,
813 2303 870 2338 uti
890 2302 1077 2350 diximus,
1097 2304 1217 2340 virtus

160 2358 210 2394 sit
243 2360 422 2404 maxima,
461 2361 674 2397 humanitas
704 2374 796 2398 vero
836 2358 1104 2400 communiter'
1129 2375 1219 2412 erga

161 2431 311 2465 omnes,
345 2418 412 2455 sed
446 2420 653 2468 praesertim
686 2433 774 2470 erga
814 2421 940 2458 bonos
979 2430 1215 2469 exerceatur,

161 2477 264 2514 unde
287 2477 531 2514 humanitatis
564 2491 707 2515 nomen
729 2481 763 2516 ei
792 2481 987 2530 praecipue
1019 2482 1215 2519 convenit.

160 2536 238 2573 Sed
260 2536 306 2572 de
321 2536 380 2572 his
399 2537 578 2573 hactenus
605 2549 613 2575 :
638 2538 687 2574 ad
713 2550 756 2574 ea
773 2538 888 2588 igitur
908 2552 991 2588 quae
1008 2548 1220 2588 sequuntur

161 2607 373 2645 pergamus

564 2685 675 2726 VIII,
709 2699 815 2735 9-11.

249 2768 328 2800 Haec
347 2766 476 2806 quidem
492 2766 539 2798 sic
556 2770 683 2807 teneas,
711 2767 766 2800 sed
784 2768 854 2801 istis
873 2769 1029 2810 imperare
1046 2779 1192 2805 assuesce
1212 2782 1220 2802 ε

248 2814 352 2846 ventri
373 2813 512 2855 primum
528 2815 560 2846 et
576 2822 709 2856 somno,
727 2815 841 2848 deinde
868 2815 991 2848 libidIni

248 2863 281 2893 et
304 2861 374 2894 irae.

221 2937 398 2974 Coerceri
415 2947 568 2988 oportet
582 2940 662 2976 haec
681 2941 810 2978 omnia
826 2949 863 2978 et
875 2943 912 2979 in
931 2943 1107 2981 ordinem
1123 2947 1221 2995 cogi,

166 3009 215 3033 ne
229 2998 412 3034 rationem
429 3000 670 3047 perturbent.
689 3001 770 3051 Age
783 3002 912 3051 igitur,
923 3003 962 3039 id
977 3010 1099 3040 totum
1116 3005 1222 3053 quod

167 3058 306 3093 rationi
325 3066 515 3107 repugnat
540 3061 653 3096 rectis
676 3061 855 3098 institutis
875 3063 1080 3100 ordinatim
1100 3064 1222 3101 refre-

168 3128 323 3163 nemus,
362 3119 544 3165 quoniam
570 3127 608 3155 et
643 3120 754 3168 hujus
785 3129 912 3170 partes
943 3123 1017 3159 sibi
1058 3125 1222 3161 invicem

168 3174 261 3211 vitia
273 3175 569 3214 subministrant.
591 3179 707 3217 Verbi
723 3182 842 3230 gratia
851 3189 984 3218 venter
999 3183 1121 3219 multo
1131 3183 1219 3220 cibo

169 3233 330 3270 refertus
359 3236 521 3272 multum
559 3251 734 3276 somnum
759 3241 924 3289 inducit;
952 3242 1066 3279 ambo
1094 3251 1221 3280 autem

167 3293 321 3329 seminis
342 3296 491 3344 copiam
504 3298 693 3346 praebent,
709 3313 793 3349 quae
813 3301 861 3337 ad
882 3314 941 3338 res
958 3314 1135 3339 venereas
1154 3303 1221 3339 im-

169 3351 370 3389 modoeate
391 3355 531 3391 excitat
563 3358 757 3407 animique
786 3368 932 3410 partem
963 3361 1012 3397 ad
1040 3363 1221 3412 concupi-

169 3411 351 3447 scendum
376 3425 605 3463 propensam
641 3417 690 3454 ad
718 3419 1034 3457 incontinentIam
1071 3422 1219 3461 incitat.

2251 215 2325 250 431

1277 294 1466 348 θυμητικὸν
1496 297 1557 339 τῆς
1589 295 1704 347 ψυχῆς
1736 294 1819 345 πρὸς
1855 295 1895 333 τὸ
1930 295 2123 334 ἀκόλαστον
2158 294 2328 341 ἐποξύνει.

1277 355 1401 408 Τούτῳ
1422 353 1458 393 δὲ
1477 353 1516 392 τὸ
1535 354 1679 403 θυμικὸν
1701 353 1993 406 συνεκφερόμενον
2016 353 2072 391 διὰ
2103 353 2220 402 πάσης
2239 354 2330 395 ἰἐται

1279 414 1398 467 μάχης
1412 442 1423 464 ,
1444 429 1503 451 νυν
1521 411 1583 463 μὲν
1605 411 1698 470 σιτία
1719 412 1779 449 καὶ
1801 412 1892 450 ποτὰ
1920 413 2102 460 ἐκδικουν,
2121 417 2180 451 νῦν
2198 415 2233 452 δὲ
2251 430 2332 468 περι

1278 473 1418 524 ἑταίρας
1437 471 1639 523 μαχόμενον
1653 466 1730 509 καὶ
1755 470 1881 509 ἄλλοτε
1901 470 2009 514 ἄλλας
2030 471 2153 517 ἡδονὰς
2176 474 2332 524 φιλονει-

1277 537 1358 571 κοῧν
1389 533 1601 578 κτήσασθαι.
1633 530 1815 581 Κρατεῗν
1844 532 1902 568 οὖν
1938 529 2047 575 ἐθίζου
2081 531 2232 579 τούτων,
2265 533 2333 572 ἀπὸ

1278 589 1339 632 τῆς
1355 585 1504 658 γαστρὸς
1525 583 1667 638 πρώτης
1688 582 1901 635 ἀρξάμενος,
1922 580 1979 620 ἵνα
2001 586 2060 621 τοῦ
2085 600 2121 622 τε
2144 584 2248 658 λόγου
2269 601 2333 623 κα-

1279 645 1392 691 τήκοα
1417 643 1564 696 γένηται
1595 641 1640 681 τὰ
1672 641 1784 693 ἄλογα
1807 644 1869 688 τῆς
1895 643 2010 694 ψυχῆς
2034 641 2130 692 εἴδη,
2151 644 2209 681 καὶ
2233 644 2334 688 αὐτὸς

1281 705 1339 743 ἐπὶ
1359 706 1488 743 σαυτοῦ
1519 701 1580 749 τὴν
1603 701 1782 741 εὖσέόειαν
1803 701 1862 739 καὶ
1891 700 1954 748 τὴν
1986 700 2066 753 περὶ
2086 700 2207 751 γονέας
2227 702 2333 752 τιμὴν

1279 761 1338 800 καὶ
1351 761 1490 810 πάντα,
1511 760 1533 798 ἃ
1553 762 1668 813 μικρῷ
1687 759 1836 812 πρόσθεν
1856 759 2051 813 παρῄνεσεν
2070 761 2088 797 ὃ
2103 759 2202 812 λόγος
2214 791 2224 808 ,
2246 762 2335 800 ἀπα-

1281 820 1449 874 ραγώγως
1478 819 1629 874 φυλάξαι
1662 820 1824 872 δυνηθῇς.
1883 818 2038 869 Δύναμις
2072 818 2140 872 γὰρ
2171 821 2233 865 τῆς
2263 822 2332 858 τῶν

1279 878 1456 933 προτέρων
1481 878 1660 931 τηρήσεως
1680 879 1781 917 ταυτὶ
1799 877 1842 917 τὰ
1867 878 2035 929 ἑπόμενα.
2092 878 2193 918 Ἐπεὶ
2211 895 2333 931 παρα-

1280 938 1403 985 ὅαθείη
1432 938 1472 976 ἂν
1503 937 1621 976 πάντα
1642 939 1785 986 ἐκεῖνα,
1819 936 1868 989 μὴ
1896 937 2072 989 ἑπομένων
2103 940 2154 991 τῷ
2173 939 2333 991 λογισμῷ

1279 1000 1347 1036 τῶν
1368 999 1573 1044 παθητικῶν
1605 997 1802 1049 δυνάμεων.
1858 994 1908 1036 Ἢ
1938 997 2004 1050 γὰρ
2028 996 2133 1047 θυμὸς
2153 996 2334 1050 ἐξετάραξε

1279 1057 1371 1095 κατὰ
1413 1058 1562 1108 γονέων,
1611 1055 1631 1103 ἢ
1668 1056 1835 1107 ἐπιθυμία
1880 1055 1966 1109 πρὸς
2003 1056 2180 1095 ἀπείθειαν
2220 1058 2334 1096 αὐτῶν

1278 1114 1427 1156 ὥπλισε.
1486 1115 1558 1154 Καὶ
1577 1115 1682 1153 πάλιν
1696 1142 1706 1161 ,
1725 1112 1748 1161 ἢ
1772 1113 1877 1164 θυμὸς
1896 1113 1981 1166 πρὸς
2000 1115 2228 1167 βλασφημίαν
2246 1114 2334 1162 ε’πή-

1279 1190 1411 1226 γειρεν,
1442 1173 1465 1220 ἢ
1487 1172 1656 1224 ἐπιθυμία
1675 1172 1869 1225 χρημάτων
1894 1172 1981 1225 πρὸς
2005 1174 2200 1225 ἐπιορκίαν.
2263 1172 2335 1214 Καὶ

1278 1232 1366 1277 ὅλως
1385 1232 1430 1271 τὰ
1448 1231 1543 1271 κακὰ
1559 1231 1616 1270 διὰ
1635 1231 1765 1276 ταύτας
1783 1231 1976 1284 πράττεται
1997 1230 2058 1276 τὰς
2080 1233 2262 1282 δυνάμεις,
2284 1232 2333 1283 μὴ

1277 1294 1339 1338 τῆς
1354 1293 1498 1342 λογικῆς
1523 1292 1640 1344 ψυχῆς
1664 1290 1750 1343 πρὸς
1767 1290 1807 1328 τὸ
1831 1291 1906 1330 δέον
1929 1291 2038 1336 αὐτὰς
2058 1292 2335 1339 οἷπευθυνούσης.

1280 1350 1460 1390 Ἐντεῦθεν
1482 1350 1640 1388 ἀσέὸειαι
1674 1354 1840 1389 παντοῖαι
1870 1349 1931 1388 καὶ
1954 1349 2101 1401 πόλεμοι
2137 1351 2335 1402 συγγενικοὶ

1277 1410 1338 1449 καὶ
1369 1409 1479 1463 φίλων
1506 1408 1690 1462 προδοσίαι
1711 1408 1772 1447 καὶ
1800 1408 1918 1448 πάντα
1952 1412 2014 1456 τῆς
2041 1410 2263 1462 παρανομίας
2291 1409 2336 1449 τὰ

1279 1470 1353 1518 εἴδη
1367 1500 1378 1517 ,
1399 1472 1445 1513 ὡς
1460 1468 1520 1508 καὶ
1540 1471 1624 1522 βοᾶν
1646 1467 1906 1521 ἀναγκάζεσθαί
1927 1484 2039 1512 τινας·

1381 1569 1526 1611 μανθάνω
1540 1569 1594 1609 μὲν
1618 1569 1671 1601 οἷα
1690 1569 1792 1610 μέλλω
1806 1569 1879 1611 δρᾶν
1898 1568 2001 1610 κακά,

1339 1617 1433 1658 θυμὸς
1450 1616 1482 1648 δὲ
1501 1616 1657 1658 κρείσσων
1673 1620 1735 1648 τῶν
1747 1616 1830 1657 ἐμῶν
1848 1616 2071 1657 βουλευμάτων
2083 1640 2093 1657 ,

1280 1714 1406 1759 ἄλλους
1425 1714 1462 1753 δὲ
1481 1714 1504 1761 ἢ
1520 1714 1601 1758 τοὺς
1616 1714 1738 1759 αὐτοὺς
1756 1715 1881 1753 ἄλλοτε
1905 1717 2010 1767 βοᾶν,

1282 1828 1376 1864 Cum
1395 1828 1467 1864 hac
1484 1840 1576 1864 vero
1597 1840 1672 1864 una
1694 1828 1880 1876 impetum
1897 1827 2039 1864 faciens
2061 1841 2149 1877 pars
2166 1828 2335 1864 irritabi-

1278 1887 1323 1923 lis
1342 1899 1413 1936 per
1433 1899 1546 1922 omne
1567 1899 1685 1936 genus
1703 1899 1840 1936 pugnae
1858 1894 2061 1936 grassatur,
2083 1887 2201 1923 modo
2231 1900 2336 1924 escu-

1281 1947 1384 1983 lenta
1406 1954 1444 1982 et
1458 1946 1660 1995 potulenta
1676 1946 1749 1981 sibi
1778 1946 2033 1994 vindicando,
2053 1946 2171 1982 modo
2191 1947 2238 1983 de
2258 1959 2334 1983 me-

1281 2006 1419 2042 retrice
1437 2004 1599 2041 rixando
1621 2012 1737 2054 atque
1766 2018 1867 2043 nunc
1896 2005 1944 2041 de
1966 2006 2045 2051 his,
2064 2019 2165 2042 nunc
2197 2006 2245 2042 de
2266 2007 2337 2042 illis

1280 2065 1542 2113 voluptatibus
1571 2065 1838 2113 comparandis
1872 2065 1949 2100 acri
1957 2073 2011 2101 ter
2047 2065 2334 2104 contendendo.

1281 2124 1348 2160 His
1364 2124 1480 2173 igitur
1496 2124 1685 2172 imperare
1711 2136 1915 2169 assuescas,
1947 2123 2048 2160 facto
2073 2127 2099 2159 a'
2111 2131 2242 2160 ventre
2261 2125 2336 2161 ini-

1281 2183 1353 2229 tio,
1374 2190 1416 2218 ut
1442 2189 1479 2218 et
1512 2183 1628 2219 animi
1658 2190 1788 2231 partes
1808 2183 1965 2218 rationis
1996 2191 2169 2231 expertes
2193 2184 2338 2221 rationi

1283 2242 1557 2290 obsequantur,
1575 2249 1613 2278 et
1630 2242 1711 2291 ipse
1730 2243 1770 2277 in
1790 2249 1826 2278 te
1839 2242 2021 2290 pietatem
2043 2249 2081 2277 et
2095 2254 2182 2291 erga
2198 2255 2334 2291 paren-

1282 2307 1334 2335 tes
1352 2300 1541 2336 honorem
1562 2307 1773 2348 caeteraque
1791 2300 1933 2346 omnia,
1953 2300 2002 2336 ad
2021 2313 2105 2348 quae
2120 2301 2238 2349 paulo
2251 2309 2337 2338 ante

1279 2358 1508 2394 hortabatur
1549 2370 1722 2405 carmen,
1766 2365 1986 2395 constanter
2017 2372 2165 2396 servare
2201 2361 2334 2408 possis.

1281 2418 1375 2453 Nam
1396 2418 1529 2466 priora
1542 2418 1605 2454 illa
1624 2417 1854 2455 observandi
1871 2425 2040 2467 potestas
2058 2420 2338 2467 posterioribus

1283 2477 1384 2513 hisce
1405 2477 1638 2514 continetur.
1659 2477 1921 2515 Violabuntur
1934 2478 2035 2513 enim
2055 2479 2118 2514 illa
2138 2480 2291 2526 omnia,
2309 2481 2339 2516 si

1282 2535 1476 2572 facultates
1495 2536 1853 2585 perturbationibus
1880 2537 2057 2573 obnoxia:
2088 2539 2229 2574 rationi
2262 2552 2339 2576 non

1283 2596 1564 2644 obtemperent.
1581 2597 1658 2632 Aut
1674 2597 1775 2632 enim
1791 2597 1850 2632 ira
1871 2596 1920 2633 ad
1935 2598 2184 2634 resistendum
2201 2611 2338 2647 paren-

1283 2655 1384 2690 tibus
1415 2656 1577 2701 excitat,
1621 2662 1686 2692 aut
1719 2655 1908 2705 cupiditas
1940 2655 1990 2692 ad
2018 2668 2151 2693 eorum
2181 2657 2340 2694 consilia

1284 2714 1565 2750 contemnenda
1593 2722 1725 2752 armat.
1757 2716 1803 2751 Et
1822 2727 1971 2761 rursus,
1992 2723 2058 2752 aut
2080 2717 2133 2752 ira
2155 2717 2203 2753 ad
2222 2719 2337 2754 male·

1284 2772 1386 2809 dicta
1406 2773 1582 2821 impellit,
1606 2781 1671 2810 aut
1699 2774 1954 2823 pecuniarum
1975 2775 2162 2823 cupiditas
2182 2776 2231 2812 ad
2250 2789 2337 2825 per·

1279 2831 1438 2879 jurium.
1470 2837 1594 2881 Atque
1623 2833 1780 2869 omnino
1810 2833 1907 2869 mala
1929 2833 1976 2869 ab
2009 2834 2067 2870 his
2095 2834 2339 2871 facultatibus

1283 2899 1567 2942 perpetrantur,
1586 2893 1658 2929 nisi
1681 2892 1730 2929 ad
1753 2892 1939 2929 decorum
1968 2905 1990 2929 a
2006 2895 2155 2931 ratione
2172 2895 2340 2944 dirigun-

1286 2956 1361 2988 tur.
1382 2951 1481 2987 Hinc
1502 2952 1624 2988 omnis
1644 2952 1792 3001 generis
1811 2952 2025 3000 impietates
2055 2959 2092 2989 et
2118 2953 2217 2990 bella
2243 2955 2340 2990 inter

1284 3011 1586 3059 consanguineos
1601 3017 1639 3047 et
1657 3011 1866 3047 amicorum
1888 3012 2127 3060 proditiones
2149 3020 2186 3048 et
2204 3020 2339 3050 cuncta

1283 3066 1519 3117 flagitiorum
1539 3083 1700 3120 genera,
1726 3071 1823 3108 adeo
1857 3079 1901 3108 ut
1931 3073 2106 3109 nonnulli
2127 3074 2340 3110 exclamare

1284 3135 1484 3178 cogantur,

1367 3262 1513 3304 intelligo
1528 3263 1679 3306 quidem,
1697 3264 1804 3306 qualia
1828 3265 1942 3297 moliar
1963 3266 2065 3306 mala3

1367 3311 1423 3344 sed
1441 3311 1486 3344 ira
1505 3312 1667 3354 potentior
1681 3315 1730 3346 est
1746 3314 1827 3346 meis
1846 3314 2003 3354 consiliis,

1284 3424 1347 3460 alii
1366 3437 1458 3462 vero
1472 3453 1482 3472 ‚
1502 3433 1567 3462 aut
1581 3427 1698 3464 iidem
1719 3428 1809 3464 alias
1826 3428 2054 3473 exclamare,
