2612 3814
275 264 347 298 184

351 345 532 394 ἀνόνητον·
551 348 631 387 ἀλλ’
654 346 738 387 ὅταν
760 348 909 388 τοιῶσδε
929 352 1159 404 σχηματισθῇ
1175 350 1237 390 καὶ
1251 367 1333 390 συν·
1363 371 1367 380 .

349 406 461 460 τρέχῃ
481 405 617 460 ζῳδίοις
635 423 672 446 τε
694 407 754 446 καὶ
775 408 961 462 ἄστράσιν.
987 412 1037 450 Et
1065 423 1150 461 pag.
1178 411 1252 459 178
1274 414 1302 449 B
1320 423 1330 450 :

348 466 394 505 Εἰ
415 465 454 504 δέ
461 496 474 519 ,
493 465 540 512 ὥς
562 483 669 520 φησιν
681 466 845 521 Ὀρφεύς,
865 471 910 522 τῇ
931 468 999 522 ἄτῃ
1021 472 1156 508 ἀνεῖται
1177 472 1199 516 ἡ
1223 472 1333 508 ἑπτα-

348 525 564 575 καιδεκάτη,
587 526 648 566 καὶ
680 527 737 566 διὰ
766 531 869 567 τοῦτο
894 531 938 582 τῇ
969 544 1007 567 τε
1030 532 1123 583 τομῇ
1151 532 1216 577 τῆς
1247 529 1334 578 ὕλης

349 585 444 625 ἐστὶν
473 586 608 636 οἰκεία,
631 586 691 625 καὶ
718 590 763 641 τῇ
793 590 855 627 τοῦ
885 591 1026 640 καρποῦ
1057 587 1237 641 γυμνώσει
1261 593 1332 629 τῶν

347 645 608 701 περικαρπίων.
632 647 741 686 Idem
757 662 800 699 p.
834 648 909 686 130
926 650 975 688 B:
989 647 1141 702 Ὀρφεὺς
1162 652 1332 700 μαθημα-

349 709 454 751 τικῶς
484 706 603 747 πάντα
636 707 916 760 παρακελεύεται
951 709 1048 761 δρᾷν·
1080 701 1150 747 οἷον
1183 707 1333 757 σελήνης

348 765 544 820 τρεχούσης
571 766 649 821 περὶ
672 767 870 822 Παρθένον,
902 766 1020 807 πάντα
1052 768 1210 821 φυτεύειν
1237 768 1332 816 πλὴν

350 825 466 877 μόνων
485 826 666 878 ἀμπέλων·
683 832 779 878 μισεῖ
798 827 866 880 γὰρ
886 829 909 875 ἡ
927 826 1109 881 Παρθένος
1122 827 1186 876 τὴν
1208 827 1330 881 ἄμπε-

348 886 409 924 λον
425 885 482 925 διὰ
496 887 554 926 τὸν
572 887 710 940 πατέρα
726 886 895 939 Ἰκάριον.
919 886 1001 932 Διὸς
1019 885 1214 941 ’Υδροχόον
1231 903 1332 941 περι-

348 945 574 995 πολεύοντος,
596 946 644 997 μὴ
666 946 840 1000 πλεύσῃς·
870 946 1013 1000 χαλεπ·>Ι
1043 946 1114 1001 γὰρ
1145 947 1223 987 τότε
1250 947 1330 988 λίαν

349 1005 442 1046 ἐστὶν
459 1010 482 1055 ἡ
497 1007 672 1048 θάλασσα.
692 1008 767 1047 Τοῦ
785 1008 891 1046 αὐτοῦ
903 1007 988 1053 Διὸς
1004 1009 1041 1047 ἐν
1053 1007 1205 1061 Ἰχθύσιν
1221 1006 1331 1059 ὄντος,

348 1066 456 1107 καλὸν
475 1067 612 1120 γάμους
630 1071 757 1116 ποιεῖν,
780 1066 842 1106 καὶ
861 1066 906 1107 τὰ
924 1066 1031 1108 λοιπὰ
1051 1066 1206 1121 ὁμοίως.)

727 1152 855 1191 XLII.

349 1231 556 1287 Πρώτιστος
567 1231 632 1283 μὲν
648 1232 798 1273 ἄνασσεν
811 1233 1019 1287 ἐπιχθονίων
1029 1233 1164 1287 Κρόνος
1179 1235 1330 1289 ἀνδρῶν,

347 1294 387 1332 ἐκ
413 1293 449 1334 δὲ
481 1293 618 1348 Κρόνου
644 1292 755 1346 γένετ’
785 1287 883 1340 αῧτις
915 1292 1000 1340 ἄναξ
1033 1293 1145 1348 μέγας
1178 1294 1331 1347 εὖρυόπα

1213 1353 1328 1409 [Ζεύς.

403 1436 632 1490 (Lactantius
650 1436 682 1485 l,
704 1438 766 1484 13,
795 1451 838 1475 11
862 1450 872 1477 :
891 1439 1068 1488 Orpheus
1092 1439 1329 1490 quitempo-

345 1497 453 1534 ribus
477 1497 558 1545 ejus
583 1498 776 1535 recentior
802 1497 876 1534 fuit
903 1506 1032 1548 aperte
1055 1497 1265 1536 Saturnum
1290 1501 1332 1537 in

347 1565 449 1594 terra
468 1565 507 1594 et
519 1557 625 1607 apud
637 1558 815 1594 homines
831 1569 1007 1608 regnasse
1021 1568 1298 1597 commemorat
1318 1574 1326 1597 :

344 1615 541 1668 πρώτιστος
557 1614 620 1667 μὲν
636 1614 731 1669 κτλ.)

723 1694 866 1735 XLIII.

343 1776 453 1817 Ἀλλὰ
468 1775 602 1831 Κρόνον
622 1777 814 1831 φάσκουσιν
834 1776 903 1817 ὑπὸ
922 1779 1012 1826 Ζηνὶ
1030 1779 1208 1832 Κρονίωνι

343 1836 516 1876 ἀθάνατον
536 1838 646 1876 αἰῶνα
663 1839 787 1890 λαχεῖν
806 1841 974 1892 καθαροῖο
993 1837 1126 1891 γενείου

343 1895 404 1935 καὶ
425 1895 540 1949 διερὰς
559 1896 689 1949 χαίτας
713 1896 881 1947 εὐώδεας,
901 1895 983 1937 οὐδέ
1004 1913 1038 1937 τι
1057 1898 1187 1951 λυγροῦ

342 1955 475 2009 γήραος
491 1957 681 2004 ἠπεδανοῖο
701 1957 896 2010 μιγήμεναι
917 1957 1014 1997 ἄνθεϊ
1031 1958 1170 2011 λευκῷ,

341 2015 433 2055 ἀλλὰ
451 2015 533 2069 περὶ
551 2016 776 2070 κροτάφοισιν
795 2015 891 2070 ἔχειν
910 2015 1073 2072 ἐριθηλέα
1091 2017 1245 2071 λάχνην.

400 2100 573 2152 (Proclus
588 2102 725 2142 Theol.
741 2103 839 2141 Plat.
855 2102 925 2141 lib.
943 2103 992 2153 V,
1014 2115 1061 2140 10
1079 2114 1089 2141 :
1108 2100 1160 2141 Τὸ
1186 2100 1328 2153 ἀγήρων

343 2158 455 2212 ταύτῃ
473 2161 518 2213 τῇ
546 2158 643 2205 τάξει
666 2159 729 2213 (τῇ
761 2159 914 2214 Κρονίᾳ)
936 2158 1126 2213 προσήκει,
1156 2161 1204 2204 ὡς
1232 2159 1267 2199 οἵ
1291 2176 1330 2199 τε

346 2218 521 2273 βάρὸαροί
540 2235 627 2273 φασι
644 2219 706 2259 καὶ
732 2221 750 2258 ὁ
766 2219 934 2274 Ὀρφεύς.
958 2219 1034 2260 Καὶ
1052 2218 1122 2273 γὰρ
1148 2213 1246 2265 οὗτος
1275 2220 1329 2259 ἀεὶ

345 2278 514 2331 μελαίνας
541 2278 605 2325 τὰς
619 2282 681 2319 τοῦ
710 2280 863 2334 Κρονίου
882 2279 1073 2334 προσώπου
1103 2278 1230 2334 τρίχας
1260 2296 1329 2332 μυ-

345 2341 473 2384 στικῶς
488 2338 583 2391 λέγει
600 2340 661 2379 καὶ
682 2340 858 2391 μηδαμῶς
867 2339 1049 2393 γίγνεσθαι
1063 2340 1188 2384 πολιάς
1210 2370 1220 2381 .
1248 2368 1260 2381 .
1283 2371 1292 2379 .
1317 2373 1327 2382 .

345 2397 390 2439 ‘O
410 2398 563 2453 Ὀρφεὺς
584 2398 629 2438 τὰ
646 2398 780 2443 τούτοις
796 2397 903 2450 ὅμοια
923 2398 1006 2453 περὶ
1028 2402 1090 2439 τοῦ
1110 2402 1188 2438 θεοῦ
1205 2399 1329 2439 τούτου

345 2458 591 2497 διατάττεται·
614 2458 683 2497 ὑπὸ
711 2457 803 2507 Ζηνὶ
822 2457 996 2512 Κρονίωνι
1016 2457 1189 2498 ἀθάνατον
1217 2460 1330 2498 αἰῶνα

347 2527 475 2573 καμεῖν
492 2553 502 2563 .
526 2553 537 2564 .
559 2554 569 2564 .
603 2526 771 2577 καθαροῖο
797 2522 931 2575 γενείου
953 2553 965 2565 .
988 2553 998 2563 .
1020 2554 1030 2564 .
1057 2523 1174 2578 διερὰς
1201 2523 1330 2578 χαίτας

347 2580 516 2630 εὐώδεας,
551 2581 628 2621 οὐδὲ
662 2612 672 2622 .
707 2611 718 2621 .
754 2612 764 2622 .
791 2583 982 2631 ἠπεδανοῖο
1016 2583 1211 2636 μιγήμεναι
1233 2582 1331 2623 ἄνθεϊ

343 2641 460 2693 λευκῷ
490 2670 500 2679 .
529 2671 539 2680 .
573 2671 583 2682 .
615 2642 692 2680 ἀλλ’
726 2640 891 2696 ἐριθηλέα
919 2641 1072 2695 λάχνην.
1105 2643 1168 2681 Ad
1200 2644 1330 2681 locum

345 2701 624 2738 restituendum
642 2715 701 2740 vs.
725 2715 742 2738 1
763 2702 895 2740 addidi
911 2701 1005 2741 ἀλλὰ
1027 2701 1162 2754 Κρόνον
1178 2700 1332 2755 φάσκου-

346 2773 400 2797 σιν
434 2768 472 2798 et
494 2774 548 2800 vs.
573 2761 595 2798 3
624 2762 757 2812 scripsi
784 2761 863 2799 οὖδέ
896 2777 931 2799 τι
961 2762 1106 2815 λυγροῦ.
1141 2763 1329 2803 Caeterum

345 2832 402 2858 vs.
409 2833 430 2856 2
439 2819 561 2872 λαχεῖν
571 2820 733 2857 debetur
741 2823 966 2859 Hermanno
977 2822 1082 2872 apud
1090 2823 1330 2860 Lobeckium

346 2880 540 2930 Aglaoph.
568 2893 608 2929 p.
640 2879 732 2927 512,
756 2878 888 2931 γήραος
907 2894 966 2919 vs.
988 2886 1009 2925 4
1029 2882 1220 2928 Gesnero,
1249 2879 1331 2932 περὶ

282 2945 286 2949 ”
345 2937 569 2991 κροτάφοισιν
587 2937 679 2991 ἔχειν
696 2952 753 2978 vs,
775 2939 796 2976 5
815 2941 950 2978 itidem
963 2941 1197 2980 Hermanno.
1216 2940 1328 2978 Simi-

726 3103 852 3142 XLII.

266 3172 393 3206 Primus
432 3172 564 3215 quidem
607 3172 814 3205 terrestribus
849 3171 1036 3205 hominibus
1063 3172 1240 3214 imperabat
1268 3174 1327 3206 Sa·

1179 3231 1327 3274 sturnus,

264 3301 283 3326 e
296 3293 436 3326 saturno
450 3292 559 3325 autem
576 3292 673 3324 natus
689 3292 737 3324 est
753 3300 867 3324 rursus
889 3300 946 3324 rex
961 3299 1099 3333 magnus
1114 3291 1242 3332 Jupiter
1263 3291 1328 3324 late

1181 3349 1326 3392 [sonans.

724 3412 863 3452 XLIII.

264 3483 327 3518 sed
344 3484 519 3518 saturnum
539 3483 651 3516 dicunt
668 3482 730 3515 sub
750 3484 831 3516 Jove
851 3481 1003 3515 saturnio

268 3546 457 3586 perpetuum
473 3545 568 3578 tersae
587 3542 696 3576 barbae
709 3541 847 3575 nitorem
861 3544 995 3574 nactum
1012 3548 1082 3574 esse

1253 260 1482 304 ORPHICA
1490 293 1499 303 .

1474 354 1559 392 liter
1579 356 1739 394 Procius
1770 357 1819 395 ad
1850 358 2008 396 Hesiodi
2028 360 2104 410 Op.
2122 367 2160 397 et
2179 361 2226 399 D.
2256 374 2297 411 p.
2323 367 2371 408 44
2397 365 2454 401 B:

1476 411 1522 452 ‘O
1540 413 1603 464 μὲν
1615 413 1767 468 Ὀρφεὺς
1781 420 1840 455 τοῦ
1852 419 2004 470 ἀργυροῦ
2017 417 2135 471 γένους
2157 419 2355 471 βασιλεύειν
2371 422 2459 475 φησὶ

1475 470 1534 511 τὸν
1562 472 1696 524 Κρόνον
1715 473 1794 519 τοὺς
1819 475 1914 515 κατὰ
1935 476 1994 515 τὸν
2015 477 2170 532 καθαρὸν
2199 477 2302 530 λόγον
2325 481 2459 526 ζῶντας

1475 533 1647 585 ἀργυροῦς
1664 532 1792 584 λέγων,
1811 533 1932 589 ὥσπερ
1947 535 2025 581 τοὺς
2042 537 2134 576 κατὰ
2148 540 2228 578 νοῦν
2246 538 2351 591 μόνον
2369 554 2460 594 χρυ-

1474 595 1573 636 σοῦς·
1594 594 1613 631 ὁ
1642 590 1679 631 δὲ
1699 591 1862 640 Ἡσίοδος
1882 595 1922 635 τὸ
1954 597 2126 650 ἀργυροῦν
2159 597 2257 650 γένος
2277 604 2372 639 ποιεῖ
2393 599 2460 655 ῥᾴ-

1474 654 1599 703 θυμον.
1619 651 1730 690 Idem
1752 667 1794 704 p.
1819 655 1869 705 39
1890 657 1924 694 A
1939 667 1949 693 ε
1967 655 2040 696 Τὸν
2062 657 2197 711 Κρόνον
2217 657 2271 697 ἀεὶ
2289 657 2459 710 μελαίνας

1474 712 1567 765 ἔχειν
1604 710 1668 756 τὰς
1698 711 1759 751 ἐπὶ
1800 713 1934 765 γενείου
1968 715 2113 769 τρίχας,
2150 716 2255 771 φησὶν
2290 717 2458 770 Ὀρφεύς·

1474 770 1629 811 Πλάτων
1658 769 1695 810 δὲ
1723 771 1885 826 (Phileb.
1921 789 1963 826 p.
1991 789 2070 825 270
2113 778 2162 829 D)
2191 775 2273 822 τοὺς
2309 777 2369 817 ἐπὶ
2395 779 2460 825 τῆς

1474 830 1629 885 Κρονίας
1649 831 1811 885 περιόδου
1832 833 2051 874 ἀποὸάλλειν
2080 836 2166 889 φησὶ
2194 835 2234 875 τὸ
2265 839 2378 890 γ’ἧρας
2397 837 2460 876 καὶ

1475 892 1529 930 ἀεὶ
1550 890 1732 944 γίγνεσθαι
1745 893 1946 947 νεωτέρους.
1964 894 2073 934 Idem
2094 898 2142 935 de
2162 899 2301 949 Hippa‚
2317 898 2459 936 Bacchi

1474 954 1647 1001 nutrice,
1667 954 1815 993 Corum.
1835 956 1875 992 in
1897 957 1996 995 Tim.
2016 954 2054 994 11
2073 971 2115 1007 p.
2139 962 2214 1003 124
2237 959 2280 1005 C,
2300 971 2344 1008 p.
2376 971 2454 1009 ²9²

1473 1025 1555 1063 seq.
1580 1013 1645 1052 ed.
1669 1014 1893 1054 Schneider.
1918 1016 1999 1053 haec
2027 1016 2146 1055 habet
2176 1028 2186 1056 ε
2209 1015 2256 1056 Ἡ
2289 1015 2353 1066 μὲν
2386 1016 2456 1069 γὰρ

1471 1069 1590 1111 Ἵππα
1603 1101 1614 1120 ,
1637 1076 1697 1112 τοῦ
1718 1072 1849 1120 παντὸς
1867 1067 1956 1113 οῧσα
1982 1075 2102 1128 ψυχή,
2125 1074 2187 1116 καὶ
2207 1075 2300 1115 οὕτω
2325 1076 2460 1124 κεκλη-

1477 1130 1566 1183 μένη
1601 1130 1700 1186 παρὰ
1731 1134 1782 1186 τῷ
1812 1133 1964 1187 θεολόγῳ
1984 1164 2160 1176 ......
2182 1133 2301 1174 λίκνον
2321 1133 2380 1175 ἐπὶ
2397 1136 2462 1183 τῆς

1472 1192 1630 1244 κεφαλῆς
1662 1190 1791 1243 θεμένη
1826 1193 1886 1232 καὶ
1914 1193 2080 1247 δράκοντι
2109 1193 2194 1234 αὗτὸ
2214 1193 2461 1249 περιστέψασα

1472 1250 1513 1289 τὸ
1547 1251 1746 1305 κραδιαῖον,
1780 1252 1990 1306 ὑποδέχεται
2023 1253 2396 1296 Διόνυσον.--·-ὁ
2422 1253 2460 1294 δὲ

1474 1310 1545 1350 ἀπὸ
1575 1314 1636 1350 τοῦ
1669 1317 1784 1365 μηροῦ
1805 1316 1867 1352 τοῦ
1896 1313 1978 1358 Διὸς
2007 1313 2167 1368 πρόεισιν
2188 1316 2237 1361 εἷς
2257 1314 2380 1366 αὖτήν,
2398 1314 2460 1354 καὶ

1471 1370 1652 1425 προελθὼν
1685 1373 1745 1412 ἐπὶ
1776 1372 1816 1411 τὸ
1847 1373 1972 1422 νοητὸν
2006 1374 2136 1423 αὐτὴν,
2151 1375 2275 1428 ἀνάγει
2302 1375 2364 1415 καὶ
2395 1375 2460 1422 τὴν

1471 1432 1598 1470 ἑαυτοῦ
1626 1431 1760 1483 πηγήν·
1795 1430 1973 1485 ἐπείγεται
2009 1432 2079 1488 γὰρ
2116 1435 2204 1488 πρὸς
2234 1433 2300 1482 τὴν
2340 1432 2457 1483 Ἴδην.

1472 1489 1538 1531 Διὸ
1557 1490 1619 1529 καὶ
1637 1491 1949 1543 συλλαμὸάνεσθαι
1968 1496 1991 1541 ἡ
2008 1492 2124 1533 Ἵππα
2145 1493 2286 1547 λέγεται
2305 1493 2459 1534 τίκτοντι

1471 1552 1523 1604 τῷ
1545 1551 1620 1592 Διί.
1639 1552 1695 1592 Cf.
1714 1553 1755 1589 in
1771 1555 1871 1592 Tim.
1896 1552 1952 1593 ΙΙΙ
1972 1568 2015 1604 p.
2042 1567 2120 1591 200
2141 1562 2179 1592 et
2196 1568 2237 1606 p.
2257 1568 2346 1603 172.
2362 1555 2459 1594 Vide

1473 1613 1588 1649 etiam
1604 1612 1753 1663 Orphei
1768 1614 1967 1662 Hymnum
1979 1612 2129 1653 XLIX.
2144 1614 2257 1653 Adde
2272 1614 2459 1653 Lobeckii

1471 1672 1665 1722 Aglaoph.
1689 1674 1707 1710 I
1727 1686 1768 1724 p.
1790 1671 1899 1720 581.)

1852 1756 1995 1797 XLIV.

1475 1838 1614 1877 Κύκλον
1634 1837 1666 1877 τ’
1684 1838 1872 1891 ἀκαμάτου
1892 1838 2105 1894 καλλιρρόου
2122 1839 2315 1891 ὠκεανοῖο,

1471 1896 1508 1942 ὃς
1527 1905 1632 1950 γαῖαν
1653 1898 1767 1952 δίνῃσι
1784 1898 1884 1953 πέριξ
1904 1898 1980 1953 ἔχει
2001 1898 2224 1952 ἀμφιελίξας.

1528 1989 1716 2042 (Eustath.
1742 1989 1792 2027 ad
1823 1989 1989 2039 DionyS.
2021 1989 2173 2038 Perieg.
2193 2001 2248 2025 vs.
2277 2000 2293 2025 1
2317 2000 2328 2025 ε
2351 1984 2456 2026 Καθὰ

1472 2048 1533 2087 καὶ
1553 2047 1706 2102 Ὀρφεὺς
1723 2049 1757 2087 ἐν
1778 2050 1829 2101 τῷ
1848 2047 1930 2101 περὶ
1949 2047 2031 2092 Διὸς
2047 2046 2109 2086 καὶ
2129 2046 2182 2087 Ἥ
2187 2062 2250 2101 ρας
2280 2044 2368 2100 φησὶ
2395 2044 2454 2085 λε’-

1469 2124 1555 2161 γων·
1576 2108 1704 2148 κύκλον
1725 2107 1912 2159 ἀκαμάτου
1933 2109 2013 2147 κτλ.
2048 2109 2094 2152 ὡς
2119 2109 2181 2146 τοῦ
2204 2107 2361 2146 ὠκεανοῦ
2393 2120 2458 2144 πε-

1473 2167 1691 2222 ριειληφότος
1729 2166 1795 2216 τὴν
1825 2170 1903 2219 γῆν.
1936 2169 2060 2206 Aliter
2091 2168 2321 2205 Scholiastes
2349 2178 2454 2206 ms.:

1470 2227 1531 2267 καὶ
1560 2227 1712 2281 Ὀρφεὺς
1743 2228 1778 2266 ἓν
1811 2229 1862 2281 τῷ
1891 2226 1973 2280 περὶ
2003 2225 2085 2270 Διὸς
2107 2224 2169 2265 καὶ
2196 2225 2317 2278 Κόρης
2335 2224 2455 2279 φησίν·

1470 2288 1599 2327 κύκλον
1610 2289 1642 2325 τ’
1657 2286 1782 2326 ἀέναον
1801 2284 2012 2341 καλλιῤῥόου
2025 2285 2206 2334 ὠκεανοῖο,
2219 2287 2324 2337 γαῖαν
2339 2284 2456 2336 δίνῃσι

1471 2346 1555 2400 περί
1565 2363 1615 2386 νιν
1625 2346 1699 2400 ἔχει
1707 2348 1934 2399 ἀμφιέλισσε.
1951 2348 2111 2385 Secutus
2120 2359 2205 2383 sum
2214 2347 2455 2384 Eustachium

1470 2408 1612 2445 inserta
1631 2422 1671 2445 τε
1688 2405 1909 2458 particula.)

1695 2525 1716 2538 ,‚
1857 2488 1976 2530 XLV.

1471 2574 1615 2615 Κύκλου
1635 2572 1666 2612 τ’
1688 2567 1736 2613 αῧ
1754 2572 1860 2621 λῆξαι
1875 2571 1936 2611 καὶ
1958 2574 2178 2612 ἀναπνεῦσαι
2197 2569 2406 2617 κακότητος.

1525 2641 1696 2692 (Proclus
1723 2641 1764 2676 in
1782 2640 1883 2678 Tim.
1904 2641 1937 2677 V
1963 2650 2056 2688 pag.
2087 2636 2163 2674 330
2179 2637 2213 2674 A
2229 2643 2269 2673 et
2285 2636 2337 2682 B,
2358 2646 2452 2685 pag.
2495 2669 2502 2683 ,

1472 2701 1549 2739 802
1579 2700 1644 2739 ed.
1677 2698 1906 2739 Schneider.
1929 2711 1938 2734 :
1959 2695 2038 2735 Μία
2067 2693 2227 2748 σωτηρία
2247 2696 2312 2742 τῆς
2337 2695 2455 2747 ψυχῆς

1471 2758 1562 2806 αὕτη
1582 2756 1681 2810 παρὰ
1694 2760 1756 2796 τοῦ
1774 2757 1990 2809 δημιουργοῦ
2006 2754 2229 2809 προτείνεται
2243 2755 2304 2792 τοῦ
2321 2751 2453 2791 κύκλου

1470 2822 1532 2867 τῆς
1546 2816 1714 2871 γενέσεως
1728 2815 2006 2856 ἀπαλλάττουσα
2023 2813 2159 2861 καὶτῆς
2171 2813 2305 2860 πολλῆς
2316 2810 2455 2858 πλάνης

1469 2879 1531 2918 καὶ
1550 2880 1613 2925 τῆς
1632 2876 1803 2924 ἀνηνύτου
1823 2877 1929 2923 ζωῆς,
1948 2877 1971 2922 ἡ
1987 2875 2075 2927 πρὸς
2091 2873 2131 2912 τὸ
2149 2871 2267 2926 νοερὸν
2287 2864 2376 2916 εἶδος
2390 2873 2454 2919 τῆς

1470 2940 1586 2991 ψυχῆς
1616 2934 1800 2989 ἀναδρομὴ
1831 2934 1892 2974 καὶ
1920 2937 1942 2981 ἡ
1965 2933 2057 2987 φυγὴ
2078 2932 2222 2971 πάντων
2242 2933 2310 2970 τῶν
2331 2932 2371 2970 ἐκ
2389 2934 2456 2980 τῆς

1390 3100 1602 3141 madidosque
1615 3100 1648 3131 et
1663 3097 1818 3130 odoratos
1835 3096 1967 3137 capillos
1976 3121 1986 3137 ,
2000 3104 2107 3137 neque
2121 3095 2203 3127 albis
2216 3095 2363 3127 molestae

1389 3164 1488 3202 atque
1502 3159 1640 3192 infirmae
1655 3156 1831 3191 senectutis
1845 3155 1977 3189 floribus
1992 3163 2062 3188 esse
2074 3163 2284 3196 conspersum
2293 3178 2304 3195 ,
2320 3189 2321 3192 ,

1390 3221 1446 3254 sed
1463 3219 1547 3253 circa
1563 3219 1708 3260 tempora
1723 3216 1843 3249 habere
1858 3214 2101 3257 pinguissimam
2114 3213 2293 3247 caesariem.

1846 3275 1988 3317 XLiv.

1390 3350 1577 3391 Orbemque
1593 3347 1801 3390 infatigabilis
1814 3347 1847 3380 et
1860 3346 1995 3388 pulchre
2008 3345 2138 3378 fluentis
2150 3343 2282 3384 oceani,
2323 3341 2449 3385 [elitur-

1388 3409 1444 3451 qui
1460 3411 1579 3442 terram
1593 3407 1773 3441 vorticibus
1790 3406 1956 3447 utrimque
1979 3405 2132 3447 agitatam
2147 3403 2290 3445 undique
2302 3401 2452 3444 comple·

1856 3467 1976 3507 XLV.

1389 3539 1561 3574 Discedere
1575 3548 1686 3573 rursus
1697 3547 1739 3573 ex
1751 3537 1828 3572 orbe
1840 3540 1873 3571 et
1886 3537 2040 3578 respirare
2053 3545 2072 3569 a
2085 3533 2278 3569 calamitate.
