2612 3814
1047 526 1659 599 CONSPECTUS.

1237 722 1485 738 ψ-

275 903 448 935 Pana-rio
453 920 629 932 .........
645 922 649 926 .
662 918 1215 932 ...........................
1318 907 1330 930 r
1387 897 1544 939 Diogenis
1559 897 1770 939 Apolloniatae
1785 899 1961 941 fragmenta
1968 922 2331 936 .................
2379 906 2453 937 254

275 950 465 981 Ριιοοειιυι
474 967 1213 979 ...................................
1306 952 1329 977 v
1387 947 1436 978 De
1466 945 1622 978 Archelao
1631 968 2330 982 ..................................
2378 951 2440 984 257

1387 993 1434 1025 De
1465 992 1599 1024 Melisso
1605 1015 2329 1030 ...................................
2377 1000 2442 1031 259

710 1021 837 1054 LIBER
860 1021 888 1053 ¹·
1386 1038 1507 1071 Melissi
1531 1039 1707 1080 lragmenta
1716 1062 2331 1076 ..............................
2379 1047 2437 1079 261

274 1089 322 1120 De
342 1086 535 1127 Empedocle
541 1106 1220 1119 .................................
1268 1093 1328 1117 xm
1388 1087 1436 1118 De
1452 1087 1581 1119 Zenone
1588 1108 2328 1123 ....................................
2379 1095 2442 1125 266

275 1134 475 1176 Empedoclis
493 1136 637 1166 carmina
642 1154 1217 1166 ............................
1312 1134 1323 1162 1
1385 1133 1525 1164 Zenonis
1543 1133 1724 1173 fragmenta
1730 1157 2329 1170 .............................
2379 1141 2443 1172 269

274 1184 534 1216 Commentarius
554 1182 587 1214 in
605 1180 807 1222 Empedoclis
832 1179 1013 1213 carminum
1030 1179 1218 1221 reliquias..
1290 1183 1328 1213 15
1385 1179 1538 1213 Prael'atio
1554 1180 1596 1212 ad
1612 1181 1797 1214 Aristotelis
1822 1181 1970 1214 libellum
1997 1181 2037 1215 de
2053 1183 2204 1225 Melissa,
2229 1185 2336 1217 Xeno·

273 1232 321 1263 De
345 1230 493 1272 Hippone
500 1249 1215 1263 ...................................
1286 1230 1323 1260 81
1429 1227 1531 1267 phane
1548 1232 1580 1260 et
1600 1229 1721 1269 Gorgia
1729 1251 2327 1266 .............................
2379 1235 2438 1266 271

273 1280 322 1310 De
337 1277 474 1311 Timone
496 1277 636 1309 Phliasio
643 1297 1217 1310 ............................
1287 1278 1326 1307 83
1385 1275 1567 1307 Aristotelis
1589 1275 1645 1308 lib.
1659 1275 1700 1308 de
1723 1277 1851 1309 Melisso
1863 1300 1872 1316 ‚
1888 1277 2089 1318 Xenophane
2101 1279 2133 1311 et
2152 1278 2287 1321 Gorgia.
2299 1303 2307 1310 .
2319 1301 2329 1312 .
2379 1283 2438 1315 277

274 1326 419 1359 Timonis
440 1325 569 1358 Phliasii
587 1325 764 1366 fragmenta
771 1345 1215 1356 ......................
1287 1325 1325 1355 84
1386 1322 1433 1353 De
1464 1322 1629 1355 Heraclito
1636 1345 2330 1360 ..................................
2377 1331 2441 1362 310

273 1375 320 1407 De
339 1374 535 1415 Xenophane
542 1393 1217 1406 .................................
1287 1372 1328 1403 99
1387 1370 1538 1403 Heracliti
1570 1371 1747 1413 fragmenta
1755 1394 2329 1409 ............................
2379 1378 2441 1410 315

274 1422 482 1463 xenophanis
503 1420 684 1453 carminum
702 1418 847 1461 rel'quiae
854 1440 1217 1451 ..................
1269 1421 1323 1450 101
1388 1419 1434 1450 De
1458 1419 1642 1452 Democrito
1649 1442 2329 1457 .................................
2377 1426 2442 1458 330

274 1470 322 1501 De
341 1468 532 1502 Parmenide
538 1488 1215 1501 .................................
1268 1468 1326 1498 109
1386 1467 1433 1498 De
1454 1466 1768 1501 Pseudodemocrate
1776 1491 2331 1503 ...........................
2379 1475 2441 1504 339

273 1516 474 1549 Parmenidis
500 1515 679 1549 carminum
703 1514 846 1556 reliquia·
854 1536 1216 1547 ..................
1268 1515 1325 1546 114
1387 1514 1561 1547 Democriti
1595 1515 1770 1556 fragmenta
1777 1538 2327 1552 ...........................
2377 1520 2440 1552 340

273 1567 320 1598 De
343 1564 534 1606 Epicharmo
541 1584 1216 1598 .................................
1268 1564 1322 1593 131
1386 1562 1432 1594 De
1445 1561 1556 1594 ocello
1574 1564 1704 1595 Lucano
1712 1585 2326 1601 ..............................
2377 1567 2439 1599 383

274 1611 457 1652 Epicharmi
478 1611 655 1652 fragmenta
663 1631 1217 1644 ...........................
1269 1611 1326 1641 135
1384 1609 1485 1642 Ocelli
1501 1610 1620 1642 Lucani
1636 1610 1676 1643 de
1694 1610 1850 1644 Universi
1863 1612 1979 1643 natura
1997 1611 2124 1644 libellus
2131 1634 2327 1645 ..........
2376 1615 2440 1646 388

274 1660 320 1691 De
335 1659 490 1692 Cleanthe
497 1678 1213 1691 ...................................
1269 1658 1326 1688 148
1386 1656 1536 1696 Ejusdem
1554 1658 1655 1690 ocelli
1677 1658 1893 1698 fragmentum
1902 1680 2327 1693 .....................
2377 1661 2440 1694 407

272 1706 436 1739 Cleanthis
451 1705 595 1739 carmina
602 1724 1216 1738 ..............................
1268 1706 1320 1734 151
1385 1704 1431 1735 De
1449 1703 1597 1735 Hierocle
1617 1712 1655 1736 ac
1672 1703 1713 1737 de
1728 1704 1889 1737 carminis
1904 1705 1991 1737 aurel
2009 1706 2142 1737 auctore
2149 1726 2325 1738 .........
2376 1707 2440 1740 408

274 1755 320 1786 De
344 1753 426 1786 Lino
434 1776 566 1786 .......
581 1776 585 1780 .
595 1772 1215 1786 ..............................
1268 1753 1325 1783 155
1385 1751 1541 1783 Hieroclis
1556 1752 1816 1784 Commentarius
1833 1752 1866 1785 in
1888 1754 2032 1785 Aureum
2058 1760 2189 1785 carmen
2196 1773 2331 1785 .......
2378 1755 2442 1786 416

274 1802 320 1834 De
346 1803 469 1834 Musaeo
477 1820 1216 1834 ....................................
1269 1800 1325 1830 158
1385 1798 1662 1838 Pythagoreorum
1679 1798 1883 1841 aliorumque
1896 1798 2161 1841 philosophorum
2183 1798 2338 1832 Similitu-

272 1848 383 1881 Musaei
397 1848 573 1890 tragmenta
580 1867 1026 1880 ......................
1036 1867 1047 1885 ‚
1059 1867 1214 1877 ........
1269 1848 1327 1877 ¹60
1425 1844 1516 1877 dines
1525 1867 2330 1882 .......................................
2374 1854 2440 1886 405

273 1899 320 1930 De
345 1897 475 1937 Orpheo
483 1914 1217 1929 ....................................
1270 1894 1326 1925 162
1386 1892 1566 1934 Demophili
1583 1893 1819 1926 Similitudines
1839 1903 1881 1927 ex
1899 1894 2107 1936 Pythagoreis
2113 1916 2331 1927 ...........
2378 1895 2441 1928 485

272 1943 415 1986 Orphica
436 1943 612 1982 fragmenta
619 1960 1215 1975 .............................
1268 1943 1326 1971 166
1383 1939 1619 1973 Similitudines
1638 1940 1771 1974 aliunde
1786 1942 1931 1974 collectae
1937 1962 2326 1975 ...................
2377 1943 2440 1975 488

273 1990 442 2033 Porphyrii
465 1990 679 2031 fragmentum
700 1988 740 2021 de
759 1988 962 2029 philosophia
982 1995 1023 2020 ex
1038 1986 1192 2020 oraculis.
1206 2011 1214 2018 .
1269 1989 1320 2018 191
1384 1986 1565 2029 Demophili
1585 1987 1762 2020 Sententiae
1780 1987 1998 2030 pythagoricoe
2003 2011 2325 2023 ................
2376 1990 2438 2023 497

274 2037 550 2079 Pythagoreorum
571 2038 710 2069 Carmen
729 2044 865 2068 aureum
874 2055 1216 2067 .................
1270 2035 1327 2066 193
1383 2034 1463 2066 Aliae
1482 2035 1653 2067 sententiae
1677 2034 1958 2076 Pythagoreorum
1965 2057 2329 2069 ..................
2378 2040 2441 2070 500

271 2085 334 2120 alit
355 2094 470 2119 versus
490 2085 763 2127 Pythagoreorum
770 2103 1218 2117 ......................
1266 2084 1326 2113 200
1383 2082 1537 2122 Symbola
1558 2083 1765 2123 pythagorica
1773 2104 2328 2116 ...........................
2377 2086 2439 2117 504

1383 2128 1520 2162 Secundi
1541 2129 1743 2162 Atheniensis
1762 2129 1937 2163 Sententiae
1943 2153 2329 2164 ...................
2378 2134 2439 2165 512

709 2162 828 2194 1⁶¹3ssss
845 2162 888 2193 Π·
1076 2217 1079 2219 ,
1382 2176 1520 2209 Secundi
1533 2178 1700 2217 Responsa
1713 2176 1755 2209 ad
1774 2177 2039 2215 interrogationes
2054 2176 2208 2210 Hadriani
2216 2199 2328 2210 ......
2377 2180 2440 2211 516

272 2228 404 2271 septam
416 2227 599 2269 sapientum
619 2225 764 2259 carmina
775 2226 809 2258 et
825 2223 1096 2268 apophthegmata
1104 2246 1214 2256 ......
1265 2225 1326 2255 203
1384 2222 1555 2256 Alter-catio
1575 2223 1727 2255 Hadriani
1742 2224 1774 2255 et
1796 2223 1936 2256 secundi
1945 2245 2330 2260 ..................
2379 2227 2439 2257 518

273 2277 322 2309 De
348 2273 592 2308 Anaximandro
598 2291 1215 2307 ..............................
1266 2271 1325 2302 237
1382 2271 1473 2303 Sexti
1494 2270 1699 2311 Pythagorici
1717 2270 1892 2303 Sementiua
1899 2292 2327 2305 .....................
2378 2275 2440 2304 522

273 2321 504 2356 Anaximandri
521 2321 699 2362 fragmenta
706 2340 1217 2353 .........................
1266 2321 1326 2351 240
1382 2318 1469 2351 Sexti
1487 2316 1667 2359 philosophi
1683 2318 1890 2350 Enchiridion
1900 2339 2328 2352 .....................
2379 2322 2440 2352 52³

273 2368 530 2403 Deanaximene
537 2387 1214 2401 .................................
1265 2368 1322 2398 241
1388 2367 1664 2407 Pythagoreorum
1682 2365 1951 2407 philosophorum
1974 2365 2117 2407 reliquiae
2144 2377 2153 2398 ε
2177 2365 2334 2407 Diotogc-

275 2417 322 2450 De
354 2419 548 2457 Anaxagora
555 2434 1215 2449 ................................
1265 2414 1325 2445 243
1425 2412 1493 2452 nis,
1511 2412 1693 2453 Sthenidae,
1713 2412 1886 2453 Ecphanti·‚
1902 2411 2105 2452 charondae.
2121 2410 2264 2445 Zaleuci.
2276 2433 2285 2443 .
2296 2435 2305 2446 .
2318 2437 2326 2445 .
2375 2415 2436 2446 532

275 2468 471 2505 Anaxagorae
498 2463 676 2504 fragmenta
683 2482 1215 2495 ..........................
1266 2462 1326 2492 248
1383 2460 1539 2500 Anonymi
1556 2460 1798 2500 Disputationes
1812 2460 1951 2492 morales
1966 2458 2080 2492 dorice
2095 2459 2324 2501 conscriptae..
2374 2461 2433 2493 544

276 2513 324 2545 De
335 2513 478 2553 Diogene
494 2511 698 2552 Apolloniate
705 2531 1215 2544 .........................
1266 2511 1326 2541 252
1385 2507 1536 2549 Archytoe
1556 2507 1721 2540 Tarentini
1739 2507 1913 2549 lragmenta
1922 2529 2201 2541 ..............
2219 2530 2222 2534 ,
2234 2529 2326 2540 .....
2374 2510 2435 2540 55³
