2612 3814
220 234 322 285 '540

297 347 327 373 9.
359 332 439 378 Τὼς
459 331 719 386 βουλευομένως
739 348 801 373 κα.
826 332 1044 387 πράττοντάς
1067 349 1101 372 τι
1127 334 1201 373 ἀπὸ
1219 336 1306 374 θεῶν

245 392 415 445 ’ἄρχεσθαι
431 391 521 445 χρή·
535 391 575 430 τὸ
589 391 658 446 γὰρ
674 391 829 446 ἄριστον,
847 391 967 445 ὥσπερ
985 392 1007 430 ἇ
1022 391 1197 445 παροιμία
1211 391 1308 445 φατί,

243 452 301 491 τὸν
316 451 391 491 θεὸν
409 446 498 503 ἦμεν
518 451 629 491 αἴτιον
645 452 788 491 πάντων
807 452 955 492 τούτων.
1014 450 1097 491 Ἔτι
1115 450 1151 491 δὲ
1165 451 1308 505 φαύλων

244 512 404 566 πράξεων
425 511 620 565 ἀπέχεσθαι
637 511 698 551 καὶ
719 511 875 563 μάλιστα
896 512 953 551 διὰ
970 512 1034 551 τὰν
1051 511 1137 565 πρὸς
1152 513 1210 551 τὸν
1233 511 1308 550 θεὸν

247 571 474 623 ξυμὸουλίαν·
488 571 622 617 οὗδενὸς
636 571 703 625 γὰρ
718 571 838 611 ἀδίκου
854 571 930 610 θεὸν
946 573 1139 611 κοινωνεῖν.
1171 573 1309 622 βοηθεῖν

246 632 283 671 δὲ
305 630 452 671 ἕκαστον
473 633 588 686 ἑαυτῷ
617 632 677 671 καὶ
699 630 988 670 ποτικελεύεσθαι
1016 629 1096 670 κατ’
1119 629 1219 675 ἀξίαν
1241 631 1309 668 τῶν

247 691 392 731 δικαίων
415 691 691 743 μεταλαμὸάνεν
711 691 772 730 καὶ
794 690 963 743 πράσσεν·
985 688 1025 728 τὸ
1044 688 1114 742 γὰρ
1140 687 1229 743 ὑπὲρ
1249 704 1311 740 μι-

247 754 340 805 κρῶν
374 751 435 790 καὶ
470 751 634 803 μεγάλων
668 749 797 800 ὁμοίως
823 748 1054 788 διατείνεσθαι
1076 748 1166 800 ἄγαν
1188 763 1311 800 μικρο·

247 809 377 864 πρεπὲς
397 812 491 850 δοκεῖ
506 804 595 860 ἦμεν
616 809 676 848 καὶ
695 808 931 861 ἀνελεύθερον.
987 806 1050 848 Διὸ
1067 808 1120 846 δεῖ
1136 807 1313 860 φροντίζεν

248 874 300 909 τῶ
319 874 334 893 ⁸
357 870 406 921 μὴ
437 869 571 923 σφόδρα
591 870 626 912 ἐς
645 867 690 906 τὰ
706 867 837 915 ἥκιστα
853 866 870 891 b
889 867 949 906 καὶ
968 867 1014 905 τὰ
1036 867 1176 919 μεγάλα
1208 866 1314 917 ἐμπί-

249 945 347 968 πτεν·
370 928 461 967 ἀλλὰ
491 930 570 967 κατ’
592 927 691 973 ἀξίαν
717 926 781 965 τὰν
808 928 921 966 ἑαυτῶ
955 926 1016 966 καὶ
1049 925 1226 977 δύναμινο
1247 942 1312 977 με-

248 988 390 1041 τρίοντα
419 987 558 1042 ἑκάστῳ
586 987 772 1041 πράγματι
794 985 999 1035 ἕπιὸάλλεν,
1026 985 1120 1030 ὅπως
1140 986 1256 1037 τίμιος
1274 979 1317 1038 ᾗς

248 1049 310 1088 καὶ
331 1047 470 1099 σεμνός.

305 1107 431 1161 Ἀδίκῳ
450 1108 487 1146 δὲ
516 1107 615 1160 ἀνδρὶ
635 1106 658 1155 ἢ
678 1106 818 1158 γυναικὶ
838 1104 1058 1159 κεκριμένοις
1086 1105 1156 1145 ὑπὸ
1181 1105 1317 1150 πόλεως

250 1166 439 1220 ἐπαρωγὴν
464 1165 514 1217 μὴ
532 1170 710 1206 ποιεῖσθαι
737 1164 828 1215 μηδὲ
848 1167 984 1217 ὁμιλεῖν
1006 1164 1200 1216 μηδένα,ἢ
1224 1166 1317 1204 ὀνει-

251 1226 403 1272 δίζεσθαι
423 1228 469 1269 ὡς
489 1225 572 1265 ὄντα
589 1225 709 1277 ὅμοιον
729 1220 759 1279 ᾧ
779 1227 910 1277 ὁμιλεῖ.
968 1225 1059 1270 Τοὺς
1080 1225 1116 1264 δὲ
1133 1241 1319 1278 προκεκρι-

252 1285 375 1337 μένους
393 1286 520 1338 ἄνδρας
543 1285 692 1336 ἀγαθοὺς
707 1288 849 1338 ἀγαπᾶν
867 1284 927 1324 καὶ
945 1285 1169 1338 ἐντυγχάνειν
1187 1286 1317 1333 αὐτοῖς,

250 1345 426 1386 τελεῖσθαί
451 1361 491 1384 τε
512 1344 576 1392 τὴν
608 1344 779 1397 μεγίστην
809 1345 870 1383 καὶ
898 1345 1125 1393 τελειοτάτην
1155 1343 1316 1392 τελετήν,

251 1404 488 1460 ἀνδραγαθίαν
515 1403 753 1456 μιμουμένους
778 1405 834 1443 ἐπ’
854 1403 1000 1458 ἀληθείᾳ
1031 1404 1092 1444 καὶ
1121 1403 1319 1454 κτωμένους

249 1464 314 1512 τὴν
346 1464 487 1518 ἀρετήν·
520 1463 630 1510 οὐδεὶς
661 1463 730 1517 γὰρ
771 1463 859 1516 ἀνὴρ
898 1463 1030 1508 τέλειος
1062 1463 1143 1503 ἄνευ
1171 1462 1316 1511 ταύτης.

239 1525 390 1578 ’Πολίτῃ
411 1524 447 1563 δὲ
468 1523 688 1575 ἀδικουμένῳ
709 1523 847 1576 βοηθεῖν
867 1522 929 1562 καὶ
945 1522 1035 1562 οἴκοι
1051 1522 1111 1562 καὶ
1130 1521 1188 1562 ἐπὶ
1208 1521 1318 1570 ξένης·

253 1585 346 1630 ξένον
379 1583 415 1623 δὲ
445 1583 565 1622 πάντα
597 1582 656 1622 τὸν
683 1583 718 1621 ἐν
740 1585 784 1635 τῇ
806 1583 931 1621 ἑαυτοῦ
963 1581 1110 1635 πατρίδι
1131 1581 1320 1631 σεὸόμενον

250 1643 312 1682 καὶ
336 1644 429 1682 κατὰ
455 1642 535 1687 τοὺς
566 1641 713 1686 οἰκείους
744 1641 870 1692 νόμους
894 1640 1060 1694 εὐφήμως
1091 1641 1153 1679 καὶ
1186 1640 1321 1684 οἰκείως

252 1701 512 1756 προσδέχεσθαι
559 1701 621 1740 καὶ
665 1700 910 1749 ἀποστέλλειν,
959 1699 1205 1752 μεμνημένους
1240 1700 1321 1744 Διὸς

252 1760 362 1807 ξενίου
383 1763 429 1806 ὡς
449 1760 545 1813 παρὰ
563 1766 672 1799 πᾶσιν
692 1759 879 1813 ἱδρυμένου
899 1763 1016 1798 κοινοῦ
1040 1763 1117 1798 θεοῦ
1141 1758 1201 1798 καὶ
1223 1758 1320 1803 ὄντος

253 1819 448 1860 ἐπισκόπου
476 1820 672 1874 φιλοξενίας
702 1835 742 1858 τε
761 1818 823 1858 καὶ
855 1818 1073 1865 κακοξενίας.
1118 1818 1319 1871 ’Ἡγεῖσθαι

253 1881 290 1919 δὲ
311 1880 370 1919 καὶ
386 1878 646 1933 παραγγέλλειν
670 1877 930 1931 πρεσὸυτέρους
949 1879 1130 1932 νεωτέροις
1148 1879 1188 1918 τὸ
1209 1879 1320 1919 αἰδεῖ-

254 1943 336 1978 σθαι
355 1939 417 1977 καὶ
437 1937 667 1991 αἰσχύνεσθαι
685 1937 730 1976 τὰ
749 1938 864 1987 κακά,
885 1937 1055 1991 φανεροὺς
1074 1937 1178 1982 ὄντας
1198 1937 1322 1983 αὐτοὺς

255 1996 526 2049 αἰσχυνομένους
549 1997 610 2036 καὶ
633 1995 877 2046 αἰδουμένους·
892 1999 938 2041 ὡς
959 1998 994 2035 ἐν
1015 1990 1069 2041 αἶς
1091 1997 1217 2036 πόλεσι
1233 2013 1317 2050 πρε·

256 2056 435 2109 σὸυτέρων
471 2055 740 2109 ἀναισχυντίαι,
773 2056 919 2109 φύονται
956 2056 1079 2101 παῖδες
1112 2058 1228 2095 αὐτῶν
1258 2056 1319 2096 καὶ

299 2173 331 2202 9.
355 2169 587 2203 consultantes
605 2170 804 2211 agentesque
821 2169 943 2211 aliquid
964 2179 983 2202 a
996 2169 1059 2202 diis
1079 2170 1242 2212 auspicari
1268 2170 1324 2202 de-

258 2229 338 2262 bent
352 2241 360 2262 ι
375 2228 535 2271 siquidem
549 2229 709 2271 optimum
724 2230 786 2269 est,
798 2228 885 2271 quod
895 2228 1054 2271 proverbii
1068 2229 1141 2262 loco
1151 2228 1213 2262 dici
1227 2229 1322 2269 solet,

258 2289 357 2323 deum
375 2298 446 2323 esse
471 2289 590 2322 horum
614 2288 764 2322 omnium
791 2290 969 2322 auctorem.
1016 2290 1177 2322 Praeterea
1192 2297 1211 2321 a
1234 2288 1326 2322 malis

259 2347 455 2382 facinoribus
476 2348 706 2383 abstinendum
728 2348 799 2390 est,
813 2347 911 2390 idque
927 2348 1070 2381 maxime
1093 2349 1224 2390 propter
1236 2357 1324 2381 com-

260 2416 394 2441 munem
417 2416 493 2440 cum
516 2407 578 2441 deo
594 2407 880 2450 deliberationem,
898 2417 1004 2451 quum
1025 2409 1087 2441 deo
1108 2408 1234 2441 nullum
1250 2417 1325 2441 cum

260 2467 383 2508 injusto
413 2466 646 2500 commercium
671 2468 725 2501 sit.
771 2468 914 2509 Oportet
937 2470 1048 2500 autem
1075 2467 1137 2500 sibi
1162 2475 1328 2509 quemque

261 2527 407 2560 auxiliari
425 2536 463 2560 ac
487 2537 522 2561 se
541 2528 582 2560 ad
598 2527 791 2570 capessenda
803 2529 835 2561 et
848 2527 971 2570 agenda
982 2528 1072 2570 justa
1088 2537 1165 2570 quae
1177 2527 1327 2569 dignitati

261 2587 458 2628 respondent
474 2586 610 2620 incitare
626 2600 634 2620 ε
656 2595 731 2620 nam
747 2597 806 2630 pro
819 2587 934 2630 parvis
954 2587 1052 2620 rebus
1077 2588 1207 2620 tantum
1224 2595 1327 2629 quan-

261 2646 335 2678 tum
357 2654 413 2686 pro
427 2647 550 2687 magnis
566 2646 627 2679 niti
640 2647 737 2680 nimis
749 2647 873 2680 humile
886 2649 919 2680 et
933 2647 1090 2680 illiberale
1103 2646 1234 2680 videtur
1244 2655 1326 2680 esse.

265 2707 377 2743 Quare
392 2705 572 2738 curandum
594 2709 663 2748 est,
680 2715 721 2740 ne
735 2707 836 2740 nimio
864 2707 988 2749 impetu
1015 2706 1057 2740 ad
1081 2706 1218 2739 minima
1237 2708 1270 2739 et
1286 2706 1327 2739 ad

265 2772 384 2806 magna
404 2764 561 2806 feramur,
590 2766 646 2798 sed
670 2775 728 2808 pro
750 2766 908 2807 dignitate
934 2754 988 2799 tua
1004 2769 1037 2800 et
1055 2767 1179 2800 viribus
1203 2767 1329 2808 singula

265 2823 467 2866 perpendere
490 2827 589 2865 atque
609 2825 736 2866 aggredi
759 2825 878 2867 debes,
896 2827 934 2859 ut
950 2826 1162 2859 honorandus
1176 2828 1209 2859 et
1223 2827 1331 2868 gravis

266 2883 417 2916 videaris.
463 2883 543 2916 Viro
557 2885 615 2916 aut
627 2885 758 2917 mulieri
772 2886 901 2926 injustis
922 2895 941 2919 n
955 2887 1089 2920 civitate
1102 2887 1221 2920 habitis
1234 2896 1330 2920 nemo

266 2941 413 2975 auxiliari
434 2941 531 2975 debet
548 2951 653 2984 neque
674 2945 857 2977 conversari
878 2954 953 2977 cum
973 2946 1032 2986 iis,
1049 2946 1190 2988 alioquin
1211 2955 1330 2987 expro-

266 3001 388 3034 branda
403 3001 432 3035 ei
449 3002 546 3035 fuerit
557 3002 736 3036 similitudo
749 3003 818 3044 ejus
833 3013 976 3046 quocum
994 3007 1218 3039 conversatur.
1233 3005 1331 3039 Viros

267 3061 377 3094 autem
391 3061 588 3103 benignitate
604 3062 809 3104 praestabiles
825 3072 938 3097 amare
955 3073 1030 3097 cum
1045 3065 1151 3107 iisque
1167 3074 1331 3098 commer-

268 3123 356 3155 cium
378 3123 498 3156 habere
513 3123 624 3164 decet,
645 3124 678 3157 et
697 3124 892 3166 probitatem
909 3135 986 3158 vere
1004 3126 1164 3160 imitando
1185 3128 1218 3161 et
1241 3136 1332 3160 com-

269 3181 411 3222 paranda
436 3182 560 3216 virtute
583 3183 768 3216 maximum
793 3192 832 3216 ac
852 3184 1124 3226 perfectissimum
1147 3186 1210 3219 hoc
1234 3186 1333 3220 veluti

268 3240 464 3273 sacrificium
479 3241 584 3275 facere
599 3255 607 3275 :
623 3251 719 3276 nemo
734 3243 820 3276 enim
834 3243 934 3276 homo
950 3244 1020 3277 sine
1036 3244 1156 3278 virtute
1169 3245 1333 3287 perfectus

269 3301 329 3332 est.
376 3301 540 3334 caeterum
559 3301 676 3342 injuria
702 3302 819 3335 affecto
836 3303 899 3336 civi
919 3302 971 3336 vel
997 3303 1031 3336 in
1051 3303 1154 3345 patria
1175 3304 1226 3338 vel
1248 3304 1335 3346 apud

270 3360 398 3392 exteras
417 3360 565 3394 nationes
583 3361 736 3404 opitulari
752 3362 904 3396 convenit
923 3375 932 3395 ι
949 3362 1110 3405 hospitem
1123 3372 1202 3397 vero
1221 3373 1335 3406 quem-

270 3418 349 3451 libet
364 3419 397 3451 in
414 3420 518 3461 patria
544 3429 602 3453 sua
619 3420 743 3454 cultum
768 3421 893 3463 legibus
911 3422 1047 3464 propriis
1067 3423 1151 3456 bene
1176 3424 1335 3465 precando

271 3480 302 3510 et
318 3477 512 3512 familiariter
525 3479 596 3512 tum
614 3480 759 3522 accipere
776 3483 847 3514 tum
864 3481 1029 3516 remittere
1048 3483 1198 3524 oportet,
1213 3492 1335 3516 memo·

271 3544 323 3570 res
337 3537 429 3571 Jovis
445 3537 631 3581 hospitalis,
648 3541 684 3574 ut
700 3539 752 3574 dei
771 3541 956 3575 communis
972 3541 1059 3583 apud
1080 3551 1192 3576 omnes
1215 3543 1336 3576 consti·

1086 245 1566 286 PYTHAGOREORUM

1370 333 1507 372 παίδων
1527 332 1650 377 παῖδες
1668 332 1908 385 ἀναίσχυντοι.
1930 332 2129 373 Ἀκολουθεῒ
2144 331 2180 372 δὲ
2201 334 2435 389 ἀναισχυντία

1371 392 1431 431 καὶ
1452 391 1611 443 ἀναιδείᾳ
1630 391 1727 446 ὕὸρις
1749 392 1811 431 καὶ
1830 392 1949 432 ἀδικία
1964 422 1975 441 ,
1994 391 2128 437 τούτοις
2148 392 2184 432 δὲ
2205 393 2328 432 ἕπεται
2357 393 2434 434 ὄλε·

1373 455 1466 504 θρος.
1536 451 1671 498 Μηδεὶς
1701 451 1731 490 δ’
1765 450 1858 491 ἔστω
1891 451 2058 501 ἀναιδής,
2088 451 2181 491 ἀλλὰ
2213 453 2438 507 σωφρονείτω

1372 512 1537 560 ἕκαστος,
1553 512 1600 555 ὡς
1618 509 1710 550 οὕτω
1727 509 1928 562 τευξόμενος
1945 514 2031 550 θεῶν
2050 510 2155 551 ἵλεων
2170 511 2231 551 καὶ
2244 511 2435 566 σωτηρίας·

1372 571 1483 615 οὐδεὶς
1517 569 1586 623 γὰρ
1609 569 1716 614 κακὸς
1745 569 1920 623 θεοφιλής.
1975 571 2130 622 Τιμάτω
2164 569 2200 610 δὲ
2232 570 2380 616 ἕκαστος
2396 572 2441 613 τὸ

1373 629 1482 669 καλὸν
1501 629 1563 669 καὶ
1583 627 1622 667 τὸ
1642 628 1790 678 ἀληθές,
1819 628 1881 669 καὶ
1906 628 2054 678 μισείτω
2083 630 2123 669 τὸ
2147 630 2293 683 αἰσχρὸν
2315 631 2377 671 καὶ
2397 631 2440 672 τὸ

1373 689 1516 743 ψεῦδος·
1543 693 1657 727 ταῦτα
1676 687 1744 742 γὰρ
1765 690 1890 742 ἀρετῆς
1917 689 2048 739 σημεῖα
2077 689 2138 729 καὶ
2171 690 2314 735 κακίας.
2372 689 2439 731 Διὸ

1374 748 1444 802 χρὴ
1467 747 1653 793 συνεθίζειν
1687 748 1728 786 ἐκ
1753 747 1889 787 παίδων
1909 747 2120 794 κολάζοντας
2142 746 2207 799 μὲν
2239 748 2319 794 τοὺς
2338 750 2441 803 φιλο·

1375 808 1511 861 ψευδεῖς
1522 838 1533 859 ,
1552 809 1739 861 φιλοῦντας
1751 806 1788 846 δὲ
1804 806 1883 853 τοὺς
1902 806 2105 861 φιλαλήθεις
2118 837 2128 856 ,
2145 806 2196 846 ἵν’
2216 809 2442 863 ἐμφυσιίῖνται

1377 867 1515 921 ἑκάστῳ
1535 868 1576 907 τὸ
1595 866 1783 906 κάλλιστον
1803 865 1864 906 καὶ
1885 867 2250 919 σπερματωδέστατον
2269 869 2334 915 τῆς
2356 869 2443 923 ἀρε-

1376 929 1453 973 τῆς.
1514 925 1786 978 Προσποιείσθω
1805 924 1842 964 δὲ
1866 924 2012 969 ἕκαστος
2029 928 2099 964 τῶν
2118 926 2273 966 πολιτῶν
2296 940 2442 981 σωφρο-

1377 985 1446 1024 νεῖν
1464 985 1599 1036 μᾶλλον
1620 983 1644 1032 ἢ
1664 989 1819 1039 φρονεῖν·
1841 987 1888 1029 ὡς
1911 986 1935 1032 ἦ
1956 983 2190 1037 προσποίησις
2215 988 2278 1024 τοῦ
2303 989 2445 1038 φρονεῖν

1378 1044 1470 1097 μέγα
1491 1049 1638 1095 σημεῖον
1659 1043 1909 1098 ἀπειροκαλίας
1931 1045 1993 1083 καὶ
2013 1043 2260 1097 σμικρότητος.
2319 1043 2445 1085 Ἔστω

1378 1106 1415 1145 δὲ
1442 1108 1465 1153 ἡ
1494 1103 1728 1157 προσποίησις
1748 1107 1810 1143 τοῦ
1840 1108 2030 1156 σωφρονεῖν
2055 1102 2207 1150 ἀληθής·
2233 1103 2358 1154 μηδεὶς
2374 1102 2446 1158 γὰρ

1379 1164 1591 1204 πλαττέσθω
1610 1163 1755 1217 γλώσσῃ
1775 1162 1870 1202 καλὰ
1892 1157 2000 1215 ἔργα,
2022 1160 2182 1215 πράξεως
2203 1162 2265 1202 καὶ
2291 1162 2447 1208 διανοίας

1379 1224 1585 1278 στερόμενος
1609 1226 1756 1275 ἀγαθῆς.
1814 1221 1894 1275 Χρὴ
1911 1220 1948 1261 δὲ
1969 1222 2030 1262 καὶ
2058 1221 2145 1276 πρὸς
2173 1221 2253 1266 τοὺς
2271 1222 2448 1276 ἄρχοντας

1380 1284 1515 1324 εὔνοιαν
1540 1282 1786 1337 διαφυλάττειν
1806 1282 1966 1335 καθάπερ
1994 1282 2174 1335 πατράσιν
2199 1284 2449 1327 εὖπειθοῢντας

1381 1342 1442 1381 καὶ
1458 1342 1668 1393 σεὸομένους
1680 1358 1689 1368 ·
1709 1344 1757 1386 ὡς
1772 1344 1790 1381 ὃ
1804 1341 1854 1394 μὴ
1870 1340 2114 1392 διανοούμενος
2133 1340 2225 1380 οὕτω
2240 1340 2329 1381 τίσει
2345 1341 2448 1390 δίκην

1380 1405 1492 1450 κακῆς
1527 1404 1655 1455 βουλῆς
1686 1403 1849 1453 δαίμοσιν
1882 1401 2088 1455 ἑστιούχοις.
2156 1400 2347 1456 Ἄρχοντες
2378 1400 2448 1454 γὰρ

1382 1464 1606 1516 ἑστιουχοῦσι
1627 1463 1763 1507 πόλεως
1783 1462 1844 1501 καὶ
1865 1463 2017 1501 πολιτῶν
2051 1459 2243 1515 σωτηρίας.
2302 1456 2386 1514 Χρὴι
2411 1460 2448 1500 δὲ

1381 1523 1442 1562 καὶ
1462 1521 1542 1567 τοὺς
1558 1523 1729 1576 ἄρχοντας
1753 1521 1895 1566 δικαίως
1913 1519 2130 1573 προεστάναι
2152 1521 2222 1558 τῶν
2241 1519 2449 1573 ἀρχομένων

1382 1581 1544 1635 καθάπερ
1558 1582 1690 1621 τέκνων
1708 1580 1820 1630 ἰδίων,
1840 1581 1969 1634 ἔχθραν
1990 1578 2051 1620 καὶ
2068 1578 2186 1633 φιλίαν
2205 1577 2266 1618 καὶ
2283 1578 2393 1630 θυμὸν
2413 1579 2451 1619 ἐν

1381 1643 1433 1695 τῷ
1452 1642 1581 1694 κρίνειν
1604 1640 1849 1693 κοιμίσαντας.
1908 1638 2212 1680 Ἐπαινείσθωσαν
2237 1637 2274 1678 δὲ
2297 1637 2361 1678 καὶ
2387 1638 2451 1679 εὖ-

1383 1701 1652 1752 δοκιμείτωσαν,
1670 1699 1746 1739 ὅσοι
1766 1699 1807 1738 ἂν
1827 1699 1922 1743 ὄντες
1941 1697 2083 1752 εὔποροι
2112 1697 2185 1742 τοῖς
2215 1695 2450 1751 ἐνδεεστέρως

1383 1762 1598 1814 ἐπαρκῶσιν,
1635 1761 1682 1804 ὡς
1717 1758 1824 1799 τέκνα
1855 1757 1917 1798 καὶ
1952 1756 2153 1812 ἀμύντορας
2188 1755 2358 1803 σώζοντες
2387 1758 2452 1804 τῆς

1382 1821 1517 1858 ἑαυτῶν
1538 1818 1720 1872 πατρίδος.
1778 1817 2077 1870 Ἔπαρκείτωσαν
2110 1815 2148 1856 δὲ
2168 1822 2240 1862 τοῖς
2260 1816 2319 1855 διὰ
2337 1815 2451 1869 τύχην

1388 1879 1612 1930 πενομένοις,
1630 1877 1691 1918 καὶ
1714 1877 1763 1930 μὴ
1787 1876 1845 1917 διὰ
1866 1873 1940 1931 βίον
1957 1876 2066 1931 ἀργὸν
2085 1875 2146 1915 καὶ
2170 1877 2328 1931 ἀκρατῆ·
2345 1878 2369 1925 ἡ
2387 1875 2452 1926 μὲν

1383 1937 1452 1991 γὰρ
1482 1936 1573 1992 τύχη
1595 1943 1682 1976 πᾶσι
1709 1935 1839 1985 κοινόν,
1862 1939 1880 1975 ὁ
1901 1935 1937 1975 δὲ
1971 1936 2076 1990 ἀργὸς
2103 1935 2165 1975 καὶ
2189 1935 2346 1990 ἀκρατὴς
2379 1934 2454 1989 βίος

1385 1998 1506 2042 κακοῖς
1533 1996 1699 2050 ἀνδράσιν
1725 1996 1826 2042 ἴδιος.
1887 1996 2008 2037 Καλὸν
2037 1997 2068 2034 δ’
2098 1996 2190 2035 ἔστω
2216 1996 2279 2035 -καὶ
2305 1994 2454 2046 μηνύειν

1387 2057 1448 2097 ἐάν
1465 2056 1517 2101 τίς
1532 2073 1582 2110 τῳ
1610 2058 1748 2109 συνειδῇ
1771 2058 1970 2105 ἀδικοῦντι,
1985 2055 2044 2094 ἵνα
2064 2059 2087 2104 ἡ
2107 2054 2268 2094 πολιτεία
2295 2054 2452 2104 σώζηται

1386 2170 1451 2203 tuti
1464 2171 1520 2212 qui
1538 2170 1789 2212 hospitalitatem
1800 2172 1829 2203 et
1845 2169 2130 2211 inhospitalitatem
2148 2168 2308 2210 inspiciat.
2353 2169 2456 2202 Porro

1386 2240 1478 2264 senes
1490 2230 1672 2272 junioribus
1687 2230 1788 2263 duces
1800 2230 1866 2263 sint
1880 2232 1913 2263 et
1926 2229 2071 2270 magistri
2081 2228 2122 2262 ad
2133 2229 2219 2262 mala
2234 2228 2278 2262 ob
2293 2228 2453 2271 pudorem

1388 2300 1427 2324 ac
1455 2291 1684 2324 verecundiam
1707 2290 1878 2332 fugienda,
1896 2289 1942 2322 ita
1969 2290 2007 2322 ut
2035 2290 2188 2331 appareat
2208 2288 2295 2330 ipsos
2321 2296 2473 2330 quoque,

1388 2352 1453 2383 tam
1470 2350 1593 2392 pudore
1607 2359 1707 2392 quam
1721 2349 1916 2383 verecundia
1929 2348 2053 2382 moveri
2073 2360 2082 2381 z
2098 2348 2176 2389 quia
2189 2348 2223 2380 in
2238 2347 2359 2390 quibus
2374 2347 2454 2381 eivi-

1389 2412 1514 2446 tatibus
1530 2420 1623 2445 senes
1640 2411 1846 2453 impudentes
1864 2410 2002 2451 fuerint,
2019 2409 2111 2443 liberi
2128 2410 2228 2442 etiam
2254 2411 2455 2451 nepotesque

1391 2481 1506 2505 eorum
1525 2471 1728 2514 impudentia
1744 2471 1904 2504 laborant.
1950 2472 1992 2503 At.
2012 2478 2088 2502 vero
2103 2468 2340 2510 impudentiam
2355 2470 2390 2502 et
2405 2468 2458 2502 in·

1388 2531 1520 2573 genium
1547 2530 1804 2565 inverecundum
1826 2529 2024 2563 contumelia
2048 2528 2198 2570 sequitur
2214 2529 2249 2561 et
2273 2523 2457 2568 injustitia,

1389 2590 1448 2623 has
1460 2591 1571 2623 autem
1588 2598 1697 2623 rerum
1715 2589 1864 2622 interitus
1876 2588 2008 2630 excipit.
2054 2587 2216 2626 Quocirca
2235 2595 2333 2620 nemo
2349 2586 2456 2628 impu-

1389 2650 1469 2683 dens
1490 2650 1583 2690 esto,
1600 2649 1658 2682 sed
1679 2649 1741 2682 sibi
1767 2649 1908 2691 quisque
1924 2646 2174 2689 temperantiam
2193 2646 2359 2686 conciliet,
2378 2647 2455 2680 tan-

1389 2720 1488 2754 quam
1509 2711 1572 2744 hac
1587 2711 1711 2744 ratione
1729 2710 1808 2743 deos
1829 2709 2000 2742 habiturus
2016 2708 2172 2751 propitios
2193 2710 2226 2741 et
2247 2707 2354 2740 salute
2373 2707 2455 2740 frui·

1389 2775 1512 2804 turus:
1536 2779 1642 2812 neque
1663 2771 1750 2804 enim
1779 2769 1947 2811 improbus
1973 2769 2147 2810 quisquam
2172 2767 2235 2801 deo
2259 2769 2370 2809 gratus
2394 2769 2458 2802 est.

1391 2831 1552 2862 Praeterea
1569 2829 1794 2870 unusquisque
1812 2828 2015 2861 honestatem
2031 2836 2071 2860 ac
2087 2828 2255 2860 veritatem
2272 2827 2375 2867 colat,
2389 2827 2458 2860 tur·

1391 2888 1571 2931 pitudinem
1591 2889 1624 2922 et
1641 2887 1849 2921 mendacium
1865 2887 1970 2920 oderit
1985 2900 1994 2920 ε
2008 2887 2078 2920 haec
2091 2886 2178 2920 enim
2195 2886 2324 2919 virtutis
2339 2886 2373 2919 et
2385 2885 2456 2919 vitii

1391 2948 1482 2990 signa
1499 2948 1667 2981 habentur.
1712 2948 1820 2986 Quare
1835 2947 1945 2980 statim
1962 2956 1981 2979 a
1996 2947 2106 2988 pueris
2115 2945 2316 2978 assuefacere
2327 2945 2458 2987 oportet

1393 3017 1489 3050 poena
1517 3007 1650 3051 quidem
1682 3006 1812 3040 mentiri
1831 3006 1964 3047 solitos,
1983 3014 2095 3038 amore
2119 3006 2228 3038 autem
2249 3012 2401 3046 veraces,
2421 3008 2460 3038 ut

1394 3067 1595 3110 singulorum
1611 3067 1729 3100 animis
1748 3065 1928 3099 honestatis
1950 3066 1983 3098 et
2003 3065 2133 3098 virtutis
2151 3063 2274 3096 semina
2297 3063 2460 3098 manden-

1392 3129 1457 3160 tur.
1500 3129 1605 3169 Super
1621 3127 1692 3159 haec
1705 3126 1928 3168 unusquisque
1950 3124 2071 3157 civium
2087 3133 2122 3157 se
2137 3124 2374 3165 temperantem
2397 3133 2460 3166 po·

1393 3187 1460 3221 tius
1482 3195 1582 3229 quam
1607 3186 1784 3227 sapientem
1811 3183 1916 3218 videri
1935 3183 2065 3216 studeat
2085 3196 2093 3216 ε
2121 3183 2277 3225 quoniam
2304 3182 2461 3217 simulare

1394 3245 1585 3288 sapientiam
1601 3253 1755 3287 magnum
1773 3244 1822 3277 est
1837 3243 1978 3285 imperiti
1996 3243 2030 3275 et
2051 3242 2142 3284 parvi
2160 3242 2260 3275 animi
2288 3241 2457 3277 indicium

1394 3305 1631 3348 'temperantiae
1643 3305 1755 3338 autem
1767 3303 1928 3337 affectatio
1942 3302 2041 3335 debet
2054 3311 2122 3335 esse
2138 3311 2215 3335 vera
2226 3327 2236 3343 ,
2254 3310 2361 3343 neque
2374 3302 2462 3344 quis·

1395 3374 1494 3407 quam
1513 3364 1638 3407 egregia
1657 3363 1741 3397 facta
1759 3362 1891 3395 simulet
1906 3362 1962 3404 qui
1982 3363 2125 3394 mentem
2141 3370 2160 3394 a
2176 3370 2286 3395 rerum
2299 3361 2461 3394 bonarum

1396 3424 1504 3457 studio
1519 3423 1682 3457 averterit.
1711 3424 1795 3462 Erga
1806 3419 1965 3463 principes
1978 3430 2110 3462 quoque
2123 3421 2212 3454 velut
2224 3429 2298 3461 erga
2311 3423 2460 3462 parentes

1397 3482 1657 3517 benevolentiam
1673 3490 1735 3514 nos
1748 3488 1940 3514 conservare
1957 3479 2051 3513 decet
2066 3479 2259 3521 obsequium
2282 3479 2323 3512 iis
2340 3480 2373 3511 et
2397 3478 2461 3510 ho·

1398 3551 1510 3576 norem
1529 3541 1713 3584 praestando
1731 3550 1740 3573 ε
1757 3541 1924 3582 propterea
1937 3539 2024 3582 quod
2045 3539 2100 3581 qui
2119 3539 2212 3572 aliter
2231 3539 2365 3572 senserit
2381 3537 2459 3571 mati
