2612 3814
300 215 312 247 l
324 213 345 246 2
353 215 375 248 8

373 289 580 345 Πρώτιστον
598 290 663 343 μὲν
687 289 833 345 Ἔρωτα
855 293 943 331 θεῶν
969 291 1146 344 μητίσατο
1166 292 1322 332 πάντων.

575 397 591 416 ί
811 399 825 416 ί
1046 399 1064 417 *

371 468 466 522 Εἴσῃ
489 469 519 508 δ’
540 469 699 523 αῖθερίην
721 484 758 509 τε
782 468 885 522 φύσιν
906 469 952 509 τά
971 471 1003 508 τ’
1023 471 1057 508 ἐν
1074 468 1187 523 αἰθέρι
1214 469 1332 508 πάντα

370 529 517 580 σήματα
534 529 598 568 καὶ
614 532 769 581 καθαρᾶς
787 529 930 580 εὐαγέος
945 528 1076 576 ἠελίοιο

290 602 341 630 135
370 588 556 640 λαμπάδος
576 588 649 640 ἔργ’
671 587 799 636 ἀΐδηλα
819 588 878 627 καὶ
902 587 1054 628 ὁππόθεν
1074 587 1291 640 ἐξεγένοντο,

369 647 455 702 ἔργα
475 664 513 687 τε
534 648 719 692 κύκλωπος
737 647 849 699 πεύσῃ
874 647 1061 701 περίφοιτα
1083 647 1234 696 σελήνης

368 709 429 747 καὶ
452 708 572 762 φύσιν·
588 707 737 755 εἰδήσεις
757 707 792 746 δὲ
809 707 869 747 καὶ
887 706 1032 760 οὐρανὸν
1054 707 1165 762 ἀμφὶς
1186 707 1330 761 ἔχοντα,

369 766 461 807 ἔνθεν
479 767 541 821 ἔφυ
562 783 600 807 τε
617 766 676 807 καὶ
695 766 742 812 ὥς
760 783 819 819 μιν
843 767 964 819 ἄγουσ’
985 766 1156 816 ἐπέδησεν
1180 767 1316 819 ἀνάγκη

369 827 508 880 πείρατ’
529 826 625 879 ἔχειν
646 826 800 879 ἄστρων.

571 934 590 955 κ.
811 934 829 954 *-

288 1021 339 1047 1⁴0
717 1009 792 1050 πῶς
812 1011 898 1059 γαῖα
913 1005 972 1044 καὶ
993 1004 1090 1053 ἥλιος
1106 1004 1169 1053 ἠδὲ
1184 1003 1314 1053 σελήνη

365 1065 468 1118 αἰθήρ
483 1081 520 1104 τε
540 1064 636 1110 ξυνὸς
651 1064 745 1116 γάλα
762 1067 794 1104 τ’
813 1064 974 1118 οὐράνιον
998 1063 1059 1103 καὶ
1079 1063 1236 1115 ὅλυμπος

365 1124 515 1178 ἔσχατος
533 1126 590 1173 ἠδ’
611 1124 749 1179 ἄστρων
778 1125 904 1177 θερμὸν
927 1123 1028 1176 με’νος
1047 1123 1267 1179 ὡρμήθησαν

365 1185 558 1238 γίγνεσθαι.

813 1291 828 1308 t
1049 1291 1064 1308 oe

364 1363 564 1418 Νυκτιφαὲς
582 1363 663 1416 περὶ
682 1363 787 1417 γαῖαν
808 1362 990 1415 ἀλώμενον
1013 1361 1197 1415 ἀλλότριον
1219 1363 1303 1415 φῶς.

279 1633 470 1682 spicamur
483 1644 563 1667 non
574 1643 653 1678 esse
669 1630 955 1667 sollicitandum
971 1630 1078 1679 quod
1097 1628 1181 1666 fieri
1198 1636 1341 1679 potest,

279 1699 322 1728 ut
350 1691 567 1741 Simplicius
596 1690 756 1727 verbum
785 1689 938 1727 finitum
956 1702 1068 1726 versu
1084 1690 1259 1738 sequenti
1280 1689 1344 1725 de-

279 1764 385 1787 mum
405 1763 426 1788 a
446 1757 564 1800 poeta
591 1755 678 1799 post
710 1747 817 1802 ἄρσεν
849 1746 1029 1801 θηλυτέρῳ
1059 1749 1226 1799 positum
1247 1749 1345 1785 omi-

279 1811 383 1849 serit.

337 1871 382 1908 V.
410 1869 498 1906 132.
519 1868 696 1906 Laudant
723 1869 828 1905 hunc
852 1880 1006 1904 versum
1038 1869 1135 1907 Plat.
1159 1868 1339 1917 Sympos.

278 1942 317 1979 p.
349 1929 434 1977 178.
457 1929 688 1976 B;A1·istot.
715 1928 880 1977 Metaph.
905 1929 936 1974 Ι,
965 1932 986 1972 4
1003 1941 1045 1977 p.
1071 1927 1162 1973 646,
1188 1929 1232 1974 Ε;
1259 1928 1344 1965 Ρ111-

278 1989 401 2028 tarch.
431 1991 605 2027 Amator.
635 2001 677 2037 p.
722 1987 813 2035 756,
844 1988 873 2025 F
897 1986 1016 2037 (tom.
1041 1987 1100 2023 IX
1119 2000 1160 2036 p.
1187 1986 1235 2023 32
1274 1987 1339 2026 ed.

278 2046 440 2098 Reisk.);
458 2048 592 2086 Sextus
607 2047 753 2096 Empir.
775 2046 865 2084 adv.
884 2046 1000 2083 Math.
1016 2046 1088 2092 IX,
1103 2059 1152 2095 9;
1170 2045 1344 2083 Stobaeus

279 2109 359 2147 Ecl.
378 2109 492 2157 Phys.
513 2109 546 2154 1,
573 2115 620 2146 10
639 2121 678 2157 p.
703 2111 799 2154 2743
819 2107 993 2155 Simplic.
1018 2105 1068 2143 ad
1087 2107 1203 2144 Arist.
1233 2106 1341 2154 Phys.
1382 2108 1384 2110 ’

277 2167 304 2206 f.
320 2180 359 2217 9,
380 2180 416 2206 a.
439 2169 623 2205 Amorem
640 2166 862 2204 Parmenidi
884 2166 1048 2215 primum
1068 2178 1199 2202 rerum
1215 2172 1341 2202 moto-

277 2239 360 2264 rem
379 2226 491 2264 fuisse
514 2227 618 2264 testis
635 2232 689 2264 est
703 2225 928 2262 Aristoteles
943 2224 1112 2274 Metaph.
1136 2226 1170 2271 Ι,
1192 2228 1229 2271 4,
1247 2237 1343 2274 prae-

278 2278 336 2323 ter
356 2275 473 2336 quem
494 2287 629 2325 Cicero
645 2286 791 2323 bellum
813 2286 943 2332 etiam,
963 2284 1216 2332 discordiam,
1235 2286 1343 2334 cupi-

278 2344 436 2382 ditatem
467 2346 514 2383 ab
535 2346 675 2383 eodem
703 2346 938 2395 philosopho
969 2345 1086 2383 rebus
1113 2345 1342 2396 generandis

277 2404 488 2442 adhibitam
515 2418 591 2443 esse
613 2405 750 2456 prodit
779 2405 827 2442 de
850 2406 944 2444 Nat.
973 2407 1094 2443 Deor.
1116 2407 1148 2452 Ι,
1186 2418 1248 2444 11.
1283 2404 1339 2444 Cf.

278 2464 373 2503 Plat.
395 2465 554 2504 Conviv.
576 2477 615 2514 p.
635 2464 724 2514 195.
747 2466 834 2502 Huc
853 2466 968 2502 etiam
983 2465 1181 2514 pertinere
1202 2465 1342 2502 volunt

279 2523 796 2573 AristotelisverbaMetaph.
813 2525 846 2571 1,
863 2522 884 2561 5
900 2523 949 2562 de
965 2523 1193 2561 Parmenide
1211 2523 1336 2560 dicta:

278 2581 338 2620 δύο
357 2579 419 2627 τὰς
445 2580 560 2626 αἰτίας
580 2581 641 2621 καὶ
662 2579 724 2620 δύο
752 2581 816 2626 τὰς
837 2581 952 2635 ἀρχὰς
970 2581 1109 2633 τίθησι,
1132 2583 1242 2633 quod
1261 2596 1341 2620 non

278 2642 402 2690 liquet
420 2654 463 2678 ac
486 2642 547 2678 vel
563 2649 771 2691 propterea
791 2642 952 2679 dubium
980 2650 1036 2680 est
1048 2671 1059 2691 ,
1090 2644 1179 2692 quia
1210 2643 1340 2691 Stagi-

277 2701 351 2738 rita
370 2701 507 2737 Eleatae
533 2700 581 2737 de
607 2701 697 2737 visis
718 2708 756 2738 et
782 2701 1034 2750 opinionibus
1063 2703 1208 2752 placita
1241 2702 1341 2739 male

278 2760 474 2810 explicuit.
491 2759 587 2797 Vide
619 2773 704 2810 quae
721 2762 939 2798 notavimus
967 2762 1019 2799 ad
1040 2775 1077 2801 v.
1100 2762 1187 2799 113.

331 2820 375 2856 V.
402 2818 612 2868 133—139
648 2819 747 2870 (εἴσῃ
777 2817 806 2857 δ’
833 2819 1204 2874 αἷθερίην-ἄστρων)
1240 2822 1337 2860 affe-

277 2885 417 2916 runtur
440 2890 462 2915 a
483 2879 675 2916 Clemente
706 2880 969 2918 Alexandrino
1003 2879 1149 2921 Strom.
1176 2884 1209 2920 V
1238 2891 1336 2923 extr.

277 2950 318 2988 p.
333 2937 427 2984 614,
437 2938 483 2974 A.
503 2939 570 2975 His
579 2938 706 2976 verbis
718 2940 964 2977 Parmenides
981 2949 1159 2979 accurate
1172 2948 1338 2989 terrena,

211 3027 217 3034 .
278 2997 431 3035 aetheria
446 3005 484 3035 et
500 2999 669 3036 coelestia
684 3011 723 3036 se
745 2999 977 3037 traditurum
1003 3000 1221 3050 profitetur.
1246 3004 1340 3040 Ter-

277 3070 370 3095 rena
396 3057 600 3115 probabile
628 3065 683 3095 est
711 3059 752 3095 in
771 3060 1081 3098 antecedentibus
1105 3075 1191 3111 quae
1208 3064 1337 3112 perie-

278 3123 369 3154 runt
382 3117 431 3154 ab
450 3130 496 3154 eo
516 3126 728 3155 memorata
753 3131 844 3157 esse.
865 3119 911 3157 ln
928 3121 1068 3158 aethere
1089 3122 1258 3159 collocat
1272 3135 1336 3160 so-

277 3177 374 3223 lem,
403 3177 535 3214 lunam
569 3178 720 3226 aliaque
750 3178 897 3225 sidera,
930 3180 971 3215 in
1005 3180 1149 3217 coelesti
1182 3183 1341 3231 regione

277 3248 392 3285 supra
421 3236 601 3273 aetherem
636 3238 760 3274 stellas
790 3238 1014 3278 inerrantes.
1050 3239 1110 3279 Cf.
1145 3241 1338 3281 Plutarch.

278 3295 368 3334 adv.
387 3295 515 3333 Colot:
533 3308 570 3345 p.
595 3307 610 3332 1
623 3308 637 3332 1
650 3301 709 3341 14.

332 3356 378 3393 V.
403 3355 490 3398 134.
526 3352 667 3404 εὐαγής,
703 3354 809 3404 cujus
840 3370 862 3392 α
897 3357 959 3393 hic
995 3358 1242 3406 producitur,
1275 3361 1339 3397 vix

279 3415 389 3453 aliter
402 3416 657 3465 interpreteris
673 3428 788 3464 quam
802 3428 889 3453 cum
907 3417 1132 3456 Heinrichio
1146 3420 1338 3456 rotundus.

279 3472 414 3511 Suidas
432 3472 570 3526 εὐαγής·
589 3473 708 3519 καλῶς
736 3472 974 3528 περιηγμένος
1000 3475 1060 3515 καὶ
1092 3480 1338 3531 μεταφορικῶς

1238 210 1563 252 PARMENIDlS

1423 299 1568 332 Primum
1582 298 1714 341 quidem
1731 301 1878 334 omnium
1893 301 2031 336 deorum
2048 302 2200 337 formavit
2220 307 2386 342 Amorem.

1585 419 1587 421 Ι
1650 395 1668 414 ί
1944 398 1962 416 fi
2235 402 2254 419 ί*

1416 474 1596 514 Cognosces
1611 475 1722 506 autem
1739 476 1774 507 et
1791 475 1962 509 sethei-iam
1977 478 2125 510 naturam
2140 482 2172 511 et
2185 488 2403 523 quaecumque

1416 534 1492 564 sunt
1508 532 1540 564 in
1552 532 1675 565 aethere
1685 532 1775 574 signa
1795 535 1828 567 et
1848 534 1946 568 clarae
1963 536 2042 569 sacis
2055 537 2188 571 rotundi
2203 539 2281 572 solis

1417 590 1542 623 labores
1559 591 1706 624 occultos
1725 594 1757 625 et
1769 593 1856 625 uude
1870 594 1941 627 haec
1957 596 2154 638 exstiterint,

1415 655 1569 692 gestaque
1584 651 1732 684 rotundoe
1745 651 1851 686 disces
1868 655 2077 697 circumvaga
2094 656 2182 690 lunae

1414 715 1645 753 naturamque3
1665 720 1835 753 pernosces
1855 723 1987 756 quoqne
2001 715 2121 748 coelum
2135 716 2245 749 omnia
2257 717 2405 759 cingens,

1413 774 1445 804 et
1459 772 1544 805 unde
1560 773 1719 806 exstiterit
1736 775 1770 806 et
1788 774 1952 815 quomodo
1972 784 2085 818 regens
2106 778 2211 818 ipsum
2232 779 2405 812 necessitas
2424 778 2484 812 illi·

1414 834 1450 864 ut
1464 834 1625 865 astrorum
1640 833 1797 866 terminos
1813 835 1934 867 teneat.
2359 838 2480 881 [guib

1646 936 1664 953 a·
1691 956 1693 959 Α
1940 935 1954 953 s
2235 939 2250 957 a

1834 1012 1999 1054 quomodo
2015 1014 2101 1047 terra
2119 1014 2153 1048 et
2168 1015 2215 1048 sol
2233 1019 2330 1058 atque
2346 1015 2425 1050 luna

1412 1072 1661 1113 communisque
1680 1072 1795 1113 aether,
1812 1071 2002 1114 lacteusque
2021 1073 2110 1106 orbis
2126 1077 2160 1107 et
2174 1075 2324 1117 olympus

1414 1139 1564 1163 summus
1577 1135 1674 1173 atque
1690 1135 1852 1166 astrorum
1871 1131 1993 1165 fervida
2011 1133 2058 1166 vis
2075 1134 2235 1174 coeperint

1411 1190 1577 1224 exsistere.

1648 1292 1663 1310 t
1940 1293 1955 1312 ἡ
2230 1297 2248 1315 Ὢ

1409 1369 1511 1402 Nocte
1528 1368 1640 1402 lucens
1653 1371 1772 1402 terram
1793 1369 1938 1403 ambiens
1950 1371 2060 1404 tumen
2079 1370 2232 1405 alienum.
2274 1381 2276 1383 '

1647 1471 1664 1487 Ἰ
1939 1471 1954 1488 Ἀ

1406 1626 1546 1675 κύκλος,
1567 1630 1716 1679 corrige
1746 1626 1969 1675 κυκλοειδής.
1994 1629 2167 1678 Cognata
2194 1635 2284 1665 sunt
2304 1628 2478 1682 περιαγής

1407 1695 1445 1725 et
1464 1685 1651 1739 περιηγής.

1462 1750 1505 1787 V.
1531 1747 1621 1786 136.
1647 1744 1834 1800 περίφοιτα
1863 1760 1885 1785 a
1913 1745 2109 1798 Scaligero
2141 1747 2364 1786 restitutum
2394 1756 2474 1805 esp

1406 1814 1519 1844 antea
1538 1808 1739 1857 legebatur
1761 1805 1842 1859 περὶ
1864 1805 1984 1859 φοιτά.

1459 1869 1502 1906 V.
1531 1866 1618 1903 138.
1646 1868 1761 1904 Hunc
1795 1879 1950 1904 versum
1984 1874 2023 1904 et
2041 1875 2266 1916 sequentem
2297 1881 2418 1918 quum
2437 1869 2479 1906 in

1407 1926 1613 1966 Clementis
1636 1926 1723 1965 cod.
1743 1927 1834 1965 Par.
1858 1934 1895 1963 et
1910 1927 2082 1964 editione
2099 1925 2323 1966 Florentina
2344 1929 2478 1967 turba—

1405 1994 1465 2023 tos
1485 1987 1687 2036 reperisset
1703 1985 1942 2036 Stephanus,
1965 1988 2071 2025 nulla
2089 1988 2304 2026 mutatione
2323 1989 2377 2026 sic
2396 1988 2479 2026 edi-
2503 2025 2505 2028 .

1405 2048 1461 2085 dit
1475 2049 1516 2084 in
1531 2048 1640 2084 Poesi
1659 2047 1807 2097 philos.
1833 2059 1924 2097 pag.
1952 2050 2002 2092 44
2028 2060 2038 2084 :
2308 2046 2310 2049 '

1440 2132 1587 2174 ’Ἔνθεν
1609 2135 1674 2185 μὲν
1697 2131 1766 2186 γὰρ
1788 2132 1899 2186 ἔφυγε
1922 2132 1984 2173 καὶ
2003 2132 2051 2178 ὥς
2079 2149 2140 2184 μιν
2162 2132 2286 2187 ἄγουσ’
2306 2133 2477 2184 ἔπέδησεν

1513 2191 1650 2244 ἀνάγκη
1673 2191 1814 2246 πείρατ’
1836 2191 1929 2246 ἔχειν
1947 2192 2105 2246 ἄστρων.

1403 2283 1570 2319 Mettum
1601 2283 1768 2319 restituit
1795 2283 1969 2334 Scaliger
1987 2282 2086 2322 ibid.
2116 2295 2159 2332 p.
2184 2295 2277 2330 217,
2304 2284 2473 2321 servavit

1403 2350 1532 2379 tamen
1548 2348 1636 2392 post
1655 2340 1718 2395 ἔφυ
1731 2342 1963 2392 particulam
1981 2334 2034 2393 γε,
2049 2343 2090 2378 in
2111 2341 2223 2390 cujus
2255 2342 2387 2380 locum
2405 2356 2472 2393 po-

1403 2403 1581 2441 steriores
1595 2404 1738 2440 horum
1753 2403 1967 2440 carminum
1987 2402 2156 2440 editores
2177 2403 2320 2440 rectius
2333 2403 2475 2440 substi-

1403 2471 1558 2501 tuerunt
1577 2477 1631 2503 τε.
2398 2499 2400 2501 »

1456 2525 1500 2562 V.
1527 2523 1734 2568 140-143
1768 2522 1866 2572 (πῶς
1888 2519 2218 2575 γαῖα-γίνεσθαι)
2250 2529 2401 2561 exstant
2433 2523 2474 2560 in

1402 2581 1592 2634 Simplicii
1611 2583 1757 2621 Comm.
1780 2583 1830 2622 ad
1852 2583 1967 2620 Arist.
1989 2582 2037 2619 de
2066 2582 2172 2620 Coelo
2190 2582 2249 2619 ΙΙΙ
2271 2581 2298 2621 f.
2333 2581 2422 2628 138,
2444 2583 2474 2619 Β

1401 2642 1489 2681 Ald.
1507 2650 1545 2680 et
1563 2642 1667 2693 apud
1687 2644 1855 2692 Peyron.
1874 2655 1962 2693 pag.
1986 2640 2036 2679 55
2055 2654 2139 2691 sqq.
2156 2642 2202 2678 In
2219 2641 2280 2678 his
2300 2641 2474 2679 versibus

1402 2709 1520 2751 poeta
1539 2702 1593 2739 ita
1607 2708 1770 2751 usurpat
1790 2702 1970 2739 voculam
1984 2697 2047 2745 καί
2061 2727 2071 2747 ,
2095 2707 2140 2737 ut
2158 2712 2202 2737 ea
2222 2698 2475 2751 sejungantur

1402 2761 1570 2810 majores
1600 2761 1739 2798 mundi
1767 2768 1916 2811 partes,
1949 2760 1998 2798 de
2029 2759 2172 2809 quibus
2190 2759 2240 2796 ad
2268 2771 2367 2797 vers.
2395 2759 2470 2797 133

1401 2821 1521 2858 locuti
1536 2833 1678 2868 sumus.
1693 2822 1830 2869 Itaque
1843 2821 1964 2857 verba
1983 2817 2044 2857 καὶ
2063 2815 2162 2865 ἥλιος
2178 2815 2240 2864 ἠδὲ
2259 2816 2390 2866 σελήνη
2411 2817 2473 2857 At-

1402 2879 1468 2934 θήρ
1483 2895 1521 2919 τε
1535 2878 1631 2925 ξυνὸς
1646 2878 1742 2931 γάλα
1757 2880 1786 2917 τ’
1805 2877 1966 2932 οὐράνιον
1986 2878 2036 2916 ad
2056 2877 2231 2915 eamdem
2248 2877 2473 2916 referuntur

1401 2942 1613 2991 regionem.
1633 2941 1696 2977 Est
1712 2946 1843 2977 autem
1861 2939 1924 2976 hic
1944 2950 2033 2975 usus
2047 2948 2263 2987 congruens
2278 2937 2472 2987 primariae

1401 2999 1515 3048 hujus
1532 3000 1639 3037 vocis
1657 2999 1864 3050 potestati,
1887 2997 1935 3035 de
1955 3009 2033 3047 qua
2052 2996 2143 3033 vide
2164 2995 2376 3033 Hermanni
2392 2995 2471 3034 dis-

1399 3060 1643 3111 putationem
1663 3071 1797 3108 opusc.
1819 3059 1879 3096 111
1897 3071 1938 3107 p.
1968 3057 2040 3094 152
2061 3069 2170 3106 seqq.

1456 3123 1499 3160 V.
1520 3125 1609 3165 141.
1633 3116 1737 3171 αἰθήρ
1749 3132 1789 3156 τε
1809 3115 1931 3165 ξυνός)
1949 3118 2069 3154 aether
2097 3129 2122 3154 a
2145 3123 2265 3167 poeta
2279 3115 2371 3153 ideo
2397 3128 2470 3153 no-

1402 3182 1573 3218 minatur
1593 3177 1707 3226 ξυνός,
1727 3180 1819 3228 quia
1845 3175 1967 3228 ipsius
1990 3176 2142 3226 judicio
2174 3176 2391 3214 communis
2415 3183 2470 3214 est

1401 3235 1493 3287 sol'i,
1516 3241 1615 3277 lunae
1643 3247 1681 3277 et
1700 3240 1826 3276 lacteo
1845 3238 1949 3278 orbi.

1456 3302 1500 3339 V.
1539 3304 1627 3344 144.
1660 3299 1734 3336 Hie
1770 3311 1899 3336 versus
1927 3310 2044 3348 quem
2072 3298 2238 3335 servavit
2269 3297 2464 3336 Plutarch.

1401 3360 1492 3399 adv.
1518 3360 1642 3398 Colot.
1662 3371 1703 3408 p.
1729 3357 1844 3404 1116,
1868 3359 1903 3395 A
1931 3357 2033 3407 (vol.
2070 3358 2109 3395 X
2135 3371 2174 3408 p.
2195 3355 2272 3408 590
2293 3355 2365 3407 R.)
2388 3369 2466 3394 una

1401 3433 1490 3458 eum
1510 3419 1685 3468 sequenti
1711 3418 1762 3454 ad
1790 3418 1922 3454 lunam
1937 3416 2117 3464 refertur,
2143 3429 2261 3466 quam
2287 3415 2464 3466 plerique

1401 3487 1575 3517 veterum
1595 3478 1685 3515 solis
1703 3478 1789 3514 luce
1805 3476 1989 3514 illustrari
2011 3483 2252 3514 censuerunt.
2271 3474 2329 3515 Cf.
2351 3473 2461 3514 Stob.
