2612 3814
1098 208 1100 213 ’
1154 235 1436 284 anuomAE.

197 324 323 380 ἀφελὲν
343 326 384 365 τὸ
409 324 471 367 καὶ
490 326 626 373 πειθοῦς
652 336 743 368 τινος
772 322 922 364 δέεσθαι.
979 324 1072 364 Τόδε
1092 324 1161 378 γὰρ
1191 331 1255 368 τᾶς

192 386 331 440 ἐπιγῄω
359 384 577 439 φαυλότατος
595 382 635 422 τὸ
662 382 842 438 λείψανον,
865 383 942 424 καθ’
963 384 1005 423 ἃν
1030 384 1196 437 ἐπίκαρον
1218 384 1255 424 ὂν

195 444 236 484 τὸ
250 446 337 499 ζῷον
360 443 489 487 ταύτας
506 443 567 481 οὐκ
588 444 748 496 ἀμοιρεῖ·
766 442 958 497 ἐπειδήπερ
977 443 1086 483 πειθὼ
1103 444 1201 497 ἔργον
1221 445 1255 484 τί

194 505 267 548 ἐντι
293 502 480 556 παροικέον
511 502 668 555 ἀνάγκᾳ·
700 502 819 556 πράτα
853 502 922 556 γὰρ
951 504 1010 556 ἀφ’
1032 505 1138 547 αὑτᾶς
1167 503 1256 542 αὐτὰ

190 563 446 618 κατεργάζεται
463 561 575 614 τάπερ
596 560 730 601 ἐκείναν
749 562 928 616 διέφυγαν.
987 560 1088 602 ”Οσα
1106 564 1136 601 δ’
1154 565 1254 602 αὐτο-

191 624 285 676 φυῶς
303 625 352 674 τῷ
373 622 473 674 καλῷ
491 624 645 674 χρῆται,
663 621 799 666 τούτοις
813 620 960 672 οὐδεμία
976 625 1117 667 πειθοῦς
1134 622 1252 667 αἰδώς·

190 681 383 734 ἐπειδήπερ
408 679 487 719 οὐδὲ
517 680 623 734 φόὸος
654 680 822 733 ἀνάγκας.
882 681 1138 734 Ἐνεργάσαιτο
1158 683 1187 720 δ’
1211 680 1253 720 ἂν

191 739 294 790 μόνος
313 742 331 778 ὁ
360 738 523 793 βασιλεὺς
556 738 728 792 ἀνθρώπω
757 740 841 794 φύσι
862 740 922 779 καὶ
948 740 1026 780 τόδε
1045 740 1085 779 τὸ
1106 740 1251 793 ἀγαθόν,

186 802 235 844 ὡς
255 798 313 839 διὰ
333 799 485 850 μίμασιν
507 800 604 838 αὐτῶ
622 803 671 839 τῶ
695 799 881 852 κρέσσονος
908 800 989 840 ποτὶ
1016 799 1055 839 τὸ
1076 799 1149 839 δέον
1171 800 1252 839 ἕπε-

189 862 285 900 σθαι.
344 858 426 904 Τὼς
444 859 479 897 δὲ
497 857 618 913 ὥσπερ
633 859 701 899 ὑπὸ
718 859 825 910 μέθας
845 859 1104 915 διεφθαρμένως
1118 860 1178 900 καὶ
1196 859 1254 900 διὰ

187 918 301 957 κακὰν
321 918 451 973 τροφὰν
470 920 502 963 ἐς
518 919 629 958 λάθαν
647 918 866 968 ἐμπεσόντας
881 921 995 968 αὐτῶ,
1009 919 1255 973 παραλαφθεὶς

185 980 206 1017 ὁ
224 977 326 1030 λόγρς
354 976 552 1032 ἐπέῤῥωσέν
575 994 612 1016 τε
641 978 701 1018 καὶ
723 978 920 1030 κάμνοντας
945 979 1090 1027 ἰάσατο,
1109 976 1170 1018 καὶ
1188 978 1253 1018 τὰν

187 1037 227 1075 ἐκ
247 1043 310 1081 τᾶς
329 1036 456 1081 κακίας
478 1038 677 1076 ἐνοικεῢσαν
709 1038 826 1082 αὐτοῖς
856 1038 968 1077 λάθαν
999 1037 1161 1077 ἐκὸαλὼν
1189 1037 1253 1077 τὰν

187 1095 331 1148 μνάμαν
351 1096 533 1150 ἓσῴκισεν,
551 1095 584 1142 ἐξ
603 1091 644 1141 ἇς
663 1096 839 1150 ἀπετέχθη
861 1096 883 1135 ἆ
911 1097 1111 1148 καλεομένα
1129 1096 1252 1137 πειθώ·

185 1155 248 1195 καὶ
268 1155 331 1194 τὰν
350 1156 464 1210 ἀρχὰν
485 1158 524 1195 ἐκ
547 1155 688 1209 φαύλων
706 1156 920 1210 σπερμάτων
938 1156 1091 1195 λαὸοῖσα
1112 1156 1201 1196 αὕτα
1219 1173 1253 1196 τι

185 1215 374 1254 σπουδαῖον
396 1215 516 1268 ἐκφύει
537 1214 599 1254 τὰν
618 1215 762 1268 ἐπίγῃον
782 1216 915 1254 οἰκεῦσι
940 1215 1079 1270 χώραν,
1102 1217 1138 1254 ἐν
1165 1211 1188 1271 ᾇ
1209 1218 1252 1255 δι’

185 1273 367 1314 ἀσθένειαν
399 1280 461 1319 τᾶς
494 1274 596 1326 ἁμῶν
626 1273 747 1328 φύσιος
766 1275 784 1312 ὁ
810 1273 914 1325 λόγος
947 1274 1142 1330 ἀνθρώποις
1171 1278 1253 1328 ὁμι·-

183 1333 274 1373 λέων
299 1335 497 1386 ἀναπλαροῖ
518 1333 562 1373 τὰ
581 1336 651 1373 τῶν
673 1334 730 1372 διὰ
750 1333 878 1373 κακίαν
898 1335 1154 1388 ὕστερούντων.

241 1394 432 1451 (8101131115
453 1394 556 1435 Flor.
579 1393 761 1444 XLVIII,
785 1394 834 1433 65
858 1393 1058 1447 Ἐκφάντου
1079 1398 1140 1433 τοῦ
1168 1397 1249 1434 Πυ-

183 1453 366 1508 θαγορείου
386 1456 425 1493 ἐκ
443 1457 504 1493 τοῦ
531 1453 612 1507 περὶ
645 1453 844 1507 βασιλείας.
870 1453 1086 1493 Emendavi
1111 1468 1120 1492 ε
1147 1458 1165 1494 ,³
1191 1455 1252 1492 ἀν-

184 1512 340 1568 θρώπως
361 1514 476 1554 codd.
500 1512 707 1566 ἀνθρώπων.
734 1512 751 1536 ¹³
782 1513 918 1562 οὗδενὶ;
950 1514 1066 1555 codd.
1100 1512 1248 1558 οὐδενὸς.

182 1577 199 1596 ⁰
216 1575 365 1626 ἐνεργῶν
386 1587 474 1612 cum
501 1573 718 1622 Meineki03
745 1572 843 1612 libri
864 1575 1057 1625 συνεργῶν.
1077 1571 1094 1596 ‘¹
1114 1575 1160 1616 ὥς
1186 1571 1251 1611 κᾶν

185 1634 221 1672 αἱ
241 1633 348 1686 ἅτερα
381 1632 577 1685 προσλάὸοι
612 1647 700 1672 cum
730 1633 889 1681 eodem3
913 1635 960 1676 ὡς
991 1632 1051 1671 καὶ
1083 1631 1184 1686 ἕτερα
1208 1631 1250 1670 ἂν

182 1692 381 1745 προσλᾴὸοι
395 1692 505 1733 libri.
519 1696 534 1714 ⁰
550 1694 617 1746 οὐχ
631 1691 756 1746 ἇτέρας
777 1691 868 1737 τινὸς
886 1691 1052 1745 ἐξαιρέτω
1068 1695 1250 1732 ποτταῦτα

183 1752 520 1805 παρεσκευασμένας
537 1766 625 1792 cum
638 1752 799 1804 eodem3
819 1753 885 1805 οὐχ
900 1751 1034 1805 ἁτέρως
1049 1750 1140 1796 τινὸς
1157 1750 1249 1797 ἐξαι-

184 1812 273 1862 ρέτω
305 1813 405 1853 ποι-τ’
438 1812 529 1852 αὐτὰ
568 1812 912 1865 παρεσκευασμένως
942 1812 1054 1851 codd.
1087 1811 1100 1835 ¹
1132 1813 1244 1865 τῷδε;

180 1873 296 1913 codd.
316 1874 422 1914 τῶδε.
441 1876 459 1901 3
476 1876 561 1925 παρ’
580 1873 680 1924 ἇμῒν;
712 1872 797 1923 ἁμῖν
818 1873 931 1912 codd.
954 1870 972 1895 ¹¹
994 1871 1122 1917 πάντες
1155 1874 1246 1911 ἑωυ-

180 1932 267 1979 τὼς;
299 1938 370 1976 πᾶς
407 1934 527 1986 ἑωυτῷ
557 1932 698 1972 codd.¹
722 1931 934 1985 πειρώμενοι
965 1932 1078 1981 τούτῳ
1108 1934 1248 1982 ὁμοιοῦν

182 1991 359 2043 βασιλικοὶ
396 1991 553 2041 ἔσονται;
576 1992 690 2032 codd.
719 1991 934 2045 πειρώμενος
962 1993 1102 2042 ὁμοιοῦν
1122 1990 1192 2030 αἴθ’
1213 1990 1250 2035 ὃς

177 2161 324 2203 singulos
342 2161 519 2194 aemulandi
541 2161 650 2194 studio
663 2161 779 2194 orbant
806 2174 814 2194 ι
836 2170 912 2194 nam
929 2161 998 2194 sine
1021 2162 1245 2195 benevolentia

178 2228 253 2260 quae
269 2228 335 2252 una
357 2220 506 2252 omnium
528 2220 671 2252 maxime
694 2221 852 2253 terrorem
880 2220 965 2253 tollit
984 2219 1052 2253 fieri
1076 2221 1190 2262 nequit
1209 2224 1246 2253 ut

172 2277 262 2319 ,alter
277 2278 372 2311 alteri
392 2278 506 2311 similis
523 2279 653 2311 evadat.
700 2279 835 2312 Utinam
854 2279 1010 2311 liumanae
1034 2282 1160 2312 naturoe
1181 2279 1244 2312 im·

179 2337 335 2370 becillitas
351 2338 398 2370 ita
418 2338 488 2370 tolli
507 2339 637 2379 posset,
659 2339 696 2371 ut
720 2339 810 2371 nulla
840 2339 1046 2380 persuasione
1075 2339 1243 2380 indigeret.

179 2399 234 2429 Est
250 2397 335 2430 enim
356 2398 521 2439 persuasio
536 2400 672 2431 terrenae
688 2398 854 2440 pravitatis
870 2398 1063 2440 vestigium,
1081 2408 1145 2440 qua
1161 2399 1196 2432 fit
1209 2400 1246 2432 ut

178 2457 316 2490 mortale
333 2457 394 2490 hoc
414 2457 536 2490 animal
549 2467 588 2491 ea
604 2467 669 2491 non
686 2459 795 2491 careat
810 2471 818 2491 :
837 2458 998 2500 siquidem
1016 2459 1181 2500 persuasio
1195 2467 1246 2491 res

177 2520 227 2551 est
246 2518 352 2551 vicina
368 2518 553 2552 necessitati
571 2531 581 2551 τ
610 2518 714 2560 prima
731 2519 817 2551 enim
846 2527 900 2559 per
919 2528 953 2551 se
972 2527 1011 2551 ea
1031 2519 1156 2560 perficit
1173 2528 1246 2560 quae

177 2579 405 2612 necessitatem
423 2578 618 2620 effugerunt.
663 2580 705 2611 At
722 2587 796 2620 quae
809 2580 922 2620 suapte
939 2582 1054 2620 sponte
1072 2579 1245 2612 honestum

178 2638 433 2681 amplectuntur,
453 2638 503 2671 his
523 2638 612 2671 nulla
629 2639 678 2671 est
695 2637 913 2679 persuasionis
944 2638 1143 2678 reverentia,
1163 2647 1244 2679 quo-

177 2699 265 2732 niam
280 2707 321 2732 ne
337 2699 563 2732 necessitatem
578 2698 710 2740 quidem
726 2697 948 2731 reformidant.
977 2697 1125 2730 Effecerit
1135 2699 1246 2730 autem

177 2760 267 2793 solus
295 2769 350 2793 rex
373 2761 408 2793 111
427 2760 569 2792 hominis
595 2760 703 2792 animo
722 2760 819 2793 etiam
849 2760 910 2792 hoc
932 2759 1055 2792 bonum
1070 2783 1078 2798 ,
1096 2761 1134 2792 ut
1159 2759 1245 2801 quod

177 2819 294 2853 melius
323 2823 374 2853 est
405 2820 562 2853 imitando
591 2820 747 2852 decorum
775 2821 943 2861 sequatur.
992 2820 1066 2852 lllos
1088 2828 1167 2852 vero
1189 2819 1246 2860 qui

175 2880 333 2921 tanquam
354 2879 511 2912 ebrietate
529 2880 672 2921 corrupti
693 2882 770 2912 sunt
786 2883 818 2912 et
831 2879 874 2911 ob
885 2879 1004 2911 malam
1016 2878 1243 2912 educationem

175 2939 209 2972 in
227 2939 373 2972 melioris
390 2939 587 2972 oblivionem
608 2939 809 2980 inciderunt,
832 2938 978 2972 adhibita
999 2938 1106 2971 oratio
1133 2947 1245 2971 corro-

174 2997 293 3039 borat,
318 3007 423 3039 oegros
450 2999 562 3038 531131,
585 2998 752 3040 ejectaque
777 2998 940 3031 oblivione
971 2998 1142 3039 pravitatis
1165 2997 1244 3030 vitio

176 3059 215 3091 iis
244 3059 356 3092 innata
382 3060 575 3092 memoriam
606 3059 739 3101 inserit,
757 3069 798 3093 ex
827 3069 893 3102 qua
921 3059 974 3092 illa
1001 3068 1077 3101 quae
1105 3060 1244 3092 vocatur

179 3119 342 3160 persuasio
362 3120 470 3151 oritur
489 3130 499 3152 2
520 3128 595 3161 quae
613 3119 686 3152 licet
702 3129 720 3152 e
734 3119 830 3152 malis
849 3119 1026 3161 semi-nibus
1051 3119 1160 3151 ortum
1178 3118 1240 3151 du-

177 3186 255 3210 cens
268 3200 278 3218 ,
298 3178 408 3210 tamen
428 3177 505 3210 boni
522 3178 648 3219 aliquid
666 3180 828 3211 terrenam
846 3178 1007 3219 regionem
1023 3177 1243 3210 habitantibus

176 3236 279 3278 gignit
289 3261 298 3277 ,
313 3237 346 3270 in
360 3246 425 3279 qua
442 3241 575 3279 propter
589 3242 715 3271 naturae
729 3242 847 3271 nostrae
862 3237 1120 3270 imbecillitatem
1137 3238 1242 3270 orat-io

171 3295 261 3329 'inter
280 3297 428 3330 homines
452 3298 609 3339 usurpata
628 3298 739 3340 explet
759 3297 838 3331 illud
854 3297 938 3340 quod
957 3296 1117 3339 pravitate
1131 3299 1240 3330 nostra

175 3357 270 3390 nobis
287 3357 388 3390 deest.

218 3418 249 3449 8.
275 3419 348 3456 Quo
365 3426 481 3458 genere
494 3418 658 3451 excellens
676 3422 707 3451 et
724 3418 832 3450 divina
851 3417 1060 3458 intelligentia
1083 3416 1240 3458 praeditus

177 3485 290 3510 revera
320 3485 378 3509 rex
405 3477 466 3510 erit
487 3486 495 3508 :
516 3476 574 3510 liac
605 3477 691 3510 enim
722 3481 888 3520 permotus
913 3477 1073 3509 bonorum
1105 3476 1237 3518 quidem

2299 246 2378 280 539

1471 323 1488 347 ¹
1520 323 1612 373 ε’ντὶ;
1650 324 1745 364 libri
1780 324 1887 370 τὰς.Ἰ
1929 326 2098 379 ἕκαστονς
2142 328 2377 368 membranae

1317 324 1450 364 ἔσεται.

1316 383 1423 423 ἑκάστ
1459 385 1487 435 .)

1369 457 1399 482 8.
1449 445 1550 500 ᾼπερ
1579 442 1711 495 ἰσχύων
1740 441 1799 480 καὶ
1821 441 1915 481 θείαν
1942 442 2032 496 ἔχων
2064 443 2196 484 ἔννοιαν
2227 447 2277 500 τῷ
2306 446 2379 485 ὄντι

1318 500 1480 554 βασιλεὺς
1518 500 1587 550 εἴη.
1644 501 1742 553 Τᾷδε
1775 500 1843 553 γὰρ
1874 502 2107 554 πεπεισμένος
2138 508 2279 557 ἀγαθῶν
2315 505 2377 555 μὲν

1314 560 1458 599 πάντων
1488 560 1599 604 αἴτιος
1620 562 1772 609 ἐσεῖται,
1792 564 1912 600 κακῶν
1942 562 1978 601 δὲ
2011 562 2160 607 οὐδενός.
2220 567 2274 604 Οὐ
2308 565 2377 616 μὰν

1316 618 1394 657 ἀλλ”
1412 619 1466 659 ὅτι
1491 634 1530 670 γε
1564 619 1698 664 δίκαιος
1717 620 1848 670 ἐσεῖται
1879 622 2080 666 κοινωνικὸς
2112 621 2160 660 ὢν
2191 624 2298 662 παντί
2328 640 2379 678 τῳ

1315 681 1432 719 δᾶλον·
1453 682 1487 718 ἐν
1515 680 1649 719 ἷσότατι
1681 680 1747 733 γὰρ
1768 681 1790 719 ἅ
1812 682 2000 734 κοινωνία,
2019 682 2080 722 καὶ
2112 685 2146 722 ἐν
2177 690 2221 737 τᾷ
2250 683 2380 729 ταύτας

1315 740 1553 794 ἀποδιανομᾷ.
1613 739 1781 794 Ἐξάρχει
1801 741 1864 791 μὲν
1886 741 1908 780 ἆ
1929 741 2155 793 δικαιοσύνα,
2177 742 2320 796 μετέχει
2347 744 2378 782 δ’

1315 799 1337 837 ἆ
1357 800 1521 839 κοινωνία
1534 816 1541 825 ·
1560 801 1598 839 οὖ
1618 799 1687 854 γὰρ
1708 801 1852 840 δυνατὸν
1875 802 1993 841 ἄδικον
2021 801 2084 855 μὲν
2105 796 2207 852 ἦμεν,
2231 803 2379 853 μεταδι-

1314 858 1419 911 δόμεν
1453 858 1489 898 δὲ
1511 859 1734 908 ἷσότατος,ἢ
1765 860 1998 912 μετατιδόμεν
2028 861 2091 913 μὲν
2122 863 2304 911 ἶσότατος,
2331 862 2380 912 μὴ

1314 919 1514 958 κοινωνικὸν
1533 918 1568 957 δὲ
1592 914 1698 969 ἦμεν.
1757 919 1961 973 Ἐγκρατέα
1981 919 2017 959 δὲ
2037 924 2111 965 πῶς
2131 923 2193 960 οὐκ
2214 921 2256 960 ἂν
2282 924 2378 960 ὓπο-

1313 977 1417 1017 λάὸοι
1448 995 1499 1023 τις
1518 978 1576 1017 τὸν
1605 979 1790 1031 αὖτάρκη;
1811 980 1834 1017 ἁ
1864 979 1932 1034 γὰρ
1954 981 2156 1034 πολυτέλῃα
2178 981 2297 1032 μάτηρ
2318 987 2381 1025 τᾶς

1315 1037 1507 1090 ἀκρασίας,
1526 1037 1614 1077 αὕτα
1633 1038 1669 1077 δὲ
1685 1045 1746 1083 τᾶς
1766 1038 1907 1092 ὔὸριος,
1928 1039 1962 1085 ἐξ
1983 1033 2023 1084 ἔς
2039 1042 2109 1078 τῶν
2130 1042 2164 1079 ἐν
2181 1040 2379 1093 ἀνθρώποις

1313 1099 1433 1136 κακῶν
1453 1097 1497 1135 τὰ
1522 1098 1652 1140 πολλά.
1710 1098 1749 1138 ‘A
1769 1099 1799 1137 δ’
1821 1099 2007 1153 αὖτάρκῃα
2039 1100 2109 1138 οὔδ’
2132 1099 2172 1138 ἂν
2192 1099 2287 1139 τέκοι
2314 1115 2380 1140 rto*

1314 1155 1501 1210 λυτέλῃαν,
1519 1157 1597 1196 οὐδὲ
1617 1157 1662 1196 τὰ
1681 1157 1741 1196 ἀπ’
1760 1158 1885 1203 αὐτᾶς·
1904 1160 1983 1198 ἀλλ’
2001 1158 2091 1198 αὗτά
2106 1175 2159 1203 τις
2179 1152 2267 1198 οῧσα
2285 1159 2380 1213 ἀρχὰ

1314 1216 1434 1267 πάντα
1468 1216 1530 1268 μὲν
1560 1216 1660 1268 ἄγοι,
1682 1216 1803 1269 ἄγοιτο
1823 1219 1853 1256 δ’
1872 1216 1913 1256 ἂν
1944 1220 2003 1256 ὑπ’
2021 1217 2173 1262 οὐδενός·
2197 1218 2282 1271 ὅπερ
2309 1219 2380 1258 ἕντι

1316 1275 1379 1326 μὲν
1397 1277 1447 1327 τῷ
1469 1277 1558 1329 θεῷ,
1578 1276 1650 1315 ἔντι
1670 1275 1706 1314 δὲ
1730 1276 1791 1315 καὶ
1809 1280 1859 1330 τῷ
1881 1279 2038 1329 βασιλεῖ,
2062 1279 2158 1331 αὑτῷ
2192 1277 2254 1328 μὲν
2273 1277 2380 1331 ἅρχεν

1317 1335 1392 1389 (ἀφ’
1413 1329 1510 1390 ὅπερ
1530 1336 1590 1375 καὶ
1610 1339 1629 1375 ὁ
1658 1336 1836 1389 αὐτάρκης
1855 1335 2033 1390 καλέεται)
2068 1336 2244 1391 ἄρχεσθαι
2264 1338 2294 1376 δ’
2318 1340 2380 1377 ὑπ’

1313 1395 1464 1440 οὐδενός.
1522 1398 1650 1435 Ταῦτα
1672 1397 1701 1434 δ’
1728 1395 1780 1435 ὅτι
1814 1395 1877 1448 μὲν
1899 1396 2084 1450 φρονάσιος
2114 1397 2223 1450 χωρὶς
2254 1398 2318 1444 οὐκ
2338 1397 2379 1437 ἂν

1310 1454 1446 1507 γένοιτο
1476 1456 1604 1504 δᾶλον,
1627 1453 1681 1493 ὅτι
1711 1456 1740 1494 δ’
1774 1455 1797 1494 ἃ
1828 1457 1878 1494 τῶ
1904 1455 2028 1507 κόσμω
2060 1456 2225 1510 φρόνασις
2258 1459 2276 1495 ὁ
2308 1457 2382 1501 θεός

1312 1515 1384 1553 ε’ντι
1405 1513 1566 1568 φανερόν·
1586 1516 1773 1567 συνέχεται
1792 1515 1860 1567 γὰρ
1882 1515 2054 1570 εὐκοσμίᾳ
2072 1531 2111 1554 τε
2138 1515 2200 1555 καὶ
2220 1515 2298 1561 τάξι
2333 1523 2380 1570 τᾷ

1313 1572 1460 1626 δεούσᾳ·
1475 1572 1544 1612 νόω
1565 1571 1601 1612 δὲ
1617 1573 1726 1626 χωρὶς
1749 1574 1811 1612 οὐκ
1832 1572 1875 1612 ἂν
1896 1574 1987 1614 αὐτὰ
2015 1573 2189 1625 γενοίατο.
2249 1575 2338 1615 Οὐδ’
2360 1578 2378 1613 ὃ

1314 1632 1477 1685 βασιλεὺς
1492 1632 1533 1680 δὴ
1549 1634 1659 1686 χωρὶς
1675 1632 1859 1687 φρονάσιος
1873 1632 2006 1677 ταύτας
2021 1632 2061 1672 ἂν
2074 1633 2151 1686 ἔχοι
2161 1633 2222 1678 τὰς
2236 1634 2377 1687 ἀρετάς,

1312 1691 1536 1731 δικαιοσύναν
1552 1692 1644 1746 φαμὶ
1663 1692 1724 1732 καὶ
1744 1692 1943 1746 ἐγκράτῃαν
1960 1692 2022 1732 καὶ
2037 1693 2222 1733 κοινωνίαν
2239 1694 2298 1733 καὶ
2315 1694 2380 1733 ὅσα

1311 1751 1443 1791 τούτων
1466 1752 1617 1806 ἀδελφά.

1366 1810 1554 1864 (Stobaeus
1572 1811 1676 1851 Flor.
1693 1812 1877 1861 XLVIII,
1898 1814 1948 1852 66
1969 1813 2168 1867 Ἐκφάντου
2185 1818 2245 1853 τοῦ
2264 1815 2381 1853 Πυθα-

1309 1871 1445 1925 γορείου
1467 1873 1506 1911 ἐκ
1539 1876 1600 1911 τοῦ
1632 1874 1713 1926 περὶ
1735 1874 1932 1926 βασιλείας.
1967 1873 2087 1913 Initio
2113 1874 2255 1926 scripsi
2289 1869 2378 1927 ᾇπερ

1313 1932 1446 1985 ἰσχύων
1467 1947 1540 1985 pro
1565 1933 1724 1984 vulgata
1743 1934 1913 1973 lectione
1937 1932 2028 1987 ἅπερ
2058 1933 2154 1986 ἱερὰν
2176 1947 2263 1985 quae
2286 1933 2379 1972 ferri

1316 2006 1395 2030 non
1417 1994 1577 2044 potest.)

1307 2162 1454 2194 omnium
1480 2164 1594 2195 auctor
1619 2163 1698 2204 erit,
1722 2163 1847 2196 nullius
1873 2163 1984 2196 autem
2010 2162 2096 2196 mali.
2158 2162 2247 2202 Quin
2277 2163 2376 2196 etiam

1307 2231 1384 2255 eum
1414 2221 1538 2263 justum
1571 2223 1656 2263 sore,
1680 2232 1783 2264 quum
1816 2222 1857 2255 ad
1896 2223 2076 2256 naturalem
2104 2222 2372 2255 communitatem

1309 2283 1407 2313 natus
1435 2281 1493 2322 sit,
1526 2282 1630 2315 cuivis
1658 2282 1866 2315 manifestum
1887 2284 1937 2316 est
1967 2292 1975 2315 :
2007 2282 2193 2315 communio
2221 2282 2307 2314 enim
2338 2282 2374 2314 in

1307 2342 1493 2383 aequalitate
1506 2343 1540 2375 et
1555 2342 1623 2383 ejus
1636 2342 1867 2376 distributione
1881 2342 2036 2376 cernitur.
2054 2342 2223 2375 Antecedit
2238 2342 2373 2384 quidem

1304 2400 1449 2442 justitia,
1468 2401 1654 2434 communio
1673 2403 1784 2435 autem
1799 2402 1833 2435 in
1856 2403 1982 2444 partem
2002 2410 2111 2434 rerum
2130 2401 2219 2434 veuit
2243 2414 2249 2433 :
2269 2408 2375 2442 neque

1307 2460 1393 2493 enim
1413 2460 1481 2493 fieri
1497 2462 1622 2501 potest,
1639 2461 1676 2493 ut
1701 2461 1840 2502 injustus
1856 2460 2027 2502 aequaliter
2044 2459 2235 2500 distribuat,
2252 2462 2311 2492 aut
2337 2463 2373 2492 ut

1308 2529 1373 2552 non
1390 2519 1432 2552 sit
1447 2519 1487 2552 ad
1508 2520 1690 2553 naturalem
1708 2521 1978 2553 communitatem
2004 2519 2103 2552 natus
2129 2519 2186 2560 qui
2207 2510 2374 2552 distribuit

1307 2589 1348 2613 ex
1367 2589 1474 2621 aequo.
1522 2580 1695 2619 Quomodo
1712 2580 1784 2622 quis
1810 2581 1920 2613 autem
1941 2588 2008 2612 non
2034 2579 2274 2612 existimaverit
2295 2587 2371 2612 eum

1308 2645 1377 2670 esse
1403 2637 1624 2671 continentem
1651 2638 1707 2680 qui
1727 2647 1786 2672 suo
1801 2642 1888 2672 statu
1912 2640 2083 2673 contentus
2108 2639 2175 2672 sit?
2201 2640 2259 2672 Est
2286 2638 2373 2672 enim

1307 2697 1434 2730 lautitia
1453 2697 1699 2731 incontinentiae
1712 2707 1845 2740 parens,
1866 2698 1939 2731 haec
1958 2708 2035 2732 vero
2050 2699 2268 2740 contumeliae,
2288 2698 2374 2732 unde

1308 2758 1460 2799 pleraque
1493 2757 1662 2791 hominum
1694 2758 1781 2791 mala
1804 2761 1993 2792 nascuntur.
2039 2761 2082 2791 At
2107 2767 2183 2791 vero
2209 2758 2374 2800 frugalitas

1308 2826 1414 2858 neque
1430 2817 1591 2850 lautitiam
1616 2827 1722 2860 neque
1739 2818 1810 2859 eius
1828 2818 1965 2852 effectus
1989 2818 2170 2861 producat:
2186 2818 2244 2851 sed
2270 2826 2371 2860 quum

1307 2877 1377 2919 ipsa
1394 2879 1543 2920 princeps
1564 2878 1714 2919 quaedam
1735 2879 1800 2919 sit,
1820 2879 1959 2921 imperat
1979 2879 2112 2920 quidem
2131 2879 2305 2920 omnibus,
2319 2887 2371 2912 ne-

1307 2938 1383 2970 mini
1401 2939 1510 2971 autem
1531 2938 1642 2971 obedit
1659 2949 1668 2971 :
1683 2939 1772 2981 quod
1795 2940 1939 2981 primum
1959 2939 2026 2980 dei,
2040 2938 2156 2972 deinde
2175 2939 2275 2972 etiam
2289 2938 2371 2980 regis

1307 2997 1472 3038 proprium
1491 2999 1559 3039 est,
1578 2999 1614 3031 ut
1627 2998 1688 3031 sibi
1703 2999 1779 3041 ipsis
1793 2999 1954 3041 imperent
1970 2998 2069 3041 (unde
2087 2999 2185 3032 etiam
2212 2998 2368 3041 αὐτάρκης

1306 3057 1520 3100 nominatur),
1538 3066 1556 3090 a
1587 3058 1717 3091 nemine
1745 3067 1823 3091 vero
1850 3060 2013 3099 regantur.
2058 3061 2138 3091 Haeo
2167 3058 2275 3090 autem
2299 3057 2370 3091 sine

1306 3116 1476 3157 prudentia
1500 3117 1567 3150 fieri
1599 3126 1664 3150 non
1695 3127 1786 3159 posse
1813 3119 1946 3160 apparet
1973 3120 2005 3151 et
2030 3117 2141 3150 mundi
2165 3115 2368 3158 prudentiam

1304 3176 1405 3210 deum
1425 3186 1497 3210 esse
1523 3177 1732 3210 manifestum
1752 3179 1824 3211 est:
1841 3177 1953 3210 ordine
1973 3177 2058 3210 enim
2087 3179 2119 3210 et
2140 3175 2369 3209 constitutione

1304 3235 1430 3270 decenti
1454 3237 1686 3270 continentur:
1714 3246 1788 3280 quae
1819 3237 1886 3270 sine
1909 3238 2017 3270 mente
2034 3237 2101 3270 lieri
2127 3246 2191 3269 non
2222 3237 2365 3277 possent.

1303 3298 1415 3338 Neque
1434 3297 1533 3330 etiam
1562 3298 1632 3339 ipse
1661 3306 1718 3331 rex
1750 3297 1878 3330 sublata
1898 3297 2068 3339 prudentia
2096 3296 2145 3329 his
2174 3297 2260 3329 esset
2282 3304 2366 3337 prm·

1302 3355 1390 3389 ditus
1407 3356 1599 3396 virtutibus,
1612 3356 1757 3398 iustitia,
1774 3357 1924 3398 inquam,
1940 3359 1972 3389 et
1997 3355 2196 3389 continentia
2219 3359 2251 3388 et
2275 3363 2365 3387 oom-

1303 3416 1462 3450 munitate
1479 3417 1671 3459 eaeterisque
1685 3426 1759 3459 quae
1775 3417 1825 3450 his
1841 3418 1987 3458 cognatae
2004 3417 2091 3450 sunt.
