2612 3814
253 254 328 289 412
1046 239 1114 279 DE
1143 239 1318 279 Auni-:0
1347 236 1603 280 CARMlNE.

251 334 360 377 ποδός
383 348 417 373 v.
437 335 499 386 59.
519 333 619 371 llinc
638 339 742 384 patet
757 338 902 383 quanto
918 329 959 368 in
975 339 1107 367 errore
1122 333 1299 364 versatus
1328 338 1336 365 t
1366 329 1511 367 auctor,
1529 328 1800 385 tamen-neque
1828 330 1906 368 quo
1927 325 2100 384 tempore
2117 317 2264 383 ’vix-erit
2286 330 2415 383 ‘neque

252 395 302 433 sit
322 393 574 431 Glandorfius
588 421 598 439 ,
620 391 688 443 qui
706 391 746 430 in
761 388 1033 429 dissertatione
1051 386 1099 425 de
1116 397 1298 424 versuum
1359 379 1504 431 quibus
1524 378 1643 416 sacris
1662 384 1840 415 initiatus
1858 376 1975 415 fuerit
1994 388 2015 415 e
2032 384 2149 414 certis
2174 375 2334 414 indicus
2353 390 2418 429 ap-

253 465 459 491 anreorum
478 459 587 490 aetate
607 451 628 501 S
646 450 697 488 vl
714 458 751 488 et
767 449 808 487 in
825 447 1040 500 appendice
1055 445 1146 484 libri
1166 458 1202 496 p.
1227 443 1300 480 188

252 525 331 563 seq.
350 512 505 550 defensa
515 510 637 548 variis
651 510 885 559 argumentis
902 507 1059 545 illorum
1074 503 1303 554 antiquitate

252 583 319 607 eos
344 571 502 609 forsitan
523 583 543 607 e
574 568 771 619 mysteriis
799 565 1011 604 Eleusiniis
1031 572 1140 602 ortos
1160 571 1197 600 et
1215 569 1302 598 ante

251 629 510 680 Pythagoram
553 628 695 667 litteris
740 626 940 664 mandatos
977 636 1062 663 esse
1103 622 1299 673 opinatur.

252 688 505 736 Meinersius,
528 688 595 738 qui
631 687 671 729 in
705 685 852 723 Histor.
879 683 1005 722 doctr.
1034 681 1137 733 apud
1166 679 1234 717 Gr.
1265 686 1303 716 et

254 746 367 786 Rom.
386 746 401 784 l
429 761 468 798 p.
494 747 569 795 579
591 758 697 795 seqq.
719 755 872 782 carmen
907 742 1108 788 mutilum,
1130 740 1301 790 interpo-

253 805 370 843 latum
392 806 627 854 insertisque
645 804 828 842 versibus
861 802 998 840 alienis
1027 809 1203 846 auctum,
1232 811 1302 836 nec

254 865 331 902 nisi
350 873 437 916 post
455 864 655 902 Platonem
677 871 715 901 et
736 861 980 900 Aristotelem
1001 874 1022 899 a
1039 859 1205 912 quodam
1222 858 1301 909 Py-

253 924 454 973 thagorico
491 923 712 960 Aristoxeni
747 929 784 959 et
818 919 1034 958 Heraclidis
1068 918 1191 957 sodali
1220 930 1304 956 esse

253 983 525 1021 concinnatum
555 979 795 1032 probaturus
830 987 937 1025 erat,
971 976 1070 1016 nihil
1098 975 1304 1028 perspicue

254 1041 547 1079 demonstravit.
605 1038 718 1084 Quod
752 1046 877 1076 autem
910 1036 964 1075 ait
991 1036 1140 1074 alienos
1167 1047 1304 1073 versus

253 1112 336 1138 esse
365 1099 617 1150 interpositos
631 1128 641 1145 ‚
663 1097 704 1135 id
735 1109 814 1135 non
839 1097 927 1135 sine
948 1107 1062 1133 causa
1083 1094 1130 1132 de
1147 1093 1304 1145 jureju-

254 1157 376 1195 rando
394 1169 454 1196 vs.
479 1162 526 1205 [27
548 1165 586 1195 et
613 1157 662 1202 48
689 1170 699 1193 t

335 1253 385 1285 ναὶ
403 1252 447 1293 μὰ
461 1253 514 1284 τὸν
533 1251 667 1293 ἁμετέρᾳ
686 1251 776 1292 ψυχᾷ
794 1248 974 1292 παραδόντα
995 1248 1173 1290 τετρακτύν,

335 1300 440 1340 παγὰν
456 1299 568 1331 ἀενάου
583 1298 703 1339 φύσεως
719 1315 762 1320 -

255 1383 436 1422 contendi
456 1382 627 1429 videtur,
645 1394 765 1433 quum
785 1380 860 1418 tale
887 1380 937 1419 sit
954 1379 1158 1431 scriptoris
1175 1379 1308 1418 Θεολο-

253 1443 432 1494 γουμένων
454 1442 687 1494 ἀριθμητικῆς
701 1454 741 1492 p.
760 1453 810 1477 ao
825 1439 1086 1477 testimonium
1105 1454 1113 1477 :
1133 1439 1309 1486 Τοιαύτης

255 1500 292 1540 δὲ
325 1500 454 1550 οὔσης,
487 1499 669 1551 ἐπώνυμον
703 1499 794 1552 (leg.
833 1497 1031 1549 ἐπώμνυον)
1057 1499 1101 1535 δι’
1128 1498 1235 1545 αὐτῆς
1264 1497 1308 1536 τὰ

255 1559 462 1611 Πυθαγόρου
484 1560 515 1598 οἱ
542 1558 663 1610 ἄνδρες
696 1556 931 1607 θαυμάζοντες
954 1555 1111 1602 δηλονότι
1131 1556 1190 1595 καὶ
1212 1559 1310 1595 ἀνευ-

255 1623 448 1672 φημοῧντες
480 1617 537 1656 ἐπὶ
567 1619 611 1669 τῇ
642 1614 800 1669 εὑρήσει,
827 1613 920 1652 καθά
950 1630 1017 1653 που
1046 1614 1105 1652 καὶ
1129 1614 1310 1666 Ἐμπεδο-

255 1679 360 1724 κλῆς·

339 1771 386 1804 Οὐ
406 1771 449 1812 μὰ
467 1770 519 1802 τὸν
536 1769 670 1810 ἁμετέρᾳ
683 1771 775 1810 γενεᾷ
788 1767 967 1810 παραδόντα
985 1768 1162 1810 τετρακτύν,

338 1819 442 1859 παγὰν
460 1817 573 1850 ἀενάου
593 1817 712 1858 φύσεως
733 1816 881 1858 ῥιζώματ’
896 1815 1044 1857 ἔχουσαν.

258 1903 308 1940 At
356 1914 475 1953 quum
518 1899 772 1951 Empedocles
817 1911 839 1936 a
883 1897 1113 1949 Pythagorae
1157 1898 1311 1950 placitis

259 1959 539 2011 cognoscendis
568 1957 825 2010 philosophiae
858 1956 1077 1995 studiorum
1106 1958 1310 1997 exordium

260 2019 427 2072 ceperit,
449 2031 528 2057 non
552 2019 694 2055 mirum
721 2018 796 2054 hoc
825 2016 1158 2067 Pythagoreorum
1185 2017 1312 2069 jusju-

259 2078 421 2117 randum
444 2077 588 2116 alicubi
604 2076 652 2114 ab
667 2089 713 2114 eo
733 2076 774 2114 in
795 2075 1036 2122 carminibus
1057 2086 1311 2115 memoratum

263 2137 389 2175 fuisse.
407 2135 502 2181 Quis
518 2143 643 2173 autem
662 2134 932 2172 animadversa
959 2135 1162 2186 scripturae
1185 2137 1313 2175 diver-

260 2196 374 2234 sitate
400 2207 485 2245 quae
511 2202 568 2232 est
588 2193 691 2245 apud
719 2202 892 2231 auctores
913 2192 1007 2246 (vid.
1030 2194 1161 2234 adnot.
1180 2196 1226 2233 ad
1255 2209 1312 2236 vs,

262 2258 311 2302 47
334 2262 372 2292 et
389 2252 450 2305 48)
470 2252 538 2303 qui
559 2260 767 2302 utrumque
788 2264 944 2290 versum
967 2252 1157 2301 afferunt,
1179 2254 1315 2292 audeat

262 2312 481 2362 affirmare,
502 2312 685 2349 carminis
701 2310 819 2361 hujus
847 2320 1045 2362 parentem
1071 2312 1315 2364 Empedoclis

262 2371 506 2423 potissimum
529 2370 793 2408 auctoritatem
824 2379 996 2408 secutum
1025 2370 1110 2422 ejus
1130 2372 1251 2411 verba
1274 2373 1315 2411 in

264 2443 375 2469 suum
410 2442 549 2481 poema
567 2429 832 2479 transtulisse,
854 2429 964 2479 quasi
991 2443 1070 2467 non
1096 2430 1253 2469 licuerit
1280 2441 1317 2471 et

265 2487 487 2539 Empedocli
507 2496 544 2525 et
559 2488 652 2525 huic
667 2486 929 2537 Pythagorico
940 2488 1203 2528 versificatori
1223 2503 1315 2529 eun-

267 2545 352 2584 dem
375 2546 481 2584 adire
503 2546 664 2592 fontem,
684 2544 789 2582 unde
808 2544 961 2584 diversa
978 2547 1205 2596 petierunt?
1222 2548 1316 2587 Tie-

266 2603 419 2642 demani
441 2604 662 2655 conjectura
684 2605 726 2642 in
745 2604 878 2642 Princ.
901 2604 1023 2645 Graec.
1043 2606 1147 2644 Phil.
1170 2621 1209 2659 p.
1243 2622 1317 2659 190

269 2663 490 2714 proposita,
515 2676 591 2713 qua
616 2675 756 2713 poema
787 2663 918 2702 variis
941 2665 1164 2704 auctoribus
1194 2669 1319 2706 ascri-

267 2719 377 2759 bitur
412 2730 524 2772 atque
557 2734 578 2758 e
609 2721 849 2760 diversorum
888 2732 1088 2773 poetarum
1130 2726 1316 2777 operibus

269 2778 476 2817 conflatum
497 2779 739 2830 perhibetur,
760 2793 840 2817 non
861 2789 946 2830 eget
975 2782 1219 2824 refutatione.
1253 2786 1319 2824 Ni-

268 2836 410 2874 mirum
431 2836 581 2886 singula
600 2846 789 2889 praecepta
807 2839 909 2876 inter
930 2853 971 2878 se
991 2841 1184 2881 cohaerere
1203 2847 1319 2896 aptiS-

271 2897 450 2949 simoque
475 2896 748 2934 sententiarum
779 2897 918 2936 ordine
946 2900 1192 2950 continuari,
1214 2905 1319 2954 quod

271 2954 435 3005 negabat
453 2954 486 2991 T
489 2954 738 2994 iedemannus
747 2986 760 3005 ,
782 2965 885 2995 tanta
901 2966 982 2996 arte
999 2961 1167 3000 ostendit
1184 2963 1322 3003 Hiero·

272 3014 349 3052 cles
363 3043 373 3060 ,
395 3021 438 3052 ut
460 3013 558 3051 nihil
583 3013 624 3051 in
640 3013 714 3052 hoc
732 3027 870 3064 genere
888 3017 1098 3067 perfectius
1113 3022 1323 3073 antiquitas

272 3072 425 3120 tulerit,
447 3073 519 3110 etsi
539 3085 561 3109 a
585 3081 698 3123 poeta
723 3086 803 3110 non
833 3074 1038 3124 pulchrum
1059 3090 1200 3129 corpus
1214 3110 1225 3130 ,
1256 3083 1322 3120 sed

272 3131 401 3168 lacera
421 3130 597 3168 membra
616 3131 730 3170 nobis
750 3131 870 3182 objici
897 3133 1058 3172 forsitan
1078 3136 1145 3174 alii
1169 3151 1324 3191 quoque

273 3188 547 3239 explicationis
566 3189 778 3228 llierocleae
798 3191 1043 3231 immemores
1071 3195 1321 3238 crediderint.

273 3247 360 3284 Non
389 3247 524 3285 tacebo
554 3260 617 3295 ea,
640 3262 726 3299 quae
755 3249 803 3287 de
829 3249 904 3288 hoc
934 3263 1160 3301 argumento
1176 3255 1326 3306 judicat

277 3307 336 3342 vir
355 3307 532 3355 egregius
553 3315 668 3357 atque
686 3307 849 3346 idoneus
868 3309 1001 3347 talium
1027 3325 1155 3350 rerum
1187 3317 1323 3354 existi-

275 3372 401 3401 mator
414 3363 578 3402 Godofr.
592 3365 851 3406 Bernhardus.
864 3367 902 3405 ls
914 3367 1058 3408 Histor.
1070 3370 1193 3409 Graec.
1204 3373 1322 3412 litter.

277 3429 370 3461 tom.
393 3422 428 3460 ll
459 3436 499 3474 p.
532 3423 606 3471 373
642 3424 695 3462 ait
721 3426 749 3461 si
778 3438 879 3464 unus
910 3426 962 3465 sit
991 3425 1113 3478 hujus
1143 3431 1325 3471 carminis

1362 450 1497 490 parere
1511 465 1521 484 ‚
1555 434 1752 486 imprimis
1782 447 1877 473 vero
1913 434 2072 487 epilogo
2110 433 2202 472 inde
2232 446 2254 472 a
2287 435 2418 475 verbis

1366 496 1444 536 ἀλλ’
1462 494 1577 549 εἴργου
1607 495 1750 546 βρωτῶν
1781 509 1818 533 x.
1851 509 1885 533 τ.
1907 495 1941 533 λ.
1971 494 2233 546 suspicionem
2266 494 2417 533 moveri

1363 567 1518 592 carmen
1550 551 1750 591 inferioris
1781 552 1902 591 aetatis
1938 553 2071 590 foetum
2095 565 2192 591 esse.
2230 551 2304 590 Sed
2339 565 2418 591 non

1363 623 1419 652 est
1441 612 1545 664 quod
1566 611 1715 650 diutius
1733 610 1825 649 huic
1844 611 1901 649 rei
1919 612 2119 658 immorer,
2138 611 2331 662 siquidem
2369 611 2419 650 ad

1363 673 1517 719 omnia,
1540 683 1627 722 quae
1647 669 1893 708 Bernhardus
1913 671 2065 721 statuit,
2081 671 2273 722 superiori
2289 671 2422 723 dispu-

1364 731 1507 769 tatione
1531 728 1778 781 respondisse
1797 728 1950 767 videor.
1994 728 2124 767 Unum
2150 728 2271 777 addo,
2298 742 2419 781 quum

1367 789 1566 828 Hierocles
1596 789 1638 827 in
1658 787 1803 826 scholis
1835 799 1995 825 aureum
2030 800 2184 826 carmen
2211 788 2418 839 praelegere

1365 850 1502 889 solitus
1532 848 1582 887 sit
1602 859 1728 898 neque
1751 846 1879 885 solum
1899 845 2119 884 mirabilem
2141 846 2419 886 sententiarum

1365 907 1695 947 continuationem
1724 906 1942 956 seriemque
1963 905 2213 943 auditoribus
2236 905 2420 944 ostende-

1367 971 1437 1015 rit,
1458 967 1524 1006 sed
1555 967 1596 1004 in
1624 964 1881 1016 explanandis
1902 964 2069 1014 singulis
2088 963 2422 1016 praeceptionibus

1365 1026 1478 1064 simul
1499 1023 1767 1076 Pythagoricae
1791 1021 2048 1075 philosophiae
2079 1035 2268 1061 summam
2301 1023 2422 1063 tradi-

1366 1085 1486 1131 derit,
1510 1083 1734 1134 conjectura
1753 1095 1831 1120 non
1860 1080 2127 1119 aberraturum
2154 1082 2223 1132 qui
2244 1082 2422 1134 suspice-

1369 1153 1446 1190 tur,
1469 1156 1624 1181 carmen
1655 1156 1733 1193 quo
1754 1150 1927 1192 tempore
1946 1140 2102 1191 vigebat
2128 1141 2253 1180 adhuc
2274 1141 2423 1193 Pytha-

1368 1203 1499 1252 gorica
1533 1201 1632 1240 ratio
1664 1200 1923 1252 compositum
1954 1213 2033 1238 non
2063 1199 2186 1250 magis
2217 1200 2424 1253 discipulis

1368 1275 1481 1312 quam
1504 1261 1699 1311 magistris
1721 1259 1802 1311 jam
1824 1258 1873 1298 ab
1894 1259 1982 1311 ipso
2010 1268 2166 1298 auctore
2187 1259 2422 1300 destinatum

1371 1321 1509 1367 fuisse,
1530 1329 1573 1358 ut
1589 1319 1699 1357 alteri
1720 1320 1760 1357 in
1778 1331 1938 1370 poema,
1961 1319 2089 1357 omnis
2109 1318 2311 1370 sapientiae
2340 1319 2426 1359 fun-

1369 1379 1546 1416 damenta
1566 1378 1768 1415 continens
1781 1405 1792 1425 ,
1810 1386 1992 1428 tanquam
2014 1376 2054 1414 in
2072 1376 2270 1427 speculum
2294 1376 2423 1416 intue-

1370 1446 1505 1475 rentur
1524 1436 1787 1488 praeclaraque
1808 1436 1953 1473 monita
1983 1448 2062 1473 non
2082 1434 2198 1473 modo
2227 1436 2426 1474 memoriae

1371 1497 1626 1540 mandarent,
1650 1495 1717 1532 sed
1740 1495 1849 1532 factis
1869 1494 1984 1532 etiam
2005 1494 2289 1545 exprimerent,
2311 1494 2423 1533 alteri

1372 1555 1551 1593 reseratis
1571 1553 1804 1605 procedente
1822 1562 1996 1604 tempore
2017 1551 2276 1604 philosophiae
2302 1565 2424 1604 pene-

1371 1613 1537 1651 tralibus
1551 1613 1591 1650 in
1609 1612 1852 1664 exponendis
1868 1611 2033 1661 singulis
2045 1610 2228 1663 poematii
2240 1610 2426 1665 membris

1372 1681 1447 1710 tam
1469 1671 1638 1710 obscura
1657 1670 1791 1708 omnia
1804 1669 2062 1716 illustrarent,
2076 1681 2190 1719 quam
2206 1671 2425 1710 universam

1373 1744 1502 1768 rerum
1542 1729 1765 1768 divinarum
1798 1728 2133 1778 humanarumque
2163 1728 2423 1778 cognitionem

1374 1803 1416 1828 ac
1430 1789 1530 1828 bene
1539 1788 1728 1839 beateque
1743 1787 1904 1826 vivendi
1917 1786 2161 1838 disciplinam
2179 1787 2428 1828 audientibus

1372 1848 1631 1900 impertirent.
1665 1846 1815 1894 Restat,
1844 1854 1887 1884 ut
1917 1845 2170 1895 indagemus,
2201 1846 2290 1897 quis
2309 1859 2331 1884 e
2348 1846 2426 1899 Py-

1373 1905 1567 1956 thagoreis
1604 1904 1824 1943 condiderit
1847 1904 1932 1959 Υὶιοε
1968 1916 2120 1955 poema.
2160 1905 2217 1942 Ac
2255 1904 2426 1957 primum

1374 1966 1530 2016 quidem
1568 1964 1778 2016 displicere
1812 1962 1925 2001 nobis
1958 1962 2127 2001 Fabricii
2165 1964 2427 2015 suspicionem

1374 2025 1441 2075 qui
1463 2023 1687 2074 Empedocli
1709 2021 1809 2060 illud
1830 2020 2026 2059 tribuebat
2039 2049 2050 2068 ,
2070 2020 2162 2072 quia
2181 2035 2220 2061 v.
2237 2027 2286 2070 4⁴7
2303 2030 2342 2061 et
2361 2024 2427 2070 108,

1375 2082 1518 2133 quibus
1533 2081 1808 2132 jusjurandum
1831 2081 2066 2127 continetur,
2089 2089 2205 2131 atque
2223 2081 2351 2119 ultimi
2369 2081 2427 2134 [v.

1378 2155 1503 2188 70-7
1514 2138 1548 2194 1]
1569 2148 1663 2178 teste
1681 2138 1901 2177 Jamblicho
1918 2138 1960 2176 in
1978 2137 2011 2174 T
2015 2137 2238 2188 heologum.
2269 2139 2426 2179 arithm.

1376 2199 1674 2249 Agrigentinum
1700 2206 1826 2236 vatem
1846 2205 2040 2235 auctorem
2071 2196 2283 2246 haberent,
2304 2211 2353 2237 ex
2380 2200 2431 2238 iis

1375 2271 1461 2308 quae
1482 2270 1599 2309 supra
1619 2257 1778 2308 exposui
1805 2256 1906 2294 effici
1935 2255 2122 2295 arbitror.
2143 2256 2335 2295 Clausulae
2365 2271 2432 2296 au-

1376 2325 1450 2354 tem
1467 2345 1477 2364 ,
1499 2329 1576 2366 qua
1593 2323 1750 2367 peracto
1776 2314 2031 2352 mutationum
2052 2316 2146 2352 orbe
2160 2324 2250 2365 post
2269 2325 2429 2354 mortem

1377 2374 1648 2413 immortalitas
1676 2382 1714 2412 et
1731 2373 1866 2411 divina
1885 2381 2024 2411 natura
2042 2373 2270 2412 hominibus
2287 2374 2431 2426 Pytha·

1377 2447 1480 2483 gorae
1511 2434 1606 2472 scita
1636 2432 1779 2471 secutis
1807 2432 2064 2483 promittitur,
2095 2446 2173 2471 non
2211 2441 2358 2472 tantum
2390 2434 2432 2473 in

1376 2492 1507 2531 aureis
1525 2491 1707 2530 versibus
1726 2492 1835 2529 locus
1851 2500 1926 2539 cst,
1941 2491 2007 2529 sed
2021 2491 2136 2529 etiam
2152 2492 2192 2530 in
2207 2491 2433 2532 lustralibus

1377 2551 1626 2601 Agrigentini
1657 2559 1781 2602 poetae
1810 2549 2068 2600 carminibus,
2089 2559 2296 2603 propterea
2327 2553 2433 2604 quod

1377 2611 1458 2648 haec
1477 2610 1524 2648 ad
1546 2609 1774 2661 Pythagorae
1792 2622 1967 2647 normam
1989 2610 2086 2647 facta
2104 2622 2150 2647 eo
2170 2610 2336 2649 consilio
2351 2611 2433 2650 edi·

1378 2668 1435 2706 dit
1452 2669 1514 2707 vir
1532 2681 1553 2707 e
1568 2668 1798 2719 Pythagorae
1813 2668 1948 2706 castris
1965 2667 2012 2705 ad
2028 2667 2266 2706 lustrandam
2280 2681 2432 2708 omnem

1379 2727 1640 2779 philosophiae
1674 2727 1874 2777 regionem
1917 2726 2136 2777 profectus,
2170 2735 2214 2765 ut
2253 2728 2435 2767 mortales

1380 2787 1559 2839 corporis
1575 2786 1774 2837 animique
1796 2786 2025 2837 purgatione
2044 2785 2091 2823 ad
2111 2785 2270 2824 deorum
2292 2787 2433 2825 sancti-

1381 2854 1495 2884 tatem
1531 2845 1642 2897 quasi
1686 2845 1871 2895 gradibus
1917 2843 2150 2895 quibusdam
2194 2844 2431 2883 accederent.

1381 2905 1626 2958 Quapropter
1647 2918 1726 2942 non
1744 2904 1861 2942 video
1873 2933 1883 2950 ,
1898 2917 1967 2941 cur
1983 2902 2230 2941 Godofredus
2246 2902 2436 2942 Bernhar-

1382 2965 1455 3002 dus
1479 2964 1584 3001 hunc
1613 2962 1810 3014 epilogum
1840 2961 2067 3012 Pythagorae
2088 2961 2233 2998 familia
2251 2961 2436 3011 dignissi-

1383 3036 1486 3061 mum
1509 3030 1690 3072 tanquam
1711 3020 1941 3072 posterioris
1972 3021 2092 3058 aetatis
2116 3019 2304 3057 indicium
2335 3019 2435 3071 reje-

1383 3082 1490 3120 cerit.
1506 3080 1666 3118 Versum
1690 3085 1737 3125 42
1764 3081 1814 3131 πῇ
1834 3078 1995 3131 παρέὸην
2012 3093 2048 3117 κ.
2072 3093 2107 3117 τ.
2125 3078 2162 3116 λ.
2185 3091 2206 3116 e
2221 3078 2437 3130 Phocylide

1384 3140 1516 3178 laudat
1550 3139 1766 3177 Eustratius
1806 3137 1853 3175 ad
1887 3137 2045 3175 Aristot.
2077 3136 2162 3176 Eth.
2201 3137 2285 3176 Nic.
2322 3151 2364 3190 p.
2398 3152 2432 3177 1.

1384 3198 1512 3249 Hujus
1538 3197 1802 3236 auctoritatem
1824 3204 1976 3234 secutus
1997 3196 2104 3234 aurei
2125 3197 2309 3235 carminis
2337 3198 2437 3235 scri-

1384 3266 1535 3309 ptorem
1565 3256 1817 3307 Phocylidem
1848 3267 1932 3293 esse
1954 3255 2102 3293 censuit
2134 3255 2304 3294 ,lacobus
2330 3256 2435 3295 Win-

1385 3316 1494 3354 detus
1513 3316 1561 3354 de
1579 3315 1661 3353 vita
1682 3315 1898 3352 functorum
1920 3323 2020 3352 statu
2050 3328 2137 3366 pag.
2155 3329 2218 3365 91,
2238 3316 2303 3354 sed
2336 3316 2434 3355 nihil

1382 3375 1580 3425 probavit.
1597 3374 1773 3412 Fortasse
1785 3373 2039 3411 librariorum
2058 3374 2210 3412 incuria
2226 3374 2435 3412 Φωκυλίδου

1385 3442 1422 3471 et
1457 3433 1605 3478 Λύσιδος
1639 3446 1780 3471 nomen
1812 3432 2010 3480 confudit,
2032 3433 2080 3471 de
2105 3447 2182 3484 quo
2205 3433 2305 3471 infra
2338 3433 2436 3471 Fue-

2598 1705 2605 1712 ,

2592 1755 2596 1765 .
2605 1759 2608 1762 .

2590 1766 2612 1831 3,

2592 1826 2610 1924 ξ

2596 1935 2612 1951 ᾗ

2590 1950 2612 1982 ιι

2606 2903 2612 2905 l
2606 2883 2612 2894 Α.
2603 2862 2612 2870 .-
2599 2632 2612 2855 mamma-amam.
2592 2204 2612 2622 'swas-mmamffaeffl‘mam*
2595 2168 2602 2179 '⁴
2596 2132 2599 2139 ⁴
