2612 3814
282 287 348 318 1134

273 365 359 418 ὅπερ
392 363 575 416 ἐξαιρέτως
604 363 770 417 ‘'Ota-090<
800 362 1013 412 ἐπετήδευσε
1047 362 1108 402 καὶ
1154 362 1332 407 κατέδειξε

273 426 425 477 πρῶτος.
447 423 556 463 αΟσοι
583 423 619 462 δὲ
643 421 890 478 πραγματείας
918 420 1039 476 ἑτέρας
1056 421 1230 476 ἔγραψαν,
1253 424 1334 461 ε’πο-

274 483 366 523 maol
386 485 425 522 οὐ
441 485 650 523 καλοῦνται·
666 483 688 532 ἢ
709 483 778 537 γὰρ
794 484 875 537 περὶ
896 481 1131 537 ἀστρονομίας
1146 480 1169 530 ἢ
1187 481 1335 536 φυσικάς

275 557 372 587 τινας
391 541 413 590 ἢ
435 543 558 596 ἑτέρας
575 542 734 595 ἔγραψαν
757 542 913 596 βίὸλους.
932 558 935 561 ’

326 605 413 641 Non
423 616 521 654 saepe
530 604 576 640 de
586 604 818 641 carminibus
836 602 1015 652 Orphicis
1033 602 1205 651 loquitur
1224 600 1334 638 Plato

275 664 341 712 qui
363 665 483 714 Legg.
507 665 598 701 VIII
622 677 664 713 p.
691 662 768 713 829
802 663 833 701 E
858 663 910 699 ait
943 673 954 700 t
985 659 1077 712 μηδέ
1096 675 1175 699 τινα
1199 661 1333 713 τολμᾷν

276 720 371 776 ᾄδειν
391 721 561 772 ἀδόκιμον
580 723 727 760 Μοῦσαν
749 720 799 773 μὴ
830 720 1023 774 κρινάντων
1046 721 1115 758 τῶν
1134 720 1334 772 νομοφυλά-

274 797 363 832 κων,
387 779 470 832 μηδ’
491 779 532 819 ἂν
554 780 661 828 ἡδίων
682 774 706 833 ᾗ
734 782 803 819 τῶν
822 780 997 831 Θαμύρου
1018 793 1055 816 τε
1075 778 1135 817 καὶ
1160 777 1334 832 Ὀρφείων

275 841 412 891 ὕμνων.
434 842 543 879 Idem
564 843 650 881 Ion.
670 855 710 891 p.
732 840 807 878 533
825 841 854 879 B
879 854 889 877 :
912 836 1019 878 Ἀλλὰ
1040 837 1124 889 μήν,
1144 836 1191 881 ὥς
1210 841 1243 889 γ’
1265 837 1334 890 ἐγὼ

274 894 396 951 οἶμαι,
416 900 487 938 οὔδ’
507 902 544 940 ἐν
559 899 705 947 αὐλήσει
720 915 759 951 γε
776 898 855 938 οὐδὲ
875 900 909 937 ἐν
929 897 1101 950 κιθαρίσει
1116 897 1194 936 οὐδὲ
1220 898 1256 936 ἐν
1275 913 1335 936 κι-

275 959 430 1013 θαρῳδίᾳ
457 959 534 999 οὐδὲ
566 961 602 998 ἐν
636 959 797 1014 ῥαψῳδίᾳ
829 956 1049 997 οὐδεπώποτ’
1081 949 1170 1000 ε’ἶδες
1197 956 1330 1011 ἄνδρα,

274 1018 368 1063 ὅστις
388 1018 470 1072 περὶ
481 1018 544 1070 μὲν
559 1018 747 1070 Ὀλύμπου
765 1018 871 1062 δεινός
891 1018 984 1057 ἔστιν
999 1015 1233 1069 ἐξηγεῖσθαιῆ
1251 1017 1333 1071 περὶ

273 1077 446 1131 Θαμύρου
468 1077 491 1126 ἢ
508 1078 591 1131 περὶ
611 1077 770 1131 Ὀρφέως
790 1077 814 1126 ἢ
835 1076 916 1132 περὶ
939 1075 1087 1127 Φημίου
1107 1079 1169 1115 τοῦ
1188 1075 1332 1125 Ἰθακη-

274 1137 349 1176 σίου
373 1138 557 1192 ραψῳδοῧ,
573 1137 654 1190 περὶ
672 1137 708 1176 δὲ
722 1134 846 1182 Ἴωνος
861 1140 923 1176 τοῦ
941 1134 1106 1190 Ἐφεσίου
1127 1136 1254 1188 ἀπορεῖ
1271 1135 1332 1175 καὶ

272 1199 335 1236 οὐκ
354 1197 428 1250 ἔχει
445 1195 689 1249 συμὸαλέσθαι
706 1195 729 1235 ἅ
746 1212 783 1236 τε
799 1190 838 1235 eii
853 1197 1008 1251 ῥαψῳδεῒ
1022 1195 1083 1234 καὶ
1098 1194 1120 1234 ἃ
1137 1194 1200 1246 μή.
1223 1196 1332 1234 Idem

273 1257 436 1297 ConviV.
466 1270 508 1308 p.
543 1257 620 1296 218
645 1259 674 1294 B
697 1269 707 1296 ε
729 1259 776 1296 Οἱ
801 1254 837 1295 δὲ
857 1255 1012 1305 οἰκέται,
1027 1254 1088 1295 καὶ
1106 1254 1206 1300 εἴτις
1227 1254 1332 1299 ἄλλος

271 1315 346 1354 ἐστὶ
365 1315 511 1369 βέὸηλός
539 1331 576 1355 τε
608 1315 669 1354 καὶ
701 1315 883 1368 ἄγροικος,
908 1314 1024 1359 πύλας
1053 1315 1147 1355 πάνυ
1175 1314 1332 1366 μεγάλας

272 1378 344 1420 τοῖς
380 1375 467 1415 ὠσὶν
509 1374 668 1414 ἐπίθεσθε
680 1406 690 1425 ,
723 1377 880 1427 respicit
920 1389 1073 1414 versum
1120 1376 1330 1425 Orphicum

273 1434 466 1488 φθέγξομαι
488 1428 537 1479 οἷς
568 1434 666 1485 θέμις
687 1434 773 1474 ἐστί·
794 1435 900 1488 θύρας
919 1436 948 1474 δ’
977 1434 1135 1474 ἐπίθεσθε
1167 1433 1327 1486 βέὸηλοι.

270 1496 324 1533 Cf.
349 1496 486 1547 fragm.
509 1498 528 1533 1
546 1503 583 1533 et
606 1498 642 1535 11
667 1510 723 1534 vs,
752 1509 787 1534 1.
815 1497 992 1546 Denique
1010 1497 1058 1534 de
1082 1498 1183 1545 Rep.
1206 1497 1260 1532 lib
1294 1498 1327 1534 Il

267 1569 308 1606 p.
339 1556 415 1601 364
443 1558 473 1592 F.
496 1568 506 1593 :
527 1553 668 1594 Βίὸλων
696 1552 731 1593 δὲ
752 1553 884 1605 ὅμαδον
903 1554 1122 1607 παρέχονται
1142 1552 1327 1592 Μουσαίου

271 1614 332 1654 καὶ
359 1612 543 1667 Ὀρφέως,
573 1613 732 1662 Σελήνης
762 1629 801 1652 τε
830 1612 891 1652 καὶ
915 1615 1069 1653 Μουσῶν
1096 1613 1262 1665 ἐγγόνων,
1283 1613 1330 1657 ὥς

269 1688 376 1727 φασι·
397 1672 476 1712 καθ’
500 1672 540 1716 ἃς
557 1673 789 1721 θυηπολοῦσι,
805 1671 982 1717 πείθοντες
1002 1673 1039 1711 οὐ
1062 1670 1166 1723 μόνον
1187 1672 1329 1717 ἰδιώτας

266 1732 359 1772 ἀλλὰ
376 1733 437 1773 καὶ
458 1731 592 1786 πόλεις,
610 1735 657 1775 ὡς
675 1732 743 1787 ἄρα
768 1731 884 1777 λύσεις
902 1748 940 1772 τε
964 1732 1025 1771 καὶ
1051 1732 1228 1785 καθαρμοὶ
1250 1734 1329 1771 ἀδι-

265 1793 435 1844 κημάτων
462 1792 519 1831 διὰ
539 1794 666 1832 θυσιῶν
686 1792 746 1831 καὶ
774 1793 918 1836 παιδιᾶς
942 1792 1078 1840 ἡδονῶν
1104 1792 1171 1831 εἶσὶ
1191 1790 1254 1843 μὲν
1275 1792 1327 1832 ἔτι

264 1855 383 1904 ζῶσιν,
403 1851 469 1891 εἶσὶ
484 1852 519 1891 δὲ
540 1852 600 1891 καὶ
619 1852 892 1900 τελευτήσασιν·
915 1852 955 1897 ἃς
977 1852 1019 1901 δὴ
1039 1853 1182 1897 τελετὰς
1197 1855 1325 1893 καλοῦ-

265 1927 335 1963 σιν,
362 1909 400 1951 αἳ
419 1913 487 1950 τῶν
516 1912 589 1951 ἐκεῖ
615 1915 736 1951 κακῶν
757 1912 970 1952 ἀπολύουσιν
991 1915 1106 1963 ἡμᾶς·
1125 1912 1174 1964 μὴ
1193 1912 1324 1951 θύσαν-

262 1987 326 2016 τας
352 1969 388 2009 δὲ
414 1970 510 2010 δεινὰ
540 1972 736 2024 περιμένει.
775 1975 829 2010 Ex
861 1974 920 2011 his
953 1975 1049 2011 locis
1075 1975 1325 2026 intelligimus

263 2034 447 2070 scelerum
481 2035 717 2083 expiationes
754 2035 804 2072 ad
837 2035 1050 2085 Orphicam
1082 2035 1323 2085 disciplinam

261 2094 488 2141 pertinuisse
508 2094 713 2143 multaquae
735 2102 920 2145 praeterea
942 2096 1112 2132 carmina
1139 2096 1268 2132 Musaei
1288 2104 1326 2133 et

261 2152 406 2202 Orphei
422 2153 644 2190 nominibus
663 2155 846 2204 inscripta
866 2154 1034 2191 Platonis
1051 2162 1226 2204 tempore
1244 2154 1323 2203 jam

260 2212 411 2261 vulgata
431 2211 558 2258 fuisse,
582 2211 649 2248 sed
669 2213 763 2261 quid
782 2214 861 2262 ipse
879 2213 926 2249 de
946 2226 1079 2250 eorum
1100 2215 1325 2252 auctoribus

258 2271 417 2306 senserit
431 2283 510 2307 non
524 2279 694 2321 apparet.
716 2274 767 2309 At
784 2272 844 2308 bis
863 2273 1061 2322 Orpheum
1077 2273 1170 2309 citat
1183 2280 1226 2310 ut
1243 2272 1322 2311 Ho-

260 2342 407 2366 merum
425 2330 594 2380 aliosque
607 2338 741 2380 poetas
764 2332 881 2369 citare
899 2334 994 2369 solet
1013 2343 1021 2369 t
1041 2333 1187 2370 Phileb.
1208 2346 1252 2383 p.
1272 2333 1322 2370 66

258 2389 288 2428 C
315 2401 324 2427 τ
353 2388 436 2440 ἕκτῃ
461 2389 490 2427 δ’
514 2391 549 2428 ἐν
581 2394 700 2443 γενεᾷ,
731 2389 836 2443 φησὶν
870 2390 1035 2445 Ὀρφεύς,
1063 2391 1322 2431 καταπαύσατε

258 2447 390 2499 κόσμον
412 2449 530 2495 ἀοιδῆς
565 2458 602 2488 et
616 2451 756 2500 Cratyl.
772 2464 815 2500 p.
849 2454 925 2494 402
943 2464 952 2488 :
984 2448 1091 2502 Λέγει
1112 2449 1150 2488 δέ
1170 2465 1237 2489 που
1259 2450 1320 2488 καὶ

258 2506 407 2560 Ὀρφεὺς
440 2506 510 2545 ὅτι·
534 2507 708 2553 Ὠκεανὸς
735 2511 872 2562 πρῶτος
899 2508 1107 2563 καλλίῤῥοος
1131 2503 1214 2562 ἦρξε
1250 2507 1320 2561 γά-

259 2581 355 2616 μοιο,
377 2566 446 2610 ’Ός
476 2568 520 2620 ῥα
541 2567 758 2618 κασιγνήτην
792 2569 1001 2622 ὁμομήτορα
1033 2567 1149 2617 Τηθὺν
1186 2567 1320 2607 ὄπυιεν.

298 2709 365 2750 (10)
381 2710 540 2741 Gesnerus
553 2709 695 2750 Prolegg.
715 2718 746 2750 p.
764 2711 899 2742 XLVIII
913 2710 965 2742 ed.
982 2712 1158 2743 Hermann.
1174 2719 1182 2741 ε
1200 2722 1214 2738 «
1229 2712 1316 2742 Inle-

256 2767 310 2791 rea
323 2757 419 2790 fidem
443 2765 480 2789 ea
502 2757 533 2788 in
558 2765 590 2788 re
607 2757 726 2788 haberi⁸
740 2757 819 2788 mihi
838 2758 1001 2797 postulare
1027 2757 1139 2789 videor
1156 2766 1262 2799 posse,
1281 2759 1317 2790 ut

253 2809 285 2838 et
305 2805 337 2836 iu
357 2803 412 2835 illo
429 2803 517 2845 quod
537 2803 676 2845 affirmo,
701 2803 859 2837 nihildum
879 2813 950 2837 esse
971 2805 1003 2837 in
1021 2805 1071 2837 liis
1090 2805 1204 2838 libellis
1225 2814 1243 2837 a
1264 2815 1316 2838 me

254 2851 537 2892 animadversum,
564 2851 652 2892 quod
680 2854 835 2893 repugnet
864 2851 929 2884 illis
956 2853 1171 2894 temporibus,
1197 2853 1317 2895 quibus

256 2899 352 2931 tuisse
368 2897 487 2930 dicitur
503 2898 659 2931 Thracius
678 2898 732 2931 ille
755 2899 918 2941 Orpbeus,
943 2900 998 2941 qui
1018 2900 1050 2932 in
1070 2901 1221 2933 omnibus
1241 2903 1315 2934 tan-

254 2954 352 2987 quam
378 2954 397 2979 e
414 2954 473 2978 sua
498 2954 632 2987 persona
658 2945 796 2986 loquens
823 2946 1062 2987 introducitur;
1083 2956 1148 2979 non
1174 2948 1315 2988 urbium,

253 3001 317 3025 non
334 2992 505 3025 hominum
527 2992 670 3034 nomina,
690 3002 754 3025 non
770 2994 990 3034 inventorum,
1010 2998 1066 3026 aut
1080 2994 1314 3037 cujuscumque

253 3041 297 3072 rei
323 3039 463 3080 denique
479 3039 688 3080 mentionem,
716 3049 815 3082 quam
843 3041 1054 3074 recentiorem
1077 3050 1145 3074 esse
1168 3043 1315 3084 Trojanis

251 3087 468 3130 temporibus,
491 3087 706 3120 demonstrari
729 3091 838 3129 queat.
862 3101 880 3117 υ
903 3106 944 3112 -
966 3089 1181 3122 Ruhnkenins
1208 3090 1312 3132 Epist.

254 3136 324 3168 vrit.
345 3136 379 3168 11
404 3143 438 3177 p.
452 3139 493 3168 69
512 3147 522 3167 ι
544 3148 559 3163 «ι
588 3135 651 3173 Qui
673 3136 890 3176 Argonautica
911 3136 1041 3177 Orpheo
1071 3136 1221 3178 subjecit,
1246 3138 1314 3170 sive

253 3182 484 3216 Onomacritus
502 3182 611 3222 fuerit,
638 3182 708 3215 sive
729 3183 824 3224 alius,
842 3183 977 3225 scriptor
998 3184 1085 3216 certe
1109 3193 1181 3216 meo
1195 3185 1314 3225 judicio

250 3233 300 3264 est
316 3230 570 3264 vetustissimus.
596 3232 678 3263 Nam
698 3239 738 3262 ne
761 3231 864 3263 ullum
883 3231 1014 3273 quidem
1033 3231 1218 3264 recentioris
1233 3235 1313 3266 aeta-

250 3279 292 3310 tis
309 3278 499 3319 vestigium,
528 3278 679 3319 quamvis
707 3278 877 3318 diligenter
905 3278 1049 3311 animum
1073 3279 1238 3320 attendas,
1257 3289 1314 3320 per

251 3329 356 3358 lotum
376 3333 488 3366 poema
507 3325 646 3366 reperias
662 3334 669 3355 :
684 3328 796 3356 contra
815 3326 906 3366 plura
928 3326 1072 3366 egregia,
1097 3326 1129 3358 et
1149 3334 1224 3367 quae
1245 3327 1311 3368 pri-

250 3382 341 3406 scum
360 3381 467 3405 aevum
484 3372 621 3411 sapiant.
639 3372 743 3404 Dictio
762 3372 827 3405 sere
841 3375 890 3405 est
905 3373 1086 3411 Homerica.
1107 3386 1122 3402 n

295 3420 364 3462 (11)
385 3421 563 3453 Hermann.
579 3420 712 3452 Dissert.
733 3419 775 3452 de
788 3422 884 3452 aetate
900 3421 1065 3462 scriptoris
1082 3422 1311 3462 Argonautico-

251 3478 335 3508 rum,
360 3477 432 3510 pag.
459 3471 519 3502 675
548 3475 639 3509 seqq.
661 3468 711 3500 Cf.
733 3468 869 3501 Tliomae
899 3468 1074 3509 Tyrwliitti
1099 3469 1248 3501 Praefatio
1271 3469 1309 3501 ad

247 3515 385 3549 Lithica.

292 3563 358 3604 (12)
380 3562 559 3596 Lobeckius
575 3561 784 3605 Aglaopliam.
805 3564 818 3596 1
842 3571 912 3605 pag.
939 3566 1000 3598 362
1017 3577 1025 3597 ε
1046 3578 1061 3593 «
1077 3564 1308 3608 Ἀργοναυτικοί.

1201 275 1270 315 DE
1309 274 1532 314 ORPHEO.

1402 365 1502 412 Ergo
1521 362 1604 410 jam
1630 362 1839 413 antiquitus
1863 363 1962 399 inter
1995 362 2246 413 peritissimos
2277 363 2382 401 viros
2415 364 2462 402 de

1398 429 1741 459 monumentorum
1765 422 2026 472 Orphicorum
2059 423 2291 460 auctoritate
2316 436 2462 462 summa

1398 481 1581 518 dissensio
1604 481 1690 519 fuit.
1711 481 1899 519 Caeterum
1922 482 2201 532 posterioribus
2221 482 2364 520 saeculis
2382 484 2460 522 Or-

1396 540 1600 590 phicorum
1618 547 1840 590 poematum
1861 553 2084 588 numerum,
2102 554 2268 591 quorum
2287 542 2464 592 frequens

1397 599 1440 636 fit
1456 602 1601 637 mentio
1618 600 1722 650 apud
1741 602 1947 651 scriptores
1973 602 2248 639 ecclesiasticos
2260 630 2271 650 ,
2291 604 2462 654 Neopla-

1398 660 1565 706 tonicos,
1585 660 1801 696 scholiastas
1813 673 1934 710 usque
1951 660 2001 697 ad
2024 662 2054 697 T
2056 669 2197 698 zetzem
2223 669 2339 710 atque
2357 657 2463 712 apud

1397 719 1500 769 ipsos
1521 731 1653 756 rerum
1684 720 1980 768 Byzantinarum
2010 722 2339 770 pronuntiatores,
2369 723 2462 759 insi-

1398 779 1524 828 gniter
1545 786 1700 816 auctum
1721 792 1799 817 esse
1814 780 1951 829 liquet.
1974 781 2020 817 In
2034 781 2106 818 hac
2127 788 2231 818 tanta
2248 782 2461 819 carminum
2505 779 2507 781 ’

1398 840 1510 889 copia
1531 846 1569 876 et
1580 840 1766 877 varietate
1786 839 1881 889 quid
1901 846 2130 877 vetustatem
2148 840 2344 888 redoleat,
2366 841 2462 891 quid

1396 899 1469 947 piae
1499 900 1716 948 primorum
1750 899 2054 937 Christianorum
2095 899 2223 937 fraudi
2259 900 2460 949 debeatur,

1397 958 1492 1007 quid
1508 958 1639 996 infima
1659 966 1768 996 aetate
1786 958 1993 996 confictum
2009 960 2070 1009 sit,
2088 958 2245 997 difficile
2260 960 2365 998 dictu
2380 968 2435 999 est
2448 989 2459 1008 ‚

1396 1018 1587 1067 siquidem
1604 1019 1783 1068 plerique
1802 1031 1956 1069 versus,
1976 1020 2148 1068 exceptis
2176 1020 2223 1056 iis
2240 1020 2306 1069 qui
2334 1019 2461 1058 libra-

1396 1080 1545 1117 riorum
1567 1081 1682 1130 culpa
1715 1080 1875 1118 mendas
1909 1087 2122 1128 traxerunt,
2149 1081 2232 1118 sine
2249 1081 2462 1120 offensione

1395 1139 1578 1190 leguntur
1603 1153 1786 1190 puroque
1822 1147 1861 1177 et
1897 1141 2063 1190 simplici
2091 1152 2267 1178 sermone
2295 1141 2463 1191 insignes

1396 1207 1496 1236 sunt.
1518 1201 1784 1249 Reperiuntur
1807 1207 1935 1236 tamen
1954 1200 2019 1237 hic
2038 1201 2116 1237 illic
2149 1200 2294 1237 fraudis
2319 1200 2460 1239 indicia

1394 1259 1633 1309 maculaeque
1654 1259 1793 1308 quibus
1812 1260 1998 1296 sermonis
2007 1259 2112 1295 nitor
2124 1259 2336 1296 infuscatur
2345 1266 2462 1310 atque

1395 1318 1492 1354 adeo
1506 1318 1668 1355 labentis
1688 1319 1892 1368 graecitatis
1913 1319 2085 1368 vestigia.
2107 1319 2208 1356 Hinc
2233 1323 2366 1356 nostra
2383 1331 2460 1369 pa-

1394 1384 1574 1426 trumque
1602 1378 1792 1415 memoria
1821 1378 1862 1414 in
1883 1377 2052 1415 diversas
2081 1385 2211 1428 partes
2239 1379 2313 1416 viri
2348 1379 2456 1417 docti

1393 1437 1667 1484 discesserunt,
1697 1438 1761 1474 alii
1788 1438 2069 1487 Argonautica,
2100 1438 2269 1485 Lithica,
2295 1439 2459 1488 hymnos

1393 1504 1608 1546 caeteraque
1628 1497 1839 1547 fragmenta
1858 1509 1942 1546 quae
1957 1496 2074 1534 hodie
2096 1497 2243 1547 Orphei
2259 1510 2403 1536 nomen
2418 1499 2458 1536 in

1392 1558 1517 1596 fronte
1537 1565 1675 1608 gerunt
1703 1564 1790 1595 ante
1812 1556 2025 1595 Homerum
2053 1558 2265 1607 composita
2293 1565 2409 1608 atque
2437 1572 2460 1597 e

1389 1619 1522 1667 priscis
1544 1619 1767 1657 Graecorum
1792 1618 1968 1655 sacrariis
1982 1617 2139 1667 prolata
2158 1629 2236 1654 esse
2256 1619 2330 1654 rati
2359 1618 2456 1670 (10),

1390 1678 1453 1714 alii
1472 1686 1612 1727 praeter
1629 1677 1840 1714 versiculos
1857 1689 1880 1713 a
1904 1677 2069 1716 Platone
2097 1684 2134 1714 et
2153 1677 2360 1714 Aristotele
2375 1690 2457 1716 ser·

1389 1744 1496 1774 vatos
1508 1738 1710 1787 plerasque
1724 1737 1958 1786 scriptorum
1979 1736 2238 1786 Orphicorum
2255 1736 2454 1787 reliquias,

1390 1797 1577 1846 imprimis
1598 1795 1746 1844 majora
1778 1797 1950 1833 carmina
1974 1802 2065 1845 post
2096 1795 2289 1834 Christum
2320 1803 2455 1833 natum

1390 1857 1547 1893 condita
1570 1869 1649 1894 esse
1665 1857 1839 1893 arbitrati
1852 1854 1866 1907 ζ
1875 1856 1948 1906 11).
1966 1857 2141 1894 Fuerunt
2166 1857 2280 1893 etiam
2301 1856 2370 1906 qui
2397 1857 2455 1894 rei

1389 1915 1616 1953 difficultate
1668 1916 1737 1953 diu
1783 1917 1970 1965 pensitata
2017 1915 2089 1952 sibi
2136 1916 2285 1964 liquere
2331 1927 2454 1967 nega-

1386 1984 1472 2013 rent
1491 1975 1584 2028 (12).

1441 2038 1459 2073 J
1466 2049 1527 2072 am
1545 2036 1594 2073 de
1606 2035 1819 2085 majoribus
1847 2035 1922 2072 illis
1945 2035 2180 2072 carminibus
2201 2034 2386 2073 disserere
2404 2035 2453 2073 ab

1386 2096 1462 2132 hoc
1487 2096 1574 2133 loco
1596 2097 1764 2133 alienum
1793 2095 1960 2143 videtur,
1981 2096 2030 2133 de
2068 2096 2291 2147 fragmentis
2324 2103 2452 2134 autem

1387 2169 1471 2204 quae
1491 2157 1629 2206 partim
1648 2155 1698 2192 ad
1715 2168 1846 2192 rerum
1870 2163 2014 2202 ortum,
2046 2156 2096 2193 ad
2114 2167 2315 2193 sacrorum
2333 2157 2449 2206 ritus,

1387 2216 1435 2252 ad
1456 2215 1619 2252 deorum
1637 2215 1887 2264 majestatem,
1913 2215 1963 2252 ad
1986 2215 2262 2266 agriculturam
2283 2216 2452 2266 aliasque

1385 2288 1444 2312 res
1463 2283 1640 2326 spectant
1660 2276 1818 2312 uberius
1838 2275 2031 2325 disputare
2057 2275 2155 2313 nihil
2186 2277 2338 2325 attinet,
2361 2276 2451 2326 quia

1384 2337 1425 2374 id
1443 2337 1550 2386 quod
1574 2338 1614 2373 i'n
1633 2336 1699 2373 tali
1719 2336 1929 2384 quaestione
1949 2335 2111 2371 maxime
2139 2336 2285 2384 petitur
2313 2347 2454 2373 conse-

1386 2397 1453 2445 qui
1467 2409 1545 2433 non
1560 2397 1663 2443 licet,
1678 2395 1750 2431 nisi
1762 2395 1935 2431 omnium
1948 2401 2172 2443 poematum
2185 2394 2446 2444 Orphicorum

1384 2457 1484 2493 ratio
1503 2456 1706 2493 habeatur.
1727 2453 1804 2492 Sed
1817 2453 1932 2502 hujus
1953 2455 2168 2504 argumenti
2183 2453 2449 2492 difficultatem

1384 2528 1498 2552 nemo
1516 2529 1595 2551 non
1620 2515 1818 2564 intelliget,
1838 2521 2043 2564 postquam
2074 2514 2170 2563 quid
2201 2515 2341 2565 singuli
2365 2515 2448 2552 fra-

1385 2577 1626 2619 gmentorum
1649 2569 1816 2605 editores
1834 2569 2081 2617 praestiterint
2101 2581 2334 2618 exposuero.

1380 2710 1572 2752 Hujusmodi
1584 2719 1713 2743 carmen
1725 2709 1765 2742 ab
1777 2709 1906 2751 Orpheo
1914 2710 2080 2742 conditum
2098 2718 2170 2742 esse
2186 2709 2347 2749 ignoravit
2357 2710 2448 2743 certe

1377 2759 1592 2800 Pherecydes,
1609 2759 1664 2800 qui
1687 2759 1813 2799 poetam
1832 2758 1964 2790 omnino
1982 2758 2245 2798 Argonautarum
2268 2757 2446 2798 expeditio-

1376 2809 1407 2840 ni
1426 2808 1610 2840 interfuisse
1632 2807 1772 2847 negavit.
1794 2806 1900 2839 Schol.
1925 2805 2030 2846 Apoll.
2055 2807 2079 2845 Ι,
2102 2809 2142 2837 23
2168 2805 2370 2846 εΦερεκύδης
2386 2807 2445 2838 Φι·

1376 2854 1533 2896 λάμμωνά
1550 2866 1624 2895 φησι
1638 2855 1691 2886 καὶ
1709 2853 1767 2886 οὐκ
1779 2854 1899 2895 Ὀρφέα
1912 2852 2200 2894 συμπεπλευκέναι.
2216 2853 2263 2884 De
2278 2854 2444 2892 Argonau-

1376 2902 1448 2935 ticis
1459 2910 1532 2943 quae
1550 2901 1645 2933 hodie
1662 2902 1785 2932 restant
1803 2901 1891 2932 varia
1904 2903 1978 2933 sunt
1993 2900 2152 2940 longeque
2168 2899 2294 2931 dissona
2307 2898 2442 2931 Valcke-

1376 2948 1469 2991 naril,
1484 2948 1732 2987 Hemstvrhusii,
1754 2947 1952 2986 Ruhnkenii,
1969 2945 2148 2979 Her-manni
2165 2949 2197 2978 et
2212 2947 2245 2979 J.
2269 2947 2311 2978 H.
2334 2946 2442 2979 vossii

1373 2997 1493 3038 judicia
1512 3005 1615 3038 nuper
1632 2995 1673 3027 ab
1689 2995 1831 3028 Uckerto
1851 2995 2021 3028 recollecta
2038 2995 2068 3026 in
2085 2994 2267 3034 Geograph.
2289 2995 2394 3026 Graec.
2409 2997 2442 3026 et

1375 3047 1470 3077 Rom.
1490 3044 1506 3078 t
1526 3046 1554 3086 Ι,
1566 3043 1647 3085 part.
1663 3044 1706 3083 II,
1718 3051 1749 3084 p.
1761 3044 1835 3076 334.
1846 3044 1958 3084 Neque
1971 3041 2106 3074 arbitror
2117 3045 2172 3073 aut
2186 3040 2284 3081 hujus
2294 3039 2444 3074 autalizis

1375 3092 1541 3134 scriptoris
1549 3093 1679 3124 aetatem
1690 3089 1914 3131 planeliquido
1930 3089 2087 3131 explorari
2104 3097 2211 3130 posse,
2225 3088 2286 3120 nisi
2296 3089 2442 3130 syntaxis

1374 3148 1489 3180 graecae
1500 3140 1532 3172 et
1542 3139 1740 3179 singularum
1754 3137 1909 3170 orationis
1918 3137 2058 3179 partium
2074 3136 2226 3168 usus'non
2238 3137 2439 3177 summatim,

1374 3191 1411 3219 ut
1437 3195 1539 3227 nunc,
1567 3186 1622 3219 sed
1646 3186 1750 3218 multo
1773 3185 1931 3218 minutius
1953 3186 1986 3218 et
2005 3184 2226 3226 scrupulosius
2250 3193 2290 3216 ex
2306 3183 2440 3226 singulis

1374 3234 1586 3276 scriptoribus
1606 3233 1803 3274 evestigatns
1820 3232 1930 3264 fuerit.
1961 3234 2066 3270 Quam
2093 3232 2173 3264 artis
2193 3232 2315 3264 nostrae
2333 3231 2439 3272 perfe-

1374 3283 1513 3314 ctionem
1544 3281 1654 3323 procul
1681 3281 1712 3312 in
1737 3280 1864 3313 excelso
1883 3280 1977 3312 sitam
1997 3289 2099 3321 quum
2119 3288 2175 3321 spe
2200 3280 2233 3312 et
2247 3278 2441 3319 cogitatione

1375 3339 1551 3371 praesumo,
1568 3329 1653 3361 beati
1666 3328 1743 3360 mihi
1758 3327 1909 3360 videntur
1921 3327 2112 3368 mythologi,
2129 3326 2183 3368 qui
2199 3326 2303 3368 primo
2315 3326 2439 3359 tenuis-

1374 3377 1466 3408 simae
1495 3375 1655 3416 cujusque
1686 3374 1804 3407 fabulae
1833 3373 1987 3415 adspectu
2009 3375 2118 3406 statim
2146 3373 2307 3414 judicant,
2325 3374 2436 3405 utrum

1376 3424 1505 3456 Homeri
1520 3428 1559 3455 an
1571 3423 1690 3464 Orphei
1705 3431 1743 3454 an
1762 3422 1922 3455 Phoronei
1935 3421 2136 3463 temporibus
2150 3423 2224 3453 nata
2236 3421 2288 3461 sit,
2308 3420 2438 3454 merito·

1374 3479 1436 3512 que
1467 3470 1650 3512 despiciunt
1682 3469 1868 3501 criticorum
1908 3469 2020 3503 tricas.
2046 3469 2100 3510 qui
2138 3469 2170 3500 in
2204 3467 2433 3501 constituenda

1373 3517 1526 3550 carminis
1554 3516 1742 3559 amplissimi
1774 3519 1871 3549 aetate
1900 3525 1955 3549 sex
1983 3516 2067 3548 inter
2096 3524 2130 3548 se
2156 3515 2272 3548 seculis
2306 3514 2429 3548 discre-

1379 3567 1466 3607 pant.
1493 3578 1508 3594 n
