2612 3814
317 223 390 257 272

995 209 1268 253 PRAEFATlO
1298 208 1367 248 AD
1397 204 1738 246 ARlSTO'l'ELlS

303 313 471 363 ejusdcm
491 309 617 348 laudis
629 308 798 346 studium
816 306 1000 344 excitatus
1016 305 1116 341 hunc
1136 303 1232 339 sicut
1249 308 1357 338 caete·
1416 298 1532 346 hujus
1565 296 1790 346 depravatio
1820 295 1905 332 tolli
1929 308 2008 332 non
2032 301 2178 345 posset,
2207 294 2402 332 interdurn
2427 297 2477 334 ad

305 386 370 410 ros
403 382 560 419 omnes,
588 367 724 419 quide
759 366 895 404 eodem
926 363 1136 402 Aristotelis
1162 362 1357 398 volumine

305 431 581 475 disseruerant,
613 427 792 464 doctrina
812 433 851 462 et
876 424 1029 475 ingenio
1051 423 1163 467 vicit,
1194 432 1357 469 compo-

304 491 375 526 sito
397 490 434 526 in
453 489 623 539 priorem
651 486 770 523 libelli
793 492 963 535 partem,
987 494 1101 531 quam
1138 480 1187 517 de
1206 479 1356 515 Melisso

304 563 382 587 esse
412 549 562 599 primus
592 544 886 589 demonstravit,
920 543 1007 578 satis
1036 546 1215 577 accurato
1247 550 1356 574 com-

304 609 492 646 mentario
512 605 578 659 (2).
603 607 653 643 At
678 602 803 640 fraudi
824 601 946 638 fuerat
970 598 1193 648 Spaldingio
1215 596 1356 634 Olearii

307 667 540 718 negligentia
576 677 660 714 quae
695 662 849 711 cognita
883 667 955 706 est,
984 665 1189 708 postquam
1216 656 1353 694 Christ.

305 728 403 765 Dan.
423 725 583 762 Beckius
597 734 749 760 omnem
760 719 932 758 lectionis
944 718 1163 754 varietatem
1181 728 1201 752 e
1216 715 1357 752 Codice

308 784 497 835 Lipsiensi
527 783 730 832 diligenter
751 778 920 816 enotavit
950 774 1019 826 (3).
1049 777 1144 813 Nam
1167 774 1240 811 levi
1269 774 1356 810 bra·

307 844 395 881 chio
416 850 543 880 actum
571 853 648 878 esse
666 838 859 888 negotium
887 836 935 872 ab
953 835 1106 871 Oleario
1127 839 1208 869 tum
1235 833 1357 869 mani-

307 903 402 940 festo
442 901 639 951 apparuit,
677 910 793 947 quum
828 902 865 932 et
897 906 940 931 ea
967 906 1050 944 quae
1083 893 1123 929 in
1151 892 1357 941 exemplari

307 961 495 1011 Lipsiensi
530 972 609 995 non
639 958 828 1007 leguntur,
857 954 904 990 ab
926 965 972 990 eo
999 952 1183 989 adnotata
1203 958 1239 987 et
1255 952 1356 987 scri-

305 1028 437 1070 pturas
464 1019 625 1055 maxime
645 1014 934 1058 memorabiles,
959 1012 1097 1061 quibus
1125 1012 1190 1048 ille
1211 1010 1310 1048 liber
1335 1024 1356 1048 a

307 1078 463 1127 reliquis
482 1075 679 1113 codicibus
699 1086 815 1110 manu
833 1072 994 1108 exaratis
1020 1070 1227 1120 discrepat,
1241 1071 1354 1107 silen-

305 1139 360 1174 tio
390 1136 600 1186 praeteritas
620 1145 698 1170 esse
727 1138 932 1170 constaret.
955 1130 1030 1168 Sed
1061 1131 1162 1166 miro
1189 1129 1357 1179 quodam

304 1195 467 1232 fortunae
488 1194 658 1231 ludibrio
681 1192 840 1238 accidit,
858 1197 902 1227 ut
928 1189 1058 1228 Beckii
1084 1191 1358 1226 commentatio

305 1256 345 1292 in
360 1266 573 1306 paucorum
589 1254 787 1290 hominurn
805 1262 938 1288 manus
955 1251 1192 1300 perveniret,
1211 1257 1255 1286 ut
1275 1263 1358 1299 quae

305 1322 427 1353 essent
447 1314 526 1363 ejus
557 1315 596 1350 in
617 1314 721 1349 hunc
750 1311 936 1360 Stagiritae
966 1309 1138 1346 libellum
1166 1311 1301 1347 merita
1338 1322 1360 1346 a

306 1374 500 1424 plerisque
535 1371 775 1410 eruditorum
812 1371 1068 1420 ignoraretur.
1099 1369 1234 1418 ltaque
1266 1369 1356 1408 Chr.

307 1436 408 1483 Aug.
431 1430 651 1469 Brandisius
664 1431 702 1466 in
721 1428 1116 1467 Commentationibus
1130 1429 1307 1466 Eleaticis
1324 1436 1362 1465 et

305 1493 437 1530 Simon
460 1491 684 1528 Karstenius
707 1490 747 1526 in
770 1487 926 1526 edendis
954 1488 1206 1538 Xenophanis
1223 1489 1360 1525 carmi-

305 1565 399 1589 num
429 1551 600 1601 reliquiis
628 1557 666 1587 et
697 1550 814 1588 Henr.
849 1547 921 1587 Ed.
947 1549 1096 1586 Fossius
1122 1548 1163 1584 in
1189 1547 1360 1597 disputa-

306 1612 409 1647 tione
435 1610 482 1647 de
501 1610 641 1660 Gorgia
670 1609 880 1655 Leontino,
916 1608 989 1645 viri
1012 1620 1091 1645 non
1111 1608 1239 1645 minus
1267 1620 1355 1645 eru-

306 1670 461 1707 ditionis
487 1669 585 1706 fama
612 1666 815 1715 florentes,
843 1681 958 1718 quam
980 1666 1120 1715 judicii
1147 1667 1356 1706 subtilitate

306 1729 516 1778 conspicui,
531 1727 704 1777 quamvis
718 1734 846 1776 partes
864 1726 1049 1776 quasdam
1062 1725 1176 1774 hujus
1187 1728 1361 1776 opusculi

306 1796 371 1824 aut
390 1788 559 1838 singulos
579 1788 687 1825 locos
706 1788 761 1824 ita
790 1788 1054 1833 tractaverint,
1069 1794 1113 1824 ut
1132 1788 1251 1825 multa
1269 1800 1360 1826 vere

306 1847 526 1884 emendasse
562 1847 741 1885 censendi
783 1848 857 1884 sint
872 1877 882 1894 ‚
919 1859 1179 1897 saepenumero
1231 1854 1358 1884 tamen

307 1906 450 1943 Olearii
487 1906 727 1957 indiligentia
755 1906 905 1957 decepti
936 1919 957 1943 a
990 1919 1082 1943 vero
1118 1906 1357 1944 aberrarunt.

306 1966 382 2013 Qui
399 1966 429 2002 si
448 1965 579 2003 Beckii
598 1965 901 2003 dissertationem
919 1965 1194 2002 consuluissent
1206 1995 1216 2013 ,
1238 1966 1361 2003 multo

307 2024 446 2060 rectius
462 2025 510 2061 de
527 2024 702 2074 plurimis
720 2024 814 2061 locis
833 2023 1041 2072 judicaturi
1059 2031 1181 2061 erant.
1203 2023 1362 2062 Postre-

305 2095 390 2120 mus
418 2082 545 2120 editor
570 2083 643 2120 fuit
673 2084 889 2120 Immanuel
921 2083 1129 2132 Bekkerus,
1163 2085 1230 2133 qui
1258 2096 1360 2121 anuo

311 2141 408 2179 1831
435 2132 612 2192 auspiciis
628 2143 842 2180 Academiae
857 2144 973 2194 regiae
999 2144 1207 2182 Borussicae
1234 2146 1362 2182 omnia

307 2202 521 2238 Aristotel-is
557 2214 676 2251 opera
708 2202 757 2239 ad
790 2202 972 2239 codicum
1013 2203 1362 2252 manuscriptorum

308 2259 424 2298 fidem
439 2262 625 2298 recensita
641 2261 825 2311 vulgavit.
858 2263 933 2310 Qui
949 2274 1070 2311 quum
1089 2262 1169 2299 otio
1187 2261 1363 2300 afflueret

308 2319 563 2368 pluribusque
594 2332 708 2369 quam
739 2321 941 2370 quisquam
976 2321 1072 2357 alius
1106 2321 1283 2359 subsidiis
1312 2323 1363 2359 ad

310 2390 392 2415 rem
410 2378 507 2416 bene
541 2379 748 2428 gerendam
778 2380 983 2417 instructus
1007 2381 1244 2432 accessisset,
1279 2394 1364 2432 spes

312 2444 393 2473 erat
413 2437 491 2474 fore
510 2445 553 2474 ut
574 2438 726 2475 tandem
754 2438 962 2487 aliquando
987 2440 1206 2490 philosophi
1224 2442 1364 2491 scripta

312 2496 386 2531 viri
410 2508 531 2545 graece
555 2496 762 2534 doctissimi
781 2497 907 2534 studio
929 2499 1121 2548 perpolita
1143 2499 1360 2549 prodirent.

313 2553 384 2591 Cui
416 2556 686 2604 exspectationi
721 2563 878 2593 eventus
910 2558 941 2593 si
971 2570 1052 2594 non
1081 2559 1210 2607 omni,
1236 2560 1363 2609 aliqua

315 2619 438 2650 tamen
455 2625 502 2650 ex
514 2622 625 2663 parte
640 2615 852 2665 respondit.
866 2615 946 2653 Etsi
963 2618 1064 2654 enim
1078 2618 1142 2655 ille
1155 2630 1363 2669 graecarum

313 2672 528 2709 litterarum
549 2674 702 2711 antistes
721 2675 762 2710 in
782 2674 1006 2713 difficillimo
1034 2678 1221 2727 scriptore
1245 2680 1364 2717 multa

317 2731 484 2768 aliorum
513 2730 674 2781 ingeniis
697 2734 919 2772 illustranda
945 2743 982 2772 et
1007 2737 1244 2775 emendanda
1274 2740 1364 2776 reli·

315 2790 416 2838 quit,
432 2789 473 2826 id
487 2796 611 2826 tamen
628 2790 706 2839 ejus
723 2804 839 2842 opera
851 2797 1044 2831 consecuti
1058 2809 1202 2843 sumus,
1214 2804 1256 2834 ut
1270 2799 1365 2847 quid

314 2848 355 2883 in
373 2849 566 2897 plerisque
586 2850 815 2888 membranis
839 2852 1004 2903 legatur,
1028 2857 1240 2893 certissimo
1261 2869 1365 2895 nunc

317 2907 532 2944 testimonio
556 2915 713 2947 constet.
735 2912 785 2946 At
806 2911 846 2946 in
864 2912 944 2948 aliis
961 2912 1069 2950 libris
1085 2916 1304 2963 secundam,
1325 2918 1364 2953 in

315 2965 389 3002 hoc
399 2965 595 3003 adversam
610 2974 788 3017 expertus
801 2976 855 3006 est
866 2969 1074 3011 fortunam.
1085 2974 1232 3010 Etenim
1245 2989 1364 3024 quum

315 3025 536 3062 vitiatorum
553 3038 650 3075 quos
663 3028 878 3065 contulerat
890 3030 1068 3067 codicum
1089 3034 1229 3070 auxilio
1246 3035 1366 3072 libelli

1418 357 1558 395 Olearii
1580 355 1849 392 auctoritatem
1865 367 1905 392 se
1919 355 2107 406 applicuit
2127 361 2166 391 et
2183 354 2415 393 lectionibus
2429 356 2478 393 ab

1419 429 1464 453 eo
1483 414 1706 452 memoratis
1719 426 1843 464 pauca
1857 414 2028 451 correxit
2042 441 2053 460 ‚
2068 413 2202 463 saepius
2222 419 2349 450 autem
2371 416 2479 464 quasi

1419 476 1467 514 de
1485 475 1653 512 hominis
1669 472 1745 512 fide
1767 473 1966 512 dubitaret
1984 474 2183 524 scripturis
2202 485 2297 523 quas
2314 473 2379 511 ille
2406 486 2478 511 no·

1421 541 1563 572 taverat
1584 534 1770 571 abstinuit
1782 540 1820 571 et
1839 533 2051 584 repudiatis
2076 532 2284 570 doctorum
2302 533 2479 571 virorum

1418 594 1649 644 conjecturis
1668 594 1895 644 abjectaque
1917 594 1999 631 veri
2018 592 2240 630 inveniendi
2260 605 2328 643 spe
2355 594 2479 632 mani-

1418 654 1510 692 festa
1549 654 1731 692 codicum
1766 652 1906 691 menda
1943 653 2109 702 repetiit.
2152 650 2254 702 Ergo
2291 652 2352 690 vel
2389 662 2481 704 post

1418 715 1637 752 Bekkerum
1663 727 1724 751 res
1750 714 1899 764 integra
1928 713 2015 750 fuit.
2050 712 2314 761 Quamobrem
2353 726 2481 765 nuper

1418 776 1447 811 T
1452 773 1572 814 heod.
1606 773 1793 823 Bergkius
1821 773 2030 810 nonnullos
2049 772 2272 810 Aristotelei
2301 774 2480 823 opusculi

1418 834 1524 870 locos
1552 831 1651 869 facili
1675 832 1833 882 negotio
1860 832 2000 881 partim
2028 831 2173 868 codicis
2202 831 2433 871 lectionibus
2458 846 2481 871 e

1418 892 1547 929 Beckii
1573 892 1900 929 commentatione
1926 890 2140 940 depromtis
2166 891 2309 941 partim
2339 891 2480 930 eximia

1417 953 1557 989 mentis
1573 953 1773 1002 sagacitate
1801 951 1965 988 restituit
1987 949 2062 1001 (4).
2082 950 2157 987 Sed
2183 951 2406 1001 quicunque
2428 952 2481 990 ad

1417 1011 1484 1048 has
1504 1012 1718 1048 Aristotelis
1734 1011 2012 1061 disputationes
2030 1009 2262 1060 castigandas
2276 1010 2402 1050 studia
2413 1024 2483 1051 sua

1420 1071 1668 1108 contulerant
1697 1070 1744 1108 de
1767 1070 1966 1121 particulis
1998 1069 2230 1119 quibusdam
2255 1069 2346 1108 data
2363 1083 2481 1111 ocea-

1418 1131 1525 1168 sione
1552 1131 1799 1168 commentati
1823 1131 1938 1168 totius
1964 1131 2084 1167 libelli
2113 1131 2305 1168 rationem
2338 1131 2482 1171 habere

1419 1191 1644 1229 noluerant.
1674 1190 1978 1229 Desiderabatur
1992 1189 2071 1238 jam
2089 1189 2211 1227 editio
2225 1219 2237 1242 ‚
2259 1202 2336 1240 qua
2352 1203 2481 1230 emen-

1421 1250 1541 1287 dandi
1565 1250 1678 1288 labor
1703 1250 1751 1287 ab
1776 1251 1860 1287 aliis
1886 1250 2087 1287 inchoatus
2111 1250 2232 1300 magis
2251 1262 2367 1300 quam
2384 1262 2482 1304 per-

1419 1312 1563 1359 fectus,
1585 1310 1716 1361 quoad
1736 1310 1775 1346 in
1794 1308 2015 1359 hujusmodi
2032 1309 2134 1346 libro
2154 1307 2241 1355 fieri
2255 1316 2386 1359 posset
2403 1316 2482 1348 tam

1421 1371 1566 1408 codicis
1586 1370 1791 1421 Lipsiensis
1808 1382 1884 1419 ope
1907 1382 2023 1419 quam
2048 1367 2275 1416 conjectura
2305 1361 2484 1407 absolve·

1422 1438 1531 1468 retur
1549 1443 1594 1468 ae
1611 1431 1723 1467 simul
1747 1429 1991 1480 superiorum
2011 1427 2204 1465 editorum
2223 1429 2379 1466 inventa
2397 1441 2484 1479 quae

1422 1490 1580 1539 quidem
1597 1489 1819 1540 probabilia
1837 1495 1961 1526 essent
1988 1488 2321 1538 consignarentur.
2359 1490 2483 1538 Quam

1420 1549 1663 1599 provinciam
1679 1548 1728 1586 ab
1752 1548 1835 1585 aliis
1853 1548 2068 1598 neglectam
2087 1547 2255 1585 libenter
2272 1549 2482 1598 occupavi,

1420 1614 1463 1644 ut
1486 1607 1642 1644 tandem
1675 1606 1828 1643 facilior
1858 1607 1908 1643 ad
1937 1619 2034 1656 opus
2064 1607 2337 1644 Aristoteleum
2355 1607 2484 1648 aditus

1423 1666 1655 1706 efficeretur.
1685 1668 1770 1715 Qua
1786 1667 1825 1703 in
1844 1679 1886 1704 re
1906 1673 2017 1717 grato
2038 1667 2168 1703 animo
2200 1679 2356 1704 mecum
2383 1680 2484 1718 prae-

1423 1727 1608 1764 dicabunt
1656 1726 1849 1764 bonarum
1880 1727 2020 1763 artium
2064 1726 2227 1763 studiosi
2265 1726 2484 1766 Godofredi

1423 1787 1636 1823 Hermanni
1655 1786 1958 1833 humanitatem,
1989 1787 2057 1836 qui
2083 1787 2317 1825 rarissimam
2351 1788 2484 1827 Beckii

1424 1846 1729 1884 dissertationem
1741 1875 1751 1894 ‚
1774 1859 1890 1896 quam
1908 1846 2051 1883 frustra
2070 1847 2112 1883 in
2131 1847 2300 1885 tabernis
2317 1847 2485 1887 librariis

1424 1906 1671 1955 quaesiveram
1689 1934 1700 1953 ‚
1734 1907 1921 1943 continuo
1950 1905 2000 1943 ad
2018 1918 2082 1944 me
2109 1907 2237 1954 misit,
2257 1907 2485 1959 simulatque

1423 1966 1487 2003 illa
1503 1978 1602 2015 opus
1623 1965 1717 2003 mihi
1731 1978 1810 2003 esse
1828 1979 1899 2015 per
1912 1966 2056 2004 litteras
2075 1967 2109 2004 ei
2125 1965 2351 2017 significavi.

1476 2023 1612 2062 Codex
1640 2026 1848 2075 Lipsiensis
1881 2025 2022 2062 Beckio
2050 2032 2142 2062 teste
2172 2025 2486 2066 membranaceus

1423 2091 1477 2121 est
1507 2096 1551 2122 ac
1586 2084 1688 2122 foliis
1714 2085 1890 2122 trecentis
1910 2085 2049 2134 viginti
2069 2092 2337 2135 sex-constat,
2357 2099 2485 2138 neque

1423 2144 1549 2180 solum
1567 2144 1671 2181 hune
1697 2144 1912 2182 Aristotelis
1932 2144 2108 2181 libellum
2129 2156 2153 2181 a
2175 2144 2244 2182 fola
2269 2158 2348 2196 299
2362 2157 2486 2197 usqne

1424 2203 1474 2240 ad
1496 2203 1572 2241 303
1591 2211 1630 2241 et
1651 2202 1879 2254 Κλεομήδους
1894 2201 2067 2251 κυκλικὴν
2091 2202 2238 2256 θεωρίαν
2258 2217 2281 2243 a
2296 2205 2363 2243 fol.
2387 2205 2485 2245 286-
2544 2242 2550 2259 ι.

1425 2275 1500 2313 297
1520 2262 1655 2301 eadem
1676 2276 1795 2301 manu
1814 2271 2026 2312 exaratam,
2044 2263 2111 2301 sed
2130 2265 2202 2301 alia
2228 2277 2387 2315 quoque
2402 2279 2486 2304 ma-

1423 2335 1536 2373 gnam
1547 2331 1698 2373 partem
1715 2324 1763 2361 ad
1777 2336 1901 2361 sacras
1911 2325 2056 2361 litteras
2069 2325 2282 2374 spectantia
2295 2326 2482 2366 eontinet.

1425 2383 1584 2420 Beckius
1611 2395 1696 2423 eam
1725 2382 1870 2420 codicis
1894 2391 2046 2433 partem
2080 2385 2121 2420 in
2149 2395 2227 2433 qua
2255 2385 2486 2435 opusculum

1423 2444 1695 2481 Aristoteleum
1713 2445 1906 2494 reperitur
1934 2445 2073 2482 saeculo
2096 2446 2211 2482 tertio
2233 2442 2386 2483 decimo
2415 2446 2487 2483 tri-

1423 2502 1519 2541 buit.
1561 2503 1677 2552 Quod
1702 2505 1875 2554 quamvis
1907 2505 1962 2541 ita
1988 2516 2027 2541 se
2045 2504 2186 2542 habeat
2213 2503 2364 2556 (neque
2383 2506 2486 2543 enim

1424 2570 1586 2612 propter
1618 2563 1837 2614 frequentia
1867 2564 2068 2614 scripturae
2107 2563 2361 2614 compendia,
2400 2577 2486 2615 quae

1425 2629 1506 2659 tum
1525 2623 1695 2673 primum
1722 2624 1989 2670 invaluerunt,
2011 2624 2122 2661 aliter
2147 2623 2326 2672 judicare
2341 2623 2455 2676 licet)
2470 2652 2482 2672 ,

1426 2682 1534 2718 illum
1549 2689 1677 2719 tamen
1694 2682 1869 2720 codicem
1891 2695 1912 2720 e
1926 2695 2005 2733 quo
2020 2682 2234 2734 descriptus
2246 2692 2304 2722 est
2312 2685 2487 2735 Lipsien-

1426 2741 1477 2777 sis
1514 2741 1630 2791 longe
1658 2742 1965 2791 antiquissimum
1999 2741 2114 2779 fuisse
2152 2750 2321 2792 oportet.
2363 2745 2487 2781 Tanta

1427 2800 1530 2836 enim
1549 2799 1663 2848 hujus
1683 2801 1897 2851 apographi
1923 2801 2142 2850 praestantia
2161 2808 2237 2848 est,
2254 2808 2300 2838 ut
2318 2801 2486 2851 reliquas

1427 2871 1558 2896 omnes
1592 2859 1833 2896 membranas
1873 2861 2074 2910 scripturae
2111 2861 2270 2897 veritate
2315 2869 2485 2910 superet.

1426 2919 1557 2955 Unum
1589 2917 1714 2964 addo,
1749 2919 1858 2967 quod
1880 2919 2063 2956 Beckium
2087 2920 2205 2969 fugit,
2232 2919 2435 2957 librarium
2464 2933 2487 2958 a

1429 2990 1507 3027 quo
1525 2978 1711 3028 seriptum
1731 2985 1787 3015 est
1806 2978 1881 3016 hoc
1901 2979 2142 3029 exemplum,
2166 2978 2221 3016 ita
2237 2979 2386 3029 vulgari
2407 2980 2486 3017 lin-

1429 3050 1503 3087 gua
1533 3045 1720 3075 assuetum
1742 3038 1875 3084 fuisse,
1897 3045 1941 3075 ut
1960 3039 2060 3075 inter
2091 3038 2337 3075 scribendum
2363 3040 2488 3077 atticis

330 3126 2477 3151 Ἣ

357 3196 404 3237 (2)
426 3199 466 3230 G.
489 3199 525 3230 L.
544 3199 717 3239 Spaldingii
734 3200 890 3233 Vindiciae
914 3202 1175 3245 philosophorum
1194 3208 1366 3248 Megarico-

317 3251 391 3276 rum
423 3244 571 3285 subjecto
597 3247 830 3279 commentario
847 3247 880 3279 iu
907 3249 1044 3289 priorem
1072 3255 1194 3291 partem
1214 3253 1310 3286 libelli
1327 3256 1367 3288 de

318 3291 538 3369 Xeiliophane,
567 3294 695 3325 Zenone
725 3296 758 3326 et
787 3295 916 3336 Gorgia.
952 3297 1114 3337 Berolini,
1147 3301 1307 3334 sumtibus
1326 3307 1362 3336 Α,

319 3338 369 3377 My
386 3337 409 3370 ii
435 3340 523 3371 1793.

360 3385 404 3426 (3)
418 3386 580 3418 solemnia
598 3388 774 3420 Doctorum
789 3388 999 3430 philosophiae
1015 3394 1048 3423 et
1066 3394 1290 3434 magistrorum
1314 3405 1364 3428 ar-

321 3431 399 3464 tium
416 3442 445 3465 a.
466 3433 498 3463 d.
523 3435 595 3466 le
622 3435 713 3466 Febr.
733 3437 957 3469 MDCCXCIII
973 3439 1107 3480 antiquo
1124 3441 1188 3473 ritu
1212 3445 1365 3476 creando·

318 3487 391 3512 rum
418 3480 526 3513 indicit
543 3481 663 3514 Clu-ist.
686 3483 769 3515 Dan.
801 3484 946 3517 Bet-liius.
970 3487 1136 3520 praemissa
1158 3491 1205 3522 est
1227 3491 1365 3524 varietas

1434 3211 1580 3249 lectionis
1599 3211 1784 3244 libellorum
1802 3211 2081 3244 Aristotelicotum
2097 3221 2115 3244 e
2137 3212 2247 3246 codice
2267 3213 2423 3255 Lipsiensi
2439 3214 2485 3247 di—

1431 3258 1566 3299 ligenter
1581 3259 1724 3291 enotata.
1746 3258 1860 3299 Lipsiae
1872 3282 1881 3299 ,
1897 3259 2010 3291 litteris
2023 3260 2223 3292 Sommeriis.

1472 3305 1518 3348 (4)
1536 3307 1642 3348 Regiae
1659 3306 1860 3339 universitati
1882 3307 2064 3339 litterarum
2085 3308 2486 3342 Friderico-Alexandrinae

1430 3353 1462 3386 d.
1498 3354 1610 3387 XXIII
1634 3353 1752 3386 mensis
1773 3354 1908 3394 Augusti
1930 3356 2179 3389 MDCCCXLHI
2206 3365 2297 3389 sacra
2318 3355 2485 3389 saecularia

1429 3401 1532 3440 prima
1546 3401 1653 3441 agenti
1671 3401 1852 3440 gratulatur
1866 3401 2037 3434 Academia
2053 3403 2301 3445 Mai-burgensis.
2318 3403 2484 3437 Praemissa

1429 3449 1478 3478 est
1495 3446 1654 3479 Theodori
1675 3447 1800 3487 Bergkii
1821 3448 2053 3481 commentatio
2067 3449 2107 3481 de
2126 3451 2304 3484 Aristotelis
2322 3449 2431 3483 libello
2443 3449 2485 3483 de

1429 3495 1646 3536 Xenophane,
1662 3497 1788 3528 Zenone
1805 3499 1836 3528 et
1853 3496 1981 3538 Gorgia.
1999 3497 2159 3539 Mai-burgi
2181 3500 2271 3532 1843.
