2612 3814
312 279 2469 394 aessawffiffifflaffefflafflfflaemfflffiffifflss

737 447 856 522 DE
915 442 1459 521 DEMOCRITO
1519 440 2020 528 ABDERITA.

348 756 405 795 Ex
425 756 505 794 illis
526 756 694 807 quiante
713 753 955 792 Aristotelem
974 765 1102 790 rerum
1121 752 1344 791 divinarum

297 816 632 865 humanarumque
665 812 890 862 cognitione
922 811 1191 849 excelluerunt
1231 824 1345 849 nemo

296 885 351 914 est
371 876 439 927 qui
463 875 524 914 vel
552 873 785 913 eruditionis
815 870 1075 923 amplitudine
1098 883 1141 908 ac
1162 870 1347 908 varietate

297 935 355 972 vel
377 933 525 987 ingenii
554 931 821 982 magnitudine
842 939 880 968 et
899 930 1121 982 praestantia
1142 930 1345 968 Democri-

295 1003 374 1032 tum
407 992 615 1045 superarit.
641 991 766 1042 Ilujus
796 999 946 1042 patrem
983 990 1050 1028 alii
1090 989 1342 1039 antiquorum

295 1063 388 1092 teste
410 1052 566 1092 Laertio
590 1051 639 1103 (1)
658 1051 957 1101 llegesistratum
972 1079 982 1099 ‚
1007 1050 1075 1088 alii
1101 1049 1340 1087 Athenocri-

296 1122 373 1150 tum
391 1140 400 1158 ,
427 1110 610 1150 nonnulli
629 1109 906 1161 Damasippum
924 1109 1191 1148 nominarunt.
1213 1108 1346 1146 Patria

294 1171 379 1221 ejus
414 1170 611 1209 communi
644 1171 816 1207 omnium
850 1169 928 1207 sere
960 1168 1115 1206 testium
1151 1180 1343 1206 consensu

295 1228 452 1267 Abdera
479 1227 534 1280 (2)
555 1228 646 1276 suit,
667 1228 844 1266 'sliraciae
873 1227 1128 1280 oppidulum,
1156 1226 1348 1265 illustris-

295 1288 384 1327 simi
406 1288 505 1326 civis
529 1288 629 1326 sama
653 1287 916 1326 nobilitatum.
938 1288 988 1325 At
1006 1286 1054 1325 de
1075 1295 1251 1338 tempore
1268 1300 1346 1338 quo

293 1347 439 1385 vixerit
478 1355 582 1384 tanta
610 1354 668 1384 est
699 1346 874 1384 omnium
903 1345 1122 1393 dissensio,
1151 1354 1194 1384 ut
1221 1358 1347 1397 neque

295 1422 438 1448 annum
461 1408 546 1460 ejus
571 1408 736 1447 natalem
755 1422 827 1447 nec
842 1409 932 1447 vitae
949 1421 1172 1460 supremum
1189 1421 1210 1447 e
1226 1417 1346 1447 vetu-

293 1469 363 1507 stis
389 1468 651 1507 monumentis
671 1480 808 1506 eruere
822 1497 832 1516 ,
849 1468 932 1506 sola
952 1476 1100 1506 tantum
1122 1466 1347 1518 conjectura

293 1527 445 1578 assequi
462 1527 672 1579 possimus.

348 1585 445 1623 Tria
479 1586 656 1624 feruntur
682 1585 806 1637 ipsius
841 1584 1055 1623 Democriti
1084 1584 1133 1622 de
1167 1585 1250 1623 vita
1277 1598 1346 1641 sua

295 1644 517 1683 testimonia
534 1658 701 1695 quorum
722 1644 800 1683 duo
820 1653 971 1683 exstant
985 1644 1088 1697 apud
1105 1644 1341 1695 Diogenem,

292 1704 448 1742 tertium
466 1704 568 1756 apud
586 1703 796 1742 Eusebium
814 1713 850 1742 et
865 1704 1100 1743 Clementem
1117 1703 1347 1742 Alexandri-

293 1777 397 1803 num.
412 1764 587 1803 Primum
610 1763 789 1802 Laertius
806 1763 856 1816 (3)
876 1777 924 1802 ex
941 1764 1049 1803 illius
1067 1764 1173 1802 libro
1192 1764 1344 1816 profert

293 1824 360 1874 qui
378 1822 510 1875 Μικρὸς
526 1823 726 1874 Διάκοσμος
741 1831 823 1861 erat
843 1823 1072 1876 inscriptus.
1091 1824 1137 1862 In
1161 1824 1237 1862 hoc
1254 1823 1345 1875 phi-

293 1882 480 1934 losophus
498 1882 761 1921 Abderitanus
785 1882 938 1921 dixerat
963 1896 1004 1922 se
1021 1884 1206 1933 juvenem
1228 1884 1347 1921 fuisse

294 1954 340 1980 co
363 1950 539 1994 tempore
563 1955 642 1993 quo
659 1955 777 1980 senex
793 1942 939 1981 vixerit
953 1944 1202 1993 Anaxagoras
1215 1971 1227 1994 ‚
1246 1956 1346 1994 qua-

296 2000 477 2051 draginta
504 2003 618 2040 annis
637 2001 708 2040 illo
739 2001 947 2040 minorem.
978 2002 1127 2054 Adjicit
1151 2003 1345 2052 Diogenes

295 2060 458 2098 alterum
480 2061 608 2099 locum
635 2073 713 2111 quo
731 2060 976 2099 Democritus
992 2069 1165 2109 testatur,
1179 2074 1343 2113 parvum

292 2117 542 2158 Diacosmum
557 2132 579 2157 a
593 2131 635 2158 se
655 2119 914 2171 compositum
940 2132 1022 2158 esse
1043 2134 1148 2158 anno
1174 2128 1263 2171 post
1285 2120 1344 2158 llii

295 2177 490 2216 excidium
521 2178 870 2231 septingentesimo
898 2179 1113 2229 trigesimo.
1143 2179 1189 2217 ln
1229 2179 1346 2218 tertio

295 2237 509 2287 fragmento
528 2238 579 2290 (l.)
599 2237 705 2289 quod
727 2238 831 2289 apud
851 2238 1087 2278 Clementem
1110 2238 1348 2277 Alexandri-

296 2310 387 2335 num
401 2295 544 2337 Strom.
566 2297 583 2335 1
600 2305 686 2349 pag·-
706 2298 780 2342 304
799 2297 858 2336 ed.
888 2297 1074 2349 Sylburg.
1102 2297 1200 2349 (lib.
1220 2298 1238 2336 1
1257 2300 1279 2349 §
1301 2298 1347 2336 15

299 2369 338 2407 p.
366 2356 441 2404 357
464 2356 527 2397 ed.
550 2354 719 2406 Potter.)
748 2364 786 2394 et
801 2357 959 2395 mutatis
973 2357 1209 2407 quibusdam
1243 2357 1347 2408 apud

299 2413 510 2454 Eusebium
524 2415 650 2467 Praep.
676 2414 824 2465 Evang.
846 2414 917 2456 lib.
942 2414 977 2453 X
1012 2430 1045 2456 c.
1075 2430 1096 2454 2
1128 2416 1346 2464 invenitur,

300 2474 354 2513 ait
367 2473 572 2522 Abderita,
591 2475 681 2526 plus
703 2488 743 2513 se
757 2483 946 2513 terrarum
963 2489 1189 2527 peragrasse
1201 2505 1212 2524 ,
1232 2489 1347 2527 quam

301 2545 436 2571 eorum
456 2545 689 2585 quemquam
716 2534 785 2585 qui
811 2534 937 2586 ipsius
957 2543 1132 2587 tempore
1153 2535 1346 2583 vixerint,

301 2590 606 2642 disjunctissima
637 2606 801 2644 quaeque
822 2593 1051 2632 lustrantem
1081 2594 1172 2632 coeli
1197 2595 1350 2646 solique

302 2663 444 2700 genera
468 2665 653 2701 cognosse
670 2665 785 2703 quam
814 2653 1006 2704 plurima,
1023 2653 1199 2691 eruditos
1213 2653 1351 2691 homi-

348 2798 392 2839 (1)
421 2799 575 2839 Diogenes
596 2776 739 2832 Laertiils
760 2800 817 2833 lib.
841 2803 897 2840 IX,
918 2805 956 2835 34
975 2812 983 2833 ε
1007 2802 1202 2845 Δημόκριτος
1216 2804 1350 2844 Ἡγησι·

302 2846 438 2888 στράτου
451 2848 508 2891 ..οἱ
526 2847 558 2878 δὲ
577 2845 809 2889 Ἀθηνοκρίτου,
830 2849 908 2886 τινὲς
925 2850 1152 2891 Δαμασίππου.
1172 2850 1222 2883 Cf.
1243 2851 1357 2885 suidas

304 2900 337 2923 v„
363 2891 567 2934 Δημόκριτος.
600 2892 741 2924 Eudocia
771 2894 893 2926 Violar.
924 2895 958 2927 in
987 2896 1113 2929 Viilois.
1144 2897 1266 2930 Aneed.
1298 2900 1354 2930 Gr.

305 2941 385 2972 tom.
409 2941 422 2971 1
444 2948 475 2980 p.
500 2941 569 2972 134.
587 2941 720 2972 Tzetzes
737 2940 821 2973 Chil.
840 2943 872 2974 11
893 2942 968 2975 hist.
990 2947 1027 2975 61
1047 2952 1097 2976 vs.
1115 2947 1176 2976 979
1197 2953 1227 2985 p.
1247 2947 1288 2978 79
1304 2945 1355 2978 ed.

306 2985 478 3027 Kiessting.
500 2986 578 3019 item
594 2987 676 3019 cuit.
691 2988 1003 3026 xtlthist.-465,vs.
1025 2993 1064 3023 85
1083 2999 1114 3031 p.
1137 2993 1212 3024 484.
1236 2993 1354 3025 AEtian.

305 3035 383 3066 var.
403 3033 489 3066 Hist.
509 3033 563 3066 lib.
579 3035 635 3075 lv,
650 3038 701 3066 20.
723 3035 810 3076 Orig.
827 3036 946 3069 Philos.
962 3046 994 3078 p.
1010 3042 1051 3070 90
1069 3037 1120 3070 ed.
1137 3039 1238 3071 Wolf.
1252 3039 1357 3072 Theo·

307 3079 437 3112 dor-etus
452 3081 534 3114 Ἑλλ.
565 3081 673 3123 θεραπ.
698 3083 772 3114 παθ.
794 3081 914 3124 disput.
932 3084 978 3115 lv
998 3092 1030 3124 p.
1055 3085 1114 3116 7⁰4
1136 3087 1216 3116 tom.
1239 3086 1286 3119 IV
1305 3086 1357 3118 ed.

306 3127 435 3160 schulz.

350 3174 395 3216 (2)
414 3174 557 3207 AEtianus
575 3172 596 3207 l.
615 3183 644 3208 c.
663 3176 712 3208 ct.
727 3176 857 3209 Aristot.
878 3175 918 3209 de
933 3176 1023 3209 coelo
1034 3178 1095 3218 ΙΙΙ,
1111 3179 1142 3210 4.
1161 3178 1297 3212 Meteor.
1315 3183 1358 3221 ΙΙ,

309 3225 340 3255 7.
362 3221 431 3255 Cic.
451 3221 492 3254 de
510 3223 584 3255 Nat.
603 3223 693 3256 deor.
711 3224 739 3264 l,
768 3226 819 3255 43.
836 3226 992 3264 Pompon.
1010 3224 1094 3256 Mela
1111 3224 1167 3256 lib.
1186 3227 1230 3266 ll,
1248 3231 1276 3258 2.
1305 3230 1359 3260 So·

309 3269 366 3302 lin.
382 3269 537 3310 Polyliist.
556 3278 626 3310 cap.
641 3271 681 3302 X.
698 3272 887 3303 Ammianus
902 3270 1109 3303 Marcellinus
1129 3271 1185 3305 lib.
1203 3274 1310 3315 XXII,
1328 3279 1359 3308 8.

311 3317 467 3358 Diogenes
491 3317 633 3350 Laertius
649 3317 672 3350 1.
687 3317 709 3350 l.
726 3328 734 3350 :
750 3317 923 3360 Ἁδδηρὶτης
942 3320 962 3358 ἢ
989 3318 1049 3360 (ὡς
1067 3319 1166 3360 ἔνιοι)
1192 3322 1357 3360 Μιλήσιος.

309 3364 398 3397 Adde
410 3365 429 3397 J
434 3364 577 3397 uvenalis
589 3364 690 3397 schot.
709 3364 748 3396 ad
765 3365 860 3398 satir.
880 3367 907 3397 X
932 3374 1017 3398 vers.
1037 3370 1088 3399 50.

353 3412 402 3452 (3)
421 3411 515 3453 Diog.
530 3413 637 3444 baert.
654 3413 711 3452 lx,
722 3414 759 3444 41
782 3423 790 3444 ε
807 3414 918 3453 Γέγονε
933 3413 964 3444 δὲ
978 3416 1042 3450 τοῖς
1063 3414 1184 3457 χρόνοις
1198 3418 1255 3456 (ὡς
1269 3418 1360 3456 αὐτὸς

311 3469 403 3499 φησιν
420 3458 451 3490 ἐν
467 3461 513 3499 τῷ
533 3461 634 3499 μικρῷ
652 3458 851 3500 Διακόσμῳ)
870 3460 936 3497 νέος
952 3461 1033 3493 κατὰ
1051 3463 1224 3504 πρεσὸὑτην
1240 3464 1360 3502 Ἀναξα-

312 3504 425 3545 γόραν,
447 3503 546 3537 ἐτεσιν
565 3505 661 3537 αὐτοῦ
684 3505 829 3547 νεώτερο;
847 3506 1085 3548 τετταράκοντα.
1106 3511 1309 3552 συντετάχθαι
1329 3513 1361 3545 δέ

1412 766 1480 791 nes
1511 751 1730 803 permultos
1757 751 1980 799 audivisse,
2011 765 2083 791 nec
2112 753 2153 792 in
2182 754 2467 807 componendis

1411 811 1595 862 adjuncta
1609 810 1941 849 demonstratione
1960 810 2077 849 lineis
2092 824 2114 849 a
2137 825 2333 864 quoquam
2351 826 2465 865 supe·

1411 880 1537 908 ratum
1559 883 1664 918 esse,
1690 882 1740 908 ne
1765 868 1814 907 ab
1832 869 1882 908 iis
1902 869 2060 920 quidem
2083 870 2152 921 qui
2178 871 2469 925 Arpedonaptae

1411 930 1513 981 apud
1543 929 1745 981 AEgyptios
1772 937 1974 978 vocentur,
2002 929 2106 980 apud
2132 943 2232 981 quos
2261 939 2465 984 postquam

1411 998 1638 1028 caeterorum
1658 988 1833 1027 omnium
1858 997 1984 1027 terras
2007 988 2170 1038 adierit,
2183 992 2381 1041 octoginta
2393 1004 2467 1044 per

1411 1062 1532 1088 annos
1546 1049 1818 1101 peregrinatus
1835 1047 1898 1087 sit.

1463 1108 1549 1147 Jam
1571 1108 1675 1160 quod
1700 1108 1747 1147 ad
1775 1108 1945 1160 primum
1975 1107 2075 1146 illud
2094 1107 2312 1149 doctissimi
2333 1107 2467 1150 homi·

1411 1168 1473 1207 nis
1490 1169 1647 1207 effatum
1670 1168 1806 1207 attinet
1823 1181 1902 1219 quo
1916 1166 2175 1219 quadraginta
2188 1168 2303 1207 annis
2319 1170 2470 1209 Anaxa·

1411 1240 1505 1277 goi-a
1525 1241 1566 1267 se
1587 1228 1776 1267 minorem
1807 1227 1928 1275 dicit,
1950 1226 2146 1277 Diogenes
2165 1227 2212 1279 (5)
2242 1237 2380 1267 auctor
2405 1239 2466 1269 est

1412 1286 1531 1326 fuisse
1556 1288 1827 1338 Anaxagoram
1846 1317 1857 1335 ,
1886 1301 2005 1339 quum
2024 1287 2172 1326 Xerxes
2200 1288 2243 1326 in
2269 1288 2463 1329 Graeciam
2512 1280 2517 1286 ’

1410 1347 1583 1395 veniret,
1615 1346 1689 1386 hoc
1718 1356 1775 1386 est
1811 1347 1942 1399 primo
1975 1346 2224 1399 Olympiadis
2259 1356 2465 1400 septuage-

1410 1406 1518 1443 simae
1537 1405 1684 1456 quintae
1711 1419 1829 1453 anno,
1851 1405 1993 1455 viginti
2016 1418 2207 1444 annorum
2229 1405 2465 1446 adolescen-

1412 1473 1502 1504 tem.
1530 1464 1627 1503 Inde
1655 1473 1783 1517 patet,
1804 1464 1947 1515 viginti
1972 1465 2086 1504 annis
2112 1474 2202 1517 post
2224 1465 2253 1506 i.
2282 1478 2316 1505 e.
2336 1466 2468 1519 primo

1409 1524 1656 1576 Olympiadis
1682 1524 1932 1574 octogesimae
1947 1537 2051 1563 anno
2068 1532 2201 1563 natum
2216 1537 2301 1564 esse
2317 1526 2461 1569 Demo·

1410 1586 1570 1625 critum.
1592 1584 1651 1622 Ita
1671 1585 1787 1623 etiam
1820 1584 2087 1636 Apollodorus
2110 1598 2242 1623 rerum
2270 1586 2467 1635 gestarum

1410 1644 1581 1682 calculos
1614 1643 1823 1693 subduxit,
1844 1643 1992 1695 quippe
2024 1643 2093 1695 qui
2120 1643 2392 1683 Democritum
2419 1645 2464 1684 in

1409 1703 1617 1742 Clu-onicis
1645 1702 1879 1755 Olympiade
1909 1703 2148 1754 octogesima
2179 1712 2295 1755 partu
2320 1704 2468 1744 editum

1409 1776 1492 1802 esse
1507 1763 1722 1815 scripserit.
1748 1762 2014 1801 confirmatur
2039 1762 2116 1801 hoc
2129 1763 2247 1802 simul
2270 1763 2466 1804 Aristote·
2493 1793 2497 1797 »

1411 1823 1460 1861 lis
1478 1823 1529 1875 (6)
1544 1823 1773 1861 auctoritate
1791 1822 1955 1862 Meteor.
1971 1821 2010 1860 11
2028 1835 2115 1875 cap.
2130 1837 2150 1871 7
2170 1831 2247 1861 tam
2261 1816 2473 1876 perspicue

1410 1882 1625 1932 loquentis,
1660 1889 1704 1920 ut
1745 1881 2013 1919 Democritum
2051 1890 2142 1933 post
2191 1882 2467 1933 Anaxagoram

1409 1942 1557 1980 vixisse
1581 1949 1648 1980 aut
1676 1949 1779 1979 certe
1802 1949 1892 1992 post
1924 1954 2012 1979 eum
2035 1941 2356 1994 philosophatum
2385 1956 2472 1986 esse

1409 2010 1609 2053 appareat.
1628 2001 1707 2039 Alii
1722 2001 1834 2038 aliter
1852 2000 1979 2039 natale
2007 1999 2205 2040 Abderitae
2230 2010 2384 2054 tempus
2403 2002 2472 2042 de·

1411 2058 1553 2099 finiunt
1567 2074 1667 2112 quos
1683 2072 1820 2098 omnes
1833 2072 2142 2099 commemorare
2153 2054 2468 2113 supersedemus.

1410 2120 1535 2159 Porro
1563 2120 1695 2159 multae
1729 2120 1930 2171 variaeque
1959 2119 2062 2172 apud
2096 2129 2251 2160 veteres
2280 2121 2329 2160 de
2365 2112 2472 2161 anno

1410 2181 1537 2219 eversi
1558 2180 1622 2219 llii
1644 2180 1847 2218 sententiae
1868 2180 2025 2218 suerunt
2037 2209 2048 2228 ,
2073 2192 2095 2218 e
2114 2180 2260 2231 quibus
2277 2180 2386 2219 illam
2406 2180 2474 2220 hic

1411 2238 1508 2288 eligi
1537 2238 1722 2277 convenit
1755 2252 1872 2289 qnam
1904 2239 2162 2277 Democriteae
2194 2239 2341 2278 rationi
2373 2253 2472 2279 con-

1411 2310 1552 2347 gruere
1571 2298 1789 2336 verisimile
1805 2306 1874 2337 est.
1891 2297 2061 2336 Phanias
2085 2298 2222 2348 igitur,
2244 2298 2279 2338 si
2309 2299 2474 2350 vulgare

1412 2357 1511 2395 illud
1531 2357 1732 2407 octoginta
1746 2370 1938 2396 annorum
1968 2357 2220 2396 intervallum
2238 2357 2345 2396 inter
2364 2357 2472 2397 redi-

1413 2425 1494 2454 tum
1515 2416 1811 2455 Heraclidarum
1839 2426 1878 2455 et
1896 2416 1962 2454 llii
1983 2416 2180 2455 excidium
2201 2416 2391 2469 sumpsit,
2422 2430 2473 2456 ex

1412 2474 1624 2513 Clementis
1655 2474 1714 2527 (7)
1748 2474 1884 2514 verbis
1927 2474 2088 2526 Trojam
2120 2475 2235 2514 aunis
2270 2475 2345 2520 354
2384 2483 2476 2514 ante

1412 2534 1571 2586 Olymp.
1601 2535 1770 2586 primam
1792 2528 1823 2574 i]
1845 2547 1882 2574 e.
1910 2549 1925 2572 1
1940 2535 2010 2572 130
2031 2543 2120 2573 ante
2143 2534 2234 2575 Chr.
2257 2535 2307 2572 n.'
2321 2542 2472 2586 captam

1413 2607 1497 2633 esse
1525 2594 1671 2633 statuit.
1694 2595 1751 2632 De
1770 2594 1833 2632 his
1861 2595 1961 2632 1130
1983 2596 2094 2632 annis
2114 2594 2147 2632 si
2177 2595 2254 2642 730
2274 2593 2474 2648 deducun-

1414 2662 1494 2702 tur,
1516 2654 1659 2705 reliqui
1678 2666 1829 2692 summa
1851 2661 1925 2700 400
1939 2667 2130 2693 annorum
2149 2663 2216 2692 est.
2229 2654 2381 2700 Quodsi
2398 2654 2475 2693 De-

1415 2816 1490 2846 φησι
1507 2805 1559 2837 τὸν
1579 2805 1687 2846 μικρὸν
1704 2804 1885 2845 Διάκοσμον
1897 2804 1996 2836 ἔτεσιν
2009 2805 2137 2846 ὕστερον
2150 2807 2204 2843 τῆς
2217 2803 2313 2836 Ἰλίου
2325 2804 2475 2841 ἁλώσεως

1415 2850 1582 2892 τριάκοντα
1599 2852 1653 2882 καὶ
1677 2851 1888 2888 ἑπτακοσίοις.
1907 2851 1956 2883 Cl'.
1974 2851 2117 2883 Eudocia
2137 2851 2219 2883 Viot.
2234 2850 2258 2883 l.
2283 2859 2314 2883 c.

1459 2898 1506 2939 (4)
1528 2899 1614 2939 Ἐγὼ
1632 2899 1664 2930 δὲ
1697 2902 1761 2930 τῶν
1777 2898 1848 2930 κατ’
1864 2899 2022 2940 ἐμεωυτὸν
2053 2898 2226 2939 ἀνθρώπων
2243 2901 2300 2939 γῆν
2323 2898 2475 2936 πλείστην

1417 2946 1679 2987 ἐπεπλανησάμην
1704 2947 1853 2988 ἱστορέων
1871 2947 1911 2978 τὰ
1933 2946 2072 2987 μήκιστα
2093 2946 2146 2978 καὶ
2167 2945 2258 2987 ἀέρας
2284 2956 2318 2978 τε
2334 2946 2387 2977 καὶ
2401 2946 2476 2987 γέας

1420 2994 1566 3031 πλείστας
1595 2994 1695 3033 εἶδον,
1714 2994 1767 3025 καὶ
1787 2993 1902 3034 λογίων
1930 2993 2102 3035 ἀνθρώπων
2118 2992 2274 3026 πλείστων
2293 2993 2476 3035 ἐσήκουσιᾷ

1418 3042 1471 3073 καὶ
1491 3041 1660 3083 γραμμέων
1677 3041 1830 3078 ξυνθέσιος
1848 3041 1927 3082 μετὰ
1943 3041 2104 3078 ἀποδέξιος
2121 3040 2220 3078 οὐδείς
2236 3041 2284 3074 κώ
2299 3052 2338 3083 με
2355 3042 2485 3084 παρήλ-

1418 3089 1501 3129 λαξε,
1518 3088 1583 3121 οὐδ’
1597 3090 1626 3121 οἱ
1645 3087 1824 3130 Αἰγυπτίων
1839 3087 2023 3129 καλεόμενοι
2035 3088 2292 3130 Ἅρπεδονάπται·
2306 3088 2364 3122 σὺν
2376 3088 2477 3122 τοῖσδ’

1419 3137 1469 3169 ἐπὶ
1494 3140 1573 3169 πᾶσι
1599 3135 1649 3170 ἐπ’
1671 3137 1742 3170 ἔτεα
1768 3136 1949 3178 ὀγδώκοντα
1979 3136 2060 3177 (leg.
2079 3136 2188 3176 πέντε)
2209 3136 2260 3169 ἐπὶ
2282 3136 2380 3176 ξείνης
2405 3136 2477 3179 ἐγε-

1418 3185 1522 3223 νήῠην.

1462 3232 1509 3274 (5)
1529 3232 1688 3273 Diogenes
1706 3233 1751 3273 Il,
1768 3233 1786 3264 7
1806 3244 1815 3264 ε
1833 3232 1966 3272 Λέγεται
1983 3231 2015 3263 δὲ
2035 3230 2117 3262 κατὰ
2132 3230 2188 3269 τήν
2198 3233 2255 3263 τοῦ
2271 3231 2387 3273 Ξέρξου
2413 3229 2478 3262 διά-

1420 3279 1512 3312 6ασιν
1528 3280 1646 3312 εἴκοσιν
1660 3279 1739 3312 ἐτῶν
1754 3279 1832 3312 εἶναι
1846 3303 1855 3318 ,
1878 3278 2071 3319 βεὸιωκέναι·
2083 3278 2114 3310 δὲ
2131 3278 2347 3319 ἑὸδομήκοντα
2364 3277 2432 3310 δύο.

1465 3327 1510 3369 (6)
1532 3327 1665 3360 Aristot.
1683 3327 1816 3360 Meteor.
1841 3328 1884 3366 lt,
1903 3327 1920 3358 7
1943 3338 1952 3358 ι
1976 3325 2180 3367 Ἀναξαγόρας
2193 3336 2227 3357 τε
2249 3325 2340 3367 γὰρό
2359 3326 2476 3362 Κλαζο·

1422 3374 1525 3415 μένιος
1541 3375 1595 3406 καὶ
1615 3373 1763 3417 πρότερος
1777 3374 1969 3415 Ἀναξιμένης
1984 3374 2001 3405 ὁ
2019 3374 2172 3412 Μιλήσιος
2189 3373 2384 3415 ἀπεφήναντο
2395 3398 2404 3414 ,
2422 3373 2477 3405 καὶ

1419 3421 1539 3454 τούτων
1552 3423 1678 3464 ὕστερος
1695 3421 1887 3464 Δημόκριτος
1902 3423 1919 3454 ὁ
1934 3421 2119 3463 Ἇὸδηρίτης.

1463 3469 1509 3509 (7)
1533 3469 1684 3502 Clemens
1701 3470 1823 3502 Sti-om.
1848 3470 1863 3501 1
1895 3477 1926 3510 p.
1948 3471 2008 3502 336
2026 3469 2077 3502 ed.
2105 3468 2177 3501 Col.
2197 3467 2302 3510 (tom.
2326 3469 2341 3502 1
2361 3477 2393 3510 p.
2414 3469 2477 3501 402

1420 3515 1472 3549 ed.
1494 3515 1643 3558 Potter.)

1346 3568 1443 3615 '330
