2612 3814
938 264 995 304 IN
1023 256 1129 304 ΑΗΒ
1138 264 1247 304 EUM
1277 264 1506 305 CARMEN.

145 352 202 392 διὰ
223 351 286 402 μέν
301 366 397 395 τινας
421 350 568 404 φυσικὰς
584 349 756 398 ἰδιότητας
771 350 848 390 τόδε
862 350 886 398 ἢ
903 352 981 391 τόδε
1001 354 1047 396 εἷς
1068 367 1192 403 σωμα-

143 410 243 459 τικὴν
264 409 402 462 ἀποχὴν
435 409 652 457 κατατάξας,
677 410 723 448 δι’
745 410 893 449 ἑκάστου
918 410 954 449 δὲ
977 414 1039 458 τῆς
1065 414 1192 459 θνητῆς

144 468 383 521 προσπαθείας
410 469 580 520 κάθαρσιν
606 469 872 520 εἰσηγούμενος,
903 469 963 507 καὶ
995 469 1112 514 ἐθίζων
1133 470 1190 509 διὰ

142 527 282 566 πάντων
298 529 344 571 εἷς
363 526 483 566 ἑαυτὸν
498 527 754 581 ἐπιστραφῆναι
766 527 823 565 τὸν
846 527 1039 580 ἄνθρωπον,
1056 527 1116 566 καὶ
1131 531 1191 566 τοῦ

145 587 207 637 μὲν
225 590 287 634 τῆς
306 586 474 639 γενέσεως
495 586 556 625 καὶ
576 590 702 640 φθορᾶς
730 587 838 626 τόπου
859 586 1064 631 ἐξαναδῦναι
1078 618 1088 635 ,
1107 586 1192 639 πρὸς

144 646 179 685 δὲ
198 646 238 684 τὸ
254 646 418 686 Ἠλύσιον
434 645 550 684 πεδίον
567 646 626 684 καὶ
640 645 771 698 Αἰθέρα
790 645 849 684 τὸν
864 647 1043 698 ἐλεύθερον
1073 661 1189 697 μετοι-

142 704 320 744 κίσασθαι.
377 704 526 752 Ἐπειδὴ
548 704 584 743 δὲ
602 706 637 743 ἐν
658 704 752 750 τάξει
768 703 831 751 τὴν
853 705 1006 744 ἐπίδοσιν
1023 708 1086 752 τῆς
1103 708 1191 743 ἀπο-

142 767 210 816 χῆς
229 765 427 811 ἐποιοῦντο,
463 763 518 802 διὰ
546 767 649 802 τοῦτο
679 763 739 801 καὶ
760 763 959 816 μαχόμενα,
986 765 1034 808 ὡς
1055 763 1096 802 ἂν
1117 766 1192 811 οἷη-

144 823 217 870 θείη
242 838 307 873 τις,
333 823 532 875 εὑρίσκεται
552 822 635 875 παρ’
661 824 774 865 αὐτοῖς
806 822 984 872 σύμὸολα.
1042 824 1103 875 Τῷ
1123 824 1190 876 γὰρ

143 881 252 934 Ζῴων
274 882 469 934 ἀπέχεσθαι
500 883 539 921 τὸ
562 881 716 935 Καρδίας
737 881 931 934 ἀπέχεσθαι
960 882 1127 920 ἐναντίον·
1156 885 1185 921 εἰ

142 940 193 990 μή
221 938 289 978 πού
309 955 359 983 τις
379 938 416 978 τὸ
437 939 500 990 μὲν
521 939 676 992 Καρδίας
699 939 854 991 ἀπέχου,
881 945 951 983 τοῖς
981 940 1186 992 ἂρχομένοις

142 997 388 1051 παρηγγέλθαι
417 999 527 1051 λέγοι,
552 999 591 1037 τὸ
616 999 652 1037 δὲ
673 997 806 1051 Ζώων,
837 1004 907 1042 τοῖς
935 998 1002 1046 ἤδη
1028 999 1184 1043 τελείοις.

143 1057 297 1109 Περιττὴ
310 1056 378 1110 γὰρ
388 1056 514 1105 ἡκατὰ
529 1057 629 1109 μέρος
644 1056 775 1109 ἀποχή,
790 1059 838 1100 οἱς
855 1057 893 1095 τὸ
911 1058 990 1095 ὅλον
1002 1058 1118 1110 ζῶον’
1099 1073 1191 1103 απη-

140 1115 315 1168 γορεύετο.
348 1115 412 1155 Διὸ
432 1118 469 1154 οὐ
486 1131 576 1186 παρε
570 1116 668 1167 ἰργως
688 1115 872 1168 προσέχειν
894 1116 945 1154 δεῖ
961 1132 1005 1169 τῃ
1022 1115 1115 1161 τάξει
1129 1120 1192 1187 τῆς

141 1174 365 1222 ἀναδάσεως,
379 1174 453 1221 ἦν’
436 1175 602 1236 εμφαίνει
616 1174 660 1213 τὰ
677 1174 759 1222 ἔπη.
789 1173 843 1214 E*
830 1188 929 1226 ιργο
941 1190 961 1212 υ
977 1174 1067 1226 γάρ,
1089 1175 1189 1227 φησί,

141 1233 405 1295 βρωμάτων·
425 1227 552 1281 εἰτα,(
533 1249 582 1276 ως
605 1232 801 1285 ἐρωτῶντός
822 1244 939 1283 τινος,
953 1232 1085 1281 ποίων,
1105 1235 1192 1272 ἀπε-

139 1292 302 1344 κρίνατο,
325 1296 380 1331 ὧν
401 1291 602 1342 εἴπομεν.
625 1291 695 1330 Και
709 1292 842 1339 πάλιν,
863 1294 909 1335 ὡς
922 1291 1008 1344 πρὸς
1025 1291 1188 1344 δευτέραν

139 1365 260 1390 πευσιν
283 1354 477 1401 ζητοῦσαν,
496 1354 564 1388 ποῦ
587 1354 684 1389 εἷπον
711 1350 792 1402 περὶ
818 1350 948 1389 τούτων
967 1353 999 1389 οἱ
1021 1351 1190 1402 Πυθαγό-

141 1424 246 1462 ρειοι,
267 1425 328 1448 και
352 1411 387 1447 ἐν
407 1408 523 1452 ποίαις
542 1406 762 1459 μαθημάτων
795 1408 1070 1460 παραδόσεσιν’
1052 1410 1188 1461 αποχὰς

141 1469 340 1522 βρωμάτων
352 1467 559 1521 συνέφηναν;
573 1467 763 1518 ἐπήγαγεν,
777 1467 817 1506 ἔν
831 1483 875 1506 τε
892 1483 914 1505 κ
924 1484 944 1506 α
954 1471 1001 1506 θα
1013 1483 1030 1520 ρ
1041 1474 1110 1518 μοῖ
1122 1485 1136 1511 ς
1152 1468 1193 1506 ἔν

139 1543 183 1566 τε
215 1526 345 1566 λύσει
371 1530 528 1580 ψυχῆς·
551 1528 597 1570 ὡς
629 1529 697 1578 τῶν
730 1526 793 1577 μὲν
821 1530 1052 1579 καθαρμῶν
1084 1543 1194 1580 προη-

138 1586 314 1639 γουμένων
323 1617 333 1634 ,
353 1589 416 1634 τῆς
436 1586 471 1625 δὲ
488 1589 509 1625 λ
520 1586 539 1624 ύ
551 1602 653 1630 σεως
673 1585 984 1633 ἐπακολουθούσης.
1013 1588 1048 1625 Κ
1059 1602 1079 1623 α
1089 1590 1106 1624 θ
1119 1603 1138 1624 α
1151 1602 1168 1637 ρ
1178 1609 1195 1615 -

142 1646 215 1697 μοὶ
230 1647 265 1686 δὲ
282 1648 425 1696 λογικῆς
445 1648 471 1699 ψ
482 1661 501 1683 υ
512 1649 567 1697 χῆ
581 1663 596 1690 ς
612 1647 699 1683 εἰσιν
720 1647 756 1683 αἱ
778 1645 1026 1696 μαθηματικαὶ
1049 1647 1194 1692 ἐπιστῆ·

141 1720 218 1756 μαι,
231 1704 292 1742 καὶ
310 1704 488 1755 ἀναγωγὸς
502 1704 551 1742 λύ
563 1720 584 1742 σ
599 1719 609 1741 ι
622 1721 637 1748 ς
653 1707 675 1750 ἠ
694 1705 895 1751 διαλεκτικὴ
911 1706 979 1742 τῶν
993 1703 1099 1742 ὄντων
1116 1706 1195 1742 ἐπο-

2221 283 2295 316 481

1430 353 1492 392 Διὸ
1519 353 1578 392 καὶ
1604 356 1724 398 ἑνικῶς
1756 355 1998 407 ἀπήγγελται,
2022 359 2064 398 ἔν
2097 377 2143 400 τε
2175 363 2300 403 λύσει

1252 413 1406 464 ψυχῆς·
1421 411 1474 450 ὅτι
1491 413 1538 455 εἷς
1555 412 1639 463 μίαν
1655 413 1853 465 ἐπιστήμην
1872 416 1959 464 αὕτη
1979 420 2090 466 τελεῖ,
2107 424 2167 467 τῆς
2188 426 2301 471 μαθη-

1252 474 1405 520 ματικῆς
1430 472 1561 518 πλῆθος
1583 473 1787 523 ἐπιστημῶν
1819 477 2064 527 περιεχούσης.
2138 482 2221 525 Τοῖς
2242 477 2299 521 οὖν
2318 524 2321 527 ,

1251 530 1310 568 ἐπὶ
1331 532 1481 583 ψυχῆς
1503 533 1549 574 εἷς
1581 531 1794 585 κάθαρσιν
1822 534 1883 572 καὶ
1917 536 2140 576 ἀπόλυσιν
2169 541 2302 585 οἰκείως

1251 590 1548 641 παρειλημμένοις
1580 592 1633 630 δεῖ
1661 591 1706 630 τὰ
1735 593 1973 645 ἀναλογοῦντα
1993 595 2053 634 καὶ
2074 597 2132 635 ἐπὶ
2156 602 2216 635 τοῦ
2239 602 2302 637 αὐ-

1250 649 1400 699 γοειδοῧς
1428 649 1602 694 ἐπιτάξαι.
1691 652 1831 690 Οὐκοῦν
1867 658 1937 697 τοῖς
1969 669 2005 691 τε
2036 659 2298 706 μαθηματικοῖς

1251 711 1500 760 καθαρμοῖς
1548 708 1627 754 τους
1651 711 1728 748 τελε
1716 711 1872 755 εστικοὺς
1901 713 2128 761 συνεισιέναι,
2159 715 2220 752 καὶ
2259 720 2302 768 τῆ

1251 768 1453 819 διαλεκτικῃ
1472 767 1602 807 λύσει
1628 769 1692 815 τὴν
1721 770 1898 844 ἱερατικὴν
1933 772 2121 823 ἀναγωγὴν
2156 773 2302 812 συνέπε-

1252 830 1332 864 σθαι
1365 826 1514 879 ἀνάγκη.
1569 829 1693 866 Ταυτα
1726 829 1794 883 γὰρ
1815 830 1909 874 ἰδίως
1932 831 2208 884 καθαίροντα
2242 850 2303 872 και

1250 887 1447 924 τελειουντα
1482 901 1523 924 το
1554 887 1790 937 πνευματικὸν
1817 888 1938 941 ὄχημα
1958 892 2021 937 τῆς
2048 892 2190 942 λογικῆς
2221 893 2303 945 ψυ-

1250 946 1350 995 χῆς,
1369 947 1432 991 τῆς
1450 943 1513 995 μὲν
1533 947 1654 993 ὑλικῆς
1682 946 1810 991 ἀζωΐας
1843 947 1927 986 αὐτὸ
1946 948 2111 1001 χωρίζει,
2141 949 2227 1002 πρὸς
2262 950 2298 989 δὲ

1251 1000 1313 1048 τὴν
1348 1004 1416 1040 τῶν
1450 1006 1611 1056 καθαρῶν
1641 1005 1850 1055 πνευμάτων
1880 1006 2065 1044 συνουσίαν
2097 1008 2301 1054 ἐπιτηδείως

1251 1059 1343 1112 ἔχειν
1363 1062 1637 1114 παρασκευάζει.
1667 1063 1734 1112 Μὴ
1755 1067 1901 1117 καθαρῶ
1934 1064 2002 1118 γὰρ
2034 1069 2188 1121 καθαρου
2217 1068 2304 1119 ἐφά-

1251 1123 1399 1158 πτεσθαι
1419 1122 1482 1159 ουκ
1500 1120 1575 1159 ἔστι
1592 1122 1701 1172 θέμις.
1758 1122 1921 1193 “stertepm
1930 1119 1988 1163 ουν
2010 1125 2075 1172 τὴν
2094 1125 2244 1178 ψυχὴν’
2229 1142 2305 1164 επι-

1254 1176 1373 1228 στήμῃ
1396 1177 1457 1215 καὶ
1477 1179 1584 1231 ἀρετῇ
1614 1179 1784 1231 προσήκει
1804 1185 2006 1231 κοσμῆσαι,
2026 1182 2121 1228 ὅπως
2155 1185 2196 1223 ἂν
2231 1186 2301 1228 τοῖς

1254 1235 1308 1272 ἀει
1332 1235 1498 1278 τοιούτοις
1528 1251 1679 1275 συνειναι
1698 1237 1855 1286 δύνηται·
1874 1239 1966 1278 ούτω
1985 1257 2045 1279 και
2063 1242 2103 1279 τὸ
2129 1243 2303 1293 αὐγοειδὲς

1252 1293 1403 1346 καθαρὸν
1434 1294 1494 1332 καὶ
1524 1294 1631 1333 ἄϋλον
1652 1297 1702 1334 δεῖ
1745 1298 2035 1349 παρασκευάσαι,
2067 1298 2125 1337 ἵνα
2145 1300 2207 1348 τὴν
2235 1303 2303 1339 τῶν

1254 1352 1413 1405 αἱθερίων
1431 1353 1606 1403 σωμάτων
1631 1355 1833 1408 ἀνάσχηται
1851 1356 2046 1397 κοινωνίαν.
2116 1358 2169 1396 Δι’
2189 1359 2303 1408 ὁμοιό·

1251 1427 1354 1459 τητος
1371 1411 1437 1463 γὰρ
1458 1413 1574 1451 πάντα
1595 1415 1690 1467 φιλει
1703 1414 1789 1466 πρὸς
1806 1415 1945 1462 ἄλληλα
1971 1415 2232 1467 συνάπτεσθαι,
2257 1420 2302 1472 τῆ

1254 1469 1289 1509 δὲ
1312 1470 1537 1520 ἄνομοιότητι
1557 1473 1617 1510 καὶ
1640 1472 1683 1509 τὰ
1705 1472 1806 1523 ἐγγυς
1826 1472 1909 1511 ὄντα
1927 1480 2000 1518 τοῖς
2022 1474 2141 1519 τόποις
2158 1476 2305 1528 χωρίζε-

1253 1546 1324 1568 ται.
1381 1532 1495 1570 Τουτο
1508 1533 1570 1578 τῆς
1587 1531 1810 1580 τελειοτάτης
1836 1534 2039 1586 φιλοσοφίας
2060 1534 2100 1572 τὸ
2123 1535 2250 1587 μέτρον
2269 1539 2301 1576 οἵ

1251 353 1370 391 πτεία.

1217 1600 1219 1602 “
1256 1589 1490 1643 Πυθαγόρειοι
1507 1589 1728 1642 παρέδοσαν,
1748 1591 1834 1644 πρὸς
1852 1591 1916 1639 τὴν
1933 1592 2014 1631 ὅλου
2033 1597 2097 1631 τοῦ
2122 1594 2304 1645 ἀνθρώπου

1253 1648 1457 1695 τελειότητα
1495 1650 1619 1686 οἰκεῖον
1651 1649 1710 1686 καὶ
1742 1649 1956 1703 σύμμετρον.
2030 1650 2074 1691 Ὁ
2104 1652 2171 1705 γὰρ
2190 1655 2307 1706 ψυχῆς

1256 1706 1362 1756 μόνης
1376 1706 1581 1756 ἐπιμέλειαν
1598 1708 1821 1759 ποιούμενος,
1838 1713 1897 1747 τοῦ
1918 1709 1954 1747 δὲ
1972 1710 2134 1761 σώματος
2148 1713 2303 1761 ἀμελῶν,

108 1843 110 1846 ’
140 1836 202 1875 vel
218 1836 328 1874 illius
343 1845 506 1887 propter
525 1837 780 1888 proprietates
794 1836 979 1887 quasdam
997 1838 1191 1875 naturales
1222 1825 1228 1850 ¹

141 1908 366 1946 corpoream
386 1895 657 1934 abstinentiam
674 1895 814 1934 ordine
834 1897 1095 1944 constituens,
1113 1897 1191 1934 sin-

140 1955 242 2004 gulis
262 1963 388 1992 autem
415 1955 637 1993 mortalium
668 1955 916 1993 affectionum
947 1955 1187 2006 purificatio-

142 2027 230 2052 nem
258 2014 402 2053 docens
431 2023 468 2051 et
488 2014 672 2052 omnibus
697 2014 895 2053 hominem
917 2015 1130 2064 adducens,
1151 2023 1192 2052 ut

141 2073 188 2111 ad
203 2078 254 2111 ‘se
283 2080 534 2110 convertatur
554 2081 669 2123 atque
696 2086 718 2111 e
744 2073 832 2111 loco
864 2074 1124 2123 generationis
1156 2084 1193 2113 et

141 2130 406 2181 corruptionis
422 2143 622 2180 emergens
643 2131 691 2169 ad
711 2145 888 2183 campum
905 2133 1080 2183 Elysium
1099 2134 1193 2172 libe-

141 2201 306 2240 rumque
319 2188 499 2226 aetherem
523 2191 763 2240 commigret.
784 2193 832 2228 At
859 2205 979 2242 quum
1011 2192 1068 2230 illi
1088 2202 1192 2230 certo

141 2247 280 2287 ordine
313 2247 559 2286 abstinentiae
595 2262 844 2300 progressum
876 2250 1065 2297 facerent,
1095 2264 1193 2287 non-

141 2307 250 2346 nulla
280 2319 415 2345 eorum
446 2307 626 2358 symbola
657 2308 760 2346 inter
778 2321 841 2355 se,
865 2308 1191 2359 quemadmodum

141 2365 230 2417 quis
261 2365 484 2414 existimet,
519 2367 736 2417 pugnantia
769 2366 884 2404 etiam
920 2366 1190 2405 inveniuntur.

139 2424 314 2477 Namque
349 2425 576 2463 animalium
618 2425 854 2464 abstinentia
900 2427 1096 2465 contraria
1137 2436 1194 2465 est

142 2484 273 2523 cordis
291 2483 558 2530 abstinentiae,
578 2484 654 2523 nisi
675 2485 764 2534 quis
793 2484 890 2522 forte
910 2484 1007 2523 dicit
1032 2499 1056 2522 a
1083 2488 1194 2522 corde

140 2545 289 2583 abstine
333 2542 615 2593 incipientibus
659 2542 878 2593 injunctum
920 2544 1059 2591 fuisse,
1096 2545 1192 2582 illud

142 2611 292 2649 autem,
315 2604 365 2639 ab
391 2604 634 2647 animalibus,
666 2602 747 2653 jam
778 2602 974 2653 perfectis.
1009 2603 1063 2641 lis
1090 2603 1192 2641 enim

144 2673 435 2714 supervacanea
465 2669 547 2699 erat
570 2661 740 2712 partium
770 2660 1030 2708 abstinentia,
1050 2662 1194 2712 quibus

143 2730 264 2758 totum
294 2721 437 2758 animal
470 2719 788 2758 interdicebatur.
824 2720 954 2765 Quare
987 2720 1195 2770 diligenter

141 2781 295 2818 animus
327 2779 581 2818 attendendus
612 2787 669 2817 est
694 2779 742 2817 ad
770 2779 947 2817 ordinem
984 2792 1189 2828 ascensus,

142 2853 257 2890 quem
269 2852 422 2877 carmen
443 2838 603 2878 indicat.
620 2838 726 2876 Dicit
735 2838 856 2885 enim,
873 2840 1019 2876 abstine
1034 2853 1059 2875 a
1075 2841 1168 2876 cibis
1180 2869 1191 2887 ‚

142 2898 283 2937 deinde
309 2907 492 2948 tanquam
520 2898 781 2947 interrogante
807 2898 961 2948 aliquo,
982 2912 1007 2934 a
1033 2900 1196 2947 quibus?

8 3003 10 3015 γ
60 2962 63 2966 ’
94 2977 97 2980 >
143 2957 424 3012 respondet-ab
447 2961 490 2993 iis
520 2970 609 3006 quos
636 2959 814 2995 diximus,
837 2956 884 2994 Et
916 2969 1051 2995 rursus
1084 2958 1195 3007 quasi

144 3016 284 3054 iterum
304 3023 510 3067 quaeratur,
534 3015 602 3053 ubi
619 3015 667 3053 de
686 3015 747 3053 his
766 3014 887 3053 locuti
904 3015 984 3053 sint
1001 3015 1193 3065 Pythago-

146 3074 203 3112 rei
230 3083 268 3112 et
294 3075 336 3112 in
368 3075 511 3125 quibus
542 3074 764 3126 disciplinis
791 3074 989 3112 tradendis
1016 3074 1192 3112 ciborum

146 3133 420 3172 abstinentiam
454 3133 568 3171 simul
608 3134 936 3180 monstraverint,
970 3132 1124 3183 adjicit,
1153 3137 1192 3169 in

147 3194 423 3230 lustrationibus
444 3202 556 3241 atque
569 3197 607 3229 in
621 3196 742 3229 animi
753 3207 845 3241 purg
830 3197 995 3258 tratione,
1013 3200 1194 3242 tanquam

147 3250 454 3303 ptaecedentibus
487 3250 785 3289 lustrationibus
813 3250 933 3288 animi
965 3250 1197 3301 purgatione

146 3309 368 3361 subjuncta.
389 3314 521 3347 Animi
540 3323 635 3349 vero
655 3310 807 3348 ratione
827 3310 980 3361 praediti
1012 3313 1196 3346 lustratio-

146 3381 212 3405 nes
241 3376 331 3406 sunt
361 3377 461 3406 artes
493 3367 792 3419 mathematicae,
814 3377 929 3419 atque
960 3370 1000 3405 in
1029 3367 1197 3405 sublime

147 3427 316 3466 evehens
356 3427 538 3478 purgatio
586 3427 789 3466 dialectica
824 3440 952 3465 rerum
991 3426 1194 3477 inspectio,

147 3485 408 3532 Quamobrem
443 3486 558 3526 etiam
602 3485 853 3537 singulariter
884 3484 1076 3536 prolatum
1112 3494 1193 3533 est,

291 3554 377 3583 Puu..
404 3554 510 3583 (ξιιμ.

1251 1847 1363 1886 atque
1380 1842 1419 1886 in
1440 1842 1561 1874 animi
1577 1843 1822 1887 purgatione,
1847 1840 1952 1889 quod
1981 1840 2028 1877 ad
2052 1854 2169 1878 unam
2192 1841 2306 1879 disci·

1253 1897 1398 1947 plinam
1414 1896 1494 1934 haec
1513 1898 1726 1948 pertineat,
1741 1910 1858 1947 quum
1880 1898 2147 1936 mathematica
2166 1900 2304 1937 multas

1252 1964 1352 1993 artes
1369 1957 1661 2007 complectatur.
1687 1955 1770 1993 Illis
1787 1969 1879 2005 ergo
1899 1970 1985 2006 quae
2003 1957 2050 1994 ad
2071 1958 2190 1996 animi
2199 1964 2306 2008 puri-

1255 2017 1467 2059 ficationem
1488 2025 1526 2053 et
1544 2020 1797 2066 expiationem
1826 2025 1913 2067 apte
1939 2017 2112 2055 adhibita
2133 2028 2222 2056 sunt
2251 2021 2306 2057 si-

1255 2074 1362 2111 milia
1381 2074 1428 2111 de
1449 2074 1581 2112 lucido
1607 2075 1723 2112 etiam
1753 2088 1919 2125 corpore
1946 2076 2104 2127 praecipi
2136 2087 2301 2128 oportet.

1254 2132 1417 2170 Necesse
1450 2133 1572 2182 igitur
1605 2142 1662 2171 est
1707 2136 1982 2170 lustrationibus
2025 2135 2305 2174 mathematicis

1254 2194 1434 2242 mysticas
1451 2192 1612 2242 adjungi
1632 2201 1670 2234 et
1688 2192 1898 2230 dialecticae
1917 2193 2153 2243 expiationis
2178 2194 2303 2232 hiera-

1253 2250 1366 2287 ticam
1390 2250 1510 2288 animi
1533 2250 1738 2288 elationem
1759 2263 1843 2289 esse
1872 2251 2066 2290 comitem.
2088 2252 2178 2290 Haec
2200 2254 2303 2290 enim

1253 2322 1339 2359 quae
1355 2309 1518 2360 proprie
1536 2309 1711 2360 spiritale
1725 2310 1846 2347 animi
1865 2310 2067 2348 rationalis
2079 2311 2300 2350 vehiculum

1254 2368 1460 2419 purificant
1476 2376 1514 2406 et
1532 2368 1758 2420 perficiunt,
1781 2382 1803 2406 a
1822 2370 2016 2407 materiali
2038 2379 2160 2408 morte
2181 2371 2221 2408 id
2249 2385 2306 2410 se-

1254 2436 1390 2478 parant
1409 2435 1524 2478 atque
1551 2427 1598 2464 ad
1619 2441 1809 2478 purorum
1841 2429 2050 2479 spirituum
2081 2430 2304 2467 societatem

1253 2486 1435 2524 idoneum
1456 2485 1634 2525 reddunt.
1657 2486 1817 2538 Impuro
1833 2488 1936 2524 enim
1955 2501 2096 2539 purum
2115 2489 2306 2538 attingere

1254 2545 1359 2583 nefas
1375 2553 1444 2584 est.
1467 2544 1800 2592 Quemadmodum
1832 2546 1954 2595 igitur
1973 2546 2122 2584 animus
2141 2547 2305 2585 scientia

1254 2612 1292 2641 et
1312 2604 1454 2642 virtute
1482 2604 1615 2641 ornari
1645 2603 1782 2651 debet,
1808 2612 1851 2641 ut
1876 2618 1960 2642 cum
1986 2605 2036 2642 iis
2062 2605 2130 2656 qui
2152 2618 2305 2657 semper

1256 2663 1350 2701 tales
1369 2672 1459 2702 sunt
1482 2663 1631 2701 versari
1652 2671 1767 2712 queat
1790 2678 1798 2701 ε
1821 2664 1877 2702 sic
1897 2672 1934 2701 et
1958 2664 2131 2702 lucidum
2164 2678 2306 2716 corpus

1254 2735 1397 2771 purum
1418 2731 1454 2760 et
1475 2722 1642 2760 materiae
1656 2735 1794 2773 expers
1812 2723 1922 2760 reddi
1942 2732 2119 2775 oportet,
2135 2733 2177 2762 ut
2195 2725 2307 2763 aethe-

1255 2793 1411 2819 reorum
1448 2794 1656 2831 corporum
1700 2781 1990 2820 consortionem
2036 2782 2142 2821 ferat.
2172 2782 2305 2820 Solent

1255 2841 1359 2878 enim
1380 2840 1637 2878 similitudine
1654 2848 1791 2877 cuncta
1808 2840 1909 2878 inter
1933 2853 1972 2878 se
2000 2839 2208 2891 conjungi3
2227 2842 2305 2880 dis-

1256 2898 1513 2937 similitudine
1529 2907 1653 2936 autem
1668 2911 1712 2936 ea
1726 2899 1857 2944 etiam,
1877 2912 1960 2948 quae
1971 2898 2068 2937 locis
2082 2900 2305 2951 propinqua

1257 2965 1366 3003 sunt,
1397 2965 1638 3008 separantur.
1675 2956 1786 2995 Hunc
1817 2957 2109 3008 perfectissimae
2136 2958 2306 3009 philoso-

1257 3015 1360 3066 phiae
1392 3015 1548 3053 modum
1582 3015 1629 3052 ad
1669 3017 1786 3054 totius
1816 3015 1988 3054 hominis
2029 3017 2302 3067 perfectionem

1257 3083 1387 3125 aptum
1407 3083 1444 3112 et
1455 3074 1785 3113 accommodatum
1802 3075 2043 3113 tradiderunt
2056 3075 2302 3126 Pythagorei.

1258 3132 1328 3171 Ille
1347 3134 1449 3172 enim
1462 3163 1473 3181 ,
1492 3135 1560 3185 qui
1576 3135 1696 3174 animi
1719 3136 1842 3174 solius
1861 3148 1993 3173 curam
2020 3135 2138 3185 gerit,
2163 3148 2306 3186 corpus

1259 3201 1384 3230 autem
1416 3193 1598 3245 negligit,
1625 3208 1703 3233 non
1733 3203 1854 3232 totum
1881 3193 2077 3231 hominem
2106 3194 2302 3244 purificat.

1258 3250 1402 3288 Contra
1415 3263 1508 3289 vero
1523 3252 1556 3289 is
1571 3254 1637 3301 qui
1655 3253 1828 3302 neglecto
1843 3252 1973 3290 animo
1989 3252 2164 3303 corporis
2179 3253 2304 3290 solum

1259 3309 1335 3347 sibi
1380 3310 1565 3359 agendam
1598 3323 1680 3348 esse
1720 3324 1850 3349 curam
1880 3310 2092 3357 existimat,
2124 3319 2189 3348 aut
2219 3309 2305 3359 ejus

1260 3368 1404 3406 cultum
1424 3373 1550 3406 animo
1573 3383 1644 3421 per
1676 3383 1715 3407 se
1747 3383 1825 3407 non
1859 3371 2059 3419 purificato
2091 3368 2303 3406 conducere

1260 3428 1456 3478 opinatur,
1476 3431 1515 3466 in
1535 3429 1669 3466 eodem
1698 3437 1875 3466 versatur
1895 3439 2038 3464 errore.
2069 3426 2145 3471 Qui
2178 3434 2303 3463 autem

1260 3495 1446 3537 perpetua
1465 3487 1668 3538 utriusque.
1684 3500 1777 3525 cura
1792 3485 1924 3524 habita
1939 3493 2024 3536 apte
2043 3484 2303 3535 progreditur,

2110 3554 2141 3581 51
