2612 3814
652 299 704 338 IN
737 296 1066 337 EMPEDOCLlS
1096 294 1387 335 CARMINUM
1418 293 1714 342 RELIQUIAS.
2230 301 2276 334 51

95 397 163 435 dio
193 408 276 433 aevo
303 392 436 432 eadem
465 403 552 442 quae
578 388 888 427 memoravimus
913 386 1153 424 laternarum

96 467 240 506 genera
263 452 510 498 exstiterint,
539 457 584 487 ut
601 456 707 500 patet
725 460 774 485 ex
793 446 1028 498 scriptorum
1057 445 1155 483 locis

97 533 120 558 a
135 517 338 568 Ducangio
355 516 395 554 in
416 515 545 553 Gloss.
566 512 667 551 med.
681 513 800 553 etinf‚
819 512 885 550 lat.
900 525 933 551 s.
951 526 990 550 v.
1007 511 1156 550 laterna

97 577 298 628 allegatis,
331 575 484 613 nullum
518 582 646 611 tamen
674 585 806 610 rerum
831 580 1029 621 gestarum
1061 584 1155 623 pro-

97 637 314 676 nuntiatori
331 634 484 673 cuidam
502 633 550 671 ad
570 631 759 670 arcendos
779 639 917 668 ventos
937 643 1157 668 accommo-

92 697 226 736 datius
244 695 375 733 visum
391 701 449 731 est
465 705 582 743 quam
602 690 707 742 quod
728 704 749 728 e
774 689 894 739 lignis
911 698 948 727 et
965 702 1155 727 cornuum

97 755 256 795 laminis
291 752 590 792 conficiebatur.
630 749 758 802 Hujus
797 748 921 787 verba
958 749 1157 798 Ducangio

97 824 194 857 teste
214 823 306 854 sunt
330 826 339 853 ε
378 831 394 847 «ι
419 810 666 862 Excogitavit
685 809 790 848 unde
810 808 923 847 talem
947 817 1155 847 ventorum

97 874 356 914 sufflationem
376 871 586 925 prohibere
603 878 751 922 posset,
767 868 1013 919 consilioque
1031 868 1156 906 artifi-

98 935 204 974 ciose
230 943 345 985 atque
371 932 567 984 sapienter
599 931 764 970 invento
790 929 1006 967 lanternam
1035 941 1083 966 ex
1110 928 1158 966 li-

101 995 190 1045 gnis
217 1002 255 1033 et
274 993 436 1032 bovinis
468 989 657 1030 cornibus
687 988 953 1041 pulcherrime
985 988 1159 1026 construi

99 1053 310 1106 imperavit
341 1052 509 1104 (bovina
528 1062 696 1100 namque
714 1061 862 1086 cornua
881 1046 970 1085 alba
989 1047 1159 1085 tenuiter

101 1113 277 1152 dolabris
309 1125 422 1159 rasa,
454 1125 533 1149 non
567 1111 698 1148 minus
725 1108 851 1146 vitreo
882 1107 1043 1145 vasculo
1073 1107 1160 1145 elu-

101 1174 216 1223 cent)
237 1181 311 1211 ctc.
332 1189 347 1205 »
369 1171 429 1210 Cf.
463 1170 628 1208 Salmas.
650 1168 756 1207 Plin.
777 1168 849 1206 Ex.
867 1180 909 1218 p.
941 1167 1014 1205 166
1032 1175 1070 1204 et
1090 1166 1161 1204 Ca-

102 1233 213 1271 saub.
237 1231 285 1269 ad
299 1230 404 1268 Suet.
423 1229 464 1267 in
482 1228 561 1268 Jul.
583 1242 617 1268 c.
644 1228 709 1266 31.

175 1289 414 1329 Accedamus
461 1288 511 1325 ad
563 1287 721 1336 Bergkii
780 1285 1159 1337 interpretationem.

104 1369 120 1384 «ι
137 1348 320 1402 Ἀμοργός,
333 1347 479 1398 inquit,
496 1345 785 1385 substantivum
797 1345 961 1397 proprie
976 1353 1048 1393 est,
1059 1343 1164 1382 unde

104 1407 276 1462 ἀμόργινα
293 1406 418 1457 ἱμάτια
443 1407 644 1454 dicuntur3
667 1405 758 1443 vide
778 1403 1129 1455 Harpocrationem
1154 1418 1161 1440 :

102 1465 270 1519 Ἄμοργός
290 1467 366 1503 ἐστι
385 1464 638 1518 παραπλήσιόν
657 1479 693 1502 τι
715 1462 853 1516 βύσσῳ·
871 1461 1046 1515 Αἰσχίνης
1062 1464 1097 1500 ἐν
1114 1465 1163 1515 τῷ

103 1525 196 1565 κατὰ
217 1524 425 1577 Τιμάρχου·
442 1523 699 1575 μνημονεύουσι
719 1522 755 1560 δὲ
773 1523 804 1560 οἳ
824 1521 977 1573 κωμικοὶ
998 1521 1166 1564 πολλάκις

103 1585 173 1623 τῶν
195 1583 409 1637 ἀμοργίνων,
431 1584 476 1626 ὡς
496 1583 556 1621 καὶ
579 1580 829 1635 Ἀριστοφάνης
854 1580 1082 1635 Λυσιστράτῃ
1104 1579 1166 1619 καὶ

105 1637 261 1688 Εὔπολις
292 1642 459 1682 Πόλεσιν.
491 1644 539 1681 Et
559 1642 773 1680 Pausanias
797 1641 901 1691 apud
922 1640 1097 1680 Eustatli.
1120 1640 1168 1678 ad

108 1704 272 1755 Dionys.
295 1717 336 1755 p.
358 1708 433 1747 204
459 1717 466 1740 :
490 1700 699 1745 Παυσανίας
719 1700 755 1739 δὲ
777 1695 816 1739 οἷ
841 1699 881 1739 τὸ
908 1699 1063 1738 Ἀττικὸν
1083 1698 1171 1744 λεξι-

106 1762 184 1810 κόν,
213 1762 301 1801 ἄλλο
316 1778 350 1800 τι
372 1761 534 1814 ἐμφαίνει
553 1760 678 1811 λέγων·
694 1759 846 1812 ἄμοργός
859 1791 869 1810 ‚
887 1759 1008 1811 ὅμοιον
1031 1758 1166 1812 βύσσῳ.

107 1822 221 1861 Falso
240 1822 323 1860 haec
352 1821 400 1859 ad
428 1822 645 1871 Amorgum
673 1820 840 1858 insulam
864 1819 1062 1867 referunt3
1088 1827 1169 1857 tum

107 1884 210 1920 enim
236 1880 436 1935 Ἀμοργῖνος
456 1880 665 1919 dicendum
699 1880 785 1919 fuit.
822 1878 1053 1917 Rectissime
1084 1878 1172 1917 Ste-

106 1941 262 1992 phanus
289 1940 500 1991 Byzantius
519 1937 688 1992 Ἀμοργός
704 1961 758 1967 --
776 1937 847 1978 ἀπὸ
871 1940 932 1984 τῆς
958 1935 1105 1982 Μινώας
1129 1931 1170 1984 ἦν

61 2018 64 2022 ’
110 1999 354 2052 Σιμωνίδηςδ
384 1998 613 2048 ἷαμὸοποιός,
646 1997 845 2051 Ἀμοργῖνος
877 1995 1088 2048 λεγόμενος,
1119 1999 1167 2040 ὡς

109 2060 300 2112 Εὐρυκῖνος
316 2080 369 2088 —
385 2057 425 2096 τὸ
449 2058 479 2096 δ’
498 2056 699 2110 Ἀμόργινος
716 2057 803 2109 (scr.
828 2056 1033 2108 ἀμόργινος)
1056 2054 1167 2108 χιτὼν

108 2117 297 2172 χρώματος
315 2116 417 2157 ἴδιον.
436 2116 617 2155 Ceterum
629 2115 806 2155 hocloco
821 2115 975 2168 ἀμοργὸς
987 2115 1173 2166 adjectivi

110 2180 199 2217 vice
226 2177 374 2216 dictum
407 2185 486 2225 est,
518 2175 847 2228 quemadmodum
882 2176 1000 2228 ἱκτῆρι
1033 2176 1151 2227 θαλλῷ
1164 2204 1174 2222 ,

114 2238 298 2291 βρωτῆρας
316 2236 463 2289 αἰχμάς,
485 2235 591 2280 κύνας
610 2237 773 2288 βοτῆρας,
791 2235 868 2273 alia
882 2235 1054 2287 plurima
1071 2234 1174 2286 apud

110 2305 246 2349 poetas
259 2296 430 2335 Graecos.
449 2295 586 2347 ltaque
597 2295 807 2347 λαμπτῆρες
821 2292 971 2345 ἀμοργοὶ
991 2293 1068 2331 hoc
1086 2293 1175 2331 loco

111 2356 307 2408 significat
325 2356 452 2408 ipsam
480 2356 708 2395 lanternam.
729 2373 745 2389 »
767 2355 859 2392 Haec
879 2353 971 2404 ille,
992 2366 1014 2391 e
1030 2352 1177 2404 quibus

111 2417 284 2456 efficitur
303 2429 391 2455 eum
409 2415 475 2455 hic
498 2415 546 2454 de
561 2415 714 2454 laterna
729 2415 894 2468 byssina
913 2427 1036 2465 eaque
1055 2413 1176 2451 linteo

112 2476 312 2529 pellucido
332 2475 509 2526 undique
525 2476 677 2514 munita
697 2475 759 2526 agi
783 2474 1000 2527 putavisse.
1019 2472 1094 2511 Sed
1109 2471 1178 2510 diu

112 2535 208 2573 huic
233 2542 463 2585 argumento
490 2535 722 2574 immoratus
743 2548 828 2574 sum
842 2564 852 2582 ,
873 2542 918 2573 ut
937 2533 1179 2572 demonstra-

114 2607 198 2633 rem
217 2594 389 2646 primum
407 2594 596 2632 laternam
611 2594 765 2645 qualem
784 2592 1040 2645 Empedocles
1059 2591 1179 2642 fingat

115 2666 196 2691 non
217 2665 332 2704 posse
359 2652 438 2691 nisi
458 2665 640 2691 corneam
661 2666 745 2691 esse
767 2652 830 2691 vel
848 2665 869 2690 e
887 2652 1020 2689 vesica
1040 2650 1177 2688 factam

46 2756 53 2763 ⁸
114 2725 235 2763 quum
257 2720 394 2749 ceterae
415 2711 529 2750 facile
543 2710 795 2751 saevientibus
811 2710 939 2749 ventis
959 2709 1179 2759 exstingue-

114 2778 251 2809 rentur
273 2784 282 2808 :
303 2769 447 2809 deinde
470 2784 608 2809 vocem
635 2770 810 2824 ἀμοργούς
831 2783 946 2822 quam
968 2782 1042 2822 pro
1070 2769 1179 2819 ἀμορ-

114 2827 228 2882 γίνους
244 2829 354 2868 nullo
372 2838 531 2868 auctore
548 2830 727 2882 accipere
748 2830 863 2869 audet
883 2828 1074 2879 Bergkius
1100 2841 1180 2866 non

115 2901 231 2941 posse
252 2888 328 2927 hoc
349 2889 437 2928 loco
452 2890 625 2928 materiae
642 2889 811 2928 indicem
833 2902 916 2928 esse
933 2897 1096 2942 propter
1114 2900 1179 2938 ge-

117 2947 283 2987 nitivum
304 2948 482 2986 παντοίων
504 2947 660 2999 ἀνέμων.
680 2949 856 2999 Scaliger
881 2948 1051 3000 conjecit
1070 2948 1182 2999 ἀμορ-

118 3005 199 3051 ὃούς
212 3036 223 3056 ,
252 3007 358 3059 quod
378 3020 494 3046 nemo
514 3007 760 3060 probaverit.
787 3009 918 3047 Restat
937 3017 981 3046 ut
1006 3007 1182 3046 dicamus

118 3065 255 3116 ἀνέμων
262 3067 477 3121 λαμπτῆρας
490 3067 663 3121 ἀμοργούς
677 3069 898 3120 significare
913 3071 1179 3118 ἀνεμοσκεπεῖς,

119 3127 304 3164 laternam
330 3141 417 3177 quoe
437 3137 571 3165 arceat
599 3138 733 3166 ventos
756 3129 818 3167 vel
839 3138 1034 3166 ventorum
1058 3127 1184 3177 prohi-

75 3196 78 3199 “
102 3194 103 3197 ’
120 3186 288 3223 ὁίιήοειη
310 3186 343 3224 si
364 3185 411 3224 ad
429 3186 593 3225 verbum
611 3196 765 3226 vertere
782 3188 883 3226 velis
897 3218 907 3238 ,
928 3187 1029 3226 sicut
1049 3198 1181 3223 secun-

119 3242 210 3283 dum
237 3246 505 3284 Alexandrum
526 3247 875 3299 Aphrodisiensem
906 3246 1089 3299 plerique
1121 3244 1184 3282 in—

119 3311 307 3361 terpretes
352 3305 644 3345 intellexerunt.
684 3308 902 3358 Ambigunt
944 3313 1092 3344 tantum
1136 3303 1184 3341 de

120 3363 274 3414 origine
306 3364 511 3414 vocabuli,
545 3366 652 3418 quod
680 3366 858 3406 Sturzius
892 3377 1098 3419 perperam
1134 3362 1183 3400 ab

76 3416 84 3423 ’
121 3418 244 3472 εἴργειν
259 3421 382 3471 ducit,
399 3425 544 3463 rectius
564 3425 794 3465 Karstenius
809 3435 846 3465 et
859 3423 1183 3464 Panzerbieterus

120 3478 170 3518 ab
205 3479 385 3534 ἀμέργειν.
423 3482 688 3529 Quamobrem
709 3486 955 3524 statuendum
991 3481 1143 3534 ἀμοργός
1164 3496 1184 3519 a

119 3542 347 3592 decerpendi
368 3550 404 3580 et
435 3547 643 3595 exscegcndi
662 3545 883 3596 significatu
915 3545 1000 3584 sive
1031 3543 1184 3594 poetica

1216 383 1377 422 licentia
1393 383 1475 421 sive
1493 383 1685 432 singulari
1705 382 1928 421 Siculorum
1959 397 2031 422 usu
2050 384 2098 422 ad
2125 386 2282 422 arcendi

1217 443 1417 481 notionem
1439 443 1657 481 transiisse.

1271 501 1337 542 Vs.
1373 502 1466 540 223.
1501 500 1566 540 οἵτ’
1595 501 1702 552 quod
1735 502 1778 540 in
1814 501 2056 540 membranis
2090 505 2286 555 reperitur

1219 561 1454 600 servandum
1476 570 1548 600 est.
1573 561 1804 599 Karstenius
1824 563 1854 599 οἱ
1876 561 1906 598 δ’
1925 562 2094 612 scripsit.

1271 620 1331 660 Vs.
1358 622 1446 659 226.
1469 619 1515 664 ὣς
1537 619 1573 659 δὲ
1602 621 1676 659 τότ’
1697 621 1797 673 κτλ.]
1833 621 2056 659 Alexander
2087 622 2285 673 Aphrodi-

1219 681 1361 719 siensis
1389 680 1607 719 Comment.
1641 681 1707 718 cit.
1741 680 1768 719 f.
1799 694 1850 730 99
1880 694 1902 718 a
1937 680 2122 719 mendose
2150 695 2158 718 ε
2190 682 2236 725 ὡς
2258 680 2289 719 δ’

1220 739 1323 779 ὁπότε
1346 740 1505 792 μήνιγξιν
1528 739 1742 793 εἰργόμενον.
1768 740 1959 779 Caeterum
1993 741 2173 779 codicum
2205 741 2291 779 Ari-

1220 800 1471 839 stotelem-um
1484 801 1719 852 scripturam
1730 798 1776 844 ὣς
1795 798 1831 838 δὲ
1847 799 1919 838 τότ’
1938 801 2018 840 κτλ.
2038 801 2202 839 retineri
2219 814 2292 852 par

1221 870 1299 907 est,
1323 875 1445 913 quum
1464 862 1686 900 nesciamus
1710 875 1731 900 e
1751 875 1828 913 qua
1851 861 2068 899 carminum
2088 870 2197 913 parte
2217 861 2293 900 hoe

1190 963 1194 970 Ι
1223 921 1471 973 Empedoclis
1504 920 1766 971 fragmentum
1809 921 1973 972 petitum
2016 921 2080 960 sit.
2116 920 2294 958 Fortasse

1222 980 1321 1018 illud
1342 979 1421 1019 τότε
1441 980 1589 1033 pariter
1613 989 1729 1031 atque
1749 979 1979 1031 imperfecta
1998 978 2186 1032 λοχάζετο,
2211 978 2295 1019 ἀπέ-

1225 1060 1348 1097 στεγον
1371 1046 1599 1084 referuntur
1618 1045 1666 1083 ad
1689 1054 1842 1098 tempus
1863 1059 1941 1097 quo
1958 1046 2130 1097 primum
2151 1046 2256 1084 oculi
2273 1059 2295 1084 a

1222 1102 1372 1142 Venere
1391 1103 1676 1145 formabantur.
1697 1104 1756 1144 Cf.
1774 1117 1877 1142 vers.
1897 1105 1990 1142 218.
2006 1103 2138 1149 Quare
2149 1103 2296 1142 Sturzii

1223 1172 1261 1201 et
1278 1163 1475 1202 Karstenii
1494 1165 1684 1202 rationem
1699 1163 1769 1215 qui
1786 1164 1852 1202 hie
1866 1162 1913 1207 ὣς
1929 1162 1962 1202 δὲ
1975 1163 2014 1202 τό
2030 1163 2061 1202 τ’
2074 1173 2295 1216 posuerunt

1225 1238 1303 1262 non
1334 1233 1490 1263 secutus
1519 1238 1621 1264 sum.
1641 1246 1694 1254 -—
1712 1222 1838 1276 μήνιγξ
1872 1223 2101 1264 Alexandro
2137 1223 2298 1274 quidem

1224 1284 1379 1322 videtur
1407 1297 1491 1323 esse
1523 1285 1541 1322 ὁ
1567 1283 1630 1331 τὴν
1659 1283 1767 1337 κόρην
1796 1283 1972 1337 περιέχων
1993 1281 2116 1335 χιτών,
2144 1283 2209 1321 sed
2240 1296 2301 1322 as-

1227 1344 1377 1382 sentior
1395 1344 1603 1383 Karstenio
1624 1343 1800 1382 credenti
1820 1344 1975 1395 potius,
2000 1357 2079 1381 non
2109 1343 2296 1394 pupillae,

1227 1404 1294 1442 sed
1312 1405 1417 1442 oculi
1442 1403 1710 1442 membranam
1732 1403 1807 1442 boc
1827 1402 2023 1441 vocabulo
2053 1403 2297 1453 significari,

1228 1473 1269 1502 ut
1289 1463 1555 1514 distinguatur
1580 1465 1628 1502 ab
1652 1461 1815 1516 ὄθόνῃσι;
1836 1462 1969 1513 itaque
1988 1463 2023 1500 ἐν
2042 1460 2204 1514 μήνιγξιν
2224 1463 2301 1514 ἐερ-

1227 1520 1356 1573 γμένον
1366 1522 1704 1575 interpretandum
1719 1526 1910 1561 oculorum
1925 1523 2158 1559 membranis
2179 1524 2300 1559 inclu-

1227 1596 1324 1619 sum.
1343 1603 1397 1611 —
1416 1580 1567 1634 ὠγύγιον
1588 1585 1660 1636 πῦρ
1694 1586 1796 1631 ignis
1814 1586 1976 1627 nativus,
2004 1581 2170 1633 proprie
2192 1586 2301 1619 anti-
2341 1625 2344 1630 .

1229 1655 1339 1691 quus,
1378 1654 1400 1679 e
1433 1641 1582 1680 coelesti
1626 1641 1719 1691 igne
1754 1640 1950 1679 delibatus
1983 1640 2154 1692 ideoque
2181 1654 2302 1690 purus

1231 1709 1347 1752 atque
1374 1702 1575 1740 oethereus.
1606 1700 1697 1753 lpsa
1717 1701 1823 1739 enim
1843 1700 1975 1738 Venus
1996 1700 2299 1739 formandorum

1232 1761 1436 1799 oculorum
1473 1761 1614 1800 artifex
1653 1761 1783 1800 divini
1828 1761 1990 1800 luminis
2037 1761 2302 1799 sinceritatem

1233 1822 1423 1860 servavit.

1286 1879 1350 1919 Vs.
1389 1894 1480 1929 227.
1519 1881 1690 1934 λεπτῇσιν
1721 1879 1862 1933 ὅθόνῃσι
1896 1878 2069 1932 λοχάζετο
2103 1879 2203 1932 κτλ.]
2241 1880 2302 1918 Ita

1235 1939 1375 1991 optimi
1395 1940 1619 1979 Aristotelis
1636 1940 1733 1979 libri
1754 1953 1854 1992 quos
1872 1940 2069 1978 Bekkerus
2089 1947 2127 1977 et
2147 1938 2303 1977 Karste-

1237 2000 1327 2038 nius
1341 2001 1464 2038 secuti
1480 2008 1581 2039 sunt.
1599 1999 1775 2050 Scaliger
1787 2002 1940 2053 λεπτῇσι
1954 1998 2114 2053 χθονίῃσι
2131 1996 2303 2051 λοχάζετο

1237 2073 1325 2097 cum
1347 2059 1585 2111 quibusdam
1607 2059 1848 2098 membranis
1864 2059 1941 2098 nisi
1957 2059 2064 2111 quod
2082 2059 2124 2097 in
2145 2059 2207 2097 his
2223 2059 2304 2097 fere

1236 2118 1397 2171 χθονίησι
1419 2128 1558 2159 exstat.
1578 2120 1623 2158 In
1641 2121 1731 2159 aliis
1751 2119 2044 2171 exemplaribus
2064 2132 2183 2157 manu
2206 2132 2304 2158 exa-

1237 2179 1332 2218 ratis
1367 2188 1425 2218 est
1459 2182 1646 2232 χοανῆσιν.
1682 2179 1938 2219 Casaubonus
1973 2178 2098 2217 edidit
2129 2179 2305 2230 λεπτῆσιν

1237 2237 1399 2292 ὀθόνῃσιν
1435 2238 1604 2292 ἐχεύατο,
1631 2247 1676 2278 ut
1704 2248 1839 2291 postea
1867 2237 2058 2276 Sturzius.
2081 2237 2304 2277 Alexander

1240 2297 1563 2350 Aphrodisiensis
1595 2296 1756 2349 ὀθόνῃσιν
1789 2307 1827 2336 et
1859 2296 2008 2350 ἐχεύατο
2030 2297 2138 2347 legit.
2171 2296 2303 2343 Quum

1240 2366 1368 2396 autem
1384 2357 1452 2396 alii
1466 2357 1692 2397 Aristotelis
1706 2357 1862 2396 codices
1877 2356 2038 2409 ἐχεύατο,
2052 2356 2121 2395 alii
2133 2357 2200 2409 λοχ
2203 2355 2304 2401 ἅζετο

1241 2414 1430 2463 habeant,
1462 2415 1731 2466 quaesiverunt
1760 2415 2020 2467 interpretes,
2042 2423 2175 2453 utrum
2205 2414 2306 2453 illud

1241 2487 1290 2511 an
1310 2473 1386 2512 hoc
1415 2474 1560 2512 rectius
1593 2483 1706 2513 esset.
1743 2473 1885 2512 Verum
1921 2474 1991 2525 qui
2019 2472 2169 2526 ἐχεύατο
2203 2474 2307 2512 tueri

1241 2533 1398 2572 student
1429 2534 1477 2572 ad
1508 2533 1676 2585 ineptias
1709 2534 1963 2584 confugiunt,
1989 2534 2095 2573 velut
2127 2533 2308 2572 Sturzius

1243 2591 1391 2646 ἐχεύατο
1411 2592 1569 2645 passiva
1588 2600 1778 2644 potestate
1796 2593 2069 2644 accipiendum
2088 2593 2224 2631 dicens
2239 2623 2250 2643 ‚
2266 2602 2309 2632 ut

1244 2653 1295 2691 sit
1326 2654 1552 2702 diffunditur
1580 2660 1618 2690 et
1647 2651 1696 2690 ad
1727 2654 1971 2692 accusativos
1990 2651 2153 2693 κύκλοπα
2179 2652 2308 2705 κούρην

1243 2713 1558 2764 praepositionem
1572 2710 1637 2750 ἀνά
1651 2710 1962 2751 subaudiendam
1974 2726 2057 2752 esse
2068 2713 2309 2753 contendens

1243 2771 1315 2810 hac
1336 2771 1527 2811 sententia
1548 2785 1556 2809 ι
1574 2786 1649 2821 per
1661 2775 1882 2809 circularem
1902 2775 2003 2811 oculi
2014 2776 2207 2824 pupillam
2226 2773 2311 2811 sive

1239 2834 1440 2882 pupulam.
1459 2830 1567 2870 Nihil
1589 2830 1750 2871 difficile
1766 2831 1808 2870 in
1826 2833 1950 2871 altera
1978 2833 2175 2885 scriptura
2199 2832 2308 2884 λοχά-

1244 2891 1340 2939 ζετο,
1361 2891 1403 2928 in
1421 2904 1500 2941 qua
1515 2891 1751 2943 explicanda
1767 2891 1911 2931 frustra
1928 2893 2128 2931 laboravit
2147 2892 2310 2931 Karste-

1245 2951 1348 2987 nius.
1363 2948 1401 2988 Is
1413 2950 1517 2988 enim
1532 2963 1689 2989 sensum
1704 2950 1811 2989 hunc
1824 2964 1905 2990 esse
1917 2951 2130 2991 arbitratur
2148 2966 2156 2990 :
2175 2969 2191 2986 α
2207 2952 2310 3001 ignis

1245 3009 1371 3048 oculis
1391 3010 1567 3049 inclusus
1583 3010 1774 3063 pupulam
1794 3012 2038 3051 tenuissimis
2067 3005 2309 3050 membranis

1246 3078 1426 3119 tanquam
1445 3073 1719 3121 speculatorem
1736 3074 1911 3118 occuluit,
1937 3077 2068 3122 sepsit.
2091 3089 2107 3106 ι»
2129 3070 2215 3109 Jam
2237 3085 2308 3123 pu-

1245 3129 1377 3180 pulam
1393 3130 1516 3182 sepsit
1530 3130 1633 3169 idem
1649 3144 1733 3170 esse
1749 3130 1948 3170 existimat
1961 3131 2068 3183 quod
2081 3145 2162 3169 sese
2175 3136 2308 3182 sepsit,

1246 3190 1339 3240 quia
1366 3191 1517 3242 pupula
1544 3190 1650 3229 oculi
1679 3191 1802 3229 aciem
1832 3191 2030 3229 contineat
2058 3199 2174 3241 atque
2210 3189 2308 3227 adeo

1247 3249 1351 3287 oculi
1373 3251 1437 3288 fax
1457 3251 1522 3290 sit.
1541 3250 1617 3289 Sed
1643 3250 1857 3302 λοχάζεσθαι
1886 3250 1993 3302 quod
2022 3259 2059 3288 et
2091 3250 2176 3301 ipse
2205 3248 2310 3286 haud

1247 3308 1359 3348 aliter
1378 3319 1494 3361 atque
1511 3311 1622 3364 λοχᾷν
1642 3309 1692 3348 ab
1710 3309 1947 3362 Empedocle
1967 3318 2199 3360 usurpatum
2227 3321 2311 3346 esse

1248 3381 1339 3407 reor
1369 3369 1555 3421 adjuncto
1587 3370 1812 3409 accusativo
1843 3370 1901 3408 sic
1924 3369 2105 3419 intelligo
2137 3376 2179 3406 ut
2206 3366 2309 3418 apud

1250 3427 1434 3468 Herodot.
1452 3428 1523 3469 lib.
1542 3433 1588 3478 V,
1613 3443 1683 3467 121
1706 3427 1882 3481 ἐλόχησαν
1901 3427 1965 3475 τὴν
1982 3429 2016 3466 ἐν
2035 3426 2197 3478 Πηδάσῳ
2215 3424 2310 3474 ὁδόν,

1250 3491 1354 3525 viam
1375 3491 1604 3526 Pedasoeam
1625 3491 1772 3525 insidiis
1799 3490 1991 3526 collocatis
2013 3493 2246 3535 occuparunt
2274 3492 2311 3520 ec

1249 3552 1358 3595 quasi
1380 3550 1597 3598 implerunt.
1618 3546 1810 3585 Similiter
1828 3545 2084 3597 Empedocles
2108 3558 2116 3580 :
2142 3541 2312 3594 λοχάζετο

2175 3615 2201 3644 4.
