2612 3814
338 214 415 246 400

337 294 428 333 κατά
450 310 486 332 τε
506 294 566 339 τὰς
587 295 774 348 προσόδους
794 294 854 333 καὶ
885 294 945 340 τὰς
972 294 1119 349 ἀφόδους
1150 295 1384 345 μεταόάλλων

336 352 394 391 τὸν
415 352 500 403 ἀέρα
520 355 672 406 συνεχῶς
685 353 770 407 πρὸς
790 352 891 405 λόγον
907 352 1036 406 ψύχους
1055 368 1090 391 τε
1104 353 1163 392 καὶ
1183 354 1386 406 θερμασίας,

336 405 365 465 ᾧ
384 413 675 451 συνεπακολουθεῖ
691 412 750 451 καὶ
769 411 831 460 τὴν
849 415 914 464 γῆν
934 411 1169 463 μεταὸάλλειν
1190 412 1249 451 καὶ
1269 412 1385 451 πάντα

336 470 380 509 τὰ
403 470 460 509 ἐπὶ
483 474 558 522 γῆς.
619 472 726 522 §23.
752 465 801 511 1⁴23
823 470 859 510 δὲ
891 470 966 524 ἔχει
996 471 1055 510 καὶ
1092 474 1114 520 ἡ
1144 470 1286 516 λόξωσις
1317 473 1384 508 τῶν

337 529 467 575 ζωδίων
491 533 552 568 τοῦ
570 530 676 569 πόλου
705 530 789 583 πρὸς
805 530 869 577 τὴν
894 533 953 568 τοῦ
971 529 1072 576 ἡλίου
1100 530 1222 583 φοράν.
1280 530 1383 569 Αἷτία

336 587 402 641 γὰρ
418 586 477 626 καὶ
492 588 578 635 αὐτὴ
601 591 662 636 τῆς
681 587 845 641 γενέσεώς
864 590 950 627 ἐστι·
970 588 1119 628 καθόλου
1136 589 1170 627 δὲ
1186 592 1207 643 ἡ
1222 592 1283 627 τοῦ
1298 604 1385 626 παν-

336 646 392 690 τὸς
412 646 660 698 διακόσμησις,
680 647 770 686 ὥστε
788 643 877 686 εἶναι
905 648 939 685 ἐν
962 648 1050 700 αὐτῇ
1074 646 1113 685 τὸ
1130 649 1192 698 μὲν
1213 651 1332 686 ποιοῦν
1348 647 1387 686 τὸ

337 707 372 746 δὲ
396 707 545 760 πάσχον·
565 707 603 745 τὸ
624 706 687 757 μὲν
716 701 774 746 οὖν
797 709 831 746 ἐν
856 706 963 760 ἑτέρῳ
982 707 1130 758 γεννῶν,
1158 706 1197 745 τὸ
1226 706 1385 759 ὑπεράνω

336 766 482 814 σελήνης
503 766 586 804 ἐστί·
608 766 646 804 τὸ
667 765 701 805 δὲ
723 768 756 803 ἐν
777 767 892 818 ἑαυτῷ
914 766 953 804 τὸ
967 764 1133 804 ὑποκάτω
1149 765 1309 813 σελήνης.
1333 766 1385 805 Τὸ

336 823 372 862 δὲ
389 824 422 869 ἐξ
441 824 646 877 ἀμφοτέρων
674 826 787 862 αὐτῶν
805 853 816 874 ,
846 829 906 863 τοῦ
933 823 996 874 μὲν
1026 824 1080 863 ἀεὶ
1101 823 1234 869 Θέοντος
1267 824 1358 862 θείου
1374 855 1382 871 ,

335 886 394 921 τοῦ
414 883 449 922 δὲ
471 883 523 921 ἀεὶ
545 882 826 934 μεταὸάλλοντος
844 886 989 934 γενητοῦ
1011 882 1142 935 κόσμος
1163 883 1232 935 ἄρα
1248 883 1355 923 ἐστίν.

761 994 881 1033 ΚΕΦ.
914 995 956 1033 Γ.

386 1106 407 1154 5
434 1113 463 1143 1.
492 1103 686 1156 Ἀνθρώπου
706 1103 740 1143 δὲ
756 1104 848 1157 ἀρχὴ
865 1104 1031 1156 γενέσεως
1047 1105 1170 1158 πρώτη
1190 1105 1227 1144 οὗ
1243 1104 1379 1156 γέγονεν

331 1164 370 1201 ἐκ
388 1166 468 1214 γῆς,
492 1162 570 1201 οὐδὲ
595 1165 663 1202 τῶν
691 1164 806 1202 ἄλλων
834 1163 930 1209 ζώων
954 1163 1032 1203 οὐδὲ
1061 1166 1177 1217 φυτῶν
1190 1194 1204 1214 ‚
1231 1165 1306 1202 ἀλλ’
1329 1163 1382 1203 ἀεὶ

331 1224 392 1268 τῆς
413 1221 675 1272 διακοσμήσεως
694 1221 801 1270 οὔσης
814 1253 824 1272 ‚
843 1222 980 1275 ἀνάγκη
998 1222 1058 1262 καὶ
1073 1223 1117 1262 τὰ
1137 1222 1381 1275 ἐνυπάρχοντα

332 1282 391 1318 καὶ
411 1279 455 1317 τὰ
474 1280 823 1331 ἐνδιακεκοσμημένα
849 1286 1065 1323 συνυπεῖναι.
1143 1284 1290 1335 Πρῶτον
1319 1280 1380 1333 μὲν

330 1337 397 1390 γὰρ
415 1338 468 1376 ἀεὶ
482 1338 575 1382 ὄντος
591 1343 650 1377 τοῦ
670 1338 804 1390 κόσμου
817 1369 827 1386 ,
847 1341 1036 1390 ἀναγκαῖον
1061 1339 1121 1378 καὶ
1142 1339 1185 1377 τὰ
1202 1339 1293 1392 μέρη
1313 1341 1379 1378 αὗ-

331 1400 389 1436 to&
411 1397 659 1451 συνυπάρχειν·
677 1397 770 1450 λέγω
793 1398 828 1437 δὲ
858 1398 947 1451 μέρη
968 1398 1129 1451 οὐρανόν,
1151 1401 1237 1451 γῆν,
1258 1399 1296 1437 τὸ
1317 1414 1380 1449 με·

330 1455 415 1500 ταξὺ
447 1456 591 1506 τούτων,
613 1455 690 1504 ὃδὴ
712 1457 898 1510 μετάρσιον
918 1458 980 1495 καὶ
1010 1456 1124 1509 ἀέριον
1148 1459 1378 1508 ὀνομάζεται,

331 1516 370 1553 οὗ
390 1514 458 1567 γὰρ
479 1515 559 1554 ἄνευ
579 1516 723 1564 τούτων,
742 1516 832 1554 ἀλλὰ
849 1515 910 1554 σὺν
930 1517 1060 1560 τούτοις
1078 1516 1139 1554 καὶ
1156 1518 1194 1554 ἐκ
1213 1515 1342 1555 τούτων
1363 1519 1381 1554 ὁ

330 1573 469 1624 κόσμος.
526 1575 548 1624 S
567 1581 601 1613 2.
621 1577 702 1613 Τῶν
721 1573 756 1612 δὲ
776 1576 891 1626 μερῶν
908 1573 1222 1627 συνυπαρχόντων,
1243 1574 1379 1626 ἀνάγκη

330 1632 390 1670 καὶ
403 1631 447 1669 τὰ
460 1631 739 1685 ἐμπεριεχόμενα
761 1632 996 1684 συνυπάρχειν
1017 1635 1142 1676 αὐτοῖς·
1162 1635 1297 1685 οὐρανῷ
1315 1632 1378 1684 μὲν

328 1687 443 1743 ἥλιον,
465 1690 628 1738 σελήνην,
650 1691 817 1734 ἀπλανεῖς
832 1706 870 1730 τε
891 1691 1040 1744 ἀστέρας
1053 1691 1113 1730 καὶ
1127 1690 1320 1740 πλανήτας,
1337 1694 1380 1742 τῇ

330 1747 366 1787 δὲ
385 1751 430 1801 γῇ
455 1750 525 1794 ζῶα
540 1779 550 1796 ,
574 1749 665 1801 φυτά
678 1781 687 1796 ,
710 1749 839 1803 χρυσόν
851 1781 862 1802 ,
882 1750 1030 1803 ἄργυρον
1043 1780 1053 1798 ,
1069 1749 1248 1804 μεταρσίῳ
1265 1748 1300 1788 δὲ
1322 1750 1380 1788 καὶ

331 1808 438 1861 ἀερίῳ
459 1808 643 1859 πνεύματα
657 1840 667 1859 ,
688 1809 837 1860 ἄνεμον,
862 1809 1062 1861 μεταὸολὴν
1085 1809 1141 1848 ἐπὶ
1158 1809 1196 1848 τὸ
1215 1808 1379 1861 θερμότε·

331 1883 405 1921 ρον,
426 1867 625 1919 μεταὸολὴν
649 1869 704 1908 ἐπὶ
718 1868 756 1906 τὸ
770 1868 995 1922 ψυχρότερον·
1017 1868 1078 1906 σὺν
1103 1867 1214 1921 τούτῳ
1230 1868 1298 1920 γὰρ
1318 1869 1380 1906 οὖ-

333 1925 451 1980 ρανός,
470 1925 529 1965 σὺν
559 1929 608 1979 τῷ
627 1926 672 1965 τὰ
700 1927 933 1979 περιεχόμενα
966 1926 1074 1979 ἔχειν,
1102 1926 1161 1965 καὶ
1190 1926 1249 1965 σὺν
1270 1926 1382 1979 τούτῳ

327 2076 399 2110 edd.
425 2078 545 2110 Lovan.
568 2079 601 2110 et
620 2078 780 2119 Rudolpb.
800 2078 944 2119 Reliquae
964 2077 1037 2110 edd.
1064 2078 1216 2110 exhibent
1238 2078 1319 2109 κατά
1342 2089 1379 2118 γε

326 2135 379 2161 τας
390 2136 440 2166 πρ.

366 2172 485 2213 ψύχους
500 2170 549 2213 τε]
568 2171 664 2203 codd.
687 2173 776 2203 Parr.
794 2173 826 2204 et
842 2172 929 2211 Vat.;
950 2171 1028 2204 item
1049 2171 1122 2204 edd.
1144 2173 1267 2205 Lovan.
1293 2174 1378 2205 Bau.

326 2220 425 2259 Rud.;
444 2231 476 2252 τε
493 2219 648 2252 omissum
663 2222 711 2252 est
724 2219 809 2259 apud
827 2218 1016 2252 Vizzanium
1036 2222 1067 2252 et
1089 2219 1280 2259 Patricium,
1294 2219 1377 2261 apud

315 2267 562 2300 'commelinum
580 2276 656 2299 vero
674 2269 706 2299 et
722 2267 801 2299 alios
821 2267 915 2299 uncis
936 2266 1108 2299 inclusum.

366 2313 406 2345 τὰ
429 2314 478 2345 ἐπὶ
492 2313 560 2356 γῆς]
574 2313 669 2347 codd.
691 2315 795 2354 Parr.;
814 2313 854 2345 τὰ
868 2313 957 2346 deest
976 2313 1009 2346 in
1025 2313 1166 2346 Vizzanii
1185 2313 1335 2346 editione.

366 2359 385 2401 §
408 2364 457 2394 23.
481 2360 623 2403 λόξωσις]
645 2362 719 2394 cod.
734 2363 808 2394 Par.
828 2363 880 2402 A.;
898 2360 996 2402 vulgo
1012 2360 1110 2401 λόξις,
1128 2360 1221 2402 cujus
1234 2361 1304 2393 loco
1322 2364 1378 2394 Pa-

327 2407 437 2439 tricius
451 2408 535 2445 λὸξυς
550 2408 655 2441 habet.
673 2409 734 2442 Sed
750 2409 868 2442 Galeus
884 2409 949 2449 jam
964 2412 1050 2441 recte
1061 2409 1191 2446 λόξωσις
1202 2409 1349 2448 conjecit.

366 2453 476 2496 πόλου]
485 2454 578 2492 πόλος
591 2455 643 2487 hic
659 2455 878 2497 accipiendum
896 2458 944 2488 est
962 2464 1020 2497 pro
1033 2456 1134 2497 coeIo,
1150 2465 1213 2497 qua
1227 2455 1379 2498 signitica-

326 2499 412 2534 tione
437 2501 499 2534 hoc
526 2502 720 2534 vocabulum
743 2511 806 2535 non
825 2503 929 2536 solum
952 2502 1036 2544 apud
1054 2505 1164 2547 poetas
1186 2503 1301 2544 legitur
1321 2504 1375 2544 (ct.

327 2545 462 2588 interpp.
481 2548 519 2580 ad
537 2549 649 2582 Horat.
666 2551 774 2582 carm.
789 2552 817 2590 I,
836 2553 887 2588 28,
904 2549 950 2592 6),
965 2558 1078 2582 verum
1099 2550 1195 2583 etiam
1207 2550 1292 2591 apud
1308 2551 1375 2591 phi·

327 2592 487 2635 losophos.
504 2595 646 2629 AEscbin.
667 2598 755 2629 Socr.
773 2597 854 2630 Dial.
870 2599 931 2638 ΙΙΙ,
955 2600 992 2630 19
1012 2600 1090 2630 :toti
1113 2597 1147 2630 δὲ
1168 2597 1266 2630 πόλου
1290 2598 1376 2635 ὄντος

327 2641 548 2682 σφαιροειδοῦς.
567 2642 640 2674 Vid.
654 2643 790 2676 Dorvill.
807 2644 845 2676 ad
860 2644 1023 2676 Chariton.
1039 2652 1070 2685 p.
1085 2648 1158 2677 652.

368 2687 420 2718 καὶ
438 2688 515 2726 αὐτὴ
538 2692 591 2727 τῆς
615 2689 699 2730 γεν.]
723 2690 816 2722 codd.
839 2692 926 2723 Parr.
953 2692 988 2723 Β.
1012 2693 1044 2723 et
1064 2693 1103 2724 C.
1124 2691 1282 2723 Patricius
1300 2700 1370 2732 pag.

329 2737 388 2768 239
411 2738 443 2768 et
462 2739 519 2768 254
538 2739 570 2770 et
587 2739 747 2780 pleraeque
765 2740 853 2781 edd.;
875 2741 929 2773 καὶ
947 2741 1026 2780 αὕτη
1044 2744 1099 2780 τῆς
1122 2752 1186 2782 γεν.
1208 2741 1280 2774 cod.
1300 2743 1373 2774 Par.

327 2784 366 2814 A.
387 2785 419 2815 et
435 2783 485 2814 ed.
509 2787 627 2816 Lovan.

371 2831 520 2871 γενέσεώς
538 2832 623 2874 ἐστι]
643 2833 707 2864 ἐστι
729 2834 885 2866 omissum
901 2843 920 2866 a
938 2835 1098 2875 Nogarola
1115 2837 1149 2868 et
1168 2835 1305 2868 Patricio
1318 2845 1374 2868 ex·

328 2880 393 2912 stat
409 2877 440 2909 in
460 2878 554 2910 codd.
572 2881 662 2912 Vatt.
683 2880 793 2913 Barth.
815 2882 848 2913 ει
863 2881 966 2914 tribus
981 2882 1225 2914 parisiensibus.

367 2927 398 2958 ἐν
417 2925 509 2967 ἑτέρῳ
532 2929 646 2966 γεννῶν
671 2927 706 2958 τὸ
728 2927 870 2969 ὑπεράνω
898 2929 1028 2967 σελήνης
1048 2929 1138 2970 ἐστί]
1159 2929 1256 2961 codd.
1284 2931 1372 2962 Part.

327 2976 354 3006 A
387 2974 420 3005 et
438 2974 488 3013 C.;
511 2972 566 3004 sed
589 2972 620 3005 in
637 2973 708 3006 cod.
724 2975 760 3006 B.
780 2974 856 3006 item
878 2975 972 3008 codd.
989 2977 1065 3007 Vat.
1085 2979 1118 3008 et
1139 2977 1172 3007 in
1200 2976 1308 3008 Barth.
1326 2977 1375 3008 te-

326 3019 428 3052 stibus
442 3019 593 3051 Vizzanio
608 3021 640 3052 et
655 3020 875 3053 Siebenkeesio
888 3021 1000 3061 legitur
1015 3023 1161 3064 ἀνωτέρω
1176 3026 1286 3063 γενῶν.
1299 3024 1372 3056 Viz-

328 3066 436 3102 zanius
461 3070 491 3099 et
506 3067 677 3100 Battaesius
700 3069 753 3099 ὑπ.
770 3071 823 3106 τῆς
844 3069 983 3106 σελήνης.
1014 3069 1195 3101 Articulum
1216 3072 1307 3103 uncis
1326 3072 1375 3103 in-

326 3113 421 3146 clusit
441 3114 657 3146 Commelinus
672 3116 767 3155 alque
783 3114 849 3147 alii.

367 3160 403 3192 τὸ
417 3160 449 3192 δὲ
465 3161 495 3192 ἐν
512 3161 613 3202 ἑαυτῷ
635 3180 677 3187 -
688 3161 815 3199 σελήνης
830 3160 841 3202 l
857 3163 980 3194 Desunt
996 3161 1066 3194 linec
1078 3162 1110 3194 in
1125 3163 1198 3195 cod.
1216 3165 1290 3196 Vat.

367 3217 435 3246 κεφ.
453 3204 497 3248 γ’]
510 3215 574 3238 om.
598 3207 629 3238 in
644 3207 737 3239 codd.
755 3209 844 3239 Parr.

369 3251 389 3294 §
407 3258 435 3284 1.
450 3253 482 3284 δὲ
498 3252 597 3295 ἀρχὴ]
610 3253 703 3285 codd.
719 3255 807 3286 Parr.
825 3255 862 3286 A.
885 3254 916 3287 et
930 3256 967 3287 G.
983 3255 1113 3288 Vlzzan.
1126 3257 1158 3289 et
1169 3256 1220 3288 ed.
1236 3258 1371 3297 Lovan.;

328 3300 384 3332 sed
398 3299 517 3332 Galeus
532 3300 559 3331 δ’
576 3301 668 3340 ἀρχή.

368 3346 437 3379 οὐδὲ
454 3345 573 3388 φυτῶν]
590 3347 684 3378 codd.
707 3348 793 3379 Parr.
810 3349 846 3380 A.
868 3349 900 3379 et
922 3348 975 3388 C.;
996 3347 1069 3380 cod.
1093 3350 1134 3380 B.
1167 3349 1238 3381 οὔτε
1256 3353 1371 3391 φυτῶν,

329 3393 416 3435 quod
436 3393 465 3425 in
480 3393 632 3425 omnibus
655 3397 701 3425 est
719 3394 925 3426 editionibus.

367 3440 688 3482 ἐνδιακεκοσμημένα]
701 3441 793 3474 codd.
811 3443 916 3482 Parr.;
936 3443 1156 3484 κεκοσμημένα
1168 3442 1240 3475 cod.
1255 3445 1326 3475 Vat.

1204 207 1386 247 OCELLI
1416 207 1607 247 LUCANI

1446 304 1537 327 cessu
1555 304 1660 327 aerem
1681 291 1883 329 continenter
1904 296 2055 330 immutat
2074 301 2106 330 et
2132 297 2254 336 variat,
2277 306 2335 339 pro
2351 298 2496 340 portione

1447 354 1570 395 frigoris
1586 355 1618 386 et
1630 354 1762 395 caloris,
1773 354 1864 396 cuius
1878 356 2088 389 mutationem
2107 357 2253 397 sequitur
2270 359 2363 391 terrae
2387 359 2495 392 muta-

1446 412 1492 445 tio
1517 414 1679 445 eteorum
1698 422 1772 454 quae
1794 416 1869 447 sunt
1898 415 1930 447 in
1950 418 2046 448 terra.
2075 415 2095 458 §
2115 417 2165 449 23.
2194 415 2375 459 obliquitas
2397 417 2496 451 ettam

1445 471 1608 512 signorum
1637 472 1816 506 coelestium
1845 474 1884 506 ad
1904 474 1982 508 solis
2016 479 2142 507 motum
2174 476 2316 509 maxime
2347 476 2496 517 concert.

1446 539 1520 563 cum
1539 535 1571 563 et
1597 530 1664 572 ipsa
1683 533 1897 572 generationis
1926 542 2023 567 causa
2042 534 2105 575 sit,
2131 535 2165 567 et
2189 535 2321 568 omnino
2346 534 2496 570 ordinata

1447 589 1585 621 universi
1601 590 1809 631 compositio,
1825 600 1888 632 qua
1910 591 1946 624 lit
1963 594 1999 625 ut
2017 593 2081 625 alia
2103 601 2178 635 pars
2195 595 2289 634 agat,
2311 594 2374 626 alia
2394 593 2497 636 patie-

1447 650 1510 682 tur.
1558 648 1652 687 Quod
1673 658 1749 691 ergo
1767 649 1799 682 in
1821 650 1884 683 alio
1900 652 2055 692 generat,
2077 661 2173 694 supra
2189 653 2298 685 lunam
2312 677 2322 693 ,
2336 652 2422 694 quod
2435 661 2496 687 eu·

1445 709 1510 740 tem
1529 708 1609 741 inse
1637 708 1727 750 ipso,
1753 709 1834 742 intra
1862 718 1934 743 eam
1960 711 2153 744 collocatum
2177 713 2226 745 est
2249 725 2257 745 :
2292 715 2326 746 at
2341 711 2430 754 quod
2455 722 2497 747 ex

1445 766 1602 799 ambabus
1619 769 1744 800 constat
1760 768 1922 809 partibus,
1946 778 1987 802 ex
2009 779 2074 802 una
2090 770 2221 812 quidem
2241 772 2351 805 divina
2367 775 2401 805 et
2411 780 2494 806 sem·

1447 835 1502 866 per
1515 829 1681 867 currente,
1701 836 1743 859 ex
1757 828 1858 860 altera
1876 836 1952 860 vero
1968 829 2075 869 genita
2087 853 2096 870 ,
2114 833 2146 863 et
2163 830 2399 864 mutationibus
2421 839 2496 874 per-

1446 886 1542 925 petuo
1559 886 1718 925 obnoxia,
1736 886 1766 918 id
1783 889 1870 920 certe
1884 887 2024 920 mundus
2045 890 2105 920 est.

1885 1006 1976 1038 CAP.
2002 1007 2061 1039 111.
2101 1038 2107 1043 ,

1487 1116 1506 1158 §
1530 1122 1556 1149 Ι.
1576 1118 1642 1150 Nec
1657 1125 1732 1149 vero
1751 1118 1892 1158 primum
1910 1118 2043 1161 humani
2060 1119 2153 1151 ortus
2174 1118 2323 1160 initium,
2338 1120 2498 1162 quemad-

1446 1173 1577 1206 modum
1605 1182 1665 1206 nec
1688 1176 1879 1205 caeterorum
1905 1174 2114 1216 animalium,
2137 1183 2243 1216 neque
2273 1175 2455 1218 plantarum
2479 1183 2498 1208 e

1445 1231 1530 1262 terra
1546 1228 1680 1261 ductum
1710 1229 1782 1270 est,
1798 1228 1854 1261 sed
1880 1229 1991 1260 mundi
2020 1231 2152 1262 ornatus
2175 1233 2207 1263 et
2237 1229 2403 1272 dispositio
2421 1238 2497 1262 cum

1444 1291 1570 1325 semper
1591 1287 1794 1325 permaneat,
1818 1292 1854 1316 ea
1876 1293 2006 1325 quoque
2028 1293 2101 1325 quae
2127 1285 2160 1318 in
2179 1295 2218 1319 eo
2234 1285 2389 1327 disposita
2411 1284 2498 1327 dige-

1444 1340 1558 1379 staque
1576 1340 1652 1370 sunt
1671 1347 1798 1379 semper
1812 1339 1910 1371 simul
1926 1339 2036 1386 adesse
2056 1347 2186 1372 necesse
2209 1341 2272 1373 est.
2317 1341 2428 1379 Quum
2442 1339 2495 1382 igi-

1445 1397 1496 1426 lur
1513 1393 1656 1426 mundus
1681 1396 1822 1426 aeternus
1847 1395 1904 1435 sit,
1922 1396 2029 1435 partes
2055 1404 2185 1436 quoque
2198 1397 2269 1436 ejus
2284 1405 2349 1429 una
2368 1405 2495 1439 semper

1443 1459 1512 1482 esse
1531 1454 1674 1491 oportet3
1694 1451 1798 1491 partes
1817 1452 1925 1483 autem
1944 1450 2016 1482 dico
2035 1452 2153 1482 coelum
2173 1454 2206 1484 ει
2221 1454 2342 1484 terram
2365 1454 2398 1495 et
2421 1462 2492 1494 spa-

1443 1507 1524 1538 tium
1542 1506 1744 1546 interiectum
1765 1504 1851 1547 quod
1867 1505 2004 1538 sublime
2020 1507 2052 1538 et
2068 1506 2192 1539 aerium
2213 1510 2348 1540 vocatur
2366 1516 2375 1537 ε
2392 1494 2495 1550 neque

1444 1563 1528 1595 enim
1545 1562 1612 1594 sine
1628 1561 1665 1594 iis
1677 1586 1686 1601 ‚
1705 1561 1760 1594 sed
1775 1570 1850 1594 cum
1868 1561 1907 1594 iis
1922 1563 2020 1604 atque
2036 1571 2075 1595 ex
2093 1563 2131 1596 iis
2144 1564 2314 1596 concretus
2330 1564 2382 1598 est
2395 1573 2492 1598 mun·

1444 1617 1516 1650 dns,
1563 1616 1582 1658 §
1600 1621 1630 1649 2.
1655 1615 1716 1649 Sed
1733 1615 1809 1657 quia
1824 1617 1931 1657 partes
1952 1617 2050 1654 simul
2071 1619 2201 1650 exstant
2213 1642 2222 1658 ,
2246 1626 2376 1652 necesse
2391 1620 2441 1652 est
2456 1627 2496 1652 ea

1443 1681 1572 1715 quoque
1589 1680 1661 1713 quae
1679 1671 1718 1704 iis
1741 1672 1960 1711 continentur,
1980 1681 2045 1704 una
2061 1681 2136 1705 cnm
2163 1674 2227 1706 illis
2248 1677 2401 1715 exstare,
2417 1682 2494 1707 cum

1443 1727 1523 1760 coelo
1537 1728 1638 1760 solem
1652 1751 1661 1767 ‚
1685 1727 1793 1760 lunam
1806 1751 1814 1766 ,
1833 1727 1942 1760 stellas
1961 1728 2027 1760 tam
2044 1727 2222 1760 inerrantes
2243 1736 2342 1770 quam
2364 1723 2464 1770 vagas
2481 1742 2491 1762 ε

1443 1789 1518 1812 cum
1541 1782 1626 1813 terra
1649 1780 1821 1820 animalia,
1843 1780 1989 1822 plantas,
2013 1789 2129 1814 aurum
2155 1784 2188 1815 et
2207 1783 2376 1823 argentum
2394 1793 2404 1815 ε
2419 1791 2494 1816 cum

1442 1834 1574 1865 sublimi
1592 1837 1624 1866 et
1641 1834 1726 1866 aeria
1743 1834 1869 1875 regione
1882 1834 2012 1875 spiritus
2034 1835 2067 1867 et
2083 1835 2218 1877 ventos,
2242 1844 2367 1869 necnon
2387 1838 2495 1869 muta-

1444 1886 1562 1918 tionem
1579 1886 1611 1917 in
1626 1886 1738 1918 caloris
1754 1889 1787 1918 et
1802 1885 1924 1926 frigoris
1941 1886 2006 1919 vim
2029 1885 2196 1927 maiorem.
2225 1888 2308 1920 Cum
2329 1887 2379 1920 bis
2393 1888 2495 1929 enim,

1444 1939 1475 1972 id
1489 1941 1536 1971 est
1553 1948 1626 1970 cum
1642 1939 1680 1971 iis
1702 1947 1775 1980 quat·¹
1802 1947 1839 1971 eo
1857 1940 2066 1972 continentur
2086 1948 2162 1973 vere
2178 1938 2299 1974 coel'um
2322 1943 2394 1983 est,
2415 1950 2490 1974 cum

1486 2077 1685 2119 συνυπεῖναι]
1700 2077 1795 2110 codd.
1830 2080 1918 2110 Patr.
1941 2080 2039 2117 atque
2065 2078 2138 2110 edd.
2161 2080 2242 2111 ιον.
2264 2080 2391 2112 comm.
2420 2079 2493 2113 Gal.

1440 2127 1539 2166 Batt.;
1559 2129 1735 2158 συνεπεῖναι
1750 2126 1883 2158 Vizzan.
1901 2127 2057 2165 Dargens.
2077 2128 2222 2159 Roterm.

1482 2174 1557 2214 μέρη
1577 2171 1691 2214 αὐτοῦ]
1718 2171 1814 2204 codd.
1838 2174 1924 2204 Parr.
1955 2175 2030 2205 vat.
2058 2174 2183 2213 Baetb.;
2206 2174 2364 2214 Nogarola
2385 2174 2491 2208 αὑτοῦ.

1481 2221 1631 2262 οὐρανὸν,
1652 2218 1732 2261 γῆν]
1747 2219 1819 2251 cod.
1844 2222 1919 2252 Par.
1938 2221 1988 2259 C.;
2005 2224 2064 2260 γῆν
2081 2221 2210 2262 οὐρανὸν
2232 2220 2328 2253 codd.
2347 2224 2385 2254 A.
2406 2223 2439 2254 et
2458 2223 2493 2255 B.

1481 2265 1747 2308 ἐμπεριεχόμενοι]
1764 2265 1836 2297 cod.
1855 2267 1927 2298 Par.
1952 2268 1988 2298 A.
2010 2267 2085 2299 vat.
2106 2275 2158 2307 ap.
2177 2266 2268 2298 Vizz.
2286 2268 2320 2300 et
2338 2268 2490 2302 Siebenk.

1440 2314 1539 2354 atque
1559 2313 1632 2345 edd.
1656 2312 1747 2345 Vizz.
1771 2313 1843 2345 Gal.
1863 2314 1960 2354 Darg.
1982 2314 2082 2354 Batt.;
2103 2313 2310 2356 περιεχόμενα
2333 2313 2408 2346 edd.
2431 2317 2492 2348 Lo·

1439 2368 1515 2391 van.
1536 2361 1615 2400 Nog.
1636 2360 1762 2391 comm.

1479 2407 1635 2444 πλανήτας
1649 2430 1657 2445 ,
1673 2409 1711 2448 τῇ
1726 2406 1758 2438 δὲ
1771 2405 1832 2447 γῇ]
1845 2405 1920 2438 cod.
1943 2407 2014 2438 Par.
2027 2406 2080 2445 (3.,
2094 2407 2239 2439 extrema
2254 2410 2316 2440 vox
2334 2409 2491 2457 autem‘in

1437 2455 1591 2486 contextu
1616 2454 1736 2485 omissa
1764 2451 1906 2485 secunda
1933 2460 2031 2484 manu
2052 2454 2084 2485 in
2114 2454 2258 2495 margine
2287 2455 2391 2496 posita
2418 2461 2489 2498 esl;

1437 2501 1549 2533 eadem
1570 2501 1718 2541 leguntur
1734 2500 1766 2532 in
1791 2499 1866 2532 edd.
1886 2499 1974 2532 Vizz.
2001 2500 2073 2532 Gal.
2094 2502 2192 2542 Darg.
2219 2503 2260 2535 At
2283 2501 2379 2534 codd.
2399 2504 2489 2536 Par-r.

1437 2550 1476 2580 A.
1494 2550 1526 2580 et
1547 2549 1581 2580 B.
1602 2548 1758 2586 πλανῆτας
1775 2551 1815 2587 γῇ
1831 2547 1865 2579 δὲ
1884 2549 1969 2586 ζῶα;
1987 2547 2144 2586 πλανῆτας
2163 2549 2321 2590 reperitur
2337 2549 2434 2582 etiam
2456 2550 2488 2583 in

1436 2595 1510 2627 edd.
1534 2596 1655 2627 Lovan.
1683 2596 1811 2627 comm.
1841 2595 1924 2626 Bait.
1943 2594 2136 2636 Rudolphus
2159 2595 2242 2629 lianc
2269 2596 2406 2641 sormam
2430 2606 2490 2639 pro

1435 2641 1576 2676 dorismo
1591 2642 1698 2683 habet,
1719 2642 1796 2683 quia
1814 2644 1916 2674 Dores
1933 2653 1968 2679 ας
1983 2641 2014 2673 in
2032 2642 2094 2675 boc
2112 2651 2191 2675 casu
2213 2643 2326 2686 primae
2348 2643 2489 2678 declina-

1403 2689 1406 2710 *
1435 2691 1530 2724 tionis
1548 2691 1734 2732 corripiant.
1750 2690 1871 2728 Quodsi
1898 2699 1963 2722 non
1988 2699 2070 2731 nego
2094 2691 2195 2724 dorici
2213 2691 2294 2732 quid
2322 2699 2488 2732 superesse

1437 2746 1528 2778 posse
1546 2738 1579 2770 in
1596 2738 1676 2770 libro
1693 2738 1748 2779 qui
1764 2747 1782 2771 e
1810 2737 1921 2770 dorico
1949 2746 2098 2770 sermone
2118 2738 2150 2770 in
2166 2738 2298 2770 atticum
2312 2737 2488 2771 translatus

1434 2784 1491 2825 sit,
1507 2785 1607 2818 satius
1624 2787 1732 2818 tamen
1749 2786 1799 2817 est
1819 2786 1874 2818 aut
1897 2785 2055 2822 πλανήτας
2069 2785 2207 2818 scribere
2223 2793 2297 2817 cum
2313 2785 2386 2818 cod.
2408 2786 2486 2819 Par.

1435 2833 1471 2863 C.
1494 2834 1527 2864 et
1545 2831 1831 2873 Pseudoplutarcb.
1845 2831 1887 2862 de
1912 2831 1996 2876 plac.
2015 2831 2097 2872 pliil.
2127 2832 2182 2864 lib.
2206 2833 2248 2870 Π,
2268 2836 2320 2871 15,
2337 2833 2394 2864 aut
2409 2840 2484 2864 cum

1434 2879 1566 2911 Platone
1583 2880 1751 2918 πλάνητας.
1784 2881 1864 2911 Nam
1885 2878 2121 2919 antiquioribus
2139 2879 2241 2911 stellae
2257 2879 2401 2912 errantes
2419 2888 2485 2911 non

1433 2926 1586 2964 πλανῆται
1603 2929 1697 2966 sunt,
1711 2925 1767 2958 sed
1780 2925 1941 2962 πλάνητες.
1966 2926 2116 2957 ceterum
2136 2929 2176 2966 γῇ
2198 2925 2231 2957 δὲ
2255 2925 2343 2957 solus
2357 2921 2478 2958 Bauaei

1433 2972 1498 3004 sius
1512 2973 1543 3004 in
1557 2973 1728 3005 verborum
1744 2972 1890 3004 ordinem
1908 2971 2046 3012 recepit,
2061 2971 2175 3012 reliqui
2189 2974 2227 3012 τῇ
2241 2971 2274 3003 δὲ
2290 2974 2330 3013 γῇ
2344 2972 2483 3014 scripse·

1434 3022 1523 3052 runt.

1474 3065 1623 3108 ἄργυρον]
1640 3066 1735 3099 codd.
1754 3068 1838 3105 Par.;
1852 3065 2024 3098 Vizzanius
2040 3065 2197 3107 ἀργύριον.

1475 3113 1607 3156 ἄνεμον]
1624 3114 1674 3147 Sic
1689 3114 1762 3146 cod.
1785 3115 1859 3146 Par.
1882 3114 1933 3153 C.;
1958 3113 2012 3145 sed
2034 3113 2105 3144 cod.
2131 3116 2169 3145 A.
2197 3113 2330 3153 ἄνεμος,
2353 3111 2424 3145 cod.
2447 3115 2481 3147 Β.

1433 3162 1464 3191 ει
1482 3163 1555 3194 vat.
1576 3162 1717 3203 ἀνέμους.
1740 3162 1777 3193 ln
1788 3160 1860 3192 edd.
1878 3162 1957 3200 Nog.
1977 3162 2105 3192 comm.
2127 3162 2210 3193 Batt.
2229 3163 2260 3192 et
2282 3159 2418 3192 aliorum
2432 3163 2482 3193 est

1433 3205 1558 3250 ἄνεμον,
1577 3208 1747 3240 Vizzanius
1760 3206 1881 3239 codicis
1894 3207 2039 3239 Vaticani
2053 3207 2221 3239 lectionem
2237 3205 2397 3248 probavit.

1475 3254 1667 3297 μεταὸολήν]
1683 3253 1776 3287 codd.
1790 3255 1876 3286 Part.
1892 3255 1929 3285 A.
1945 3254 1977 3285 et
1993 3255 2042 3291 B.;
2065 3254 2218 3295 μεταὸολὴ
2234 3252 2307 3286 cod.
2326 3254 2364 3286 G.

1474 3302 1531 3334 σὺν
1545 3302 1647 3344 τούτῳ
1665 3302 1723 3343 γὰρ
1739 3300 1889 3343 οὐρανὸς]
1903 3300 1998 3333 codd.
2020 3302 2124 3341 Parr.;
2146 3300 2201 3333 sed
2217 3300 2268 3333 ed.
2286 3301 2408 3334 Lovan.
2424 3302 2483 3334 σὺν

1431 3348 1534 3390 τούτῳ
1553 3350 1587 3382 δέ
1602 3361 1637 3391 γε
1653 3349 1800 3391 οὐρανὸν.

1473 3396 1527 3426 καὶ
1545 3396 1602 3428 σὺν
1617 3395 1718 3437 τούτῳ
1737 3398 1789 3436 γῆ,
1808 3393 1864 3426 σὺν
1886 3397 1932 3436 τῷ
1949 3394 1989 3426 τὰ
2007 3394 2055 3426 ἐπ’
2075 3393 2191 3436 αὐτῆς]
2217 3393 2310 3432 codd.
2334 3396 2422 3426 Part.
2440 3397 2478 3427 A.

1433 3446 1465 3476 et
1490 3444 1527 3485 B,
1551 3454 1610 3476 nec
1627 3452 1690 3476 non
1705 3444 1795 3475 vatt.
1811 3443 1843 3475 et
1858 3442 1984 3484 Bartb.;
1997 3442 2051 3475 sed
2071 3443 2144 3475 cod.
2162 3445 2233 3475 Par.
2249 3443 2285 3474 C.
2305 3443 2360 3474 σὺν
2379 3443 2481 3484 τούτῳ
