2612 3814
734 269 785 308 IN
820 269 1148 309 EMPEDOCLIS
1179 269 1469 310 CARMINUM
1503 271 1798 319 RELIQUIAS.

173 358 342 397 nendum
367 358 517 409 aliquid
545 358 706 398 deesset.
728 358 826 397 Mihi
849 359 972 409 igitur
1005 360 1108 412 apud
1139 360 1229 398 Ari-

173 419 348 456 stotelem
367 417 618 457 scribendum
637 431 722 457 esse
735 419 864 457 visum
881 428 938 458 est
953 418 1008 457 ἀεὶ
1018 419 1087 472 γὰρ
1106 418 1229 472 περιέ-

171 481 292 516 σεσθαι
307 478 376 531 ὅπῃ
396 477 438 516 κε’
451 493 501 522 τις
517 477 589 517 αἰὲν
607 477 738 531 ε’ρείδῃ,
755 488 793 517 et
807 480 910 532 apud
925 480 1200 532 Empedoclem
1219 495 1227 518 :

171 536 240 575 αἰεὶ
261 537 329 590 γὰρ
357 536 542 590 περιέσται
559 536 629 589 ὅπῃ
655 536 696 575 κε’
716 553 768 582 τις
788 538 861 578 αἷὲν
883 539 1012 592 ἐρείδῃ.
1037 539 1228 578 Caeterum

170 596 311 634 ultima
334 609 493 647 quoque
521 595 764 647 conjecturis
783 607 979 636 vexarunt
1000 598 1231 637 Karstenius

170 662 209 691 et
227 654 422 703 Steinius‚
446 655 514 692 ille
542 667 630 706 pag.
654 656 726 694 521
751 656 820 704 ὅπη
847 656 887 695 κέ
911 673 964 701 τις
991 657 1078 696 ἀντί’
1098 656 1227 710 ἕρείδῃ,

169 712 234 751 hie
257 713 326 764 ὅπῃ
353 713 393 751 κέ
411 729 461 757 τις
482 712 555 752 αἰὲν
581 714 703 767 ἐρείπῃ
733 716 972 755 exarandum
998 729 1082 755 esse
1107 726 1227 756 ratus.

168 772 244 810 Sed
265 772 327 811 his
346 773 633 812 mutationibus
650 774 760 814 locus
776 789 855 814 non
870 784 967 826 eget.

220 830 286 871 Vs.
315 832 485 881 105-107
507 833 598 871 ἀλλὰ
618 839 802 878 κακοῖς-
816 833 947 887 λόγοιο]
970 835 1150 874 Clemens
1171 836 1229 874 Al.

167 890 310 930 Strom.
334 891 379 931 V.
408 906 447 942 p.
472 892 564 938 554.
594 893 638 934 C.
658 893 742 933 Vss.
782 894 856 932 105
878 903 915 933 et
943 898 1017 934 106
1045 895 1227 934 Theodo-

167 958 273 989 retus
289 950 462 1002 Therap.
480 951 604 990 Serm.
624 952 655 1000 l,
672 953 776 1005 Opp.
794 953 842 993 T.
861 953 911 991 IV
928 967 968 1006 p.
988 956 1078 1002 476.
1098 954 1227 1000 Quum

170 1022 280 1048 mens
300 1010 470 1048 humana
487 1024 590 1063 saepe
610 1012 771 1051 incertis
787 1013 1022 1065 opinionum
1043 1013 1229 1054 fluctibus

168 1069 331 1120 agitata,
355 1070 451 1121 quid
469 1071 715 1109 statuendum
742 1072 816 1120 sit,
838 1072 1010 1121 nesciat3
1033 1073 1227 1112 malorum

167 1142 252 1168 esse
271 1129 476 1168 hominum
507 1131 561 1168 ait
582 1130 836 1183 Empedocles
857 1131 1037 1171 diffidere
1056 1134 1161 1172 veris
1185 1148 1229 1173 ac

167 1189 356 1239 legitimis
378 1198 650 1241 contemtaque
678 1191 742 1229 vel
768 1191 931 1230 deorum
952 1191 1229 1233 benevolentia

167 1248 228 1287 vel
244 1248 456 1288 divinioris
471 1250 593 1287 animi
613 1251 804 1302 sapientia
816 1251 896 1290 suis
913 1260 1062 1291 tantum
1080 1253 1228 1303 ingenii

165 1306 322 1346 viribus
331 1308 461 1347 fidere.
482 1308 594 1346 Hunc
610 1322 695 1348 esse
711 1322 867 1348 sensum
882 1311 1001 1350 trium
1020 1313 1068 1350 de
1083 1312 1227 1364 quibus

164 1366 316 1416 agimus
333 1368 620 1406 versiculorum
647 1381 668 1407 e
695 1368 910 1409 Clementis
929 1380 968 1409 et
986 1371 1227 1411 Theodoreti

163 1425 296 1464 verbis
313 1427 498 1467 efficitur.
518 1427 548 1465 E
562 1427 711 1479 quibus
728 1428 761 1466 T
764 1429 1001 1470 heodoretus
1019 1432 1044 1470 l.
1060 1446 1095 1472 e.
1117 1431 1228 1485 Ἡρά-

163 1485 297 1529 κλειτος
311 1487 328 1523 ὁ
343 1485 508 1540 Ἐφέσιος
523 1486 673 1540 εἴρηκεν·
685 1487 858 1533 Ἀξύνετοι
874 1490 1089 1537 ἀκούσαντες
1099 1498 1228 1545 κωφοῖς

163 1542 317 1583 ἐοίκασι·
339 1545 440 1598 φάτις
467 1547 602 1585 αὑτοῖσι
623 1553 812 1601 μαρτυρεῖ,
837 1549 1033 1602 παρεόντας
1063 1553 1220 1590 ἀπεῖναι.

164 1601 340 1657 ξυμφωνεῑ
366 1604 402 1643 δὲ
423 1607 473 1658 τῷ
494 1605 651 1660 Ἐφεσίῳ
674 1606 733 1645 καὶ
756 1609 774 1646 ὁ
794 1607 1062 1662 Ἀκραγαντῖνος
1089 1610 1226 1663 Ἐμπε-

164 1662 289 1711 δοκλῆς
301 1695 312 1712 ,
331 1663 444 1717 λέγων
463 1659 531 1704 ὧδε
547 1678 556 1688 ·

217 1750 308 1790 ἀλλὰ
329 1758 447 1796 κακοῖς
470 1753 531 1804 μὲν
553 1753 669 1807 κάρτα
703 1755 803 1794 πέλει
823 1756 1029 1806 κρατέουσιν
1052 1760 1225 1798 ἀπιστεῖν·

215 1804 282 1849 ὧδε
315 1811 383 1864 γὰρ
417 1813 591 1868 ἡμετέρης
622 1814 763 1854 κέλεται
792 1816 1008 1869 πιστώματα
1040 1818 1196 1868 Μούσης.

161 1903 225 1949 τῆς
235 1902 304 1939 τῶν
316 1905 433 1940 κακῶν
446 1901 514 1956 ἄρα
534 1903 687 1959 μερίδος,
701 1905 793 1944 κατὰ
813 1906 871 1945 τὸν
889 1906 1175 1960 Ἀκραγαντῖνον,
1193 1911 1225 1948 οἳ

163 1963 319 2004 ἄπιστοι.
342 1964 523 2004 Clemens
552 1979 648 2005 vero
670 1982 679 2007 :
699 1972 770 2012 τοῖς
801 1967 864 2018 μὲν
885 1969 953 2022 γὰρ
984 1971 1104 2014 κακοῖς
1125 1975 1227 2011 τοῦτο

162 2022 324 2072 σύνηθες,
346 2023 452 2075 φησὶν
471 2027 488 2063 ὁ
503 2024 774 2076 Ἐμπεδοκλῆς,
792 2027 831 2066 τὸ
850 2028 979 2068 ἐθέλειν
996 2036 1139 2083 κρατεῖν
1157 2032 1226 2069 τῶν

162 2082 302 2129 ἀληθῶν
321 2081 378 2120 διὰ
398 2086 458 2121 τοῦ
479 2084 657 2132 ἀπιστεῖν,
682 2085 709 2125 i.
732 2099 767 2125 e.
796 2100 891 2126 vera
921 2102 1001 2127 non
1031 2090 1226 2128 credendo

161 2152 348 2192 superare
369 2143 482 2193 quasi
504 2152 542 2180 et
562 2145 789 2196 opprimere
809 2147 924 2187 velle.
949 2150 1120 2200 Apparet
1139 2150 1227 2188 Cle-

161 2200 283 2238 menti
303 2200 347 2238 τὰ
368 2201 561 2253 κρατέοντα
583 2217 667 2242 esse
695 2204 739 2243 τὰ
761 2206 875 2254 ἀληθῆ
896 2220 1064 2259 eumque
1093 2210 1226 2248 consi-

161 2257 255 2297 lium
271 2259 548 2310 diffidentium,
559 2261 621 2312 cuj
628 2276 672 2301 us
682 2263 785 2315 apud
795 2263 1068 2316 Empedoclem
1080 2269 1225 2306 mentio

160 2331 240 2357 non
261 2318 325 2367 fit,
346 2329 478 2372 aperte
501 2320 691 2360 indicare.
718 2323 832 2369 Quod
854 2325 951 2375 quin
971 2334 1073 2364 recte
1092 2326 1225 2365 fecerit

161 2391 238 2416 non
259 2378 411 2419 dubito.
433 2380 624 2430 Bergkius
657 2381 705 2420 de
727 2382 887 2435 Emped.
912 2398 1078 2435 prooem.
1105 2400 1143 2437 p.
1173 2388 1222 2426 28

159 2435 398 2476 Clementem
439 2440 675 2490 pervertisse
708 2441 959 2493 Empedoclis
991 2445 1221 2483 sententiam

159 2510 347 2547 arguens,
377 2508 532 2550 poetam
564 2500 762 2539 existimat
794 2502 869 2540 hoc
902 2502 1050 2551 dicere,
1079 2518 1223 2555 pravos

160 2557 287 2595 solere
320 2559 550 2608 potentibus
583 2559 624 2598 id
657 2570 715 2599 est
746 2561 823 2600 diis
857 2563 1061 2613 refragari.
1086 2564 1223 2604 Fateor

159 2614 237 2660 τοὺς
259 2621 472 2670 κρατοῦντας
492 2632 575 2658 esse
604 2621 843 2672 imperantes
857 2651 868 2669 ,
894 2623 1084 2673 victores,
1108 2639 1221 2677 supe-

159 2675 299 2715 riores.
328 2677 378 2714 At
407 2677 644 2717 Clementem
674 2681 856 2732 vulgaria
879 2684 996 2732 graeci
1027 2687 1222 2725 sermonis

160 2735 350 2774 vocabula
371 2738 472 2776 male
492 2738 790 2791 interpretatum
824 2754 908 2780 esse
936 2743 1007 2781 vix
1031 2745 1220 2784 credibile

157 2803 226 2835 est.
244 2795 401 2836 Rectius
416 2798 646 2838 Karstenius
664 2800 764 2839 hanc
774 2800 1002 2852 juncturam
1020 2805 1191 2856 explicat
1209 2821 1217 2844 :

161 2872 175 2887 «
195 2857 321 2903 firmis
340 2863 522 2909 certisque
550 2865 780 2911 argumentis
805 2865 871 2899 vel
887 2862 1023 2910 {ffatis
1050 2877 1124 2902 non
1145 2880 1220 2903 cre-

155 2917 258 2955 dere.
285 2927 303 2946 ¹>
336 2916 509 2956 Steinius
543 2918 598 2956 ita
632 2913 775 2972 accipit
803 2921 1022 2974 κρατέουσιν,
1045 2931 1087 2960 ut
1106 2922 1220 2974 λόγοις

159 2975 368 3027 intelligat,
394 2977 497 3028 leges
518 2991 602 3017 esse
622 2979 756 3019 dicens
773 2993 844 3032 per
861 2990 1010 3020 naturae
1024 2983 1220 3022 universi-

158 3042 272 3072 tatem
303 3036 545 3087 pertinentes
573 3051 618 3076 ac
651 3038 922 3092 dominantes,
949 3042 1077 3092 qualis
1097 3051 1154 3080 est
1174 3056 1219 3082 ea

155 3105 243 3142 quae
262 3093 379 3133 modo
402 3096 707 3147 memorabatur,
731 3099 831 3137 nihil
852 3112 873 3138 e
894 3100 1022 3138 nihilo
1046 3101 1130 3138 fieri
1153 3111 1218 3140 aut

156 3151 202 3188 ad
230 3151 397 3191 nihilum
429 3155 581 3206 redigi,
601 3169 729 3209 neque
749 3167 878 3197 tamen
901 3159 982 3198 falli
1004 3159 1218 3200 arbitratur

153 3211 454 3263 interpretantes
476 3228 484 3251 :
506 3231 522 3248 α
542 3220 674 3266 eisqui
688 3228 788 3255 recte
804 3229 956 3257 monent
973 3224 1217 3272 veritatisque

155 3274 198 3306 υἱ
215 3275 379 3318 vincunt,
405 3290 421 3307 »
442 3274 583 3313 collato
602 3275 778 3316 Platonis
796 3278 884 3316 loco
904 3278 1055 3316 Phaedr.
1066 3274 1112 3331 p.
1137 3294 1212 3328 272

151 3330 170 3366 ὃ
184 3327 233 3378 μὴ
246 3330 448 3382 πειθόμενος
459 3339 594 3386 κρατεῖ,
610 3335 637 3374 i.
656 3348 688 3374 e.
708 3337 776 3388 qui
795 3337 871 3375 sibi
887 3338 1115 3390 persuaderi
1135 3353 1213 3377 non

151 3388 299 3438 patitur
324 3398 428 3429 recte
448 3392 562 3431 sentit
585 3406 629 3431 ac
649 3395 789 3435 vincit.
812 3396 954 3434 Verum
980 3398 1093 3448 prior
1114 3398 1213 3436 ratio

152 3456 321 3497 praestat.
345 3448 478 3501 Neque
498 3453 603 3491 enim
638 3457 848 3508 perspicue
868 3457 1095 3507 loqueretur
1125 3458 1212 3495 Em·
1243 3484 1249 3511 t

2308 280 2355 313 33

1293 359 1469 399 ctoribus
1498 369 1536 398 et
1570 361 1916 400 confirmatoribus
1948 362 2082 400 haberi
2117 364 2254 411 vellet,
2290 363 2357 402 sed

1293 419 1480 470 quoniam
1499 419 1569 457 illa
1589 419 1763 471 proximi
1787 433 1922 458 versus
1953 419 2168 471 πιστώματα
2198 433 2359 473 respon·

1293 478 1385 516 dent
1404 477 1614 532 κρατέουσιν
1634 491 1803 530 quorum
1824 478 1865 516 in
1885 479 2017 530 primo
2038 492 2155 517 versu
2178 481 2356 518 meminit

1293 546 1430 588 poeta,
1451 545 1555 589 patet
1586 546 1725 575 neutro
1757 549 1898 587 genere
1921 536 2127 589 κρατέουσιν
2151 537 2215 576 hic
2244 538 2355 590 poni.

1295 596 1373 635 Etsi
1393 610 1489 635 vero
1508 610 1580 649 per
1599 597 1677 635 loci
1695 597 2049 636 conformationem
2068 597 2253 635 nonlicet
2269 612 2357 636 cum

1292 656 1442 694 Steinio
1477 656 1684 709 κρατέουσιν
1712 657 1964 709 interpretari
1986 657 2098 708 quasi
2126 656 2239 707 λόγοις
2268 672 2356 709 κρα-

1291 714 1427 754 τέουσιν
1452 715 1656 767 scripserit
1682 725 1791 754 vates
1815 715 2095 766 Agrigentinus
2110 744 2120 762 ‚
2140 724 2268 753 tamen
2288 729 2358 767 per

1292 787 1375 813 sese
1387 783 1569 813 neutrum
1583 775 1783 827 participii
1796 788 1952 814 sensum
1967 776 2047 812 fere
2059 775 2227 813 eundem
2242 789 2356 826 quem

1291 833 1506 886 πιστώματα
1528 835 1716 874 continet.
1739 834 1890 873 Etenim
1910 847 1973 873 res
1991 847 2149 886 quoque
2173 834 2359 874 dicuntur

1291 899 1446 946 κρατεῖν,
1474 895 1501 933 i.
1528 907 1561 933 e.
1585 894 1787 943 obtinere,
1814 895 2078 943 invalescere,
2110 895 2266 943 valere,
2286 897 2359 935 du-

1291 967 1395 1002 rare,
1416 955 1498 993 vim
1522 956 1876 1006 auctoritatemque
1904 954 2066 1003 habere,
2090 955 2132 992 ut
2151 954 2251 1008 φάτις
2271 971 2357 1006 κρα-

1289 1020 1354 1061 τεῖ,
1369 1015 1469 1054 sama
1483 1015 1647 1064 obtinet,
1667 1015 1771 1068 apud
1789 1015 1912 1067 Soph.
1931 1014 2042 1066 Ajac.
2062 1028 2121 1054 vs.
2136 1016 2238 1066 9783
2258 1016 2359 1068 φάτις

1290 1074 1405 1121 πολλὴ
1416 1079 1553 1126 κρατεῖ,
1570 1076 1803 1129 pervulgata
1816 1074 1969 1112 obtinet
1987 1074 2099 1121 fama,
2112 1075 2215 1127 apud
2229 1075 2356 1116 AEsch.

1290 1133 1426 1186 Suppl.
1441 1148 1501 1173 vs.
1521 1148 1619 1186 2903
1639 1134 1739 1186 λόγος
1756 1139 1879 1187 κρατεῖ
1893 1134 2050 1188 σαφηνής
2068 1135 2172 1186 apud
2189 1136 2354 1174 eundem

1290 1192 1396 1232 Pers.
1418 1207 1478 1233 vs.
1513 1199 1610 1242 7243
1634 1194 1768 1244 νόμιμα
1802 1192 1838 1232 δὲ
1860 1193 1903 1232 τὰ
1924 1193 2124 1233 Χαλκιδικὰ
2146 1193 2355 1247 ἐκράτησεν,

1271 1253 1394 1302 ·leges
1414 1267 1507 1292 vero
1528 1253 1806 1292 Chalcidenses
1822 1252 2094 1300 obtinuerunt,
2121 1254 2225 1305 apud
2249 1254 2356 1293 Thu-

1290 1312 1379 1363 cyd.
1400 1312 1472 1350 lib.
1491 1312 1559 1364 Vl,
1581 1312 1625 1360 53
1649 1311 1787 1364 ἀνάγκη
1810 1311 1839 1350 δ’
1857 1311 1977 1364 ὥσπερ
1998 1311 2123 1364 τέχνης
2140 1311 2193 1350 ἀεὶ
2214 1312 2258 1351 τὰ
2280 1315 2356 1353 ἐπι-

1288 1371 1480 1423 γιγνόμενα
1522 1375 1680 1425 κρατεῖν,
1713 1385 1870 1411 necesse
1906 1381 1984 1419 est,
2023 1373 2354 1424 quemadmodum

1289 1431 1439 1470 artibus
1454 1431 1631 1470 accidere
1646 1432 1761 1480 solet,
1781 1432 1999 1470 novissima
2023 1444 2189 1484 quaeque
2205 1446 2357 1485 semper

1289 1492 1471 1531 evincere
1490 1493 1842 1544 auctoritatemque
1862 1491 2020 1539 habere,
2040 1491 2112 1531 lib.
2143 1492 2175 1540 Ι,
2201 1507 2263 1541 71.
2290 1493 2349 1533 Cf.

1289 1552 1392 1603 apud
1408 1552 1573 1590 eundem
1593 1551 1665 1592 lib.
1683 1551 1735 1590 IV
1751 1564 1834 1603 cap.
1851 1552 1916 1599 62,
1934 1549 1975 1589 τὸ
1993 1550 2028 1589 δὲ
2047 1550 2275 1602 ἀστάθμητον
2295 1555 2356 1591 τοῦ

1290 1610 1479 1661 μέλλοντος
1501 1613 1548 1655 ὡς
1568 1610 1625 1650 ἐπὶ
1654 1612 1820 1650 πλεῖστον
1843 1616 1991 1665 κρατεῖ,
2023 1610 2094 1649 ubi
2122 1611 2351 1651 scholiastes

1289 1671 1412 1724 κρατεῖ
1432 1672 1595 1724 exponit
1615 1671 1678 1719 τὴν
1701 1670 1803 1724 ἰσχὺν
1826 1670 1911 1724 ἔχει,
1926 1680 1964 1709 et
1980 1671 2165 1723 Sophocl.
2188 1672 2279 1709 (Ed.
2301 1672 2347 1710 R.

1288 1744 1346 1770 vs.
1373 1746 1466 1782 977,
1496 1730 1528 1769 τί
1556 1731 1585 1769 δ’
1609 1729 1649 1768 ἂν
1681 1731 1815 1783 φοὸοῖτ’
1835 1730 2018 1784 ἄνθρωπος
2037 1724 2065 1782 ᾧ
2095 1730 2138 1768 τὰ
2161 1733 2223 1778 τῆς
2244 1730 2354 1784 τύχης

1289 1792 1431 1842 κρατεῖ,
1448 1790 1595 1843 πρόνοια
1619 1790 1650 1828 δ’
1672 1790 1765 1829 ἐστὶν
1798 1790 1935 1834 οὐδενὸς
1961 1790 2094 1843 σαφής
2117 1790 2218 1829 Hinc
2235 1791 2352 1829 etiam

1289 1862 1369 1887 non
1389 1850 1611 1888 mirandum
1635 1850 1891 1902 participium
1912 1858 2054 1888 neutro
2077 1863 2219 1900 genere
2239 1852 2350 1902 poni,

1290 1910 1375 1948 sive
1396 1910 1593 1959 absolute,
1620 1911 1705 1949 sive
1725 1911 1813 1949 aliis
1843 1910 2075 1949 nominibus
2105 1911 2351 1962 adjunctum.

1288 1969 1422 2021 Eurip.
1440 1971 1704 2010 Andromach.
1724 1984 1782 2009 vs.
1809 1972 1898 2021 133,
1917 1969 1956 2009 τὸ
1968 1974 2118 2023 κρατοῦν
2131 1970 2167 2009 δέ
2182 1970 2213 2009 σ’
2228 1970 2353 2012 ἔπεισι.

1290 2029 1344 2067 ld.
1361 2030 1503 2082 Eurip.
1524 2029 1680 2080 Fragm.
1701 2029 1912 2081 Melanipp.
1934 2029 2059 2067 XXXI
2086 2043 2173 2081 pag.
2195 2031 2268 2078 743
2291 2031 2350 2070 ed.

1287 2091 1472 2139 lVagner.
1495 2103 1504 2126 t
1529 2088 1571 2128 τὰ
1592 2091 1654 2136 τῆς
1668 2088 1831 2140 γυναικὸς
1850 2089 1917 2140 γὰρ
1932 2091 2116 2141 κρατοῦντ’
2138 2091 2172 2127 ἐν
2194 2088 2352 2140 δώμασιν

1289 2147 1407 2185 δουλοῖ
1425 2146 1484 2185 τὸν
1506 2147 1615 2201 ἄνδρα
1635 2163 1669 2186 κ.
1686 2164 1719 2186 τ.
1735 2148 1772 2186 λ.
1792 2147 2036 2199 Philosopho
2057 2157 2182 2186 autem
2215 2157 2350 2187 nostro

1287 2206 1331 2244 τὰ
1353 2210 1550 2260 κρατοῦντα
1572 2216 1686 2257 sunt,
1709 2221 1797 2259 quae
1822 2207 1955 2246 valent
1972 2220 2138 2259 quaeque
2171 2216 2253 2246 rata
2283 2208 2351 2247 ha-

1287 2265 1444 2318 bentur,
1467 2267 1496 2306 i.
1520 2279 1553 2307 e.
1575 2280 1669 2305 vera
1683 2296 1693 2314 ,
1716 2270 1760 2304 τὰ
1783 2267 1897 2314 ἀληθῆ
1912 2297 1921 2312 ,
1943 2275 1985 2305 ut
2002 2280 2050 2305 ne
2080 2275 2346 2306 transversum

1287 2327 1445 2378 quidem
1467 2340 1636 2377 unguem
1665 2327 1845 2365 Clemens
1875 2326 1924 2365 ab
1950 2326 2197 2378 Empedoclis
2220 2336 2348 2366 mente

1286 2386 1513 2425 discessisse
1532 2387 1726 2425 videatur.
1745 2386 1860 2432 Quod
1881 2395 2007 2425 autem
2033 2387 2170 2424 monui
2192 2385 2237 2425 τὰ
2258 2402 2350 2440 κρα-

1285 2449 1411 2483 τοῦντα
1430 2445 1669 2497 respondere
1688 2446 1738 2484 iis
1758 2460 1846 2497 quae
1863 2446 2042 2496 sequenti
2072 2458 2190 2484 versu
2216 2445 2357 2485 πιστώ-

1285 2520 1382 2556 ματα
1405 2505 1654 2558 appellantur
1687 2519 1695 2543 :
1726 2505 1768 2543 id
1802 2505 1921 2556 paulo
1956 2505 2174 2543 accuratius
2203 2518 2349 2557 expen-

1285 2565 1455 2604 dendum
1473 2572 1542 2605 est.
1562 2564 1752 2614 Bergkius
1768 2573 1894 2603 censet
1906 2573 2033 2603 vatem
2049 2564 2346 2614 Agrigentinum

1283 2623 1500 2675 πιστώματα
1533 2637 1697 2662 vocasse
1729 2636 1871 2663 arcana
1905 2624 1975 2662 illa
2006 2636 2094 2675 quae
2127 2623 2239 2663 Musa
2267 2625 2345 2676 ipsi

1284 2683 1454 2733 benigna
1466 2684 1668 2722 voluntate
1679 2684 1895 2731 recluserit,
1905 2683 1959 2722 ita
1971 2692 2013 2721 ut
2026 2683 2108 2734 jam
2125 2697 2203 2721 non
2219 2697 2344 2733 suam,

1283 2743 1349 2781 sed
1368 2743 1480 2794 quasi
1508 2743 1685 2782 divinam
1715 2743 1910 2795 quandam
1943 2744 2174 2796 sapientiam
2197 2744 2238 2782 in
2267 2758 2346 2784 me-

1285 2801 1393 2839 dium
1429 2801 1608 2854 proferre
1641 2801 1835 2840 videatur.
1861 2802 2090 2840 Karstenius
2123 2799 2340 2854 πιστώματα

1281 2860 1410 2908 effata
1451 2874 1535 2899 esse
1576 2861 1676 2901 vult.
1706 2861 1850 2899 Neuter
1884 2861 2087 2912 diligentis
2117 2862 2345 2913 interpretis

1282 2920 1436 2959 functus
1469 2920 1602 2958 officio
1623 2929 1697 2968 est,
1716 2929 1758 2958 ut
1784 2933 1856 2959 nec
1876 2920 2118 2959 Sturziusin
2144 2933 2191 2958 eo
2212 2921 2344 2972 lapsus

1281 2979 1386 3030 quod
1415 2978 1556 3018 κέλεται
1585 2979 1639 3017 ita
1667 2980 1808 3027 vertit,
1839 2980 1951 3031 quasi
1984 2980 2141 3031 passive
2170 2993 2216 3017 eo
2248 2993 2342 3019 usus

1281 3048 1394 3090 poeta
1407 3039 1472 3078 sit.
1488 3038 1557 3078 Est
1570 3052 1665 3078 vero
1686 3038 1855 3090 πίστωμα
1873 3039 1914 3077 id
1932 3053 2011 3091 quo
2032 3039 2089 3077 rei
2108 3038 2225 3076 alicui
2248 3040 2343 3079 fides

1281 3100 1343 3146 fit,
1365 3099 1425 3137 vel
1449 3113 1529 3150 quo
1548 3111 1610 3137 res
1634 3099 1769 3151 aliqua
1804 3098 2070 3145 confirmatur,
2089 3098 2175 3136 sive
2200 3099 2342 3137 confir-

1280 3159 1399 3197 matio
1422 3167 1459 3197 et
1479 3158 1662 3211 probatio
1680 3172 1757 3211 qua
1773 3159 1831 3198 rei
1848 3158 1944 3197 fides
1960 3159 2014 3198 fit.
2032 3158 2096 3197 Sic
2114 3158 2342 3198 Aristoteles

1280 3218 1392 3259 Rhet.
1415 3219 1432 3257 1
1454 3218 1666 3270 πιστώματα
1689 3219 1724 3259 δὲ
1753 3219 1850 3273 παρὰ
1870 3219 2085 3273 μαρτυρίων,
2109 3232 2195 3270 quae
2221 3219 2343 3258 verba

1279 3293 1365 3317 cum
1389 3278 1586 3332 Stephano
1610 3280 1727 3320 Thes.
1762 3281 1860 3331 ling.
1895 3279 1965 3318 Gr.
1986 3279 2221 3331 exponimus
2243 3284 2342 3315 testi-

1277 3345 1409 3377 moniis
1422 3343 1523 3390 fides
1551 3342 1602 3389 fit
1620 3341 1703 3379 sive
1729 3345 1953 3378 testimoniis
1981 3353 2039 3377 res
2063 3339 2278 3389 probamur
2305 3347 2340 3375 et

1275 3402 1558 3451 confirmantur.
1593 3400 1704 3452 Apud
1735 3400 1959 3451 AEschylum
1983 3399 2145 3437 Eumen.
2173 3411 2233 3436 vs.
2258 3397 2334 3434 205

1275 3457 1395 3512 εἨρας
1433 3458 1567 3503 τελείας
1601 3459 1663 3498 καὶ
1698 3458 1779 3503 Διὸς
1813 3457 2027 3506 πιστώματα
2061 3465 2150 3496 sunt
2178 3459 2338 3493 Jtmom's

150 3505 348 3555 pedocles‚
381 3509 413 3546 si
444 3510 652 3563 κρατέουσιν
672 3528 747 3566 pro
771 3524 884 3554 rectae
910 3516 1112 3554 sententiae
1144 3530 1210 3555 au·
1242 3525 1249 3565 ι’
1272 3521 1456 3568 pronuboe
1486 3529 1524 3556 et
1553 3521 1655 3556 lovis
1692 3520 2011 3569 confirmationes,
2061 3530 2139 3567 quo
2181 3515 2338 3552 nomine

293 3583 410 3607 Paltos.
437 3585 530 3609 GRAEC.
552 3587 573 3611 l.

2183 3585 2200 3611 :3
