2612 3814
892 285 1237 326 ANAXAGORAE
1266 267 1606 329 FRAGMENTA.

290 373 534 427 (Simplicius
557 372 774 411 Comment.
809 373 851 411 in
870 374 990 414 Arist.
1016 374 1137 426 Phys.
1160 389 1200 427 p.

237 437 284 474 35
301 450 334 475 a.
345 435 403 473 Cf.
423 433 526 473 idem
541 445 631 484 pag.
651 433 696 480 37
716 445 751 470 a.
770 441 808 471 et
825 433 963 484 fragm.
993 435 1033 475 6.
1061 434 1205 473 Sensus

234 504 291 534 est
317 509 325 532 :
354 511 371 528 «ι
393 493 436 531 in
456 491 621 541 singulis
653 491 836 530 universa
854 493 914 531 vel
946 493 988 531 in
1023 493 1206 531 omnibus

233 554 366 592 onmia
384 553 533 590 insunt.
552 567 568 586 «ι
584 549 774 589 Similiter
795 551 1022 603 Simplicius
1045 552 1087 590 in
1116 552 1206 590 Ari-

233 621 322 652 stot.
346 611 394 650 de
412 610 508 650 Coel.
529 623 570 662 p.
604 614 677 661 149
698 610 724 647 b
758 624 767 648 ε
791 611 826 649 ἐν
851 610 958 649 παντὶ
977 612 1028 649 δεῖ
1054 610 1206 662 νομίζειν

232 670 403 723 ὑπάρχειν
427 669 543 709 πάντα
559 667 731 721 χρήματα
745 698 756 716 ,
776 682 862 721 quae
882 678 1008 709 tamen
1022 684 1101 709 non
1122 670 1207 722 ipsa

233 731 476 781 Anaxagorae
492 730 614 767 verba
628 727 743 779 sunt).

170 805 202 831 ο.
224 790 282 830 Τὰ
303 788 366 839 μὲν
393 787 485 828 ἄλλα
504 787 633 831 παντὸς
654 795 779 840 μοῖραν
802 787 963 842 μετέχει,
982 788 1057 833 νόος
1077 789 1114 828 δέ
1132 792 1207 829 ἐστι

231 848 373 901 ἄπειρον
394 847 456 886 καὶ
475 846 686 902 αὐτοκρατὲς
703 848 764 887 καὶ
784 847 955 899 μέμικται
976 848 1087 888 οὐδενὶ
1114 849 1208 904 χρή-

233 924 340 960 ματι,
359 907 449 947 ἀλλὰ
473 910 594 957 μοῦνος
613 907 715 952 αὐτὸς
744 909 797 962 ἐφ’
818 910 946 947 ἑωυτοῦ
966 909 1051 948 ἐστι.
1082 911 1126 948 Εἰ
1156 909 1206 960 μὴ

231 967 300 1021 γὰρ
320 968 373 1021 ἐφ’
394 968 526 1006 ἑωυτοῦ
542 960 713 1017 ἧν,οἰλλά
730 982 798 1020 τεῳ
816 967 986 1019 ἐμέμικτο
1005 968 1119 1023 ἄλλῳ,
1139 984 1206 1019 με-

233 1027 329 1079 τεῖχε
362 1026 402 1065 ἂν
431 1025 598 1065 ἁπάντων
626 1026 841 1079 χρημάτων,
873 1028 904 1066 εἷ
933 1026 1104 1078 ἐμέμικτό
1121 1044 1207 1081 τεῳ·

232 1088 267 1126 ἐν
291 1086 397 1126 παντὶ
417 1084 485 1138 γὰρ
503 1084 632 1129 παντὸς
652 1091 758 1138 μοῖρα
775 1085 908 1135 ἔνεστι,
924 1085 1045 1139 ὥσπερ
1063 1089 1097 1126 ἐν
1117 1092 1208 1126 τοῖσι

232 1145 382 1198 πρόσθεν
412 1160 471 1196 μοι
502 1143 682 1184 λέλεκται·
714 1145 773 1183 καὶ
802 1144 934 1185 ἐκώλυε
966 1145 1006 1184 ἂν
1040 1145 1144 1184 αὐτὸν
1163 1146 1208 1185 τὰ

234 1203 530 1256 συμμεμιγμένα,
550 1201 640 1242 ὥστε
659 1203 803 1255 μηδενὸς
829 1204 1016 1258 χρήματος
1047 1205 1206 1258 κρατέειν

231 1264 378 1316 ὁμοίως,
397 1265 444 1307 ὥς
471 1263 532 1302 καὶ
565 1266 691 1315 μοῦνον
720 1262 821 1303 ἐόντα
853 1266 906 1319 ἐφ’
927 1266 1070 1304 ἑωυτοῦ.
1101 1264 1208 1304 Ἐστι

230 1323 298 1376 γὰρ
322 1321 535 1362 λεπτότατόν
560 1338 600 1361 τε
621 1321 762 1362 πάντων
787 1322 984 1376 χρημάτων
1010 1323 1070 1363 καὶ
1091 1327 1206 1363 καθα-

233 1381 400 1435 ρώτατον,
420 1381 481 1421 καὶ
500 1380 643 1434 γνώμην
662 1397 702 1434 γε
725 1381 806 1436 περὶ
825 1382 954 1427 παντὸς
976 1390 1094 1422 πᾶσαν
1114 1382 1208 1436 ἴσχει

232 1441 292 1481 καὶ
320 1441 435 1494 ἰσχύει
465 1441 645 1493 μέγιστον.
673 1439 773 1482 Ὅσα
798 1457 836 1488 τε
855 1440 972 1495 ψυχὴν
991 1441 1063 1494 ἔχει
1083 1441 1143 1480 καὶ
1164 1440 1207 1479 τὰ

232 1502 327 1553 μέζω
346 1500 408 1541 καὶ
439 1501 484 1541 τὰ
516 1500 672 1551 ἐλάσσω,
693 1500 835 1541 πάντων
863 1501 940 1545 νόος
969 1500 1127 1554 κρατέει·
1147 1501 1208 1539 καὶ

231 1563 295 1608 τῆς
320 1560 579 1614 περιχωρήσιος
604 1563 667 1609 τῆς
687 1560 878 1611 συμπάσης
899 1559 974 1605 νόος
1009 1559 1204 1612 ἐκράτησε,

232 1617 324 1658 ὥστε
356 1623 604 1673 περιχωρῆσαι
633 1620 697 1667 τὴν
724 1619 850 1673 ἀρχήν.
874 1619 947 1660 Καὶ
977 1622 1116 1672 πρῶτον
1138 1620 1208 1658 ἀπὸ

231 1682 294 1718 τοῦ
315 1682 464 1732 σμικροῦ
495 1678 626 1729 ἤρξατο
657 1681 924 1733 περιχωρῆσαι,
955 1677 1071 1718 ἔπει-,ε
1102 1678 1208 1717 πλέον

233 1737 469 1791 περιεχώρεε,
491 1737 552 1776 καὶ
579 1737 817 1791 περιχωρήσει
843 1737 898 1776 ἐπὶ
920 1738 1040 1777 πλέον.
1063 1737 1136 1777 Καὶ
1165 1737 1208 1776 τὰ

234 1797 505 1850 συμμισγόμενά
525 1814 561 1836 τε
582 1798 642 1836 καὶ
662 1796 922 1850 ἀποκρινόμενα
950 1797 1010 1836 καὶ
1031 1797 1208 1851 διακρινό-

236 1872 326 1908 μενα
339 1889 350 1907 ‚
371 1857 488 1896 πάντα
506 1858 596 1908 ἔγνω
611 1856 704 1901 νόος·
724 1855 785 1895 καὶ
802 1858 902 1895 ὁκοῖα
921 1855 1048 1908 ἔμελλε
1067 1857 1207 1896 ἔσεσθαι

235 1918 296 1957 καὶ
314 1919 413 1957 ὁκοῖα
435 1911 478 1966 ἦν
498 1918 558 1956 καὶ
579 1917 673 1957 ἅσσα
700 1921 758 1956 νῦν
781 1915 856 1957 ἔστι
883 1915 943 1955 καὶ
969 1917 1067 1956 ὁκοῖα
1089 1915 1208 1963 ἔσται,

232 1975 349 2015 πάντα
370 1976 579 2027 διεκόσμησε
599 1975 674 2020 νόος
685 2007 695 2025 ,
712 1975 773 2014 καὶ
789 1974 853 2022 τὴν
869 1973 1109 2028 περιχώρησιν
1125 1975 1211 2012 ταύ-

230 2051 310 2083 την,
332 2035 376 2083 ἣν
394 2039 454 2075 νῦν
473 2034 684 2090 περιχωρέει
702 2034 747 2073 τά
768 2050 805 2073 τε
825 2034 939 2085 ἄστρα
968 2033 1029 2072 καὶ
1054 2035 1071 2071 ὁ
1095 2034 1210 2080 ἠέλιος

232 2095 292 2134 καὶ
309 2098 331 2142 ἡ
353 2094 481 2142 σελήνη
501 2096 560 2134 καὶ
582 2097 600 2134 ὁ
617 2092 683 2148 ἀὴρ
703 2094 763 2133 καὶ
783 2096 801 2132 ὁ
820 2093 944 2145 αἰθήρ,
972 2094 1003 2131 οἱ
1025 2092 1209 2146 ἀποκρινό-

234 2170 345 2206 μενοι.
368 2153 413 2194 Ἡ
435 2153 471 2192 δὲ
499 2153 734 2207 περιχώρησις
766 2151 855 2199 αὕτη
886 2151 1030 2198 ἐποίησε
1060 2151 1210 2205 ἀποκρί-

233 2216 351 2251 νεσθαι
364 2242 375 2264 ,
404 2212 464 2251 καὶ
500 2211 728 2265 ἀποκρίνεται
765 2210 836 2249 ἀπό
867 2226 905 2249 τε
936 2213 996 2250 τοῦ
1028 2212 1151 2263 ἀραιοῦ
1171 2210 1210 2249 τὸ

235 2271 363 2311 πυκνὸν
383 2271 442 2311 καὶ
461 2271 530 2310 ἀπὸ
546 2275 608 2310 τοῦ
628 2273 763 2325 ψυχροῦ
784 2271 822 2309 τὸ
842 2271 968 2324 θερμὸν
987 2271 1046 2310 καὶ
1064 2271 1134 2310 ἀπὸ
1151 2274 1210 2309 τοῦ

197 2478 229 2506 6.
252 2474 384 2514 Reliqua
396 2474 500 2506 omnis
514 2474 657 2506 materiae
671 2475 794 2515 partem
810 2475 988 2514 continent,
1001 2483 1090 2506 mens
1103 2476 1212 2506 autem

157 2532 281 2566 infinita
307 2533 422 2574 suique
445 2532 527 2573 juris
548 2534 600 2566 est
618 2541 722 2574 neque
742 2533 797 2565 ulli
819 2533 864 2565 rei
886 2533 1052 2574 admixta,
1068 2533 1122 2565 sed
1147 2533 1212 2564 sola

159 2593 256 2625 libera
272 2595 305 2626 et
321 2593 424 2625 soluta
438 2594 498 2626 est.
510 2594 592 2626 Nam
601 2593 663 2625 nisi
678 2594 842 2634 segregata
856 2592 896 2624 ab
907 2592 994 2624 omni
1009 2592 1213 2624 concretione

160 2651 306 2691 mortali,
323 2652 379 2684 sed
397 2652 449 2684 alii
469 2652 597 2684 cuidam
621 2652 772 2692 adjuncta
793 2653 896 2692 esset,
913 2652 967 2683 uni
990 2651 1085 2684 alicui
1106 2652 1213 2684 addita

159 2711 305 2743 omnium
321 2720 427 2743 rerum
444 2720 573 2744 consors
590 2711 687 2750 foret;
705 2710 863 2752 siquidem
876 2710 908 2742 in
927 2710 1041 2752 quavis
1057 2719 1090 2743 re
1107 2711 1214 2743 omnis

160 2770 303 2803 materiae
325 2770 478 2811 particula
506 2772 573 2811 est,
593 2770 867 2812 quemadmodum
896 2770 927 2802 in
957 2770 1214 2812 praecedentibus

160 2829 320 2870 diximus,
349 2830 474 2871 aliaque
495 2838 571 2862 cum
599 2830 669 2862 aliis
698 2830 875 2862 commixta
900 2838 971 2862 eam
1000 2829 1212 2870 impedirent,

161 2888 337 2929 quominus
354 2889 451 2921 ullam
467 2897 536 2921 rem
556 2890 600 2921 ita
618 2890 742 2921 teneret
759 2891 793 2920 ut
810 2888 879 2921 sola
894 2897 981 2921 nunc
994 2888 1093 2921 libera
1109 2889 1142 2921 et
1160 2897 1214 2920 so-

162 2946 228 2979 luta
241 2948 340 2980 tenet.
359 2949 417 2980 Est
433 2948 517 2980 enim
535 2950 725 2980 cunctarum
745 2956 852 2980 rerum
877 2947 1085 2980 subtilissima
1103 2948 1134 2979 et
1153 2957 1214 2988 pu-

163 3005 284 3038 rissima
296 3031 305 3046 ,
322 3015 361 3039 ac
381 3008 572 3039 sententiam
593 3006 771 3049 quamlibet
784 3006 824 3039 de
836 3007 951 3048 quavis
966 3015 1000 3039 re
1015 3006 1093 3039 dicit
1113 3006 1213 3048 pluri·

163 3071 316 3106 mumque
331 3065 428 3098 valet.
443 3068 540 3098 Porro
551 3075 756 3108 quaecunque
769 3066 911 3098 animala
924 3068 1000 3098 sunt
1011 3068 1079 3098 tum
1093 3065 1215 3106 majora

163 3123 235 3155 tum
253 3125 395 3166 minora,
414 3125 522 3157 omnia
539 3134 629 3158 mens
650 3125 807 3167 gubernat
825 3125 1034 3166 coelestesque
1051 3124 1215 3157 moderata

165 3185 214 3215 est
230 3184 454 3217 conversiones
465 3209 474 3225 ‚
489 3185 532 3217 ita
544 3188 582 3218 ut
595 3185 750 3227 principio
761 3186 948 3218 universum
960 3187 1213 3218 converteretur.

165 3243 211 3275 Ac
232 3242 372 3283 primum
396 3243 526 3285 quidem
554 3244 595 3277 ab
630 3245 753 3289 exiguis
778 3245 877 3278 initiis
903 3234 1070 3277 conversio
1096 3245 1214 3286 coepit,

166 3299 282 3333 deinde
299 3293 404 3342 plures
415 3303 559 3336 materiae
571 3304 678 3345 partes
694 3303 861 3343 complexa
874 3303 1058 3343 crescebat,
1075 3303 1171 3344 atque
1184 3303 1215 3335 in

167 3363 330 3400 posterum
347 3361 442 3394 etiam
462 3362 597 3395 ulterius
620 3363 851 3404 progredietur.
874 3363 1059 3396 commixta
1081 3370 1159 3394 vero
1183 3362 1215 3394 et

166 3420 289 3451 secreta
302 3427 341 3451 ac
357 3420 495 3453 discreta
510 3422 617 3454 omnia
640 3422 789 3463 cognovit
809 3430 900 3454 mens
928 3434 936 3454 ε
959 3424 990 3453 et
1015 3429 1088 3462 quae
1109 3420 1216 3452 futura

166 3477 259 3509 erant
277 3486 416 3520 quaeque
443 3479 571 3513 luerunt
599 3483 631 3513 et
659 3490 734 3522 quae
749 3489 836 3514 nunc
860 3482 935 3513 sunt
963 3488 1101 3522 quaeque
1121 3480 1216 3512 erunt

166 3535 275 3567 omnia
297 3545 387 3570 mens
406 3538 568 3571 ordinavit
595 3539 902 3581 conversionemque
934 3539 1015 3571 hanc
1040 3548 1104 3580 qua
1129 3547 1216 3570 nunc

2246 295 2322 329 2⁴0

1347 377 1490 428 ζοφεροῦ
1508 374 1547 413 τὸ
1565 375 1729 427 λαμπρὸν
1750 375 1811 413 καὶ
1829 375 1897 413 ἀπὸ
1914 379 1973 414 τοῦ
1995 377 2108 428 διεροῦ
2140 378 2180 415 τὸ
2209 375 2326 429 ξηρόν.

1350 434 1484 485 Μοῖραι
1502 431 1537 471 δὲ
1557 433 1684 472 πολλαὶ
1704 434 1842 472 πολλῶν
1859 435 1939 472 εἶσι·
1954 434 2162 474 παντάπασι
2175 435 2211 474 δὲ
2227 437 2326 475 οὐδὲν

1350 490 1576 544 ἀποκρίνεται
1607 491 1683 531 οὐδὲ
1716 491 1932 545 διακρίνεται
1960 492 1998 531 τὸ
2030 493 2147 546 ἕτερον
2179 494 2248 533 ἀπὸ
2267 499 2327 533 τοῦ

1350 549 1468 603 ἑτέρου
1487 549 1580 598 πλὴν
1613 550 1705 589 νόου.
1735 550 1826 596 Νόος
1845 551 1881 590 δὲ
1901 557 1971 597 πᾶς
1991 551 2108 602 ὅμοιός
2129 554 2203 592 ἐστι
2228 555 2288 593 καὶ
2311 556 2329 592 ὁ

1352 608 1466 660 μέζων
1484 610 1546 648 καὶ
1565 612 1583 648 ὁ
1605 609 1777 648 ἐλάσσων·
1799 609 1915 663 ἕτερον
1933 610 1968 649 δὲ
1987 610 2084 650 οὐδέν
2105 612 2178 649 ἐστι
2208 609 2328 662 ὅμοιον

1350 668 1462 707 οὐδενὶ
1482 667 1592 722 ἑτέρῳ
1612 668 1765 722 ἀπείρων
1785 669 1927 717 ἐόντων,
1950 671 2029 709 ἀλλ’
2051 669 2157 709 ὅτεων
2180 671 2330 709 πλεῖστα

1349 725 1423 775 ἔνι,
1440 731 1551 766 ταῦτα
1569 728 1786 776 ἐνδηλότατα
1811 727 1846 767 ἓν
1865 729 2012 769 ἕκαστόν
2031 732 2104 769 ε’στι
2124 729 2183 768 καὶ
2199 724 2256 778 ἧν.

1405 786 1647 839 (Simplicius
1664 787 1878 826 Comment.
1899 787 1944 825 In
1966 788 2086 828 Arist.
2109 789 2231 841 Phys.
2262 789 2329 828 fol.

1354 846 1401 883 33
1432 845 1473 893 b,
1509 846 1557 884 35
1588 859 1624 886 a.
1646 846 1737 885 Post
1752 846 1916 886 λέλεκται
1939 849 2057 898 vulgo
2077 848 2220 899 legitur
2249 852 2330 888 ἀνε-

1352 904 1485 943 κώλυεν
1509 905 1614 956 quod
1637 907 1786 944 mutavi
1806 908 1847 944 in
1870 905 2019 945 ἐκώλυεν
2052 906 2108 945 ἄν.
2140 909 2331 946 Praeterea

1351 974 1549 1016 praeeunte
1564 965 1756 1004 Schornio
1776 966 1935 1019 reposui
1952 966 2018 1005 ὅσα
2034 980 2072 1004 τε
2091 964 2209 1019 ψυχὴν
2233 966 2330 1020 ἔχει;

1353 1024 1472 1073 vulgo
1491 1022 1557 1062 ὅσα
1573 1040 1611 1075 γε
1623 1026 1659 1078 ψ.
1677 1026 1705 1065 ἐ.
1722 1025 1766 1063 In
1781 1025 2034 1077 sequentibus
2049 1026 2188 1065 {lineri
2205 1040 2333 1066 emen-

1352 1083 1548 1122 dationem
1575 1082 1691 1123 ἔπειτε
1723 1085 1828 1125 πλέον
1857 1085 2070 1139 περιεχώρεε
2100 1087 2230 1139 recepi
2258 1101 2331 1139 pro

1351 1142 1507 1192 vulgata
1546 1144 1741 1194 scriptura
1775 1144 1851 1182 ἐπεὶ
1893 1145 1928 1184 δὲ
1971 1145 2077 1184 πλέον
2121 1147 2327 1199 περιχωρεῖ.

1352 1205 1535 1240 Extrema
1555 1203 1657 1254 apud
1678 1203 1922 1255 Simplicium
1943 1205 2000 1242 sic
2031 1205 2201 1243 eduntur
2223 1220 2231 1244 ε
2251 1207 2330 1245 ἀλλ’

1351 1261 1421 1313 ὅτῳ
1449 1263 1600 1300 πλεῖστα
1622 1261 1674 1302 ἔνι
1695 1263 1774 1304 κτλ.
1809 1277 1895 1315 quae
1930 1264 2147 1303 Prellerum
2179 1275 2333 1305 secutus

1351 1321 1528 1359 converti
1550 1321 1592 1360 in
1613 1322 1692 1361 ἀλλ’
1707 1321 1813 1361 ὅτεων
1835 1323 1985 1361 πλεῖστα
2006 1322 2055 1362 ἔνι
2076 1324 2167 1374 κτλ.)

1290 1395 1322 1421 7.
1348 1379 1453 1420 Ἐπεὶ
1481 1379 1611 1433 ἤρξατο
1630 1383 1648 1420 ὁ
1667 1381 1744 1427 νόος
1774 1381 1915 1430 κινέειν,
1941 1381 2010 1420 ἀπὸ
2040 1387 2102 1422 τοῦ
2132 1381 2333 1434 κινεομένου

1352 1439 1481 1485 παντὸς
1506 1440 1732 1493 ἀπεκρίνετο,
1749 1441 1809 1480 καὶ
1831 1441 1910 1482 ὅσον
1943 1442 2082 1490 ἐκίνησε
2105 1444 2123 1481 ὁ
2143 1442 2235 1491 νόος,
2262 1449 2333 1481 πᾶν

1352 1503 1455 1538 τοῦτο
1486 1499 1661 1552 διεκρίθη·
1686 1501 1893 1554 κινεομένων
1915 1500 1950 1540 δὲ
1977 1502 2037 1541 καὶ
2058 1501 2332 1557 διακρινομένων

1351 1562 1374 1607 ἡ
1407 1557 1645 1612 περιχώρησις
1677 1560 1799 1613 πολλῷ
1848 1561 1984 1612 μᾶλλον
2031 1560 2144 1600 ἐποίεε
2189 1562 2333 1616 διακρί-

1350 1621 1485 1657 νεσθαι.
2016 1647 2019 1649 -

1406 1677 1646 1730 (Simplicius
1668 1678 1883 1719 Comment.
1903 1679 1945 1718 in
1967 1679 2089 1719 Arist.
2110 1679 2231 1731 Phys.
2260 1681 2329 1720 fol.

1352 1738 1401 1785 67
1426 1738 1477 1788 a.)

1289 1810 1318 1835 8.
1342 1795 1393 1834 Τὸ
1407 1795 1471 1846 μὲν
1485 1796 1613 1835 πυκνὸν
1632 1795 1693 1834 καὶ
1711 1796 1822 1849 διερὸν
1836 1796 1897 1835 καὶ
1912 1797 2046 1851 ψυχρὸν
2062 1798 2123 1836 καὶ
2138 1797 2176 1836 τὸ
2192 1799 2335 1851 ζοφερὸν

1353 1855 1473 1894 ἐνθάδε
1500 1855 1747 1909 συνεχώρησε,
1779 1855 1859 1895 ἔνθα
1876 1859 1936 1895 νῦν
1964 1860 1986 1904 ἡ
2006 1859 2068 1908 γῆ·
2090 1856 2129 1895 τὸ
2154 1856 2190 1895 δὲ
2212 1858 2334 1909 ἀραιὸν

1353 1914 1413 1954 καὶ
1431 1913 1470 1953 τὸ
1490 1914 1615 1968 θερμὸν
1636 1915 1696 1954 καὶ
1716 1915 1756 1955 τὸ
1776 1914 1878 1968 ξηρὸν
1896 1915 1956 1954 καὶ
1972 1915 2011 1955 τὸ
2029 1915 2192 1969 λαμπρὸν
2211 1915 2336 1969 ἐξεχώ·

1357 1990 1440 2027 ρησε
1462 1975 1495 2018 ἐς
1519 1974 1558 2013 τὸ
1577 1974 1700 2026 πρόσω
1719 1977 1780 2012 τοῦ
1803 1975 1953 2028 αἰθέρος.

1409 2033 1653 2086 (Simplicius
1685 2034 1903 2073 Comment.
1926 2035 1967 2074 in
1991 2035 2106 2075 Arist.
2125 2035 2247 2087 Phys.
2266 2037 2334 2076 fol.

1359 2092 1407 2129 38
1442 2092 1481 2131 b.
1500 2093 1691 2132 Caeterum
1711 2093 1771 2131 καὶ
1792 2093 1831 2132 τὸ
1852 2092 2015 2147 λαμπρὸν
2033 2108 2117 2146 quae
2145 2094 2264 2133 verba
2283 2095 2335 2134 li-

1356 2152 1578 2191 brariorum
1592 2154 1706 2204 culpa
1717 2154 1861 2192 omissa
1874 2163 1963 2192 sunt
1973 2154 2075 2206 apud
2087 2153 2335 2205 Simplicium

1356 2212 1489 2250 addidi
1510 2226 1597 2250 cum
1619 2213 1812 2251 Schornio
1832 2226 1880 2251 ex
1898 2213 2082 2263 Origenis
2101 2212 2331 2265 Philosoph.

1358 2284 1440 2322 cap.
1461 2273 1514 2322 8.)

1275 2473 1381 2505 sidera
1394 2474 1425 2505 et
1443 2473 1490 2505 sol
1507 2473 1648 2515 lunaque
1661 2477 1692 2506 et
1709 2482 1762 2506 aer
1784 2476 1881 2516 atque
1900 2475 2001 2507 aetlier
2016 2475 2058 2507 ab
2075 2475 2230 2517 indigesta
2252 2478 2336 2509 mole

1274 2533 1387 2566 secreti
1402 2533 1592 2574 torquentur
1606 2535 1639 2566 et
1653 2534 1839 2566 vertuntur.
1858 2536 1935 2567 Haec
1952 2536 2062 2567 autem
2077 2536 2244 2569 conversio
2257 2537 2335 2570 else-

1276 2592 1336 2632 cit,
1350 2595 1387 2624 ut
1399 2592 1522 2633 singula
1535 2596 1786 2625 secernerentur.
1802 2595 1849 2626 Ac
1863 2597 1986 2626 secreta
2005 2595 2082 2627 sunt
2091 2603 2110 2626 a
2122 2595 2200 2627 raris
2214 2595 2312 2628 densa
2324 2622 2332 2635 ‚

1274 2660 1291 2683 a
1309 2651 1430 2692 frigidis
1448 2651 1568 2692 calida,
1581 2660 1599 2683 a
1619 2652 1798 2692 caliginosis
1821 2652 1979 2693 illustria,
2008 2653 2048 2685 ab
2070 2653 2212 2686 humidis
2235 2655 2333 2687 sicca.

1274 2711 1396 2742 Verum
1423 2710 1536 2743 mullae
1566 2711 1642 2743 sunt
1670 2711 1846 2743 multarum
1876 2721 1983 2744 rerum
2004 2713 2129 2753 partes,
2148 2713 2225 2754 quia
2246 2714 2331 2746 aliud

1273 2768 1314 2801 ab
1333 2769 1395 2801 alio
1413 2777 1518 2810 neque
1534 2771 1711 2802 secernitur
1723 2778 1853 2811 prorsus
1865 2794 1875 2811 ,
1890 2779 1995 2812 neque
2008 2771 2202 2804 discernitur
2217 2775 2333 2814 praeter

1273 2829 1426 2860 mentem.
1448 2829 1521 2860 Jam
1543 2837 1621 2861 vero
1635 2837 1724 2861 mens
1742 2828 1847 2861 omnis
1864 2829 1976 2862 similis
1990 2831 2039 2863 est
2060 2832 2092 2863 et
2108 2831 2209 2872 major
2222 2833 2255 2864 et
2272 2832 2332 2864 mi·

1274 2896 1333 2919 nor
1357 2899 1364 2919 ε
1387 2887 1421 2919 at
1442 2887 1522 2920 nihil
1544 2887 1635 2920 aliud
1657 2887 1709 2920 alii
1741 2887 1846 2922 simile
1862 2888 1962 2921 estin
1988 2889 2048 2921 hac
2071 2889 2196 2922 infinita
2220 2899 2333 2923 rerum

1274 2945 1494 2985 multitudine,
1506 2946 1562 2979 sed
1574 2946 1681 2988 qualia
1695 2947 1814 2988 cuique
1826 2947 1948 2980 semina
1967 2947 2104 2989 plurima
2119 2948 2249 2990 insunt,
2270 2950 2334 2982 tale

1276 3004 1441 3046 perspicue
1457 3007 1504 3037 est
1519 3007 1551 3038 et
1566 3006 1637 3038 luit.

1315 3065 1346 3096 7.
1371 3065 1480 3101 Quum
1507 3073 1598 3097 mens
1624 3065 1792 3098 materiam
1817 3074 1949 3098 movere
1980 3066 2148 3107 coepisset,
2175 3067 2216 3099 ab
2245 3068 2331 3100 omni

1273 3123 1365 3165 parte
1389 3124 1477 3156 mota
1506 3123 1638 3165 reliquae
1661 3124 1921 3165 sccernebantur,
1941 3126 2165 3166 quantumque
2192 3126 2346 3167 partium-

1274 3185 1376 3218 movit
1400 3194 1509 3226 mens,
1540 3187 1666 3218 tantum
1699 3186 1873 3218 discretum
1895 3187 1944 3219 est
1968 3186 2009 3218 ab
2033 3185 2189 3228 indigesta
2213 3187 2298 3220 mole
2323 3203 2328 3219 :

1274 3251 1438 3285 quumque
1451 3243 1504 3276 hae
1514 3244 1679 3285 particulae
1690 3247 1897 3278 moverentur
1913 3245 2233 3286 acjdiscernerentur,
2259 3255 2332 3278 con-

1274 3303 1379 3335 versio
1400 3302 1579 3343 esliciebat‚
1594 3305 1631 3336 ut
1651 3312 1690 3336 eo
1713 3303 1812 3345 magis
1825 3305 1886 3337 alia
1900 3304 1942 3336 ab
1963 3304 2032 3336 aliis
2053 3305 2327 3338 discernerentur.

1318 3364 1348 3394 8.
1372 3363 1481 3394 Densa
1500 3363 1532 3394 et
1552 3361 1706 3402 humida,
1732 3362 1842 3403 frigida
1865 3365 1897 3394 et
1919 3362 2053 3395 obscura
2071 3373 2144 3395 eum
2169 3364 2200 3395 in
2225 3363 2330 3395 locum

1275 3425 1463 3463 congregata
1487 3425 1564 3454 sunt
1586 3431 1652 3464 quo
1674 3431 1761 3455 nunc
1785 3427 1869 3456 terra
1897 3426 1945 3456 est
1969 3436 1977 3456 ε
1998 3425 2032 3456 at
2055 3433 2126 3456 rara
2145 3425 2176 3456 et
2202 3423 2306 3455 calida
2321 3448 2329 3463 ,

1276 3481 1361 3514 sicca
1378 3483 1411 3515 et
1427 3482 1593 3524 splendida
1611 3483 1643 3515 in
1665 3483 1878 3524 longinquum
1898 3483 2028 3516 aetlicris
2057 3484 2164 3516 locum
2187 3492 2330 3516 secesse-

1275 3545 1360 3573 runt.
