2612 3814
339 211 415 244 224
1166 212 1373 253 SEPTEM
1402 213 1705 255 SAPIENTUM

368 309 398 333 a.
423 293 690 347 Δαπανώμενος
709 295 763 350 ἐφ’
781 295 805 335 ἃ
825 297 876 349 μὴ
895 299 968 352 δεῖ,
992 298 1107 353 ὀλίγος
1120 298 1184 352 ἔσῃ
1203 301 1256 355 ἐφ’
1279 301 1300 340 ἃ
1318 302 1380 341 δεῖ.

475 367 488 421 (
505 368 701 408 Antonius
721 369 880 409 Melissa
899 370 1025 410 Serm.
1048 371 1129 425 περὶ
1150 373 1344 426 ἀσωτίας.)

365 454 394 481 9.
415 439 470 481 Τὸ
491 438 541 493 μὴ
561 443 757 489 κεκτῆσθαι
781 442 932 481 πλοῦτον
952 441 1090 495 βλάὸην
1109 443 1149 483 οὗ
1177 444 1313 495 κομίζει
1334 461 1401 484 το·-

421 500 574 550 σαύτην·
593 499 633 540 τὸ
664 500 700 540 δὲ
725 507 797 545 τοῖς
817 494 893 541 οἶσι
915 504 1033 547 κακῶς
1053 506 1249 555 κεχρῆσθαι
1279 505 1400 544 ἀπόλ-

420 562 502 602 λυσι
520 560 581 601 τὸν
601 561 728 610 ὄντως,
745 561 832 615 φασί
843 592 852 609 ,
873 561 948 615 βίον
965 563 1183 616 κεχρημένον
1201 563 1289 617 βίου.

476 633 697 684 (Antonius
716 633 873 673 Melissa
892 634 1019 675 Serm.
1040 634 1120 688 περὶ
1141 634 1311 680 ἀσωτίας.
1329 635 1340 687 )

337 716 382 742 10.
413 703 510 756 Πρὸς
529 702 587 744 τὸν
603 703 751 758 ἀδελφὸν
772 705 1011 757 δυσφοροῦντα
1024 735 1033 752 ,
1060 704 1113 744 ὅτι
1129 705 1179 756 μὴ
1198 705 1317 760 ἔφορος
1335 706 1404 758 ἐγέ-

418 778 497 802 νετο
510 794 520 813 ,
545 764 652 801 αὐτοῦ
669 762 785 807 ὄντος·
805 762 874 814 ἐγὼ
893 763 957 815 μέν
971 793 981 811 ,
1001 763 1089 819 ἔφη,
1115 764 1312 817 ἐπίσταμαι
1333 768 1404 804 ἀδι-

417 827 578 871 κεῖσθαι,
596 822 638 862 σὺ
663 823 692 862 δ’
712 822 767 863 οὔ.

477 895 696 946 (Diogenes
717 894 896 933 Laertius
918 894 990 935 lib.
1015 895 1048 943 1,
1072 897 1138 934 68.
1157 896 1170 949 )

337 979 380 1005 ιι.
416 965 518 1006 Φασὶ
539 965 571 1004 δ’
596 966 701 1005 αὐτοῦ
729 965 789 1004 καὶ
805 965 974 1006 Αἴσωπον
995 965 1187 1016 πυθέσθαι,
1208 972 1226 1008 ὁ
1253 968 1343 1014 Ζεὺς
1369 970 1403 1009 τί

416 1024 470 1072 εἴη
508 1027 642 1073 ποιῶν,
664 1024 723 1064 τὸν
747 1023 782 1064 δὲ
805 1024 934 1079 φάναι·
957 1024 1001 1064 τὰ
1035 1025 1099 1078 μὲν
1138 1028 1259 1082 ὑψηλὰ
1279 1044 1402 1068 ταπει·

419 1091 494 1125 νοῦν
507 1115 517 1134 ,
539 1084 584 1124 τὰ
600 1084 637 1124 δὲ
655 1084 804 1124 ταπεινὰ
825 1087 948 1140 ὑψοῦν.

470 1157 691 1210 (Diogenes
707 1158 889 1196 Laertius
906 1157 976 1198 lib.
996 1157 1030 1210 1,
1053 1159 1147 1211 69.)

333 1242 388 1270 12.-
414 1229 649 1282 Ἐρωτηθείς,
664 1228 732 1268 τίνι
749 1228 973 1282 διαφέρουσιν
991 1230 1023 1268 οἱ
1040 1230 1316 1282 πεπαιδευμένοι
1331 1232 1400 1270 τῶν

414 1288 655 1341 ἀπαιδεύτων,
673 1288 754 1343 ἔφη,
770 1288 908 1330 ἐλπίσιν
927 1291 1086 1342 ἀγαθαῖς.

467 1361 478 1413 (
498 1361 613 1413 Diog.
634 1361 762 1401 Laert.
786 1361 854 1402 lib.
873 1361 906 1411 1,
930 1364 1018 1415 69.)

334 1446 381 1474 13.
411 1432 626 1486 Ἐρωτηθείς
642 1464 652 1482 ,
671 1433 708 1472 τί
724 1432 892 1473 δύσκολον
909 1465 919 1481 ,
939 1433 1022 1487 (ἔφη
1034 1435 1070 1486 ,)
1090 1434 1130 1473 τὸ
1147 1434 1191 1475 τὰ
1212 1435 1397 1490 ἀπόῤῥητα

412 1496 616 1543 σιωπῆσαι,
640 1493 700 1532 καὶ
716 1492 849 1547 σχολὴν
874 1487 913 1532 εῧ
935 1493 1137 1543 διαθέσθαι,
1157 1494 1217 1534 καὶ
1253 1497 1396 1535 ἀδικού-

412 1569 515 1605 μενον
531 1553 700 1593 δύνασθαι
718 1553 850 1608 φέρειν.

466 1626 681 1680 (D10genes
699 1625 876 1665 Laertius
894 1626 966 1666 lib.
986 1627 1019 1678 Ι,
1042 1628 1108 1678 69.
1123 1627 1134 1678 )

328 1709 375 1737 14.
408 1695 576 1740 Ἀκούσας
593 1696 684 1740 τινὸς
703 1696 866 1748 λέγοντος
883 1695 1018 1747 μηδένα
1039 1695 1133 1750 ἔχειν
1147 1696 1286 1750 ἐχθρόν,
1303 1697 1395 1752 ἠρώ-

409 1772 514 1805 τησεν
529 1786 539 1805 ,
565 1758 595 1795 εἷ
613 1755 749 1808 μηδένα
771 1757 871 1811 φίλον
890 1755 988 1810 ἔχει,
1011 1755 1163 1808 νομίζων
1186 1757 1220 1803 ἐξ
1238 1756 1394 1809 ἀνάγκης

408 1818 656 1857 ἐπακολουθεῖν
698 1815 761 1856 καὶ
803 1815 1108 1868 συνεμπλέκεσθαι
1146 1815 1276 1871 φιλίαις
1308 1818 1396 1856 ἀπε-

406 1876 540 1930 χθείας.

463 1949 716 2002 (Plutarchus
734 1948 782 1987 de
812 1949 954 1987 Anima
980 1949 1085 2001 apud
1117 1949 1288 1987 Gellium
1318 1949 1389 1988 lib.

515 2008 548 2057 I,
567 2009 628 2060 3.)

327 2093 374 2122 15.
406 2080 648 2133 Ἐρωτηθείς,
668 2079 702 2118 τί
721 2071 992 2132 χαλεπώτατον,
1010 2098 1026 2115 «
1046 2079 1086 2119 τὸ
1109 2078 1293 2131 γινώσκειν
1312 2082 1391 2118 ἑαυ-

407 2139 464 2179 τὸν
496 2157 511 2174 υ
544 2139 628 2192 ἔφη·
666 2138 783 2179 πολλὰ
815 2138 883 2192 γὰρ
921 2141 988 2180 ὑπὸ
1022 2138 1209 2194 φιλαυτίας
1243 2137 1390 2178 ἕκαστον

406 2201 521 2253 ἑαυτῷ
538 2198 779 2254 προστιθέναι.

369 2344 399 2372 8.
419 2340 555 2372 Sumtus
575 2338 695 2371 taciens
715 2338 749 2370 in
772 2347 822 2371 res
836 2338 969 2371 minime
984 2337 1184 2371 necessarias
1207 2346 1323 2379 parum
1338 2346 1394 2369 va·

327 2398 406 2431 lehis
423 2398 465 2432 ad
487 2408 538 2432 res
561 2398 759 2432 necessarias
774 2398 1023 2440 comparandas.

368 2461 400 2491 9.
419 2461 561 2493 Tantum
579 2458 636 2491 tibi
653 2458 852 2492 incommodi
869 2467 907 2492 ex
926 2467 965 2491 eo
983 2467 1049 2491 non
1064 2461 1129 2499 est,
1154 2458 1181 2491 si
1198 2458 1321 2491 divitiis
1337 2467 1392 2491 ca-

327 2528 415 2560 reas,
436 2520 599 2561 quantum
613 2528 653 2552 ex
677 2528 735 2561 eo,
759 2519 785 2552 si
805 2519 844 2551 iis
863 2527 946 2561 quas
961 2518 1061 2552 habes
1079 2519 1163 2552 male
1179 2519 1297 2561 utaris3
1316 2528 1390 2551 nam

326 2579 388 2612 hoe
402 2579 491 2611 illam
512 2588 588 2621 quae
605 2587 680 2612 vere
698 2579 748 2612 est
766 2580 887 2621 vitam,
902 2580 937 2612 ut
950 2579 1061 2621 aiunt,
1081 2579 1170 2612 victu
1193 2579 1390 2621 indigentem

325 2639 510 2680 exstinguit.

372 2703 421 2732 10.
437 2700 541 2731 Fratri
564 2707 648 2740 aegre
671 2698 804 2739 ferenti,
827 2699 916 2741 quod
932 2700 1073 2742 ephorus
1099 2701 1168 2742 ipse
1186 2709 1251 2734 non
1270 2709 1391 2734 creare·

326 2762 391 2800 tur,
413 2767 516 2800 quum
544 2758 598 2791 ille
618 2761 700 2792 esset
718 2767 726 2787 ε
748 2760 833 2800 Ego,
851 2759 979 2802 inquit,
1011 2760 1166 2802 injuriam
1197 2762 1281 2795 serre
1300 2761 1367 2795 scio
1380 2786 1389 2803 ,

327 2821 360 2851 tu
375 2818 490 2851 nescis.

371 2881 421 2912 11.
446 2877 548 2919 Aiunt
576 2887 653 2911 eum
685 2877 727 2910 ab
755 2880 874 2920 AEsopo
903 2879 1154 2922 interrogatum,
1177 2881 1256 2923 quid
1283 2885 1393 2924 ageret

326 2938 468 2979 Jupiter,
494 2937 699 2979 respondisse
723 2947 731 2967 :
756 2938 890 2972 Excelsa
903 2939 1074 2981 deprimit,
1096 2940 1231 2974 humilia
1250 2942 1390 2975 extollit.

372 3002 425 3032 12.
449 3000 696 3041 Interrogatus,
715 3004 779 3041 q‘ua
796 3008 831 3033 re
858 2999 944 3034 docti
964 3010 983 3034 a
1006 3002 1143 3036 rudibus
1166 3003 1391 3038 discerneren-

325 3060 392 3098 tur,
411 3060 517 3099 Bona,
534 3058 641 3100 inquit
653 3083 662 3100 ,
682 3068 748 3101 spe.

373 3122 421 3152 13.
444 3121 688 3160 interrogatus,
716 3119 797 3162 quid
819 3122 903 3154 esset
925 3121 1055 3155 difficile
1074 3132 1082 3155 ε
1102 3126 1245 3165 Arcana,
1263 3125 1389 3167 inquit,

325 3179 465 3212 reticere
483 3180 516 3211 et
535 3179 642 3212 otium
665 3182 751 3212 recte
771 3179 930 3214 collocare
949 3184 983 3215 et
1005 3182 1158 3224 inJurIam
1180 3185 1262 3218 serre
1279 3195 1388 3228 posse.

373 3237 422 3269 14.
457 3237 567 3274 Quum
596 3237 762 3279 quendam
786 3238 948 3272 dicentem
979 3240 1174 3282 audivisset,
1204 3244 1334 3278 nullum
1355 3255 1390 3280 se

324 3295 493 3329 inimicum
516 3296 843 3338 habere,nullumne
855 3299 998 3333 amicum
1018 3300 1151 3335 haberet
1166 3303 1388 3347 interrogavit,

326 3355 507 3389 necessario
533 3356 751 3390 amicitiarum
775 3358 985 3402 pedissequas
1007 3360 1194 3396 inimicitias
1225 3373 1295 3399 esse
1313 3375 1388 3399 cum

327 3415 431 3458 iisque
446 3416 599 3459 conjungi
618 3417 820 3452 existimans.

374 3478 423 3508 15.
442 3477 686 3519 Interrogatus,
717 3477 796 3519 quid
822 3483 906 3512 esset
931 3480 1181 3525 difficillimum,
1202 3485 1243 3518 Se
1261 3485 1366 3527 ipsum

1616 304 1812 356 (Stobaeus
1834 307 1937 350 Flor.
1963 309 2067 359 XXI,
2096 313 2185 365 13.)

1478 386 1523 412 ιο.
1558 374 1794 426 Λυπουμένου
1823 378 1914 423 τινὸς
1935 379 1994 419 ἐπὶ
2018 383 2091 426 τοῖς
2113 383 2220 423 αὐτοῦ
2255 390 2397 437 κακοῖς,
2421 378 2540 427 εἶπεν·
2601 379 2603 382 ’

1559 436 1588 472 εἶ
1610 434 1654 473 τὰ
1675 436 1818 477 πάντων
1837 440 2085 494 κατανοήσῃς,
2102 436 2209 490 ἧττον
2237 444 2296 483 ἐπὶ
2314 445 2385 490 τοῖς
2409 450 2540 488 σαυτοῦ
2602 466 2606 470 ”

1557 494 1802 549 δυσφορήσεις.

1612 566 1815 617 (Stobaeus
1845 569 1951 611 Flor.
1978 572 2118 622 CVIII,
2138 574 2232 628 72.)

1476 647 1520 673 17.
1552 635 1624 674 Τὸν
1663 635 1820 690 ἄρχοντα
1848 639 1919 694 χρὴ
1954 640 2063 693 μηδὲν
2095 645 2234 697 φρονεῖν
2269 645 2414 695 θνητόν,
2447 645 2540 687 ἀλλὰ
2592 646 2595 691 ]

1553 695 1671 734 πάντα
1695 697 1869 739 ἀθάνατα.

1610 766 1858 819 (Plutarchus
1888 770 2151 812 Conviv.·VII
2182 774 2357 828 Sapient.
2390 790 2477 830 cap.
2513 793 2534 828 7
2595 764 2598 767 Ι

1661 841 1699 879 Ρ.
1726 829 1787 870 18.
1805 830 1816 880 )

1471 907 1517 936 18.
1551 897 1671 935 Χίλων
1692 897 1910 950 καλούμενος
1947 900 2027 952 (ἐπὶ
2045 899 2087 940 τὸ
2111 902 2272 956 δεῖπνον)
2297 906 2337 946 οὗ
2364 907 2535 960 πρότερον
2595 901 2597 903 ’

1552 958 1810 1008 ὡμολόγησεν,
1838 958 1862 1006 ἢ
1889 959 2061 1000 πυθέσθαι
2081 963 2152 1002 τῶν
2186 965 2415 1017 κεκλημένων
2447 966 2552 1007 ng.
2587 977 2592 982 “

1552 1031 1649 1055 στον.
1671 1014 1770 1071 Ἔφη
1792 1017 1875 1072 γάρ,
1897 1018 1951 1058 ὅτι
1973 1019 2157 1070 σύμπλουν
2177 1023 2367 1076 ἀγνώμονα
2392 1025 2445 1064 δεῖ
2468 1026 2534 1081 φέ-

1551 1091 1622 1128 ρειν
1656 1077 1718 1116 καὶ
1757 1077 1954 1127 σύσκηνον,
1991 1073 2041 1126 οἷς
2080 1083 2255 1134 συμπλεῖν
2290 1083 2426 1138 ἀνάγκη
2472 1085 2536 1125 καὶ
2590 1087 2592 1090 ’

1550 1137 1871 1190 συστρατεύεσθαι·
1909 1139 1949 1179 τὸ
1987 1139 2025 1179 δὲ
2073 1141 2274 1193 συμπόταις
2304 1145 2447 1195 ἑαυτόν,
2487 1148 2536 1192 ὡς
2590 1153 2592 1155 ’

1548 1196 1676 1249 ἔτυχε,
1695 1198 1949 1252 καταμιγνύειν
1965 1200 2004 1238 οὗ
2024 1203 2103 1240 νοῦν
2123 1201 2263 1254 ἔχοντος
2278 1203 2401 1259 ἀνδρός
2420 1206 2530 1246 ἐστιν.

1606 1267 1859 1318 (Plutarchus
1885 1269 2053 1309 Conviv.
2084 1271 2155 1311 vll
2184 1273 2361 1326 Sapient.
2395 1289 2480 1328 cap.
2506 1289 2541 1315 2-

1657 1341 1698 1379 p.
1718 1327 1771 1381 6.)
2589 1365 2591 1368 ⁴

1466 1411 1513 1438 19.
1546 1398 1666 1438 Χίλων
1698 1398 1908 1454 φιλάργυρον
1941 1401 2023 1441 ἰδὼν
2053 1403 2285 1457 ἐκφερόμενον
2309 1405 2395 1460 ἔφη·
2415 1401 2531 1454 Οὗτος

1548 1457 1622 1510 βίον
1646 1457 1799 1497 ἀὸίωτον
1815 1460 1923 1507 ζήσας
1943 1462 2072 1515 ἑτέροις
2087 1462 2161 1515 βίον
2185 1465 2457 1508 καταλέλοιπεν.
2589 1463 2592 1466 .

1603 1530 1799 1581 (Sentent.
1832 1531 1926 1572 Cod.
1956 1532 2234 1584 Lugdu‘nobat.
2271 1537 2334 1577 ed.
2369 1539 2528 1591 Beynen

1652 1604 1690 1642 p.
1708 1597 1772 1636 44.
1787 1597 1798 1642 )
2185 1597 2188 1601 ’

1855 1691 1882 1723 δ’
1904 1693 2133 1728 ΠΙΤΤΑΚΟΥ.

1488 1786 1517 1812 1.
1544 1771 1597 1812 Τὸ
1618 1772 1731 1823 ἥμισυ
1750 1777 1811 1813 τοῦ
1825 1774 1957 1820 παντὸς
1977 1777 2116 1817 πλεῖον.

1596 1844 1735 1898 (Diog.
1761 1841 1890 1887 Laert'.
1912 1846 1984 1889 lib.
2005 1847 2040 1898 1,
2062 1850 2126 1899 75.
2146 1849 2157 1904 )

1485 1929 1517 1955 2.
1540 1915 1708 1955 Χαλεπὸν
1730 1916 1853 1955 ἐσθλὸν
1877 1916 2046 1970 ἔμμεναι.

1596 1986 1607 2042 (
1627 1988 1742 2039 Diog.
1765 1988 1891 2029 Laert.
1915 1989 1989 2028 lib.
2009 1991 2040 2040 1,
2065 1991 2160 2046 76.)

1481 2072 1511 2098 3.
1540 2058 1647 2112 Ἀρχὴ
1665 2058 1774 2113 ἄνδρα
1796 2060 1956 2100 δεικνύει.

1592 2131 1726 2181 (Diog.
1747 2131 1874 2173 Laert.
1896 2132 1969 2172 lib.
1990 2133 2022 2180 Ι,
2045 2134 2144 2187 77.)

1484 2213 1514 2238 4.
1540 2199 1691 2254 Ἀνάγκῃ
1714 2202 1745 2239 δ’
1765 2201 1844 2241 οὐδὲ
1865 2202 1936 2241 θεοὶ
1964 2202 2161 2257 μάχονται.

1458 2337 1580 2378 inquit,
1619 2346 1752 2370 noscere
1780 2347 1788 2368 ε
1816 2338 1918 2371 multa
1948 2339 2036 2372 enim
2059 2348 2329 2384 unumquemque
2359 2351 2447 2377 coeeo
2472 2344 2525 2379 sul
2568 2367 2569 2370 =

1459 2406 1570 2430 amore
1593 2397 1653 2429 sibi
1676 2398 1866 2432 attribuere.
2566 2391 2568 2394 ⁵

1504 2460 1553 2490 16.
1574 2459 1685 2496 Quum
1704 2458 1837 2499 quidam
1856 2462 2007 2492 moereret
2020 2468 2098 2492 suas
2113 2460 2260 2494 miserias
2282 2462 2341 2496 :Si
2362 2465 2523 2506 omnium,
2563 2487 2566 2488 ν

1456 2515 1582 2557 inquit,
1605 2517 1745 2550 aliorum
1769 2518 1915 2552 miserias
1943 2519 2167 2562 perpenderis,
2197 2519 2306 2555 minus
2334 2531 2420 2565 aegre
2438 2523 2524 2558 feres
2559 2555 2562 2557 ,

1455 2577 1538 2610 tuas.

1502 2638 1553 2669 17.
1575 2636 1733 2677 Princeps
1751 2635 1834 2669 nihil
1859 2636 1999 2670 mortale
2017 2637 2167 2671 meditari
2197 2638 2313 2680 debet,
2335 2639 2394 2674 sed
2411 2641 2522 2674 omnia
2567 2645 2568 2648 ’

1454 2679 1662 2728 immortalia.

1500 2759 1548 2788 18.
1572 2755 1667 2788 Chilo
1685 2755 1726 2788 ad
1746 2764 1874 2789 coenam
1895 2758 2034 2791 vocatus
2050 2766 2116 2791 non
2133 2758 2224 2801 prius
2241 2758 2406 2800 condixit,
2419 2767 2519 2802 quam

1454 2823 1566 2847 eornm
1590 2815 1647 2856 qui
1674 2815 1895 2849 invitarentur
1913 2816 2028 2850 eodem
2054 2818 2185 2850 nomina
2200 2818 2385 2860 singulatim
2399 2815 2518 2860 eogno-

1454 2874 1565 2906 visset.
1584 2874 1719 2907 Dicebat
1746 2875 1833 2907 enim
1861 2876 2057 2917 quibuscum
2075 2885 2207 2910 necesse
2224 2879 2309 2911 esset
2336 2886 2402 2910 una
2429 2878 2520 2912 navi·
2558 2911 2559 2914 ,

1453 2942 1529 2975 gare
1543 2937 1599 2966 aut
1622 2934 1761 2967 militare
1773 2959 1782 2975 ,
1799 2943 1914 2967 eorum
1935 2935 2036 2968 etiam
2054 2936 2194 2969 molesto
2210 2937 2365 2970 comitatu
2384 2939 2417 2971 et
2435 2947 2518 2972 con·
2559 2951 2563 2958 “

1455 2993 1603 3026 tubal-nio
1637 2993 1796 3026 utendum
1826 3003 1898 3027 esse
1923 3004 1933 3027 t
1964 2995 2051 3028 ultro
2083 2998 2194 3029 autem
2234 2997 2518 3042 qualibuscunque
2557 2998 2561 3039 ᾗ

1454 3053 1632 3086 admiscere
1647 3062 1682 3086 se
1698 3053 1848 3086 convivis
1869 3063 1933 3087 non
1951 3063 2020 3088 esse
2039 3055 2109 3088 sani
2133 3055 2284 3090 hominis.
2556 3045 2558 3047 ‚

1498 3115 1547 3146 19.
1566 3112 1659 3145 Chilo
1673 3122 1776 3154 quum
1788 3122 1925 3146 avarum
1940 3113 2047 3146 efferri
2064 3114 2210 3148 videret:
2228 3115 2298 3158 llic,
2317 3117 2433 3160 inquit,
2447 3117 2514 3152 vita
2546 3113 2549 3142 J

1452 3181 1517 3205 non
1539 3172 1630 3205 vilali
1653 3175 1725 3205 acta
1747 3172 1819 3206 aliis
1836 3172 2009 3206 facultates
2034 3174 2176 3216 reliquit.
2556 3171 2558 3174 ’

1863 3253 1895 3285 4.
1920 3253 2099 3286 ΡΙΤΤΑΟΙ.

1499 3315 1526 3345 1.
1550 3310 1730 3344 Dimidium
1750 3311 1823 3354 plus
1840 3313 1920 3345 toto.

1494 3375 1526 3404 2.
1543 3371 1684 3404 Difficile
1696 3373 1745 3405 est
1766 3370 1890 3404 bonum
1909 3380 1990 3405 esse.

1493 3433 1524 3464 3.
1542 3431 1750 3472 Magistratus
1770 3431 1864 3473 quale
1878 3430 2039 3473 anusque
2057 3431 2221 3474 ingenium
2237 3432 2280 3467 sit
2294 3432 2451 3467 ostendit.

1493 3487 1524 3520 4¹.
1543 3488 1731 3522 Necessitati
1755 3498 1794 3522 ne
1808 3489 1850 3522 dii
1867 3489 1997 3531 quidem
2015 3490 2182 3526 resistunt.
