2612 3814
313 279 359 311 33
370 279 387 306 x·
1190 263 1257 302 DE
1286 261 1599 302 DEMOCRITO.

312 360 424 397 miam
438 386 448 404 ,
486 355 824 407 scenographiam,
865 354 1042 405 opticen,
1072 351 1323 402 geometriam
1341 381 1352 401 ‚
1389 356 1394 425 ι’
1417 363 1613 400 negemus.
1629 349 1674 388 In
1690 349 1929 401 quolapsum
1944 362 2027 389 esse
2042 358 2202 402 apparet
2218 349 2468 392 Meinersium

310 417 599 482 arithmeticen,
618 428 736 466 porro
751 426 815 452 eas
832 412 1027 480 dpctrinas
1051 424 1148 462 quas
1169 423 1271 477 nunc
1291 423 1357 448 no·
1417 422 1485 460 qui
1500 423 1540 447 111
1560 409 1776 476 6838114118)-
1795 411 1850 448 W
1852 410 2030 449 zssensch.
2048 408 2063 446 l
2080 423 2117 461 p.
2137 423 2213 460 729
2233 422 2340 462 seqq.
2355 412 2471 463 plura

311 475 615 574 x-islvocabulis·
637 469 1354 570 1[15ῗ181101οςιειηῃ18111.·01·(1ειιῑο10(ζ1311Ξὶ,
1389 442 1393 524 1
1417 467 2113 577 Epetptpprgtopggjttgsscag.sragngpnlta
2133 477 2338 566 pzoptipea
2365 471 2471 522 quod

312 551 382 574 zoo
401 550 423 573 o
454 548 526 573 13111
605 542 636 576 it
651 547 687 570 ιο
706 547 728 570 o
757 544 832 570 13111
926 543 1012 568 800
1040 542 1114 567 13111
1147 541 1310 566 vocamu
1344 555 1354 574 ,
1817 556 1827 574 ‚
1878 541 1959 565 ivm
2095 541 2156 565 um
2187 541 2207 565 11
2293 541 2471 570 omorum

313 549 504 647 praetekiea
524 546 756 638 b’otaniceng,
775 544 984 635 mugicgm,
1011 542 1188 640 igmeticen
1203 617 1213 634 ,
1234 600 1358 637 gram·
1389 550 1393 606 Ι
1416 585 1631 637 explicator
1650 584 1877 635 distinguat.
1899 586 1948 624 At
1968 587 2235 625 Democritum
2257 587 2473 629 verisimile

313 653 507 697 maticam,
534 650 764 753 medicinam
779 678 790 696 ‚
813 647 1087 698 agriculturam
1102 676 1112 693 ,
1141 646 1354 741 picturagn,
1416 652 1474 682 est
1501 656 1547 682 eo
1568 644 1735 740 mlaxigw
1756 644 1920 710 consilio
1940 658 2060 742 ogei-a
2088 645 2251 742 mlv-alga
2269 647 2470 696 emisisse,

310 720 429 750 artem
451 710 672 748 militarem.
739 720 795 745 uae
842 719 932 745 uum
955 706 1008 744 ita
1028 706 1130 751 sint,
1154 717 1267 742 nemo
1314 717 1357 741 u·
1417 710 1459 739 ut
1489 716 1595 754 popu
1615 716 1670 740 31·1
1704 715 1748 741 us
1778 716 1860 741 suis
1889 717 1961 754 pro
1989 712 2100 744 esset.
2159 718 2204 742 ro
2233 717 2316 744 esse
2345 714 2472 745 autem

310 769 453 808 hitabit
468 796 478 816 ,
493 768 588 819 quin
609 721 865 818 philosophiis
885 763 1147 802 Abderitanus
1163 763 1203 800 in
1221 775 1355 800 eorum
1389 808 1392 823 Ι
1417 762 1598 812 plurimis
1618 770 1769 813 poterat
1788 770 1854 799 aut
1875 763 2070 801 narrando
2090 776 2177 814 quae
2194 764 2277 815 ipse
2296 764 2338 803 in
2356 764 2473 804 itine-

312 829 427 867 fuerit
448 840 609 865 numero
635 824 892 891 quorum-vix
920 823 1064 872 singuli
1091 822 1257 888 singulis
1287 834 1358 859 sae·
1389 826 1393 883 l
1417 819 1527 858 ribus
1548 819 1816 887 memorabilia
1831 820 1993 859 vidisset
2011 820 2230 888 audi-ssetve
2243 831 2309 890 aut
2327 823 2474 892 devvita

310 889 408 926 culis
438 895 657 982 nasculntur.
691 885 781 980 Ιῖιιι(
811 882 900 932 ille,
916 894 1159 978 ἓιῗξιῐηφιῳη
1185 894 1226 918 111
1249 889 1356 977 cgete-
1388 884 1392 940 (
1417 878 1629 976 prudentes
1666 878 1933 976 itqsztituenda‘,i
1957 879 2005 976 (tle
2036 889 2147 919 vitus
2169 889 2226 977 let
2259 881 2473 980 vtrtuti‘lpiis

310 948 363 985 ris
392 946 542 984 dissimi
564 946 617 991 is,
640 956 680 981 111
721 955 783 979 108
806 954 914 992 aequa
947 954 957 978 1
978 954 989 978 ι
1017 953 1191 978 0111018111
1214 952 1256 977 ar
1292 953 1355 977 um
1445 950 1590 976 lsse1·en
1621 952 1657 977 o.
1731 951 1890 989 ramque
1937 951 1960 976 o
1977 951 2037 977 em
2058 952 2265 978 moratum
2288 953 2373 992 ejus
2422 954 2472 980 15-

311 1007 440 1044 studio
463 1004 686 1043 simillimus
723 1001 958 1041 Aristotelis.
989 1000 1116 1050 Atque
1146 999 1249 1038 haud
1275 1000 1357 1038 scio
1417 997 1659 1047 putationum
1683 997 1802 1036 suisse
1818 997 2050 1048 satisliquet
2070 998 2138 1049 (2).
2153 997 2339 1044 Quamvis
2353 1000 2494 1049 igitur·

278 1060 282 1065 ’
310 1078 356 1102 an
380 1062 704 1129 Stagirites-illam
724 1073 801 1127 qua
822 1059 996 1111 reliquos
1022 1058 1276 1111 philosophos
1293 1072 1356 1126 sut
1389 1111 1392 1129 1
1416 1055 1500 1106 ipse
1522 1056 1570 1094 de
1589 1056 1705 1095 rebus
1725 1056 1873 1125 divinis
1892 1056 2004 1124 aliter
2022 1058 2181 1124 sentiret
2197 1066 2312 1125 atq-ue
2331 1059 2473 1127 uulgus

309 1132 416 1173 perat
453 1122 710 1181 eruditionem
742 1119 874 1169 aliqua
906 1131 952 1156 ex
993 1126 1105 1169 parte
1142 1117 1357 1156 Democriti
1417 1114 1665 1182 Graecorum,
1693 1126 1820 1155 tamen
1851 1130 1893 1155 111
1926 1115 2029 1154 libro
2065 1116 2301 1185 erudiendis.
2319 1117 2475 1159 c1v1bus

308 1184 500 1222 librorum
537 1181 695 1221 lectioni
731 1180 923 1219 debuerit.
952 1179 1048 1217 Inde
1076 1179 1146 1218 illa
1174 1179 1357 1231 frequens
1418 1174 1609 1213 destinato
1620 1188 1777 1273 Secesise
1790 1184 1871 1214 erat
1885 1188 1973 1280 {um
1984 1174 2032 1213 de
2045 1175 2122 1213 dns
2135 1175 2183 1213 ad
2197 1175 2303 1226 vulgi
2318 1186 2471 1229 captum

309 1257 329 1281 a
344 1243 409 1281 md
433 1242 678 1281 Aristotelem
699 1239 912 1278 Democriti
927 1239 1072 1277 mentio
1095 1247 1166 1278 est.
1418 1246 1616 1272 accommo
1647 1244 1706 1273 ate
1751 1235 1859 1286 oqui.
1922 1247 1979 1272 uae
1998 1247 2118 1285 quum
2147 1235 2201 1272 ita
2220 1234 2319 1282 sint,
2341 1236 2474 1275 omnia

333 1257 568 1338 ¹Librorum
587 1298 918 1338 Democriteorum
940 1297 1262 1348 reliquias‚quas
1275 1296 1355 1348 jam
1419 1294 1497 1332 fere
1527 1295 1738 1345 fragmenta
1766 1308 1789 1333 a
1817 1294 2026 1333 Meinersio
2055 1308 2128 1346 pro
2158 1295 2306 1346 spuriis
2340 1295 2472 1336 habita

306 1367 416 1397 antea
442 1359 519 1410 (54)
554 1357 685 1405 edidi,
722 1354 787 1394 hic
815 1364 990 1424 repetere
1007 1355 1115 1423 ’mihi
1145 1355 1274 1422 visum
1301 1364 1358 1393 est
1418 1353 1663 1421 Democritea
1679 1366 1761 1392 esse
1781 1354 1896 1421 nobis
1914 1366 2142 1421 persuasum
2163 1362 2234 1392 est.
2264 1353 2398 1406 Neque
2417 1364 2476 1394 ta-

309 1420 452 1515 opiisslo
471 1418 587 1514 omni¹
600 1425 880 1482 commentario
906 1427 1095 1466 omnique
1119 1414 1167 1453 de
1184 1414 1357 1466 pluloso·
1418 1425 1505 1450 men
1531 1413 2164 1510 .(ῑ1111118111ω·ἷΐ1οξ8ῗ11·1.1οἐ111ῗ
2199 1413 2474 1511 quaedamee·

319 1480 372 1515 111
433 1477 544 1515 acitis
592 1477 623 1514 is
655 1484 838 1514 utatione.
1418 1484 1540 1510 moeri
1562 1486 1585 1510 o
1613 1485 1656 1510 su
1716 1485 1830 1511 0513.
1865 1485 1900 1510 :s
1935 1484 2039 1510 8111111
2095 1485 2145 1523 up
2162 1484 2210 1510 ex
2235 1484 2356 1522 genus
2392 1486 2433 1512 ra
2460 1496 2474 1504 ·

306 1491 317 1529 ¹
359 1492 413 1575 Sip
425 1549 559 1574 verum
586 1490 650 1573 851)
663 1533 765 1583 quod
795 1533 872 1571 alio
901 1532 988 1570 loco
1017 1531 1068 1582 (1)
1093 1530 1354 1582 conjecimus,
1419 1539 1636 1570 mentorum
1650 1486 1739 1579 ‚min
1778 1530 1922 1582 quibus
1957 1531 2129 1569 coelestia
2167 1539 2205 1569 et
2239 1487 2475 1584 sempiternga

306 1608 425 1647 opera
443 1594 605 1633 moralia
619 1606 640 1631 a
651 1592 874 1630 Democrito
888 1599 953 1628 aut
965 1590 1138 1628 omnium
1157 1594 1284 1641 prima
1293 1599 1358 1628 aut
1419 1599 1696 1639 memorantur,
1714 1590 1876 1628 alterum
1891 1589 1945 1627 ita
1957 1597 2237 1640 comparatum,
2252 1599 2296 1628 ut
2311 1592 2475 1633 servatis

306 1666 480 1703 magnam
506 1662 652 1717 partem
678 1659 765 1717 ante
795 1649 1118 1716 reliqua-scripta
1142 1649 1358 1700 composita
1416 1647 1526 1696 vulgi
1544 1648 1592 1715 (18
1622 1648 1783 1716 deorum
1803 1650 1973 1700 potentia
1992 1661 2036 1686 ac
2066 1648 2264 1686 voluntate
2294 1650 2474 1701 opinioni

303 1725 408 1758 esse,
442 1723 556 1749 nemo
593 1708 815 1756 mirabitur,
850 1721 892 1746 1n
925 1707 986 1746 1115
1020 1707 1135 1746 libris
1170 1708 1358 1746 nonnulla
1418 1707 1490 1744 bus
1505 1708 1600 1746 utlle
1614 1708 1662 1745 ad
1678 1717 1797 1746 vitam
1815 1715 1916 1746 recte
1930 1707 2116 1757 agendam
2131 1716 2365 1760 praeceptum
2381 1723 2474 1749 con·

306 1770 405 1808 tradi
429 1778 644 1821 praecepta,
669 1782 755 1819 quae
783 1767 993 1819 posteriori
1026 1767 1253 1818 philosophi
1283 1767 1356 1805 do·
1419 1764 1589 1813 tineam,
1614 1766 1775 1804 alterum
1796 1765 1852 1804 sic
1881 1765 2160 1817 compositum,
2194 1774 2238 1804 ut
2257 1767 2472 1818 profectum

305 1830 439 1867 ctrinae
463 1829 711 1867 vehementer
737 1835 968 1878 repugnent.
996 1826 1091 1864 Nam
1125 1839 1244 1877 quum
1278 1840 1356 1864 non
1418 1836 1502 1862 esse
1539 1834 1722 1876 appareat
1757 1824 1806 1863 ab
1842 1825 2021 1873 homine,
2053 1824 2122 1876 qui
2161 1824 2246 1876 ipse
2286 1826 2473 1865 mundum

306 1887 442 1926 divina
458 1887 652 1939 potentia,
669 1886 716 1924 de
730 1898 806 1936 qua
822 1898 899 1923 non
921 1884 1127 1922 admodum
1144 1884 1358 1923 honorifice
1419 1891 1562 1921 aeterna
1595 1884 1658 1922 dei
1695 1884 1886 1936 sapientia
1914 1897 1958 1922 ac
1986 1883 2236 1935 providentia
2263 1883 2475 1933 gubernari

306 1946 516 1994 sentiebat,
539 1945 605 1984 sed
638 1953 857 1983 atomorum
887 1957 1078 1981 concursu
1110 1943 1242 1981 omnia
1270 1953 1358 1982 nata
1418 1943 1670 1981 existimaret.
1698 1943 1898 1982 Posterius
1918 1955 2039 1993 genus
2058 1943 2352 1994 supposititium
2380 1957 2470 1983 cen-

305 2018 389 2044 esse
404 2013 442 2043 et
460 2012 646 2056 perpetuo
669 2003 773 2041 nasci
792 2003 1046 2048 decrevisset,
1067 2001 1153 2039 fieri
1183 2001 1357 2052 profecto
1419 2002 1496 2039 seri
1515 2011 1682 2054 oportet.
1702 2003 1747 2041 ln
1775 2016 1854 2054 quo
1882 2016 1960 2040 non
1982 2002 2094 2040 valde
2110 2002 2299 2040 dissentio
2327 2015 2350 2041 a
2376 2002 2476 2042 Bur-

306 2078 383 2102 non
418 2072 591 2116 poterat,
618 2063 714 2113 quin
745 2074 921 2110 magnam
955 2060 1114 2098 moralis
1143 2060 1359 2110 disciplinae
1419 2060 1575 2099 chardo.
1595 2062 1722 2108 Quum
1740 2062 1860 2112 igitur
1877 2061 2122 2099 Democritus
2136 2062 2190 2099 ait
2213 2064 2299 2099 :dii
2312 2062 2475 2100 homine*-

305 2132 451 2174 partem
474 2123 640 2161 tolleret.
663 2121 737 2159 Sed
764 2129 807 2158 ut
826 2119 1090 2166 inveniuntur,
1118 2120 1187 2170 qui
1213 2119 1357 2157 nullam
1419 2121 1486 2156 bus
1503 2121 1600 2157 bona
1625 2122 1840 2169 largiuntur
1859 2120 1920 2169 (cf.
1950 2120 2087 2170 fragm.
2123 2120 2204 2172 13),
2226 2120 2326 2159 nihil
2355 2120 2472 2170 dicit,

304 2195 388 2220 esse
422 2182 598 2220 divinam
642 2189 819 2218 naturam
864 2179 1067 2230 opinantes
1108 2179 1199 2217 vitae
1231 2187 1359 2216 tamen
1419 2178 1524 2228 quod
1562 2191 1584 2216 a
1617 2178 1745 2230 plebis
1778 2179 1966 2230 opinione
2005 2178 2237 2229 abhorreat,
2270 2188 2386 2231 atque
2413 2180 2476 2220 his

306 2242 507 2279 sanctitate
526 2250 562 2279 et
582 2239 774 2291 probitate
793 2238 1004 2284 excellant,
1024 2238 1078 2276 ita
1095 2238 1357 2276 Democritum
1419 2237 1515 2287 ipsis
1542 2237 1676 2276 verbis
1695 2239 1817 2276 utitur
1848 2237 1895 2276 ad
1928 2238 2131 2276 hominum
2162 2239 2373 2277 caecitatem
2406 2239 2476 2278 de-

305 2299 540 2338 arbitramur
558 2299 630 2336 1105
653 2298 700 2336 (18
722 2296 898 2335 moribus
928 2295 1052 2334 libros
1080 2296 1186 2334 salva
1210 2305 1358 2335 atomo·
1418 2296 1733 2344 monstrandam,
1772 2297 1840 2348 qui
1877 2297 1977 2335 mala
2020 2309 2090 2335 sua
2122 2296 2169 2334 ad
2201 2296 2294 2335 deos
2329 2298 2475 2338 referre

306 2371 389 2396 rum
407 2359 583 2397 doctrina
597 2356 767 2396 scribere
786 2356 972 2407 potuisse.
989 2355 1139 2401 Quodsi
1153 2357 1358 2395 statuimus
1418 2364 1595 2394 auctores
1619 2365 1917 2395 consueverunt.
1937 2356 2083 2394 Contra
2099 2355 2198 2394 nihil
2215 2357 2337 2406 magis
2356 2369 2475 2410 supra

307 2417 585 2469 philosophum
605 2424 811 2466 antequam
831 2414 878 2452 de
898 2414 1037 2453 atomis
1057 2414 1263 2453 dissereret
1279 2445 1290 2465 ‚
1310 2415 1358 2453 de
1418 2414 1526 2464 vulgi
1538 2423 1690 2466 captum
1703 2443 1714 2463 ,
1727 2414 1824 2453 nihil
1839 2428 1861 2453 a
1877 2415 2120 2453 Democritea
2135 2414 2182 2453 de
2195 2414 2313 2454 rebus
2326 2415 2476 2456 divinis

309 2476 447 2514 morali
476 2476 687 2527 disciplina
711 2474 1013 2513 commentarios
1043 2475 1251 2526 plerosque
1275 2474 1357 2526 jam
1418 2475 1609 2512 sententia
1625 2483 1701 2512 tam
1717 2474 1886 2512 alienum
1906 2482 1984 2520 est,
2003 2487 2118 2524 quam
2141 2472 2246 2524 quod
2265 2474 2368 2524 apud
2393 2474 2475 2513 An-

307 2535 509 2584 vulgasse,
542 2535 671 2581 illam,
699 2533 811 2584 cujus
833 2533 979 2571 mentio
1000 2533 1098 2572 sacta
1117 2542 1198 2582 est,
1220 2534 1358 2572 incon·
1419 2533 1568 2571 tonium
1590 2542 1628 2572 et
1660 2533 1871 2571 Maximum
1905 2532 2069 2571 Abderae
2101 2532 2258 2570 alumno
2287 2531 2476 2572 tribuitur

305 2592 482 2630 stantiam
495 2592 746 2630 necessariam
765 2591 881 2629 fuisse
900 2599 1014 2643 patet.
1033 2592 1160 2642 Atque
1179 2591 1259 2629 haec
1272 2592 1359 2643 ipsa
1418 2593 1480 2644 (cf.
1504 2593 1639 2643 fragm.
1662 2606 1823 2644 suppos.
1853 2608 1872 2642 7
1889 2594 1900 2644 )
1925 2595 2023 2630 illud
2049 2602 2085 2629 te
2108 2594 2178 2629 cleo
2197 2593 2354 2640 dignum
2388 2591 2476 2644 elfi-

307 2651 565 2688 inconstantia
583 2663 661 2687 non
681 2650 796 2688 modo
812 2649 1053 2698 excusanda,
1075 2663 1212 2688 verum
1241 2652 1356 2688 etiam
1418 2656 1510 2698 clet,
1546 2656 1580 2689 se·
1612 2652 1712 2688 m‘kil
1741 2665 1784 2688 eo
1817 2653 2013 2700 indignum
2038 2650 2199 2699 seceris.
2234 2651 2372 2701 Itaque
2401 2650 2475 2690 1108

306 2707 507 2758 probanda
524 2708 642 2754 foret,
664 2709 696 2746 si
731 2711 859 2746 virum
883 2703 1110 2760 praeclarum
1140 2718 1230 2761 post
1262 2710 1358 2748 illu-
1420 2709 1675 2760 fragmentum
1702 2723 1789 2748 cum
1821 2709 2002 2762 pluribus
2035 2709 2124 2748 aliis
2157 2708 2208 2762 (3)
2232 2722 2253 2747 e
2272 2709 2475 2749 Democri-

306 2774 425 2804 strata
448 2766 600 2804 demum
625 2766 840 2804 litterarum
867 2768 1127 2806 monumentis
1150 2768 1358 2806 individua
1420 2778 1569 2808 teorum
1592 2769 1825 2819 fragminum
1854 2782 2017 2807 numero
2042 2769 2319 2821 expunximus.
2341 2768 2475 2820 Neque

307 2825 536 2876 corpuscula
555 2824 603 2862 ad
618 2825 828 2863 ornandam
844 2826 1189 2878 explicandamque
1204 2841 1355 2866 morum
1419 2837 1548 2867 tamen
1568 2841 1722 2880 semper
1747 2828 1787 2866 in
1815 2827 2041 2878 rejiciendis
2061 2827 2286 2878 sententiis,
2302 2840 2389 2878 quae
2404 2827 2474 2873 rvi·

306 2882 553 2934 disciplinam
571 2883 741 2920 animum
757 2883 942 2934 adjecisse
958 2885 1061 2923 inter
1074 2894 1251 2924 auctores
1268 2900 1357 2924 con·
1419 2887 1560 2926 dentur
1587 2888 1720 2930 νοθείας
1739 2887 1907 2938 speciem
1927 2900 2008 2938 prae
2029 2899 2070 2924 se
2090 2886 2210 2937 ferre,
2242 2886 2475 2937 astipulatus

307 2942 472 2981 veniret.
497 2942 626 2987 Quare
646 2942 857 2980 cavendum
878 2951 955 2991 est,
976 2957 1024 2982 ne
1045 2958 1131 2995 quae
1154 2946 1194 2982 in
1215 2946 1356 2984 Demo·
1420 2960 1505 2985 sum
1523 2946 1746 2984 Burchardo
1760 2974 1770 2994 ‚
1790 2958 1904 2997 quem
1934 2945 2115 2983 acerrimi
2145 2945 2319 2983 censoris
2350 2945 2475 2984 instar

306 3001 438 3039 criteis
477 3000 525 3039 de
562 3001 700 3038 morali
730 3000 981 3052 philosophia
1023 3003 1279 3052 fragminibus
1313 3018 1357 3043 ac
1415 3005 1523 3057 justo
1543 3006 1675 3058 plures
1691 3004 1798 3043 tribu
1819 3005 2008 3052 movisse,
2028 3012 2066 3042 et
2084 3004 2190 3054 quod
2209 3004 2380 3042 maxime
2398 3005 2474 3043 mi·

307 3060 507 3098 sententiis
525 3059 719 3097 contraria
736 3060 943 3098 videantur
959 3061 1183 3113 philosophi
1202 3063 1250 3101 de
1267 3064 1359 3102 deo·
1389 3090 1391 3102 .
1420 3066 1537 3113 reris,
1559 3064 1638 3103 sibi
1666 3076 1715 3102 ne
1734 3064 1954 3102 constitisse
1979 3063 2135 3115 quidem
2154 3063 2196 3101 in
2225 3063 2296 3101 illo
2316 3064 2474 3114 negotio

308 3130 392 3155 rum
412 3127 549 3156 natura
567 3117 741 3169 judicio,
765 3131 809 3156 ea
829 3132 1010 3168 germana
1031 3120 1115 3171 ejus
1131 3121 1253 3160 verba
1272 3136 1356 3162 esse
1419 3123 1785 3163 animadvertimus.
1805 3122 1979 3174 Namque
1998 3122 2120 3161 verba
2139 3123 2206 3160 illa
2227 3137 2313 3174 quae
2336 3123 2472 3173 legun-

316 3197 2473 3214 5--————————————————,—————

1390 2982 1393 3015 Ι

349 3246 415 3286 (54)
436 3246 609 3279 Democriti
643 3246 805 3286 Abderitae
833 3257 966 3288 operum
998 3249 1174 3289 fragmenta
1204 3251 1348 3292 collegit,
1459 3251 1503 3294 (3)
1527 3252 1648 3284 Similia
1664 3255 1739 3283 sunt
1760 3251 1841 3282 inter
1861 3250 2036 3292 fragmenta
2055 3251 2254 3292 supposititia
2269 3251 2473 3292 quadragesi-

308 3293 487 3332 rccensuit‚
503 3294 792 3335 vertit,explicuit
806 3303 844 3326 38
865 3295 906 3327 (18
924 3296 1104 3336 philosophi
1138 3300 1203 3329 vila
1225 3299 1352 3339 scriptis
1417 3308 1507 3331 mum
1529 3299 1678 3339 quintum
1699 3298 1762 3339 (ap.
1788 3300 1905 3331 Antou.
1924 3301 1955 3330 et
1975 3300 2062 3330 Max.
2086 3307 2118 3338 p.
2143 3300 2216 3339 277)
2238 3311 2245 3330 ε
2270 3300 2342 3339 Θεῷ
2365 3298 2473 3339 ὅμοιον

306 3340 338 3370 et
357 3338 481 3380 placitis
497 3342 732 3373 commentatus
748 3342 797 3372 est
811 3343 847 3373 F.
862 3342 904 3373 G.
928 3345 964 3374 Α.
981 3343 1183 3375 Mullachius.
1202 3344 1350 3384 Berolini,
1416 3347 1481 3387 ἔχει
1493 3348 1510 3379 ὁ
1523 3346 1681 3388 ἄνθρωπος
1689 3346 1726 3378 τὸ
1736 3345 1769 3378 εὖ
1783 3349 1882 3378 ποιεῖν
1895 3346 1969 3377 ὅταν
1979 3346 2014 3377 τὸ
2029 3344 2061 3376 εὖ
2075 3349 2174 3377 ποιεῖν
2187 3346 2229 3387 μὴ
2239 3345 2472 3383 καπηλεύηται,

306 3386 487 3427 sumptibus
498 3389 538 3419 G.
562 3387 700 3427 Besseri,
725 3389 814 3420 1843.
1416 3395 1469 3425 καὶ
1490 3394 1527 3426 τὸ
1543 3394 1711 3435 εὐεργετεῖν
1734 3393 1788 3425 καὶ
1803 3392 1960 3431 ἀληθεύειν
1972 3401 1979 3409 ·
1998 3395 2031 3425 et
2048 3392 2326 3432 quadragesimum
2346 3393 2471 3423 sextum

351 3433 391 3474 (ι)
414 3433 485 3466 Vid.
506 3433 622 3466 librum
640 3434 735 3466 modo
748 3435 880 3468 citatum
898 3444 967 3477 pag.
987 3439 1058 3471 101.
1415 3439 1770 3480 (Democrat.0re11.n.
1789 3438 1843 3480 80)
1859 3440 1941 3470 :¹ssv
1955 3439 2086 3480 πιστεύῃ
2100 3450 2143 3475 τις
2158 3438 2242 3476 θεοὺς
2256 3436 2473 3471 ἐπισκοπεύειν

348 3482 391 3519 (2)
413 3479 487 3512 Vid.
509 3480 530 3512 1.
545 3489 572 3513 c.
592 3490 662 3522 pag.
682 3485 751 3514 101.
1414 3485 1533 3527 πάντα,
1549 3486 1620 3519 οὔτε
1632 3486 1726 3530 λάθρη
1741 3486 1812 3519 οὔτε
1831 3489 1966 3528 φανερῶς
1979 3486 2200 3527 ἁμαρτήσεται.
2227 3521 2230 3524 y
