2612 3814
347 301 479 350 Αἴγλης
499 298 599 351 apud
620 295 880 336 Alexandrum
907 292 1050 343 legitur
1069 291 1243 337 Νήστιδος
1267 288 1386 337 αἴγλη.

349 360 427 399 Alii
448 357 668 397 minuscula
688 356 813 393 littera
833 352 1009 392 scribunt
1034 350 1174 402 αἴγλης,
1195 361 1266 398 ego
1297 348 1390 384 Kar-

347 418 472 456 stenio
499 423 694 468 praeeunte
718 412 934 464 majuscula
954 423 1046 448 usus
1071 421 1171 447 sum.
1194 406 1389 444 Prellerus

347 477 444 515 Hist.
461 476 557 527 phil.
580 489 620 526 p.
647 488 717 521 ¹27
738 485 816 511 non
843 478 1023 523 percepta
1046 476 1170 519 poetae
1191 473 1316 503 mente
1336 464 1391 501 lo-

347 549 432 574 cum
443 535 499 573 sic
513 535 580 572 reli
588 545 702 583 ngere
712 530 898 570 tentabat:
912 528 956 566 τὰ
973 527 1032 565 δύο
1047 529 1116 564 τῶν
1131 523 1223 563 ὀκτὼ
1241 521 1388 573 μοιρέων

345 593 434 645 λάγε
455 593 628 640 Νήστιδος
641 621 650 638 ,
669 591 787 640 Αὐγῆς
805 586 948 638 τέσσαρ’
967 586 1010 623 ἰδ’
1032 583 1260 636 Ἡφαίστοιο,
1280 580 1389 632 αὐγήν

348 652 395 690 de
410 638 500 691 aere
520 650 568 688 ab
604 647 835 699 Empedocle
862 645 939 683 dici
964 642 1214 681 contendens.
1237 639 1322 678 Vid.
1342 639 1389 677 ad

347 723 449 749 vers.
477 710 561 747 123.
592 709 639 746 At
672 707 768 744 nihil
795 703 1031 742 mutandum.
1055 700 1147 739 Nam
1182 711 1320 750 aquam
1354 706 1390 735 et

347 770 473 806 aerem
488 766 724 817 conjunctim
742 764 913 802 nominat
930 764 1063 807 Νῆστιν
1079 759 1212 810 Αἴγλην
1227 789 1236 806 ,
1255 771 1390 808 qnem-

348 825 554 863 admodum
574 823 705 866 ψοῐὸος
718 822 913 870 Ἀπόλλων,
931 819 1079 862 Παλλὰς
1092 817 1215 863 Ἀθήνη
1228 817 1387 863 dicitur,

351 885 486 929 Νῆστιν
506 882 566 933 μὲν
583 881 638 919 διὰ
652 881 691 919 τὸ
714 879 837 931 ὑγρόν,
862 878 931 917 ἀπὸ
956 882 1015 916 τοῦ
1034 875 1129 915 νάειν
1150 874 1211 913 καὶ
1232 876 1300 927 ῥεῖν
1324 873 1387 924 (cf.

350 942 396 980 ad
416 954 519 980 vers.
547 941 614 977 161
636 941 666 989 ),
688 937 822 988 Αἴγλην
849 937 903 984 δέ,
925 939 970 980 ὡς
991 937 1140 988 διαφανῆ
1155 965 1165 982 ,
1188 946 1274 984 quae
1302 941 1392 971 sunt

348 1000 540 1050 Simplicii
562 997 679 1036 verba
697 997 744 1034 ad
766 997 882 1035 Arist.
899 996 947 1034 de
967 995 1095 1033 Anim.
1116 1002 1158 1032 ut
1177 993 1303 1031 statim
1325 993 1390 1029 vi-

349 1058 539 1097 debimus.
563 1057 606 1094 ln
627 1070 704 1107 quo
725 1055 847 1099 ὕδατος
867 1055 927 1093 καὶ
949 1054 1048 1106 ἀέρος
1075 1052 1134 1092 δύο
1155 1050 1277 1104 μοίρας
1304 1051 1390 1090 sive

349 1116 515 1168 ἑκατέρας
548 1114 612 1153 ἀνὰ
644 1114 726 1165 μίαν
762 1114 899 1166 μοῖραν,
932 1113 1154 1164 Philopono
1180 1111 1391 1162 interprete

348 1189 430 1214 esse
444 1176 536 1213 vult.
549 1174 737 1212 Caeterum
753 1182 941 1224 quatenus
954 1171 1209 1223 Empedocles
1222 1170 1388 1208 aliorum

351 1234 616 1272 auctoritatem
635 1232 782 1270 curarit
802 1232 870 1283 qui
888 1230 1023 1281 Αἴγλην
1038 1243 1154 1269 unam
1168 1229 1389 1267 Gratiarum

347 1293 408 1331 vel
434 1306 564 1331 earum
586 1300 743 1330 matrem
765 1291 929 1343 conjuge
948 1290 1037 1329 Sole
1062 1303 1144 1328 esse
1172 1297 1389 1328 statuerunt

351 1350 455 1400 (vid.
479 1350 642 1401 llesych.
663 1350 703 1387 in
719 1349 801 1400 v.),
822 1357 1012 1399 quatenus
1031 1348 1116 1400 ipse
1132 1348 1174 1386 in
1193 1347 1254 1385 his
1275 1346 1391 1385 rebus

349 1409 497 1460 aliquid
518 1408 698 1457 novarit,
721 1421 799 1445 non
819 1406 970 1445 laboro.
996 1406 1189 1444 Praeterea
1210 1405 1309 1443 nihil
1331 1418 1391 1442 re-

350 1468 423 1506 fert
433 1498 443 1515 ‚
461 1476 588 1506 utrum
606 1469 738 1513 Νῆστιν
756 1465 891 1517 Αἴγλην
907 1480 1044 1516 aquam
1056 1466 1288 1516 pellucidam
1309 1465 1392 1502 sive

348 1531 511 1572 aeriam,
539 1540 586 1564 an
600 1528 758 1575 fluidum
782 1525 924 1577 (aeris)
941 1526 1176 1573 splendorem
1207 1536 1391 1575 exponas.

400 1584 464 1623 Vs.
502 1586 575 1622 213
617 1583 725 1622 λευκὰ
761 1582 901 1635 γένοντο
937 1583 1117 1635 plerique
1157 1583 1389 1634 scriptores;

347 1642 441 1682 λεύκ’
462 1643 615 1694 ἐγένοντο
639 1641 860 1680 Alexander
879 1641 928 1679 ad
956 1654 1070 1692 quem
1100 1650 1282 1693 tanquam
1310 1654 1390 1679 ma·

348 1702 508 1752 gistrum
530 1702 668 1753 spretis
698 1700 933 1739 membranis
953 1701 1030 1739 hoc
1060 1701 1146 1738 loco
1175 1701 1217 1739 in
1242 1700 1392 1738 Aristo·

348 1760 421 1798 tele
458 1760 694 1799 recensendo
732 1773 773 1798 se
818 1759 1029 1811 applicavit
1066 1760 1274 1805 Bekkerus‚
1315 1759 1391 1798 nisi

350 1819 447 1858 forte
473 1833 563 1871 pars
584 1819 757 1870 quaedam
787 1818 980 1856 librorum
1003 1818 1225 1856 Aristotelis
1251 1818 1306 1856 ita
1325 1818 1393 1856 ha·

348 1876 426 1925 bet,
466 1877 571 1927 quod
600 1890 620 1915 e
642 1877 745 1914 docti
767 1877 877 1914 illius
899 1876 975 1914 viri
997 1876 1142 1914 notulis
1173 1889 1253 1914 non
1275 1884 1390 1928 patet.

349 1934 460 1981 Quod
482 1935 708 1987 Simplicius
723 1944 760 1973 et
775 1935 1017 1986 Philoponus
1040 1935 1282 1982 existimant,
1306 1935 1394 1973 Em-

349 1993 549 2044 pedoclem
588 1994 629 2031 in
666 1993 740 2031 hoc
771 1994 924 2031 decreto
959 1993 1198 2032 enuntiando
1234 1994 1391 2032 harmo-

352 2054 461 2092 nicos
491 2054 823 2105 Pythagoreorum
856 2068 1038 2094 numeros
1066 2055 1250 2093 intuitum
1286 2068 1391 2103 esse,

351 2111 466 2151 nobis
481 2114 704 2164 neutiquam
726 2114 974 2165 persuadent.
996 2113 1060 2152 Sic
1087 2122 1212 2152 autem
1233 2114 1393 2166 Simpli-

350 2170 432 2208 cius
448 2171 495 2208 ad
516 2171 673 2209 Aristot.
690 2171 737 2210 de
758 2172 885 2211 Anim.
906 2172 931 2212 f.
957 2173 1002 2210 18
1020 2171 1046 2210 b
1068 2172 1230 2225 εέπίηρος
1244 2171 1297 2220 δέ,
1315 2188 1394 2212 του-

349 2227 463 2267 τέστιν
483 2229 684 2281 ἐναρμόνιος
697 2259 707 2277 ,
727 2229 863 2282 εἴρηται
890 2234 912 2277 ἡ
938 2233 983 2280 γῆ
1008 2232 1054 2274 ὡς
1072 2230 1176 2274 κύὸος
1189 2261 1199 2281 ,
1218 2231 1309 2270 κατὰ
1330 2232 1393 2279 τὴν

351 2287 598 2339 Πυθαγορείων
615 2287 807 2340 παράδοσιν
823 2304 831 2312 ·
849 2288 907 2327 τὸν
925 2288 991 2342 γὰρ
1008 2288 1113 2328 κύὸον
1131 2288 1188 2328 διὰ
1202 2289 1240 2328 τὸ
1262 2290 1395 2329 δώδεκα

352 2344 414 2394 μὲν
434 2344 526 2397 ἔχειν
547 2345 723 2399 πλευράς,
753 2345 846 2385 ὀκτὼ
876 2346 912 2386 δὲ
932 2346 1061 2399 γωνίας
1075 2379 1085 2398 ,
1108 2347 1144 2392 ἓξ
1165 2348 1201 2387 δὲ
1222 2348 1391 2398 ἐπίπεδα,

350 2401 414 2449 τὴν
433 2403 622 2456 ἁρμονικὴν
643 2409 809 2444 ποιοῦντα
828 2406 1035 2457 ἀναλογίαν,
1050 2406 1221 2460 ἁρμονίαν
1237 2408 1396 2447 ἐκάλουν.

353 2461 462 2514 χόανα
482 2462 516 2501 δὲ
534 2463 629 2517 παρὰ
646 2467 696 2516 τῷ
715 2468 843 2519 ποιητῇ
868 2464 1031 2519 (“Ομήρῳ
1043 2464 1071 2518 ),
1088 2468 1124 2504 ἐν
1143 2460 1192 2510 οἷς
1207 2469 1229 2514 ἡ
1247 2468 1315 2505 τῶν
1337 2482 1397 2516 μι-

352 2519 528 2572 γνυμένων
548 2521 701 2573 γίγνεται
717 2529 857 2576 κρᾶσις,
875 2525 998 2576 ἀγγεῖα
1018 2524 1082 2576 (ll.
1100 2535 1218 2569 xv111‚
1266 2522 1342 2574 70)·

406 2618 512 2668 φῦσαι
529 2617 558 2655 δ’
578 2619 610 2656 ἐν
626 2618 803 2670 χοάνοισιν
830 2619 956 2659 ἐείκοσι
975 2626 1086 2659 πᾶσαι
1106 2619 1255 2674 ἐφύσων.

356 2715 378 2753 ἃ
397 2715 457 2754 καὶ
474 2714 638 2769 εύστερνα
650 2746 661 2764 ,
681 2718 726 2760 ὡς
745 2719 882 2756 πλατέα
895 2749 904 2767 ,
919 2719 975 2758 διὰ
996 2719 1034 2759 τὸ
1057 2721 1255 2773 χωρητικὸν
1276 2723 1395 2760 καλεῖ·

357 2772 499 2825 μίγνυσι
519 2774 555 2812 δὲ
589 2774 674 2827 πρὸς
694 2775 757 2823 τὴν
776 2779 844 2815 τῶν
864 2779 974 2817 ὀστῶν
1000 2778 1132 2830 γένεσιν
1151 2780 1304 2834 τέσσαρα
1334 2781 1397 2832 μὲν

354 2831 462 2884 πυρὸς
498 2831 606 2884 μέρη,
642 2834 699 2872 διὰ
728 2835 767 2874 τὸ
798 2834 898 2888 ξηρὸν
921 2836 982 2876 καὶ
1005 2838 1127 2877 λευκὸν
1158 2841 1288 2891 χρῶμα
1316 2839 1399 2884 ἴσως

354 2889 518 2930 πλείστου
537 2890 649 2943 λέγων
671 2891 830 2945 μετέχειν
852 2894 942 2934 αὐτὰ
961 2895 1067 2949 πυρός
1080 2912 1087 2920 ·
1105 2895 1165 2936 δύο
1179 2898 1215 2935 δὲ
1240 2901 1317 2950 γ’ῆς,
1337 2899 1398 2937 καὶ

355 2948 392 2987 ἓν
410 2950 472 3000 μὲν
494 2951 591 3002 ἀέρος
603 2982 612 3001 ,
626 2950 663 2990 ἓν
681 2951 715 2990 δὲ
731 2951 854 2997 ὕδατος
867 2969 875 2977 ·
896 2953 917 2992 ἃ
939 2953 981 3001 δὴ
1004 2955 1110 3008 ἄμφω
1134 2959 1254 3003 νῆστιν
1271 2957 1396 3010 αἴγλην

355 3009 623 3060 προσαγορεύει,
636 3012 755 3056 νῆστιν
775 3009 838 3060 μὲν
855 3011 912 3050 διὰ
932 3012 972 3051 τὸ
991 3013 1094 3065 ὓγρόν
1106 3044 1115 3061 ,
1133 3013 1202 3052 ἀπὸ
1219 3019 1278 3054 τοῦ
1303 3016 1397 3054 νάειν

357 3065 417 3102 καὶ
438 3067 531 3119 ῥεῖν,
553 3066 678 3118 αἴγλην
701 3068 736 3108 δὲ
756 3071 802 3113 ὡς
822 3070 989 3123 διαφανῆ.
1016 3071 1091 3111 Sed
1113 3085 1239 3124 neque
1259 3075 1398 3126 ἐπίηρος

357 3123 459 3162 idem
482 3133 539 3163 est
569 3127 672 3176 quod
703 3127 926 3179 ἐναρμόνιος,
944 3142 1070 3180 neque
1098 3133 1163 3182 γῆν
1185 3132 1276 3171 licet
1293 3133 1399 3171 κύὸον

358 3181 615 3233 interpretari.
631 3185 775 3224 Caetera
793 3186 909 3238 plana
928 3196 1030 3226 sunt.
1050 3188 1170 3227 Nemo
1191 3199 1315 3229 autem
1334 3205 1400 3230 ve-

359 3239 441 3278 rius
472 3241 520 3278 de
544 3241 803 3294 Empedocleo
823 3244 1001 3294 dogmate
1038 3246 1253 3298 disputavit
1283 3262 1398 3300 quam

359 3298 577 3338 Alexander
590 3300 616 3340 l.
635 3315 668 3338 c.
691 3300 744 3339 δ’τι
758 3301 794 3340 δὲ
813 3306 923 3341 ταῦτα
942 3302 1061 3356 ἔλεγον
1082 3306 1119 3343 οὗ
1141 3306 1395 3360 διαρθροῦντες,

358 3355 641 3405 Ἐμπεδοκλέους
661 3358 837 3410 μέμνηται
855 3360 1012 3413 λέγοντος
1032 3362 1072 3400 τὸ
1088 3364 1209 3402 ὀστοῦν
1232 3366 1324 3405 κατὰ
1340 3369 1397 3407 τὸν

357 3415 459 3466 λόγον
478 3418 604 3456 ὀστοῦν
623 3411 726 3466 εἶναι,
747 3421 785 3458 οὗ
805 3419 897 3460 κατὰ
913 3420 976 3469 τὴν
994 3420 1080 3470 ὅλην
1094 3438 1103 3447 ·
1121 3426 1142 3470 ἡ
1162 3422 1224 3474 μὲν
1248 3424 1316 3480 γὰρ
1331 3425 1396 3475 ὕλη

339 218 396 255 ’48
1209 196 1626 240 COMMENTARIUS

1450 285 1546 333 κοινὴ
1582 283 1642 324 καὶ
1671 286 1740 327 τοῖς
1763 283 1883 326 ἄλλοις
1907 283 1991 320 κατ’
2018 281 2123 321 αὐτόν
2148 280 2216 333 (τὰ
2246 279 2316 335 γὰρ
2349 279 2504 336 τέσσαρα

1452 342 1648 396 στοιχεῖα),
1669 343 1791 381 ὀστοῦν
1813 341 1848 379 δὲ
1869 342 1903 379 ἐν
1921 343 1964 394 τῇ
1986 346 2072 394 ποιᾷ
2087 340 2219 380 τούτων
2239 340 2299 378 καὶ
2316 340 2408 392 nob&
2421 340 2506 394 κρά-

1451 419 1504 442 σει
1521 399 1608 454 φησὶ
1631 400 1832 452 γίγνεσθαι,
1850 398 1962 451 λέγων
1977 414 1986 423 ·
2004 401 2027 446 ἦ
2046 398 2082 437 δὲ
2101 398 2196 452 χθὼν
2220 398 2300 438 κτλ.
2324 400 2356 437 εἰ
2373 397 2411 437 δὲ
2429 399 2501 443 τοῖς

1452 464 1564 504 ὀστοῖς
1582 459 1673 498 κατὰ
1694 459 1752 498 τὸν
1774 457 1876 510 λόγον
1892 489 1902 505 ,
1915 457 2076 497 τουτέστι
2096 458 2189 496 κατὰ
2213 457 2253 496 τὸ
2274 450 2366 502 εἶδος
2389 456 2507 496 καὶτὸ

1449 520 1484 559 τί
1503 514 1544 566 ἦν
1565 512 1655 557 εἶναι
1678 521 1798 569 (τοῦτο
1814 517 1882 570 γάρ
1903 519 1996 556 ἔστιν
2013 519 2032 556 ὁ
2048 517 2195 568 λόγος),
2215 516 2255 556 τὸ
2271 517 2395 555 ὀστοῦν
2415 509 2507 556 εἶναι

1451 578 1530 617 κατ’
1550 577 1674 626 αὐτόν,
1694 577 1800 623 δῆλον
1819 579 1865 620 ὡς
1889 576 1950 615 καὶ
1968 579 2012 629 τῇ
2033 575 2139 627 σαρκὶ
2157 575 2218 614 καὶ
2237 578 2287 629 τῷ
2306 577 2418 628 νευρῷ
2445 574 2508 614 καὶ

1451 636 1589 690 ἑκάστῳ
1609 638 1678 675 τῶν
1701 634 1809 674 ὄντων
1823 667 1832 683 ,
1852 629 1921 674 οἷον
1944 634 2032 688 λίθῳ
2059 633 2169 688 ξύλῳ,
2196 634 2288 673 κατὰ
2311 633 2370 673 τὸν
2402 631 2506 686 λόγον

1450 695 1510 734 καὶ
1527 694 1567 733 τὸ
1586 688 1693 739 εἶδος·
1719 693 1742 741 ἢ
1771 692 1839 746 γὰρ
1857 692 1915 732 ε’πὶ
1939 693 2081 732 πάντων
2103 693 2144 732 τὸ
2172 686 2261 737 εἶδος
2281 691 2343 732 καὶ
2362 694 2381 731 ὁ
2405 690 2508 746 λόγος

1451 755 1558 799 αἴτιος
1572 758 1632 794 τοῦ
1650 754 1796 793 ἕκαστον
1814 747 1902 792 εἶναι
1919 751 1937 792 ὃ
1955 751 2067 798 ἔστιν,
2087 750 2109 798 ἢ
2132 753 2189 791 ἐπ’
2203 750 2355 804 οὐδενός,
2370 753 2451 792 κτλ.

1503 815 1568 854 Vs.
1586 815 1675 852 215.
1691 816 1737 857 ὡς
1756 814 1784 852 δ’
1803 812 1855 851 ὅτ’
1871 812 1953 856 ὀπὸς
1973 810 2068 866 κτλ.]
2087 812 2261 850 servavit
2275 810 2508 851 Plutarchus

1436 875 1499 913 'de
1517 874 1638 912 Amic.
1653 873 1764 912 mult.
1783 886 1871 924 pag.
1887 872 1954 922 95,
1970 871 2052 910 vol.
2071 870 2120 908 Vl
2136 884 2174 922 p.
2194 870 2297 918 357:
2317 873 2339 918 ἡ
2355 869 2419 920 μὲν
2439 871 2509 924 γὰρ

1451 930 1604 983 (φιλία)
1634 929 1776 982 συνάγει
1803 929 1863 968 καὶ
1893 928 2076 976 συνίστησι
2095 927 2156 965 καὶ
2181 926 2320 980 συνέχει
2339 941 2507 967 καταπυ-

1450 993 1578 1028 κνοῦσα
1599 992 1676 1034 ταῖς
1693 988 1845 1039 ὁμιλίαις
1864 987 1925 1027 καὶ
1936 986 2222 1041 φιλοφροσύναις,
2237 988 2284 1031 ὥς
2303 986 2335 1024 δ’
2349 985 2401 1026 ὅτ’
2423 985 2509 1032 ὀπὸς

1449 1051 1581 1088 -κατ’
1603 1047 1868 1097 Ἐμπεδοκλέα.
1891 1046 1988 1085 Cum
2011 1046 2086 1084 hoc
2110 1045 2336 1097 jungendus
2357 1045 2506 1085 Aristo·

1452 1109 1545 1146 teles
1567 1107 1615 1146 de
1636 1107 1735 1147 Gen.
1757 1109 1873 1145 anim.
1892 1105 1957 1153 IV,
1978 1112 1999 1151 l,
2031 1119 2071 1158 p.
2095 1119 2167 1153 77¹
2198 1104 2239 1143 h.
2262 1105 2324 1144 ed.
2346 1105 2507 1146 Bekker.

1451 1168 1490 1206 τὸ
1511 1167 1547 1206 δὲ
1566 1167 1709 1222 σπέρμα
1728 1166 1768 1205 τὸ
1789 1169 1852 1205 τοῦ
1882 1165 2026 1219 ἄῤῥενος
2038 1196 2047 1212 ,
2066 1164 2136 1204 εἴτε
2157 1164 2402 1217 συμὸάλλεταί
2421 1163 2508 1218 πρὸς

1451 1226 1515 1275 τὴν
1537 1226 1624 1275 ὕλην
1646 1226 1767 1280 μόριον
1797 1225 1978 1278 γινόμενον
2000 1228 2061 1263 τοῦ
2084 1224 2265 1276 κυήματος
2293 1224 2354 1263 καὶ
2380 1225 2432 1278 τῷ
2447 1227 2508 1264 τοῦ

1454 1287 1575 1335 θήλεος
1596 1286 1776 1339 σπέρματι
1807 1285 2017 1338 μιγνύμενον
2030 1315 2040 1334 ,
2064 1284 2134 1324 εἴτε
2152 1284 2213 1324 καὶ
2234 1283 2285 1336 μὴ
2305 1289 2426 1324 τοῦτον
2445 1282 2508 1323 τὸν

1453 1346 1583 1399 τρόπον
1596 1377 1606 1397 ‚
1627 1346 1707 1385 ἀλλ’
1729 1345 1851 1397 ὥσπερ
1869 1344 1986 1398 φαμὲν
2006 1344 2156 1397 συνάγον
2183 1343 2244 1382 καὶ
2275 1344 2509 1397 δημιουργοῦν

1453 1404 1516 1451 τὴν
1531 1403 1616 1452 ὕλην
1638 1404 1701 1452 τὴν
1723 1406 1757 1443 ἐν
1785 1407 1837 1456 τῷ
1860 1404 1958 1452 θήλει
1978 1404 2037 1443 καὶ
2053 1404 2094 1444 τὸ
2109 1402 2315 1456 περίττωμα
2341 1402 2382 1443 τὸ
2401 1418 2510 1457 σπερ-

1453 1464 1602 1515 ματικόν
1614 1496 1624 1515 ,
1640 1463 1801 1518 καθάπερ
1821 1467 1839 1503 ὁ
1858 1464 1942 1509 ὀπὸς
1961 1462 2025 1511 τὴν
2040 1463 2216 1517 ὑγρότητα
2236 1467 2297 1502 τοῦ
2317 1463 2507 1515 γάλακτος,

1454 1522 1510 1561 διὰ
1540 1521 1618 1561 τίνα
1639 1523 1719 1561 ποτ’
1749 1522 1866 1562 αἰτίαν
1898 1524 1965 1575 οὐχ
1986 1521 2022 1561 ἓν
2057 1523 2225 1562 ἀποτελεῖ
2248 1523 2336 1575 ζῷον
2365 1521 2510 1574 μέγεθος

1454 1581 1557 1633 ἔχον,
1578 1582 1768 1629 Quamvis
1787 1590 1915 1621 autem
1938 1583 2131 1620 incertum
2157 1582 2231 1633 sit,
2253 1582 2296 1620 in
2316 1594 2395 1633 qua
2419 1595 2509 1620 car-

1454 1641 1605 1679 minum
1637 1649 1747 1692 parte
1775 1640 1881 1679 hunc
1907 1640 2145 1679 versiculum
2176 1639 2431 1692 Empedocles
2461 1639 2510 1679 ad

1453 1700 1695 1752 probandam
1711 1714 1790 1739 rem
1809 1701 1856 1739 de
1876 1713 1952 1751 qua
1971 1700 2071 1739 forte
2089 1699 2227 1750 agebat
2243 1698 2509 1739 adhibendum

1454 1761 1600 1812 putarit
1613 1790 1623 1808 ‚
1645 1769 1773 1798 tamen
1802 1773 1824 1798 e
1841 1759 2043 1798 Plutarchi
2063 1758 2199 1798 verbis
2214 1757 2366 1810 conjici
2393 1758 2508 1807 licet,

1456 1832 1542 1857 eum
1566 1819 1606 1857 in
1629 1817 1875 1856 celebrandis
1895 1817 2089 1855 Amicitiae
2105 1816 2262 1856 viribus
2277 1817 2350 1856 hac
2371 1817 2518 1857 simili-·

1455 1877 1590 1915 tudine
1610 1890 1723 1915 usum
1744 1889 1843 1915 esse.
1863 1875 2034 1914 Eandem
2055 1876 2266 1926 imaginem
2283 1876 2512 1917 Aristoteles

1454 1936 1502 1974 ad
1541 1937 1676 1988 partus
1707 1935 1981 1974 formationem
2014 1935 2224 1974 transtulit.
2253 1935 2388 1986 Neque
2414 1948 2512 1975 vero
2558 1983 2567 1992 s

1455 1994 1618 2033 dubium
1638 1994 1734 2045 quin
1753 1993 1980 2045 Empedocli
1996 1992 2226 2032 obversatus
2244 1993 2296 2033 sit
2310 1993 2420 2033 locus
2437 1994 2512 2033 Ho-

1455 2055 1624 2093 mericus
1638 2054 1686 2093 ΙΙ.
1704 2053 1773 2092 lib.
1788 2052 1836 2101 V,
1855 2066 1912 2092 vs.
1935 2066 2013 2104 902
2034 2067 2043 2091 z

1507 2149 1554 2192 ὡς
1564 2146 1592 2185 δ’
1606 2147 1655 2185 ὅτ’
1672 2145 1755 2190 ὀπὸς
1767 2147 1860 2198 γάλα
1871 2144 1994 2184 λευκὸν
2010 2146 2232 2197 ἐπειγόμενος
2246 2145 2454 2198 συνέπηξεν,

1509 2205 1612 2258 ὑγρὸν
1632 2205 1706 2254 ἐόν,
1727 2205 1825 2257 μάλα
1846 2205 1876 2243 δ’
1889 2197 1964 2243 ὦκα
1982 2205 2252 2259 περιστρέφεται
2272 2205 2456 2246 κυκόωντι·

1509 2262 1554 2308 ὣς
1578 2264 1646 2317 ἄρα
1660 2261 1893 2317 καρπαλίμως
1913 2261 2041 2310 ἰήσατο
2055 2266 2173 2316 θοῦρον
2193 2260 2322 2316 Ἄρηα.

1508 2369 1603 2409 Vss.-
1615 2369 1808 2417 216·217.
1826 2370 1955 2407 Ταῦτα
1974 2367 2337 2420 τρίχες-μέλεσσιν]
2355 2369 2511 2407 Aristo—

1459 2429 1553 2467 teles
1578 2428 1738 2467 Meteor.
1757 2427 1822 2476 lV,
1842 2442 1866 2478 9
1888 2441 1926 2479 p.
1946 2428 2020 2475 387
2046 2426 2086 2466 b.
2105 2425 2168 2466 ed.
2187 2426 2346 2466 Bekker.
2362 2425 2455 2480 λέγω
2473 2425 2510 2466 δὲ

1457 2486 1516 2525 καὶ
1541 2489 1629 2525 ὀστᾶ
1650 2486 1709 2524 καὶ
1726 2485 1849 2538 τρίχας
1863 2475 1923 2524 καὶ
1943 2491 2014 2524 πᾶν
2035 2485 2075 2524 τὸ
2101 2488 2254 2524 τοιοῦτον
2270 2485 2305 2523 ἐν
2322 2487 2459 2539 ταῦτῷ·
2471 2486 2512 2525 οὗ

1456 2545 1524 2599 γὰρ
1544 2548 1659 2585 κεῖται
1688 2545 1797 2595 ὄνομα
1817 2544 1930 2584 κοινόν
1943 2576 1954 2593 ,
1977 2544 2069 2583 ἀλλὰ
2089 2545 2168 2583 κατ’
2204 2543 2393 2596 ἀναλογίαν
2415 2543 2511 2597 ὅμως

1460 2607 1494 2643 ἓν
1514 2606 1630 2658 ταύτῷ
1650 2604 1755 2643 πάντ’
1774 2603 1867 2643 ἐστίν
1880 2634 1889 2652 ,
1909 2602 2031 2656 ὥσπερ
2047 2604 2108 2643 καὶ
2128 2603 2378 2654 Ἐμπεδοκλῆς
2403 2619 2509 2656 φησι·

1458 2664 1568 2703 ταῦτὰ
1588 2663 1706 2718 τρίχες
1731 2664 1811 2702 κτλ.
1844 2663 1923 2702 Pro
1948 2663 2061 2701 ταύτὰ
2090 2677 2176 2701 cum
2208 2663 2512 2702 Panzerbietero

1459 2723 1602 2775 scripsi
1618 2727 1746 2762 ταῦτα.
1770 2722 1921 2761 Deinde
1940 2723 2056 2760 initio
2075 2735 2214 2760 versus
2238 2723 2436 2774 sequentis
2463 2735 2511 2761 ex

1457 2782 1742 2834 Olympiodoro
1761 2782 1808 2819 ad
1828 2782 1868 2821 h.
1885 2783 1910 2820 l.
1926 2781 1996 2833 qui
2011 2781 2126 2820 habet
2141 2791 2327 2834 corrupte
2341 2781 2512 2835 φολιδονί-

1459 2843 1511 2885 δες
1536 2850 1573 2879 et
1593 2840 1789 2892 Hesychio
1817 2841 2012 2894 (φλονίδες,
2031 2841 2202 2892 λεπίδες)
2232 2840 2510 2892 Empedoclea-

1459 2913 1544 2938 rum
1569 2912 1709 2938 vocum
1742 2900 1902 2938 custode
1930 2899 2088 2951 reposui
2109 2912 2197 2937 cum
2219 2899 2512 2938 Karsteniomt

1459 2957 1615 3010 φλονίδες
1645 2957 1835 3009 γίγνονται.
1858 2958 1954 2997 Nam
1974 2958 2168 2996 librorum
2190 2959 2511 2997 Aristotelem-um

1459 3017 1692 3069 scripturam
1717 3017 1854 3061 λεπίδες
1877 3019 1939 3056 vel
1967 3016 2107 3062 λοπίδες
2129 3017 2296 3057 rarioris
2327 3016 2511 3056 vocabuli

1459 3077 1847 3128 interpretamentum
1870 3090 1954 3115 esse
1974 3077 2160 3115 arbitror.

1511 3135 1598 3175 Vss.
1619 3136 1809 3185 218-219.
1833 3134 1867 3179 ἐξ
1899 3129 1946 3173 ὧν
1975 3135 2370 3191 ὄμματ’-Ἀφροδίτη]
2401 3136 2511 3176 exhi·

1459 3194 1525 3233 bet
1544 3194 1772 3246 Simplicius
1789 3194 1837 3232 de
1857 3195 1966 3233 Coelo
1986 3209 2007 3233 a
2030 3196 2212 3247 Peyrono
2228 3196 2407 3248 prolatus
2425 3196 2451 3233 l.
2474 3210 2509 3236 c.

1462 3267 1500 3304 p.
1523 3255 1597 3301 283
1619 3253 1795 3304 corrupti
1812 3262 1963 3291 exstant
1983 3254 2023 3291 in
2041 3255 2102 3292 ed.
2127 3255 2213 3294 Ald.
2235 3256 2260 3292 f.
2288 3256 2362 3293 128
2379 3254 2418 3294 b.
2438 3253 2511 3292 Le-

1460 3321 1604 3360 guntur
1625 3313 1742 3350 etiarn
1767 3312 1870 3363 apud
1897 3313 2142 3351 Brandisium
2167 3314 2209 3351 in
2229 3313 2356 3351 schol.
2374 3327 2408 3365 p.
2435 3314 2511 3361 507

1460 3383 1493 3409 a.
1513 3369 1604 3408 ἀλλὰ
1624 3371 1682 3408 καὶ
1700 3370 1781 3422 περὶ
1800 3369 1965 3420 γενέσεως
1985 3373 2051 3408 τῶν
2073 3373 2261 3424 ὀφθαλμῶν
2290 3374 2358 3409 τῶν
2388 3387 2511 3422 σωμα-

1460 3431 1564 3467 τικῶν
1587 3429 1715 3468 τούτων
1730 3429 1842 3481 λέγων
1859 3429 2034 3480 ἐπήγαγεν
2049 3442 2056 3451 ·
2076 3430 2109 3474 ἐξ
2130 3425 2177 3468 ὧν
2197 3430 2329 3482 ὄμματ’
2348 3432 2428 3469 κτλ.
2451 3430 2511 3468 καὶ
