2612 3814
195 478 234 505 70

192 1068 232 1095 80

198 1366 236 1391 85

191 1661 230 1687 90

195 1956 232 1981 95

192 2254 247 2280 100

195 2549 247 2575 105

195 2846 247 2871 tto

199 3139 248 3166 115

933 256 1263 297 EMPEDOCLIS
1293 256 1356 297 CA
1367 257 1550 296 RMlNA.
2314 270 2336 304 3

272 344 397 384 ἄλλοτε
420 341 483 392 μὲν
504 339 665 395 φιλότητι
682 338 912 391 συνερχόμεν’
935 338 982 383 εἷς
1002 337 1038 377 ἓν
1059 337 1217 390 ἅπαντα,

268 404 395 444 ἄλλοτε
410 403 438 440 δ’
457 395 502 440 αῧ
519 398 590 453 δίχ’
606 398 741 438 ἕκαστα
756 397 952 451 φορεύμενα
967 397 1096 442 νείκεος
1108 396 1218 450 ἔχθει.

270 460 395 505 Οὕτως
413 454 437 512 ᾖ
459 459 523 511 μὲν
548 458 584 498 ἓν
604 459 644 497 ἐκ
664 457 819 496 πλεόνων
839 457 1026 508 μεμάθηκε
1049 456 1219 510 φύεσθαι,

275 520 336 569 ἠδὲ
351 519 460 559 πάλιν
490 517 676 572 διαφύντος
691 515 766 562 ἑνὸς
786 516 904 555 πλέον’
924 516 1163 567 ἐκτελέθουσι,

267 583 312 634 τῇ
332 578 395 630 μὲν
412 577 592 631 γίγνονταί
607 593 647 616 τε
663 576 725 616 καὶ
745 575 784 615 οὗ
802 592 920 630 σφισιν
942 575 1091 629 ἔμπεδος
1109 577 1195 615 αἰών
1212 591 1222 602 ·

267 634 291 692 ᾗ
310 639 345 678 δὲ
366 638 444 677 τάδ’
468 637 691 677 ἀλλάσσοντα
718 635 908 689 διαμπερὲς
935 635 1075 686 οὐδαμὰ
1093 635 1217 687 λήγει,

267 697 379 751 ταύτῃ
401 697 430 736 δ’
450 695 524 736 αἰὲν
539 695 636 735 ἔασιν
658 695 824 743 ἀκίνητον
846 694 940 734 κατὰ
961 695 1105 735 κύκλον.
1134 694 1220 750 [ξει.

273 757 367 797 'm
385 757 460 810 ἄγε,
482 756 602 809 μύθων
621 757 743 795 κλυθι·
764 754 860 806 μάθη
874 755 943 808 γάρ
957 770 1009 794 τοι
1024 754 1150 809 φρένας
1162 754 1222 793 αὔ-

266 817 333 862 (Ως
342 816 410 869 γὰρ
421 816 480 855 καὶ
492 832 573 869 πριν
583 815 682 855 ἔειπα
690 814 919 868 ,πιφαύσκων
928 814 1078 867 πείρατα
1091 813 1223 864 μύθων,

273 875 369 915 δίπλ’
388 872 496 926 ἐρέω·
514 873 593 913 τοτὲ
615 872 679 924 μὲν
700 873 768 926 γὰρ
797 872 832 912 ἓν
850 873 987 920 ηὐξήθη
1009 873 1117 924 μόνον
1133 877 1223 912 εἰναι

271 936 313 974 ἐκ
324 933 507 984 πλεόνων,
523 933 600 972 τοτὲ
614 933 644 971 δ’
669 935 712 971 αὖ
730 933 829 985 διέφυ
846 932 953 971 πλέον
973 931 1007 977 ἐξ
1025 932 1098 976 ἑνὸς
1118 935 1223 971 εἶναι·

275 997 354 1047 πῦρ
362 992 457 1033 xat‘
440 993 553 1046 υδωρ
548 993 609 1032 καὶ
625 996 711 1043 γαῖα
731 991 793 1031 καὶ
814 989 947 1043 αἰθέρος
966 990 1071 1039 ἤπιον
1092 990 1177 1044 ὕψος
1189 1022 1200 1040 ,

269 1052 395 1097 Νεῖκός
407 1054 439 1092 τ’
465 1053 652 1102 οὐλόμενον
671 1051 754 1104 δίχα
768 1053 837 1089 τῶν
848 1081 859 1102 ,
877 1049 1070 1089 ἀτάλαντον
1084 1051 1222 1104 ἑκάστῳ

268 1113 328 1151 καὶ
349 1110 508 1159 Φιλότης
523 1109 614 1162 μετὰ
627 1110 751 1157 τοῖσιν,
765 1108 823 1157 ἴση
841 1109 953 1162 μῆκός
971 1125 1008 1148 τε
1025 1109 1158 1154 πλάτος
1171 1123 1221 1149 τε·

269 1172 334 1220 τὴν
349 1171 390 1209 σὺ
410 1169 479 1223 νόῳ
497 1170 617 1224 δέρκευ
637 1169 720 1220 μηδ’
734 1167 891 1220 ὄμμασιν
905 1163 972 1226 ἧσο
988 1170 1166 1216 τεθηπώς·

267 1231 348 1280 ἥτις
384 1230 444 1269 καὶ
460 1233 615 1277 θνητοῖσι
642 1228 819 1279 νομίζεται
839 1228 992 1281 ἔμφυτος
1007 1228 1163 1282 ἄρθροις,

274 1294 318 1344 τῇ
333 1305 371 1328 τε
388 1288 473 1343 φίλα
497 1287 679 1342 φρονέουσ’
701 1287 744 1326 ἰδ’
763 1284 884 1338 ὁμοίια
905 1287 994 1340 ἔργα
1015 1289 1167 1337 τελοῦσι,

273 1348 470 1402 γηθοσύνην
491 1349 677 1391 καλέοντες
699 1346 885 1398 ἐπώνυμον
913 1347 968 1395 ἠδ’
990 1347 1220 1402 Ἀφροδίτην·

269 1409 335 1457 τὴν
349 1409 441 1452 οὔτις
455 1407 512 1446 διὰ
524 1406 652 1451 παντὸς
667 1406 897 1458 ἑλισσομένην
918 1407 1067 1456 δεδάηκε
1085 1409 1220 1460 [τηλόν.

268 1468 395 1516 θνητὸς
411 1467 513 1520 ἀνήρ.
532 1466 584 1506 Σὺ
603 1468 633 1506 δ’
646 1466 752 1506 ἄκουε
772 1467 884 1519 λόγων
906 1467 1029 1506 στόλον
1043 1469 1106 1507 οὐκ
1122 1470 1221 1506 ἀπα-

263 1530 394 1568 Ταῦτα
412 1526 481 1580 γὰρ
497 1520 564 1566 ’ἷσά
578 1542 615 1566 τε
638 1527 756 1566 πάντα
777 1525 838 1565 καὶ
858 1526 966 1574 ἥλικα
980 1528 1104 1578 γένναν
1127 1527 1219 1579 ἔασι,

269 1590 375 1639 τιμῆς
390 1587 420 1626 δ’
430 1586 538 1635 ἄλλης
559 1587 645 1625 ἄλλο
667 1585 784 1636 μέδει,
802 1586 900 1638 πάρα
922 1587 952 1625 δ’
967 1581 1047 1635 ἦθος
1068 1587 1220 1641 ἑκάστῳ·

266 1647 301 1685 ἐν
319 1645 354 1685 δὲ
373 1645 470 1698 μέρει
485 1644 674 1698 κρατέουσι
691 1645 965 1697 περιπλομένοιο
984 1646 1141 1696 κύκλοιο,

268 1705 330 1745 καὶ
348 1705 458 1759 φθίνει
476 1707 523 1750 εἷς
540 1705 680 1752 ἄλληλα
701 1705 761 1744 καὶ
782 1705 926 1750 αὔξεται
942 1707 976 1744 ἐν
989 1707 1086 1759 μέρει
1104 1706 1218 1754 αἴσης.

272 1765 344 1804 Καὶ
361 1764 445 1818 πρὸς
460 1765 532 1809 τοῖς
543 1764 614 1804 οὔτ’
626 1765 712 1803 ἄλλο
725 1781 759 1803 τι
775 1765 1015 1818 γίγνεταιοῦδ’
1031 1767 1216 1820 ἀπολήγει.

270 1822 354 1863 Εἴτε
370 1823 439 1876 γὰρ
459 1824 655 1877 ἐφθείροντο
676 1824 881 1878 διαμπερές,
904 1825 1016 1864 οὐκέτ’
1037 1825 1079 1865 ἂν
1097 1821 1218 1873 ἦσαν..

273 1886 374 1922 τοῦτο
391 1885 422 1922 δ’
435 1883 643 1931 ἐπαυξήσειε
659 1883 698 1922 τὸ
710 1890 781 1923 πᾶν
802 1884 886 1923 τίκε
905 1885 964 1924 καὶ
983 1886 1087 1925 πόθεν
1105 1886 1219 1935 ἐλθόν;

273 1944 324 1989 πῆ
341 1942 377 1980 δέ
396 1957 436 1981 κε
456 1942 515 1980 καὶ
533 1942 733 1991 ἄπολοίατ’,
748 1944 825 1982 ἐπεὶ
842 1944 945 1983 τῶνδ’
957 1945 1055 1984 οὐδὲν
1071 1944 1218 1998 ἕρημον;

273 2002 351 2040 ἀλλ’
369 2000 449 2039 αὔτ’
468 2000 563 2039 ἔστιν
584 2005 716 2050 ταῦτα,
741 2003 784 2042 δι’
807 2004 970 2052 ἀλλήλων
992 2005 1026 2042 δὲ
1045 2005 1168 2045 θέοντα

270 2060 426 2112 γίγνεται
443 2061 568 2099 ἄλλοτε
588 2061 680 2100 ἄλλα
701 2062 875 2111 διηνεκές,
896 2062 968 2103 αἰὲν
994 2066 1112 2114 ὁμοῖα.

272 2118 380 2159 Ἄλλο
401 2120 438 2159 δέ
459 2135 513 2158 τοι
535 2119 641 2173 ἐρέω·
664 2120 764 2175 φύσις
784 2122 921 2167 οὐδενός
938 2124 1032 2162 ἐστιν
1054 2123 1221 2164 ἁπάντων

272 2183 407 2228 θνητῶν
419 2210 429 2228 ,
451 2179 529 2219 οὐδέ
544 2195 595 2223 τις
610 2180 801 2231 οὐλομένου
821 2181 984 2219 θανάτοιο
1001 2182 1163 2232 τελευτή,

276 2239 367 2278 ἀλλὰ
392 2239 496 2290 μόνον
520 2238 612 2290 μῖξίς
631 2255 668 2278 τε
686 2239 866 2285 διάλλαξίς
882 2256 920 2279 τε
939 2241 1111 2293 μιγέντων

273 2298 365 2347 ἐστί,
379 2297 480 2352 φύσις
498 2298 530 2338 δ’
550 2297 608 2337 ἐπὶ
627 2304 698 2343 τοῖς
717 2299 926 2349 ὀνομάζεται
948 2300 1194 2353 ἀνθρώποισιν.

270 2359 311 2396 ἐκ
325 2361 384 2396 τοῦ
407 2357 476 2411 γὰρ
496 2356 544 2408 μὴ
570 2356 683 2402 ἐόντος
701 2357 886 2410 ἀμήχανόν
914 2359 1169 2412 ἐστι’γενέσθαι
1184 2392 1193 2409 ,

273 2416 313 2456 τό
335 2418 366 2454 τ’
388 2417 442 2455 ἐὸν
465 2416 672 2462 ἐξόλλυσθαι
692 2416 884 2464 ἀνήνυστον
909 2418 970 2457 ml
992 2419 1193 2473 ἄπρηκτον·

274 2476 342 2515 αἰεὶ
360 2476 428 2529 γὰρ
444 2476 629 2529 περιέσται
649 2475 718 2530 ὅπῃ
733 2476 773 2515 κε’
789 2492 840 2522 τις
863 2476 936 2516 αἰὲν
957 2479 1086 2532 ἐρείδῃ.

276 2536 366 2574 ἀλλὰ
380 2541 502 2580 κακοῖς
517 2535 580 2586 μὲν
591 2534 705 2590 κάρτα
714 2536 813 2575 πέλει
827 2537 1034 2590 κρατέουσιν
1048 2541 1223 2579 ἀπιστεῖν·

272 2597 318 2638 ὡς
335 2594 371 2634 δὲ
385 2610 434 2634 πα
441 2594 471 2647 ρ’
484 2595 659 2649 ἡμετέρης
673 2594 814 2634 κέλεται
827 2595 1042 2649 πιστώματα
1059 2601 1219 2647 Μούσης,

273 2656 394 2705 γνῶθι,
416 2654 664 2705 διατμηθέντος
685 2653 736 2693 ἐνὶ
753 2655 990 2708 σπλάγχνοισι
1008 2656 1140 2709 λόγοιο.

271 2715 316 2752 Or
334 2714 363 2752 δ’
377 2712 408 2760 ὅ,
423 2729 456 2751 τι
470 2729 528 2752 κεν
547 2712 664 2752 κατὰ
656 2715 755 2767 φῶτα
777 2714 875 2787 μιγὲν
892 2714 978 2769 φάος
998 2716 1164 2769 αἰθέρος“’
1151 2734 1222 2772 ικῃ,

271 2771 313 2820 ἠὲ
332 2775 411 2812 κατ’
433 2773 629 2827 ἀγροτέρων
652 2776 766 2826 θηρῶν
794 2774 892 2825 γένος
912 2773 934 2822 ἢ
956 2775 1050 2815 κατὰ
1081 2776 1224 2828 θάμνων

276 2831 318 2880 ἠὲ
333 2832 411 2871 κατ’
431 2834 581 2881 οἰωνῶν,
601 2832 709 2885 τόγε
703 2832 765 2872 υιὲν
783 2833 956 2910 φάσκουσι
971 2835 1153 2887 γενέσθαι·

271 2884 348 2930 ευτε
368 2892 398 2931 δ’
414 2895 670 2946 ἀποκρινθῶσι,
686 2892 725 2931 τὸ
745 2893 774 2932 δ’
791 2887 836 2932 αυ
859 2894 1074 2946 δυσδαίμονα
1090 2895 1223 2947 πότμον

276 2950 463 3002 ἀπρεπέως
479 2950 664 2999 καλέουσι,
684 2950 783 3006 νόμω
804 2952 835 2991 δ’
853 2952 1007 3006 ἐπίφημι
1024 2953 1084 2992 καὶ
1105 2954 1221 2999 αὐτός.

275 3007 429 3056 Nun-tot·
443 3010 482 3048 οὐ
501 3009 569 3062 γάρ
591 3025 672 3064 σφιν
692 3011 934 3065 δολιχόφρονές
955 3014 1023 3051 εἶσι
1042 3011 1223 3067 μέριμναι,

277 3066 311 3106 οἳ
331 3066 372 3115 δὴ
391 3067 572 3119 γίγνεσθαι
593 3069 702 3122 πάρος
723 3071 785 3109 οὐκ
813 3071 868 3110 ἐὸν
893 3072 1092 3117 ἐλπίζουσιν

276 3125 299 3173 ἤ
323 3139 359 3165 τι
378 3126 635 3175 καταθνήσκειν
655 3144 692 3167 τε
713 3129 773 3168 καὶ
789 3129 1031 3175 ἐξόλλυσθαι
1013 3131 1169 3181 απάντη.

275 3184 395 3225 Οὔκ
377 3201 419 3223 αν
438 3186 526 3241 ἀνὴρ
546 3191 694 3227 τοιαῦτα
715 3189 817 3243 σοφὸς
832 3189 934 3244 φρεσὶ
950 3191 1198 3241 μαντεύσαιτο,

280 3246 326 3289 ὥς
343 3243 435 3299 ὄφρα
457 3247 519 3297 μέν
538 3263 577 3286 τε
598 3250 726 3300 βιῶσι,
744 3249 784 3288 τὸ
808 3250 851 3297 δὴ
878 3249 991 3303 βίοτον
1010 3251 1195 3303 καλέουσι,

277 3302 409 3358 τόφρα
402 3304 464 3344 μὲν
480 3309 539 3344 οὖν
553 3308 640 3346 εἰσιν
655 3307 716 3346 καί
727 3324 807 3361 σφιν
820 3308 916 3362 πάρα
924 3309 1019 3348 δεινὰ
1032 3309 1092 3348 καὶ
1106 3311 1225 3350 ἐσθλά·

272 3362 352 3413 πρὶν
362 3363 396 3402 δὲ
406 3363 562 3417 πάγεντε
573 3367 688 3418 βροτοι
698 3383 781 3406 και
768 3367 1036 3407 ἐπεὶλύθενούδὲ
1023 3385 1055 3406 ςν
1067 3368 1109 3421 etp
1115 3370 1225 3409 ἐἷσίν.

439 3480 455 3494 D
731 3484 745 3495 α

1280 344 1379 377 modo
1402 353 1458 386 per
1477 344 1652 376 amicitiam
1676 345 1827 378 coeuntia
1847 346 1877 378 in
1895 355 1995 379 unum
2013 351 2129 381 cuncta
2142 374 2151 388 ,

1281 403 1379 436 modo
1396 412 1508 436 rursus
1521 412 1665 436 seorsum
1679 412 1820 446 quaeque
1834 406 1906 437 acta
1921 405 2088 439 discordiae
2106 408 2180 439 odio

1283 463 1330 495 lta
1348 463 1507 503 quatenus
1524 471 1625 495 unum
1637 471 1655 495 e
1672 463 1818 504 pluribus
1835 463 1990 497 exsistere
2006 466 2174 499 consuevit

1282 530 1478 564 rursusque,
1493 531 1557 554 uno
1575 521 1725 564 dirupto,
1740 523 1833 564 plura
1849 523 2054 566 exoriuntur,

1282 585 1415 614 eatenus
1433 583 1465 615 et
1482 583 1663 615 nascuntur
1682 584 1714 614 et
1730 583 1855 615 caduco
1877 584 1954 616 sunt
1976 592 2071 626 aev03

1285 642 1447 682 quatenus
1466 649 1541 674 vero
1559 649 1597 674 ea
1620 643 1776 683 perpetuo
1794 642 1914 675 mutari
1937 651 2001 675 uon
2021 643 2191 685 desinunt,

1282 701 1418 732 eatenus
1436 708 1567 742 semper
1581 700 1754 733 immotum
1774 701 1957 734 consistunt
1971 711 2027 743 per
2042 702 2168 735 orbem.

1283 762 1347 800 Age
1370 768 1466 799 vero,
1485 759 1584 793 verba
1603 768 1676 792 mea
1692 760 1788 800 audi,
1800 760 1947 793 doctrina
1963 761 2050 793 enim
2066 763 2210 794 mentem
2233 765 2343 803 auget.

1283 821 1428 860 Namque
1438 843 1448 860 ,
1463 821 1498 852 ut
1509 820 1583 852 ante
1594 819 1673 861 dixi,
1690 820 1882 861 placitorum
1894 829 2040 853 summas
2055 821 2345 863 comprehendens,

1283 879 1401 920 duplex
1422 878 1506 912 dabo
1525 880 1723 922 proeceptum
1740 890 1747 912 :
1764 880 1860 912 modo
1874 881 1958 912 enirn
1976 889 2078 912 unum
2097 881 2212 914 crescit
2231 881 2339 914 solum

1283 947 1301 971 e
1321 938 1488 980 pluribus,
1509 938 1606 971 modo
1622 948 1735 972 rursus
1758 939 1849 981 plura
1867 948 1909 972 ex
1933 949 1999 972 uuo
2018 941 2146 972 excreta
2163 940 2313 974 oriuntur
2337 950 2344 970 ε

1285 998 1384 1038 ignis,
1399 1007 1483 1039 aqua
1504 1001 1537 1031 et
1556 1002 1641 1031 terra
1658 1002 1690 1031 et
1706 999 1874 1032 clementis
1891 999 2022 1032 aetheris
2041 999 2201 1039 altitudo,

1285 1060 1318 1090 et
1334 1067 1480 1090 seorsum
1500 1059 1540 1091 ab
1558 1058 1622 1091 illis
1641 1058 1814 1091 exitiabilis
1833 1058 2001 1092 Discordia
2023 1059 2200 1100 uuicuique
2224 1059 2347 1094 viribus

1283 1119 1316 1150 et
1336 1118 1420 1150 inter
1440 1118 1508 1159 ipsa
1526 1118 1675 1151 Amicitia
1688 1126 1782 1159 oeque
1795 1117 1890 1159 longa
1906 1118 2002 1158 atque
2023 1118 2098 1151 lata.
2274 1119 2346 1161 [par

1285 1178 1391 1215 Quam
1408 1179 1443 1210 tu
1467 1178 1577 1209 animo
1594 1186 1689 1210 cerne
1711 1186 1793 1210 neve
1808 1177 1913 1210 oculis
1937 1178 2094 1210 attonitus
2116 1178 2190 1211 sede
2209 1187 2217 1207 ε

1286 1235 1368 1267 hanc
1376 1236 1473 1268 etiam
1491 1236 1643 1268 mortales
1656 1234 1792 1268 artubus
1803 1235 1869 1268 suis
1882 1235 2097 1276 ingeneratam
2107 1245 2177 1268 esse
2191 1236 2344 1269 creduut:

1285 1296 1345 1327 lrac
1360 1295 1510 1328 benevoli
1530 1294 1613 1327 inter
1635 1303 1669 1327 se
1686 1296 1764 1327 sunt
1780 1298 1813 1327 et
1836 1294 1951 1327 iisdem
1969 1295 2064 1327 rebus
2087 1295 2238 1337 student,

1283 1356 1436 1396 gaudium
1459 1355 1723 1396 cognominantes
1740 1355 1828 1387 illam
1845 1358 1878 1388 et
1894 1356 2057 1388 Venerem
2082 1364 2091 1384 ι

1283 1424 1381 1457 quam
1401 1424 1457 1457 per
1472 1415 1659 1447 uuiversum
1677 1415 1876 1456 gradientem
1897 1423 1992 1447 nemo
2006 1415 2137 1456 agnovit

1287 1474 1508 1507 mortalis.Tu
1529 1483 1607 1507 vero
1625 1474 1801 1507 verborum
1824 1483 1974 1506 meorum
1993 1476 2144 1506 ornatum
2166 1483 2232 1506 non
2255 1475 2346 1507 salla-

1284 1535 1360 1565 Harc
1377 1532 1462 1565 enim
1479 1532 1567 1573 paria
1584 1535 1661 1564 sunt
1672 1534 1789 1564 cuncta
1803 1534 1836 1565 et
1849 1532 1987 1574 aequalia
2000 1542 2115 1574 genere
2126 1558 2134 1572 ,
2153 1532 2237 1575 [cem
2257 1533 2344 1567 audi.

1283 1594 1372 1626 aliud
1387 1595 1496 1628 autem
1510 1594 1573 1626 alio
1584 1603 1717 1626 munere
1729 1594 1870 1634 fungitur
1883 1597 1915 1626 et
1931 1604 1990 1627 sua
2003 1595 2121 1636 cuique
2135 1596 2185 1627 est
2202 1594 2324 1628 indoles
2336 1607 2345 1635 ς

1285 1663 1341 1696 per
1357 1654 1445 1686 vices
1467 1662 1543 1686 vero
1562 1654 1696 1693 regnant
1707 1677 1716 1693 ,
1731 1653 1933 1686 circumacto
1949 1654 2106 1695 temporis
2119 1654 2218 1695 orbe,

1283 1715 1316 1745 et
1337 1714 1516 1745 vanescunt
1532 1712 1564 1744 in
1575 1720 1609 1745 se
1627 1715 1742 1744 mutuo
1762 1714 1794 1745 et
1809 1714 1957 1745 crescunt
1972 1713 2122 1745 fatalibus
2135 1712 2281 1754 vicibus3

1284 1781 1389 1813 neque
1405 1771 1445 1803 ad
1466 1771 1537 1804 baec
1549 1772 1754 1803 subnascitur
1769 1780 1829 1804 nec
1845 1771 1970 1813 deperit
1987 1771 2181 1814 quidquam.

1282 1831 1357 1864 Sive
1380 1830 1467 1862 enim
1486 1830 1714 1862 interciderent
1728 1831 1874 1872 penitus,
1892 1839 1955 1863 nou
1976 1831 2113 1872 amplius
2131 1832 2253 1872 forent3
2260 1856 2323 1866 .....

1285 1893 1353 1923 Hoc
1368 1894 1476 1922 autem
1496 1890 1683 1922 universum
1705 1898 1780 1930 quae
1796 1890 1844 1922 vis
1857 1891 1888 1922 et
1905 1890 1990 1922 unde
2009 1891 2150 1932 prolecta
2166 1894 2303 1931 augeat?

1283 1949 1455 1988 Quomodo
1465 1949 1542 1981 item
1551 1948 1710 1981 intereant
1720 1949 1892 1990 elementa,
1902 1959 2004 1991 quum
2024 1950 2141 1981 borum
2159 1951 2235 1982 uilril
2243 1952 2282 1983 sit
2292 1959 2346 1983 va-

1284 2009 1347 2042 Sed
1356 2009 1422 2051 ipsa
1431 2010 1508 2041 sunt
1519 2009 1584 2048 illa,
1594 2010 1807 2041 commeantia
1821 2012 1930 2042 autem
1942 2019 2039 2051 perse
2055 2010 2195 2043 invicem
2208 2009 2320 2052 [cuum
2330 2013 2344 2042 Ρ

1282 2070 1362 2102 alias
1383 2069 1445 2102 alia
1461 2068 1625 2101 exsistunt
1643 2071 1798 2110 perpetuo
1811 2093 1820 2109 ,
1846 2069 1914 2111 ipsa
1931 2069 1980 2102 sui
2003 2079 2132 2111 semper
2151 2070 2280 2103 similia.

1283 2127 1378 2161 Aliud
1393 2137 1469 2161 vero
1482 2128 1540 2161 tibi
1557 2128 1664 2160 dicam
1680 2136 1688 2156 τ
1705 2136 1764 2161 nec
1780 2132 1871 2161 ortus
1892 2131 1941 2162 est
1959 2129 2058 2162 ullius
2071 2139 2177 2162 rerum

1285 2187 1489 2228 mortalium,
1507 2197 1566 2220 uec
1591 2188 1728 2220 funestae
1749 2187 1863 2220 mortis
1880 2189 2050 2229 interitus,

1285 2247 1341 2279 scd
1363 2247 1431 2279 sola
1449 2246 1564 2279 mixtio
1584 2247 1827 2288 mixtorumque
1850 2247 1984 2279 secretio
1997 2271 2006 2287 ,

1287 2308 1450 2348 generatio
1467 2315 1545 2338 vero
1565 2307 1595 2338 in
1615 2306 1665 2339 llis
1683 2306 1780 2339 rebus
1798 2307 1839 2338 ab
1861 2306 2048 2339 hominibus
2070 2307 2220 2340 vocatur.

1283 2367 1329 2397 Ex
1347 2374 1386 2398 eo
1413 2365 1516 2404 enim,
1547 2364 1635 2406 quod
1664 2373 1728 2396 non
1755 2366 1826 2406 est,
1850 2364 1918 2397 fieri
1945 2365 2077 2406 nequit,
2108 2368 2143 2397 ut
2163 2365 2343 2407 quidquam

1286 2434 1341 2457 ens
1362 2433 1437 2456 vero
1452 2423 1582 2456 interire
1603 2423 1692 2455 nullo
1712 2426 1805 2465 pacto
1821 2424 1943 2465 potest;
2184 2423 2344 2467 [oriatur,

1286 2493 1414 2525 semper
1434 2484 1520 2516 enim
1539 2483 1724 2525 superabit,
1739 2492 1946 2525 quocumque
1960 2484 2032 2524 quis
2052 2484 2132 2516 illud
2154 2485 2344 2525 propulerit.

1285 2543 1346 2576 Sed
1360 2543 1453 2575 malis
1465 2542 1575 2584 utique
1589 2552 1659 2575 mos
1674 2547 1723 2575 est
1738 2542 1884 2575 diffidere
1898 2543 1983 2575 veris
1994 2551 2031 2576 ac
2047 2543 2200 2584 legitimis
2212 2556 2221 2585 ;
2241 2543 2344 2588 spent,

1286 2605 1320 2635 tu
1335 2611 1429 2644 vero,
1454 2602 1730 2644 quemadmodum
1744 2605 1832 2636 certa
1845 2605 1946 2636 Musae
1961 2605 2081 2636 nostrae
2095 2609 2283 2646 argumenta
2297 2605 2344 2645 ju·

1286 2663 1414 2701 teneto,
1437 2662 1546 2693 mente
1566 2660 1597 2693 in
1613 2662 1797 2702 praecordiis
1814 2662 1930 2695 divisa.
1945 2662 2010 2705 [ris
2022 2663 2127 2696 lucem
2144 2665 2344 2706 pervaserit,

1288 2724 1326 2753 At
1343 2720 1401 2761 illi,
1414 2720 1574 2762 quidquid
1589 2720 1629 2753 ad
1641 2720 1780 2754 bominis
1793 2722 2036 2755 similitudinem
2051 2724 2191 2755 mixtum
2209 2724 2346 2757 inaetlrc-

1287 2780 1337 2813 vel
1359 2789 1401 2812 ex
1415 2780 1590 2820 agrestium
1608 2780 1822 2813 animantium
1841 2791 1956 2822 genere
1975 2783 2024 2815 vel
2039 2783 2195 2816 fruticum

1287 2838 1338 2871 vel
1355 2838 1538 2871 volucrium
1552 2863 1562 2880 ‚
1587 2839 1620 2872 id
1636 2839 1769 2880 quidem
1787 2842 1899 2873 natum
1918 2842 2050 2882 putant3

1286 2906 1388 2939 quum
1407 2906 1483 2931 vero
1502 2897 1555 2930 illa
1568 2900 1793 2938 secernuntur,
1811 2899 1872 2932 boc
1887 2899 2064 2932 iufaustum
2091 2901 2192 2933 satum
2212 2901 2344 2944 ¹[modo.

1287 2957 1395 2998 inepte
1413 2957 1592 2999 appellant,
1612 2958 1670 2990 sed
1698 2957 1739 2990 ad
1769 2959 2038 2991 consuetudinem
2056 2960 2123 3001 ipse
2148 2969 2200 2993 me
2218 2969 2345 2992 acconi-

1288 3017 1384 3050 Stulti
1402 3026 1410 3049 ε
1428 3026 1532 3059 neque
1550 3018 1636 3051 enim
1651 3019 1818 3060 perspicax
1837 3020 1913 3060 ipsis
1933 3023 2050 3052 mentis
2066 3021 2150 3053 acics
2173 3025 2239 3061 est,

1287 3077 1323 3107 ut
1342 3075 1397 3117 qui
1413 3076 1501 3118 quod
1523 3077 1611 3118 prius
1631 3086 1695 3110 non
1711 3080 1779 3110 erat
1801 3078 1831 3110 id
1850 3078 1936 3119 gigni
1951 3079 2138 3112 existiment

1286 3136 1341 3167 aut
1357 3136 1457 3168 emori
1477 3135 1601 3177 aliquid
1619 3140 1650 3169 ct
1665 3138 1792 3178 penitus
1807 3138 2010 3171 intercidere.

1286 3197 1398 3236 Neque
1415 3195 1464 3228 vir
1482 3196 1608 3238 sapiens
1624 3197 1697 3229 talia
1723 3197 1884 3239 opinetur,

1288 3255 1443 3295 quamdiu
1460 3255 1572 3288 vivant
1598 3258 1775 3298 mortales,
1794 3267 1892 3300 quam
1911 3259 1956 3292 illi
1975 3260 2062 3292 certe
2089 3259 2190 3292 vitam
2209 3264 2343 3300 vocant,

1287 3314 1409 3347 tamdiu
1424 3314 1510 3357 ipsos
1528 3324 1597 3349 esse
1614 3319 1646 3349 et
1668 3316 1750 3349 bona
1769 3317 1808 3350 iis
1834 3319 1982 3360 malaque
2000 3320 2148 3359 evenire,
2235 3320 2343 3363 [csse.

1289 3375 1464 3416 autequam
1491 3384 1566 3408 vero
1587 3377 1727 3409 concreti
1741 3378 1773 3410 et
1791 3379 1962 3420 postquam
1986 3379 2136 3413 dissoluti
2154 3380 2236 3420 sint,
2263 3380 2341 3413 nillil

1518 3493 1534 3507 t
1811 3495 1824 3509 ᾗ
2102 3497 2117 3512 t
