<?xml version="1.0" encoding="UTF-8"?>
<!DOCTYPE html PUBLIC "-//W3C//DTD XHTML 1.0 Transitional//EN"
    "http://www.w3.org/TR/xhtml1/DTD/xhtml1-transitional.dtd">
<html xmlns="http://www.w3.org/1999/xhtml" xml:lang="en" lang="en">
 <head>
  <title>
</title>
<meta http-equiv="Content-Type" content="text/html;charset=utf-8" />
  <meta name='ocr-system' content='tesseract 3.04.00' />
  <meta name='ocr-capabilities' content='ocr_page ocr_carea ocr_par ocr_line ocrx_word'/>
</head>
<body>
  <div class='ocr_page' id='page_1' title='image "./fragmentaphiloso01mulluoft_0427.png"; bbox 0 0 2612 3814; ppageno 0'>
   <div class='ocr_carea' id='block_1_1' title="bbox 0 0 105 3814">
    <p class='ocr_par' dir='ltr' id='par_1_1' title="bbox 0 0 105 3814">
     <span class='ocr_line' id='line_1_1' title="bbox 0 0 105 3814; baseline 0 0"><span class='ocrx_word' id='word_1_1' title='bbox 0 0 105 3814; x_wconf 95' lang='lat' dir='ltr'><strong> </strong></span> 
     </span>
    </p>
   </div>
   <div class='ocr_carea' id='block_1_2' title="bbox 991 241 1537 284">
    <p class='ocr_par' dir='ltr' id='par_1_2' title="bbox 991 241 1537 284">
     <span class='ocr_line' id='line_1_2' title="bbox 991 241 1537 284; baseline 0.002 -2"><span class='ocrx_word' id='word_1_2' title='bbox 991 243 1060 282; x_wconf 80' lang='lat' dir='ltr'><strong>DE</strong></span> <span class='ocrx_word' id='word_1_3' title='bbox 1088 242 1284 283; x_wconf 83' lang='lat' dir='ltr'>OCELLO</span> <span class='ocrx_word' id='word_1_4' title='bbox 1313 241 1537 284; x_wconf 87' lang='lat' dir='ltr'><strong>LUCANO.</strong></span> 
     </span>
    </p>
   </div>
   <div class='ocr_carea' id='block_1_3' title="bbox 169 325 1234 1199">
    <p class='ocr_par' dir='ltr' id='par_1_3' title="bbox 169 325 1234 1199">
     <span class='ocr_line' id='line_1_3' title="bbox 176 325 1234 384; baseline -0.002 -12"><span class='ocrx_word' id='word_1_5' title='bbox 176 334 273 372; x_wconf 86' lang='lat' dir='ltr'><strong>dum</strong></span> <span class='ocrx_word' id='word_1_6' title='bbox 299 345 308 371; x_wconf 92' lang='lat'><strong>:</strong></span> <span class='ocrx_word' id='word_1_7' title='bbox 330 337 393 378; x_wconf 76' lang='grc' dir='ltr'><strong>τᾶς</strong></span> <span class='ocrx_word' id='word_1_8' title='bbox 413 331 478 383; x_wconf 60' lang='grc' dir='ltr'>μὲν</span> <span class='ocrx_word' id='word_1_9' title='bbox 508 325 568 383; x_wconf 55' lang='grc' dir='ltr'><strong>οὖν</strong></span> <span class='ocrx_word' id='word_1_10' title='bbox 585 329 703 374; x_wconf 79' lang='grc' dir='ltr'>οὖσίας</span> <span class='ocrx_word' id='word_1_11' title='bbox 721 329 806 370; x_wconf 82' lang='grc' dir='ltr'>ἴδιον</span> <span class='ocrx_word' id='word_1_12' title='bbox 826 329 865 370; x_wconf 84' lang='grc' dir='ltr'><strong>τὸ</strong></span> <span class='ocrx_word' id='word_1_13' title='bbox 881 330 930 381; x_wconf 83' lang='grc' dir='ltr'><strong>μὴ</strong></span> <span class='ocrx_word' id='word_1_14' title='bbox 952 331 1175 384; x_wconf 82' lang='grc' dir='ltr'>ἐπιδέχεσθαι</span> <span class='ocrx_word' id='word_1_15' title='bbox 1193 330 1234 370; x_wconf 82' lang='grc' dir='ltr'><strong>τὸ</strong></span> 
     </span>
     <span class='ocr_line' id='line_1_4' title="bbox 182 384 1233 444; baseline -0.001 -13"><span class='ocrx_word' id='word_1_16' title='bbox 182 393 317 442; x_wconf 80' lang='grc' dir='ltr'>μᾶλλον</span> <span class='ocrx_word' id='word_1_17' title='bbox 339 391 401 431; x_wconf 81' lang='grc' dir='ltr'><strong>καὶ</strong></span> <span class='ocrx_word' id='word_1_18' title='bbox 428 390 469 429; x_wconf 80' lang='grc' dir='ltr'><strong>τὸ</strong></span> <span class='ocrx_word' id='word_1_19' title='bbox 488 384 593 440; x_wconf 71' lang='grc' dir='ltr'>ἧττον</span> <span class='ocrx_word' id='word_1_20' title='bbox 606 405 615 415; x_wconf 92' lang='grc'>·</span> <span class='ocrx_word' id='word_1_21' title='bbox 635 391 675 429; x_wconf 77' lang='grc' dir='ltr'>οὔ</span> <span class='ocrx_word' id='word_1_22' title='bbox 705 390 842 440; x_wconf 81' lang='grc' dir='ltr'>μᾶλλον</span> <span class='ocrx_word' id='word_1_23' title='bbox 863 391 948 435; x_wconf 84' lang='grc' dir='ltr'>ζῶον</span> <span class='ocrx_word' id='word_1_24' title='bbox 969 390 1148 444; x_wconf 79' lang='grc' dir='ltr'>ἄνθρωπος</span> <span class='ocrx_word' id='word_1_25' title='bbox 1171 393 1233 430; x_wconf 73' lang='grc' dir='ltr'>τοῦ</span> 
     </span>
     <span class='ocr_line' id='line_1_5' title="bbox 176 447 1231 504; baseline -0.001 -15"><span class='ocrx_word' id='word_1_26' title='bbox 176 449 288 491; x_wconf 72' lang='grc' dir='ltr'>ἵππου</span> <span class='ocrx_word' id='word_1_27' title='bbox 301 466 310 475; x_wconf 90' lang='grc'><strong><em>·</em></strong></span> <span class='ocrx_word' id='word_1_28' title='bbox 327 449 479 504; x_wconf 77' lang='grc' dir='ltr'>ὑπάρχει</span> <span class='ocrx_word' id='word_1_29' title='bbox 495 451 573 494; x_wconf 82' lang='grc' dir='ltr'>ταῖς</span> <span class='ocrx_word' id='word_1_30' title='bbox 585 448 720 493; x_wconf 80' lang='grc' dir='ltr'>οὐσίαις</span> <span class='ocrx_word' id='word_1_31' title='bbox 738 447 798 487; x_wconf 79' lang='grc' dir='ltr'><strong>καὶ</strong></span> <span class='ocrx_word' id='word_1_32' title='bbox 815 448 855 487; x_wconf 82' lang='grc' dir='ltr'><strong>τὸ</strong></span> <span class='ocrx_word' id='word_1_33' title='bbox 877 451 946 488; x_wconf 80' lang='grc' dir='ltr'>τῶν</span> <span class='ocrx_word' id='word_1_34' title='bbox 966 449 1129 490; x_wconf 83' lang='grc' dir='ltr'>ἐναντίων</span> <span class='ocrx_word' id='word_1_35' title='bbox 1149 451 1231 488; x_wconf 82' lang='grc' dir='ltr'>ἀνε-</span> 
     </span>
     <span class='ocr_line' id='line_1_6' title="bbox 178 502 1229 553; baseline -0.001 -5"><span class='ocrx_word' id='word_1_36' title='bbox 178 509 342 548; x_wconf 85' lang='grc' dir='ltr'>πίδεκτον</span> <span class='ocrx_word' id='word_1_37' title='bbox 359 502 463 548; x_wconf 70' lang='grc' dir='ltr'>εἶναι.</span> <span class='ocrx_word' id='word_1_38' title='bbox 494 508 673 547; x_wconf 85' lang='lat' dir='ltr'><strong>Tertium</strong></span> <span class='ocrx_word' id='word_1_39' title='bbox 695 520 705 547; x_wconf 72' lang='lat'>2</span> <span class='ocrx_word' id='word_1_40' title='bbox 724 506 764 546; x_wconf 76' lang='grc' dir='ltr'><strong>τὸ</strong></span> <span class='ocrx_word' id='word_1_41' title='bbox 783 506 820 546; x_wconf 80' lang='grc' dir='ltr'><strong>δὲ</strong></span> <span class='ocrx_word' id='word_1_42' title='bbox 837 507 944 547; x_wconf 85' lang='grc' dir='ltr'>ποσὸν</span> <span class='ocrx_word' id='word_1_43' title='bbox 962 510 1009 553; x_wconf 82' lang='grc' dir='ltr'><strong>εἷς</strong></span> <span class='ocrx_word' id='word_1_44' title='bbox 1025 507 1116 548; x_wconf 79' lang='grc' dir='ltr'>ἑπτὰ</span> <span class='ocrx_word' id='word_1_45' title='bbox 1134 509 1229 548; x_wconf 86' lang='grc' dir='ltr'>διαι-</span> 
     </span>
     <span class='ocr_line' id='line_1_7' title="bbox 183 565 1231 621; baseline 0 -14"><span class='ocrx_word' id='word_1_46' title='bbox 183 573 317 621; x_wconf 83' lang='grc' dir='ltr'>ρεῖται,</span> <span class='ocrx_word' id='word_1_47' title='bbox 361 568 409 611; x_wconf 83' lang='grc' dir='ltr'><strong>εἷς</strong></span> <span class='ocrx_word' id='word_1_48' title='bbox 435 565 627 621; x_wconf 83' lang='grc' dir='ltr'>γραμμάν,</span> <span class='ocrx_word' id='word_1_49' title='bbox 666 565 892 621; x_wconf 77' lang='grc' dir='ltr'>ἐπιφάνειαν,</span> <span class='ocrx_word' id='word_1_50' title='bbox 932 568 1060 619; x_wconf 79' lang='grc' dir='ltr'>σῶμα,</span> <span class='ocrx_word' id='word_1_51' title='bbox 1099 567 1231 617; x_wconf 88' lang='grc' dir='ltr'>τόπον,</span> 
     </span>
     <span class='ocr_line' id='line_1_8' title="bbox 181 619 1229 680; baseline 0 -15"><span class='ocrx_word' id='word_1_52' title='bbox 181 626 305 679; x_wconf 87' lang='grc' dir='ltr'>χρόνον</span> <span class='ocrx_word' id='word_1_53' title='bbox 316 656 328 678; x_wconf 85' lang='lat'>‚</span> <span class='ocrx_word' id='word_1_54' title='bbox 352 625 499 680; x_wconf 80' lang='grc' dir='ltr'>ἀριθμὸν</span> <span class='ocrx_word' id='word_1_55' title='bbox 514 624 576 664; x_wconf 76' lang='grc' dir='ltr'><strong>καὶ</strong></span> <span class='ocrx_word' id='word_1_56' title='bbox 598 619 700 676; x_wconf 81' lang='grc' dir='ltr'>λόγον</span> <span class='ocrx_word' id='word_1_57' title='bbox 713 640 722 650; x_wconf 86' lang='grc'>·</span> <span class='ocrx_word' id='word_1_58' title='bbox 736 625 796 665; x_wconf 80' lang='grc' dir='ltr'><strong>καὶ</strong></span> <span class='ocrx_word' id='word_1_59' title='bbox 813 625 852 665; x_wconf 84' lang='grc' dir='ltr'><strong>τὸ</strong></span> <span class='ocrx_word' id='word_1_60' title='bbox 872 625 934 677; x_wconf 84' lang='grc' dir='ltr'>μέν</span> <span class='ocrx_word' id='word_1_61' title='bbox 952 627 1024 665; x_wconf 80' lang='grc' dir='ltr'>ἐντι</span> <span class='ocrx_word' id='word_1_62' title='bbox 1042 627 1150 674; x_wconf 77' lang='grc' dir='ltr'>αὗτῆς</span> <span class='ocrx_word' id='word_1_63' title='bbox 1168 630 1229 675; x_wconf 73' lang='grc' dir='ltr'><strong>τῆς</strong></span> 
     </span>
     <span class='ocr_line' id='line_1_9' title="bbox 179 682 1228 739; baseline 0.003 -16"><span class='ocrx_word' id='word_1_64' title='bbox 179 684 373 733; x_wconf 80' lang='grc' dir='ltr'>ποσότητος</span> <span class='ocrx_word' id='word_1_65' title='bbox 392 683 556 737; x_wconf 84' lang='grc' dir='ltr'>συνεχές,</span> <span class='ocrx_word' id='word_1_66' title='bbox 577 683 617 723; x_wconf 84' lang='grc' dir='ltr'><strong>τὸ</strong></span> <span class='ocrx_word' id='word_1_67' title='bbox 645 682 681 722; x_wconf 80' lang='grc' dir='ltr'><strong>δὲ</strong></span> <span class='ocrx_word' id='word_1_68' title='bbox 713 683 940 738; x_wconf 82' lang='grc' dir='ltr'>διωρισμένον</span> <span class='ocrx_word' id='word_1_69' title='bbox 953 700 963 709; x_wconf 86' lang='grc'><em>·</em></span> <span class='ocrx_word' id='word_1_70' title='bbox 983 685 1044 724; x_wconf 75' lang='grc' dir='ltr'><strong>καὶ</strong></span> <span class='ocrx_word' id='word_1_71' title='bbox 1065 690 1228 739; x_wconf 78' lang='grc' dir='ltr'>συνεχοῦς</span> 
     </span>
     <span class='ocr_line' id='line_1_10' title="bbox 172 741 1228 797; baseline 0.002 -15"><span class='ocrx_word' id='word_1_72' title='bbox 172 743 222 782; x_wconf 75' lang='grc' dir='ltr'><strong>’τὰ</strong></span> <span class='ocrx_word' id='word_1_73' title='bbox 240 741 363 791; x_wconf 85' lang='grc' dir='ltr'>πέντε,</span> <span class='ocrx_word' id='word_1_74' title='bbox 386 746 446 781; x_wconf 84' lang='grc' dir='ltr'>τοῦ</span> <span class='ocrx_word' id='word_1_75' title='bbox 466 741 502 780; x_wconf 83' lang='grc' dir='ltr'><strong>δὲ</strong></span> <span class='ocrx_word' id='word_1_76' title='bbox 521 741 752 796; x_wconf 82' lang='grc' dir='ltr'>διωρισμένου</span> <span class='ocrx_word' id='word_1_77' title='bbox 771 742 816 782; x_wconf 82' lang='grc' dir='ltr'><strong>τὰ</strong></span> <span class='ocrx_word' id='word_1_78' title='bbox 835 743 915 793; x_wconf 79' lang='grc' dir='ltr'>δύο,</span> <span class='ocrx_word' id='word_1_79' title='bbox 933 746 951 783; x_wconf 84' lang='grc' dir='ltr'><em>ὃ</em></span> <span class='ocrx_word' id='word_1_80' title='bbox 968 743 1113 797; x_wconf 81' lang='grc' dir='ltr'>ἀριθμὸς</span> <span class='ocrx_word' id='word_1_81' title='bbox 1135 744 1194 783; x_wconf 82' lang='grc' dir='ltr'><strong>καὶ</strong></span> <span class='ocrx_word' id='word_1_82' title='bbox 1210 747 1228 784; x_wconf 85' lang='grc' dir='ltr'>ὁ</span> 
     </span>
     <span class='ocr_line' id='line_1_11' title="bbox 176 804 1226 858; baseline 0.001 -14"><span class='ocrx_word' id='word_1_83' title='bbox 176 805 290 857; x_wconf 85' lang='grc' dir='ltr'>λόγος.</span> <span class='ocrx_word' id='word_1_84' title='bbox 348 804 379 843; x_wconf 91' lang='grc' dir='ltr'>Ε</span> <span class='ocrx_word' id='word_1_85' title='bbox 397 805 542 857; x_wconf 91' lang='lat' dir='ltr'><strong>quibus</strong></span> <span class='ocrx_word' id='word_1_86' title='bbox 562 805 716 857; x_wconf 90' lang='lat' dir='ltr'><strong>primus</strong></span> <span class='ocrx_word' id='word_1_87' title='bbox 742 807 851 845; x_wconf 85' lang='lat' dir='ltr'><strong>locus</strong></span> <span class='ocrx_word' id='word_1_88' title='bbox 870 807 1014 857; x_wconf 85' lang='lat' dir='ltr'><strong>legitur</strong></span> <span class='ocrx_word' id='word_1_89' title='bbox 1030 806 1132 858; x_wconf 87' lang='lat' dir='ltr'><strong>apud</strong></span> <span class='ocrx_word' id='word_1_90' title='bbox 1152 806 1226 845; x_wconf 82' lang='lat' dir='ltr'><strong>Ru-</strong></span> 
     </span>
     <span class='ocr_line' id='line_1_12' title="bbox 171 864 1224 918; baseline 0.001 -16"><span class='ocrx_word' id='word_1_91' title='bbox 171 864 307 916; x_wconf 89' lang='lat' dir='ltr'><strong>·dolph.</strong></span> <span class='ocrx_word' id='word_1_92' title='bbox 327 878 367 917; x_wconf 90' lang='lat' dir='ltr'><strong>p.</strong></span> <span class='ocrx_word' id='word_1_93' title='bbox 388 865 436 903; x_wconf 81' lang='lat'><strong>53</strong></span> <span class='ocrx_word' id='word_1_94' title='bbox 458 873 496 903; x_wconf 87' lang='lat' dir='ltr'><strong>et</strong></span> <span class='ocrx_word' id='word_1_95' title='bbox 521 864 626 917; x_wconf 86' lang='lat' dir='ltr'><strong>apud</strong></span> <span class='ocrx_word' id='word_1_96' title='bbox 655 865 777 905; x_wconf 87' lang='lat' dir='ltr'><strong>Orell.</strong></span> <span class='ocrx_word' id='word_1_97' title='bbox 799 866 825 906; x_wconf 92' lang='lat' dir='ltr'><strong>l.</strong></span> <span class='ocrx_word' id='word_1_98' title='bbox 844 880 878 905; x_wconf 90' lang='lat' dir='ltr'><strong>c.</strong></span> <span class='ocrx_word' id='word_1_99' title='bbox 896 874 989 904; x_wconf 89' lang='lat' dir='ltr'><strong>tom.</strong></span> <span class='ocrx_word' id='word_1_100' title='bbox 1012 865 1049 904; x_wconf 86' lang='lat' dir='ltr'><strong>ll</strong></span> <span class='ocrx_word' id='word_1_101' title='bbox 1064 880 1104 918; x_wconf 90' lang='lat' dir='ltr'><strong>p.</strong></span> <span class='ocrx_word' id='word_1_102' title='bbox 1132 866 1224 913; x_wconf 81' lang='lat'><strong>273,</strong></span> 
     </span>
     <span class='ocr_line' id='line_1_13' title="bbox 180 923 1223 977; baseline 0 -15"><span class='ocrx_word' id='word_1_103' title='bbox 180 923 277 962; x_wconf 88' lang='lat' dir='ltr'><strong>alter</strong></span> <span class='ocrx_word' id='word_1_104' title='bbox 296 937 358 976; x_wconf 89' lang='lat' dir='ltr'><strong>ap.</strong></span> <span class='ocrx_word' id='word_1_105' title='bbox 379 923 577 976; x_wconf 87' lang='lat' dir='ltr'><strong>Rudolph.</strong></span> <span class='ocrx_word' id='word_1_106' title='bbox 605 938 644 976; x_wconf 86' lang='lat' dir='ltr'><strong>p.</strong></span> <span class='ocrx_word' id='word_1_107' title='bbox 664 924 714 971; x_wconf 76' lang='lat'><strong>54</strong></span> <span class='ocrx_word' id='word_1_108' title='bbox 739 933 776 962; x_wconf 84' lang='lat' dir='ltr'><strong>et</strong></span> <span class='ocrx_word' id='word_1_109' title='bbox 791 925 895 977; x_wconf 86' lang='lat' dir='ltr'><strong>apud</strong></span> <span class='ocrx_word' id='word_1_110' title='bbox 913 925 1036 965; x_wconf 88' lang='lat' dir='ltr'><strong>Orell.</strong></span> <span class='ocrx_word' id='word_1_111' title='bbox 1060 939 1102 977; x_wconf 85' lang='lat' dir='ltr'><strong>p.</strong></span> <span class='ocrx_word' id='word_1_112' title='bbox 1126 924 1223 973; x_wconf 83' lang='lat'><strong>275,</strong></span> 
     </span>
     <span class='ocr_line' id='line_1_14' title="bbox 177 982 1225 1036; baseline 0.001 -16"><span class='ocrx_word' id='word_1_113' title='bbox 177 982 313 1021; x_wconf 89' lang='lat' dir='ltr'><strong>tertius</strong></span> <span class='ocrx_word' id='word_1_114' title='bbox 342 996 383 1035; x_wconf 89' lang='lat' dir='ltr'><strong>p.</strong></span> <span class='ocrx_word' id='word_1_115' title='bbox 413 982 462 1027; x_wconf 74' lang='lat'><strong>54</strong></span> <span class='ocrx_word' id='word_1_116' title='bbox 488 996 550 1035; x_wconf 88' lang='lat' dir='ltr'><strong>ap.</strong></span> <span class='ocrx_word' id='word_1_117' title='bbox 584 983 787 1036; x_wconf 82' lang='lat' dir='ltr'><strong>Rudolph.</strong></span> <span class='ocrx_word' id='word_1_118' title='bbox 818 992 856 1022; x_wconf 92' lang='lat' dir='ltr'><strong>et</strong></span> <span class='ocrx_word' id='word_1_119' title='bbox 893 997 982 1036; x_wconf 84' lang='lat' dir='ltr'><strong>pag.</strong></span> <span class='ocrx_word' id='word_1_120' title='bbox 1013 985 1090 1032; x_wconf 84' lang='lat'><strong>276</strong></span> <span class='ocrx_word' id='word_1_121' title='bbox 1121 983 1225 1034; x_wconf 92' lang='lat' dir='ltr'><strong>apud</strong></span> 
     </span>
     <span class='ocr_line' id='line_1_15' title="bbox 169 1040 1223 1082; baseline 0.001 -3"><span class='ocrx_word' id='word_1_122' title='bbox 169 1040 383 1082; x_wconf 78' lang='lat' dir='ltr'><strong>Orellium.</strong></span> <span class='ocrx_word' id='word_1_123' title='bbox 442 1041 536 1081; x_wconf 88' lang='lat' dir='ltr'>Post</span> <span class='ocrx_word' id='word_1_124' title='bbox 554 1042 624 1081; x_wconf 89' lang='lat' dir='ltr'><strong>hos</strong></span> <span class='ocrx_word' id='word_1_125' title='bbox 644 1042 810 1081; x_wconf 87' lang='lat' dir='ltr'><strong>aliorum</strong></span> <span class='ocrx_word' id='word_1_126' title='bbox 827 1041 982 1081; x_wconf 86' lang='lat' dir='ltr'><strong>labores</strong></span> <span class='ocrx_word' id='word_1_127' title='bbox 1006 1042 1106 1081; x_wconf 87' lang='lat' dir='ltr'><strong>nihil</strong></span> <span class='ocrx_word' id='word_1_128' title='bbox 1126 1042 1223 1080; x_wconf 88' lang='lat' dir='ltr'><strong>mihi</strong></span> 
     </span>
     <span class='ocr_line' id='line_1_16' title="bbox 176 1101 1220 1153; baseline 0.002 -15"><span class='ocrx_word' id='word_1_129' title='bbox 176 1101 306 1151; x_wconf 83' lang='lat' dir='ltr'><strong>potius</strong></span> <span class='ocrx_word' id='word_1_130' title='bbox 328 1101 421 1149; x_wconf 90' lang='lat' dir='ltr'><strong>fuit,</strong></span> <span class='ocrx_word' id='word_1_131' title='bbox 448 1114 565 1152; x_wconf 90' lang='lat' dir='ltr'><strong>quam</strong></span> <span class='ocrx_word' id='word_1_132' title='bbox 590 1110 634 1140; x_wconf 88' lang='lat' dir='ltr'><strong>ut</strong></span> <span class='ocrx_word' id='word_1_133' title='bbox 652 1101 856 1153; x_wconf 75' lang='lat' dir='ltr'><strong>scripturae</strong></span> <span class='ocrx_word' id='word_1_134' title='bbox 874 1102 1078 1149; x_wconf 87' lang='lat' dir='ltr'><strong>varietate,</strong></span> <span class='ocrx_word' id='word_1_135' title='bbox 1105 1114 1220 1152; x_wconf 88' lang='lat' dir='ltr'><strong>quam</strong></span> 
     </span>
     <span class='ocr_line' id='line_1_17' title="bbox 172 1158 1220 1199; baseline 0.003 -3"><span class='ocrx_word' id='word_1_136' title='bbox 172 1158 354 1199; x_wconf 73' lang='lat' dir='ltr'><strong>Rei-tinus</strong></span> <span class='ocrx_word' id='word_1_137' title='bbox 373 1173 394 1199; x_wconf 91' lang='lat' dir='ltr'><strong>e</strong></span> <span class='ocrx_word' id='word_1_138' title='bbox 411 1160 614 1199; x_wconf 89' lang='lat' dir='ltr'><strong>codicibus</strong></span> <span class='ocrx_word' id='word_1_139' title='bbox 633 1159 760 1199; x_wconf 80' lang='lat' dir='ltr'><strong>tribus</strong></span> <span class='ocrx_word' id='word_1_140' title='bbox 775 1159 1069 1199; x_wconf 85' lang='lat' dir='ltr'><strong>Parisiensibus</strong></span> <span class='ocrx_word' id='word_1_141' title='bbox 1085 1169 1220 1199; x_wconf 88' lang='lat' dir='ltr'><strong>enota-</strong></span> 
     </span>
    </p>
   </div>
   <div class='ocr_carea' id='block_1_4' title="bbox 2268 252 2343 286">
    <p class='ocr_par' dir='ltr' id='par_1_4' title="bbox 2268 252 2343 286">
     <span class='ocr_line' id='line_1_18' title="bbox 2268 252 2343 286; baseline -0.013 0"><span class='ocrx_word' id='word_1_142' title='bbox 2268 252 2343 286; x_wconf 81' lang='lat'><strong>387</strong></span> 
     </span>
    </p>
   </div>
   <div class='ocr_carea' id='block_1_5' title="bbox 1288 331 2346 799">
    <p class='ocr_par' dir='ltr' id='par_1_5' title="bbox 1288 331 2346 799">
     <span class='ocr_line' id='line_1_19' title="bbox 1292 331 2345 382; baseline 0.004 -13"><span class='ocrx_word' id='word_1_143' title='bbox 1292 339 1420 381; x_wconf 81' lang='lat' dir='ltr'><strong>verat,</strong></span> <span class='ocrx_word' id='word_1_144' title='bbox 1451 331 1611 382; x_wconf 85' lang='lat' dir='ltr'><strong>adjutus</strong></span> <span class='ocrx_word' id='word_1_145' title='bbox 1643 331 1692 370; x_wconf 91' lang='lat' dir='ltr'><strong>ad</strong></span> <span class='ocrx_word' id='word_1_146' title='bbox 1716 332 1929 371; x_wconf 84' lang='lat' dir='ltr'><strong>verborum</strong></span> <span class='ocrx_word' id='word_1_147' title='bbox 1961 342 2182 372; x_wconf 89' lang='lat' dir='ltr'><strong>contextum</strong></span> <span class='ocrx_word' id='word_1_148' title='bbox 2216 334 2345 374; x_wconf 89' lang='lat' dir='ltr'><strong>denuo</strong></span> 
     </span>
     <span class='ocr_line' id='line_1_20' title="bbox 1293 390 2346 443; baseline 0.003 -14"><span class='ocrx_word' id='word_1_149' title='bbox 1293 390 1571 430; x_wconf 82' lang='lat' dir='ltr'><strong>recensendum</strong></span> <span class='ocrx_word' id='word_1_150' title='bbox 1592 403 1653 429; x_wconf 92' lang='lat' dir='ltr'><strong>me</strong></span> <span class='ocrx_word' id='word_1_151' title='bbox 1666 390 1894 431; x_wconf 83' lang='lat' dir='ltr'><strong>conferrem.</strong></span> <span class='ocrx_word' id='word_1_152' title='bbox 1955 392 2000 430; x_wconf 93' lang='lat' dir='ltr'><strong>In</strong></span> <span class='ocrx_word' id='word_1_153' title='bbox 2018 406 2095 443; x_wconf 89' lang='lat' dir='ltr'><strong>quo</strong></span> <span class='ocrx_word' id='word_1_154' title='bbox 2116 393 2271 443; x_wconf 83' lang='lat' dir='ltr'><strong>negotio</strong></span> <span class='ocrx_word' id='word_1_155' title='bbox 2291 393 2346 432; x_wconf 91' lang='lat' dir='ltr'><strong>ita</strong></span> 
     </span>
     <span class='ocr_line' id='line_1_21' title="bbox 1291 451 2344 502; baseline 0.004 -14"><span class='ocrx_word' id='word_1_156' title='bbox 1291 459 1468 489; x_wconf 85' lang='lat' dir='ltr'><strong>versatus</strong></span> <span class='ocrx_word' id='word_1_157' title='bbox 1506 463 1614 502; x_wconf 88' lang='lat' dir='ltr'><strong>sum,</strong></span> <span class='ocrx_word' id='word_1_158' title='bbox 1642 459 1686 489; x_wconf 87' lang='lat' dir='ltr'><strong>ut</strong></span> <span class='ocrx_word' id='word_1_159' title='bbox 1718 464 1797 489; x_wconf 90' lang='lat' dir='ltr'><strong>non</strong></span> <span class='ocrx_word' id='word_1_160' title='bbox 1834 451 1961 490; x_wconf 91' lang='lat' dir='ltr'><strong>solum</strong></span> <span class='ocrx_word' id='word_1_161' title='bbox 1991 452 2105 491; x_wconf 87' lang='lat' dir='ltr'><strong>codd.</strong></span> <span class='ocrx_word' id='word_1_162' title='bbox 2135 466 2241 500; x_wconf 89' lang='lat' dir='ltr'><strong>mss.‚</strong></span> <span class='ocrx_word' id='word_1_163' title='bbox 2277 455 2344 492; x_wconf 89' lang='lat' dir='ltr'><strong>sed</strong></span> 
     </span>
     <span class='ocr_line' id='line_1_22' title="bbox 1290 509 2342 563; baseline 0.003 -15"><span class='ocrx_word' id='word_1_164' title='bbox 1290 509 1406 548; x_wconf 90' lang='lat' dir='ltr'><strong>etiam</strong></span> <span class='ocrx_word' id='word_1_165' title='bbox 1438 518 1614 549; x_wconf 83' lang='lat' dir='ltr'><strong>veterum</strong></span> <span class='ocrx_word' id='word_1_166' title='bbox 1641 510 1898 562; x_wconf 87' lang='lat' dir='ltr'><strong>scriptorum,</strong></span> <span class='ocrx_word' id='word_1_167' title='bbox 1930 510 2076 549; x_wconf 86' lang='lat' dir='ltr'><strong>Stobaei</strong></span> <span class='ocrx_word' id='word_1_168' title='bbox 2097 513 2342 563; x_wconf 85' lang='lat' dir='ltr'><strong>potissimum</strong></span> 
     </span>
     <span class='ocr_line' id='line_1_23' title="bbox 1290 568 2342 622; baseline 0.003 -15"><span class='ocrx_word' id='word_1_169' title='bbox 1290 577 1327 607; x_wconf 89' lang='lat' dir='ltr'><strong>et</strong></span> <span class='ocrx_word' id='word_1_170' title='bbox 1359 568 1573 608; x_wconf 85' lang='lat' dir='ltr'><strong>Jamblichi</strong></span> <span class='ocrx_word' id='word_1_171' title='bbox 1607 570 1798 608; x_wconf 86' lang='lat' dir='ltr'><strong>rationem</strong></span> <span class='ocrx_word' id='word_1_172' title='bbox 1830 569 2040 621; x_wconf 84' lang='lat' dir='ltr'><strong>haberem,</strong></span> <span class='ocrx_word' id='word_1_173' title='bbox 2070 584 2193 622; x_wconf 86' lang='lat' dir='ltr'><strong>pauca</strong></span> <span class='ocrx_word' id='word_1_174' title='bbox 2226 573 2342 610; x_wconf 89' lang='lat' dir='ltr'><strong>etiam</strong></span> 
     </span>
     <span class='ocr_line' id='line_1_24' title="bbox 1289 628 2343 680; baseline 0.003 -14"><span class='ocrx_word' id='word_1_175' title='bbox 1289 641 1375 679; x_wconf 88' lang='lat' dir='ltr'><strong>quae</strong></span> <span class='ocrx_word' id='word_1_176' title='bbox 1394 636 1576 680; x_wconf 85' lang='lat' dir='ltr'><strong>corrupta</strong></span> <span class='ocrx_word' id='word_1_177' title='bbox 1599 637 1726 668; x_wconf 85' lang='lat' dir='ltr'><strong>essent</strong></span> <span class='ocrx_word' id='word_1_178' title='bbox 1739 628 1997 668; x_wconf 83' lang='lat' dir='ltr'><strong>emendarem.</strong></span> <span class='ocrx_word' id='word_1_179' title='bbox 2055 629 2262 680; x_wconf 88' lang='lat' dir='ltr'><strong>Quumque</strong></span> <span class='ocrx_word' id='word_1_180' title='bbox 2278 630 2343 669; x_wconf 90' lang='lat' dir='ltr'><strong>hic</strong></span> 
     </span>
     <span class='ocr_line' id='line_1_25' title="bbox 1289 687 2341 739; baseline 0.002 -14"><span class='ocrx_word' id='word_1_181' title='bbox 1289 687 1457 739; x_wconf 88' lang='lat' dir='ltr'><strong>scriptor</strong></span> <span class='ocrx_word' id='word_1_182' title='bbox 1481 701 1559 726; x_wconf 91' lang='lat' dir='ltr'><strong>non</strong></span> <span class='ocrx_word' id='word_1_183' title='bbox 1583 688 1721 739; x_wconf 87' lang='lat' dir='ltr'><strong>longos</strong></span> <span class='ocrx_word' id='word_1_184' title='bbox 1745 688 2044 727; x_wconf 89' lang='lat' dir='ltr'><strong>commentarios</strong></span> <span class='ocrx_word' id='word_1_185' title='bbox 2058 717 2068 735; x_wconf 94' lang='lat'>‚</span> <span class='ocrx_word' id='word_1_186' title='bbox 2091 688 2158 726; x_wconf 93' lang='lat' dir='ltr'><strong>sed</strong></span> <span class='ocrx_word' id='word_1_187' title='bbox 2180 690 2341 728; x_wconf 86' lang='lat' dir='ltr'><strong>brevem</strong></span> 
     </span>
     <span class='ocr_line' id='line_1_26' title="bbox 1288 746 2338 799; baseline 0.002 -15"><span class='ocrx_word' id='word_1_188' title='bbox 1288 746 1511 785; x_wconf 87' lang='lat' dir='ltr'><strong>difficilium</strong></span> <span class='ocrx_word' id='word_1_189' title='bbox 1531 747 1710 786; x_wconf 88' lang='lat' dir='ltr'><strong>locorum</strong></span> <span class='ocrx_word' id='word_1_190' title='bbox 1729 746 2035 799; x_wconf 85' lang='lat' dir='ltr'><strong>explicationem</strong></span> <span class='ocrx_word' id='word_1_191' title='bbox 2050 746 2253 797; x_wconf 85' lang='lat' dir='ltr'><strong>requirere</strong></span> <span class='ocrx_word' id='word_1_192' title='bbox 2272 747 2338 786; x_wconf 88' lang='lat' dir='ltr'><strong>vi·-</strong></span> 
     </span>
    </p>
   </div>
   <div class='ocr_carea' id='block_1_6' title="bbox 1263 799 2340 858">
    <p class='ocr_par' dir='ltr' id='par_1_6' title="bbox 1263 799 2340 858">
     <span class='ocr_line' id='line_1_27' title="bbox 1263 799 2340 858; baseline 0.001 -15"><span class='ocrx_word' id='word_1_193' title='bbox 1263 799 1264 802; x_wconf 40' lang='lat'>&#39;</span> <span class='ocrx_word' id='word_1_194' title='bbox 1287 805 1459 853; x_wconf 86' lang='lat' dir='ltr'><strong>deretur,</strong></span> <span class='ocrx_word' id='word_1_195' title='bbox 1490 819 1732 858; x_wconf 84' lang='lat' dir='ltr'><strong>quaecunque</strong></span> <span class='ocrx_word' id='word_1_196' title='bbox 1749 806 1898 845; x_wconf 85' lang='lat' dir='ltr'><strong>morari</strong></span> <span class='ocrx_word' id='word_1_197' title='bbox 1916 806 2078 845; x_wconf 87' lang='lat' dir='ltr'><strong>lectores</strong></span> <span class='ocrx_word' id='word_1_198' title='bbox 2095 814 2254 857; x_wconf 85' lang='lat' dir='ltr'><strong>possent</strong></span> <span class='ocrx_word' id='word_1_199' title='bbox 2275 806 2340 844; x_wconf 90' lang='lat' dir='ltr'><strong>ad-</strong></span> 
     </span>
    </p>
   </div>
   <div class='ocr_carea' id='block_1_7' title="bbox 1283 864 2339 1152">
    <p class='ocr_par' dir='ltr' id='par_1_7' title="bbox 1283 864 2339 1152">
     <span class='ocr_line' id='line_1_28' title="bbox 1287 864 2339 918; baseline 0.001 -17"><span class='ocrx_word' id='word_1_200' title='bbox 1287 864 1555 904; x_wconf 80' lang='lat' dir='ltr'><strong>notationibus</strong></span> <span class='ocrx_word' id='word_1_201' title='bbox 1584 866 1804 918; x_wconf 88' lang='lat' dir='ltr'><strong>explanavi.</strong></span> <span class='ocrx_word' id='word_1_202' title='bbox 1827 865 1915 911; x_wconf 87' lang='lat' dir='ltr'><strong>Qua</strong></span> <span class='ocrx_word' id='word_1_203' title='bbox 1943 865 1986 903; x_wconf 93' lang='lat' dir='ltr'><strong>in</strong></span> <span class='ocrx_word' id='word_1_204' title='bbox 2014 877 2056 903; x_wconf 88' lang='lat' dir='ltr'><strong>re</strong></span> <span class='ocrx_word' id='word_1_205' title='bbox 2085 878 2130 903; x_wconf 91' lang='lat' dir='ltr'><strong>eo</strong></span> <span class='ocrx_word' id='word_1_206' title='bbox 2160 866 2339 903; x_wconf 86' lang='lat' dir='ltr'><strong>breviori</strong></span> 
     </span>
     <span class='ocr_line' id='line_1_29' title="bbox 1287 923 2336 976; baseline 0.001 -16"><span class='ocrx_word' id='word_1_207' title='bbox 1287 923 1382 962; x_wconf 90' lang='lat' dir='ltr'><strong>mihi</strong></span> <span class='ocrx_word' id='word_1_208' title='bbox 1404 936 1488 963; x_wconf 90' lang='lat' dir='ltr'><strong>esse</strong></span> <span class='ocrx_word' id='word_1_209' title='bbox 1516 924 1650 973; x_wconf 89' lang='lat' dir='ltr'><strong>licuit,</strong></span> <span class='ocrx_word' id='word_1_210' title='bbox 1675 924 1783 976; x_wconf 90' lang='lat' dir='ltr'><strong>quod</strong></span> <span class='ocrx_word' id='word_1_211' title='bbox 1815 924 2061 976; x_wconf 88' lang='lat' dir='ltr'><strong>antiquiores</strong></span> <span class='ocrx_word' id='word_1_212' title='bbox 2095 923 2336 974; x_wconf 87' lang='lat' dir='ltr'><strong>Christiani,</strong></span> 
     </span>
     <span class='ocr_line' id='line_1_30' title="bbox 1285 981 2337 1036; baseline 0.003 -17"><span class='ocrx_word' id='word_1_213' title='bbox 1285 981 1507 1032; x_wconf 85' lang='lat' dir='ltr'><strong>Nogarolae,</strong></span> <span class='ocrx_word' id='word_1_214' title='bbox 1522 983 1695 1026; x_wconf 89' lang='lat' dir='ltr'><strong>Vizzanii</strong></span> <span class='ocrx_word' id='word_1_215' title='bbox 1711 984 2050 1036; x_wconf 84' lang='lat' dir='ltr'><strong>interpretationes</strong></span> <span class='ocrx_word' id='word_1_216' title='bbox 2065 983 2135 1021; x_wconf 82' lang='lat' dir='ltr'><strong>vix</strong></span> <span class='ocrx_word' id='word_1_217' title='bbox 2154 983 2337 1035; x_wconf 81' lang='lat' dir='ltr'><strong>cuiquam</strong></span> 
     </span>
     <span class='ocr_line' id='line_1_31' title="bbox 1284 1040 2336 1095; baseline 0.004 -17"><span class='ocrx_word' id='word_1_218' title='bbox 1284 1040 1401 1080; x_wconf 90' lang='lat' dir='ltr'><strong>hodie</strong></span> <span class='ocrx_word' id='word_1_219' title='bbox 1436 1043 1657 1082; x_wconf 85' lang='lat' dir='ltr'><strong>satisfacere</strong></span> <span class='ocrx_word' id='word_1_220' title='bbox 1683 1056 1799 1095; x_wconf 88' lang='lat' dir='ltr'><strong>posse</strong></span> <span class='ocrx_word' id='word_1_221' title='bbox 1828 1043 2062 1089; x_wconf 86' lang='lat' dir='ltr'><strong>arbitratus,</strong></span> <span class='ocrx_word' id='word_1_222' title='bbox 2095 1043 2182 1095; x_wconf 88' lang='lat' dir='ltr'><strong>ipse</strong></span> <span class='ocrx_word' id='word_1_223' title='bbox 2209 1051 2336 1082; x_wconf 89' lang='lat' dir='ltr'><strong>totum</strong></span> 
     </span>
     <span class='ocr_line' id='line_1_32' title="bbox 1283 1102 1797 1152; baseline 0.006 -13"><span class='ocrx_word' id='word_1_224' title='bbox 1283 1102 1514 1152; x_wconf 89' lang='lat' dir='ltr'><strong>opusculum</strong></span> <span class='ocrx_word' id='word_1_225' title='bbox 1530 1103 1693 1141; x_wconf 90' lang='lat' dir='ltr'><strong>latinum</strong></span> <span class='ocrx_word' id='word_1_226' title='bbox 1713 1103 1797 1142; x_wconf 88' lang='lat' dir='ltr'><strong>feci.</strong></span> 
     </span>
    </p>
   </div>
  </div>
 </body>
</html>
