2612 3814
206 273 283 308 536

204 359 246 398 ἐκ
271 362 332 398 τοῦ
351 359 433 411 περὶ
454 357 648 406 ὁσιότητος.
679 357 847 409 vulgavi
876 360 891 379 ⁸
933 353 1273 409 πολυπραγμονοίη;

204 419 293 458 cod.
309 419 610 472 πολυπραγμονῇ.
629 417 646 442 ¹³
663 418 946 472 προκαλέσαιτο;
981 416 1098 457 codd.
1114 430 1272 468 προσκα·

206 478 383 531 λεόμενος.
405 482 420 501 ⁰
440 477 532 518 ὥστε
563 478 624 518 τὸν
645 477 821 517 ἀντίδικον
849 476 1040 529 προθύμως
1054 478 1097 528 τῇ
1116 474 1272 527 συνθήκῃ

204 540 384 592 ἐμμένενς
409 539 524 579 codd.
556 538 648 578 ὥστε
668 541 687 577 6
717 538 894 581 ἀντίδικος
919 535 1189 590 προεκαλέσατο
1210 536 1275 587 ἐμ-

204 599 321 651 μένεν.
348 598 441 639 ἀκαὶ
474 598 559 638 αἴκα
587 599 633 638 τὰ
656 597 774 637 πολλὰ
803 596 1018 650 ἐξαγορεύων
1035 598 1086 634 τῶ
1103 595 1273 648 πράγμα-

206 676 262 705 τος
281 659 330 711 μὴ
354 659 447 699 ἄλλα
471 659 559 712 λέγῃ
589 660 670 698 ἀλλ’
697 658 784 697 αὐτὸ
803 657 844 696 τὸ
863 662 1018 710 πρᾶγμα
1036 669 1047 705 ;
1066 656 1182 696 codd.
1211 655 1273 694 καὶ

204 719 289 757 αἴκα
315 717 361 757 τὰ
390 718 510 758 πολλὰ
550 717 761 771 ἐξηταγόρεν
796 718 849 769 τῷ
883 716 1072 769 πράγματι
1099 715 1272 767 καμαύλη

203 778 281 818 ἀλλ’
302 778 388 818 αὐτὸ
417 778 457 818 τὸ
499 783 664 832 πρᾶγμα.
681 781 697 800 ⁰
729 778 954 825 διαιτᾶσθαι;
984 776 1101 817 codd.
1128 776 1274 815 διαιτεῒ-

205 839 337 888 σθαι.)

257 911 287 938 5.
321 897 402 951 Χρὴ
424 897 483 936 τὸν
511 896 661 951 βασιλέα
682 895 788 950 σοφὸν
809 899 913 947 ἠμεν·
928 893 1022 934 οὕτω
1042 894 1112 948 γὰρ
1140 895 1274 934 ἐσεῖται

202 958 383 1008 ἀντίτιμος
402 958 462 996 καὶ
481 957 639 1004 ζαλωτὰς
663 958 714 994 τῶ
734 955 860 1009 πράτω
886 956 965 995 θεω.
987 949 1102 999 Ουτος
1122 953 1191 1009 γὰρ
1212 953 1274 994 καὶ

201 1018 286 1072 φύσι
312 1018 384 1057 ἐντι
413 1017 475 1056 καὶ
494 1023 627 1070 πρᾶτος
650 1015 816 1069 βασιλεύς
844 1031 881 1054 τε
905 1014 966 1054 καὶ
985 1015 1179 1064 δυνάστας,
1198 1017 1217 1054 6
1237 1014 1272 1053 δὲ

200 1077 318 1130 γενέσι
346 1076 407 1116 καὶ
444 1076 595 1130 μιμάσι,
628 1076 690 1115 καὶ
710 1078 728 1115 6
749 1075 813 1126 μὲν
834 1077 870 1114 ἐν
901 1077 952 1129 τῷ
970 1074 1079 1113 παντὶ
1099 1074 1160 1114 καὶ
1177 1073 1271 1129 ὅλῳ,

200 1140 220 1176 6
239 1138 275 1177 δὲ
301 1138 358 1176 ἐπὶ
388 1143 473 1189 γᾶς,
493 1137 554 1177 καὶ
573 1139 591 1176 6
613 1135 677 1187 μὲν
699 1134 755 1175 ἀεὶ
774 1135 819 1174 τὰ
839 1134 958 1174 πάντα
988 1135 1114 1174 διοικεῖ
1142 1150 1181 1173 τε
1213 1135 1273 1174 καὶ

201 1197 282 1243 ζώει
316 1196 421 1242 αὐτὸς
447 1199 484 1236 ἐν
515 1199 612 1250 αὑτῷ
633 1196 850 1247 κεκταμένος
875 1193 940 1234 τὰν
977 1194 1116 1249 σοφίαν,
1147 1195 1215 1234 ὁδ’
1238 1195 1274 1233 ἐν

198 1257 317 1312 χρόνῳ
343 1257 561 1308 ἐπιστάμαν.
582 1255 731 1310 Ἄριστα
753 1256 791 1294 δέ
822 1271 868 1295 κα
889 1254 1053 1307 μιμέοιτο
1080 1258 1219 1303 τοῦτον,
1242 1257 1274 1295 εἷ

202 1316 450 1372 μεγαλόφρονά
486 1332 526 1356 τε
563 1316 626 1356 καὶ
657 1322 772 1370 πρᾶον
799 1319 815 1338 ‘³
847 1316 908 1354 καὶ
939 1314 1120 1368 ὀλιγοδεέα
1153 1331 1275 1368 παρα-

201 1377 366 1422 σκευάζοι
388 1377 506 1426 αὑτόν,
527 1375 707 1431 πατρικὰν
733 1375 886 1415 διάθεσιν
920 1375 1184 1427 ἐνδεικνύμενος
1202 1381 1274 1420 τοῖς

200 1435 257 1490 ὕφ’
275 1438 389 1489 αὑτῷ·
408 1435 466 1475 διὰ
480 1452 583 1476 τουτο
597 1435 665 1488 γάρ
679 1450 748 1474 που
764 1434 921 1486 μάλιστα
937 1436 998 1474 καὶ
1015 1434 1238 1486 νενομίκαντι
1257 1434 1274 1460 ¹³

199 1495 260 1534 τὸν
281 1502 415 1550 πρᾶτον
435 1496 511 1536 θεὸν
532 1495 672 1549 πατέρα
689 1493 752 1546 μὲν
771 1497 856 1533 θεων
871 1495 1009 1548 πατέρα
1027 1494 1062 1534 δὲ
1079 1495 1273 1548 ἀνθρώπων

172 1571 307 1607 ,ημεν,
335 1554 390 1594 ὅτι
421 1555 524 1603 ἤπιος
559 1554 646 1608 πρὸς
677 1553 796 1594 πάντα
825 1554 906 1592 τόιε
892 1554 952 1593 υπ’
971 1554 1068 1592 αὐτῶ
1101 1553 1274 1606 γενόμενά

201 1615 294 1664 ἐντι,
317 1615 378 1654 καὶ
411 1614 718 1666 ἐπιμελούμενοςο
744 1619 808 1659 τᾶς
842 1614 1063 1667 προστασίας
1098 1615 1274 1655 οὖδέποκα

200 1674 375 1724 παύεται,
399 1675 477 1714 οὐδὲ
495 1675 670 1728 ἤρκεσται
689 1676 740 1729 τῷ
759 1674 912 1722 ποιητὰς
930 1674 1035 1725 μόνον
1054 1675 1199 1714 πάντων
1216 1691 1275 1728 γε-

199 1735 338 1788 γονέναι
351 1766 362 1787 ,
381 1734 474 1774 ἀλλὰ
494 1734 556 1773 καὶ
574 1733 723 1789 τροφεὺς
744 1733 958 1779 διδάσκαλός
987 1751 1025 1773 τε
1056 1737 1127 1774 τῶν
1155 1736 1274 1774 καλῶν

201 1794 343 1834 πάντων
361 1794 422 1834 καὶ
442 1793 631 1846 νομοθέτας
648 1793 783 1847 πέφυκε
807 1800 918 1833 πᾶσιν
939 1793 1076 1839 ἐπίσας.
1104 1797 1274 1835 Τοιοῦτον

201 1853 299 1906 θέμις
319 1848 409 1906 ἦμεν
429 1852 446 1877 ‘¹
461 1853 523 1893 καὶ
543 1853 601 1893 τὸν
623 1853 682 1894 ἐπὶ
700 1859 765 1906 γᾶς
779 1852 845 1892 καὶ
865 1853 950 1906 παρ’
971 1854 1165 1908 ἀνθρώποις
1194 1855 1277 1906 ἁγε-

201 1914 306 1966 μονὲν
329 1915 507 1965 μέλλοντα
535 1913 708 1967 βασιλέα·
729 1912 826 1952 οὐδὲν
853 1912 889 1952 δὲ
911 1913 1144 1954 ἀὸασίλευτον
1165 1915 1274 1954 καλὸν

201 1973 278 2014 οὐδὲ
297 1973 464 2028 ἄναρχον·
487 1974 569 2013 ἄνευ
590 1972 627 2013 δὲ
649 1972 773 2028 σοφίας
790 1972 852 2013 καὶ
878 1974 1079 2025 ἐπιστάμας
1099 1973 1180 2014 οὔτε
1202 1974 1274 2026 μὰν

203 2035 353 2088 βασιλέα
373 2034 454 2074 οὔτε
481 2033 638 2088 ἄρχοντα
658 2027 730 2074 οἶόν
750 2049 788 2072 τε
808 2050 912 2085 ημεν·
935 2034 1134 2086 μιματὰς”
1112 2051 1181 2087 αρα
1213 2051 1276 2074 και

202 2093 380 2147 ὑπαρέτας
397 2095 552 2134 ἐσσεῖται
573 2093 722 2146 νόμιμος
738 2096 789 2133 τῶ
803 2095 871 2132 θεῶ
887 2095 905 2132 6
920 2093 1025 2148 σοφός
1038 2110 1078 2133 τε
1097 2110 1158 2133 και
1174 2097 1276 2148 βασι-

205 2153 301 2198 λεύς.

244 2307 275 2336 5.
301 2303 440 2344 oportet
454 2311 564 2344 regem
580 2301 758 2344 sapientem
773 2310 842 2335 esse
859 2315 868 2335 ε
886 2302 934 2335 sie
952 2302 1041 2335 enim
1054 2303 1199 2336 vicissim
1215 2303 1274 2336 ho-

202 2362 367 2395 norandus
384 2363 445 2395 erit
464 2363 497 2396 et
514 2361 634 2395 summi
651 2361 704 2395 dei
725 2361 878 2396 aemulus.
925 2362 1053 2405 Quippe
1077 2362 1130 2396 hic
1153 2364 1275 2396 natura

201 2421 327 2464 primus
345 2423 396 2454 est
412 2430 470 2454 rex
486 2430 526 2454 ac
544 2421 715 2462 dominus,
729 2421 783 2454 ille
800 2429 878 2455 vero
891 2422 925 2455 et
937 2423 1011 2454 ortu
1029 2424 1062 2455 et
1081 2421 1273 2464 imitatione,

201 2481 300 2524 atque
326 2480 381 2514 hie
408 2481 442 2514 in
475 2483 544 2514 toto
565 2480 690 2514 munde
709 2482 743 2514 et
768 2490 877 2514 rerum
899 2481 1129 2523 universitate,
1161 2481 1215 2515 ille
1241 2482 1276 2515 in

202 2542 308 2580 terra,
324 2542 357 2573 et
380 2540 434 2573 hic
455 2539 588 2582 quidem
608 2548 737 2582 semper
761 2540 872 2573 omnia
898 2540 1106 2574 administrat
1130 2549 1169 2574 ae
1193 2540 1276 2574 vivit

202 2600 332 2636 'nisitam
349 2601 418 2642 ipse
434 2601 626 2643 sapientiam
642 2601 829 2643 possidens,
846 2601 902 2634 ille
918 2602 1028 2634 autem
1046 2602 1273 2643 temporariam

203 2658 373 2692 scientiam
405 2659 540 2692 habens.
585 2661 751 2693 caeterum
791 2660 914 2702 optime
944 2660 1035 2693 hune
1067 2660 1226 2703 imitetur,
1249 2660 1276 2694 si

204 2718 466 2759 magnanimum,
483 2720 690 2752 mansuetum
704 2721 738 2753 et
762 2728 943 2762 paucorum
963 2719 1110 2762 indigum
1136 2729 1171 2753 se
1191 2729 1275 2762 prae-

203 2777 343 2818 stiterit,
361 2779 532 2819 paternum
553 2778 587 2810 in
608 2778 695 2811 cives
711 2778 858 2811 animum
879 2778 1045 2812 declarans
1064 2791 1072 2812 ε
1089 2779 1175 2812 hanc
1188 2779 1275 2812 enim

203 2836 248 2870 ob
273 2845 409 2870 causam
441 2837 602 2879 praecipue
628 2837 727 2870 deum
755 2839 853 2872 etiam
878 2838 1107 2872 existimarunt
1135 2839 1276 2881 primum

205 2904 278 2929 esse
298 2896 435 2929 deorum
451 2899 550 2938 atque
565 2896 736 2929 hominum
756 2899 940 2939 parentem,
958 2899 1046 2940 quod
1060 2899 1148 2931 mitis
1162 2899 1194 2931 in
1209 2899 1279 2931 uni-

206 2965 340 2989 versum
376 2956 599 2997 subjectorum
629 2957 752 2989 coetum
779 2958 831 2990 est
855 2966 962 3000 neque
993 2967 1139 3001 unquam
1168 2968 1277 2992 rerum

206 3016 488 3050 administratione
503 3017 653 3058 neglecta
668 3018 791 3059 cessat,
809 3027 917 3060 neque
938 3019 1046 3052 sol'um
1066 3023 1184 3053 cuncta
1202 3029 1276 3062 pro-

207 3087 333 3112 creasse
360 3081 536 3113 contentus
562 3079 640 3120 ruit,
658 3079 715 3113 sed
732 3079 830 3113 etiam
861 3081 1005 3114 nutritor
1030 3084 1278 3124 praeceptorque

207 3139 369 3172 bonorum
392 3139 541 3173 omnium
568 3149 607 3173 ae
634 3139 829 3182 legumlator
852 3140 1004 3173 omnibus
1026 3149 1066 3174 ex
1096 3150 1192 3183 aequo
1217 3142 1277 3175 est.

207 3199 320 3232 Talem
339 3200 373 3232 et
390 3208 466 3232 eum
487 3208 558 3233 esse
576 3208 684 3241 regem
701 3199 856 3233 convenit
870 3199 926 3241 qui
943 3199 977 3232 in
993 3200 1080 3233 terra
1092 3200 1278 3233 hominibus

208 3257 430 3300 imperaturus
459 3260 510 3292 est

207 3317 344 3360 imperio
361 3318 478 3351 orbum
501 3318 674 3361 pulchrum
699 3327 772 3352 esse
790 3318 897 3360 potest
913 3318 1004 3351 :sine
1022 3318 1181 3360 sapientia
1200 3328 1277 3352 vero

208 3386 247 3410 ae
265 3377 401 3411 seientia
417 3378 487 3411 steri
507 3378 620 3420 nequit
637 3379 675 3411 ut
690 3378 864 3420 quisquam
883 3377 935 3410 vel
962 3386 1021 3410 rex
1038 3377 1080 3410 sit
1099 3378 1152 3410 vel
1176 3378 1277 3419 magi·

210 3439 342 3470 stratus.
388 3438 538 3471 Imitatur
555 3446 630 3479 ergo
642 3439 675 3471 et
687 3437 837 3471 minister
849 3436 1015 3479 legitimus
1029 3436 1082 3469 dei
1095 3436 1145 3469 vir
1153 3437 1278 3479 sapiens

208 3500 242 3529 et
257 3506 312 3529 rex
331 3498 402 3530 erit.
559 3491 565 3494 Δ
1175 3485 1179 3487 μ

252 3561 283 3591 6.
304 3557 574 3600 uniuscuiusque
587 3557 736 3592 animalis
749 3560 901 3591 naturam
916 3557 958 3591 ad
977 3556 1138 3591 mnndum
1154 3559 1188 3590 et
1206 3556 1278 3597 ejus

541 3272 550 3292 ι
579 3259 658 3292 nihil
692 3267 771 3292 vero
802 3267 914 3300 regum
939 3259 998 3292 aut
1026 3259 1297 3300 magistratuum·

1307 2175 1314 2191 .—

1062 266 1201 306 PYTH
1209 263 1539 319 AGOREORUM

1392 354 1587 402 (Stobaeus
1626 357 1731 398 Flor.
1765 358 1944 408 XLVIII,
1988 361 2038 400 63
2079 362 2231 402 Σθενίδα
2265 364 2406 418 Λοκροῦ

1339 415 1581 467 Πυθαγορείου
1614 417 1697 471 περὶ
1730 419 1926 470 βασιλείας.
1962 442 2018 451 —
2051 425 2067 444 ²¹
2108 427 2221 474 πρᾶον
2257 423 2403 464 Halmii

1337 475 1566 527 conjectura
1589 485 1669 526 est3
1693 476 1804 531 ἁδρὸν
1825 478 1933 519 libri.
1952 478 1971 503 ὓ
1989 479 2216 532 νενομίκαντι
2242 484 2404 535 reposui

1335 549 1410 587 pro
1451 536 1769 576 membranarum
1809 539 1978 579 lectione
2024 540 2241 594 νενομίχθαι.
2269 546 2284 566 ⁰
2318 543 2406 582 ἐπι-

1337 594 1549 646 μελούμενος
1568 597 1757 644 exaravi3
1781 597 1899 638 codd.
1921 599 2161 651 ἀμελούμενος
2180 601 2243 640 vel
2274 601 2404 652 μελού-

1337 670 1453 705 μενος.
1464 653 1481 678 d
1501 649 1643 705 θέμις’*
1620 672 1710 707 ημεν
1721 656 2220 711 Valckenariuslegendum
2233 660 2405 714 conjecit

1334 728 1410 767 pro
1423 724 1614 768 corrupta
1634 716 1817 755 codicum
1841 718 2037 771 scriptura
2063 721 2274 772 ἐπιστῆμεν.
2280 721 2294 774 )

1453 772 1543 815 ’Ὅτι
1564 775 1629 827 μὲν
1646 775 1803 822 ἅπαντος
1821 775 1901 831 ζώω
1917 778 2018 832 φύσις
2034 779 2117 820 ποτί
2134 795 2175 819 τε
2191 780 2252 820 τὸν
2271 781 2404 834 κόσμον

1336 833 1514 887 ἅρμοκται
1531 835 1591 874 καὶ
1608 835 1653 875 τὰ
1671 837 1706 875 ἐν
1723 839 1775 888 τῷ
1790 836 1916 892 κόσμῳ
1930 839 2075 883 πολλοῖς
2089 854 2149 890 μοι
2167 839 2262 879 δοκεῖ
2275 855 2407 893 τεκμα-

1337 894 1421 949 ρίοις
1442 894 1590 949 φανερὸν
1609 889 1716 947 ημεν.
1736 897 1990 948 Συμπνείουσα
2005 899 2073 952 γὰρ
2093 898 2186 938 οὕτω
2204 899 2265 939 καὶ
2284 901 2406 940 συνδε-

1335 953 1465 1006 δεμένα
1496 961 1542 1009 τᾷ
1570 955 1700 1009 ἀρίστα
1720 972 1758 995 τε
1781 955 1859 1010 ἅμα
1887 973 1948 997 και
1970 958 2149 1012 ἀναγκαία
2177 959 2368 999 ἀκολουθία
2386 965 2402 984 ⁸

1334 1015 1462 1053 ὀπαδεῖ
1495 997 1592 1070 ῥύμᾳ
1620 1018 1672 1055 τῶ
1698 1016 1829 1062 παντὸς
1856 1018 2118 1072 περιοχεομένα
2139 1017 2158 1041 ¹¹
2178 1018 2262 1059 ποτί
2280 1035 2319 1059 τε
2341 1020 2407 1060 τὰν

1335 1074 1457 1114 κοινὰν
1477 1075 1671 1127 εὐκοσμίαν
1688 1076 1750 1115 καὶ
1772 1076 1907 1117 ποττὰν
1933 1077 2020 1118 ἴδιον
2052 1078 2192 1117 ἑκάστω
2221 1077 2406 1132 διαμονάν·

1334 1135 1429 1188 παρὸ
1448 1134 1510 1174 καὶ
1526 1134 1605 1175 τόδε
1625 1134 1758 1188 κόσμος
1777 1137 2056 1190 ποταγορεύεται
2076 1137 2139 1177 καί
2158 1139 2229 1177 ἐντι
2250 1140 2320 1178 τῶν
2344 1139 2407 1178 ὅν-

1335 1211 1404 1234 των
1419 1194 1517 1249 ζῴων
1527 1195 1754 1249 τελῃότατον.
1769 1199 1832 1238 Ἐν
1844 1195 1880 1237 δὲ
1898 1203 1970 1243 τοῖς
1990 1197 2133 1252 μέρεσιν
2151 1199 2247 1237 αὐτῶ
2263 1199 2408 1245 πολλοῖς

1334 1270 1373 1293 τε
1402 1254 1516 1295 ὅντεσι
1547 1256 1609 1294 καὶ
1643 1256 1820 1310 διαφόροις
1839 1255 1904 1296 τὰν
1927 1257 2032 1312 φύσιν
2061 1258 2206 1312 προέχει
2223 1262 2239 1282 ’·“
2257 1274 2293 1298 τι
2317 1262 2407 1314 ζῷον

1335 1314 1397 1354 καὶ
1417 1316 1596 1355 θειότατον
1618 1316 1678 1356 καὶ
1699 1316 1833 1369 ἔγγειον
1847 1316 1864 1341 ‘¹
1882 1316 1940 1357 διὰ
1960 1318 2001 1358 τὸ
2026 1319 2175 1372 μετέχεν
2210 1321 2323 1372 πλῇον
2354 1322 2407 1359 τῶ

1336 1374 1431 1416 θείω.
1490 1377 1565 1417 Καὶ
1587 1378 1623 1416 ἐν
1646 1375 1711 1428 μὲν
1730 1384 1775 1432 τᾷ
1794 1380 1844 1417 τῶ
1866 1381 1934 1418 θεῶ
1953 1379 2049 1424 ὄντος
2075 1379 2131 1418 ἀεὶ
2163 1379 2247 1435 φύσι
2275 1380 2321 1421 τὰ
2341 1381 2411 1422 τὰν

1335 1436 1476 1490 πρά-ταν
1490 1436 1552 1476 καὶ
1570 1437 1742 1490 μεγίσταν
1764 1438 1973 1479 ἀκολουθίαν
1990 1438 2117 1493 ἔχοντα
2136 1439 2236 1487 ἥλιός
2255 1443 2327 1480 ἐντι
2345 1443 2407 1482 καὶ

1336 1497 1468 1536 σελάνα
1484 1501 1499 1521 ⁰
1518 1497 1580 1536 καὶ
1595 1498 1649 1537 τοὶ
1667 1498 1844 1544 πλάνατες
1864 1499 2028 1552 ἀστέρες·
2050 1501 2085 1539 ἐν
2115 1499 2152 1538 δὲ
2174 1506 2222 1554 τᾷ
2238 1500 2343 1556 χώρᾳ
2361 1507 2408 1556 τᾷ

1337 1556 1487 1602 σελάνας
1506 1556 1640 1611 ἔνερθεν
1659 1559 1752 1598 κατὰ
1774 1558 1787 1582 ¹
1806 1557 1852 1597 τὰ
1869 1559 1913 1597 δι’
1934 1559 2068 1604 εὐθείας
2091 1559 2189 1598 ἰόντα
2209 1558 2362 1612 σώματα
2383 1561 2409 1600 ἃ

1335 1618 1386 1654 τῶ
1418 1616 1584 1669 δαίμονος
1612 1616 1715 1671 φύσις
1739 1617 1815 1671 ἔχει
1834 1617 1899 1658 τὰν
1920 1618 2148 1671 διεξαγωγάν·
2171 1619 2208 1658 ἐν
2229 1619 2265 1658 δὲ
2286 1626 2332 1675 τᾷ
2361 1627 2411 1675 γᾷ

1335 1675 1397 1715 καὶ
1423 1678 1510 1730 παρ’
1534 1677 1619 1728 ἁμῖν
1646 1678 1968 1732 ἀριστοφυέστατον
1987 1677 2051 1730 μὲν
2077 1677 2297 1733 ὥνθρωπος,·
2315 1680 2411 1721 θειόέ

1335 1752 1441 1776 τατον
1473 1735 1503 1776 δ’
1522 1738 1541 1775 6
1569 1736 1762 1790 βασιλεύς,
1783 1737 1819 1777 ἔν
1847 1753 1886 1777 τε
1918 1744 2019 1792 κοινᾷ
2049 1737 2134 1792 φύσι
2165 1739 2407 1780 πλεονεκτέων

1335 1798 1387 1835 τῶ
1415 1795 1603 1850 κρέσσονος
1615 1827 1627 1846 ,
1648 1797 1688 1837 τὸ
1710 1797 1774 1849 μὲν
1792 1804 1920 1843 σκᾶνος
1949 1804 2021 1842 τοῖς
2039 1799 2174 1844 λοιποῖς
2192 1797 2331 1851 ὅμοιος,
2349 1792 2408 1841 οἶα

1336 1855 1487 1910 γεγονὼς
1504 1857 1544 1895 ἐκ
1557 1863 1621 1902 τᾶς
1636 1858 1744 1902 αὐτας
1762 1857 1848 1903 ὕλας
1859 1889 1870 1908 ,
1887 1857 1955 1897 ὑπὸ
1967 1857 2113 1911 τεχνίτα
2131 1859 2162 1897 δ’
2178 1858 2410 1914 εἰργασμένος

1335 1915 1484 1970 λώστω,
1521 1915 1558 1961 ὃς
1595 1917 1835 1971 ἐτεχνίτευσεν
1862 1917 1968 1957 αὐτὸν
2002 1918 2193 1973 ἀρχετύπῳ
2223 1918 2409 1972 χρώμενος

1336 1978 1466 2016 ἑαυτῶ·
1483 1978 1766 2028 κατασκεύασμα
1789 1970 1878 2025 δὴῗ
1852 1994 1901 2019 ων
1927 1981 1946 2018 6
1974 1977 2140 2031 βασιλεὺς
2160 1978 2198 2018 ἓν
2217 1979 2279 2019 καὶ
2297 1980 2404 2032 μόνον

1337 2036 1409 2076 ἐντὶ
1437 2041 1495 2076 οἱα
1524 2036 1632 2081 ’,τύπος
1658 2041 1676 2067 ⁸
1694 2053 1745 2076 τω
1762 2036 1929 2091 ἀνωτέρω
1955 2037 2128 2091 βασιλέως
2142 2068 2154 2090 ,
2175 2041 2227 2092 τῶ
2253 2037 2318 2090 μὲν
2337 2054 2408 2079 πε-

1336 2095 1692 2150 ποιηκότιγνώριμον
1711 2096 1785 2146 ἀεί,
1803 2102 1874 2142 τοῖς
1903 2097 1931 2136 δ’
1948 2097 2157 2151 ἀρχομένοις
2181 2100 2228 2143 ὥς
2252 2100 2288 2138 ἐν
2313 2099 2407 2154 φωτὶ

1337 2161 1384 2210 τᾷ
1402 2156 1558 2210 βασιλῄᾳ
1581 2155 1813 2210 βλεπόμενον.
1870 2158 1970 2210 Τᾷδε
1993 2156 2064 2211 γὰρ
2090 2156 2249 2211 κρίνεταί
2279 2172 2317 2196 τε
2345 2157 2408 2198 καὶ

1342 2308 1450 2347 partes
1469 2303 1753 2337 accommodatam
1772 2313 1842 2337 esse
1862 2304 1974 2337 multis
1991 2304 2088 2346 signis
2104 2304 2235 2346 probari
2257 2304 2335 2338 mihi
2355 2304 2407 2338 vi-

1337 2363 1444 2397 detur.
1490 2363 1544 2396 Sic
1570 2363 1657 2397 enim
1676 2363 1881 2396 consentiens
1906 2366 1940 2396 et
1962 2363 2111 2404 colligata
2128 2362 2286 2405 optimam
2308 2363 2406 2396 simul

1337 2425 1371 2457 et
1389 2423 1603 2457 necessariam
1635 2422 1898 2461 convenientiam
1927 2422 2086 2464 sequitur,
2115 2422 2258 2456 universi
2282 2423 2408 2465 impetu

1339 2483 1537 2516 circumacta
1555 2484 1629 2516 tum
1648 2482 1689 2516 ad
1708 2491 1916 2516 communem
1937 2482 2085 2521 omnium
2101 2483 2254 2515 ornatum
2270 2482 2342 2515 tum
2365 2481 2408 2516 ad

1338 2543 1542 2585 singulorum
1562 2543 1812 2585 perpetuitatem
1842 2542 1996 2577 tuendam
2018 2555 2026 2576 :
2048 2542 2201 2584 quocirca
2216 2542 2314 2576 etiam
2337 2541 2409 2575 lime

1338 2609 1446 2634 rerum
1461 2609 1634 2642 compages
1649 2599 1794 2632 mundus
1807 2603 1942 2632 vocatur
1958 2600 1992 2632 et
2007 2598 2198 2631 animalium
2217 2598 2410 2641 perfectissi-

1338 2669 1430 2693 mum
1447 2661 1507 2693 est.
1551 2662 1591 2695 In
1608 2659 1755 2701 partibus
1774 2667 1850 2693 vero
1866 2659 1936 2700 ejus
1952 2667 2026 2701 quae
2040 2661 2071 2691 et
2087 2658 2199 2691 multae
2213 2660 2335 2691 suntet
2347 2665 2407 2691 na-

1337 2720 1411 2753 tura
1431 2720 1568 2753 diversae
1587 2719 1718 2752 excellit
1734 2718 1863 2761 aliquod
1882 2718 2001 2751 animal
2018 2727 2083 2759 qua
2099 2717 2242 2751 maxime
2257 2716 2410 2750 divinum

1339 2789 1404 2822 qna
1420 2781 1586 2813 terrenum
1603 2779 1774 2821 propterea
1789 2777 1876 2820 quod
1890 2777 1963 2819 plus
1973 2776 2154 2810 divinitatis
2168 2775 2324 2810 continet.
2367 2777 2410 2809 Et

1339 2839 1372 2871 in
1389 2839 1456 2872 illa·
1469 2838 1601 2880 quidem
1631 2839 1752 2871 aeterna
1784 2836 1836 2870 dei
1868 2837 1986 2870 natura
2009 2835 2148 2877 primam
2175 2836 2209 2868 et
2229 2834 2407 2868 maxima-

1339 2897 1599 2932 convenientiam
1609 2897 1764 2930 habentia
1782 2895 1831 2928 sol
1845 2897 1877 2929 et
1894 2895 1971 2928 luna
1985 2896 2018 2928 et
2034 2894 2138 2928 stellae
2152 2896 2299 2927 errantes
2306 2893 2385 2926 sunt
2396 2902 2408 2924 τ

1338 2960 1372 2993 in
1387 2961 1519 3002 regione
1534 2968 1613 2993 vero
1629 2967 1704 3000 quae
1719 2960 1769 2991 est
1786 2957 1870 2990 infra
1893 2956 2004 2989 lunam
2023 2955 2080 2988 ubi
2102 2962 2276 2996 corporum
2298 2955 2407 2986 motus

1338 3021 1387 3054 est
1408 3020 1517 3054 rectus
1534 3017 1693 3051 daemonis
1717 3018 1835 3050 natura
1850 3016 2002 3049 versatur
2019 3024 2028 3047 ι
2043 3016 2198 3047 caeterum
2213 3013 2247 3045 in
2262 3013 2351 3046 terra
2373 3013 2408 3045 et

1340 3079 1426 3122 apud
1442 3088 1503 3112 nos
1518 3076 1805 3121 praestantissimus
1821 3075 1954 3117 quidem
1971 3075 2088 3107 natura
2117 3074 2168 3106 est
2189 3071 2304 3113 homo,
2320 3070 2407 3104 divi·

1339 3140 1493 3173 nissimus
1508 3148 1589 3173 vero
1605 3147 1666 3171 rex
1681 3138 1780 3179 atque
1798 3135 1832 3169 in
1850 3134 2016 3168 communi
2034 3134 2151 3166 natura
2168 3132 2243 3174 plus
2259 3141 2409 3166 commo·

1338 3200 1455 3233 dorum
1474 3208 1573 3242 quam
1592 3198 1706 3240 reliqui
1721 3197 1845 3230 habens
1857 3220 1866 3237 ,
1881 3203 2016 3237 corpore
2029 3193 2160 3235 quidem
2175 3193 2304 3225 caeteris
2317 3191 2407 3225 simi·

1339 3260 1395 3300 lis,
1411 3260 1526 3302 utpote
1550 3267 1592 3292 ex
1618 3257 1732 3291 eadem
1759 3255 1895 3290 materia
1923 3255 2039 3294 natus,
2067 3253 2107 3285 ab
2138 3252 2263 3295 optimo
2294 3252 2404 3285 autem

1340 3318 1466 3353 artifice
1485 3319 1589 3352 tactus
1604 3318 1660 3360 qui
1684 3325 1760 3352 eum
1781 3324 1816 3349 se
1839 3314 1911 3356 ipso
1930 3313 2080 3355 exemplo
2103 3321 2183 3345 usus
2201 3310 2368 3344 fabricavit
2393 3319 2403 3342 τ

1340 3379 1491 3421 quocirca
1504 3387 1561 3412 rex
1577 3377 1712 3411 unicum
1727 3378 1760 3409 et
1776 3374 1883 3409 solnm
1898 3372 2063 3415 quoddam
2077 3381 2160 3414 opus
2173 3371 2240 3412 est,
2258 3371 2406 3412 supremi

1339 3438 1428 3471 illius
1457 3438 1542 3480 ragis
1566 3436 1799 3475 simulacrum,
1817 3432 2015 3476 procreatori
2042 3431 2174 3473 quidem
2197 3439 2259 3464 suo
2277 3438 2406 3469 semper

1340 3497 1495 3531 familiare
1506 3523 1516 3539 ,
1542 3496 1671 3530 civibus
1702 3503 1799 3536 vero,
1825 3494 1979 3534 tanquam
2010 3491 2043 3524 in
2072 3490 2193 3524 lumine
2204 3515 2214 3530 ‚
2244 3490 2276 3522 in
2306 3496 2411 3529 regno

1339 3557 1584 3599 conspicuum·
1610 3557 1661 3589 Ita
1682 3554 1770 3590 enim
1787 3552 1994 3587 examinatur
2010 3553 2043 3584 et
2060 3549 2214 3593 probatur
2232 3549 2270 3583 ut
2291 3548 2407 3582 avium
