2612 3814
376 241 423 275 44
1247 229 1666 270 COMMENTARIUS

375 330 494 374 poetae
510 320 637 359 effatis
657 319 837 359 concludi
859 328 1026 372 oportet.
1045 332 1132 358 eum
1151 318 1231 370 jam
1251 320 1291 358 in
1312 333 1414 371 prae-
1448 333 1456 360 t

373 380 516 431 gressis
544 380 611 431 qui
640 380 923 418 interciderunt
951 378 1135 417 versibus
1155 379 1203 416 de
1226 379 1417 416 Amicitiae

371 448 409 477 et
433 439 648 477 Discordiae
667 438 735 476 lite
755 438 927 489 quaedam
950 438 1175 490 protulisse,
1193 437 1284 475 inde
1299 451 1418 489 porro

371 498 586 548 digressum
600 527 610 544 ,
628 496 709 547 jam
730 499 768 534 in
788 497 889 535 viam
912 496 1054 535 reverti
1076 495 1303 547 (παλίνορσος
1318 495 1416 533 ἐλεύ-

371 559 499 606 σομαι)
519 566 555 594 et
571 569 730 607 pergere
749 569 794 593 eo
810 570 887 606 quo
902 555 1047 602 tendat,
1070 555 1117 593 ad
1132 555 1413 601 definiendum,

370 629 447 666 qua
464 616 614 653 ratione
635 615 835 666 paullatim
859 614 994 652 mundi
1017 627 1187 665 corpora
1206 622 1243 652 et
1268 626 1327 651 res
1350 627 1417 651 na-

371 674 513 712 turales
533 674 767 711 exstiterint.

422 732 485 772 Vs.
515 734 701 783 189-191.
733 733 786 770 lis
816 744 902 782 quae
931 731 1042 782 prius
1074 731 1172 769 dixit
1192 739 1307 782 poeta
1337 731 1413 769 alia

369 800 572 831 annectere
603 791 697 830 vult.
728 791 983 830 Continentur
1013 799 1138 828 autem
1172 790 1283 841 prius
1310 790 1413 829 dicta

369 850 500 889 verbis
524 850 597 888 ἐπεὶ
631 849 738 892 νεῖκος
767 847 829 898 μὲν
864 847 1141 901 ἐνέρτατον-ἒν
1177 848 1280 898 μόνον
1313 842 1412 888 εἶναι.

370 909 472 948 Inest
504 922 599 948 vero
635 907 864 946 annectendi
899 909 1008 946 notio
1045 908 1253 960 participio
1285 909 1412 961 ἐποχε-

366 968 490 1015 τεύων,
509 967 613 1018 quod
631 967 791 1018 proprie
813 966 914 1004 valet
939 966 1148 1014 (gtssunclcns
1171 968 1232 1005 vel
1249 982 1324 1018 per
1344 983 1412 1005 ca-

365 1030 489 1065 nalem
517 1032 554 1064 in
583 1028 731 1075 aliquid
755 1028 954 1065 deducens.
985 1026 1114 1065 Simili
1153 1027 1410 1066 translatione

366 1085 592 1125 Plutarchus
618 1085 752 1135 Symp.
780 1091 800 1131 4
840 1098 1010 1136 prooem.
1032 1086 1156 1124 utitur
1190 1100 1197 1123 :
1228 1085 1330 1137 λόγος
1357 1091 1407 1141 τῷ

363 1143 443 1196 οἴνῳ
462 1144 500 1183 τὸ
511 1143 753 1196 φιλάνθρωπον
768 1144 827 1183 καὶ
843 1144 1008 1191 ἠθοποιὸν
1031 1144 1088 1183 ἐπὶ
1105 1143 1168 1192 τὴν
1186 1145 1303 1198 ψυχὴν
1323 1147 1407 1185 ε’πο-

362 1203 508 1255 χετεύει.
527 1204 650 1242 Porro
673 1202 774 1254 apud
795 1203 992 1241 Platonem
1015 1203 1167 1244 Phaedr.
1192 1218 1230 1255 p.
1258 1206 1328 1243 251
1356 1206 1400 1246 C.

364 1263 483 1302 ἰδοῦσα
499 1261 534 1301 δὲ
566 1262 625 1301 καὶ
651 1261 955 1314 ἐποχετευσαμένη
976 1260 1095 1315 ἵμερον
1123 1264 1201 1301 κτλ.
1234 1265 1404 1304 medium

363 1321 626 1374 ἐποχετεύεσθαι
645 1322 838 1371 significat
851 1323 1024 1367 haurire;
1040 1321 1110 1360 ubi
1130 1322 1220 1361 vide
1237 1325 1404 1364 Astium.

362 1380 445 1418 Huc
463 1380 608 1418 accedit
630 1380 734 1431 quod
756 1380 950 1431 Simplicii
969 1380 1123 1419 codices
1144 1394 1165 1419 a
1194 1383 1406 1422 Brandisio

361 1439 524 1491 inspecti
558 1439 686 1478 Schol.
729 1439 888 1478 Aristot.
921 1453 961 1490 p.
1000 1439 1106 1486 507.-
1124 1453 1159 1479 a.
1192 1452 1406 1490 agnoscunt

359 1497 590 1549 ἐποχετεύων,
604 1497 782 1547 quamvis
796 1497 998 1548 Peyronus
1010 1510 1031 1535 e
1048 1497 1151 1536 libro
1167 1498 1405 1539 Taurinensi

358 1556 564 1607 protulerit
596 1554 814 1607 ὑποχετεύων
854 1565 891 1594 et
929 1556 1177 1596 Gaisfordius
1212 1571 1262 1596 ex
1300 1559 1403 1598 Oxo-

359 1615 484 1653 niensi
505 1616 550 1652 Α.
574 1613 782 1667 ἐξοχετεύων
800 1615 984 1663 ediderit,
1015 1617 1083 1667 qui
1117 1617 1158 1654 in
1189 1617 1404 1658 Oxoniensi

358 1672 401 1712 Β.
438 1672 648 1724 έπιχετεύων
674 1687 748 1724 pro
783 1672 1001 1725 ἐποχετεύων
1027 1676 1194 1726 reperiri
1227 1685 1401 1717 testatur.

359 1730 439 1770 Usu
459 1741 564 1770 caret
580 1731 800 1785 ὑποχετεύων
821 1732 932 1784 cujus
954 1735 1214 1785 patrocinium
1234 1739 1404 1790 suscepit

355 1788 508 1829 Naekius
524 1790 686 1829 Choeril.
710 1804 750 1842 p.
778 1792 851 1829 118
881 1804 940 1842 sq.
966 1792 1080 1838 Quod
1104 1806 1197 1832 vero
1215 1794 1404 1845 Bergkius

356 1849 447 1887 olim
468 1850 753 1899 excogitaverat
771 1848 864 1902 λόγῳ
878 1850 980 1902 λόγον
998 1851 1240 1903 εἰσοχετεύων,
1263 1854 1303 1892 id
1326 1869 1403 1893 non

357 1907 477 1957 magis
494 1907 737 1959 probandum
750 1917 806 1946 est
823 1923 938 1960 quam
955 1924 1039 1961 quae
1053 1912 1088 1949 ei
1100 1920 1234 1962 postea
1246 1913 1285 1951 in
1298 1927 1404 1952 men-

357 1975 430 2004 tem
449 1966 749 2017 venitjunctura
767 1967 871 2019 λόγου
895 1968 997 2019 λόγον
1023 1968 1237 2022 ἐξοχετεύων
1265 1973 1400 2013 καινόν.

356 2025 446 2063 Haec
463 2026 565 2063 enim
587 2026 640 2063 ita
658 2038 680 2063 a
695 2028 917 2064 Graecorum
945 2028 1103 2067 dicendi
1120 2032 1401 2071 consuetudine

355 2081 577 2130 abhorrent,
595 2092 636 2121 ut
655 2084 796 2122 mirum
815 2084 865 2122 sit
888 2085 1226 2127 Panzerbieterum
1247 2103 1402 2141 quoque

355 2148 393 2177 et
410 2140 599 2180 Steinium
619 2139 723 2194 λόγου
744 2141 844 2194 λόγον
870 2143 1077 2196 ἐξοχετεύων
1091 2148 1314 2199 scripsisse,
1339 2151 1401 2188 cui

355 2198 451 2237 alter
467 2199 668 2251 subjungit
689 2206 816 2253 κεῖνον,
831 2203 928 2241 alter
949 2204 1078 2245 κείνου.
1096 2205 1193 2252 Quis
1209 2209 1313 2245 enim
1329 2223 1400 2247 un-

355 2270 468 2307 quam
496 2258 599 2310 λόγου
628 2259 728 2310 λόγον
756 2259 960 2313 ἐξοχετεύων
984 2277 1057 2315 pro
1087 2279 1107 2301 e
1133 2267 1256 2302 verbis
1285 2269 1401 2305 vel-ba

353 2315 523 2364 efficiens
546 2318 605 2356 vel
627 2322 807 2371 colligens
825 2323 1056 2373 usurpavit?
1076 2322 1232 2375 Quippe
1256 2326 1312 2363 sic
1333 2340 1399 2364 ac-

355 2386 541 2427 ceperunt
570 2378 638 2428 qui
660 2378 869 2431 ἐξοχετεύων
894 2381 999 2431 quod
1019 2383 1180 2434 proprie
1205 2386 1401 2422 derivandi

353 2444 576 2486 potestatem
610 2438 725 2477 habet
755 2440 917 2478 carmini
953 2440 1212 2492 Empedocleo
1253 2444 1400 2482 inferre

354 2495 438 2532 ausi
457 2505 560 2534 sunt.
579 2497 724 2536 Verum
755 2499 904 2537 etiamsi
934 2502 985 2538 ita
1006 2500 1256 2540 adhiberetur
1276 2502 1399 2554 ἐξοχε-

356 2551 481 2602 τεύειν,
499 2563 623 2592 tamen
637 2555 710 2594 hoc
726 2557 811 2594 loco
826 2558 997 2609 ineptum
1016 2569 1125 2599 esset.
1148 2560 1281 2612 Neque
1295 2565 1396 2600 enim

355 2611 566 2662 quidquam
580 2612 643 2651 hic
654 2615 850 2653 concludit
861 2615 1125 2667 Empedocles,
1142 2619 1208 2657 sed
1225 2621 1300 2658 alia
1310 2621 1399 2659 aliis

355 2671 539 2709 annectit.
562 2670 821 2717 Quamobrem
849 2676 892 2712 in·
910 2676 1051 2714 Aldino
1070 2681 1248 2729 exemplo
1271 2680 1397 2730 (Sim-

355 2727 447 2778 plic.
470 2728 517 2766 ad
537 2729 655 2768 Arist.
675 2730 722 2768 de
746 2731 854 2770 Coelo
875 2746 913 2772 2.
940 2733 1007 2771 fol.
1032 2736 1104 2772 128
1124 2735 1163 2789 b)
1184 2736 1251 2774 ubi
1278 2738 1398 2776 iidem

357 2798 491 2824 versus
507 2789 683 2838 corrupti
702 2798 865 2837 exstant,
886 2801 1047 2842 apparet
1062 2801 1188 2832 tamen
1203 2795 1395 2848 interpre-

356 2850 432 2880 tem
452 2856 585 2882 eorum
619 2845 667 2884 de
695 2846 838 2897 quibus
859 2850 1046 2899 quaeritur
1072 2851 1282 2891 verborum
1311 2868 1397 2893 sen-

343 2914 440 2946 ,sum
462 2912 564 2941 recte
592 2906 841 2955 expressisse.
872 2907 965 2945 Nam
995 2922 1080 2959 quae
1103 2912 1205 2962 apud
1234 2913 1398 2952 Brandi-

355 2960 455 2998 sium
493 2961 518 3000 l.
558 2975 591 2999 c.
624 2963 680 3000 sic
710 2963 942 3004 exhibentur
965 2981 972 3004 :
1006 2970 1138 3018 μᾶλλον
1176 2970 1211 3007 δὲ
1251 2971 1396 3022 ἐὸιάσθη

356 3018 503 3069 νομίζων
518 3018 575 3058 τὸν
594 3020 724 3070 κόσμον
746 3027 862 3061 τοῦτον
879 3024 946 3063 ὑπὸ
960 3025 1065 3075 μόνου
1083 3031 1142 3065 τοῦ
1159 3028 1292 3074 νείκους
1308 3032 1397 3070 κατὰ

355 3076 412 3114 τὸν
434 3075 682 3128 Ἐμπεδοκλέα
699 3080 874 3130 γενέσθαι.
905 3083 1054 3130 Μήποτε
1081 3084 1116 3123 δὲ
1133 3085 1198 3124 κᾶν
1221 3089 1395 3141 ἕπικρατῆ

357 3135 391 3171 ἐν
415 3133 525 3188 τούτῳ
547 3135 586 3173 τὸ
614 3142 741 3183 νεῖκος,
773 3135 892 3191 ὥσπερ
922 3142 956 3179 ἐν
985 3143 1035 3194 τῷ
1068 3143 1204 3197 σφαίρῳ
1235 3147 1257 3191 ἡ
1279 3135 1395 3199 φιλία’,

356 3191 433 3230 ἀλλ’
464 3192 571 3247 ἄμφω
604 3197 662 3232 ὑπ’
684 3198 811 3249 ἀμφοῖν
836 3199 996 3250 λέγονται
1021 3200 1190 3251 γίνεσθαι.
1211 3205 1270 3242 καὶ
1303 3206 1396 3259 τάχα

300 3254 307 3258 “
357 3250 431 3289 οὐδὲ
447 3251 576 3291 κωλύει
591 3255 811 3306 παραθέσθαι
829 3257 906 3296 τινὰ
922 3260 991 3296 τῶν
1019 3263 1094 3298 τοῦ.
1110 3260 1395 3311 Ἐμπεδοκλέους

357 3309 448 3348 ἐπῶν
463 3313 564 3349 τοῦτο
579 3312 763 3359 δηλοῦντα·

410 3418 519 3474 αὐτὰρ
533 3420 602 3473 ἐγὼ
614 3422 820 3475 παλίνορσος
838 3423 1022 3477 ἐλεύσομαι
1036 3428 1068 3472 ἐς
1081 3427 1185 3482 πόρον
1201 3428 1335 3483 ὕμνων,

1533 321 1591 361 τὸν
1611 321 1778 376 πρότερον
1796 323 1964 370 κατέλεξα
1983 323 2077 378 λόγῳ
2097 323 2200 375 λόγον
2214 324 2450 378 ἐποχετεύων·

1479 430 1523 454 ea
1539 416 1643 469 apud
1664 418 1804 456 Aldum
1827 418 1868 457 in
1890 418 1998 458 hunc
2019 418 2179 458 modum
2196 420 2338 472 partim
2359 429 2505 461 mutata
2520 451 2532 471 ,

1479 476 1620 527 partim
1638 475 1850 527 depravata
1865 477 2051 528 leguntur
2076 492 2086 518 τ

1478 534 1613 583 μᾶλλον
1634 534 1671 573 δὲ
1690 535 1864 587 βιάζεται,
1887 534 2044 586 οἰόμενος
2073 535 2132 575 τὸν
2158 536 2292 588 κόσμον
2318 541 2442 577 τοῦτον
2466 537 2536 578 ὕπὸ

1477 594 1583 643 μόνου
1603 598 1663 632 τοῦ
1684 594 1819 639 νείκους
1847 595 1940 634 κατὰ
1969 596 2227 647 Ἐμπεδοκλέα
2256 596 2428 650 γίνεσθαι.
2449 596 2535 644 ἴσως

1476 654 1511 691 δὲ
1527 653 1586 691 καὶ
1615 654 1645 692 εἷ
1668 653 1877 706 ὑπερισχύει
1891 656 1925 693 ἐν
1944 654 2058 709 τούτῳ
2078 655 2116 693 τὸ
2131 656 2244 700 νεῖκος
2258 686 2268 706 ,
2282 654 2404 710 ὥσπερ
2426 658 2462 695 ἐν
2482 659 2534 712 τῷ

1475 712 1614 766 σφαίρῳ
1642 715 1664 760 ἠ
1698 714 1822 767 φιλία,
1845 715 1925 752 ἀλλ’
1952 714 2059 768 ἄμφω
2081 714 2139 754 ὑπ’
2161 717 2290 768 ἀμφοῖν
2316 716 2412 768 λέγει
2438 716 2534 769 γίνε·

1475 774 1568 810 σθαι.
1591 771 1651 810 καὶ
1670 771 1756 817 ἴσως
1787 772 1885 811 οὐδὲν
1912 773 2041 812 κωλύει
2061 773 2253 826 προθέσθαι
2281 774 2360 813 τινὰ
2379 777 2450 814 τῶν
2471 779 2533 816 τοῦ

1475 831 1757 883 Ἐμπεδοκλέους
1778 832 1959 886 ῥημάτων,
1981 836 2086 872 τοῦτο
2101 833 2408 886 παρεμφαίνοντα·

1526 922 1583 972 τίη
1605 926 1635 963 δ’
1650 922 1719 975 ἐγὼ
1734 926 1955 979 ὑποστρέψας
1977 924 2134 978 ἔρχομαι
2150 924 2237 978 πρὸς
2254 926 2331 965 ὁδὸν

1527 983 1654 1022 αἰνέων
1675 983 1733 1022 τὸν
1750 983 1833 1037 πρὶν
1857 983 2167 1036 κατειλημμένον,
2195 984 2411 1038 προσάπτων
2430 984 2531 1039 μύθῳ

2379 1043 2521 1100 [μῦθον.

1473 1147 1522 1186 Ut
1536 1148 1688 1200 reliqua
1704 1149 1879 1187 omittam
1909 1148 1957 1186 de
1977 1147 2123 1200 quibus
2144 1148 2209 1187 hic
2233 1162 2314 1187 non
2340 1158 2399 1189 est
2420 1151 2526 1201 quod

1469 1206 1656 1245 disseram
1669 1236 1678 1254 ,
1698 1208 1822 1259 liquet
1844 1207 2096 1259 interpretem
2115 1207 2332 1261 ἐποχετεύων
2351 1210 2529 1262 apposite

1470 1265 1517 1303 ad
1550 1267 1757 1319 scriptoris
1796 1275 1962 1305 mentem
2006 1266 2225 1306 reddidisse
2257 1268 2380 1307 simili
2407 1281 2526 1308 voca-

1469 1324 1566 1363 bulo
1580 1326 1807 1378 προσάπτων.
1826 1325 1984 1366 Constat
1999 1326 2120 1376 igitur
2132 1327 2409 1378 Empedoclem
2428 1328 2526 1367 scri-

1468 1384 1592 1435 psisse
1612 1385 1843 1437 ἐποχετεύων.
1866 1385 1941 1424 Sed
1966 1394 2056 1423 sunt
2086 1386 2154 1436 qui
2176 1385 2250 1423 hoc
2268 1395 2422 1438 poetam
2444 1387 2527 1426 sal-

1468 1443 1529 1482 vis
1550 1445 1744 1495 prosodiae
1762 1444 1915 1494 legibus
1943 1457 2088 1496 ponere
2116 1445 2291 1496 potuisse
2311 1454 2468 1495 negent.
2491 1446 2525 1484 Ο

1467 1503 1711 1554 plumbeum,
1732 1496 1951 1551 ut'dicitur,
1976 1504 2188 1555 pugionem
2216 1516 2331 1554 quem
2361 1502 2444 1555 jam
2475 1505 2524 1543 ad

1447 1575 1526 1600 -vs.
1555 1564 1625 1601 103
1644 1577 1665 1601 e
1679 1563 1819 1602 Steinii
1846 1563 1921 1602 viri
1942 1563 2048 1601 docti
2071 1562 2251 1601 manibus
2267 1563 2519 1604 extorsimus.

1465 1620 1559 1660 Nam
1576 1622 1639 1660 hic
1654 1635 1811 1674 quoque
1828 1631 1870 1660 ut
1889 1623 1979 1660 aliis
1996 1622 2094 1660 locis
2117 1621 2186 1674 (cf.
2210 1622 2327 1660 etiam
2343 1635 2403 1661 vs.
2422 1622 2519 1674 134)

1466 1681 1682 1720 carminum
1709 1682 2058 1733 Empedocleorum
2086 1681 2184 1720 arsis
2211 1682 2252 1719 vi
2272 1680 2413 1720 breves
2433 1682 2522 1734 syl-

1466 1739 1564 1778 labae
1594 1740 1882 1792 producuntur.
1911 1740 2103 1779 Caeterum
2139 1740 2372 1780 Karstenius
2402 1741 2520 1780 etiam

1466 1798 1684 1851 ἐποχετεύων
1707 1800 1868 1851 recepit.

1516 1859 1582 1899 Vs.
1611 1874 1798 1911 191-192.
1819 1859 1895 1899 ἐπεὶ
1921 1865 2031 1904 νεῖκος
2055 1858 2118 1912 μὲν
2140 1858 2251 1913 ἓνέρτ.
2277 1859 2376 1912 κτλ.]
2395 1861 2520 1913 Aper-

1465 1928 1544 1958 tum
1566 1929 1624 1958 est
1652 1921 1833 1972 ἐνέρτατον
1855 1919 1952 1959 ἵκετο
1975 1919 2093 1973 βένθος
2126 1918 2221 1967 δίνης
2255 1919 2359 1958 idem
2389 1921 2522 1962 valere

1464 1978 1569 2030 quod
1596 1992 1655 2019 vs.
1691 1980 1763 2029 198
1786 1979 1841 2018 ἐπ’
1862 1978 2000 2032 ἔσχατα
2021 1979 2182 2032 τέρματα
2203 1977 2351 2019 κύκλου.
2373 1978 2460 2028 Δίνη
2481 1990 2519 2020 et

1464 2036 1674 2091 στροφάλιγξ
1709 2038 1895 2077 dicuntur
1926 2046 2067 2077 vortex
2098 2046 2135 2076 et
2155 2036 2274 2076 turbo
2304 2037 2347 2076 in
2379 2039 2517 2078 mundi

1463 2096 1579 2146 globo
1599 2109 1670 2148 per
1697 2097 1976 2135 elementorum
2007 2097 2257 2146 agitationem
2277 2096 2515 2137 circumacto

1462 2155 1604 2196 exorti.
1627 2155 1845 2207 Utrumque
1874 2155 2110 2194 vocabulum
2139 2154 2310 2194 celebrat
2327 2155 2511 2208 Orpheus

1463 2214 1503 2252 in
1523 2214 1657 2252 mundi
1674 2215 1931 2253 conversione
1947 2214 2193 2266 depingenda
2209 2214 2314 2266 apud
2329 2214 2504 2256 Macrob.

1461 2272 1621 2313 Saturn.
1646 2273 1677 2321 l,
1699 2274 1773 2322 ²33
1798 2274 1937 2325 fragm.
1959 2273 2046 2323 vll,
2073 2268 2202 2308 25-28
2223 2282 2234 2309 ε

1515 2382 1677 2431 κέκλυθι,
1697 2382 1892 2436 τηλεπόρου
1908 2383 2002 2431 δίνης
2022 2381 2211 2435 ἑλικαυγέα
2229 2381 2358 2422 κύκλον

1513 2442 1686 2495 οὐρανίαις
1706 2443 1934 2496 στροφάλιγξι
1949 2443 2159 2496 περίδρομον
2180 2441 2253 2482 αἰὲν
2269 2443 2434 2492 ἑλίσσων,

1514 2501 1622 2551 ἀγλαὲ
1644 2505 1712 2541 Ζεῦ
1733 2502 1878 2541 Διόνυσε
1895 2532 1904 2552 ,
1924 2501 2034 2554 πάτερ
2050 2502 2177 2540 πόντου
2190 2532 2200 2549 ,
2219 2501 2333 2555 πάτερ
2354 2499 2448 2550 αἴης,

1511 2558 1618 2599 ’Ἥλιε
1638 2558 1951 2614 παγγενέτορ,Πὰν
1968 2560 2064 2599 αἷόλε
2075 2560 2347 2614 χρυσεοφεγγές.

1460 2667 1663 2706 Medorum
1683 2668 1857 2717 enallage
1870 2667 1913 2706 in
1929 2667 2064 2706 verbis
2078 2667 2154 2706 ἐπεὶ
2172 2673 2282 2711 νεῖκος
2299 2666 2361 2718 μὲν
2378 2665 2424 2706 ἵκ
2439 2682 2513 2706 ετο

1460 2726 1576 2779 βένθος
1597 2726 1715 2777 δίνης,
1736 2728 1769 2765 ἐν
1799 2725 1834 2765 δὲ
1855 2725 1945 2779 μέσῃ
1968 2727 2111 2779 φιλότης
2130 2742 2210 2778 στρ.
2237 2725 2433 2778 γένηται
2451 2728 2511 2766 sic

1458 2786 1706 2838 explicanda,
1724 2795 1765 2824 ut
1785 2795 1899 2837 poeta
1915 2786 1964 2824 ab
1982 2799 2028 2824 eo
2043 2786 2149 2837 quod
2175 2786 2317 2824 factum
2334 2794 2392 2824 est
2406 2785 2454 2824 ad
2469 2786 2511 2825 id

1458 2846 1562 2895 quod
1593 2845 1678 2883 fieri
1705 2846 1828 2883 soleat
1862 2846 2028 2884 transire
2059 2846 2225 2893 dicatur,
2257 2845 2334 2885 ἐπεὶ
2361 2844 2513 2884 ἵκετο-

1457 2904 1540 2942 ὅταν
1571 2905 1728 2956 γένηται.
1763 2905 1837 2943 Sed
1870 2919 1918 2944 ne
1951 2905 2027 2944 ἐπεὶ
2058 2906 2217 2957 quidem
2257 2904 2511 2956 conjunctivo

1452 2963 1632 3015 junctum
1655 2964 1818 3002 offendit
1834 2965 2143 3003 considerantem
2173 2977 2260 3014 quae
2277 2962 2326 3002 ad
2342 2976 2403 3003 vs.
2430 2963 2504 3002 136

1457 3037 1502 3062 ea
1520 3023 1568 3061 de
1590 3036 1631 3062 re
1659 3023 1855 3075 disputata
1886 3033 1990 3063 sunt.
2020 3023 2151 3070 Quare
2171 3022 2389 3062 Peter-senii
2410 3035 2508 3061 con-

1454 3082 1606 3134 jectura
1629 3082 1798 3135 στροφάδι
1831 3081 2014 3133 γεγένηται
2040 3083 2083 3121 in
2111 3082 2273 3134 Ephem.
2307 3081 2383 3119 litt.
2411 3081 2502 3122 Hal.

1461 3142 1576 3190 1837,
1591 3155 1630 3181 n.
1641 3155 1690 3191 97
1703 3142 1902 3192 proposita
1916 3155 1994 3179 non
2002 3154 2174 3191 egemus.
2186 3126 2301 3186 Quod
2310 3139 2507 3190 reliquum

1456 3210 1512 3239 est
1541 3202 1629 3240 cod.
1663 3201 1790 3239 Oxon.
1818 3202 1864 3240 Α.
1895 3209 1932 3238 et
1960 3201 1993 3238 T
1997 3214 2082 3241 aur.
2117 3200 2368 3238 librariorum
2394 3199 2510 3251 culpa

1456 3258 1588 3310 δίνῃσιν
1607 3257 1642 3297 δὲ
1659 3273 1731 3311 pro
1753 3258 1845 3306 δίνης
1859 3287 1869 3305 ,
1890 3260 1924 3296 ἐν
1942 3258 1977 3297 δὲ
1995 3259 2152 3299 habent.

1507 3317 1573 3358 Vs.
1598 3319 1687 3369 193.
1706 3316 1774 3356 ἔνθ’
1788 3316 1856 3365 ἤδη
1874 3316 1957 3356 τάδε
1982 3315 2090 3374 κτλ.]
2112 3321 2147 3357 ἐν
2175 3321 2220 3370 τῇ
2242 3316 2283 3363 δὴ
2313 3316 2377 3356 ed.
2409 3315 2501 3356 Ald-

1454 3376 1572 3426 Phys.
1595 3386 1632 3415 et
1660 3376 1746 3415 cod.
1775 3378 1904 3416 Oxon.
1935 3377 1982 3416 Α.
2013 3376 2106 3417 libr.
2134 3377 2182 3415 de
2202 3376 2302 3416 Coet.
2324 3375 2504 3415 Brandis.

1455 3435 1594 3475 sclioll.
1614 3436 1642 3475 l.
1662 3449 1696 3475 c.
1717 3435 1794 3474 Alii
1814 3435 1967 3475 codices
1984 3437 2019 3474 ἐν
2039 3439 2083 3489 τῇ
2098 3435 2175 3484 ἠδὲ,
2196 3437 2231 3474 ἐν
2251 3434 2354 3485 τῆδὶ,
2369 3435 2405 3473 ἐν
2421 3432 2505 3487 τῇδὲ
