2612 3814
1002 285 1262 326 HADRIANI
1292 285 1359 325 ET
1389 284 1620 325 SECUNDI.

268 374 394 413 HAna.
420 375 547 424 Quare
566 375 690 411 Venus
701 375 830 412 straba
849 376 928 412 est?
947 396 1000 404 -
1018 373 1146 412 Eme-r.
1169 373 1271 422 Quia

217 447 362 486 pravus
375 442 433 472 est
451 446 575 473 amor.

269 493 392 530 Hmn.
416 495 521 540 Quid
537 502 593 529 est
609 495 753 530 Amor?
767 514 822 522 —
839 492 967 532 Emer.
994 492 1120 531 Otiosi
1138 502 1267 544 pecto-

219 553 273 590 ris
291 551 490 598 molestia,
513 551 555 588 in
576 564 701 602 puero
720 551 863 603 pudor,
885 552 928 589 in
949 551 1105 601 virgine
1125 551 1264 599 rubor,

214 610 256 648 in
278 609 440 648 foemina
460 609 581 658 furor,
602 611 644 648 in
657 611 800 659 juvenc
817 610 949 657 ardor,
972 611 1013 648 in
1034 623 1127 648 sene
1147 611 1262 655 risus,

216 671 225 705 i
233 682 255 706 n
275 668 454 707 derisore
474 668 608 708 delicti
633 669 827 721 nequities
847 678 919 709 est.

269 729 395 768 Huni.
417 729 524 777 Quid
549 738 607 766 esc
632 731 764 766 Deus?
795 751 850 758 —
878 728 1008 767 Emer.
1030 728 1106 774 Qui
1136 730 1268 767 omnia

214 795 330 826 tenet.

269 846 396 885 Hum.
425 849 530 896 Qm'd
546 857 601 885 ese
627 848 897 897 Sacrificium?
917 869 968 877 -
993 846 1121 885 Emew.
1153 848 1268 886 Deli—

213 904 337 946 batio.
427 898 433 905 ’

267 965 395 1006 Ilum.
432 968 540 1016 Quid
584 976 639 1004 est
682 971 766 1005 sine
806 969 1012 1004 societate?
1047 988 1100 995 —
1138 966 1265 1004 Eme-r.

216 1024 405 1076 Regnum.

266 1085 392 1122 nina.
434 1086 539 1133 Quid
572 1093 629 1122 est
663 1086 862 1135 Regnum?
902 1106 955 1114 -
998 1084 1128 1125 Emcoe.
1171 1085 1266 1123 Pars

213 1142 399 1184 Deorum.

266 1201 393 1242 Hmn.
417 1203 522 1251 Qm'd
531 1210 587 1239 est
603 1203 762 1240 Coesar?
779 1224 834 1232 —
859 1201 989 1242 Emer.
1009 1201 1184 1241 Publicae
1204 1203 1262 1241 lu-

214 1260 271 1299 cis
290 1269 418 1312 caput.
867 1259 872 1267 ”

267 1319 392 1357 ΗΑυιι.
415 1321 520 1369 Quid
541 1329 599 1358 est
612 1321 801 1358 Senatus?
825 1342 879 1350 —
897 1320 1025 1359 Eme-r.
1049 1320 1267 1360 Ornamen-

215 1386 297 1416 tum
321 1378 457 1426 urbis;
475 1379 664 1431 splendor
681 1380 845 1420 civium.

268 1439 392 1475 HAmx.
416 1439 522 1487 Quid
536 1447 591 1476 est
605 1441 754 1476 Miles?
774 1461 826 1468 —
845 1438 976 1479 Emer.
994 1439 1130 1478 Murus
1145 1440 1266 1492 impe·

2301 296 2374 328 021

1330 373 1403 421 rii,
1425 373 1607 412 defensor
1635 373 1794 425 patriae,
1811 374 1980 424 gloriosa
1999 376 2166 415 servitus
2180 405 2190 423 ‚
2215 385 2379 428 potesta-

1329 433 1378 471 tis
1395 432 1602 472 indicium.

1384 492 1508 532 lima.
1533 494 1638 541 Quid
1649 501 1706 529 eat
1730 495 1849 531 Roma
1859 496 1879 530 .›'’
1907 515 1959 522 —
1979 493 2105 532 Emer.
2131 494 2231 532 Fons
2251 495 2380 546 impe-

1329 551 1381 589 rii
1398 551 1507 589 orbis
1521 560 1723 599 terrarum,
1742 560 1863 590 mater
1878 553 2049 602 gentium
2062 583 2072 602 ‚
2090 554 2146 591 rei
2166 566 2379 604 possessor,

1328 611 1594 649 Romanorum
1626 611 1927 650 contubernium
1941 641 1952 658 ,
1972 612 2085 650 Pacis
2105 621 2258 650 aeternae
2286 626 2378 651 con-

1327 670 1509 709 seen-atio.

1383 729 1504 766 Hmn.
1533 730 1638 777 Quid
1653 739 1708 767 est
1732 732 1930 768 Victoria?
1952 751 2006 760 —-
2025 729 2155 770 Emer.
2180 730 2277 767 Belli
2298 730 2378 768 dis-

1329 788 1484 838 cordia,
1505 789 1612 840 pacis
1629 802 1751 829 amor.

1383 850 1508 889 Huni.
1539 848 1645 898 Quid
1679 858 1736 886 esc
1768 850 1884 886 Pax?
1909 870 1960 877 -—
1983 847 2114 887 Emer.
2148 847 2380 899 Tranquilla

1328 909 1502 947 libertas.

1383 969 1506 1005 Hmu.
1541 969 1646 1015 Qm‘d
1665 976 1719 1004 est
1741 968 1909 1003 Forum?
1935 987 1990 995 ——
2018 965 2151 1005 Emer.
2174 965 2376 1016 Templum

1329 1027 1523 1065 libertatis
1536 1057 1546 1073 ‚
1570 1038 1688 1064 arena
1706 1025 1960 1075 litigantium.

1382 1086 1507 1123 HAmz.
1522 1087 1627 1133 Quid
1636 1094 1724 1122 sunt
1738 1083 2070 1124 AmIciP—Emc'r.
2083 1082 2225 1121 Statuae
2236 1094 2377 1121 aureae.

1383 1145 1506 1183 Hmn.
1524 1146 1629 1192 Quid
1635 1153 1693 1181 est
1708 1146 1887 1181 Amicus?
1903 1165 1954 1172 -
1967 1142 2098 1181 Emc'r.
2115 1142 2238 1180 Pomo
2258 1142 2379 1180 citreo

1329 1205 1492 1251 similis,
1516 1203 1610 1241 foris
1629 1202 1765 1241 beatus
1784 1217 1792 1239 :

1383 1265 1478 1303 Nam
1502 1264 1603 1314 (leg.
1625 1261 1828 1313 Namque)
1851 1262 1954 1300 intra
1982 1269 2116 1311 pectus
2142 1260 2295 1299 acidum
2315 1274 2380 1299 oc-

1328 1320 1448 1358 cultat
1469 1322 1586 1372 (add.
1611 1321 1677 1359 hic
1694 1322 1707 1372 )
1724 1321 1882 1359 malum.

1383 1379 1508 1420 Himz.
1540 1382 1645 1429 Quid
1657 1389 1744 1417 sunt
1759 1382 1951 1417 Parasitc'?
1977 1400 2032 1409 -
2046 1379 2174 1417 Emer.
2201 1379 2277 1425 Qui
2298 1387 2382 1416 tan-

1330 1453 1446 1491 quam
1468 1440 1596 1492 pisces
1615 1439 1851 1478 inescantur.
