2612 3814
1036 218 1103 257 DE
1134 216 1451 257 DEMOCRITO.

2257 225 2331 258 335

160 319 273 350 erant
301 310 405 360 magi
442 309 536 361 (42).
571 308 820 360 Quapropter
852 315 956 346 recte
986 306 1216 360 Simplicius
1278 305 1472 354 tenebras,
1492 306 1703 345 fatuitatem
1719 320 1762 345 ac
1779 306 2049 358 desipientiam
2067 307 2338 360 exprobrave-

163 369 335 408 Auscult.
368 367 438 408 lib.
469 367 507 405 11
537 381 576 420 p.
599 367 648 404 65
677 379 699 404 a
723 366 778 404 ait
804 365 868 412 τὴν
889 363 1217 417 ἀποτελεσματικὴν

161 442 250 480 quae
266 426 611 481 praecipuamagiae
624 438 714 478 pars
724 433 795 471 est,
809 425 1015 464 Posidonii
1032 424 1218 477 tempori·

164 487 238 527 bus
257 487 431 526 nondum
457 486 506 524 ad
531 485 690 523 Graecos
711 484 830 523 fuisse
860 485 1048 537 perlatam
1061 516 1071 533 ,
1093 484 1157 522 vel
1178 491 1221 522 ut

163 546 287 585 verba
308 558 434 597 graeca
454 546 617 595 allegem
645 559 654 582 ε
677 543 717 583 τὸ
739 546 804 591 τῆς
837 544 1065 597 ἀστρολογίας
1093 543 1220 594 ὄνομα,

165 605 276 656 μήπω
295 606 374 645 τότε
394 607 456 652 τ’ῆς
495 605 825 654 ἀποτελεσματικῆς
850 606 900 648 εἷς
928 602 1006 647 τοὺς
1039 602 1222 649 Ἕλληνας

164 663 344 713 ἐλθούσης,
365 663 424 703 ἐπὶ
444 667 506 712 τῆς
521 668 582 703 νῦν
602 662 822 716 καλουμένης
840 662 1071 718 ἀστρονομίας
1085 661 1220 715 ἔφερον.

160 723 279 770 Quod
296 732 422 762 autem
444 723 580 762 attinet
594 722 643 761 ad
658 722 782 761 verba
804 737 812 760 :
833 721 942 774 Ἐμοὶ
963 721 998 760 δὲ
1015 720 1174 760 δοκέουσι
1191 721 1223 758 οἱ

166 785 301 837 πρῶτοι
317 787 422 823 τοῦτο.
438 782 478 821 τὸ
497 782 658 834 νούσημα
685 781 948 833 ἀπιερώσαντες
966 783 1116 819 τοιοῦτοι
1136 773 1225 818 εἶναι

163 842 344 895 ἄνθρωποι
359 873 369 891 ,
386 835 452 881 οἶοι
474 841 534 880 καὶ
551 846 611 880 νῦν
627 843 694 880 εἶσι
715 841 825 893 μάγοι
846 855 882 879 τε
900 839 961 878 καὶ
977 838 1151 892 καθαρταὶ
1165 838 1226 877 καὶ

167 901 319 955 ἀγύρται
347 901 407 941 καὶ
428 900 614 951 ἀλαζόνες,
643 900 761 939 ὁκόσοι
784 900 826 947 δὴ
850 900 1122 952 προσποιέονται
1138 898 1225 952 σφό-

165 961 235 1014 δρα
256 961 435 1005 θεοσεὸέες
466 955 555 999 εἶναι
576 960 637 999 καὶ
657 959 764 999 πλέον
785 975 820 998 τι
840 958 986 1006 εἰδέναι,
1007 972 1092 1010 quae
1117 971 1227 1010 repe-

100 1027 106 1030 '
169 1022 330 1059 riuntur
360 1020 476 1059 initio
501 1020 841 1058 commentationis
867 1019 915 1057 de
942 1018 1083 1057 morbo
1116 1032 1229 1057 sacro

120 1122 124 1127 ¹,
171 1080 406 1132 Hippocrati
438 1080 558 1129 vulgo
576 1079 755 1126 tributae,
787 1092 907 1129 quum
932 1078 998 1117 alii
1019 1077 1100 1129 jam
1122 1078 1230 1117 vide-

169 1147 283 1185 runt,
305 1138 409 1177 hunc
422 1138 601 1177 libellum
623 1138 853 1190 Hippocrati
867 1138 1112 1190 suppositum
1134 1151 1230 1186 esse,

168 1206 251 1236 tum
273 1198 563 1237 recentissimus
579 1196 663 1249 ejus
683 1197 809 1236 editor
826 1197 1013 1237 Dietzius.

226 1257 406 1308 Denique
434 1265 660 1295 cunctarum
682 1270 769 1308 quae
786 1256 834 1294 ad
859 1257 1126 1295 Democritum
1147 1269 1233 1294 exa-

169 1315 375 1366 gitandum
400 1316 571 1354 inventae
602 1324 694 1354 sunt
722 1315 944 1354 fabularum
967 1316 1077 1354 nulla
1097 1324 1155 1354 est
1177 1324 1234 1354 tot

169 1388 259 1414 cum
281 1374 496 1414 mendaciis
513 1384 701 1426 tantoque
721 1388 809 1413 cum
824 1373 1062 1420 verborum,
1085 1387 1233 1425 quam-

172 1434 234 1473 vis
255 1434 459 1481 inanium,
495 1443 639 1474 ornatu
666 1434 868 1473 memoriae
904 1433 1080 1486 prodita,
1116 1447 1232 1484 quam

171 1505 262 1544 quae
281 1493 329 1531 de
349 1492 434 1544 ejus
462 1493 617 1533 insania
640 1507 685 1533 ac
713 1494 761 1532 de
793 1493 1030 1545 Hippocrate
1064 1491 1113 1530 ad
1134 1492 1233 1530 hanc

172 1549 386 1591 curandam
409 1566 432 1591 a
456 1563 592 1593 senatu
611 1555 839 1606 populoque
867 1553 1145 1591 Abderitarum
1171 1565 1234 1591 ac-

177 1612 256 1650 cito
285 1613 328 1650 in
349 1612 527 1664 epistolis
544 1614 689 1664 legitur
703 1613 934 1665 Hippocrati
950 1621 988 1650 et
1011 1611 1236 1650 Democrito

175 1670 276 1709 falso
299 1671 491 1723 ascriptis.
515 1675 564 1711 At
594 1673 753 1712 illarum
782 1672 1038 1724 epistolarum
1069 1672 1236 1710 archite-

174 1738 280 1776 ctus,
307 1743 424 1782 quem
458 1732 563 1770 tertii
586 1741 675 1784 post
702 1733 794 1772 Chr.
817 1746 855 1771 n.
886 1732 1020 1770 saeculi
1042 1732 1237 1771 rhetorem

177 1790 240 1827 vel
262 1790 478 1841 sophistam
501 1791 621 1831 fuisse
636 1790 828 1842 conjicio,
850 1799 1055 1843 putaverat
1070 1790 1152 1842 jam
1168 1791 1240 1829 De-

179 1849 335 1887 mocriti
369 1862 455 1887 aevo
494 1849 700 1888 Abderitas
731 1863 754 1888 a
783 1850 936 1888 Graecis
968 1849 1107 1888 stultos
1155 1862 1239 1888 esse

179 1907 347 1948 habitos.
367 1908 454 1947 Jam
476 1910 511 1948 si
530 1910 621 1961 quis
650 1910 885 1961 antiquiora
902 1922 1115 1960 graecarum
1137 1909 1239 1948 litte-

179 1981 314 2007 rarum
331 1978 583 2008 monumenta
599 1978 742 2008 attente
761 1970 884 2020 legat,
907 1969 1059 2007 nullum
1076 1968 1163 2020 ejus
1181 1969 1240 2007 rei

179 2028 389 2079 vestigium
425 2029 719 2068 animadvertat.
752 2028 830 2068 Nec
883 2029 1040 2069 mirum.
1073 2029 1169 2067 Nam
1207 2030 1240 2068 si

152 2121 158 2126 .
180 2097 284 2127 recte
304 2088 415 2127 factis
435 2089 519 2127 laus
534 2098 572 2127 et
587 2088 713 2128 honos
734 2088 911 2136 debetur,
933 2090 1147 2127 immortali
1163 2089 1241 2140 glo-

182 2148 242 2186 ria
269 2147 502 2198 dignissima
531 2148 602 2186 fuit
632 2147 809 2195 Abdera,
830 2148 1026 2199 siquidem
1058 2161 1248 2198 magnum>

183 2208 379 2246 clarorum
402 2209 444 2246 in
460 2208 603 2246 litteris
622 2208 802 2245 virorum
823 2216 1061 2259 proventum
1086 2208 1240 2247 tulerat.

181 2270 338 2322 Quippe
360 2270 524 2322 plurimi
550 2269 748 2308 Abderitae
771 2269 820 2308 ab
842 2270 914 2318 iis,
938 2270 1007 2321 qui
1027 2270 1240 2308 illustrium

183 2331 361 2368 virorum
398 2329 596 2379 catalogos
638 2329 919 2381 confecerunt,
962 2329 1244 2367 memoraban-

185 2396 248 2426 tur
266 2388 363 2440 (43).
383 2387 490 2426 Inter
509 2401 609 2439 quos
640 2396 783 2440 praeter
806 2388 1075 2426 Democritum
1104 2387 1245 2425 Prota-

184 2460 303 2497 goras
348 2455 387 2486 et
440 2447 696 2486 Anaxarchus
736 2447 990 2499 philosophi,
1046 2446 1245 2486 Hecataeus

186 2506 420 2554 historicus,
456 2506 698 2558 Nicaenetus‚
740 2507 987 2545 heroicorum
1027 2507 1244 2545 carminum

185 2565 369 2618 scriptor,
396 2565 719 2606 numerabantur.
740 2566 899 2605 Primus
921 2566 1060 2604 Cicero
1080 2565 1247 2604 Abderae

186 2635 307 2676 atque
329 2625 604 2664 Abderitarum
626 2626 679 2664 ita
710 2626 913 2676 meminit,
933 2634 977 2664 ut
1003 2638 1140 2664 eorum
1169 2639 1248 2663 non

186 2694 266 2723 tam
289 2693 489 2737 stuporem
518 2698 634 2736 quam
654 2685 775 2724 animi
798 2685 995 2724 levitatem
1016 2698 1103 2736 quae
1122 2685 1250 2724 stulti-

187 2742 254 2782 tiae
273 2744 453 2796 proxima
473 2753 530 2783 est
562 2745 739 2783 traducat
764 2744 858 2798 (44).
892 2745 986 2783 Post
1006 2744 1110 2783 hunc
1137 2745 1252 2782 multi

187 2804 403 2856 scriptores
421 2813 459 2842 et
474 2803 603 2842 Graeci
623 2813 659 2842 et
675 2804 840 2842 Romani
856 2804 1031 2842 certatim
1048 2804 1250 2842 Abderitis

187 2863 450 2911 dementiam,
495 2872 722 2916 stuporem,
770 2863 920 2914 ingenii
955 2863 1177 2902 tarditatem
1207 2876 1251 2901 ac

233 3046 297 3087 (42)
318 3048 365 3078 De
387 3046 425 3078 iis
448 3046 563 3086 loquor
576 3055 656 3086 quos
674 3046 802 3078 Persico
828 3045 991 3078 vocabulo
1015 3046 1135 3087 μάγους
1152 3054 1248 3077 voca-

191 3091 288 3133 bant3
311 3101 386 3125 nam
403 3093 518 3131 γόητας
539 3095 608 3125 tum
623 3093 710 3125 ⁴inter
726 3095 857 3126 Graecos
881 3093 976 3126 fuisse
993 3102 1055 3125 non
1071 3102 1163 3133 neg0.

233 3139 300 3181 (43)
311 3140 492 3181 Stephanus
507 3140 679 3181 Byzantius
700 3149 732 3173 v.
755 3141 891 3182 Ἀὅδηρα
911 3149 917 3168 =
937 3142 1078 3173 πλεῖστοι
1095 3140 1122 3172 δ’
1139 3140 1249 3180 'Affin-

193 3189 273 3226 ρϊται
289 3187 350 3218 ὑπὸ
363 3189 427 3219 τῶν
454 3187 693 3230 πινακογράφων
710 3187 939 3231 ἀναγράφονται
950 3197 959 3205 ·
983 3187 1162 3224 Νικαίνετος
1176 3187 1251 3220 ἐπο-

190 3233 282 3269 ποιὸς
294 3234 347 3264 καὶ
367 3234 578 3277 Πρωταγόρας
596 3236 664 3267 κτλ.

237 3279 304 3320 (44)
317 3280 431 3313 Cicero
449 3282 543 3322 epist.
569 3282 608 3314 ad
636 3284 702 3316 Att.
730 3283 784 3322 IV,
808 3284 863 3323 163
884 3282 960 3315 item
987 3284 1059 3321 VH,
1085 3286 1115 3316 7.
1141 3283 1187 3315 Cf.
1212 3282 1251 3315 de

195 3328 268 3359 Nat.
287 3327 378 3360 deor.
401 3328 457 3360 lib.
470 3330 559 3368 1‚43.

239 3373 305 3415 (45)
323 3375 472 3408 Juvenal.
491 3378 558 3409 Sat.
589 3379 629 3418 X,
655 3379 707 3410 48.
729 3377 866 3410 Martial.
894 3379 933 3418 X,
966 3381 1016 3410 25.
1039 3377 1159 3409 Arnob.
1178 3376 1251 3409 adv.

193 3424 279 3463 gent.
296 3422 349 3455 lib.
367 3424 398 3455 X
412 3431 485 3464 pag.
511 3426 580 3457 164.

241 3469 371 3510 (46)‚Cf.
389 3470 501 3511 fragm.
521 3471 633 3505 moral.
650 3476 702 3514 50,
725 3474 784 3506 175
797 3473 829 3506 et
846 3481 936 3514 seqq.
958 3481 1059 3513 usque
1073 3471 1114 3504 ad
1135 3474 1205 3504 188.

1280 374 1384 405 runt.
1406 366 1531 417 Atque
1549 366 1617 404 alii
1639 365 1800 417 quidem
1822 367 1935 416 quasi
1953 366 2156 417 jurgantes
2185 367 2339 406 subru-

1281 426 1377 464 stice
1395 425 1443 464 iis
1463 425 1703 464 insultarunt
1733 425 1839 475 (45),
1862 425 1930 463 alii
1963 425 2105 476 lepidis
2131 427 2179 464 de
2199 439 2337 465 eorum

1281 486 1509 538 stupiditate
1533 485 1686 523 fabellis
1706 485 1884 524 confictis
1906 484 2099 524 urbanius
2120 494 2157 524 et
2179 486 2340 526 facetius

1282 558 1348 584 eos
1387 544 1716 596 perstrinxerunt.
1749 544 1855 583 Inter
1892 558 1958 583 eos
1999 558 2098 596 quos
2125 547 2343 596 posteriore

1284 604 1370 644 loco
1390 605 1593 643 nominavi
1610 605 1695 644 sine
1714 604 1837 643 dubio
1859 613 1917 643 est
1930 613 2065 644 auctor
2087 605 2343 656 epistolarum

1284 664 1332 703 de
1351 664 1497 715 quibus
1524 663 1590 703 hic
1615 665 1756 715 agitur.
1783 664 1888 711 Quas
1911 678 2033 716 quum
2069 665 2341 716 supposititias

1285 737 1368 763 esse
1381 725 1480 764 satis
1499 738 1520 763 a
1534 724 1651 764 nobis
1667 725 1730 763 vel
1750 723 1826 762 hoc
1842 737 1922 762 uno
1943 733 2172 775 argumento
2187 724 2346 763 demon-

1286 792 1448 823 stratum
1470 785 1538 828 sit.
1556 785 1662 836 quod
1680 784 1895 822 Democriti
1915 791 2090 836 tempore
2107 796 2222 822 nemo
2242 784 2347 823 Grae-

1287 858 1422 883 corum
1443 843 1651 883 Abderitas
1678 843 1825 882 bardos
1846 851 1883 881 et
1902 842 2072 881 barones
2090 842 2256 881 ducebat
2273 857 2280 881 :
2300 843 2347 881 ad

1287 905 1364 942 alia
1384 914 1638 943 transeamus.

1345 963 1512 1015 Rejectis
1528 963 1590 1002 his
1609 963 1752 1002 fabulis
1781 975 1906 1014 pauca
1926 962 1974 1000 de
1996 962 2212 1000 Democriti
2237 962 2350 1000 caeli-

1288 1022 1383 1061 batu
1411 1032 1449 1061 et
1470 1031 1594 1061 morte
1634 1021 1800 1060 dicenda
1828 1030 2039 1073 supersunt
2065 1035 2152 1072 quae
2190 1030 2228 1060 et
2266 1022 2352 1073 ipsa

1292 1081 1434 1120 fabulis
1451 1095 1530 1119 non
1543 1090 1687 1119 carent.
1702 1080 1760 1118 Ex
1779 1081 1830 1119 iis
1850 1094 1937 1131 quae
1953 1080 2214 1132 philosophus
2226 1080 2352 1119 Abde-

1293 1141 1444 1180 ritanus
1465 1141 1512 1179 de
1539 1140 1740 1179 connubio
1770 1148 1809 1178 et
1837 1139 1885 1178 de
1905 1139 2140 1178 mulieribus
2158 1139 2354 1190 judicavit

1294 1200 1457 1239 fortasse
1480 1200 1745 1252 colligendum
1768 1208 1851 1250 est,
1869 1200 2001 1238 virum
2022 1199 2063 1237 in
2084 1200 2224 1238 studiis
2250 1201 2354 1239 assi-

1292 1259 1368 1298 due
1394 1268 1614 1299 versantem
1647 1272 1692 1298 ac
1724 1258 2020 1297 matrimonium
2065 1267 2103 1296 et
2133 1258 2352 1297 liberorum

1293 1320 1608 1370 procreationem
1644 1318 1855 1369 fugientem
1881 1319 2105 1368 coitumque
2133 1331 2208 1370 pro
2229 1331 2353 1369 parva

1294 1379 1503 1430 apoplexia
1523 1378 1729 1417 habentem
1745 1391 1817 1430 per
1839 1386 1959 1416 totam
1978 1377 2096 1415 vitam
2118 1377 2236 1415 fuisse
2251 1378 2357 1420 caeli-

1296 1437 1383 1476 bem
1415 1437 1516 1491 (46).
1539 1437 1643 1476 Tum
1678 1437 1782 1475 inter
1820 1436 1972 1475 fabulas
2005 1436 2253 1474 referendum
2282 1438 2359 1475 erit

1297 1497 1403 1548 quod
1423 1506 1482 1536 est
1502 1497 1606 1550 apud
1628 1497 1844 1535 Antonium
1862 1511 1904 1549 p.
1927 1497 2005 1546 609
2029 1496 2129 1547 (47),
2154 1496 2360 1534 Democri-

1298 1565 1379 1595 tum
1414 1557 1695 1606 interrogatum
1709 1586 1719 1604 ,
1756 1570 1841 1606 cur,
1883 1569 2003 1607 quum
2041 1568 2204 1604 magnus
2238 1564 2359 1602 esset,

1298 1630 1461 1668 parvam
1491 1617 1668 1655 duxisset
1712 1629 1901 1662 uxorem,
1936 1615 2207 1667 respondisse,
2248 1627 2289 1653 se
2317 1614 2360 1653 in

1302 1676 1405 1714 malo
1427 1676 1608 1726 eligendo
1627 1675 1667 1713 id
1688 1675 1793 1727 quod
1814 1675 2020 1713 minimum
2042 1682 2162 1720 esset,
2180 1673 2357 1724 elegisse.

1299 1734 1374 1773 Sed
1403 1736 1436 1774 si
1459 1735 1557 1774 forte
1587 1736 1669 1773 haec
1698 1734 1992 1773 narratiuncula
2025 1746 2121 1771 vera
2147 1741 2226 1780 est,
2250 1732 2358 1784 quod

1299 1795 1370 1833 vix
1403 1795 1648 1846 putaverim,
1677 1793 1923 1832 statuendum
1943 1793 2112 1840 videtur,
2144 1793 2286 1831 malam
2324 1793 2362 1831 ei

1301 1854 1489 1905 obtigisse
1509 1851 1717 1906 conjugem
1742 1868 1828 1905 quae
1853 1854 2046 1903 effecerit,
2064 1861 2107 1891 ut
2126 1853 2290 1891 omnino
2313 1853 2362 1891 de

1301 1914 1487 1965 conjugio
1507 1923 1545 1952 et
1570 1914 1618 1952 de
1649 1913 1816 1951 femineo
1851 1926 1946 1951 sexu
1976 1926 2116 1962 parum
2143 1912 2363 1951 honorifice

1302 1974 1478 2013 sentiret.
1502 1974 1557 2012 De
1577 1972 1805 2025 philosophi
1826 1971 1947 2023 hujus
1967 1971 2080 2009 obitu
2102 1978 2168 2009 aut
2197 1982 2362 2022 prorsus

1302 2033 1404 2071 nihil
1432 2041 1498 2071 aut
1519 2041 1624 2071 certe
1649 2032 1750 2070 nihil
1780 2030 1953 2070 notabile
1979 2030 2142 2074 relatum
2162 2029 2364 2080 legebatur

1302 2091 1344 2130 in
1365 2092 1607 2131 Antisthenis
1638 2090 1765 2139 libro,
1805 2103 1853 2129 ex
1872 2103 1951 2141 quo
1977 2090 2190 2139 Diogenem
2222 2089 2365 2126 certis-

1305 2153 1405 2191 sima
1423 2165 1590 2204 quaeque
1617 2151 1665 2190 de
1687 2150 1907 2189 Democriti
1927 2149 2009 2188 vita
2029 2148 2240 2200 protulisse
2258 2147 2364 2186 vidi-

1304 2225 1404 2252 mus·
1423 2212 1554 2263 Neque
1576 2211 1681 2250 enim
1711 2210 1963 2260 dubitamus,
1993 2209 2091 2260 quin
2115 2208 2146 2246 si
2167 2207 2262 2258 quid
2281 2220 2365 2246 me-

1305 2279 1458 2309 moratu
1473 2271 1634 2320 dignum
1650 2269 1722 2307 hac
1740 2269 1788 2307 de
1809 2282 1850 2307 re
1869 2267 1927 2306 ibi
1951 2268 2135 2306 traditum
2158 2267 2368 2318 reperisset

1306 2329 1503 2378 Laertius,
1541 2329 1582 2367 id
1621 2329 1740 2367 fuerit
1776 2336 2076 2366 memoraturus.
2135 2325 2256 2377 Atqui
2293 2326 2368 2366 hoc

1307 2391 1435 2442 ipsum
1451 2389 1693 2428 Antisthenis
1710 2388 1910 2427 silentium
1926 2387 2076 2426 indicio
2097 2394 2169 2432 est,
2186 2399 2265 2424 non
2282 2400 2368 2426 esse

1306 2464 1398 2489 vera
1414 2448 1614 2488 mirabilia
1635 2449 1705 2487 illa
1731 2461 1818 2499 quae
1835 2447 1884 2485 ab
1911 2447 2130 2498 Hermippo
2159 2445 2365 2498 Peripate-

1308 2509 1409 2557 tico,
1439 2508 1644 2557 Athenaeo,
1667 2507 1851 2546 Lucretio
1866 2536 1876 2554 ,
1906 2506 2104 2553 Luciano,
2130 2504 2367 2555 Phlegonte,

1310 2568 1441 2606 Marco
1471 2567 1695 2614 Antonino,
1732 2565 1907 2604 Antonio
1937 2564 2097 2603 Melissa
2124 2572 2162 2602 et
2195 2563 2368 2601 Maximo

1309 2629 1475 2677 aliisque
1494 2627 1561 2678 qui
1577 2626 1624 2664 ad
1637 2626 1778 2664 horum
1798 2625 2019 2663 testimonia
2039 2637 2079 2662 se
2099 2622 2370 2661 accommoda-

1313 2696 1426 2735 runt,
1450 2687 1498 2725 de
1529 2686 1602 2724 hoc
1623 2693 1853 2735 argumento
1873 2692 2029 2723 narrata
2056 2691 2161 2722 sunt.
2188 2682 2370 2734 Hermip-

1312 2760 1384 2798 pus
1405 2746 1482 2797 (48)
1512 2745 1616 2797 apud
1649 2745 1866 2795 Diogenem
1898 2743 2097 2782 Laertium
2130 2751 2267 2781 auctor
2287 2750 2363 2788 est,

1312 2804 1580 2843 Democritum
1601 2804 1710 2842 senio
1725 2803 1942 2841 confectum
1961 2816 2082 2853 quum
2105 2802 2222 2840 morti
2238 2801 2372 2853 proxi-

1313 2876 1397 2901 mus
1411 2871 1535 2911 esset,
1559 2877 1638 2915 quo
1655 2871 1831 2915 tempore
1849 2862 2026 2900 Cerealia
2043 2862 2254 2908 instarent,
2274 2873 2374 2898 moe-

2321 2976 2363 2985 —n

1352 3045 1418 3086 (47)
1435 3045 1484 3079 Cf.
1510 3046 1623 3086 fragm.
1645 3046 1756 3079 moral.
1779 3051 1848 3079 180.

1353 3094 1580 3135 (48)Diogenes
1596 3095 1743 3127 Laertius
1756 3094 1813 3128 lib.
1830 3096 1887 3134 lX,
1902 3096 1942 3127 43
1962 3107 1970 3127 ;
1985 3095 2176 3132 Τελευτῆσαι
2193 3093 2226 3125 δὲ
2242 3092 2295 3125 τὸν
2313 3095 2372 3130 Δη·

1311 3140 1456 3183 μόκριτὸν
1471 3152 1564 3184 φησιν
1582 3142 1761 3183 Ἕρμιππος
1777 3145 1888 3175 τοῦτον
1901 3143 1954 3175 τὸν
1970 3141 2097 3183 τρόπον.
2117 3142 2176 3181 ἤδη
2191 3141 2372 3182 ὑπέργηρων

1310 3188 1384 3221 ὄντα
1405 3190 1481 3232 πρὸς
1497 3192 1544 3231 τῷ
1562 3191 1784 3233 καταστρέφειν
1806 3191 1898 3222 εἶναι·
1909 3190 1965 3229 τὴν
1980 3189 2034 3221 οὖν
2049 3190 2179 3230 ἀδελφὴν
2196 3190 2371 3227 λυπεῖσθαι,

1310 3235 1358 3268 ὅτι
1378 3236 1408 3268 ἐν
1427 3240 1465 3278 τῇ
1479 3240 1542 3270 τῶν
1560 3237 1784 3279 Θεσμοφορίων
1798 3239 1887 3279 ἑορτῇ
1906 3238 2012 3278 μέλλοι
2028 3236 2246 3274 τεθνήξεσθαι,
2262 3236 2315 3267 καὶ
2333 3239 2370 3275 τῇ

1311 3285 1372 3325 θεῷ
1384 3284 1420 3316 τὸ
1434 3286 1572 3323 καθῆκον
1585 3285 1680 3323 αὐτὴν
1703 3284 1740 3316 οὗ
1759 3285 1919 3322 ποιήσειν·
1942 3285 1996 3316 τὸν
2012 3283 2043 3315 δὲ
2061 3283 2184 3325 θαῤῥεῖν
2206 3283 2302 3314 εἰπεῖν
2317 3283 2371 3313 καὶ

1312 3332 1458 3364 κελεῦσαι
1475 3333 1562 3375 αὐτῷ
1581 3333 1764 3375 προσφέρειν
1785 3331 1894 3373 ἄρτους
1912 3332 2040 3374 θερμοὺς
2055 3331 2227 3371 ὁσημέραι·
2244 3328 2372 3365 τούτους

1312 3379 1349 3417 δὴ
1361 3382 1428 3415 ταῖς
1443 3380 1505 3422 ῥισὶ
1523 3380 1704 3422 προσφέρων
1719 3379 1920 3419 διεκράτησεν
1937 3379 2030 3411 αὑτὸν
2043 3379 2098 3416 τήν
2115 3377 2236 3418 ἑορτήν·
2257 3376 2322 3407 ἐπεὶ
2339 3375 2373 3407 δὲ

1311 3427 1467 3466 παρῆλθον
1497 3428 1528 3458 αἱ
1550 3426 1663 3468 ἡμέραι
1696 3425 1799 3469 (τρεῖς
1827 3426 1860 3469 soff&
1880 3425 1982 3466 ἦσαν)
2017 3424 2198 3456 ἀλυπότατα
2227 3422 2279 3453 τὸν
2305 3421 2373 3462 βίον

1311 3473 1482 3514 προήκατο.
