2612 3814
263 332 340 367 458

256 413 332 453 71:20¹·
356 411 395 451 τὸ
415 414 519 461 σῶμα
540 410 738 461 κατασκευῇ
756 438 765 455 ,
784 406 923 458 ἱμάτιον
941 404 1160 457 ἐκλεγόμενοι
1177 404 1307 443 καθά·

258 486 396 525 ρειον,
442 469 685 521 ἄθρυπτον·
721 458 813 504 οἶκον
862 463 990 514 ὁμοίως
1034 463 1150 502 καθά
1165 477 1282 514 ρειον
1298 490 1308 508 ,

259 534 506 584 ἄθρυπτον
540 527 600 566 καὶ
621 532 691 564 πᾶν
715 526 825 563 ὁτιοῦν
847 525 916 561 τῶν
946 521 1026 574 περὶ
1046 522 1085 561 τὸ
1105 523 1209 570 σῶμα
1233 534 1309 558 κα·

259 591 468 640 θάρειον,
509 586 737 639 ἄθρυπτον
772 581 894 635 ἔχειν
925 581 1112 624 ἐθέλοντες.
1173 578 1309 630 Πρέπει

258 650 340 703 γάρ,
365 639 509 700 λογικῆς
529 647 644 699 ψυχῆς
663 648 722 683 τοῦ
752 641 915 692 σώματος
949 641 1165 691 ἡγουμένης,
1185 638 1245 676 καὶ
1265 636 1309 675 τὰ

258 709 340 762 περὶ
359 706 399 746 τὸ
417 708 521 756 σῶμα
543 706 658 742 πάντα
683 699 914 752 συντετάχθαι
930 699 1016 751 πρὸς
1035 698 1093 736 τὸν
1116 696 1309 749 ἡγούμενον

259 767 380 818 λόγον,
402 764 495 808 ὅστις
516 762 594 802 οὔτε
612 779 633 801 τ
648 776 725 815 ρυφ
739 763 783 807 ἧς
798 790 807 807 ,
831 757 909 797 οὔτε
928 756 1183 809 ἀκαθαρσία
1199 772 1214 800 ς
1231 755 1311 792 ἀνέ-

262 825 356 870 ξεται
368 853 378 872 ,
395 826 438 870 τῆ
459 821 536 862 κατ’
552 821 652 860 αὐτὸν
670 819 749 872 ἀξία
765 818 882 857 πάντα
901 816 1118 867 λογιζόμενος
1139 815 1208 852 δεῖν
1225 806 1312 851 εἶναι

263 867 519 934 σύμμετρα.
577 878 643 919 Ἵν’
665 871 723 916 οὖν
758 875 807 927 μὴ
836 875 1055 928 περιέλκοιτο
1087 872 1170 925 πρὸς
1190 874 1312 917 κτῆσιν

260 945 328 982 τῶν
349 942 546 981 πολυτελῶν
558 969 567 986 ,
590 939 628 977 τὸ
644 938 873 989 ἄθρυπτον
894 933 1113 982 ἐπιτηδεύει·
1133 931 1191 970 ἵνα
1210 931 1245 970 δὲ
1263 931 1312 982 μὴ

263 1001 363 1055 ῥύπῳ
384 1000 444 1038 καὶ
466 1001 569 1049 ὑλικῇ
603 996 758 1051 ἀμορφία
790 993 984 1041 συνοικοίη,
1005 992 1044 1032 τὸ
1077 991 1314 1045 καθάρειον

264 1059 457 1111 ἐκλέγεται.
517 1052 621 1104 Οἶον,
659 1055 798 1106 ἱμάτιον
831 1054 869 1092 οὗ
895 1051 1031 1100 ,λεπτὸν
1067 1050 1150 1101 μέν,
1183 1049 1315 1088 καθά-

267 1134 384 1171 ρειον
402 1116 463 1155 δέ·
494 1115 602 1162 σκεύη
637 1115 674 1154 οὐ
706 1119 825 1167 χρυσᾶ
841 1143 851 1162 ,
876 1111 952 1151 οὐδὲ
980 1114 1132 1164 ἀργυρᾶ,
1166 1111 1247 1147 ἀλλ’
1278 1110 1317 1147 ἐκ

264 1179 332 1216 τῶν
353 1174 567 1228 εὐπορίστων
587 1175 678 1212 ὑλῶν
699 1176 779 1211 καθ
794 1171 943 1225 ἀρεια·
966 1170 1077 1208 οἰκίαν
1102 1171 1140 1208 οὐ
1161 1169 1317 1207 πολυτε-

263 1236 340 1276 λέσι
359 1234 466 1279 λίθοις
483 1232 762 1284 κατηνθισμένην
777 1260 787 1280 ,
818 1230 895 1271 οὐδὲ
924 1232 1096 1283 περιττῶς
1123 1231 1171 1273 εἷς
1190 1229 1319 1271 κάλλος

265 1294 325 1334 καὶ
345 1293 486 1345 μέγεθος
513 1290 803 1346 ἐξειργασμένην,
829 1289 919 1328 ἀλλὰ
954 1289 1154 1340 σύμμετρον
1184 1289 1228 1339 τῇ
1259 1288 1318 1324 τοῦ

267 1352 428 1403 σώματος
459 1350 563 1404 χρεία
576 1382 585 1398 ,
615 1353 696 1388 καθ
710 1349 867 1402 ἄρειον
905 1348 962 1387 δέ·
1000 1350 1059 1386 καὶ
1098 1347 1185 1390 ὅλως
1222 1344 1319 1396 παρὰ

265 1416 416 1449 πᾶσαν
445 1409 507 1456 τὴν
529 1409 713 1447 δίαιταν
747 1407 787 1446 τὸ
817 1407 879 1458 μὲν
899 1405 1157 1459 τρυφηλόν,
1189 1407 1236 1448 ὡς
1254 1404 1319 1450 ἔξω

266 1473 328 1517 τῆς
346 1468 485 1522 χρείας,
502 1471 675 1520 ἀρνεῖται·
690 1466 729 1506 τὸ
746 1466 782 1505 δὲ
804 1482 825 1505 κ
839 1483 860 1505 α
872 1466 978 1518 θ·οίρε
991 1481 1001 1503 ι
1013 1481 1057 1504 ον
1071 1495 1081 1514 ,
1099 1468 1144 1509 ὡς
1165 1464 1320 1516 μάλιστα

266 1527 330 1574 τὴν
348 1525 470 1579 χρείαν
494 1527 718 1579 ἀποπληροῦν
730 1554 740 1571 ,
757 1524 922 1578 ἐγκρίνει.
984 1523 1058 1563 Καὶ
1078 1523 1145 1575 γὰρ
1162 1523 1319 1575 ἱμάτιον,

267 1586 327 1625 καὶ
348 1580 438 1629 οἶκος
451 1616 461 1634 ,
490 1584 549 1623 καὶ
569 1588 691 1628 σκεῦος
717 1583 809 1622 ἅπαν
823 1614 833 1633 ,
854 1583 932 1623 τότε
950 1582 1026 1644 *τὴν
1059 1587 1163 1622 αὑτοῦ
1198 1582 1321 1636 χρείαν

268 1645 384 1687 καλῶς
399 1642 619 1695 παρέχεται,
636 1642 718 1681 ὅταν
737 1641 935 1694 σύμμετρον
949 1644 971 1694 ἠ
989 1641 1048 1680 καὶ
1068 1657 1120 1680 κα
1132 1644 1149 1679 θ
1161 1641 1231 1694 άρε
1246 1656 1321 1681 ιον.

268 1702 314 1742 Τί
345 1701 412 1755 γὰρ
433 1701 587 1753 μεγάλου
610 1702 661 1740 δεῖ
695 1701 843 1745 πίνακος
869 1702 915 1745 εἷς
949 1700 1072 1755 μικρὸν
1096 1700 1204 1754 &pou
1233 1700 1265 1738 τί
1288 1700 1323 1739 δὲ

272 1764 445 1814 ῥυπαροῦ,
464 1760 647 1812 μέλλοντος
667 1762 824 1814 ἀφανιεῖν
844 1759 883 1799 τὸ
902 1760 1005 1813 ὄψον;
1027 1759 1136 1799 Οἴκου
1158 1759 1195 1798 δὲ
1213 1760 1324 1812 μεγά-

270 1822 332 1858 λου
351 1820 384 1858 τί
405 1820 456 1858 δεῖ
471 1825 542 1864 τοῖς
559 1819 746 1870 μέλλουσιν
767 1820 800 1858 ἐν
822 1824 887 1873 μιᾷ
903 1818 1013 1872 γωνίᾳ
1034 1820 1140 1857 αὐτοῦ
1162 1818 1324 1867 κεῖσθαι;

271 1878 304 1917 τί
340 1878 375 1917 δὲ
397 1878 616 1930 ἀκαθάρτου,
635 1877 699 1925 τὴν
727 1881 790 1926 τῆς
814 1878 984 1925 οἰκήσεως
1003 1877 1126 1931 χρείαν
1157 1880 1196 1917 οὗ
1216 1877 1324 1931 παρέ-

272 1952 416 1990 χοντος;
436 1937 489 1977 Τὸ
511 1936 545 1975 δὲ
568 1938 653 1976 αὐτὸ
671 1937 730 1976 καὶ
751 1937 808 1976 ἐπὶ
829 1940 897 1976 τῶν
919 1938 1034 1976 ἄλλων
1066 1936 1222 1990 εὑρήσεις
1243 1939 1325 1976 ἑκα·

275 2061 395 2097 litiem
412 2061 490 2096 abit
509 2061 627 2108 nimia
647 2061 855 2110 munditia,
874 2062 910 2097 in
928 2061 1059 2098 sordes
1078 2069 1201 2099 autem
1219 2069 1333 2111 atque

278 2125 554 2165 immunditiam
566 2126 682 2175 nimia
701 2126 876 2164 tenuitas.
891 2127 946 2163 Ut
964 2126 1081 2175 igitur
1094 2139 1220 2175 neque
1239 2128 1334 2164 illud

278 2184 389 2220 nobis
421 2184 572 2220 accidat
608 2192 770 2234 propter
803 2185 1028 2231 munditiam
1044 2211 1055 2231 ,
1088 2197 1213 2234 neque
1258 2186 1334 2222 hoe

277 2249 438 2292 propter
467 2244 714 2288 tenuitatem,
741 2243 855 2280 medii
886 2242 1127 2290 incedamus,
1155 2243 1336 2291 adjuncta

279 2303 431 2351 utrique
447 2302 536 2338 vitia
555 2302 786 2339 declinantes
803 2310 840 2338 et
860 2303 1020 2339 alterum
1047 2304 1168 2339 altero
1186 2310 1338 2352 tempe—

280 2367 452 2409 perantes
474 2373 483 2396 z
507 2362 557 2397 ita
578 2361 684 2397 tenui
703 2368 852 2397 utentes
868 2362 994 2410 victu,
1016 2369 1059 2397 ut
1077 2361 1255 2398 sordibus
1275 2375 1337 2399 ca-

281 2426 384 2464 reat,
407 2426 520 2467 atque
547 2420 598 2455 ita
628 2419 796 2466 mundo,
827 2427 871 2456 ut
903 2420 995 2456 luxu
1025 2428 1146 2457 vacet.
1178 2421 1336 2458 Modum

282 2478 399 2527 igitur
413 2478 452 2513 in
475 2478 578 2513 omni
595 2479 695 2514 circa
707 2491 851 2528 corpus
863 2486 1051 2528 apparatu
1066 2486 1336 2529 praeoptemus,

283 2537 458 2572 vestitum
471 2537 650 2586 eligentes
660 2538 851 2583 mundum,
863 2550 937 2574 non
948 2538 1161 2583 delicatum,
1180 2538 1339 2575 domum

240 2615 242 2617 >
283 2595 453 2631 similiter
473 2597 661 2640 mundam,
686 2608 766 2632 non
797 2598 1021 2643 delicatam,
1053 2597 1244 2646 quidquid
1272 2598 1341 2634 de-

286 2654 402 2701 nique
420 2653 468 2689 ad
489 2667 630 2702 corpus
648 2656 826 2703 pertinet,
843 2658 1031 2701 mundum,
1049 2669 1122 2692 non
1138 2658 1340 2693 dellcatum

289 2724 511 2760 comparare
542 2713 747 2752 studentes.
774 2715 900 2762 Quum
919 2716 1019 2751 enim
1047 2717 1243 2752 rationalis
1263 2717 1342 2752 ani-

288 2783 372 2809 mus
382 2771 537 2818 corpori
550 2772 675 2819 praesit
688 2799 697 2817 ,
713 2785 755 2808 ea
772 2774 886 2809 etiam
901 2774 1030 2810 omnia
1044 2787 1127 2823 quae
1141 2775 1190 2811 ad
1201 2787 1343 2824 corpus

288 2830 503 2878 pertinent,
538 2830 586 2865 ad
616 2830 722 2867 ducis
746 2833 902 2869 rationis
924 2835 1140 2882 exemplum
1162 2835 1344 2883 componi

291 2893 466 2935 oportet,
488 2899 570 2934 quae
601 2900 726 2936 neque
757 2889 891 2925 luxum
917 2903 1043 2940 neque
1073 2892 1205 2930 sordes
1223 2892 1342 2940 feret,

291 2946 420 2982 omnia
450 2944 626 2993 judicans
662 2958 736 2982 suae
769 2947 945 2998 dignitati
978 2952 1245 2988 convenientia
1269 2964 1346 2988 esse

293 3003 446 3042 debere.
467 3003 534 3039 Illa
555 3004 687 3052 igitur,
717 3017 765 3041 ne
786 3007 824 3041 in
848 3009 1050 3045 sumtuosis
1080 3010 1347 3059 comparandis

293 3061 536 3108 distrahatur,
547 3060 589 3099 id
599 3063 704 3111 quod
718 3064 860 3101 deliciis
871 3067 1146 3104 caretstudiose
1159 3070 1344 3118 sequitur,

292 3133 340 3156 ne
358 3132 448 3156 vero
466 3122 505 3156 in
533 3121 709 3158 sordibus
728 3129 842 3171 atque
861 3125 900 3159 in
920 3138 1040 3162 crassa
1058 3139 1188 3162 rerum
1218 3127 1346 3164 defor-

292 3179 423 3215 mitate
441 3180 565 3226 vivat,
585 3181 809 3218 munditiam
829 3184 933 3232 eligit
955 3197 963 3220 ε
983 3185 1093 3221 verbi
1112 3187 1254 3235 gratia,
1277 3199 1346 3223 ve-

293 3244 385 3273 stem
396 3249 474 3273 non
485 3237 687 3286 byssinam,
701 3241 878 3277 mundam
893 3254 1007 3288 vero3
1025 3255 1109 3279 vasa
1122 3256 1200 3279 non
1216 3256 1344 3291 aurea,

277 3308 373 3341 ‚non
404 3304 601 3346 argentea,
626 3297 692 3334 sed
727 3311 772 3335 ex
804 3301 965 3348 parabili
992 3303 1150 3338 materia
1178 3305 1343 3350 munda,

296 3355 455 3391 domum
474 3368 554 3392 non
569 3357 760 3406 lapidibus
777 3360 951 3408 pretiosis
966 3360 1184 3398 decoratam
1195 3389 1207 3409 ,
1223 3374 1348 3411 neque

297 3415 444 3464 egregie
462 3415 758 3464 pulchritudinis
773 3425 810 3454 et
825 3419 1086 3469 amplitudinis
1110 3421 1230 3469 gratia
1248 3428 1350 3458 stru-

299 3480 397 3509 ctam
409 3502 419 3520 ,
438 3474 505 3511 sed
519 3476 697 3525 corporis
709 3478 791 3513 usui
805 3485 930 3527 aptam
947 3486 984 3516 et
1002 3478 1182 3516 mundam
1203 3491 1213 3518 ε
1235 3488 1349 3530 atque

301 3534 457 3570 omnino
477 3535 517 3570 in
537 3542 619 3572 toto
639 3538 743 3573 victu
767 3537 971 3575 delicatum
993 3538 1110 3586 illud,
1131 3546 1174 3575 ut
1191 3539 1346 3587 inutile,

976 315 1255 357 HlEROCLlS
1285 312 1695 354 COMMENTARlUS

1371 402 1518 454 τέρωθεν
1555 401 1732 452 ἄχρηστον
1764 398 1827 446 ὄν,
1860 398 1900 438 τὸ
1936 398 1986 449 μὴ
2015 398 2105 450 μετὰ
2133 402 2192 438 τοῖι1
2219 399 2427 454 ἀτρύφου

1372 460 1634 512 καθάρειον·
1665 458 1742 510 ἅμα
1778 457 1849 511 γὰρ
1885 457 2059 511 ὓπερέὸης
2088 458 2127 497 τὸ
2160 458 2332 512 μέτρον
2363 463 2428 508 τῆς

1372 519 1515 572 χρείας,
1536 518 1597 557 καὶ
1629 518 1677 561 εἰς
1697 518 1738 556 τὸ
1766 518 1908 571 ἄπειρον
1938 518 2111 570 προῆλθες
2137 521 2199 565 τ’ἧς
2224 518 2423 570 ἐπιθυμίας.

1374 577 1437 617 Διὸ
1456 577 1571 615 πάντα
1591 575 1637 614 τὰ
1653 575 1734 628 περὶ
1754 576 1812 616 τὸν
1833 575 1906 629 βίον
1928 577 2125 631 μετρείσθω
2147 592 2201 616 σοι
2221 584 2298 622 ταῖς
2318 577 2428 630 μεσό·

1372 651 1453 683 τησι
1491 641 1566 679 ταῖς
1603 633 1870 688 διαφευγούσαις
1905 635 1966 680 τὰς
1994 635 2259 688 παρακειμένας
2287 636 2424 682 κακίας.

1374 696 1562 742 Εἰθίζου
1583 695 1628 734 δὲ
1649 696 1831 734 δίαιταν
1850 694 2000 748 ἔχειν,
2024 695 2134 749 φησί,
2150 693 2426 749 καθάρειον·

1375 750 1450 794 εἶτα
1482 757 1572 808 δρῶν
1608 754 1672 803 τὴν
1707 756 1754 800 εἷς
1780 771 1800 793 τ
1813 754 1952 808 ρυφὴν
1981 754 2155 794 ἔκπτωσιν
2167 786 2178 806 ,
2210 755 2430 810 προσέθηκεν

1376 816 1606 868 ἄθρυπτον
1621 829 1629 838 ·
1651 814 1712 852 καὶ
1732 815 1762 852 εἷ
1783 814 2012 866 ἄθρυπτον
2033 813 2257 867 προειρήκει,
2279 807 2367 855 εἶδεν
2386 813 2429 855 ἂν

1375 873 1433 912 καὶ
1457 873 1521 920 τὴν
1555 874 1602 918 εἷς
1636 873 1743 926 ῥύπον
1774 872 1999 920 ἀπόπτωσιν,
2035 872 2094 911 καὶ
2116 872 2274 925 ἐπήγαγε
2292 874 2432 915 καθοί-

1378 949 1443 986 ρει
1457 949 1474 972 ο
1488 950 1504 971 ν
1518 949 1526 958 ·
1542 934 1595 972 ἀεὶ
1615 936 1677 972 τοῦ
1698 933 1885 984 πτώματος
1914 931 2048 986 ἀνέχων
2064 935 2108 984 τῇ
2126 935 2189 971 τοῦ
2208 931 2327 987 ἐτέρου
2345 933 2433 987 πρὸς

1377 994 1416 1032 τὸ
1444 991 1559 1046 ἕτερον
1587 993 1782 1040 ἀντιθέσει,
1809 990 1854 1030 ἵν’
1887 990 1922 1037 ἐξ
1955 991 2161 1046 ἀμφοτέρων
2199 990 2376 1045 ἀνδρώδης
2408 996 2430 1039 ἠ
2456 986 2466 996 ’

1378 1052 1529 1091 δίαιτα
1564 1047 1586 1104 ἦ
1597 1083 1606 1098 ,
1628 1052 1689 1091 καὶ
1719 1054 1851 1104 λογικῷ
1883 1051 1961 1104 ζώῳ
1991 1050 2193 1100 πρέπουσα.
2254 1051 2363 1092 Οὕτω
2395 1050 2433 1091 δὲ

1377 1111 1542 1156 τάξαντες
1562 1113 1618 1149 τὸν
1646 1114 1738 1163 βίον,
1755 1110 1813 1148 καὶ
1843 1109 1930 1148 ἄλλο
1949 1125 1982 1147 τι
2002 1108 2173 1159 ἑπόμενον
2187 1107 2279 1162 μέγα
2300 1109 2433 1162 ἀγαθὸν

1378 1171 1512 1221 ἕξομεν.
1569 1171 1640 1210 Τὸν
1660 1170 1727 1222 γὰρ
1745 1168 1974 1222 ἐπιφυόμενον
1987 1175 2057 1213 τοῖς
2077 1169 2337 1222 ὓπερὸἄλλουσι
2351 1169 2435 1224 φθό-

1379 1246 1435 1269 νον
1458 1230 1687 1283 διαφύγοιμεν
1719 1228 1760 1267 ἄν
1775 1259 1786 1279 ,
1808 1230 1858 1281 τῷ
1893 1244 1949 1279 μη
1967 1228 2034 1267 δὲν
2057 1228 2171 1280 ἄγαν
2196 1229 2236 1267 οὖ
2262 1231 2437 1274 κινοῦντες

1381 1291 1458 1328 καθ’
1478 1291 1580 1339 ἡμῶν
1606 1291 1720 1327 αὐτῶν
1752 1286 1829 1332 τοὺς
1857 1286 2240 1339 συμπολιτευομένους,
2266 1286 2357 1327 ὥστε
2375 1291 2436 1327 ν’ὕν

1383 1348 1446 1400 μὲν
1466 1354 1615 1399 νεμεσᾶν
1625 1378 1635 1396 ,
1649 1350 1696 1392 ὡς
1709 1364 1729 1386 τ
1742 1363 1760 1399 ρ
1771 1363 1822 1402 υφ
1836 1350 1864 1386 ῶ
1876 1363 1948 1386 σιν
1963 1350 2048 1398 ἡμῖν
2060 1377 2069 1394 ,
2084 1351 2142 1386 ν’ῠν
2164 1347 2200 1387 δὲ
2221 1347 2436 1401 μέμφεσθαι,

1382 1411 1428 1451 ὡς
1448 1410 1601 1461 ῥυπῶσι·
1624 1407 1683 1446 καὶ
1703 1406 1759 1445 ὁτὲ
1781 1406 1844 1458 μὲν
1866 1409 1913 1450 ὡς
1931 1406 2079 1450 ἀσώτοις
2105 1407 2290 1457 ἐγκαλεῖν,
2312 1405 2371 1445 ὁτὲ
2399 1405 2438 1445 δὲ

1382 1468 1427 1509 ὡς
1449 1464 1682 1518 μικρολόγοις.
1740 1467 1838 1505 Πᾶσι
1853 1464 1920 1518 γὰρ
1939 1470 2011 1509 τοῖς
2026 1465 2189 1509 τοιούτοις
2201 1463 2323 1504 ἕπεται
2339 1465 2440 1518 παρὰ

1383 1527 1452 1562 τῶν
1476 1523 1659 1570 συζώντων
1692 1526 1714 1571 ἡ
1739 1523 1798 1564 ἐπὶ
1823 1527 1867 1577 τῇ
1889 1527 2003 1575 ἀμετ
2019 1523 2053 1576 ρί
2067 1540 2090 1578 ᾳ
2120 1524 2266 1579 μέμψις.
2324 1526 2442 1565 Τοῦτο

1383 1583 1451 1637 γὰρ
1469 1587 1530 1623 νῦν
1553 1586 1571 1622 ὁ
1592 1599 1615 1636 φ
1628 1587 1645 1622 θ
1657 1582 1702 1622 όν
1715 1599 1759 1627 ος
1776 1583 1893 1632 δηλοῖ,
1919 1582 1966 1622 ἵν’
1981 1577 2005 1636 ᾗ
2021 1583 2061 1623 τὸ
2077 1583 2288 1636 λεγόμενον,
2305 1599 2357 1623 πε
2370 1583 2441 1636 φύ-

1383 1642 1488 1688 λαξο
1511 1645 1706 1681 τοιαῦτα
1738 1643 1911 1695 ποιεῖν,
1935 1642 2080 1682 ὁπόσα
2112 1642 2275 1697 φθόνον
2293 1641 2440 1696 ἴσχει,

1384 1701 1490 1753 ἤγουν
1511 1701 1645 1754 μέμψιν
1669 1699 1811 1752 εὔλογον
1841 1703 1915 1755 ἔχει
1933 1700 2033 1754 παρὰ
2051 1698 2304 1745 τῶν’πολλῶν.
2335 1703 2443 1754 Μεμ-

1386 1760 1457 1800 πτὰ
1482 1759 1540 1808 δέ,
1562 1759 1653 1798 κατὰ
1672 1759 1732 1798 τὸν
1754 1758 1857 1813 λόγον
1885 1760 1946 1799 καὶ
1964 1759 2043 1804 τοὺς
2062 1759 2234 1810 πολλούς,
2254 1761 2289 1800 ἐν
2308 1759 2372 1813 μὲν
2396 1763 2442 1813 τῇ

1387 1819 1548 1872 διαίτῃ
1568 1818 1712 1874 τρυφὴ
1732 1819 1792 1858 καὶ
1816 1820 1921 1873 ῥύπος
1936 1850 1946 1867 ,
1969 1820 2003 1857 ἐν
2021 1819 2057 1858 δὲ
2073 1822 2117 1873 τῇ
2139 1819 2278 1872 δαπάνῃ
2298 1819 2444 1873 χρημά·

1387 1894 1477 1929 των,
1495 1879 1632 1917 ἀσωτία
1656 1879 1717 1917 καὶ
1747 1878 1971 1932 μικρολογία.
2030 1877 2093 1918 Διὸ
2113 1877 2351 1931 ἐλευθεριότης
2382 1878 2444 1918 καὶ

1387 1954 1435 1977 συ
1447 1939 1639 1992 μμετρία
1657 1939 1827 1978 δεικνύτω
1856 1939 1914 1978 διὰ
1934 1942 2003 1978 τῶν
2020 1938 2119 1983 ἐκτὸς
2138 1939 2283 1978 πάντων
2299 1939 2363 1987 τὴν
2381 1938 2444 1990 ἔμ-

1393 2064 1558 2112 respuit,
1575 2065 1752 2100 mundum
1772 2077 1879 2110 vero,
1900 2066 2043 2114 quippe
2063 2065 2170 2113 quod
2190 2065 2275 2101 usui
2291 2064 2446 2102 abunde

1392 2122 1610 2169 satisfaciat,
1646 2122 1793 2172 deligit.
1824 2124 1975 2160 Etenim
2006 2118 2226 2161 'vestimenta
2246 2131 2284 2161 et
2309 2123 2447 2160 domus

1394 2190 1431 2219 et
1449 2183 1619 2232 supellex
1634 2184 1755 2219 omnis
1770 2190 1849 2219 tum
1868 2196 2047 2233 magnum
2062 2184 2120 2220 sui
2136 2196 2243 2220 usum
2258 2184 2446 2233 praebent,

1395 2254 1514 2290 quum
1548 2242 1814 2278 convenientia
1843 2250 1932 2279 sunt
1963 2250 2001 2279 et
2030 2243 2189 2281 munda.
2211 2243 2313 2290 Quid
2346 2243 2444 2280 enim

1396 2301 1500 2337 disco
1521 2313 1616 2349 opus
1637 2308 1692 2338 est
1704 2313 1858 2350 magno,
1871 2302 1940 2338 ubi
1963 2302 2112 2350 opsonii
2133 2301 2449 2351 parum?quidve

1395 2360 1594 2396 immundo
1606 2389 1616 2409 ,
1639 2361 1705 2409 qui
1723 2361 1925 2409 opsonium
1945 2361 2191 2409 corrumpat?
2207 2361 2308 2408 Quid
2324 2367 2450 2397 autem

1397 2418 1514 2454 domo
1534 2431 1669 2468 magna
1688 2420 1761 2456 illis
1775 2432 1871 2470 opus
1890 2427 1964 2465 est,
1983 2421 2050 2468 qui
2065 2411 2107 2455 in
2119 2431 2198 2455 uno
2213 2419 2293 2467 ejus
2310 2419 2451 2469 angulo

1393 2476 1600 2525 jacebunt?
1620 2479 1763 2528 quidve
1779 2479 1932 2516 sordida
1947 2507 1957 2524 ,
1976 2491 2059 2527 quae
2079 2479 2327 2516 habitationis
2341 2491 2450 2515 usum

1396 2549 1477 2573 non
1495 2538 1692 2586 praebeat?
1711 2538 1820 2576 Idem
1842 2539 1882 2574 in
1902 2539 2044 2574 caeteris
2075 2550 2231 2586 quoque
2258 2539 2453 2587 utrimque

1398 2596 1532 2633 inutile
1560 2598 1749 2646 reperies,
1772 2598 2025 2634 defectionem
2052 2598 2139 2634 dico
2168 2598 2258 2633 luxu
2287 2597 2455 2634 vacantis

1398 2655 1620 2702 munditiae3
1645 2658 1872 2705 simulatque
1902 2658 2003 2693 enim
2033 2669 2121 2693 usus
2139 2656 2299 2692 modum
2324 2667 2454 2694 exces-

1399 2715 1501 2760 sisti,
1523 2715 1572 2751 ad
1591 2716 1819 2765 cupiditates
1837 2715 2000 2755 infinitas
2027 2727 2250 2764 progressus
2268 2727 2320 2753 es.
2341 2716 2453 2763 Quo-

1401 2775 1503 2810 circa
1536 2775 1618 2811 vitae
1649 2787 1709 2812 res
1743 2788 1873 2812 omnes
1905 2776 2072 2812 metiaris
2100 2787 2143 2811 ea
2161 2774 2451 2818 mediocritate,

1403 2846 1486 2882 quae
1508 2834 1600 2870 vitia
1622 2833 1785 2870 declinet
1817 2835 1955 2873 vicina.
1990 2835 2136 2870 Mundo
2165 2845 2281 2878 vere,
2303 2833 2452 2880 inquit,

1405 2895 1504 2928 victu
1523 2896 1579 2928 uti
1596 2905 1764 2928 assuesce
1770 2905 1784 2936 ;
1805 2892 1942 2928 deinde
1960 2893 2242 2941 prolapsionem
2260 2892 2301 2927 in
2326 2892 2455 2927 luxum

1404 2951 1709 2988 animadvertens
1733 2950 1841 2987 addit
1871 2964 1945 2987 non
1973 2952 2138 2986 delicato
2169 2962 2180 2985 .-
2215 2949 2352 2998 quodsi
2381 2962 2458 2986 non
2496 2990 2503 2997 ,

1403 3011 1567 3047 delicato
1585 3011 1690 3060 prius
1714 3009 1889 3055 dixisset,
1906 3009 2190 3058 prolapsionem
2222 3007 2311 3044 inde
2344 3007 2456 3044 etiam

1405 3071 1444 3106 in
1465 3071 1591 3106 sordes
1606 3069 1739 3111 ‚videns
1757 3068 1962 3105 addidisset
1978 3068 2131 3112 mundo,
2149 3079 2170 3103 a
2183 3067 2290 3116 lapsu
2309 3078 2460 3115 semper

1405 3141 1535 3166 arcens
1553 3129 1713 3165 alterum
1732 3128 1839 3164 alteri
1858 3126 2092 3176 opponendo
2104 3154 2113 3171 ‚
2135 3133 2179 3161 ut
2204 3138 2250 3162 cx
2270 3125 2460 3162 ambobus

1404 3187 1528 3223 victus
1561 3187 1680 3223 virilis
1710 3192 1930 3233 naturaeque
1961 3184 2185 3233 intelligenti
2230 3185 2462 3220 conveniens

1407 3253 1564 3284 constet.
1601 3245 1660 3284 Ita
1689 3257 1780 3282 vero
1811 3245 1927 3280 vitam
1960 3250 2129 3280 nostram
2163 3245 2400 3280 instituentes
2421 3249 2459 3279 et

1406 3304 1511 3341 aliud
1531 3305 1725 3353 quoddam
1748 3305 1878 3353 ingens
1912 3303 2057 3339 bonum
2079 3303 2356 3339 nanciscemur.
2394 3303 2458 3338 In·

1407 3364 1548 3401 vidiam
1567 3366 1667 3402 enim
1680 3392 1690 3410 ,
1712 3376 1796 3412 quae
1814 3362 1942 3399 nimiis
1962 3363 2076 3399 rebus
2098 3362 2318 3399 adhaerescit
2331 3389 2342 3409 ,
2363 3362 2463 3398 vita-

1406 3423 1555 3470 bimus,
1576 3422 1819 3472 providendo
1838 3435 1886 3458 ne
1905 3422 1999 3470 quid
2023 3425 2135 3458 nimis
2155 3422 2203 3458 sit
2221 3422 2361 3458 civium
2388 3433 2463 3456 no-

1407 3489 1573 3519 strorum
1592 3483 1634 3520 in
1658 3495 1730 3519 nos
1751 3481 1839 3519 odia
1870 3494 1949 3517 non
1970 3482 2022 3517 ita
2042 3482 2267 3527 excitantes,
2289 3487 2333 3516 ut
2350 3477 2463 3516 nobis

1407 3543 1526 3579 modo
1562 3541 1804 3589 irascantur,'
1824 3548 2007 3590 tanquam·
2043 3542 2132 3576 luxu
2168 3538 2460 3588 dffluentibus,
