2612 3814
291 247 367 282 404
1154 247 1337 288 OCELLI
1368 249 1559 290 LUCANI

289 328 350 376 τὴν
369 328 483 382 ὼυχῆν
498 329 557 368 καὶ
582 330 790 382 ὁμοιοτάτην
800 332 988 380 ,’ἔπίδοξον
1010 335 1061 372 effi
1077 333 1168 388 γένει
1185 334 1243 382 ἢ“
1231 351 1333 388 υπερ·

288 387 488 440 χρήματον.
553 389 745 443 Τοιγάρτοι
779 391 857 430 ἀντὶ
892 392 1096 446 συμφωνίας
1128 393 1333 447 διαφωνίαν,

287 446 347 485 καὶ
373 447 449 485 ἀντι
470 447 708 501 ὁμοφροσύνης
737 450 989 504 διχοφροσύνην
1016 453 1333 500 κατασκευάζουσι,

286 506 364 558 περὶ
380 506 568 562 ἡγεμονίας
587 508 844 560 διαμαχόμενοι
863 509 948 561 πρὸς
965 510 1148 557 ἀλλήλους.
1204 510 1247 550 ‘ll
1269 510 1332 560 μὲν

285 564 353 616 γὰρ
370 564 589 617 υπερέχουσα
609 566 748 620 πλούτῳ
765 582 826 606 και
852 569 943 619 γένει
974 568 1034 606 καὶ
1067 569 1176 620 φίλοις
1209 569 1330 621 ἄρχειν

284 624 502 676 προαιρεῖται
521 628 581 663 τοῦ
602 625 723 677 ἀνδρὸς
743 626 839 678 παρὰ
853 627 911 665 τὸν
934 629 996 674 τῆς
1015 626 1148 679 φύσεως
1168 627 1285 678 νόμον·
1310 630 1327 666 ὁ

285 681 322 720 δέ
340 697 379 734 γε
402 682 660 735 διαμαχόμενος
688 683 846 733 δικαίως,
878 684 938 723 καὶ
967 685 1005 723 οὗ
1028 684 1205 738 δεύτερος,
1239 685 1331 722 ἀλλὰ

283 743 419 794 πρῶτος
439 741 546 780 θέλων
578 735 683 790 εἶναι,
713 743 877 782 ἀδυνατεῖ
906 745 968 790 τῆς
995 740 1184 816 ἡγεμονίας
1216 743 1328 816 ἐφικέ·

283 803 378 840 σθαι.
433 801 455 851 S
477 809 512 840 7.
548 794 619 839 (Ων
637 802 679 848 δὴ
701 802 893 853 γενομένων
913 803 951 840 οὗ
984 802 1087 852 μόνον
1116 817 1194 845 τους
1217 802 1331 846 οἴκους

283 859 557 910 κακοδαίμονας,
585 860 676 898 ἀλλὰ
703 861 763 899 καὶ
788 860 849 904 τὰς
876 861 993 904 πόλεις
1014 859 1201 910 συμὸαίνει
1227 861 1331 912 γενέ-

283 920 376 956 σθαι.
409 918 512 970 Μέρη
530 917 596 971 γὰρ
615 920 682 957 τῶν
701 919 833 958 πόλεων
849 921 879 957 οἳ
897 913 998 967 οἶκοι,
1019 920 1088 957 ἐκ
1070 918 1105 957 οὲ
1123 921 1190 957 τῶν
1211 923 1328 973 μερῶν

281 979 303 1023 ἡ
324 981 383 1015 τοῦ
408 976 488 1015 δ’λου
507 978 567 1017 καὶ
598 993 657 1016 του
686 978 815 1023 παντὸς
833 979 998 1023 σύνθεσις·
1025 978 1114 1022 εἷκος
1133 972 1191 1017 ουν
1224 981 1328 1018 ὁποῖα

279 1035 323 1074 τὰ
341 1035 429 1089 μέρη
447 1035 676 1088 τυγχάνουσιν
697 1037 803 1088 ὄντα,
816 1037 877 1075 καὶ
898 1037 936 1075 τὸ
954 1037 1032 1076 ὅλον
1049 1036 1110 1075 καὶ
1126 1037 1164 1076 τὸ
1179 1045 1265 1085 πᾶν,
1288 1054 1329 1077 το

279 1097 317 1134 ἐκ
337 1094 499 1133 τοιούτων
519 1095 792 1147 συντεθειμένον,
807 1099 959 1136 τοιοῦτον
974 1089 1076 1135 εἶναι.
1151 1097 1172 1147 5
1195 1104 1232 1135 8.
1256 1097 1326 1136 Καὶ

278 1155 312 1191 ἐν
345 1160 419 1197 ταῖς
459 1153 597 1207 τέχναις
629 1154 665 1193 δὲ
710 1157 745 1193 αἱ
783 1157 922 1209 πρῶται
961 1154 1142 1205 οἷκοδομαὶ
1185 1156 1324 1207 μεγάλα

277 1217 476 1265 συνεργοῦσι
515 1213 601 1267 πρὸς
639 1213 680 1252 τὸ
718 1215 835 1258 καλῶς
871 1213 894 1260 ἢ
935 1214 974 1254 τὸ
1009 1217 1126 1259 κακῶς
1168 1215 1207 1253 τὸ
1244 1214 1322 1254 δ’λον

276 1271 374 1324 ἔργον
416 1274 695 1321 συντελεσθῆναι·
727 1267 796 1312 οἷον
834 1274 891 1311 ἐπὶ
931 1274 995 1325 μὲν
1028 1273 1226 1323 οἰκοδομίας
1268 1277 1324 1312 θε-

276 1331 394 1382 μελίου
424 1332 616 1381 καταὸολή·
638 1331 697 1371 ἐπὶ
733 1331 769 1373 δὲ
800 1333 999 1385 ναυπηγίας
1030 1332 1163 1386 τρόπις·
1194 1332 1252 1372 ἐπὶ
1286 1333 1322 1371 δὲ

275 1394 496 1464 συναρμογῆς
536 1392 596 1431 καὶ
639 1392 844 1443 μελοποιίας
879 1393 978 1438 τάσις
1021 1396 1136 1447 φωνῆς
1168 1392 1228 1431 κα1ι
1261 1393 1323 1441 λῆ-

274 1449 333 1495 ξις·
349 1450 456 1495 οὕτως
476 1445 535 1490 οὖν
556 1452 616 1490 καὶ
635 1453 692 1491 ἐπὶ
719 1452 895 1497 πολιτείας
920 1452 1174 1504 εὐνομουμένης
1200 1469 1238 1491 τε
1259 1453 1319 1492 καὶ

272 1510 578 1561 κακονομουμένης
617 1510 719 1550 οἴκων
760 1512 975 1556 κατάστασις
1013 1528 1076 1551 και
1114 1511 1318 1572 συναρμογὴ

274 1567 423 1620 μέγιστα
444 1569 648 1619 συμὸάλλετ
651 1585 700 1610 αι.
757 1571 779 1620 S
798 1577 837 1609 9.
860 1570 950 1622 Περὶ
970 1570 1138 1621 γενέσεως
1158 1573 1217 1609 οὖν
1238 1586 1322 1609 σκο-

270 1627 461 1678 πουμένους
486 1627 569 1665 τάδε
592 1627 662 1699 χρὴ
681 1628 858 1680 πράττειν·
879 1628 1028 1667 καθόλου
1048 1627 1111 1679 μὲν
1133 1627 1174 1675 δὴ
1191 1627 1319 1682 φυλάτ-

270 1689 389 1724 τεσθαι
403 1686 471 1739 χρὴ
491 1693 560 1724 πᾶν
582 1686 621 1725 τὸ
642 1686 804 1737 ἀνόμοιον
828 1687 886 1726 καὶ
908 1687 1038 1732 ἀτελές·
1061 1687 1141 1727 οὔτε
1159 1687 1227 1740 γὰρ
1249 1690 1318 1726 τῶν

269 1747 382 1796 φυτῶν
413 1745 458 1784 τὰ
489 1746 616 1792 ἀτελῆ,
636 1744 715 1784 οὔτε
739 1748 807 1784 τῶν
840 1746 937 1792 ζώων
965 1746 1127 1799 εὔκαρπα
1156 1746 1312 1798 γίνεται,

270 1803 361 1842 ἀλλὰ
383 1805 432 1842 δεῖ
449 1805 607 1856 γενέσθαι
628 1804 706 1843 τινὰ
722 1804 846 1858 χρόνον
867 1805 952 1858 πρὸς
973 1805 1034 1850 τὰς
1050 1807 1291 1858 καρποφορίας
1309 1834 1318 1854 ,

268 1915 438 1948 benkeesio
459 1916 595 1948 collatus
612 1917 709 1958 atque
725 1916 798 1949 edd.
825 1918 907 1949 nan.
927 1919 959 1950 et
976 1918 1132 1950 Vizzanii.
1153 1917 1314 1949 Posterior

269 1963 373 1995 tamen
394 1962 471 2002 legit
486 1963 538 1995 καὶ
563 1963 812 2006 ὑπερχρήματον,
832 1966 910 2005 Nog.
936 1964 1170 2005 ὑποχρήμοιτον,
1192 1962 1263 1995 Gal.
1283 1963 1315 1995 et

270 2012 419 2050 Dargens.
439 2011 668 2052 περιχρήματον
686 2012 718 2043 et
733 2011 783 2043 ed.
802 2013 923 2044 Lovan.
942 2012 1020 2052 ἥπερ
1038 2012 1209 2053 χρήματον.

307 2069 404 2099 συμφ.
420 2057 503 2098 διατι.
523 2059 576 2089 καὶ
596 2057 683 2099 ἀντὶ]
710 2058 827 2091 desunt
854 2059 1124 2099 typographorum
1145 2066 1253 2090 errore
1278 2056 1310 2088 in

266 2104 406 2136 Vizzanii
422 2106 511 2137 textu
521 2117 530 2145 ;
541 2114 615 2137 nam
628 2105 934 2146 ininterpretatione
947 2106 1015 2138 naec
1027 2105 1122 2138 verba
1138 2104 1308 2145 expressit.

306 2152 367 2183 ὁδε·
383 2162 418 2191 γε
437 2151 685 2194 διαμαχόμενος]
708 2152 801 2185 codd.
824 2154 911 2185 Parr.
932 2162 1045 2185 omnes
1065 2161 1124 2184 nec
1151 2161 1215 2184 non
1236 2154 1311 2188 Vat,

264 2202 296 2233 et
312 2201 423 2233 Barth.
442 2201 539 2241 atque
561 2199 635 2233 edd.
660 2202 779 2234 Lovan.
799 2202 886 2234 Batt.
913 2201 1013 2242 Rud.;
1036 2201 1067 2233 in
1083 2200 1211 2233 caeteris
1230 2199 1312 2232 desi·

263 2247 392 2280 deratur
408 2258 455 2288 γε.

304 2295 397 2327 θέλων
412 2294 508 2336 εἶναι]
518 2294 612 2326 codd.
626 2296 716 2327 Parr.
735 2297 772 2329 A.
788 2297 881 2336 etc.;
894 2296 948 2328 sed
968 2296 1042 2328 cod.
1056 2298 1091 2328 Β.
1112 2297 1189 2329 εἶναι
1202 2296 1310 2328 θέλων.

303 2341 481 2385 ἐφικέσθαι]
497 2341 550 2375 Sic
573 2342 667 2374 codd.
696 2345 790 2376 Parr.
811 2346 848 2375 A.
873 2345 906 2375 et
933 2344 971 2376 C.
1002 2345 1098 2384 atque
1130 2344 1206 2376 edd.
1230 2345 1310 2382 Nog.

263 2390 391 2422 Comm.
414 2389 498 2421 Batt.
520 2390 653 2430 Lovan.;
669 2390 723 2422 sed
740 2390 813 2422 cod.
834 2392 908 2423 Par.
925 2391 960 2423 B.
978 2392 1009 2422 et
1027 2391 1112 2423 vatt.
1130 2400 1148 2422 a
1162 2391 1312 2423 Vizzanio

261 2437 388 2468 excussi
410 2436 587 2478 ἀφικέσθαι.

301 2483 319 2524 §
340 2485 369 2516 7.
385 2483 428 2515 ὧν
445 2483 503 2525 δὴ]
528 2483 599 2516 cod.
626 2485 699 2516 Vat.
727 2493 780 2525 ap.
807 2485 937 2518 Vizzan.
956 2486 990 2518 et
1007 2485 1156 2518 Siebenk.
1180 2486 1212 2517 et
1240 2487 1309 2517 Par.

262 2531 286 2561 C
301 2554 310 2570 ,
330 2539 469 2570 quocum
491 2531 638 2570 congruit
660 2531 758 2564 editio
788 2533 910 2564 Lovan.
942 2533 1063 2564 Contra
1089 2531 1186 2564 codd.
1218 2533 1308 2564 Parr.

262 2581 298 2608 A.
321 2580 352 2608 et
370 2578 406 2608 B.
426 2577 469 2608 ὧν
493 2578 526 2609 δὲ
553 2579 647 2610 male.
675 2581 742 2611 Hoc
760 2581 868 2612 autem
890 2580 922 2611 in
940 2579 1089 2612 omnibus
1101 2578 1174 2611 edd.
1196 2580 1312 2618 pra-ter

263 2623 520 2663 Rudolphianam
545 2625 671 2664 legitur.

302 2670 354 2701 καὶ
371 2673 426 2702 τοῦ
448 2671 559 2707 παντὸς
584 2671 691 2713 συνθ.]
711 2672 804 2705 codd.
828 2674 918 2705 Parr.
943 2677 980 2705 Α.
1006 2674 1037 2704 et
1061 2674 1109 2711 3.,
1135 2672 1232 2712 atque
1267 2672 1311 2704 ita

261 2717 429 2749 ediderunt
454 2717 587 2749 Vizzan.
613 2718 685 2750 Gal.
716 2720 870 2759 Dargens.
903 2720 1078 2760 Rudolph3
1111 2720 1164 2751 καὶ
1197 2720 1311 2756 παντὸς

262 2765 348 2796 euve.
369 2764 436 2796 sine
453 2765 589 2797 articulo
605 2765 677 2798 cod.
695 2768 766 2798 Par.
784 2768 822 2799 C.
840 2768 937 2808 atque
950 2767 1022 2800 edd.
1041 2769 1161 2800 Lovan.
1181 2769 1308 2799 Comm.

260 2812 392 2844 Battaes.

301 2859 372 2891 ὅλον
393 2860 445 2890 καὶ
461 2860 497 2891 τὸ
516 2859 599 2901 πᾶν]
617 2859 710 2893 codd.
735 2862 815 2893 Part·
831 2873 840 2901 ;
870 2862 940 2894 ὅλον
958 2863 1011 2894 καὶ
1036 2865 1097 2894 πᾶν
1114 2862 1166 2894 ed.
1187 2864 1307 2894 Lovan.

300 2906 337 2938 ἐκ
355 2905 524 2947 τοιούτων]
547 2906 578 2938 in
610 2906 760 2940 omnibus
792 2908 987 2940 membranis
1009 2912 1056 2940 est
1087 2910 1204 2948 praeter
1233 2911 1307 2942 Vat.

260 2952 314 2984 ubi
334 2953 486 2985 Vizznnio
499 2954 581 2986 teste
594 2955 700 2986 exstat
716 2954 747 2986 ἐν
766 2955 900 2995 τούτων,
921 2955 1008 2996 quod
1023 2956 1252 2996 corrigendum
1275 2957 1306 2988 in

259 3010 294 3031 ἔκ
306 3011 436 3032 τουτων.

300 3047 493 3087 συντεθειμέ·
497 3047 549 3089 ον]
563 3046 747 3087 scripsimus
765 3056 822 3088 pro
838 3048 966 3088 vulgato
981 3050 1206 3090 συντιθέμενον,
1221 3049 1306 3090 quod

259 3093 290 3124 in
312 3093 472 3134 plerisque
497 3093 593 3125 codd.
613 3095 645 3126 et
671 3095 822 3126 omnibus
838 3095 910 3127 edd.
932 3096 1100 3136 reperitur.
1119 3099 1145 3129 E
1161 3099 1234 3130 Vnt.
1258 3099 1306 3129 at-

257 3139 332 3172 tulit
350 3140 590 3172 Siebenkeesius
606 3142 835 3182 συντεθεμένον,
850 3142 935 3183 quod
959 3143 1129 3184 scripturae
1150 3144 1304 3176 mendum

257 3190 304 3219 est
317 3195 374 3228 pro
393 3189 632 3229 συντεθειμένον.

205 3246 209 3250 ·
251 3249 254 3257 .
299 3233 318 3276 §
338 3236 368 3266 8.
388 3235 419 3266 ἐν
443 3239 511 3271 ταῖς
524 3236 646 3276 τέχναις
654 3235 776 3277 ]codd.
802 3238 893 3270 Parr.
916 3239 949 3269 et
966 3238 1039 3270 Vat.
1056 3247 1153 3278 quem
1173 3240 1306 3271 secutus

257 3284 306 3314 est
322 3281 534 3322 Rudolpnus,
552 3282 583 3314 ἐν
606 3286 674 3318 ταῖς
688 3284 826 3325 πρώταις
846 3283 968 3324 habent
981 3284 1055 3316 edd.
1076 3287 1197 3317 Lovan.
1213 3286 1303 3319 vizz.

258 3331 340 3362 Batt.
365 3331 398 3360 et
415 3328 536 3360 incluso
552 3329 689 3361 articulo
707 3333 837 3363 Comm.
857 3331 927 3363 Gal.
947 3331 1203 3364 Rotermundus.

295 3377 371 3417 πρὸς
389 3376 423 3407 τὸ
440 3377 542 3412 καλῶς
558 3376 578 3415 ἢ
595 3376 630 3408 τὸ
647 3375 773 3418 κακῶς]
791 3377 884 3409 codd.
907 3378 970 3409 tres
993 3379 1080 3410 Parr.
1103 3380 1201 3419 atque
1225 3379 1300 3412 edd.

255 3423 345 3454 Vizz.
366 3426 397 3455 ct
417 3425 563 3463 Battaes.;
578 3423 675 3463 vulgo
696 3424 769 3466 πρὸς
796 3424 832 3456 τὸ
845 3426 947 3460 καλῶς
961 3426 980 3463 ἢ
1001 3429 1127 3466 κακῶς,
1141 3425 1303 3467 inquibus

255 3470 358 3503 verbis
369 3471 587 3503 Commelinus
601 3469 773 3503 articulum
793 3471 884 3503 uncis
905 3471 1046 3503 inclusit.

1395 336 1587 378 adiungunt,
1603 339 1703 380 atque
1728 349 1804 374 cum
1822 351 1904 376 uxor
1922 343 2035 378 eodem
2063 345 2162 380 modo
2183 347 2327 381 animata
2343 357 2382 382 sc
2399 350 2444 384 si-

1395 395 1538 429 millimis
1565 397 1709 431 moribus
1751 402 1926 443 conspicue
1957 402 2106 438 ducenda
2139 409 2242 447 esset.
2274 407 2444 444 nobilitate

1395 457 1605 495 praestantem
1624 459 1682 490 aut
1698 458 1821 493 divitiis
1835 461 2022 497 attinentem
2043 463 2181 499 ducunt.
2218 466 2441 506 Quamobrem

1394 526 1451 558 pro
1472 518 1643 551 concordia
1656 519 1866 564 discordiam,
1883 531 1939 565 pro
1953 533 2110 561 consensu
2131 527 2363 562 dissensionem
2380 529 2444 565 sibl

1395 578 1520 616 parant,
1539 577 1699 619 siquidem
1722 580 1856 614 maritus
1881 586 1914 616 et
1931 592 2013 617 uxor
2041 585 2123 619 inter
2140 595 2175 620 se
2192 586 2232 620 de
2258 588 2442 630 principatu

1393 635 1604 670 contendunt.
1649 639 1730 676 Quae
1746 640 1832 673 enim
1860 641 1975 675 muller
1990 643 2131 685 divitiis,
2151 655 2267 687 genere
2284 650 2316 679 et
2331 647 2446 682 amicis

1391 694 1575 736 antecellit,
1603 695 1764 738 imperare
1784 699 1855 732 viro
1883 705 1999 734 contra
2017 705 2145 738 naturoe
2166 704 2252 746 leges
2273 706 2413 741 intendit
2433 716 2443 739 t

1391 755 1423 786 at
1451 754 1504 787 ille
1522 779 1531 794 ,
1549 755 1698 797 tametsi,
1717 758 1753 790 ut
1781 766 1838 799 par
1861 762 1930 800 est,
1959 763 2138 803 repugnet,
2166 764 2286 805 quippe
2313 763 2445 807 qnipri·

1391 822 1499 853 mum,
1514 822 1579 846 nou
1604 814 1788 848 secundum
1811 816 1916 850 locum
1934 819 2044 852 tenere
2063 821 2158 861 velit,
2179 822 2320 856 nancisci
2335 823 2444 857 tamen

1392 873 1607 914 principatum
1636 873 1726 907 nullo
1751 875 1849 908 modo
1876 878 1993 917 potest.
2020 878 2040 920 §
2064 881 2096 911 7.
2118 881 2204 918 Qnae
2232 881 2363 922 quidem
2390 890 2444 916 res

1389 941 1490 973 quum
1507 932 1678 974 eveniunt,
1703 943 1768 967 non
1789 934 1922 969 familiae
1947 939 2074 970 tantum
2099 939 2132 971 et
2155 938 2297 981 domus,
2329 947 2442 974 verum

1388 992 1485 1024 etiam
1508 992 1660 1026 civitates
1683 993 1825 1027 infelices
1854 994 2030 1029 reddantur
2046 1005 2176 1031 necesse
2191 1000 2254 1030 est.
2312 999 2444 1033 Domus

1387 1052 1472 1084 enim
1496 1052 1664 1085 civitatum
1684 1055 1791 1094 partes
1809 1056 1886 1087 sunt
1907 1065 1916 1087 ε
1933 1064 1972 1088 ex
1990 1055 2138 1096 partibus
2161 1060 2271 1091 autem
2288 1058 2397 1092 totum
2409 1060 2443 1093 et

1389 1110 1578 1143 universum
1598 1113 1736 1146 constat.
1762 1112 2020 1147 consentaneum
2036 1115 2134 1156 igitur
2148 1119 2219 1157 est,
2238 1117 2351 1160 quate·
2364 1120 2443 1152 sunt

1388 1173 1511 1210 partes,
1535 1170 1597 1203 tale
1624 1171 1656 1203 et
1676 1171 1782 1203 totum
1804 1174 1837 1203 et
1865 1172 2054 1205 universum
2075 1182 2156 1215 esse,
2177 1182 2216 1207 ex
2247 1175 2441 1216 hujusmodi

1386 1231 1534 1262 constans
1554 1229 1711 1271 partibus.
1773 1229 1793 1272 §
1809 1234 1840 1263 8.
1862 1233 1967 1273 Atque
1981 1233 2063 1265 utin
2080 1233 2204 1267 artibus
2221 1234 2335 1276 prima
2354 1238 2440 1268 stm-

1386 1291 1491 1322 cturae
1515 1289 1556 1323 ad
1580 1290 1766 1324 universum
1784 1299 1868 1333 opus
1892 1292 1973 1325 bene
2001 1295 2059 1326 aut
2089 1293 2174 1327 male
2199 1293 2439 1328 conficiendum

1387 1348 1525 1381 multum
1549 1349 1738 1390 conferunt,
1757 1349 1848 1383 verbi
1870 1351 1970 1391 gratia
1998 1351 2038 1383 ad
2058 1350 2191 1384 domum
2212 1351 2437 1386 aedifloeudsm

1386 1408 1585 1442 fundamenti
1597 1408 1706 1450 jactus
1718 1433 1728 1450 ,
1745 1409 1786 1442 ad
1798 1418 1915 1443 navem
1931 1410 2118 1443 struendam
2138 1411 2259 1444 carinae
2277 1412 2377 1454 ratio,
2393 1412 2435 1455 sd

1384 1467 1587 1500 efficiendum
1609 1469 1805 1502 concentum
1822 1468 2145 1512 modulationemque
2162 1471 2329 1509 contentio
2348 1472 2438 1506 vocis

1383 1528 1416 1559 et
1437 1527 1581 1560 remissio
1601 1536 1609 1555 ε
1641 1528 1688 1560 sic
1712 1527 1754 1560 ad
1775 1528 2006 1569 rempublicam
2035 1529 2116 1562 bene
2136 1530 2186 1563 vel
2210 1530 2295 1564 male
2319 1532 2436 1565 consti-

1385 1586 1537 1619 tuendam
1568 1586 1764 1619 familiarum
1796 1588 1958 1620 statuset
1983 1588 2125 1621 conditio
2153 1589 2330 1630 plurimum
2348 1590 2433 1625 solet

1385 1643 1501 1677 valere.
1556 1643 1622 1686 §9.
1645 1646 1721 1678 Jam
1742 1653 1820 1678 vero
1842 1644 1957 1686 quide
1975 1645 2181 1686 generatione
2203 1645 2432 1687 cogitant‚eos

1384 1700 1453 1733 haec
1469 1709 1561 1741 agere
1573 1702 1723 1742 oportet,
1747 1703 1784 1733 ut
1801 1700 1935 1733 omnino
1959 1700 2121 1742 quidquid
2140 1701 2298 1735 dissimile
2318 1701 2435 1735 imma·

1384 1759 1556 1796 [urumque
1568 1758 1619 1789 est
1631 1756 1765 1790 evitent.
1797 1757 1908 1797 Neque
1921 1757 2005 1789 enim
2022 1756 2142 1798 plantae
2158 1758 2262 1798 neque
2281 1756 2435 1790 animalia

1382 1817 1555 1855 antequam
1571 1814 1613 1846 ad
1631 1813 1745 1846 norem
1761 1815 1794 1846 et
1808 1814 1906 1846 robur
1922 1815 2155 1855 pervenerunt,
2171 1813 2324 1847 foecunda
2337 1817 2434 1854 sunt:

1418 1913 1599 1955 καταδολή]
1619 1913 1713 1946 codd.
1736 1916 1826 1946 Parr.
1848 1915 1885 1946 B.
1908 1917 1938 1946 et
1959 1915 2009 1950 C.;
2026 1914 2201 1952 κιταὸολήν
2215 1914 2291 1946 cod.
2310 1915 2350 1946 A.

1417 1961 1542 2003 τρόπις]
1555 1961 1607 1994 Sic
1627 1961 1736 2002 codd.;
1754 1961 1908 1994 mendose
1920 1961 1972 1994 ed.
1990 1963 2114 1993 Lovan.
2134 1960 2270 2003 τρόποις.

1418 2010 1506 2046 τάσις
1521 2012 1622 2050 φωνῆς
1642 2010 1694 2041 καὶ
1711 2008 1812 2050 λῆξις]
1831 2009 1877 2040 lta
1896 2010 2023 2041 Comm.
2043 2008 2176 2040 Vizzan.
2204 2009 2334 2040 Battoes.
2358 2006 2430 2041 Gal.

1341 2070 1343 2072 ’
1375 2060 1471 2097 Darg.
1499 2057 1674 2097 Rudolpli.;
1695 2064 1865 2097 perperam
1884 2057 1917 2087 in
1938 2055 2042 2087 tribus
2058 2055 2154 2087 codd.
2173 2057 2265 2088 Parr.
2287 2063 2431 2089 necnon

1374 2106 1407 2138 in
1425 2106 1516 2138 Vatt.
1535 2107 1570 2136 et
1586 2104 1695 2137 Barth.
1720 2104 1819 2144 atque
1845 2102 1878 2135 in
1901 2102 2041 2136 editione
2067 2104 2190 2135 Lovan.
2207 2102 2324 2144 legitur
2342 2102 2431 2140 τάσις

1373 2155 1426 2186 καὶ
1444 2157 1544 2194 φωνῆς
1559 2154 1660 2194 λῆψις.
1679 2152 1884 2185 Christianus
1904 2151 2003 2183 vertit
2023 2160 2032 2182 ε
2051 2152 2088 2183 in
2112 2152 2282 2184 concentu
2305 2151 2341 2184 ct
2359 2158 2429 2184 mo·

1374 2201 1556 2234 declatione
1573 2202 1671 2232 tenor
1693 2202 1726 2232 ec
1747 2201 1835 2232 vocis
1850 2199 1990 2231 sumtto.

1413 2247 1516 2280 τε·καὶ
1531 2245 1627 2288 κακ.]
1642 2246 1736 2278 codd.
1754 2248 1862 2286 Parr.;
1880 2246 2011 2278 Vizzan.
2028 2246 2047 2284 ἢ
2058 2255 2134 2277 κακ.

1414 2293 1706 2336 κακονομουμένης]
1731 2293 1824 2325 codd.
1843 2295 1934 2326 Parr.
1949 2295 1986 2324 Α.
2003 2294 2033 2324 et
2055 2293 2106 2331 B.‚
2131 2292 2207 2324 item
2236 2292 2311 2325 Vat-
2333 2290 2421 2333 apud

1372 2341 1630 2374 Siebenkeesium
1660 2343 1757 2381 atque
1782 2340 1859 2373 cdd.
1884 2340 1994 2372 Vizan.
2018 2339 2089 2371 Gal.
2110 2341 2220 2379 Darg.;
2237 2340 2425 2372 καλοικονο-

1373 2390 1525 2430 μουμένης
1543 2388 1714 2428 commel.;
1738 2387 1810 2420 cod.
1840 2389 1910 2419 Par.
1929 2389 1966 2420 C.
1983 2387 2314 2427 καλοκονομουμὲνης,
2338 2386 2428 2428 quod

1372 2437 1497 2468 transiit
1514 2437 1545 2467 in
1573 2436 1624 2469 ed.
1645 2436 1769 2468 Lovan.
1802 2438 1900 2475 atque
1917 2443 1935 2466 a
1961 2434 2142 2466 Christiano
2162 2434 2210 2466 sic
2235 2442 2426 2474 expressum

1371 2486 1418 2514 est
1434 2493 1441 2514 z
1460 2496 1476 2511 «
1495 2485 1543 2515 lta
1560 2484 1593 2515 in
1608 2482 1773 2524 republica
1798 2483 1879 2515 bene
1902 2482 2026 2523 legibus
2049 2481 2195 2514 instituta
2216 2483 2249 2514 et
2270 2482 2357 2515 recte
2369 2482 2426 2515 ad-

1371 2531 1565 2563 ministrata.
1586 2543 1602 2559 υ

1411 2576 1477 2617 §9.
1492 2579 1572 2615 Quae
1592 2580 1773 2617 sequuntur
1788 2577 1992 2610 Jainbliclius
2016 2576 2056 2609 de
2079 2576 2136 2608 vit.
2164 2575 2298 2616 Pythag.
2325 2584 2357 2609 c.
2382 2578 2421 2609 31

1369 2626 1449 2656 sect.
1474 2627 1547 2656 209.
1566 2632 1655 2664 seqq.
1684 2632 1780 2664 prope
1805 2623 1846 2655 ad
1870 2624 2003 2656 verbnm
2034 2622 2198 2661 laudavit3
2222 2630 2422 2663 quamquam

1371 2670 1422 2702 liic
1436 2671 1500 2702 illic
1516 2670 1669 2711 quoedam
1686 2671 1811 2702 mutata
1827 2673 1859 2702 et
1873 2670 1982 2702 addita
1993 2670 2082 2701 sunt.
2105 2671 2151 2701 lta
2167 2671 2275 2700 autem
2287 2668 2424 2711 incipit:

1369 2718 1437 2759 περὶ
1458 2718 1490 2749 δὲ
1508 2718 1655 2758 γενέσεως
1682 2717 1754 2748 τάδε
1781 2717 1879 2756 λέγειν
1904 2716 2015 2752 αὐτοὺς
2049 2716 2140 2757 (τοὺς
2173 2714 2423 2758 Πυθαγορείους)

1369 2764 1500 2806 ἔφασαν.
1520 2764 1653 2797 καθόλου
1672 2764 1726 2806 μὲν
1742 2763 1842 2805 ᾤοντο
1858 2764 1918 2794 δεῖν
1932 2763 2138 2804 φυλάττεσθαι
2157 2773 2188 2792 κ.
2202 2772 2231 2792 τ.
2251 2762 2281 2793 λ.

1410 2811 1748 2854 &teiekwamblichus
1765 2811 1860 2842 habet
1875 2810 1911 2842 τὸ
1932 2810 2121 2849 καλούμενον
2145 2808 2290 2851 προφερὲς
2306 2810 2340 2842 et
2359 2817 2418 2851 pro

1369 2859 1460 2898 ἀτεὶῆ
1488 2861 1597 2900 postea
1613 2859 1653 2891 τὰ
1679 2862 1825 2900 προφερῆ.
1855 2861 1903 2890 De
1928 2867 1992 2898 qua
2010 2866 2087 2890 voce
2117 2856 2158 2888 cf.
2182 2856 2356 2889 Ruhnken.
2380 2855 2421 2888 ad

1371 2908 1456 2940 Tim.
1485 2909 1562 2940 Lex.
1587 2906 1670 2939 Plat.
1693 2915 1725 2946 p.
1746 2907 1855 2938 233n.
1872 2907 1902 2937 7.

1410 2956 1481 2987 οὔτε
1509 2955 1569 2996 γὰρ
1598 2971 1642 2978 -
1675 2952 1788 2994 ἀτεὶῆ]
1815 2951 2017 2985 desideratur
2041 2951 2125 2993 apud
2156 2952 2254 2991 Darg.
2283 2951 2317 2984 et
2357 2951 2418 2984 Ro-

1368 3003 1545 3090 ίεξιἕζεται]
1560 3047 1652 3081 codd.
1675 3049 1764 3080 Parr.
1785 3048 1820 3079 B.
1839 3047 1871 3078 et
1887 3047 1938 3086 C.;
1960 3046 2014 3077 sed
2032 3045 2104 3077 cod.
2122 3047 2159 3078 A.
2177 3045 2326 3086 γίγνεται.

1408 3097 1486 3129 ἀλλὰ
1502 3095 1570 3137 δεῖ]
1588 3095 1683 3128 codd.
1707 3097 1797 3128 Parr.
1829 3095 1864 3126 B.
1885 3096 1917 3125 et
1945 3094 1993 3132 C.;
2017 3093 2097 3125 Cod.
2124 3095 2160 3125 Α.
2183 3093 2270 3125 male
2297 3092 2363 3125 ἀλλ’
2391 3093 2418 3126 ει

1367 3143 1591 3184 (superposito
1608 3143 1650 3182 ἡ)
1670 3143 1717 3174 δεῖ
1733 3141 1838 3183 (sic).

1408 3188 1674 3231 τετελειωμένων]
1698 3191 1748 3221 lta
1767 3187 1967 3220 correximus
1988 3187 2172 3219 Jambliclio
2191 3188 2326 3220 auctore
2343 3187 2416 3219 vul-

1365 3239 1476 3278 gatum
1490 3237 1702 3276 τε).ειούμενον
1718 3235 1805 3276 quod
1825 3235 1856 3267 in
1876 3235 2025 3267 omnibus
2047 3235 2146 3267 Ocelli
2170 3234 2335 3267 codicibus
2356 3243 2410 3266 ex-

1364 3287 1438 3318 stat.
1460 3286 1571 3325 Neque
1595 3284 1680 3316 enim
1703 3282 1909 3324 participium
1940 3283 2106 3323 praesentis
2129 3282 2282 3322 temporis
2310 3283 2350 3313 ad
2377 3281 2414 3313 id

1363 3331 1451 3372 quod
1472 3332 1524 3363 nte
1536 3330 1783 3372 exprimendum
1800 3330 1848 3362 est
1865 3338 2041 3370 congruens
2057 3338 2128 3361 esse
2145 3330 2288 3370 apparet.

1403 3378 1442 3409 τὰ
1453 3378 1617 3419 σπέρματα
1628 3377 1681 3409 καὶ
1695 3378 1724 3408 οἱ
1736 3376 1850 3418 καρποὶ
1864 3376 2008 3417 γίνωνται
2021 3375 2032 3417 ]
2047 3376 2203 3408 Dedimus
2218 3375 2411 3415 scripturam

1363 3433 1438 3465 quae
1468 3425 1553 3466 apud
1571 3423 1788 3457 Jambliclium
1807 3426 1876 3462 est;
1904 3423 1974 3454 cod.
2007 3424 2078 3454 Par.
2107 3425 2144 3454 A.
2170 3422 2223 3453 liic
2255 3421 2350 3453 liabet
2373 3421 2412 3453 τὰ

1363 3473 1527 3514 σπέρματα
1549 3472 1601 3504 καὶ
1615 3471 1728 3514 καρποὶ
1753 3470 1943 3512 γίγνωνται,
1968 3479 1985 3501 a
2004 3479 2068 3511 qno
2090 3470 2204 3510 reliqui
2227 3468 2291 3500 duo
2316 3469 2349 3501 in
2376 3475 2414 3500 eo

2600 553 2612 866 “maban-maumamm-a-
2606 527 2612 532 A
2607 480 2612 506 ...-.
2608 435 2612 451 ,.
2608 392 2612 420 ..„
2610 366 2612 373 ⁴
2609 340 2612 350 .„
2610 282 2612 294 ..
2610 251 2612 266 ..
2608 229 2612 237 -
2608 179 2612 209 ...-
