2612 3814
291 287 374 320 ⁴70

292 369 330 407 δὲ
349 367 525 420 οὐδέτερον
539 396 550 415 ,
573 367 662 407 ἀλλὰ
683 367 802 422 σχέσει
821 371 883 416 τῆς
910 368 994 421 πρὸς
1022 369 1183 422 ἑκάτερον
1212 368 1340 420 ὁμοιώ-

287 442 393 471 σεως.
455 426 525 467 Καὶ
545 426 634 471 ὅλως
664 430 682 466 ὁ
698 428 760 474 τὴν
781 431 981 481 προσοῦσαν
1000 427 1097 473 ἀξίαν
1115 429 1253 481 ἑκάστῳ
1271 430 1340 466 τῶν

286 486 399 526 ὄντων
421 486 470 537 μὴ
491 485 587 530 εἰδώς
601 516 611 534 ,
629 487 706 525 ἀλλ’
727 486 796 525 εἴτε
816 486 1047 539 ὓπερὸάλλων
1069 490 1175 534 αὐτῆς
1195 486 1218 534 ἢ
1235 487 1343 525 ἐλλεί-

287 562 367 585 πων
380 577 393 596 ,
413 546 477 592 τὴν
499 545 640 597 ἄγνοιαν
658 546 789 593 ταύτην
806 545 966 598 ἀφορμὴν
981 549 1041 594 τῆς
1058 546 1223 586 ὑποκένου
1243 545 1342 593 δόξης

290 604 352 643 καὶ
383 605 582 643 ἀέλπτου
618 604 804 649 ἐλπίδος
834 605 1036 650 πεποίηται.
1095 604 1139 644 Ο
1160 605 1195 643 δὲ
1217 606 1251 643 ἐν
1271 607 1342 648 τοῖς

285 664 549 717 -δημιουργικοῒς
570 663 707 715 μέτροις
728 664 861 703 ἕκαστα
882 664 1073 718 ἀφορίζων,
1091 679 1150 702 και
1177 663 1341 716 γιγνώ-

287 738 409 761 σκων
431 722 475 762 τὰ
505 722 606 770 ὄντα,
627 726 648 774 ᾗ
679 722 822 782 γέγονε,
852 723 911 761 καὶ
932 738 1083 796 τΙπαριιιμε
1088 725 1178 775 τρῶν
1198 739 1248 761 τω
1274 725 1341 760 θεῶ

289 781 354 828 τὴν
375 783 497 820 ἑαυτοῦ
535 783 718 832 γνῶσιν·
749 783 846 825 οὗτος
873 781 912 819 τὸ
932 779 1051 820 ’Ἐπου
1090 784 1156 834 θεῳ
1184 782 1340 831 μάλιστα

286 842 409 893 τηρεῖ,
430 840 490 878 καὶ
511 839 573 889 τὸ,
596 838 757 892 Ἄριστον
782 838 931 893 μέτρον,
948 833 1037 889 οἶδε,
1054 841 1114 879 καὶ
1134 843 1197 887 τῆς
1217 840 1341 886 ἀνεξα-

287 898 446 946 πατήτου
467 899 605 944 ἐλπίδος
621 899 771 951 τυγχάνε
757 914 800 936 ..ι

637 993 778 1033 XXIV.
818 999 989 1033 54—-60,

375 1092 485 1134 Γνώσῃ
505 1092 531 1124 δ’
552 1092 730 1134 ἀνθρώπους
744 1092 910 1135 αὐθαίρετα
931 1091 1049 1133 πήματ’
1064 1092 1192 1134 ἔχοντας

371 1140 543 1186 τλήμονας,
560 1139 590 1171 οἵ
611 1139 640 1170 τ’
653 1139 779 1180 ἀγαθῶν
798 1140 892 1176 πέλας
909 1140 1007 1172 ὄντων
1022 1139 1088 1171 οὔτ’
1101 1139 1256 1182 ἐσορῶσιν
1265 1166 1276 1182 ,

371 1187 444 1219 οὔτε
464 1187 594 1219 κλύουσι
607 1195 615 1204 ·
638 1187 726 1219 λύσιν
742 1187 776 1220 δὲ
790 1190 896 1219 κακῶν
918 1190 1033 1228 παῦροι
1052 1188 1213 1221 συνίσασι.

369 1234 448 1272 Τοίη
463 1237 556 1274 μοῖρα
573 1234 692 1275 βροτῶν
715 1233 846 1275 βλάπτει
868 1234 976 1275 φρένας
987 1243 994 1250 ·
1014 1236 1056 1271 ὡς
1072 1234 1105 1266 δὲ
1124 1235 1277 1279 κύλινδροι

371 1280 473 1312 ἄλλοτ’
484 1279 533 1312 ἐπ’
553 1280 630 1312 ἄλλα
648 1280 812 1321 φέρονται,
832 1280 981 1320 ἀπείρονα
999 1282 1119 1320 πήματ’
1141 1282 1275 1324 ἔχοντες·

375 1327 471 1369 λυγρὴ
489 1327 547 1369 γὰρ
562 1328 735 1364 συνοπαδὸς
749 1326 808 1369 ἔρις
827 1327 1012 1369 βλάπτουσα
1026 1329 1132 1367 λέληθε

369 1375 546 1416 σύμφυτος,
563 1374 601 1413 ἣν
621 1375 658 1407 οὺ
679 1374 725 1406 δεῖ
739 1374 905 1416 προάγειν,
928 1374 1054 1407 εἷκοντα
1067 1376 1100 1408 δὲ
1119 1377 1252 1418 φεύγειν.

345 1453 421 1500 Τῆς
442 1454 510 1491 τῶν
536 1451 734 1504 ἀσωμάτων
764 1452 824 1491 καὶ
847 1456 1060 1505 σωματικῶν
1086 1457 1194 1506 γενῶν
1225 1458 1339 1502 καλῶς

282 1510 501 1562 γνωσθείσης
530 1511 738 1558 διατάξεως,
773 1510 895 1550 ἕπεται
915 1514 975 1551 καὶ
1000 1511 1064 1559 τὴν
1074 1515 1339 1588 ἀνθρώπου

281 1569 408 1608 οὐσίαν
429 1570 580 1623 άκριὸῶς
593 1586 675 1622 γνω
688 1570 778 1623 ρίζε
788 1586 809 1608 σ
820 1574 837 1609 θ
849 1587 913 1619 αι,
930 1569 985 1610 οἵα
1005 1587 1042 1610 τε
1055 1566 1142 1610 ουσα
1155 1574 1336 1627 τυγχάνει,

282 1627 347 1666 καὶ
374 1627 456 1667 οἵων
484 1628 646 1676 δεκτικὴν
678 1629 922 1680 παθημάτων·
942 1630 1001 1669 καὶ
1034 1631 1086 1670 ὅτι
1121 1634 1156 1671 ἐν
1190 1634 1339 1688 μεθορίῳ

282 1687 362 1726 γἐστὶ
381 1690 450 1727 τῶν
469 1703 504 1726 τε
519 1688 690 1727 άπτώτων
708 1690 755 1734 εἷς
776 1688 925 1737 κακίαν,
945 1690 1005 1728 καὶ
1025 1693 1093 1729 τῶν
1109 1691 1194 1745 πρὸς
1212 1692 1338 1746 ἀρετὴν

286 1747 325 1785 ου
348 1746 554 1799 πεφυκότων
576 1746 786 1800 ἀνάγεσθαι·
816 1748 868 1788 διὸ
888 1749 948 1788 καὶ
978 1751 1245 1805 επαμφοτερίζει
1266 1754 1340 1798 ταῖς

1037 280 1313 320 HIEROCLIS
1342 279 1753 321 COMMENTAmUS

1406 367 1584 420 σχέσεσιν,
1608 368 1665 407 ὁτὲ
1687 370 1751 420 μὲν
1772 370 1846 409 ixa
1871 372 1968 417 ζῶσα
1987 370 2050 419 τὴν
2071 369 2194 425 νοιρὰν
2218 369 2384 422 εὖζωΐαν,
2401 370 2459 412 ὁτὶ

1407 426 1443 465 δὲ
1469 428 1619 466 ἐνταῦθα
1652 427 1717 476 τὴν
1757 429 1966 478 αἰσθητικὴν
1999 431 2194 482 ἕμπάθειαν
2225 430 2460 485 προσλαμὸά·

1403 500 1525 526 νουσα,
1583 484 1709 527 Ἔνθεν
1730 488 1790 527 καὶ
1816 488 1958 541 λέγεται
1985 491 2094 543 ὀρθῶς
2119 490 2188 530 ὑπὸ
2206 489 2460 543 Ἡρακλείτου,

1403 543 1459 582 ὅτι
1486 546 1602 597 ζῶμεν
1634 545 1694 585 τὸν
1727 546 1868 586 ἐκείνων
1898 548 2068 597 θάνατον,
2087 547 2305 600 τεθνήκαμεν
2328 547 2364 588 Bi
2400 547 2460 587 τὸν

1404 602 1543 642 ἐκείνων
1565 602 1656 655 βίον.
1718 605 1866 645 Κάτεισι
1881 606 1954 661 Δγόιρ
1973 606 2034 646 καὶ
2055 608 2247 647 ἀποπίπτει
2266 610 2328 655 τῆς
2344 606 2458 647 εὐδαί-

1405 677 1508 712 μονος
1524 662 1645 717 χώρας
1663 666 1682 703 ὁ
1699 662 1779 703 ἄνθ
1794 679 1958 718 ρωπος,
1978 669 2026 712 ὡς
2042 666 2293 719 Ἐμπεδοκλῆς
2315 681 2422 720 φησιν
2439 667 2460 705 6

1407 720 1644 774 Πυθαγόρειος

1487 834 1527 842 -
1542 815 1638 855 φυγὰς
1659 815 1780 857 θεόθεν,
1794 818 1849 850 καὶ
1866 817 1993 857 ἀλήτης.

1487 862 1594 894 Νείκεῖ
1614 864 1791 906 μαινομένῳ
1802 864 1946 902 πίσυνος.
1963 883 2005 892 -

1403 942 1576 984 Ἄνεισι
1558 944 1616 992 οέ,
1633 944 1694 983 καὶ
1710 944 1775 993 τὴν
1797 945 1949 999 ἀρχαίαν
1971 946 2040 993 ἕξιν
2061 947 2328 999 ἀπολαμὸάνει,
2344 951 2376 990 εἷ
2394 949 2460 1003 φὸ·

1403 1018 1458 1100 γοι
1479 1003 1522 1041 τὰ
1549 1003 1629 1056 περὶ
1661 1006 1727 1056 γῆν
1744 1005 1804 1044 καὶ
1822 1004 1882 1044 τὸν
1903 1006 2059 1059 ἀτερπέα
2078 1009 2216 1062 χῶρον,
2236 1008 2283 1052 ὥς
2313 1009 2332 1046 ὁ
2357 1007 2479 1062 «braz,
2519 1012 2522 1015 ’

1427 1077 1520 1114 Εγεῑ,

1485 1148 1583 1182 Ἔνθα
1605 1149 1694 1191 φόνος
1713 1162 1747 1183 τε
1765 1150 1858 1190 κότος
1877 1162 1912 1185 τε
1930 1152 1983 1184 καὶ
2003 1152 2105 1185 ἄλλων
2121 1152 2210 1185 ἔθνεα
2228 1156 2332 1195 κηρῶν
2343 1164 2352 1173 ·

1403 1231 1451 1275 εἷς
1471 1231 1507 1271 ὃν
1529 1233 1561 1270 οἱ
1581 1233 1791 1283 ἐμπεσόντες
1816 1267 1819 1270 .

1486 1326 1579 1364 Ἄτης
1599 1327 1637 1359 ἂν
1653 1328 1790 1368 λειμῶνα
1806 1329 1888 1361 κατὰ
1909 1329 2023 1367 σκότος
2040 1329 2229 1369 ἠλάσκουσι.

1403 1407 1451 1448 Ἥ
1475 1407 1511 1446 δὲ
1533 1407 1649 1462 ἔφεσις
1670 1414 1731 1450 τοῦ
1764 1410 1951 1464 φεύγοντος
1986 1413 2043 1451 τὸν
2080 1414 2144 1459 τῆς
2164 1409 2272 1460 Ἄτης
2301 1415 2458 1465 λειμῶνα

1402 1465 1487 1517 πρὸς
1505 1466 1564 1506 τὸν
1584 1470 1646 1516 τῆς
1674 1468 1838 1518 ἀληθείας
1864 1471 2040 1522 ἐπείγεται
2059 1472 2216 1522 λειμῶνα
2230 1487 2240 1497 ·
2271 1471 2309 1511 ὃν
2330 1474 2457 1512 α’πολι-

1402 1522 1500 1576 πών,
1523 1529 1567 1579 τῇ
1599 1530 1692 1582 ὁρμῇ
1721 1531 1783 1577 τῆς
1802 1530 2089 1584 πτεροῤῥυήσεως
2111 1531 2158 1575 εἷς
2178 1531 2297 1583 γήινον
2317 1531 2460 1585 ἔρχεται

1403 1585 1509 1634 σῶμα
1540 1585 1660 1625 ὄλὸίου
1693 1589 1818 1632 αἰῶνος
1848 1588 2025 1642 ἄμερθείς.
2101 1591 2136 1629 Τ
2138 1589 2248 1635 ούτοις
2281 1589 2318 1630 δὲ
2349 1592 2410 1631 καὶ
2441 1594 2461 1631 ὅ

1407 1643 1561 1682 Πλάτων
1583 1645 1658 1684 ἐστὶ
1683 1645 1868 1699 σύμφωνος
1881 1678 1892 1698 ,
1909 1648 1990 1701 περὶ
2013 1648 2076 1699 μὲν
2097 1650 2160 1695 τῆς
2188 1648 2338 1688 καθόδου
2357 1650 2461 1690 ταυτὶ

1404 1702 1516 1753 λέγων
1529 1717 1538 1725 ·
1559 1702 1643 1742 ὅταν
1664 1705 1699 1743 δὲ
1722 1705 1975 1753 ἀδυνατήσασα
1995 1706 2206 1746 ἐπισπέσθαι
2225 1706 2275 1758 μὴ
2298 1707 2353 1761 ἴδῃ
2368 1737 2379 1758 ,
2399 1707 2460 1747 καί

1405 1774 1472 1798 τινι
1493 1761 1662 1817 συντυχία
1681 1764 1892 1816 χρησαμένη
1913 1764 2160 1820 πτεροῤῥυήσῃ
2181 1781 2221 1805 τε
2238 1766 2299 1805 καὶ
2321 1766 2380 1807 ἐπὶ
2394 1765 2459 1815 τὴν

308 1848 2454 1876 Ἣ

286 1928 439 1953 merum
461 1917 594 1953 venire
623 1929 734 1966 posse
763 1926 915 1966 sperat,
941 1918 971 1954 is
998 1926 1141 1955 naturae
1162 1922 1344 1958 terminos

288 1988 370 2011 non
389 1977 518 2021 novit,
534 1988 659 2024 neque
674 1976 799 2025 prima
819 1976 867 2012 ab
887 1977 953 2026 iis,
974 1990 1056 2025 quae
1077 1979 1204 2016 media
1227 1987 1264 2016 et
1285 1981 1343 2017 ul-

286 2035 382 2071 tima
399 2042 487 2071 sunt
501 2036 540 2070 in
557 2047 686 2071 rerum
699 2047 883 2085 compage
903 2036 1114 2086 distinguit.
1133 2040 1180 2074 Et
1198 2052 1342 2090 rursus,

291 2095 322 2131 si
357 2095 442 2142 quis
473 2095 590 2130 animi
621 2095 748 2131 nostri
780 2096 1103 2133 immortalitatem
1137 2099 1317 2147 ignorans
1330 2128 1340 2146 ,

287 2154 462 2190 animum
480 2166 590 2189 suum
607 2166 684 2190 una
703 2166 788 2190 cum
808 2157 962 2191 mortali
982 2168 1146 2205 corpore
1163 2159 1339 2195 interitu-

285 2225 375 2251 *rum
403 2225 480 2250 esse
507 2214 699 2262 opinatur,
728 2214 759 2250 is
783 2226 825 2250 ea
853 2222 1046 2263 exspectat
1056 2216 1075 2263 ,’
1101 2229 1185 2265 quae
1205 2230 1340 2266 exspe-

288 2273 428 2309 ctanda
446 2285 524 2308 non
535 2279 622 2308 sunt
637 2284 796 2320 quaeque
810 2271 894 2309 fieri
913 2285 991 2310 non
1005 2283 1177 2323 possunt.
1197 2274 1338 2313 Simili-

291 2339 348 2368 ter
376 2344 466 2368 vero
483 2359 493 2377 ,
522 2332 587 2380 qui
613 2332 699 2368 ferae
719 2344 859 2382 corpus
877 2346 916 2370 se
945 2334 1171 2372 induturum
1189 2346 1335 2386 sperat,

286 2398 330 2426 et
348 2391 505 2426 brutum
526 2390 666 2426 animal
683 2390 766 2426 fore
786 2392 837 2427 ob
857 2393 1102 2430 vitiositatem
1115 2421 1125 2440 ,
1149 2397 1342 2432 autetiam

288 2451 460 2498 plantam
477 2450 527 2485 ob
544 2449 670 2486 sensus
687 2457 883 2499 stuporem
898 2480 907 2498 ,
918 2452 986 2489 hic
1007 2466 1185 2502 quoque,
1208 2463 1344 2493 contra

290 2520 405 2556 quam
425 2509 504 2554 illi,
525 2508 592 2556 qui
611 2508 776 2545 hominis
794 2517 968 2547 naturam
989 2511 1028 2547 in
1054 2515 1254 2562 superiora
1274 2527 1344 2564 ge-

288 2579 383 2603 nera
401 2573 572 2616 mutant,
589 2578 673 2603 eam
687 2567 858 2604 detrudit
868 2568 918 2605 ad
936 2570 1117 2606 inferiora
1132 2598 1142 2617 ,
1162 2572 1343 2621 deceptus

291 2627 424 2676 utique
444 2633 481 2662 et
500 2627 678 2674 ignorans
695 2627 1042 2665 immutabilitatem
1062 2629 1194 2667 formae
1214 2632 1342 2678 istius,

290 2698 377 2735 quae
395 2685 444 2721 ad
460 2687 577 2721 animi
596 2686 752 2722 humani
767 2694 941 2724 naturam
959 2690 1135 2738 pertinet.
1155 2691 1227 2727 Hic
1244 2692 1346 2727 enim

290 2757 443 2793 semper
464 2745 581 2781 homo
613 2758 836 2793 permanens
862 2749 1013 2785 virtutis
1033 2756 1070 2785 et
1096 2750 1179 2785 vitii
1199 2751 1344 2787 alterna

292 2803 529 2852 possessione
563 2803 655 2840 deus
684 2812 758 2840 aut*
775 2806 896 2842 bestia
922 2805 1005 2842 fieri
1037 2806 1192 2853 dicitur,
1224 2821 1343 2857 quum

292 2870 430 2899 natura
458 2869 632 2899 neutrum
651 2864 720 2910 sit,
744 2864 810 2900 scd
835 2865 967 2901 habitu
990 2873 1160 2912 tantum,
1182 2867 1233 2903 ob
1262 2880 1346 2904 eam

295 2934 414 2971 quam
434 2935 521 2959 cum
540 2934 673 2959 eorum
693 2923 877 2960 alterutro
902 2925 1019 2961 habet
1042 2926 1342 2965 similitudinem.

296 2983 426 3030 Atque
443 2981 603 3017 omnino
629 2981 849 3030 quicunque
876 2983 1110 3032 singularum
1128 2997 1246 3021 rerun
1278 2985 1344 3021 di-

293 3042 479 3090 gnitatem
499 3053 577 3076 non
597 3041 729 3085 novit,
748 3041 814 3076 sed
836 3054 919 3078 eam
939 3044 998 3079 vel
1018 3044 1167 3080 excedit
1185 3045 1245 3080 vel
1267 3057 1346 3081 non

294 3100 521 3148 assequitur,
555 3100 806 3148 ignorantiam
837 3101 933 3137 hanc
964 3113 1067 3138 vanae
1097 3103 1290 3152 opinionis
1309 3111 1347 3139 et

283 3157 414 3205 sahae
440 3161 522 3207 spei
561 3158 801 3194 occasionem
836 3158 939 3198 facit.
982 3160 1057 3206 Qui
1079 3172 1171 3196 vero
1198 3161 1346 3210 singula

298 3218 425 3254 modis
456 3217 503 3253 ab
543 3215 682 3265 opifice
703 3218 786 3252 Deo
816 3218 1034 3254 constitutis
1061 3218 1277 3268 distinguit,
1310 3225 1362 3256 et'

294 3275 625 3327 quemadmodum
647 3288 703 3312 res
727 3283 862 3312 creatae
890 3277 965 3313 sint
982 3282 1183 3324 cognoscit,
1217 3291 1261 3314 ac
1289 3280 1347 3315 sui

298 3337 417 3385 ipsius
440 3338 690 3385 cognite'onem
724 3335 774 3372 ad
809 3337 880 3373 Dei
906 3349 1080 3372 normam
1115 3336 1245 3386 dirigit
1275 3350 1284 3373 ε
1317 3339 1348 3374 is

300 3396 463 3432 maxime
476 3394 587 3440 illud,
602 3395 720 3431 Deum
733 3408 900 3444 sequere,
917 3395 1094 3432 observat
1106 3425 1115 3442 ,
1132 3403 1170 3432 et
1188 3397 1349 3433 alterum

298 3455 417 3501 illud,
435 3456 565 3492 modus
586 3459 731 3504 opu'ma
749 3468 885 3500 rerum,
909 3456 1037 3503 novit,
1059 3468 1103 3492 ac
1123 3468 1228 3506 spem
1255 3469 1348 3493 nan-

296 3516 453 3552 ·ciscitur
473 3517 628 3552 minime
648 3515 786 3552 salsam.

1754 1929 1898 1970 XXIV,
1937 1936 2109 1970 54—60.

1489 2027 1669 2066 cognosces
1678 2029 1784 2060 autem
1793 2027 1942 2060 homines
1951 2028 2044 2061 malis
2055 2028 2140 2062 ultro
2149 2029 2309 2063 arcessitis
2318 2031 2461 2073 obrutos,

1494 2075 1628 2106 miseros
1641 2099 1649 2114 ‚
1673 2075 1728 2116 qui
1748 2075 1832 2108 bona
1848 2085 1951 2117 quum
1970 2085 2069 2117 prope
2087 2077 2152 2109 siut
2168 2086 2227 2110 nec
2245 2078 2376 2120 vident,

1493 2129 1552 2153 nec
1569 2121 1705 2154 audiunt
1722 2135 1729 2155 :
1753 2124 1909 2164 paucique
1923 2123 2031 2155 sciunt
2043 2132 2061 2155 e
2077 2123 2169 2156 malis
2183 2133 2218 2157 se
2233 2125 2396 2166 expedire.

1491 2168 1569 2201 Tale
1583 2169 1686 2202 satum
1703 2169 1794 2202 laedit
1821 2170 2006 2202 mortalium
2030 2174 2175 2212 mentem
2190 2171 2236 2204 ini
2252 2180 2330 2205 vero
2353 2173 2456 2214 cylin-

2192 2217 2346 2261 [drotum
2362 2220 2461 2254 instar

1489 2261 1555 2294 huc
1576 2263 1652 2296 illuc
1666 2263 1856 2304 volvuntur,
1879 2264 2011 2298 infinitis
2025 2265 2120 2298 malis
2136 2266 2291 2306 oppressi.

1490 2311 1607 2343 Gravis
1621 2313 1706 2344 enim
1723 2321 1832 2345 comes
1849 2312 1983 2345 latenter
1998 2314 2094 2345 nocet
2110 2313 2272 2346 contentio

1489 2357 1618 2399 innata,
1643 2367 1743 2400 quam
1773 2367 1951 2400 provocare
1993 2368 2059 2392 non
2093 2359 2204 2399 decet,
2230 2359 2287 2394 sed
2315 2360 2460 2395 cedendo

2299 2407 2311 2451 [
2324 2409 2459 2444 evitare.

1459 2488 1785 2537 Incorporeorum
1807 2501 2165 2539 cor-porcorumque
2186 2501 2371 2539 generum
2390 2503 2456 2528 or-

1406 2546 1603 2584 dinatione
1640 2547 1764 2596 probe
1795 2548 2007 2594 intellecta,
2050 2549 2223 2598 sequitur
2256 2557 2301 2586 ut
2338 2550 2460 2600 qualis

1406 2607 1572 2643 hominis
1613 2614 1751 2643 natura
1781 2607 1828 2643 sit
1861 2613 1897 2643 et
1930 2607 2069 2656 quibus
2106 2607 2460 2657 perturbationibus

1407 2665 1576 2702 obnoxia
1593 2673 1770 2703 accurate
1789 2678 2062 2716 cognoscamus
2081 2665 2347 2716 discamusque
2375 2679 2456 2704 eam

1405 2725 1445 2760 in
1463 2724 1629 2765 confinio
1650 2738 1729 2762 esse
1752 2738 1885 2762 eorum
1906 2738 1990 2775 quae
2008 2726 2047 2762 in
2068 2725 2204 2763 vitium
2225 2727 2378 2776 prolabi
2393 2738 2457 2764 ne·

1407 2792 1553 2833 queunt
1583 2791 1620 2820 et
1653 2797 1783 2821 eorum
1812 2797 1895 2833 quae
1927 2791 2066 2821 natura
2097 2797 2164 2822 sua
2197 2785 2248 2822 ad
2278 2787 2457 2824 virtutem

1406 2844 1514 2879 evehi
1545 2855 1623 2879 non
1642 2850 1801 2892 possunt
1822 2854 1832 2881 t
1853 2842 1955 2880 unde
1985 2850 2023 2880 et
2052 2850 2259 2893 utrumque
2285 2845 2457 2882 habitum

1405 2902 1549 2949 induit,
1566 2902 1773 2952 aliquando
1790 2903 2087 2939 intellectualem
2105 2903 2158 2941 ibi
2172 2903 2288 2940 vitam
2301 2903 2458 2951 feliciter

1406 2973 1536 3011 agens,
1556 2961 1763 3011 aliquando
1783 2960 1981 2998 sensibiles
1998 2961 2154 2998 affectus
2170 2962 2233 2998 hic
2253 2973 2455 3001 assumens.
2481 3012 2486 3016 -

1406 3021 1652 3070 Quapropter
1684 3027 1787 3057 recte
1819 3020 2031 3057 Heraclitus
2052 3019 2165 3068 dicit,
2195 3032 2265 3056 nos
2298 3021 2453 3058 illorum

1406 3087 1569 3116 mortem
1595 3081 1744 3124 vivere,
1766 3086 1940 3115 mortuos
1964 3086 2089 3114 autem
2120 3091 2196 3116 esse
2226 3077 2380 3119 illorum
2399 3082 2456 3118 vi-

1407 3146 1499 3177 tam.
1522 3137 1726 3175 Descendit
1744 3138 1844 3174 enim
1867 3137 1980 3173 homo
1999 3144 2112 3185 atque
2133 3150 2153 3174 e
2170 3137 2272 3174 felici
2299 3140 2456 3190 regione

1409 3197 1570 3244 excidit,
1590 3203 1634 3234 ut
1654 3195 1906 3246 Empedocles
1925 3194 2188 3245 Pythagoreus
2207 3197 2259 3233 ait
2275 3211 2284 3234 :

1615 3294 1657 3301 —
1671 3285 1690 3309 e
1709 3277 1791 3308 coelo
1805 3275 1960 3316 profugus
1973 3277 2006 3308 et
2019 3276 2112 3308 vexsul
2127 3300 2136 3316 ,

1491 3323 1667 3357 Discordiae
1679 3324 1794 3356 furenti
1812 3332 1936 3364 parenS.

1394 3396 1594 3434 -Ascendit
1613 3388 1704 3433 vero
1725 3403 1764 3433 et
1791 3396 1994 3444 antiquum
2026 3403 2163 3432 statum
2182 3403 2404 3445 recuperat,
2429 3396 2461 3433 si

1411 3456 1600 3492 terrestria
1622 3455 1761 3505 fugerit
1780 3462 1817 3491 et
1838 3455 2072 3491 illoetabilem
2107 3456 2232 3491 sedem
2247 3483 2256 3500 ‚
2282 3462 2325 3491 ut
2358 3454 2463 3494 idem

1411 3515 1505 3552 dicit
1525 3527 1535 3551 :
1740 3526 1742 3529 ·
