2612 3814
670 299 725 338 lN
756 299 1081 366 EMPEDOCLIS
1113 299 1401 340 CARMlNUM
1435 301 1734 350 RELlQUlAS.
2239 310 2286 345 19

104 393 175 432 illo
196 392 303 444 quod
331 390 519 444 praecedit
539 388 619 442 περὶ
641 388 873 427 offenderet.
903 388 1100 440 Namque,
1120 398 1164 427 ut

104 450 334 506 philosophi
350 449 486 489 verbis
507 457 595 487 utar
616 462 626 486 ε
651 449 669 486 ὁ
688 446 774 500 ἔργα
798 449 903 501 βορᾶς
924 447 1164 498 μητισᾶμενος

103 518 175 556 τοῖς
203 526 240 550 τε
269 511 386 549 ὀδοῦσι
406 508 465 547 καὶ
485 509 556 551 τοῖς
575 506 830 560 περικειμένοις
853 506 1008 560 χείλεσιν
1032 506 1164 558 ἐμητί-

106 585 207 611 σατο.
238 570 340 608 Hinc
361 577 466 621 patet
484 567 565 620 περὶ
597 581 671 620 pro
692 567 882 606 adverbio
912 580 996 606 esse
1018 566 1165 605 haben·

105 630 269 678 dum‚ut
285 630 326 668 in
339 629 495 680 Hymno
514 629 557 667 in
576 627 664 667 Cer.
681 641 723 666 v.
736 629 815 677 .276
833 626 924 672 εὫς
942 629 1089 667 εἰποῦσα
1104 626 1166 666 θεὰ

106 689 253 742 μέγεθός
268 704 308 727 τε
332 688 392 727 καὶ
414 682 503 732 εἶδος
524 687 675 742 ἄμειψε,
690 690 802 741 γῆρας
817 686 1037 738 ἀπωσαμένη
1052 716 1063 734 ,
1084 686 1168 740 περί

104 751 136 788 τ’
154 748 246 803 ἀμφί
261 764 297 786 τε
311 747 441 792 κάλλος
459 747 560 795 ἄητο.
578 748 714 798 Neque
730 760 825 785 vero
845 746 1063 785 audiendus
1082 746 1168 784 Rei-

107 809 239 860 skius,
273 807 387 859 cujus
419 807 694 859 interpretatio
724 807 867 846 callide
894 816 933 845 et
965 809 1168 856 artifictbse

107 867 157 922 (i.
181 880 215 907 e.
251 867 359 919 περὶ)
398 871 631 904 committere
650 868 796 903 scelera
828 868 939 903 labiis·
960 866 1167 905 Karstenio

107 938 266 977 quoque
288 938 368 963 non
400 925 598 964 satisfecit.
620 924 777 977 Quippe
803 934 980 977 apertum
1003 934 1062 964 est
1080 924 1165 978 σχέ-

105 984 176 1023 τλι’
195 984 281 1038 ἔργα
304 987 409 1037 βορᾶς
429 983 511 1035 περὶ
527 983 662 1037 χείλεσι
684 982 901 1034 μητίσασθαι
918 984 1048 1023 valere
1068 999 1077 1022 :
1100 998 1168 1023 ne-

109 1045 207 1083 faria
224 1044 440 1084 devorandi
457 1045 606 1083 scelera
625 1043 879 1082 circumcirca
898 1043 1015 1082 labiis
1030 1043 1169 1082 admit-

111 1112 217 1152 tere,
255 1104 297 1142 id
333 1111 415 1151 est,
446 1103 632 1141 nefandas
662 1102 781 1155 dapes
815 1116 895 1141 non
919 1102 1166 1155 primoribus

109 1162 234 1201 labris
255 1171 412 1214 gustare
429 1163 441 1217 (
459 1162 582 1215 ἄκροις
599 1162 734 1215 χείλεσι
754 1162 994 1214 γεύσασθαι),
1014 1163 1082 1201 sed
1107 1171 1166 1201 to-

112 1222 163 1260 tis
181 1222 285 1261 circa
302 1221 418 1260 labiis
436 1222 643 1272 attingere.
666 1221 725 1259 Ex
743 1221 805 1260 his
823 1235 909 1272 quae
926 1222 1044 1260 modo
1066 1221 1170 1260 dicta

112 1289 227 1327 sunt,
247 1280 455 1319 conficitur
492 1281 655 1319 minime
684 1281 942 1320 necessariam
965 1294 1049 1320 esse
1071 1280 1169 1319 Kar-

112 1340 230 1379 stenii
259 1340 539 1378 correctionem
560 1339 837 1391 μαστεύσασθαι.

166 1398 248 1438 Vss.
289 1399 408 1437 15-16
439 1399 611 1438 servavit
637 1399 817 1438 Clemens
847 1400 909 1440 Al.
938 1400 1083 1440 Strom.
1121 1399 1171 1437 lv

111 1472 151 1510 p.
184 1465 285 1510 4793
307 1459 477 1509 priorem
501 1472 658 1497 versum
684 1458 919 1498 Plutarchus
940 1459 988 1498 de
1020 1459 1171 1498 Exsilio

112 1531 151 1568 p.
175 1518 250 1565 607
284 1517 389 1570 (Vol.
418 1517 508 1558 VllI
527 1532 567 1570 p.
592 1519 666 1569 397
694 1518 757 1558 ed.
787 1517 971 1570 Reisk.);
993 1517 1171 1556 Stohaeus

114 1576 248 1615 Pluril.
280 1577 359 1616 Tit.
392 1582 441 1621 4ο
462 1586 559 1617 tom.
597 1577 633 1615 ll
658 1592 699 1630 p.
723 1578 773 1615 80
800 1577 862 1616 ed.
885 1577 1010 1617 Gaisf.
1029 1576 1170 1616 Verbis

112 1634 405 1687 Empedocleis,
441 1636 586 1687 quibus
610 1636 872 1689 philosophus
906 1637 1054 1688 prioris
1079 1637 1172 1674 vitae

112 1694 348 1733 desiderium
370 1696 579 1747 exprimit,
599 1697 656 1734 sic
677 1696 864 1748 praefatur
876 1695 1056 1734 Clemens
1077 1710 1085 1732 :
1103 1696 1169 1747 οὐχ

113 1752 265 1806 ὓὸρίζων
293 1753 352 1792 τὸν
374 1755 588 1808 πειράζοντα
612 1755 662 1808 (i.
684 1768 719 1794 e.
745 1754 966 1807 diabolum)
997 1753 1174 1793 παιδεύων

115 1812 152 1851 δέ
163 1842 173 1862 ,
189 1805 290 1863 οἶμαι
302 1844 313 1865 ,
331 1813 395 1852 καὶ
418 1813 572 1867 ἐλέγχων

223 1904 258 1951 ἐξ
277 1902 352 1952 οἵης
373 1907 480 1956 τιμῆς
505 1905 565 1945 καὶ
582 1904 654 1945 οἵου
675 1905 808 1957 μήκεος
824 1905 951 1952 ὅλὸου,

63 2022 66 2025 -
114 1997 161 2043 ὥς
180 2013 286 2052 φησιν
304 1998 573 2049 Ἐμπεδοκλῆς,
597 1992 667 2037 {538⁵
684 1997 799 2038 λιπὼν
816 1997 908 2038 κατὰ
935 2001 1068 2046 θνητῶν
1083 2001 1172 2037 ἀνα-

115 2058 316 2113 στρέφεται.
334 2058 379 2096 In
401 2059 535 2111 priore
555 2071 672 2097 versu
691 2072 766 2111 pro
786 2058 846 2097 καὶ
868 2056 940 2098 οἴου
962 2058 1174 2097 Plutarcho

116 2127 275 2157 auctore
294 2118 502 2168 legendum
521 2131 606 2156 esse
626 2133 663 2156 τε
689 2118 748 2157 καὶ
769 2117 875 2157 ὅσσου
901 2126 1085 2170 apparet,
1106 2118 1174 2157 sed

117 2191 204 2230 quae
232 2177 439 2230 subjungit
470 2177 678 2226 Clemens,
713 2178 755 2216 in
775 2178 825 2216 iis
856 2190 1014 2229 quoque
1037 2191 1175 2216 versus

115 2237 283 2287 vestigia
311 2249 518 2289 superesse
549 2250 665 2276 nemo
688 2251 767 2275 non
791 2237 911 2275 videt.
946 2236 1176 2275 Karstenius

118 2310 193 2350 pro
208 2294 320 2336 λιπὼν
342 2296 475 2348 posuit
498 2295 616 2335 πεσὼν
637 2306 800 2349 propter
815 2296 965 2335 Plotini
985 2295 1110 2335 verba
1127 2299 1178 2335 ci-

119 2364 198 2395 tata
219 2355 268 2394 ad
295 2370 336 2394 v.
362 2370 386 2407 9
422 2364 460 2394 et
479 2370 553 2409 pro
583 2356 860 2409 ἀναστρέφεται,
899 2354 1176 2408 ἀναστρέφομαι.

117 2411 246 2461 Quum
275 2426 372 2453 vero
405 2414 556 2453 deesset
588 2428 732 2453 nomen
762 2415 810 2453 ad
830 2414 936 2467 quod
966 2415 1178 2453 referretur

117 2473 210 2514 κατὰ
224 2474 476 2527 praepositio,
496 2475 767 2526 Empedoclem
786 2488 866 2513 non
886 2475 986 2513 male
1003 2474 1176 2526 suspica-

121 2542 182 2572 tus
201 2542 260 2572 est
280 2533 486 2585 scripsisse
511 2534 573 2571 vel
594 2526 663 2571 ὧδε
689 2531 805 2572 πεσὼν
836 2533 984 2576 δειλαῗος
1006 2531 1176 2584 ἀναστρέ-

119 2607 232 2645 φομαι
247 2590 337 2642 μετὰ
349 2593 482 2638 θνητῶν
499 2591 562 2630 vel
575 2585 644 2630 (ἷδε
659 2590 775 2630 πεσὼν
790 2594 992 2641 κευθμῶνας
1007 2590 1178 2644 ἀναστρέ-

119 2665 232 2704 φομαι
263 2649 353 2689 κάτα
387 2652 536 2697 θνητῶν.
577 2650 765 2701 Bergkius
789 2650 838 2689 de
865 2650 975 2703 Emp.
1006 2664 1174 2703 prooem.

120 2723 161 2762 p.
201 2710 248 2747 33
272 2709 444 2761 conjecit
468 2702 535 2748 ὧδε
567 2707 681 2748 λιπὼν
714 2710 891 2761 λειμῶνας
912 2707 1177 2763 ἀναστρέφομαι

120 2768 214 2808 κατὰ
233 2771 367 2816 θνητῶν
380 2799 390 2817 ,
413 2768 517 2821 quod
534 2782 675 2808 vereor
691 2778 734 2808 ut
747 2768 908 2822 probari
929 2769 1065 2822 possit.
1079 2769 1177 2808 Mihi

120 2829 339 2868 litterarum
371 2828 511 2867 ductus
548 2831 764 2880 versusque
793 2829 981 2881 reliquias
1009 2829 1178 2867 intuenti

120 2888 359 2928 exarandum
376 2887 534 2927 videtur
550 2880 616 2926 ὦδε
631 2887 740 2933 τάλας
759 2889 937 2941 λειμῶνας
954 2888 1178 2943 ἀναστρέφο-

121 2963 187 2999 μαι
206 2948 297 2986 κάτα
317 2949 465 2995 θνητῶν.
486 2947 619 3000 Neque
651 2948 755 2986 enim
778 2949 995 3000 quidquam
1021 2947 1175 2997 obstat,

76 3008 79 3009 ⁷
122 3007 220 3060 quin
246 3001 315 3046 ὦδε
335 3007 438 3046 idem
461 3020 545 3046 esse
575 3007 642 3045 hic
671 3016 885 3047 statuamus
913 3007 1019 3060 quod
1048 3006 1176 3056 οὕτως,

124 3080 240 3117 quam
264 3067 346 3106 vim
368 3067 568 3118 plerisque
588 3066 747 3106 Homeri
763 3075 800 3106 et
820 3067 1057 3118 tragicorum
1081 3066 1179 3105 locis

58 3125 63 3128 ’
121 3124 214 3164 huic
232 3126 432 3178 particulae
446 3125 570 3164 tribui
585 3127 771 3165 convenit
784 3127 892 3165 velut
907 3126 1010 3179 apud
1025 3125 1181 3177 AEschy·

123 3184 204 3223 lum
223 3185 359 3224 Proin.
394 3199 433 3225 v.
461 3185 534 3237 159
555 3184 606 3230 τίς
628 3179 696 3224 ὧδε
725 3186 972 3239 τλησικάρδιος
997 3187 1083 3224 θεῶν
1110 3185 1179 3238 ὅτῳ

123 3243 201 3282 τάδ’
216 3246 371 3298 ἐπιχαρῆ
383 3261 393 3294 ;
407 3245 842 3296 quamvis‘Buttmanno
858 3245 1032 3284 Gramm.
1056 3244 1177 3295 ampl.

124 3310 218 3342 tom.
249 3302 286 3341 ll
322 3317 361 3355 p.
401 3305 478 3342 286
505 3304 696 3343 assentiar
726 3304 876 3351 τοπικὴν
903 3305 1009 3343 illam
1031 3303 1181 3342 voculae

125 3362 455 3413 significationem
477 3377 593 3415 quam
615 3364 866 3403 Aristarchus
890 3365 931 3402 in
962 3363 1182 3402 Homericis

125 3421 368 3461 carminibus
387 3423 554 3474 reperiri
572 3423 739 3474 negabat
754 3424 861 3475 (vid.
881 3423 1013 3462 Lehrs.
1035 3423 1083 3461 de
1099 3423 1183 3460 Ari-

125 3481 268 3519 starchi
289 3481 430 3520 studiis
451 3482 671 3522 Homericis
699 3497 738 3535 p.
770 3483 840 3535 84)
864 3483 972 3521 omni
996 3490 1105 3520 aetate
1140 3483 1180 3519 in

116 3552 198 3578 ·usu
215 3540 333 3579 fuisse
347 3541 506 3582 dicenti.

1279 389 1344 430 Vs.
1367 404 1410 438 17
1444 390 1593 440 legitur
1618 390 1722 441 apud
1743 389 1982 429 Clementem
2005 392 2116 432 Alex.
2139 393 2282 432 Strom.

1228 448 1285 487 lll
1307 463 1349 501 p.
1372 450 1448 494 432
1471 449 1513 488 B.
1534 448 1713 486 Declarat
1732 458 1846 500 poeta
1862 463 1978 500 quem
2000 450 2175 489 dolorem
2199 466 2286 503 per-

1229 509 1377 560 ceperit
1404 522 1453 547 ex
1480 517 1639 560 aspectu
1660 516 1793 555 terrae,
1817 521 1938 559 quum
1959 508 2131 559 primum
2152 523 2173 548 e
2193 511 2286 548 deo-

1229 582 1315 606 rum
1340 567 1499 606 sedibus
1527 567 1758 606 exturbatus
1778 568 1820 606 in
1846 568 1946 606 hanc
1976 568 2095 606 vitam
2126 570 2287 621 profici-

1230 635 1414 666 sceretur.
1429 626 1584 665 Excidit
1604 627 1767 665 sortasse
1782 625 2012 678 hujusmodi
2035 629 2256 667 versiculus
2280 641 2289 668 ι

1282 713 1431 768 ἄπτερος
1449 714 1516 762 ὤν,
1533 715 1654 763 θνητὸς
1672 714 1842 768 προτέρου
1859 716 1891 753 τ’
1911 717 2035 760 αἰῶνος
2055 717 2220 769 ἀμερθείς

1230 817 1319 847 ante
1337 808 1476 848 κλαῧσά
1496 824 1533 847 τε
1551 824 1586 848 κ.
1604 824 1636 848 τ.
1658 810 1691 848 λ.
1715 809 1759 847 ld
1780 808 2041 861 probabiliter
2064 810 2226 860 colligas
2244 825 2292 850 ex

1231 868 1427 907 Hieroclis
1447 869 1489 907 in
1510 881 1668 907 carmen
1686 882 1771 907 aur.
1795 882 1937 907 comm.
1961 882 2001 921 p.
2024 870 2133 917 18δὴ
2156 869 2191 907 δὲ
2211 869 2288 924 ἔφε-

1232 943 1286 972 σις
1305 931 1366 966 τοῦ
1386 926 1573 982 φεύγοντος
1597 926 1654 966 τὸν
1672 930 1734 975 τ’ῆς
1750 925 1858 976 Ἄτης
1873 928 2032 976 λειμῶνα
2053 928 2138 980 πρὸς
2155 929 2213 968 τὸν
2228 932 2290 977 τῆς

1233 986 1397 1035 ἀληθείας
1420 985 1597 1039 ἐπείγεται
1608 988 1766 1038 λειμῶνα
1778 1001 1787 1011 ·
1804 986 1842 1026 ὃν
1858 985 2043 1026 ἀπολιπὼν
2056 990 2102 1036 τῇ
2123 989 2215 1040 ὁρμῇ
2231 991 2293 1036 τ’ἧς

1232 1045 1525 1099 πτεροῤῥυήσεως
1545 1047 1592 1090 εἷς
1608 1046 1726 1097 γήινον
1745 1045 1887 1099 ἔρχεται
1905 1048 2010 1097 σῶμα
2029 1045 2150 1086 ὄλὸίου
2171 1049 2295 1092 αἰῶνος

1234 1104 1418 1157 ἀμερθείς,
1436 1105 1478 1143 in
1499 1105 1645 1156 quibus
1665 1105 1798 1143 verbis
1814 1118 2001 1144 versuum
2030 1105 2292 1158 Empedocle-

1234 1177 1350 1202 orum
1372 1164 1561 1215 reliquias
1584 1165 1713 1202 inesse
1732 1164 1884 1216 poetica
1901 1164 2022 1203 dictio
2041 1165 2183 1215 arguit.

1287 1222 1372 1261 Vss.
1408 1223 1543 1261 18-21.
1568 1223 1723 1277 ἀτερπέα
1757 1222 2183 1281 χῶρον-ἠλάσκουσιν]
2213 1227 2294 1266 Hos

1233 1296 1370 1321 versus
1387 1291 1529 1334 praeter
1546 1297 1596 1321 20
1619 1283 1747 1322 laudat
1764 1284 1964 1323 Hierocles
1986 1285 2027 1323 in
2048 1286 2142 1324 Aur.
2160 1286 2291 1327 Carm.

1236 1357 1276 1394 p.
1303 1343 1376 1387 143
1397 1342 1458 1383 ed.
1479 1352 1600 1383 nostr.
1618 1342 1704 1382 Vss.
1726 1358 1771 1393 19
1792 1351 1830 1382 et
1850 1358 1919 1392 21,
1942 1344 2088 1383 omisso
2107 1345 2201 1383 item
2232 1360 2292 1386 vs.

1236 1416 1301 1449 20,
1323 1401 1513 1454 Synesius
1534 1403 1582 1441 de
1608 1403 1732 1441 Prov.
1758 1403 1773 1442 Ι
1804 1417 1846 1453 p.
1878 1404 1928 1453 89
1959 1404 2014 1452 1);
2037 1406 2294 1456 posteriorem

1237 1462 1376 1501 horum
1397 1462 1499 1500 idem
1523 1462 1591 1515 Ep.
1616 1464 1690 1507 148
1708 1477 1747 1514 p.
1772 1463 1864 1502 283.
1881 1462 1968 1501 Vss.
1994 1478 2040 1515 19
2061 1472 2099 1502 et
2126 1478 2176 1502 20
2198 1465 2294 1504 Pro-

1237 1522 1376 1561 clusin
1394 1521 1595 1573 Cratylum
1614 1536 1651 1574 p.
1674 1524 1745 1560 103
1762 1522 1824 1562 ed.
1842 1522 2036 1570 Boisson.‚
2053 1537 2131 1561 non
2143 1524 2295 1576 adjecto

1239 1581 1488 1633 Empedoclis
1508 1582 1669 1620 nomine
1683 1610 1693 1628 ,
1717 1581 1785 1619 sed
1807 1581 1945 1620 horum
1965 1585 2176 1634 posterior,
2195 1597 2217 1622 a
2234 1598 2296 1624 me

1237 1642 1351 1679 uncis
1378 1641 1576 1689 inclusus,
1599 1640 1748 1692 injuria
1778 1641 2017 1694 philosopho
2042 1643 2171 1693 qualis
2193 1657 2296 1683 nunc

1237 1708 1294 1737 est
1320 1699 1462 1738 ascribi
1492 1699 1666 1739 videtur.
1690 1698 1755 1739 Vs.
1777 1714 1822 1738 21
1846 1701 1938 1738 citat
1963 1701 2078 1738 etiam
2113 1701 2296 1742 Julianus

1240 1758 1458 1810 Imperator
1492 1758 1535 1797 in
1561 1758 1666 1797 Orat.
1689 1773 1727 1807 7.
1761 1759 1962 1798 Hierocles
1991 1760 2038 1798 de
2075 1761 2180 1810 genii
2212 1762 2296 1800 sive

1238 1819 1534 1871 hominislapsu
1555 1819 1597 1857 in
1612 1827 1753 1857 terram
1773 1819 1926 1858 locutus
1942 1819 1994 1857 ita
2014 1821 2168 1871 pergit:
2186 1822 2296 1860 ἄνεισι

1239 1877 1274 1916 δὲ
1291 1878 1352 1916 καὶ
1377 1876 1437 1925 τὴν
1460 1876 1612 1931 ἀρχαίαν
1627 1875 1695 1922 ἕξιν
1717 1876 1975 1928 ἀναλαμὸάνει,
1994 1880 2023 1916 εἷ
2039 1877 2142 1931 φύγοι
2158 1878 2201 1919 τὰ
2216 1880 2297 1932 περὶ

1238 1939 1303 1988 γ’ἧν
1321 1935 1456 1976 καὶτὸν
1476 1935 1655 1989 ’,ἀτερπέα
1675 1935 1830 1988 χῶρον,”
1850 1938 1896 1980 ὡς
1925 1936 2029 1981 αὐτὸς
2057 1936 2165 1989 λέγει,
2190 1936 2296 1990 Ηένθα

1240 1996 1355 2042 Φόνος
1379 2011 1417 2034 τε
1446 1995 1558 2039 Κότος
1580 2010 1619 2034 τε
1638 1995 1698 2034 καὶ
1719 1995 1836 2034 ἄλλων
1859 1994 1958 2034 ἔθνεα
1980 1997 2131 2048 Κηρῶν,
2167 1996 2239 2041 ”ε’ἷς
2260 1996 2296 2037 ὃν

1239 2057 1269 2094 οἱ
1285 2054 1499 2107 ἐμπεσόντες
1510 2053 1569 2107 ’,Ἄ
1577 2070 1638 2102 της
1653 2052 1694 2093 ἂν
1705 2054 2173 2105 λειμῶνα-ἠλάσκουσιν”.
2184 2056 2298 2098 Unde

1240 2115 1428 2167 conjicias
1444 2114 1641 2162 ἠλάσκουσι
1661 2129 1741 2153 non
1762 2116 1810 2154 ad
1828 2115 1943 2159 Φόνος
1961 2125 1997 2154 et
2015 2115 2127 2160 Κότος
2147 2129 2168 2154 a
2184 2126 2298 2168 poeta

1239 2189 1323 2214 esse
1343 2175 1507 2214 relatum
1521 2206 1531 2222 ,
1564 2174 1631 2213 sed
1655 2175 1703 2213 ad
1726 2188 1794 2214 eos
1820 2175 1889 2226 qui
1920 2187 1941 2213 e
1961 2176 2063 2213 coelo
2092 2177 2132 2213 in
2154 2184 2295 2215 terram

1239 2236 1457 2274 deciderint
1474 2235 1575 2288 (τοὺς
1595 2233 1835 2287 ἐμπεσόντας)
1850 2265 1859 2284 ,
1877 2243 1992 2285 atque
2009 2247 2159 2273 errasse
2180 2235 2298 2287 Syne-

1239 2296 1363 2343 sium,
1383 2296 1452 2347 qui
1473 2308 1629 2334 versum
1656 2293 1737 2332 ἔνθα
1755 2293 1870 2338 Φόνος
1888 2294 1967 2332 κτλ.
1992 2308 2079 2332 cum
2098 2304 2297 2346 postremo

1238 2349 1613 2401 Ἄτης-ἠλάσκουσιν
1631 2354 1775 2403 jungit.
1796 2352 1976 2392 Fortasse
1993 2353 2141 2392 excidit
2159 2354 2296 2406 hujus-

1241 2414 1347 2452 modi
1378 2426 1512 2452 versus
1541 2442 1549 2450 .
1583 2406 1633 2456 οἷς
1670 2412 1821 2465 μέροπες
1851 2411 1957 2451 δειλοὶ
1978 2411 2075 2462 μάλα
2103 2413 2297 2465 τειρόμενοι

1241 2473 1367 2526 φρένας
1387 2472 1462 2510 αἰὲν
1483 2480 1571 2510 ante
1589 2469 1698 2518 Ἄτης
1725 2473 1817 2510 κτλ.-
1839 2470 2088 2522 Non'magna
2115 2472 2297 2512 lectionis

1241 2532 1447 2571 diversitas
1463 2539 1534 2570 est.
1557 2531 1749 2570 Hieroclis
1769 2530 1961 2570 editiones
1978 2531 2176 2583 pleraeque
2195 2533 2298 2571 clau—

1240 2592 1395 2631 dicante
1422 2599 1545 2628 metro
1564 2589 1710 2628 habent
1733 2604 1741 2628 ε
1759 2587 1865 2638 Ἄτης
1888 2589 1952 2628 ἀνὰ
1964 2591 2062 2639 λειμ.
2080 2606 2119 2629 τε
2136 2590 2196 2629 καὶ
2215 2591 2296 2630 σκό-

1239 2667 1297 2696 τος
1312 2650 1518 2703 probatum
1536 2649 1631 2687 olim
1655 2648 1854 2699 Scaligero
1872 2649 1975 2701 apud
1998 2649 2125 2689 Karst.
2145 2664 2184 2701 p.
2206 2651 2294 2698 165;

1241 2710 1330 2748 cod.
1352 2709 1455 2748 Med.
1479 2707 1521 2747 ἂν
1551 2708 1710 2759 λειμῶνα
1733 2708 1838 2760 quod
1859 2722 1931 2759 ego
1949 2710 2079 2761 recepi
2106 2723 2193 2761 pag.
2222 2712 2294 2755 143

1241 2782 1335 2807 meae
1351 2767 1553 2807 editionis.
1577 2767 1765 2818 Synesius
1787 2764 1868 2809 :''A.
1886 2768 1920 2806 ἐν
1936 2768 2082 2818 λειμῶνι
2100 2767 2193 2807 κατὰ
2214 2768 2296 2808 σκό-

1241 2843 1316 2868 τον.
1349 2827 1531 2866 Julianus
1566 2840 1575 2864 ε
1605 2822 1664 2868 Ἄ.
1698 2827 1733 2865 ἐν
1754 2827 1902 2878 λειμῶνι
1924 2825 2016 2865 κατὰ
2044 2826 2168 2866 σκότον
2203 2828 2298 2875 ἠλά-

1243 2902 1398 2926 σκονται.
1420 2886 1591 2925 Omnino
1611 2886 1836 2939 ponendum
1852 2885 1893 2924 ἂν
1910 2887 2068 2937 λειμῶνα
2086 2887 2191 2938 quod
2206 2901 2296 2939 pro-

1242 2955 1329 2998 pter
1351 2947 1487 2985 formae
1508 2946 1758 2985 insolentiam
1781 2959 1803 2984 a
1825 2945 2002 2985 librariis
2032 2955 2219 2985 mutatum
2240 2956 2299 2985 est

1242 3009 1284 3046 in
1305 3007 1339 3045 ἐν
1355 3007 1515 3056 λειμῶνι.
1537 3005 1627 3044 Noti
1645 3013 1736 3044 sunt
1752 3005 1830 3044 loci
1851 3005 2071 3053 Homerici,
2089 3005 2129 3043 in
2154 3003 2300 3056 quibus
2356 3049 2359 3052 Α

1245 3066 1286 3105 ἂν
1320 3066 1382 3104 vel
1410 3064 1463 3117 ἂμ
1485 3079 1559 3118 pro
1594 3065 1660 3103 ἀνὰ
1690 3065 1867 3117 ponitur.
1906 3065 2095 3103 Similiter
2123 3064 2295 3115 AEschyl.

1243 3125 1421 3178 Supplic.
1441 3139 1483 3164 v.
1510 3125 1586 3171 346
1605 3125 1669 3176 (v.
1691 3125 1767 3162 362
1786 3123 1848 3165 ed.
1867 3123 2031 3176 Schutz)
2050 3123 2298 3163 λευκόστικτον

1245 3187 1290 3229 ὡς
1311 3184 1463 3235 δάμαλιν
1483 3182 1534 3234 ἂμ
1554 3183 1699 3237 πέτραις
1723 3182 1919 3230 ἡλιὸἄτοις.
1941 3183 2000 3223 Cf.
2023 3182 2182 3221 Boeckh.
2204 3196 2245 3222 V.
2270 3183 2296 3222 l.

1243 3244 1358 3283 Pind.
1376 3243 1438 3282 Ol.
1459 3243 1546 3295 Vll,
1564 3245 1629 3282 61.
1649 3243 1839 3282 Miramur
1860 3252 1986 3282 autem
2006 3243 2081 3281 hoc
2099 3241 2140 3281 ἂν
2161 3255 2183 3280 a
2203 3242 2301 3280 Kar-

1246 3303 1373 3343 stenio
1398 3312 1436 3342 et
1462 3303 1629 3353 Bergkio
1663 3302 1748 3342 sine
1780 3311 1942 3341 accentu
1979 3315 2062 3341 esse
2095 3302 2297 3353 scriptum.

1246 3363 1440 3402 Praeterea
1460 3362 1563 3415 epici
1580 3362 1775 3401 sermonis
1793 3361 2054 3412 consuetudo,
2079 3374 2194 3412 quam
2215 3359 2299 3397 Em-

1247 3422 1429 3474 pedocles
1458 3422 1707 3475 potissimum
1743 3422 1938 3474 sequitur,
1979 3434 2057 3459 non
2085 3418 2151 3469 (τὸ)
2182 3417 2302 3460 σκότος

1248 3482 1436 3532 requirit,
1459 3481 1527 3520 sed
1553 3479 1661 3534 (τὸν)
1686 3479 1810 3519 σκότον
1825 3510 1836 3528 ,
1860 3494 1946 3532 quae
1967 3480 2046 3518 viri
2068 3479 2172 3517 docti
2201 3491 2303 3529 pro-

1251 3541 1398 3579 miscua
1414 3540 1646 3579 habuerunt.
1665 3540 1843 3591 Denique
1866 3539 2063 3578 llierocles
2092 3537 2191 3590 φόνος
2211 3549 2303 3587 prae-

2168 3610 2194 3637 2.
