2612 3814
221 231 297 264 504

338 308 382 347 B.
415 307 612 346 ΦΥΣΙΚΑ
647 306 735 346 ΚΑΙ
765 305 1130 345 ΜΑΘΗΜΑΤΙΚΑ.

384 428 430 467 α’.
460 427 526 468 Ἐκ
546 431 606 467 τοῦ
630 428 707 481 περὶ
727 434 789 472 τᾶς
809 432 1079 478 μαθηματικᾶς.

264 540 293 578 l.
326 538 468 590 Λέγει
488 535 533 576 δὲ
556 537 614 590 (Ἀ
631 537 793 590 ρχύτας
813 541 831 577 δ
859 536 1187 589 Πυθαγόρειος)
1217 537 1259 575 ἐν

208 601 266 651 τῷ
300 597 401 651 περὶ
432 599 769 648 μαθηματικῆς
797 595 927 640 εὐθὺς
953 596 1261 648 ἐναρχόμενος

207 661 284 696 τοῦ
318 657 453 709 λόγου
481 656 606 695 τάδε’

265 717 393 760 Καλῶς
410 730 469 766 μοι
502 717 658 754 δοκοῦντι
679 715 734 766 (οἳ
758 713 838 766 περὶ
860 713 1073 766 Πυθαγόραν
1089 714 1101 765 )
1120 712 1159 751 τὸ
1175 713 1259 766 περὶ

207 775 251 815 τὰ
273 776 470 826 μαθήματα
491 775 699 825 διαγνῶναι,
719 772 779 810 καὶ
800 770 896 811 οὐθὲν
912 772 1041 811 ἄτοπον
1059 773 1168 824 ὀρθῶς
1190 773 1258 810 αὐ-

206 834 274 880 τὼ·
300 851 380 887 περι
401 834 547 872 ἕκαστον
576 831 716 883 θεωρέν.
775 831 866 885 Περὶ
883 831 953 883 γὰρ
981 837 1042 875 τᾶς
1067 833 1136 869 τῶν
1166 829 1259 869 ὅλων

207 896 327 949 φύσιος
346 896 462 938 καλῶς
486 891 704 944 διαγνόντες,
726 889 873 942 ἔμελλον
893 889 955 931 καὶ
976 889 1058 943 περὶ
1077 891 1147 928 τῶν
1166 888 1260 928 κατὰ

208 955 333 1007 μέρος,
358 947 414 992 οἶά
449 953 538 999 ἐντι,
570 952 743 1004 ὀψεὶσθαι.
803 949 895 1003 Περί
930 964 968 988 τε
1008 949 1050 996 δὴ
1087 954 1151 995 τᾶς
1191 951 1260 988 των

208 1013 344 1066 ἄστρων
365 1018 580 1064 ταχυτᾶτος,
599 1009 660 1048 καὶ
676 1009 866 1057 ἕπιτολᾶν,
883 1024 944 1048 και
962 1007 1089 1047 δυσίων
1100 1008 1262 1062 παρέδυ)-

207 1088 272 1115 καν
311 1072 395 1123 ἁμῖν
419 1069 627 1121 διειὶγνιιιιτινο
659 1067 720 1108 καὶ
748 1067 832 1121 περὶ
860 1066 1076 1121 γαμετρίας,
1096 1068 1156 1106 καὶ
1179 1069 1258 1120 ἀρι-

207 1133 325 1182 Ομων,
346 1130 406 1169 καὶ
427 1131 492 1181 οὐχ
510 1128 640 1175 ἥκιστα
659 1128 739 1180 περὶ
759 1132 918 1178 μωσικᾶς
936 1131 969 1150 ⁸·
987 1130 1101 1166 ταῦτα
1120 1126 1188 1180 γὰρ
1215 1125 1260 1165 τὰ

207 1188 403 1238 μαθήματα
433 1188 591 1226 δοκουντι
621 1190 712 1238 ἠμεν
741 1185 758 1210 ¹³
787 1186 953 1240 ἀδελφεοί.
1030 1189 1174 1239 Πρᾶτον
1197 1185 1260 1238 μὲν

206 1250 255 1287 ὠν
283 1247 495 1302 ἐσκέψαντο,
526 1245 578 1285 ὅτι
600 1247 638 1286 οὗ
666 1245 810 1285 δυνατόν
846 1241 961 1285 ἐντιτ
938 1262 1029 1298 ημεν
1049 1246 1161 1300 ψόφον
1176 1275 1186 1295 ,
1207 1246 1258 1298 μὴ

206 1306 408 1379 γεναθείσας
433 1308 572 1357 πλαγᾶς
599 1322 703 1346 τινων
724 1305 807 1345 ποτὶ
828 1305 981 1345 ἄλλαλα.
1048 1306 1199 1359 Πλαγὰν
1224 1305 1260 1345 δὲ

207 1366 294 1419 ἔφαν
311 1365 486 1419 γίνεσθαι,
506 1365 597 1406 ὅκκα
628 1365 673 1406 τὰ
693 1365 867 1420 φερόμενα
887 1365 1179 1411 ἀπαντιάξωντι“
1203 1366 1261 1404 ἁλ-

205 1427 340 1470 λάλοις.
399 1425 621 1478 Συμποτητὰ
637 1424 655 1449 ‘¹
674 1425 739 1476 μὲν
759 1425 919 1464 ἐναντίαν
941 1425 1049 1478 φορὰν
1067 1423 1257 1477 φερόμενα,

207 1485 466 1532 ἀπαντιάζοντα
491 1484 581 1524 αὗτὰ
602 1485 719 1528 αὑτοῖς
738 1486 754 1506 ⁰
773 1485 956 1536 συγχαλᾶν
970 1499 979 1507 ·
1007 1482 1052 1521 τὰ
1078 1482 1114 1522 δὲ
1135 1481 1262 1533 ὁμοίως

208 1545 405 1598 φερόμενα,
428 1543 477 1594 μὴ
504 1544 571 1597 ἴσῳ
603 1543 638 1582 δὲ
658 1542 786 1596 τάχει,
825 1542 1258 1596 περικαταλαμὸανόμενα

206 1604 301 1656 παρὰ
323 1601 333 1626 ¹
352 1606 421 1642 τῶν
449 1601 732 1656 ἐπιφερομένων,
754 1601 957 1652 τυπτόμενα
977 1601 1074 1640 ποιὲν
1094 1625 1113 1649 g
1132 1600 1258 1655 ψόφον.

213 1661 362 1703 Πολλὼς
382 1661 445 1712 μὲν
471 1661 513 1710 δὴ
539 1662 653 1700 αὐτῶν
673 1662 736 1700 οὐκ
763 1660 836 1700 ἕντι
862 1661 964 1712 ἁμῶν
993 1666 1039 1715 τᾷ
1067 1661 1150 1714 φύσι
1170 1661 1262 1706 οἵους

1159 221 1424 263 ARCHYTAE

1328 319 1364 342 τε
1383 302 1637 354 γινώσκεσθαι·
1658 302 1725 347 τὼς
1753 302 1815 354 μὲν
1840 302 1899 342 διὰ
1920 302 1983 342 τὰν
2005 303 2185 343 ἀσθένειαν
2210 309 2272 348 τᾶς
2289 305 2382 343 πλα-

1327 367 1393 413 γᾶς
1407 376 1414 384 ·
1435 361 1504 405 τὼς
1525 361 1562 400 δὲ
1591 360 1649 400 διὰ
1668 361 1710 400 τὸ
1731 367 1843 414 μᾶκος
1863 367 1928 406 τᾶς
1950 363 2008 415 ἀφ’
2030 362 2132 413 ἁμῶν
2153 363 2382 407 ἀποστάσιος·

1327 419 1423 464 τινὰς
1449 419 1485 458 δὲ
1507 419 1565 459 καὶ
1584 418 1643 459 διὰ
1663 419 1727 459 τὰν
1748 419 1948 473 ὑπερὸολᾶν
1968 423 2019 460 τῶ
2051 422 2230 473 μεγέθεος·
2249 422 2287 460 οὗ
2314 421 2383 475 γὰρ

1328 478 1572 531 παραδύεσθαι
1609 481 1657 524 εἷς
1688 479 1753 519 τὰν
1783 479 1892 519 ἀκοὰν
1924 480 2009 531 ἁμῖν
2034 480 2103 526 τὼς
2125 480 2288 533 μεγάλως
2313 483 2383 520 τῶν

1327 537 1469 590 ψόφων,
1490 536 1587 576 ὥσπε
1595 554 1613 591 ρ
1643 537 1721 577 ουδὲ
1743 537 1788 577 τὰ
1815 538 1978 590 σύστομα
2004 542 2075 578 τῶν
2095 540 2266 613 τευχέων,
2292 539 2382 580 ὅκκα

1326 596 1417 635 πολύ
1435 612 1486 642 τις
1507 597 1638 650 ἐγχέῃ,
1668 598 1766 636 οὐδὲν
1787 600 1958 651 ἐγχεῖται.
2015 599 2072 639 Τὰ
2089 599 2154 650 μὲν
2170 592 2219 638 ῶν
2240 599 2383 639 ποτιπέ-

1325 671 1459 695 πτοντα
1487 657 1570 696 ποτι
1593 655 1656 695 τὰν
1687 656 1869 705 αἴσθασιν,
1890 657 1934 696 τὰ
1954 656 2018 708 μὲν
2052 658 2123 697 ἀπὸ
2149 665 2213 697 τᾶν
2240 659 2382 710 πλαγᾶν

1324 713 1416 766 ταχὺ
1438 713 1697 765 παραγίνεται,
1714 714 1775 754 καὶ
1795 714 1874 760 ὀξέα
1897 714 2079 769 φαίνεται,
2100 716 2144 754 τὰ
2163 715 2199 755 δὲ
2226 716 2383 769 βραδέως

1326 773 1386 812 καὶ
1410 773 1597 821 ἀσθενέως,
1620 774 1732 828 βαρέα
1752 775 1910 814 δοκοῦντι
1931 770 2032 827 ἦμεν.
2091 777 2138 815 Αἰ
2160 776 2228 829 γάρ
2247 793 2297 821 τις
2324 777 2385 829 ῥά·

1327 831 1407 870 ὅδον
1442 831 1562 871 λαὸὼν
1597 840 1687 874 κινοῐ
1718 835 1828 887 ὀρθῶς
1854 833 1916 873 καὶ
1952 834 2141 882 α’σθενέως,
2174 841 2221 889 τᾷ
2259 837 2383 890 πλαγᾷ

1326 890 1434 943 βαρὺν
1457 898 1598 931 ποιασεί
1631 891 1649 916 ¹¹
1680 892 1739 932 τὸν
1769 892 1901 947 ψόφον·
1931 894 1968 932 αἰ
2002 893 2038 932 δὲ
2069 893 2231 947 κατταχύ
2260 910 2297 933 τε
2324 895 2386 935 καὶ

1325 948 1502 1004 ἰσχυρῶς,
1525 950 1618 997 ὀξύν.
1678 953 1734 992 Οὐ
1773 952 1878 1004 μόνον
1907 952 1943 991 δὲ
1972 952 2066 991 κατὰ
2090 957 2192 993 τοῦτο
2218 954 2384 1005 γνοίημες

1325 1011 1390 1055 ἀν,
1425 1009 1516 1048 ἀλλὰ
1552 1009 1614 1048 καὶ
1646 1008 1735 1050 ὅκκα
1769 1007 1922 1061 ἆμὲς“ἢ
1954 1010 2112 1063 λέγωμες
2145 1010 2168 1058 ἢ
2197 1013 2387 1063 ἀείδωμες,

1323 1067 1500 1120 χρῄζομες
1529 1068 1588 1107 καὶ
1619 1069 1711 1121 μέγα
1733 1067 1945 1122 φθέγξασθαι
1973 1070 2034 1109 καὶ
2064 1069 2140 1119 ὀξύ,
2169 1072 2308 1125 σφοδρῷ
2332 1074 2384 1125 τῷ

1325 1126 1500 1178 πνεύματι
1519 1127 1766 1181 φθεγγόμενοι.
1823 1125 1909 1168 Ἔτι
1924 1128 1960 1167 δὲ
1975 1128 2036 1167 καὶ
2055 1129 2158 1169 τοῦτο
2178 1129 2382 1182 συμὸαίνει,

1325 1183 1447 1237 ὥσπερ
1471 1186 1529 1225 ἐπὶ
1556 1187 1689 1238 βελῶν·
1711 1187 1756 1225 τὰ
1778 1185 1842 1238 μὲν
1871 1189 2025 1261 ἰσχυρῶς
2051 1188 2226 1259 ἀφιέμενα
2260 1188 2384 1242 πρόσω

1326 1243 1489 1297 φέρεται,
1519 1245 1563 1283 τὰ
1598 1244 1633 1284 δὲ
1657 1245 1850 1295 ἀσθενέως,
1885 1246 2006 1298 ἐγγύς’
2035 1252 2107 1292 τοῖς
2137 1247 2205 1302 γὰρ
2233 1249 2388 1302 ἰσχυρῶς

1326 1304 1527 1366 φερομένοις
1544 1306 1678 1355 μᾶλλον
1707 1305 1880 1344 ὑπακούει
1901 1308 1919 1344 ὁ
1940 1305 2023 1358 ἀήρ,
2038 1311 2109 1350 τοῖς
2135 1307 2171 1345 δὲ
2188 1306 2360 1353 ἀσθενέως
2373 1337 2384 1356 ,

1325 1367 1448 1411 ἧσσον.
1506 1365 1623 1403 Τοῦτο
1641 1364 1676 1403 δὲ
1707 1364 1768 1403 καὶ
1796 1371 1874 1409 ταῖς
1899 1370 2030 1418 φωναῖς
2048 1365 2389 1420 congnoscat-15¹³

1331 1421 1410 1484 taiv-
1412 1420 1481 1460 ὑπὸ
1497 1424 1547 1460 τῶ
1575 1424 1711 1475 ἰσχυρῶ
1733 1424 1784 1462 τῶ
1806 1423 2005 1473 πνεύματος
2024 1424 2199 1478 φερομένα
2217 1423 2227 1448 ¹
2249 1406 2389 1477 μεγάλα

1329 1498 1368 1521 τε
1387 1485 1476 1532 ἠμεν
1499 1481 1559 1520 καὶ
1577 1481 1691 1529 ὀξεῖα,
1714 1487 1758 1534 τᾷ
1782 1485 1811 1504 ¹¹¹
1842 1480 1880 1520 δὲ
1906 1480 1973 1520 ὑπὸ
2008 1482 2188 1531 ἀσθενέος,
2209 1484 2321 1536 μικρά
2350 1498 2388 1523 τε

1330 1541 1390 1579 καὶ
1414 1541 1516 1592 βαρεῖ
1503 1556 1553 1578 ια.
1613 1539 1720 1579 Ἀλλὰ
1737 1540 1808 1589 μὰν
1831 1539 1891 1578 καὶ
1910 1555 2013 1579 τουτο
2033 1540 2237 1592 κατείδομες
2253 1542 2388 1595 ἰσχυρῶ

1325 1598 1425 1637 τόπω
1445 1598 1611 1651 ”cau-(Q)
1635 1601 1666 1646 ⁰,
1693 1597 1747 1637 ὅτι
1764 1600 1815 1637 τῶ
1835 1600 1930 1638 αὐτῶ
1947 1598 2172 1651 φθεγξαμένω
2193 1599 2284 1652 μέγα
2304 1600 2388 1650 μέν,

1325 1660 1505 1714 πόρσωθεν
1522 1660 1766 1712 κάκούσαμες·
1782 1660 1905 1715 μικρὸν
1923 1661 1980 1710 δέ,
1998 1661 2076 1701 οὐδὲ
2094 1662 2250 1714 ἐγγύθεν.
2282 1661 2389 1703 mn

208 1778 327 1819 tingere
344 1778 453 1810 animo
473 1777 609 1818 jubebat
625 1780 717 1810 tanta
734 1777 906 1810 incitatum
929 1777 1069 1819 aliquem
1098 1777 1265 1819 voluptate
1329 1780 1393 1810 tem
1414 1777 1483 1810 fieri
1499 1777 1672 1818 dixerunt,
1687 1777 1818 1819 quando
1836 1787 1910 1819 quae
1929 1779 2102 1811 moventur
2121 1778 2205 1811 inter
2225 1787 2261 1811 se
2277 1787 2390 1812 occur-

209 1837 371 1877 corporis‚
387 1838 507 1878 quanta
525 1835 645 1877 percipi
664 1838 772 1877 posset
787 1837 956 1869 maxima.
973 1835 1092 1869 nemini
1115 1835 1267 1869 censebat

1328 1839 1446 1868 rerent.
1489 1837 1573 1869 Nam
1592 1835 1734 1868 volantia
1753 1836 1886 1878 quidem
1901 1836 2014 1870 eodem
2031 1838 2196 1878 tempore,
2213 1846 2287 1879 quae
2309 1845 2387 1870 con·

209 1896 277 1928 sore
293 1895 448 1935 dubium,
463 1895 543 1936 quin
562 1894 708 1935 tamdiu,
718 1894 797 1928 dum
814 1896 858 1928 ita
874 1895 1047 1936 gauderet,
1057 1895 1137 1930 nibil
1149 1896 1267 1936 agitare
1298 1877 1430 1928 trario
1462 1898 1554 1928 motu
1584 1895 1743 1937 rei-untur,
1776 1897 1947 1939 postquam
1965 1895 2103 1929 invicem
2122 1898 2351 1936 occurrerunt,
2369 1905 2389 1929 a

208 1957 337 1996 niente,
362 1954 441 1987 nihil
470 1954 616 1994 ratione,
638 1954 717 1987 nihil
744 1954 938 1996 cogitatione
960 1955 1114 1997 consequi
1147 1959 1265 1996 posset.

1299 1994 1302 2005 Ι
1328 1956 1421 1988 motu
1445 1963 1603 1988 cessare:
1631 1963 1706 1996 qua:
1734 1957 1845 1988 autem
1870 1954 2018 1988 similiter
2049 1956 2206 1997 feruntur,
2239 1955 2296 1989 sed
2323 1965 2388 1989 non

210 2015 369 2054 Quocirca
400 2014 478 2046 niliil
495 2023 566 2047 esse
595 2017 662 2047 tam
690 2014 881 2047 detestabile
905 2016 1037 2056 tamque
1061 2015 1265 2056 pestiferum,
1298 2008 1302 2039 Ι
1329 2015 1448 2055 aequali
1470 2014 1656 2055 celeritate,
1674 2014 1876 2056 deprehensa
1894 2015 1936 2048 ab
1953 2015 2218 2057 insequentibus,
2234 2024 2388 2057 percussa

209 2082 308 2115 quam
325 2074 547 2115 voluptatemx
568 2073 595 2106 si
609 2073 742 2115 quidem
766 2082 821 2115 ea,
836 2083 940 2115 quum
954 2073 1056 2115 major
1069 2077 1154 2107 esset
1170 2077 1268 2115 atque
1299 2042 1302 2101 Ι
1329 2084 1448 2108 sonum
1465 2075 1571 2109 edere.
1617 2077 1741 2108 Horum
1761 2075 1894 2117 quidem
1917 2076 2039 2108 multos
2061 2084 2126 2118 non
2151 2075 2230 2108 tales
2246 2084 2333 2115 esse,
2351 2078 2388 2109 ut

207 2132 343 2176 longior,
357 2140 454 2165 omne
467 2132 565 2165 animi
578 2132 687 2165 lumen
699 2132 930 2173 exstingueret.
958 2134 960 2136 ’

251 2192 377 2232 (Cicero
393 2190 434 2224 de
456 2193 626 2225 Senectute
645 2200 716 2234 cap.
734 2191 818 2234 ΧΠ.)

251 2255 281 2283 8.
304 2252 427 2284 Verum
446 2259 522 2292 ergo
540 2250 618 2283 illud
633 2253 684 2284 est
696 2275 705 2291 ,
722 2251 811 2292 quod
829 2260 849 2284 a
864 2251 1039 2284 Tarentino
1051 2251 1193 2294 Archyta
1206 2275 1215 2291 ,
1231 2253 1268 2284 ut

213 2311 338 2351 opinor,
364 2310 428 2343 dici
447 2310 599 2352 solitum,
619 2313 750 2344 nostros
767 2320 858 2345 senes
883 2321 1140 2345 commemorare
1159 2312 1268 2345 audivi

210 2370 250 2401 ab
265 2369 334 2402 aliis
347 2370 478 2404 senibus
497 2370 647 2404 auditum
665 2382 674 2411 3
689 2374 720 2404 si
739 2373 819 2414 quis
839 2373 877 2404 in
901 2372 1027 2406 coelum
1052 2372 1268 2405 ascendisset

211 2431 448 2472 naturamque
472 2430 597 2464 mundi
622 2433 656 2464 ec
684 2430 986 2474 pulchritudinem
1010 2431 1167 2470 siderum
1190 2440 1268 2474 per-

210 2490 398 2531 spexissec,
415 2491 597 2524 insuavem
615 2491 717 2525 illam
737 2491 1009 2526 admirationem
1023 2494 1054 2526 ei
1070 2493 1169 2534 sore,
1189 2501 1266 2535 quae

205 2548 467 2587 jucundissima
486 2550 641 2591 suisset,
656 2552 688 2583 si
713 2551 886 2593 aliquem,
907 2554 964 2586 cui
991 2557 1176 2591 narraret.
1206 2555 1266 2588 Iza-

212 2607 354 2641 buissel.

255 2667 383 2709 (Cicero
396 2667 436 2701 de
450 2669 598 2702 Amicitia
612 2677 682 2711 cap.
697 2670 833 2711 xxm.)

407 2746 445 2777 B.
470 2746 652 2779 PHYSlCA
671 2748 724 2780 ET
747 2749 1066 2783 MATHEMATtCA.

488 2825 516 2853 1.
541 2823 567 2854 E
589 2821 672 2854 libro
691 2822 731 2856 de
754 2824 994 2858 Mathematica.

256 2897 283 2929 Ι.
307 2895 392 2929 Dicit
407 2899 515 2929 autem
539 2897 714 2940 (Archytas
740 2900 975 2944 Pythagoreus)
994 2902 1026 2935 in
1048 2903 1128 2936 libro
1146 2903 1186 2937 de
1203 2905 1269 2937 Ma-

214 2957 388 2989 tliematica
404 2957 515 2990 statim
534 2958 625 2992 initio
639 2960 795 2993 tractatus
817 2961 924 2995 haecce
943 2972 952 2995 ε

256 3017 342 3048 Bene
371 3016 451 3048 mihi
472 3016 624 3050 videntur
647 3018 890 3060 (Pythagorei)
912 3020 953 3054 de
983 3021 1159 3064 disciplinis
1184 3023 1270 3064 judi-

216 3083 324 3114 casse,
354 3085 393 3108 ac
414 3076 485 3109 sine
506 3076 637 3119 ineptiis
661 3081 748 3111 recte
778 3078 818 3111 de
846 3088 1040 3122 unaquaque
1070 3083 1268 3123 quaesivisse.

216 3135 327 3172 Quum
347 3134 432 3167 enim
448 3135 488 3169 de
504 3136 647 3170 universi
661 3140 777 3171 natura
797 3140 884 3172 recte
898 3140 1104 3182 statuissent,
1118 3142 1271 3176 volebant

217 3192 315 3225 etiam
336 3194 445 3234 qualia
469 3194 596 3236 singula
613 3198 719 3230 essent
733 3197 947 3231 considerare.
991 3201 1158 3233 Astrorum
1175 3201 1271 3243 igitur

217 3251 415 3284 celeritatem
434 3261 612 3296 eorumque
625 3256 718 3288 ortus
733 3259 766 3289 et
783 3265 919 3290 occasus
939 3258 1084 3299 cognitos
1099 3259 1193 3292 nobis
1204 3262 1270 3293 tra·

218 3310 386 3352 diderunt,
412 3312 554 3355 itemque
583 3317 789 3356 geometriam
820 3318 853 3350 et
882 3326 1035 3351 numeros
1067 3320 1272 3362 maximeque

1328 2144 1347 2167 a
1366 2134 1461 2168 nobis
1480 2136 1670 2175 noscantur,
1690 2134 1807 2176 partim
1831 2137 1962 2176 propter
1979 2135 2063 2167 ictus
2080 2133 2298 2173 debilitatem,
2313 2143 2389 2175 par-

1328 2193 1388 2226 tim
1411 2195 1545 2235 propter
1563 2193 1722 2226 intervalli
1735 2203 1801 2235 quo
1817 2202 1836 2226 a
1851 2193 1942 2226 nobis
1963 2193 2083 2227 distant
2102 2193 2387 2235 longinquitatem,

1331 2253 1448 2294 partim
1467 2253 1565 2286 etiam
1593 2256 1723 2294 propter
1747 2253 1882 2285 nimiam
1902 2252 2179 2295 magnitudinem3
2208 2261 2275 2286 non
2301 2252 2388 2286 enim

1331 2312 1479 2345 accidere
1498 2311 1539 2344 ad
1556 2321 1649 2345 aures
1671 2313 1804 2345 nostras
1821 2321 1957 2353 magnos
1973 2321 2069 2345 sonos
2080 2336 2090 2353 ,
2112 2311 2388 2354 quemadmodum

1330 2372 1429 2404 etiam
1457 2372 1490 2405 in
1507 2371 1638 2404 vascula
1655 2372 1781 2413 angusti
1800 2371 1884 2411 oris,
1901 2371 1929 2404 si
1958 2371 2032 2413 quis
2050 2360 2192 2405 niultum
2217 2371 2385 2412 infundat,

1330 2430 1409 2464 nihil
1423 2430 1616 2463 infunditur.
1661 2433 1743 2470 Quae
1755 2431 1853 2472 igitur
1865 2430 2012 2464 sensibus
2027 2430 2260 2472 percipiuntur,
2274 2438 2388 2463 eorum

1331 2490 1392 2522 alia
1415 2490 1533 2523 ictibus
1555 2490 1705 2523 celeriter
1720 2490 1893 2523 allubentia
1912 2493 2008 2523 acuta
2023 2491 2203 2532 apparent,
2219 2489 2282 2522 alia
2297 2486 2388 2522 tarde
2404 2521 2407 2525 .

1330 2553 1431 2592 atque
1449 2550 1611 2583 imbecille
1623 2575 1633 2592 ,
1649 2551 1759 2591 gravia
1779 2550 1930 2583 videntur
1943 2559 2024 2583 esse.
2069 2550 2103 2583 Si
2129 2549 2204 2591 quis
2225 2549 2311 2582 enim
2329 2549 2388 2582 ba·

1330 2611 1442 2643 culum
1461 2613 1606 2643 sumtum
1624 2613 1751 2643 moveat
1773 2612 1862 2644 recta
1878 2619 1918 2643 ac
1935 2619 2050 2652 parum
2070 2609 2175 2642 valide
2187 2635 2196 2651 ,
2214 2609 2279 2642 ictu
2293 2608 2389 2642 saciet

1330 2669 1475 2702 sonitum
1494 2677 1625 2710 gravem
1647 2678 1656 2701 :
1683 2670 1805 2702 sivero
1833 2668 1980 2702 celeriter
2012 2669 2045 2701 et
2076 2668 2212 2709 sortiter,
2240 2671 2387 2700 acutum.

1332 2730 1445 2770 Neque
1463 2736 1541 2761 vero
1557 2728 1665 2760 solum
1683 2737 1723 2760 eo
1744 2726 1840 2760 modo
1857 2727 1920 2759 hoc
1938 2727 2180 2768 cognoscimus,
2203 2725 2258 2758 sed
2276 2725 2388 2766 etiam,

1331 2787 1463 2829 quando
1489 2796 1550 2820 nos
1569 2787 1621 2820 vel
1639 2787 1804 2829 loquimur
1823 2786 1875 2819 vel
1893 2786 2057 2825 canimus,
2075 2785 2257 2818 vehementi
2276 2783 2387 2825 spiritu

1332 2848 1461 2880 utentes
1493 2855 1609 2888 magna
1633 2848 1666 2880 et
1689 2850 1788 2879 acuta
1815 2854 1896 2879 voce
1915 2845 2014 2879 verba
2047 2845 2191 2886 proferre
2222 2843 2386 2877 volumus.

1331 2908 1432 2939 Porro
1449 2906 1548 2939 etiam
1565 2905 1651 2940 idem
1668 2906 1826 2947 contingit
1838 2905 1928 2947 quod
1950 2904 1982 2937 in
1995 2904 2108 2945 jaculis
2121 2930 2131 2945 ,
2145 2902 2304 2945 siquidem
2322 2901 2387 2935 for-

1331 2966 1406 2999 titer
1430 2965 1554 2998 vibrata
1575 2965 1668 3006 longe
1694 2965 1856 3005 feruntur,
1875 2963 2018 2996 invalido
2044 2963 2152 3003 jactu,
2171 2969 2287 3003 prope3
2313 2960 2389 3002 quia

1333 3025 1456 3058 sortiter
1483 3025 1616 3058 vibratis
1644 3025 1747 3067 magis
1764 3024 1849 3058 cedit
1876 3033 1948 3064 aer,
1970 3031 2084 3064 parum
2107 3021 2234 3061 valide,
2260 3020 2384 3054 minus.

1332 3086 1406 3118 Hoc
1427 3084 1562 3117 vocibus
1591 3093 1724 3126 quoque
1750 3084 1933 3124 continget,
1961 3083 1997 3115 ut
2019 3090 2093 3123 quae
2115 3081 2246 3114 fortiore
2274 3079 2387 3121 spiritu

1331 3144 1495 3186 profertur
1511 3152 1628 3186 magna
1643 3148 1675 3177 et
1688 3146 1783 3177 acuta
1799 3143 1860 3184 sit,
1878 3150 1953 3184 quae
1969 3140 2112 3173 invalido
2127 3139 2242 3181 spiritu
2257 3164 2266 3181 ,
2289 3147 2388 3181 parva

1330 3205 1364 3236 et
1381 3203 1498 3244 gravis.
1543 3204 1706 3236 caeterum
1729 3203 1762 3236 et
1783 3202 1845 3234 hoc
1860 3210 1878 3233 e
1899 3202 1989 3233 certo
2005 3199 2100 3241 spatii
2117 3199 2206 3240 signo
2229 3198 2388 3231 intellexi-

1331 3271 1427 3302 mus,
1446 3270 1506 3295 nos
1530 3262 1616 3295 clare
1633 3262 1804 3295 sonantem
1826 3259 1964 3293 eundem
1985 3259 2148 3291 hominem
2171 3267 2188 3291 e
2216 3256 2390 3299 longinquo

1332 3322 1516 3363 audivisse,
1545 3322 1710 3356 submisse
1729 3321 1916 3363 loquentem
1939 3328 1980 3352 ne
1995 3328 2014 3353 e
2043 3320 2225 3361 propinquo
2243 3316 2387 3359 quidem.

220 3370 377 3403 musicam
402 3384 410 3404 ς
433 3372 552 3415 quippe
571 3373 622 3406 hae
641 3374 815 3417 disciplinae
841 3376 990 3410 videntur
1012 3386 1080 3411 esse
1113 3381 1269 3420 cognatae.
1331 3383 1455 3415 Verum
1472 3381 1507 3414 in
1531 3381 1618 3415 tibiis
1643 3381 1745 3415 etiam
1774 3379 1909 3422 spiritus
1937 3379 1992 3420 qui
2023 3388 2062 3412 ex
2086 3388 2142 3411 ore
2178 3377 2336 3411 emittitur
2355 3377 2387 3409 in

220 3426 366 3460 Primum
386 3428 481 3468 igitur
504 3432 713 3474 reputarunt,
744 3442 809 3466 non
834 3443 929 3475 posse
948 3433 1017 3467 fieri
1047 3435 1188 3468 sonitum
1211 3437 1272 3470 nisi
1335 3439 1486 3482 propiora
1502 3440 1544 3473 ab
1560 3449 1616 3474 ore
1633 3441 1790 3473 foramina
1811 3438 1958 3471 incidens
1977 3439 2108 3479 propter
2127 3437 2193 3470 vim
2214 3436 2388 3469 vehemen-

224 3484 310 3518 sacta
325 3488 526 3528 quorundam
544 3489 626 3523 inter
645 3499 679 3523 se
699 3493 913 3533 percussione.
958 3494 1200 3529 percussionem
1214 3505 1270 3529 au-

1335 3502 1400 3531 tem
1419 3500 1597 3533 acutiorem
1619 3508 1735 3533 sonum
1758 3499 1834 3540 dat,
1854 3498 1887 3531 in
1906 3497 2098 3538 remotiora,
2121 3495 2320 3538 graviorem;
2350 3496 2388 3526 ut
