2612 3814
33 1168 35 1170 -
58 1122 135 1196 ¹74'
154 1140 317 1194 γενέσθαι
339 1138 482 1192 μηδὲν’
466 1156 505 1179 εκ
528 1137 690 1190 μηδενῦς·

202 338 1061 472 ΑΡΙΣΤΟΤΕΛΟΥΣ
1124 336 1279 424 ΤΟ
1343 337 1615 422 ΠΕΡΙ
1679 338 2289 450 ΜΕΛΙΣΣΟΥ,

443 530 1008 595 ΞΕΝΟΦΑΝΟΥΣ
1058 529 1209 591 KAI
1264 526 1620 590 ΓΟΡΓΙΟΥ
1671 526 2033 590 ΒΙΒΑΙΟΝ.

382 856 555 908 ΠΕΡΙ
600 853 984 908 ΜΕΛΙΣΣΟΥ.

587 977 712 1016 ΚΕΦ.
737 975 784 1017 α’.

210 1080 336 1121 Ἀιδιον
354 1073 446 1119 εἷναί
469 1094 575 1133 φησιν
589 1077 668 1117 εἴτι
685 1077 794 1125 ἔστιν,
819 1076 919 1131 εἴπερ
942 1076 992 1128 μὴ
1014 1077 1217 1131 ἐνδέχεσθαι

748 1137 834 1177 Εἴτε
856 1136 924 1190 γὰρ
952 1136 1092 1176 ἅπαντα
1111 1137 1215 1190 γέγο-

154 1217 210 1241 νεν
228 1199 297 1241 εἴτε
316 1199 366 1252 μὴ
386 1199 526 1251 πάντα,
540 1199 610 1237 δεῖν
625 1196 830 1251 ἀμφοτέρως
846 1196 882 1262 ἐξ
901 1196 1036 1243 οὐδενὸς
1055 1198 1217 1250 γενέσθαι

508 1342 647 1375 CAPUT
670 1342 851 1374 PRIMUM.

188 1440 325 1474 Codices
359 1435 496 1472 contulit
518 1438 682 1472 Bekkerus
709 1438 891 1471 Palatinum
923 1439 1118 1472 Vaticanum
1153 1444 1210 1473 162

147 1489 237 1531 (ΒΚ),
256 1488 450 1521 Vaticanum
469 1490 549 1520 1302
571 1486 669 1528 (RQ),
685 1485 875 1519 Urbinatem
900 1488 958 1519 108
979 1486 1064 1529 (W.)
1077 1488 1109 1519 et
1127 1496 1211 1519 non-

145 1537 244 1570 nullis
272 1536 351 1569 locis
373 1536 554 1568 Marcianos
584 1538 646 1567 200
667 1534 748 1575 (Q.),
771 1536 832 1566 215
862 1534 960 1575 (ΝΞ),
978 1537 1039 1567 216
1065 1535 1150 1576 (0⁸.)
1178 1537 1211 1567 et

145 1583 399 1617 Laurentianum
428 1584 467 1616 87
487 1586 524 1615 21
547 1582 639 1623 (ΖΞ).
667 1583 703 1615 In
730 1581 780 1614 his
804 1582 909 1614 variat
936 1581 1009 1614 libri
1033 1582 1209 1624 inscriptio.

145 1634 229 1666 Nam
249 1631 428 1664 Vaticanus
459 1630 539 1672 (Ψ.)
566 1629 665 1662 habet
696 1629 887 1671 θεοφράστου
914 1630 983 1672 περὶ
1001 1629 1211 1672 Ξενοφάνους,

144 1680 216 1722 περὶ
225 1680 381 1718 Ζήνωνος,
392 1680 461 1720 περὶ
478 1677 624 1720 Γοργίου,
639 1678 751 1710 contra
766 1677 948 1710 Marcianus
967 1678 1033 1719 (Q.)
1057 1678 1214 1720 ἆριστοτέ·

144 1729 216 1765 λους
233 1728 302 1770 περὶ
318 1728 426 1767 δοξῶν,
445 1726 585 1767 denique
605 1724 768 1758 Palatinus
787 1725 965 1758 Vaticanus
986 1726 1071 1767 (Βᾶ.)
1089 1726 1213 1768 ἁριστο·

143 1775 251 1812 τέλους
266 1774 350 1807 κατὰ
369 1774 424 1811 τὰς
437 1773 526 1811 δόξας
546 1777 609 1806 τῶν
631 1773 820 1815 φιλοσόφων.
842 1776 879 1806 In
899 1775 1063 1807 Marciano
1082 1775 1161 1816 (Q.)‚
1186 1775 1212 1808 si

145 1821 281 1856 Bekkeri
293 1822 331 1854 ad
337 1822 534 1854 notationem
548 1823 633 1854 recte
642 1821 864 1862 intelligimus,
875 1821 983 1854 verbis
995 1821 1212 1865 ἀριστοτέλους

144 1869 214 1911 περὶ
233 1868 332 1905 δοξῶν
345 1868 415 1901 baec
432 1868 651 1909 subjiciuntur
669 1869 842 1910 separatim
859 1869 977 1909 scripta
997 1880 1006 1902 ε
1024 1870 1092 1911 περὶ
1114 1871 1212 1903 Ξενο·

145 1917 272 1959 φάνους,
289 1917 432 1955 Ζήνωνος
442 1918 496 1949 καὶ
505 1917 648 1959 Γοργίου.
660 1916 810 1958 Alioquin
825 1915 880 1948 vix
890 1915 957 1948 fieri
974 1916 1111 1958 poterat,
1123 1916 1210 1958 quod

145 1966 202 2007 ait,
221 1966 258 1998 ut
278 1966 347 2007 περὶ
372 1966 447 1997 ante
476 1965 619 2003 Ζήνωνος
643 1965 857 1997 omitteretur.
877 1965 984 1996 Prima
1002 1963 1074 1996 libri
1090 1973 1162 2005 pars
1180 1965 1212 1997 in

143 2013 302 2046 Vaticano
318 2012 400 2053 (1³³.)
418 2014 452 2045 et
469 2012 624 2046 Urbinate
650 2011 733 2054 (Va.)
759 2012 946 2044 inscribitur
972 2013 1041 2053 περὶ
1056 2012 1211 2052 Ζήνωνος.

145 2062 186 2094 Iu
201 2060 356 2102 Lipsiensi
376 2060 579 2093 desideratur
595 2060 723 2101 titulus,
748 2059 805 2102 qui
821 2059 860 2092 ad
875 2059 979 2092 totum
1000 2059 1119 2092 librum
1140 2070 1212 2102 per-

145 2109 260 2150 tineat,
281 2107 337 2141 sed
351 2108 419 2140 tres
437 2106 506 2148 ejus
520 2110 627 2149 partes
649 2107 805 2149 tanquam
822 2106 999 2147 singulares
1015 2107 1114 2141 libelli
1131 2108 1211 2141 indi-

145 2157 193 2190 cis
214 2155 401 2189 diversitate
432 2155 658 2197 sejunguntur.
701 2156 818 2196 Itaque
836 2154 941 2196 prima
966 2163 1041 2196 pars
1064 2155 1211 2189 inscribi-

144 2206 199 2239 tur
218 2204 447 2247 Ἀριστοτέλους
463 2205 533 2246 περὶ
554 2203 708 2243 Ζήνωνος,
725 2202 767 2236 de
777 2211 841 2245 qua
855 2204 891 2236 ut
907 2202 947 2236 de
960 2204 1088 2238 caeteris
1102 2205 1213 2239 inscri-

144 2252 310 2296 ptionibus
329 2253 360 2285 in
378 2252 563 2294 praefatione
585 2252 711 2284 dictum
730 2252 788 2284 est.

185 2309 258 2342 pag.
273 2301 347 2334 974.
361 2308 392 2332 a.
407 2308 491 2332 vers.
510 2304 540 2332 2.
560 2301 596 2332 ln
613 2298 784 2331 scribendo
801 2300 1035 2332 commentario
1046 2300 1088 2333 ita
1104 2309 1213 2334 versa-

144 2348 215 2387 bor,
235 2349 272 2380 ut
298 2356 317 2380 a
337 2346 534 2381 Bekkeriana
552 2346 755 2387 singulorum
782 2346 928 2379 locorum
952 2348 1115 2389 scriptura
1136 2358 1212 2390 pro·

145 2395 253 2428 fectus
269 2394 309 2427 ad
328 2404 366 2428 ea
389 2404 464 2436 quae
487 2394 627 2428 obscura
645 2395 678 2427 et
700 2396 852 2435 corrupta
878 2397 955 2427 sunt
973 2395 1164 2429 illustranda
1180 2401 1212 2430 et

145 2441 347 2475 emendanda
369 2442 534 2474 accedam.
579 2441 679 2475 Initio
704 2450 870 2483 perperam
891 2441 1054 2476 Bekkerns
1071 2452 1080 2475 ε
1099 2443 1211 2477 Ἀΐδιον

146 2490 224 2523 εἷναί
242 2502 335 2532 φησιν
351 2490 378 2522 εί
397 2490 427 2522 τί
449 2490 545 2530 ἐστιν,
564 2489 650 2531 εἷπερ
662 2490 705 2531 μὴ
722 2489 880 2531 ἐνδέχεται
899 2491 1044 2531 γενέσθαι
1061 2492 1156 2532 μηδὲν
1174 2493 1209 2525 ἐκ

147 2539 288 2581 μηδενός.
333 2539 407 2571 Εἴτε
414 2539 473 2581 γὰρ
486 2538 613 2571 ἅπαντα
627 2539 752 2579 γέγονεν
763 2538 825 2570 ε’ίτε
839 2539 882 2580 μή
896 2540 1000 2571 πάντα
1013 2539 1101 2571 ἀίδια
1112 2540 1210 2582 ἀμερο-

144 2588 251 2628 τέρως.
277 2586 308 2624 ἐξ
333 2586 456 2623 οὐδενὸς
470 2585 531 2628 γὰρ
554 2586 658 2618 αὐτῶν
681 2586 719 2617 ὄιν
740 2585 900 2627 γινόμενα.
926 2585 1075 2618 ἁπάντων
1090 2597 1124 2619 τε
1152 2588 1212 2629 γὰρ

146 2634 318 2676 γινομένων
346 2634 436 2666 οὐδὲν
464 2632 698 2675 προϋπάρχειν·
730 2633 786 2665 εἶτ’
808 2633 907 2665 ὄντων
932 2630 1092 2665 τινῶν”ἀεὶ
1123 2634 1211 2676 ἕτεροι

145 2680 348 2723 προσγίνοιτο
358 2705 367 2722 ,
382 2681 476 2713 πλέον
496 2681 534 2712 ἂν
549 2681 603 2712 καὶ
622 2683 724 2722 μεῖζον
737 2681 773 2713 τὸ
788 2681 998 2722 ἒνγεγονέναι.
1019 2680 1046 2722 ᾧ
1063 2681 1101 2719 δὴ
1117 2681 1210 2714 πλέον

144 2729 198 2761 καὶ
223 2731 339 2771 μεῖζον,
358 2731 451 2760 τοῦτο
470 2728 613 2769 γενέσθαι
633 2730 671 2761 ἂν
698 2729 728 2765 ἐξ
745 2728 879 2765 οὐδενός.
923 2731 968 2770 τῷ
990 2728 1051 2770 γὰρ
1068 2727 1209 2761 ἐλάττονι

143 2776 179 2808 τὸ
207 2777 315 2815 πλέον,
338 2777 358 2814 ἢ
380 2775 407 2808 δ’
435 2775 467 2808 ἐν
491 2779 537 2816 τῷ
567 2776 738 2818 μικροτέρῳ
767 2776 804 2808 τὸ
825 2778 928 2816 μεῖζον
960 2776 1021 2818 οὐχ
1045 2775 1207 2819 ὑπάρχειν.

143 2822 244 2856 ἀΐδιον
265 2823 298 2855 δὲ
312 2823 346 2855 ὃν
363 2823 490 2864 ἄπειρον
516 2823 608 2864 εἶναι,
628 2823 675 2856 ὅτι
694 2824 753 2855 οὐκ
777 2823 843 2865 ἔχει
870 2824 969 2865 ἀρχὴν
987 2824 1056 2856 ὅθεν
1073 2824 1207 2865 ἐγένετο.

144 2869 214 2902 οὐδὲ
241 2870 385 2908 τελευτὴν
402 2870 445 2906 εἰς
465 2869 482 2901 ὃ
502 2869 664 2912 γινόμενον
694 2870 874 2910 ἐτελεύτησέ
908 2882 993 2904 ποτε.
1026 2873 1133 2904 Locus
1162 2872 1210 2904 sic

144 2917 352 2958 corrigendus
375 2930 382 2949 ε
400 2916 511 2950 Ἀ’ίδιον
528 2918 608 2950 εἶναί
629 2929 723 2960 φησιν
747 2918 818 2951 εἴτι
840 2919 938 2958 ἔστιν,
962 2918 1049 2962 εἴπερ
1067 2921 1110 2961 μή
1125 2920 1208 2952 ἐνδέ-

145 2966 258 3008 χεσθαι
280 2966 424 3006 γενέσθαι
443 2966 538 3008 μηδὲν
559 2967 593 2998 ἐν
613 2966 756 3008 μηδενός.
773 2966 835 2999 εἴτε
860 2967 919 3009 γὰρ
942 2966 1067 2999 ἅπαντα
1083 2967 1208 3008 γέγονεν

146 3013 208 3046 εἴτε
226 3015 269 3056 μὴ
286 3013 402 3055 πάντα,
423 3014 485 3046 δεῖν
501 3015 681 3057 ἀμφοτέρως
701 3016 733 3053 ἐξ
752 3015 876 3052 οὐδενὸς
890 3016 1033 3056 γενέσθαι
1050 3016 1088 3047 ἂν
1104 3016 1208 3048 αὐτῶν

145 3062 313 3102 γιγνόμενα
324 3072 332 3080 ·
347 3060 495 3094 ἁπάντων
511 3073 545 3094 τε
560 3062 619 3104 γὰρ
629 3063 821 3103 γιγνομένων
834 3063 922 3095 οὐδὲν
935 3062 1161 3105 προϋπάρχειν.
1181 3065 1208 3096 εἰ

142 3111 171 3145 δ’
194 3111 291 3144 ὄντων
306 3114 399 3144 τινῶν
415 3111 464 3144 ἀεὶ
482 3111 571 3154 ἕτερα
595 3111 815 3154 προσγίγνοιτο
828 3135 838 3153 ,
855 3112 948 3145 πλέον
968 3113 1007 3144 ὄιν
1028 3113 1081 3144 καὶ
1107 3116 1208 3153 μεῖζον

142 3159 179 3191 τὸ
204 3159 235 3191 ’ἐν
248 3159 420 3200 γεγονέναι.
434 3159 462 3201 ᾧ
473 3159 511 3198 δὴ
531 3160 625 3193 πλέον
645 3161 698 3193 καὶ
717 3163 830 3202 μεῖζον,
853 3164 947 3193 τοῦτο
963 3161 1106 3201 γενέσθαι
1122 3161 1161 3193 ἂν
1177 3161 1207 3198 ἐξ

142 3205 266 3243 οὐδενός
275 3214 283 3222 ·
297 3207 334 3238 οὐ
347 3207 407 3250 γὰρ
421 3206 453 3239 ἐν
466 3210 512 3249 τῷ
525 3207 664 3240 ἐλάττονι
673 3208 710 3241 τὸ
727 3209 835 3249 πλέον,
847 3208 912 3240 οὐδ’
929 3209 960 3240 ἐν
974 3211 1019 3249 τῷ
1034 3209 1207 3250 μικροτέρῳ

141 3253 179 3286 τὸ
196 3255 298 3293 μεῖζον
317 3252 480 3295 ὑπάρχειν.
506 3254 607 3288 ἀΐδιον
623 3256 655 3288 δὲ
682 3255 717 3288 ὃν
741 3256 869 3299 ἄπειρον
894 3256 989 3296 εἶναι,
1004 3255 1052 3287 ὅτι
1070 3256 1129 3287 οὐκ
1141 3255 1206 3297 ἔχει

142 3299 242 3342 ἀρχὴν
261 3301 329 3333 ὅθεν
345 3301 478 3342 ἐγένετο,
495 3302 565 3335 οὐδὲ
576 3303 721 3343 τελευτὴν
732 3304 775 3341 εἰς
788 3304 826 3342 ἢν
839 3303 1022 3345 γιγνόμενον
1039 3303 1077 3335 ἃν
1091 3302 1206 3335 ἐτελεύ-

142 3347 220 3385 τησέ
233 3357 322 3380 ποτε,
344 3348 408 3380 Pro
429 3348 560 3389 vulgato
576 3348 662 3392 εἴπερ
680 3350 723 3391 μὴ
746 3350 904 3392 ἐνδέχεται
922 3349 996 3382 cod.
1011 3350 1100 3390 Lips.
1119 3349 1205 3391 εἶπερ

143 3395 186 3434 μή
199 3395 415 3436 εἰσδέχεσθαι,
428 3395 514 3436 quod
527 3396 637 3430 tuetur
652 3397 808 3439 Bergkius
820 3398 852 3430 in
869 3397 1145 3430 commentatione
1162 3398 1202 3430 de

142 3440 205 3474 hoc
222 3442 406 3475 Aristotelis
422 3441 529 3476 libello
546 3452 578 3485 p.
598 3449 628 3478 8.
643 3444 747 3478 Affert
770 3445 856 3477 enim
879 3444 1036 3477 Herodoti
1056 3444 1145 3477 iocos
1163 3446 1204 3485 ll,

144 3492 204 3522 172
223 3491 250 3523 εἰ
270 3490 331 3532 γὰρ
348 3490 496 3533 πρότερον
509 3492 589 3525 εἶναι
600 3492 749 3533 δημότης,
767 3493 832 3526 ἀλλ’
853 3494 884 3526 ἐν
902 3496 948 3536 τῷ
964 3493 1109 3535 παρεόντι
1126 3493 1204 3526 εἶναι

141 3537 262 3570 αὐτέων
290 3538 448 3580 βασιλεύς,
464 3542 496 3572 et
513 3541 577 3580 111,
600 3544 658 3574 108
679 3552 687 3573 ε
706 3541 833 3582 λέγουσι
851 3541 883 3574 δὲ
900 3542 954 3574 καὶ
971 3541 1042 3574 τόδε
1057 3540 1203 3583 Ἀράδιοι,

1198 3605 1218 3637 2

1227 3605 1245 3637 q

1280 843 1322 882 ἂν
1343 843 1458 882 αὖτῶν
1478 841 1690 895 γιγνόμενοι·
1712 842 1880 882 ἁπάντων
1900 858 1938 881 τε
1956 842 2024 895 γὰρ
2041 841 2258 894 γιγνομένων
2278 842 2342 880 οὔ·

1280 902 1315 941 δὲ
1302 919 1335 942 εν
1358 903 1617 957 προϋπάρχειν.
1675 902 1801 942 Εἷδῌ
1780 919 1888 942 οντων
1905 906 2007 943 τινῶν
2029 903 2084 943 ἀει
2103 902 2206 957 ἕτεροι
2222 917 2379 954 προσ-5

1280 962 1453 1015 γίγνοιτο,
1467 962 1608 1002 πλέον
1593 980 1634 1002 αν
1654 962 1716 1002 και
1733 963 1849 1013 μεῖζον
1866 979 1906 1002 το
1920 962 1956 1002 ἒν
1975 979 2014 1016 γε
2000 978 2094 1014 γονε
2085 962 2170 1002 ’.ναι
2228 956 2280 1018 ῗῼ
2300 961 2342 1009 δὴ

1279 1021 1388 1061 πλέον
1404 1021 1465 1061 καὶ
1483 1024 1614 1073 μεῖζον,
1637 1025 1740 1061 τοῦτο
1751 1021 1951 1074 γενέσθαι
1934 1039 1975 1060 αν
1992 1022 2026 1068 ἐξ
2044 1022 2198 1067 οὐδενός·
2219 1023 2257 1061 οὗ
2274 1021 2341 1075 γὰρ

1278 1081 1313 1118 ἐν
1334 1082 1384 1119 τῶ
1403 1080 1561 1119 ἐλάττονι
1578 1080 1618 1119 τὸ
1642 1080 1762 1133 πλέον,
1780 1081 1854 1119 οὐδ’
1874 1082 1909 1119 ἐν
1930 1083 1980 1119 τῶ
1994 1080 2192 1144 μικροτέρῳ
2211 1081 2250 1120 τὸ
2271 1086 2344 1133 μεῖ-

1278 1141 1371 1185 ζον”
1358 1139 1544 1193 υπάρχειν.
1601 1136 1726 1180 ’Δίδιον
1759 1140 1842 1179 δὲ’λ
1825 1157 1863 1179 ον
1891 1140 2034 1194 ἄπειρον
2065 1145 2179 1193 εἶναι,
2209 1142 2261 1182 ὅτι
2281 1144 2344 1181 οὐκ

1279 1199 1352 1252 ἔχει
1369 1199 1484 1253 ἀρχὴν
1505 1199 1757 1252 ὅθενέγένετο,
1773 1200 1850 1239 οὐδὲ
1869 1200 2036 1248 τελευτὴν
2053 1202 2100 1245 εἷς
2117 1201 2161 1248 ἣν
2181 1200 2345 1253 γιγνόμε-
2366 1214 2397 1239 Ιο

1279 1343 1321 1379 ὡς
1332 1345 1422 1375 πᾶσα
1444 1344 1483 1375 ἂν
1496 1346 1536 1384 γῆ
1561 1343 1739 1385 ἐπίμπλατο
1758 1347 1822 1375 τῶν
1842 1343 1939 1382 ὀφίων
1952 1343 2084 1382 τούτων,
2102 1345 2129 1376 εἰ
2147 1344 2189 1385 μή
2203 1343 2341 1384 γίνεσθαι

1275 1389 1346 1422 κατ’
1359 1391 1471 1428 αὐτοὺς
1491 1391 1558 1423 οἷόν
1575 1403 1605 1423 τι
1618 1391 1701 1423 κατὰ
1714 1391 1837 1433 ἐχίδνας
1852 1391 2037 1432 ἠπιστάμην
2047 1391 2201 1433 γίνεσθαι,
2215 1402 2254 1424 ex
2267 1392 2342 1432 qui·

1275 1439 1338 1472 bus
1360 1439 1446 1480 cogit
1460 1440 1513 1472 liic
1529 1448 1659 1481 quoque
1681 1439 1878 1472 infinitivum
1902 1439 2037 1481 requiri,
2051 1439 2206 1481 quoniam
2221 1440 2341 1473 Melissi

1274 1490 1510 1530 argumentatio
1527 1489 1631 1531 qualis
1650 1490 1747 1522 fuerit
1768 1492 1960 1531 exponatur.
2005 1489 2067 1521 Sed
2091 1489 2122 1521 in
2147 1499 2181 1523 re
2199 1494 2276 1522 nota
2302 1499 2343 1523 ne

1274 1537 1325 1570 his
1344 1537 1474 1578 quidem
1507 1538 1587 1571 locis
1612 1547 1695 1580 opus
1715 1541 1794 1570 erat.
1840 1537 1923 1570 Vide
1948 1538 2126 1572 Hermann.
2162 1538 2203 1570 ad
2231 1538 2340 1579 Viger.

1275 1594 1306 1626 p.
1338 1589 1398 1618 832
1429 1587 1461 1617 et
1490 1587 1639 1627 Poppon.
1668 1585 1819 1618 observv.
1834 1585 1923 1618 critt.
1947 1584 1981 1616 in
2000 1585 2103 1619 Tliuc.
2127 1595 2159 1628 p.
2181 1590 2251 1619 155.
2273 1587 2340 1619 Etsi

1274 1634 1384 1666 autem
1406 1633 1585 1666 infinitivus
1600 1633 1679 1666 mihi
1697 1634 1863 1675 probatur,
1880 1635 1990 1667 tamen
2011 1634 2190 1676 ἐνδέχεσθαι
2204 1635 2340 1667 verbum

1274 1681 1457 1715 Aristotelis
1481 1681 1647 1724 proprium
1672 1682 1808 1724 retineo,
1836 1684 1923 1725 quod
1949 1685 1983 1717 in
2016 1684 2078 1716 hoc
2098 1683 2208 1716 libello
2233 1683 2342 1715 vitatis

1274 1729 1412 1763 aliorum
1434 1730 1703 1772 philosophorum
1718 1730 1937 1765 locutionibus
1950 1731 2141 1766 Aristotelea
2158 1731 2261 1764 oratio
2276 1731 2341 1764 fere

1273 1777 1395 1820 ubique
1413 1779 1546 1819 apparet
1574 1781 1606 1811 ct
1631 1777 1719 1819 quod
1740 1778 1937 1821 εἰσδέχεσθαι
1966 1788 2004 1812 eo
2024 1779 2080 1820 qui
2102 1778 2154 1810 liic
2181 1778 2342 1819 flagitatur

1273 1835 1370 1859 sensu
1388 1827 1512 1860 dictum
1532 1828 1564 1859 in
1582 1826 1778 1860 Aristotelco
1800 1827 1926 1860 dicendi
1949 1836 2064 1870 genere
2078 1836 2142 1859 non
2160 1826 2237 1859 satis
2257 1835 2341 1867 prae·

1273 1874 1343 1906 sidit
1361 1874 1470 1907 habet.
1517 1876 1552 1906 ln
1567 1873 1672 1906 verbis
1685 1873 1747 1906 εἶτε
1757 1874 1817 1917 γὰρ
1824 1875 2083 1916 ἅπανταγέγονεν
2092 1874 2154 1906 εἶτε
2166 1874 2210 1915 μή
2224 1873 2340 1912 πάντα,

1273 1922 1335 1954 δεῖν
1355 1921 1537 1964 ἀμφοτέρως
1548 1921 1649 1954 secuti
1667 1922 1964 1955 sumuslectionem
1983 1923 2065 1956 cod.
2082 1923 2172 1964 Lips.
2193 1931 2252 1963 pro
2266 1923 2341 1954 vul-

1273 1970 1346 2008 gato
1375 1969 1413 2002 δι’
1442 1969 1636 2011 ἀμφοτέρων,
1657 1968 1717 2000 nisi
1733 1969 1820 2009 quod
1846 1969 2056 2002 distinximus
2074 1973 2147 2011 post
2169 1969 2285 2010 πάντα,
2308 1970 2342 2002 et

1273 2016 1348 2049 ἀίδι’
1363 2020 1475 2049 nostro
1497 2016 1638 2057 periculo
1654 2016 1687 2048 in
1710 2016 1773 2049 δεῖν
1791 2017 2004 2050 mutavimus.
2051 2018 2260 2050 Illustrantur
2281 2026 2340 2048 au-

1273 2066 1339 2097 tem
1351 2065 1422 2097 llaec
1434 2069 1465 2097 et
1485 2073 1558 2105 quae
1577 2063 1794 2104 subjiciuntur
1811 2065 1919 2106 aliqua
1935 2075 1973 2099 ex
2000 2068 2090 2107 parte
2106 2066 2206 2107 ipsius
2221 2066 2339 2099 Melissi

1273 2113 1380 2145 verbis
1391 2122 1465 2154 quae
1481 2113 1512 2145 in
1531 2112 1645 2153 fragm.
1660 2111 1680 2154 ς
1695 2115 1706 2144 1
1727 2112 1936 2153 allegavimus
1949 2115 2020 2147 εἶδέ
2032 2126 2061 2146 τι
2078 2114 2159 2154 ἔστι,
2176 2114 2245 2153 ἤτοι
2260 2113 2341 2154 γινό-

1277 2159 1368 2200 μενόν
1388 2160 1468 2198 ἐστι,
1481 2161 1500 2198 ἢ
1515 2160 1576 2192 αἰεὶ
1592 2159 1642 2191 ἐόν
1657 2171 1688 2191 κ.
1707 2172 1737 2192 τ.
1755 2161 1784 2193 λ.
1801 2160 1846 2193 ita
1866 2162 1902 2194 ut
1914 2162 1989 2194 talis
2007 2161 2072 2194 sere
2083 2161 2242 2194 sententia
2252 2160 2339 2200 insit,

1273 2207 1342 2239 sive
1355 2207 1465 2239 omnia
1476 2208 1547 2239 orta
1563 2206 1640 2248 sint,
1660 2207 1728 2240 sive
1744 2217 1811 2240 non
1835 2209 1957 2247 omnia,
1969 2210 2111 2250 utroque
2124 2209 2223 2241 modo
2242 2209 2336 2248 effici,

1274 2256 1309 2287 ut
1329 2264 1403 2296 quae
1425 2255 1491 2287 sint
1504 2258 1576 2287 orta
1593 2264 1611 2287 e
1629 2255 1730 2288 nihilo
1750 2256 1913 2290 exstitisse
1933 2256 2142 2290 statuendum
2159 2257 2212 2289 sit.
2256 2258 2336 2289 Nam

1272 2302 1298 2333 si
1313 2302 1421 2334 omnia
1439 2301 1597 2344 oriantur,
1614 2303 1694 2336 nihil
1722 2303 1814 2345 prius
1833 2308 1982 2344 exstare.
1997 2304 2024 2338 si
2043 2314 2118 2338 vero
2135 2305 2163 2337 ei
2180 2304 2266 2347 quod
2290 2306 2339 2338 est

1272 2350 1334 2382 alia
1355 2359 1484 2391 semper
1499 2351 1666 2392 accedant,
1681 2351 1713 2384 id
1731 2361 1833 2384 unum
1848 2352 1988 2394 amplius
2004 2353 2072 2394 jam
2085 2354 2118 2386 et
2135 2353 2242 2394 maius
2262 2362 2339 2386 eva-

1272 2397 1364 2430 sisse.
1414 2400 1494 2430 Eam
1518 2400 1627 2431 autem
1647 2407 1715 2432 rem
1730 2408 1794 2441 qua
1807 2400 1887 2432 illud
1908 2401 2048 2442 amplius
2065 2401 2215 2441 etmajus
2227 2409 2337 2434 evase-

1272 2446 1326 2484 sit,
1341 2455 1358 2477 e
1380 2445 1481 2478 nihilo
1498 2446 1598 2478 nasci.
1646 2448 1757 2488 Neque
1770 2447 1856 2480 enim
1874 2448 2081 2489 paucioribus
2101 2448 2205 2489 plura,
2231 2457 2337 2490 neque

1273 2493 1454 2526 minoribus
1467 2493 1589 2534 majora
1602 2494 1773 2527 contineri.
1820 2497 1857 2528 In
1877 2495 1917 2528 iis
1942 2505 2016 2538 quac
2043 2496 2289 2538 subsequuntur
2306 2497 2336 2533 ἐξ

1272 2542 1394 2580 οὐδενὸς
1405 2542 1464 2583 γὰρ
1476 2543 1620 2583 γενέσθαι
1637 2542 1741 2575 αὐτῶν
1755 2543 1792 2575 ἂν
1811 2543 1982 2586 γιγνόμενα
2002 2543 2193 2584 particulam
2210 2543 2269 2585 γὰρ
2283 2543 2336 2575 de-

1272 2590 1412 2622 levimus
1427 2593 1460 2622 et
1487 2590 1683 2622 infinitivum
1708 2591 1854 2630 γενέσθαι
1883 2600 1901 2623 e
1929 2590 2008 2624 cod.
2031 2590 2120 2631 Lips.
2145 2589 2335 2630 adjecimus.

1272 2636 1458 2669 Brandisius
1483 2636 1516 2669 in
1541 2637 1741 2670 Commentt.
1771 2638 1891 2671 Eleatt.
1914 2648 1946 2679 p.
1980 2640 2037 2670 187
2060 2637 2235 2670 articulum
2263 2641 2335 2670 ante

1270 2684 1441 2726 γιγνόμενα
1460 2684 1535 2716 addi
1559 2685 1703 2724 volebat,
1729 2694 1793 2718 non
1818 2685 1917 2725 male,
1939 2685 2118 2727 pracsertim
2137 2694 2242 2726 quum
2261 2685 2334 2717 huic

1270 2732 1411 2773 opinioni
1430 2732 1625 2772 suffragetur
1641 2732 1774 2765 Aristot.
1790 2733 1889 2774 Phys.
1901 2735 1930 2774 1,
1947 2737 1978 2775 8,
1990 2733 2046 2765 ubi
2062 2733 2103 2766 de
2118 2732 2269 2766 Eleaticae
2281 2733 2338 2765 do-

1270 2779 1382 2812 ctrinae
1395 2779 1579 2812 auctoribus
1594 2789 1602 2811 :
1618 2779 1673 2812 καί
1687 2791 1781 2823 φασιν
1795 2781 1866 2813 οὔτε
1881 2781 2042 2822 γίγνεσθαι
2053 2784 2117 2813 τῶν
2133 2780 2233 2812 ὄντων
2247 2780 2334 2813 οὐδὲν

1270 2827 1342 2859 οὔτε
1365 2827 1540 2869 φθείρεσθαι
1557 2827 1607 2860 διὰ
1624 2828 1661 2860 τὸ
1680 2827 1852 2869 ἀναγκαῖον
1869 2829 1926 2870 μὲν
1949 2829 2028 2861 εἶναι
2054 2829 2215 2869 γίγνεσθαι
2233 2828 2268 2861 τὸ
2285 2840 2335 2869 γι·

1269 2875 1417 2916 γνόμενον
1433 2876 1450 2914 ἢ
1468 2875 1500 2912 ἐξ
1521 2875 1608 2912 ὄντος
1627 2878 1647 2915 ἢ
1665 2876 1699 2908 ἐκ
1720 2877 1763 2918 μή
1785 2874 1887 2918 ὄντος,
1910 2877 1946 2908 ἐκ
1963 2877 1995 2909 δὲ
2011 2877 2131 2908 τούτων
2150 2877 2333 2918 ἀμφοτέρων

1270 2922 1420 2954 ἀδύνατον
1444 2923 1535 2955 εἶναι.
1580 2923 1641 2956 Sed
1663 2924 1729 2956 lieri
1747 2925 1854 2965 potest
1869 2927 1905 2956 ut
1927 2925 2088 2964 Melissus,
2107 2933 2199 2957 more
2215 2925 2333 2956 Ionum

1270 2969 1371 3010 quiin
1385 2969 1512 3002 articuli
1537 2978 1594 3002 usu
1612 2969 1793 3002 Atticorum
1813 2970 2014 3011 diligentiam
2035 2980 2098 3003 non
2119 2971 2261 3011 aequant,
2282 2970 2334 3002 liic

1269 3016 1426 3059 ἀνάρθρως
1444 3016 1572 3049 locutus
1582 3016 1623 3049 sit
1640 3025 1678 3049 ac
1695 3017 1760 3050 tale
1779 3017 1971 3058 antiquioris
1988 3017 2147 3050 sermonis
2157 3017 2332 3057 vestigium

1269 3065 1300 3096 in
1336 3064 1388 3097 liis
1421 3065 1583 3106 excerptis
1613 3065 1816 3098 remanserit.
1870 3067 1953 3104 Quae
1983 3068 2094 3098 autem
2133 3064 2332 3105 adjiciuntur

1270 3109 1418 3143 ἁπάντων
1433 3122 1467 3143 τε
1481 3111 1542 3153 γὰρ
1555 3112 1746 3153 γιγνομένων
1761 3112 1849 3145 οὐδὲν
1859 3112 2085 3155 προϋπάρχειν,
2105 3111 2155 3144 his
2168 3111 2246 3144 nihil
2260 3112 2330 3153 pla-

1269 3157 1343 3191 nius
1360 3166 1431 3192 esse
1448 3161 1565 3199 potest.
1582 3162 1696 3201 ltaque
1722 3168 1786 3192 non
1808 3162 1858 3193 est
1880 3160 1968 3202 quod
1994 3169 2069 3192 cum
2088 3159 2225 3200 Bergkio
2246 3160 2332 3201 legas

1267 3207 1454 3253 γενομένων,
1474 3207 1561 3247 quod
1582 3216 1645 3240 non
1666 3208 1817 3240 convenit
1834 3208 1995 3241 infinitivo
2016 3206 2241 3250 προϋπάρχειν.
2289 3211 2331 3240 At

1267 3252 1364 3293 idem,
1385 3251 1512 3295 rejectis
1527 3263 1601 3296 quae
1620 3255 1706 3309 apud
1725 3255 1906 3288 Bekkerum
1927 3264 1957 3296 p.
1977 3256 2038 3288 974
2064 3255 2217 3296 leguntur
2233 3253 2328 3286 codd.

1267 3301 1471 3343 scniptmis,e
1483 3302 1599 3334 tibrim
1594 3302 1738 3344 psiensis
1753 3302 1891 3335 lectione
1904 3303 1959 3334 εἶτ’
1974 3301 2072 3334 ὄντων
2079 3305 2171 3334 τινῶν
2180 3301 2227 3334 ἀεὶ
2241 3302 2288 3334 ἕτε
2276 3312 2329 3342 ρα

1265 3348 1499 3393 προσγίγνοιτο,
1513 3350 1636 3382 πλέον
1622 3361 1660 3382 αν
1681 3360 1737 3382 και
1757 3352 1859 3390 μεῖζον
1878 3350 1914 3382 τὸ
1931 3349 1963 3381 ἓν
1977 3349 2137 3390 γεγονέναι
2153 3349 2241 3382 recte
2255 3357 2329 3380 con-

1265 3397 1360 3429 clusit
1384 3397 1555 3438 legendum
1571 3406 1642 3430 esse
1658 3398 1686 3430 εἰ
1707 3396 1735 3429 δ’
1761 3397 1873 3429 ὄντων.
1905 3397 2027 3430 Deinde
2046 3397 2131 3437 quod
2151 3397 2183 3428 in
2211 3395 2325 3428 eodem

1267 3444 1347 3476 libro
1360 3447 1466 3478 exstat
1483 3446 1519 3478 τὸ
1535 3445 1565 3478 tv
1582 3454 1641 3487 pro
1658 3445 1693 3478 τὸ
1708 3445 1753 3485 ἓν,
1768 3453 1968 3487 quamquam
1985 3444 2178 3477 confirmare
2199 3442 2326 3475 videtur

1265 3492 1423 3526 Brandisii
1448 3493 1669 3535 conjecturam
1687 3494 1719 3526 in
1744 3494 1943 3526 commenti.
1960 3493 2075 3525 Eleatt.
2094 3501 2124 3532 p.
2155 3492 2214 3523 187
2239 3493 2275 3522 ‘et
2292 3491 2323 3523 in

1267 3543 1294 3573 ΙΙ
1301 3542 1352 3574 ist.
1370 3542 1448 3583 phil.
1467 3551 1497 3583 p.
1518 3545 1578 3575 399
1589 3541 1786 3583 propositam
1799 3541 1835 3573 τὸ
1849 3541 1896 3580 ὃν,
1914 3542 2023 3572 tamen
2035 3547 2099 3571 non
2114 3538 2221 3570 minus
2238 3538 2323 3570 simi·

1251 3605 1271 3637 7
