2612 3814
929 218 1208 274 flERACLITt
1239 218 1577 260 FRAGMENTA.
1936 282 1939 283 γ
2259 226 2332 259 321

164 327 213 355 ⁴⁶.
234 313 295 352 καὶ
317 307 362 364 (ᾗ
382 326 485 364 φησιν
507 308 758 362 Ἡράκλειτος)
790 308 897 347 ταύτό
924 310 954 346 τ’
982 308 1056 347 ἐστι
1076 310 1143 354 ζῶν
1158 324 1219 362 και

245 371 431 419 τεθνηκός,
467 369 528 409 καὶ
556 369 746 422 ἐγρηγορὸς
773 384 834 407 και
856 359 1044 416 καθεῦδον,
1064 368 1125 408 καὶ
1145 367 1220 407 νέον

245 430 305 470 καὶ
325 428 491 483 γηραιόν·
521 428 605 467 τάδε
624 427 694 482 γὰρ
720 427 966 479 μεταπεσόντα
989 427 1103 467 ἐκεῖνά
1123 430 1218 475 ε’στι,

243 491 391 529 κάκεῖνα
410 487 516 526 πάλιν
538 488 782 539 μεταπεσόντα
802 491 926 526 ταῦτα.

299 546 549 600 (Plutarchus
569 546 768 585 Consolat.
788 546 836 584 ad
858 546 1109 598 Apollonium
1138 545 1215 584 vol.

247 606 319 645 Vll
349 619 438 658 pag.
470 607 561 657 329.
597 606 714 644 Posui
750 620 836 644 cum
865 605 1222 644 Schleiermachem

245 665 350 705 ταύτό
369 667 400 703 τ’
418 665 491 704 ἐστὶ
508 679 583 717 pro
603 664 916 703 membranarum
932 665 1101 703 lectione
1114 663 1223 702 ταυτό

246 727 278 764 τ’
301 725 365 766 ἔνι.
389 725 598 776 Sequentia
627 725 742 763 etiam
763 725 867 777 apud
893 725 1143 763 Plutarchum
1175 737 1223 762 ex

243 785 380 824 eodem
399 785 595 835 Heraclito
615 784 736 836 petita
751 784 950 823 videntur.
973 784 1071 822 Sunt
1092 792 1220 822 autem

243 843 326 883 haee
340 858 348 881 ε
360 845 406 887 ὡς
416 843 483 896 γὰρ
498 844 537 881 ἐκ
549 847 608 880 τοῦ
618 843 723 881 αὐτοῦ
734 844 845 890 πηλοῦ
867 842 1015 881 δύναταί
1037 858 1087 886 τις
1104 842 1220 880 πλάτ-

244 920 315 944 των
324 905 395 948 ζῶα
410 907 551 954 συγχεῖν
562 902 620 940 καὶ
629 902 735 940 πάλιν
747 901 913 941 πλάττειν
924 901 984 940 καὶ
995 903 1152 953 συγχεῖν,
1163 900 1223 939 καὶ

245 966 348 1002 τοῦτο
361 961 397 1000 ἓν
412 960 496 1014 παρ’
510 960 545 999 ἓν
557 965 667 999 ποιεῖν
680 959 925 1004 ἀδιαλείπτως·
942 958 1032 999 οὕτω
1049 959 1109 997 καὶ
1123 961 1146 1006 ἡ
1162 974 1222 1011 φυ-

246 1038 299 1066 σις
309 1023 348 1060 ἐκ
356 1037 418 1067 της
430 1021 536 1067 αὐτης
546 1019 630 1068 υλης
637 1020 748 1059 παλαι
761 1018 825 1070 μὲν
834 1034 911 1062 τους
918 1032 1109 1070 προγονους
1119 1019 1221 1067 ἡμῶν

244 1080 404 1133 ἀνέσχεν,
417 1082 491 1117 εἶτα
502 1084 658 1131 συνεχεῖς
673 1078 789 1120 αὐτοις
797 1077 959 1128 ἐγέννησε
966 1091 1044 1120 τους
1053 1075 1221 1129 πατέρας,

244 1134 350 1178 εἷτα’
332 1145 443 1188 ημᾶς,
464 1132 526 1177 εἶτ’
549 1138 707 1182 ἄλλους’
692 1153 736 1175 επ
737 1136 875 1198 ’κᾶλλοις
895 1134 1146 1192 ἀνακυκλήσει·
1160 1135 1221 1173 καὶ

244 1202 260 1238 ὃ
281 1201 342 1246 τῆς
360 1197 526 1252 γενέσεως
546 1196 706 1246 ποταμὸς
727 1199 826 1240 οὗτος
838 1189 1027 1247 ἐνδελεχῶς
1048 1195 1135 1247 ῥεων
1159 1194 1221 1232 οὔ-

246 1273 331 1296 ποτε
351 1255 532 1305 στήσεται,
552 1255 613 1294 καὶ
642 1256 751 1295 πάλιν
768 1255 838 1300 ἐξ’
823 1254 981 1298 εναντίας
1008 1255 1103 1293 αὐτῶ
1120 1255 1138 1292 ὁ
1160 1256 1221 1300 τ’ἧς

243 1320 370 1369 φθορᾶς
390 1314 451 1352 εἴτ’
473 1314 625 1366 Ἀχέρων
641 1312 710 1352 εἴτε
733 1312 901 1357 Κωκυτὸς
916 1311 1132 1364 καλούμενος
1153 1312 1221 1351 ὑπὸ

211 1419 216 1426 1
242 1376 312 1413 τῶν
333 1375 499 1421 ποιητῶν.
520 1377 711 1412 Praeterea
727 1373 943 1411 Heraclitea
963 1385 1047 1411 esse
1075 1372 1221 1410 existi-

245 1446 395 1471 mamus
416 1427 673 1484 quae‘exstant
698 1432 801 1484 apud
831 1432 1111 1483 ,Hippocratem
1141 1430 1221 1481 περὶ

243 1492 377 1540 διαίτης
393 1492 506 1545 lpag.
525 1493 601 1530 633
616 1492 679 1531 ed.
697 1491 828 1529 Kflhn.
849 1505 858 1529 t
874 1491 961 1544 φάος
980 1488 1086 1541 Ζηνί,
1099 1489 1222 1534 σκότος

246 1550 358 1603 Ἀίδῃ,
393 1550 516 1594 σκότος
536 1550 624 1597 Ζηνὶ
652 1556 756 1605 φοιτᾷ
780 1551 842 1589 καὶ
863 1554 1104 1602 μετακινεῖται
1122 1555 1221 1588 κεῖνα

243 1606 310 1650 ὦδε
332 1610 392 1649 καὶ
422 1610 506 1648 τάδε
540 1613 636 1649 κεῖσε
668 1609 788 1658 πάσην
808 1609 903 1662 ὥρην
926 1607 1220 1662 διαπρησσόμενα

243 1668 341 1708 κεῖνά
363 1684 400 1707 τε
420 1668 463 1706 τὰ
481 1669 591 1707 τῶνδε
613 1667 674 1707 καὶ
693 1672 807 1707 ταῦτα
833 1670 879 1707 τὰ
899 1667 1041 1707 κείνων·
1062 1677 1101 1706 et
1117 1667 1217 1708 ibid.

246 1743 286 1781 p.
315 1729 392 1779 639
412 1743 420 1766 ε
445 1730 479 1767 ἐν
499 1727 611 1782 τούτῳ
633 1730 708 1781 (τῷ
727 1728 836 1781 πυρὶ)
859 1727 981 1781 ψυχή,
1011 1726 1113 1775 νόος,,
1136 1727 1222 1781 φρό-

247 1802 357 1835 νησις,
378 1785 537 1836 αὔξησις,
567 1786 727 1838 μείωσις,
758 1786 953 1836 διάλλαξις,
973 1785 1090 1834 ὕπνος,
1114 1785 1220 1839 ἐγρή-

248 1860 377 1898 γορσις.
392 1847 508 1884 Τοῦτο
526 1846 642 1885 πάντα
662 1847 718 1885 διὰ
740 1845 869 1890 παντὸς
886 1845 1041 1898 κυὸερνᾷ
1057 1846 1119 1885 καὶ
1138 1846 1223 1884 τάδε

246 1904 307 1943 καὶ
339 1904 456 1942 ἐκεῖνα
487 1905 647 1944 οὐδέκοτε
693 1904 894 1959 ἀτρεμίζον.
924 1904 1004 1958 (Cf.
1033 1906 1220 1957 BernayS.

248 1964 400 2009 llexacl.
417 1973 516 2016 part.
534 1978 595 2017 pr.
606 1978 695 2017 pag.
714 1978 764 2003 10
784 1973 822 2003 et
837 1979 903 2012 2ι,
923 1972 1039 2015 atque
1058 1965 1101 2003 in
1117 1964 1219 2005 Mus.

247 2023 322 2063 Rh.
336 2022 407 2061 vll
418 2037 456 2075 p.
472 2026 561 2063 103.
575 2026 586 2075 )
600 2025 780 2076 Denique
793 2024 870 2063 huc
887 2024 1056 2076 pertinet
1070 2024 1223 2062 Aristo·

245 2081 333 2120 telis
347 2082 458 2120 locus
469 2082 630 2122 Eudem.
646 2083 733 2131 Vll,
754 2098 770 2121 1
789 2097 829 2135 p.
849 2083 948 2121 1235
970 2095 1013 2121 a:
1030 2082 1090 2121 και
1108 2082 1225 2135 Ηρά-

248 2142 383 2184 κλειτος
418 2143 563 2194 ἔπιτιμᾶ
582 2145 632 2181 τῶ
665 2141 853 2190 ποιήσαντι
885 2160 902 2177 «ι
937 2144 984 2186 ὡς
1018 2140 1090 2195 ἔρις
1119 2142 1159 2180 ἔκ
1186 2158 1223 2180 τε

247 2202 332 2239 θεῶν
352 2201 413 2239 καὶ
443 2200 636 2255 ἀνθρώπων
658 2201 838 2242 ἀπόλοιτο·
860 2219 876 2237 ν
894 2203 931 2241 οὔ
958 2201 1027 2275 γὰρ
1064 2201 1107 2239 ἂν
1136 2205 1224 2240 εἶναι

247 2258 418 2312 ἁρμονίαν
439 2260 489 2312 μὴ
507 2260 604 2305 ὄντος
626 2260 681 2306 ὀξέ
667 2277 718 2306 εος
737 2261 797 2301 καὶ
817 2260 964 2315 βαρέος,
986 2260 1065 2300 οὐδὲ
1084 2260 1130 2300 τὰ
1150 2263 1223 2314 ζόα

247 2319 328 2358 ἄνευ
349 2319 491 2374 ἅῤῥενος
511 2319 571 2358 καὶ
587 2319 724 2368 θήλεος,
746 2320 911 2360 ἐναντίων
932 2319 1057 2361 ὄντων.
1075 2321 1087 2373 )

164 2391 216 2420 17.
242 2377 472 2431 Ἀνθρώποισι
494 2379 651 2431 γίνεσθαι
681 2379 791 2419 ὁκόσα
812 2379 951 2420 θέλουσι
978 2381 1042 2420 οὐκ
1064 2380 1220 2431 ἄμεινον.

246 2438 548 2491 Νοῦσος.ὓγιείην
581 2439 725 2487 ἐποίησε
751 2437 817 2486 ἡδὺ
850 2438 911 2478 καὶ
944 2439 1091 2491 ἀγαθόν,
1121 2439 1223 2491 λιμὸς

249 2496 370 2549 κόρον,
391 2496 551 2548 κάματος
571 2497 784 2537 ἀνάπαυσιν.

303 2555 496 2610 (Stobaeus
528 2556 662 2598 Floril.
685 2557 771 2609 111,
806 2558 954 2603 83-84.
983 2558 1062 2596 Pro
1085 2556 1222 2610 ἀνθρώ-

251 2630 348 2663 ποις,
367 2615 523 2654 θέλουσιν
544 2624 582 2654 et
605 2615 770 2663 ἐποίησεν
790 2616 931 2655 Ionum
954 2629 1063 2655 more
1083 2617 1223 2668 scripsi

251 2673 484 2728 ἀνθρώποισι,
504 2674 642 2713 θέλουσι
662 2683 699 2714 et
720 2674 900 2728 ἐποίησε.)

168 2748 216 2774 48.
247 2733 382 2782 Ἧ,ὥς
408 2749 513 2786 φησιν
542 2731 797 2788 Ἡράκλειτος,
818 2734 858 2773 τὸ
889 2733 939 2786 μὴ
960 2735 1060 2772 ὣνον
1082 2737 1158 2778 πῶς
1185 2734 1226 2773 ἄν

249 2809 326 2832 τινα
345 2793 472 2842 λάθοι;

302 2852 495 2903 (Clemens
511 2852 615 2894 Paed.
639 2853 694 2900 11,
722 2867 768 2891 10
784 2867 825 2905 p.
851 2867 944 2905 229.
965 2853 1128 2891 Cori-exi
1146 2867 1241 2902 τινα,

1363 307 1464 347 λάθοι
1485 323 1572 346 cum
1594 308 1975 356 Schleiei·macl1e1'o;
1998 311 2118 359 vulgo
2137 326 2187 352 τις
2202 309 2338 362 λάθοι.)

1287 382 1335 407 ιο.
1364 367 1481 419 Πυρὸς
1503 366 1755 416 ἀνταμείὸεται
1772 367 1912 417 πάντα,
1939 382 2044 419 φησιν
2063 370 2080 405 ὃ
2102 367 2344 420 Ἡράκλειτος,

1369 443 1429 466 και
1457 430 1527 479 πῦρ
1561 425 1747 474 ἁπάντων,
1767 425 1888 478 ὥσπερ
1919 429 2054 478 χρυσοῦ
2083 427 2255 478 χρήματα
2284 443 2344 465 και

1367 487 1564 540 χρημάτὺᾋθ
1584 501 1725 538 χρυσοζ

1424 546 1678 598 (Plutarchus
1705 545 1752 583 de
1774 546 1819 584 Ει
1848 544 1951 596 apud
1986 545 2158 596 Delphos
2194 559 2279 596 cap.
2304 547 2344 592 8,

1366 605 1448 643 vol.
1473 606 1526 644 IX
1547 618 1637 656 pag.
1659 618 1747 652 227.
1770 604 1830 643 Cf.
1856 604 2008 642 lleracl.
2030 604 2155 653 Alleg.
2184 605 2344 644 Homer.

1367 679 1408 717 p.
1433 665 1509 711 468
1538 664 1602 716 [p.
1619 678 1669 714 92
1700 664 1761 702 ed.
1783 662 1924 714 Mehl.]
1947 675 1956 699 :
1975 662 2082 715 πυρὸς
2101 664 2169 735 γὰρ
2190 663 2233 711 δὴ
2255 666 2346 702 κατὰ

1368 724 1427 762 τὸν
1448 723 1593 777 φυσικὸν
1610 722 1844 777 Ἡράκλειτον
1858 720 1993 774 ἀμοιὸῇ
2013 721 2057 760 τὰ
2071 722 2187 760 πάντα
2201 722 2346 773 γίνεται.

1367 782 1561 821 Eusebius
1575 782 1699 834 Praep.
1714 781 1859 830 Evang.
1873 780 1977 827 XIV,
2002 781 2052 818 3:
2071 780 2136 819 ὅδὲ
2155 779 2347 834 Ἡράκλει-

1367 857 1424 914 TO?
1441 841 1554 894 ἀρχῚν
1575 857 1643 879 ‘twv
1665 856 1807 879 παντων
1830 839 1895 892 ἔφη
1916 833 2005 877 Εἶναι
2024 855 2063 878 TO
2085 856 2168 892 πῦρ,
2196 840 2230 885 ἐξ
2247 844 2287 879 Of)
2303 840 2347 880 τὰ

1365 900 1485 939 πάντα
1516 901 1651 954 γίνεται
1679 899 1739 938 καὶ
1769 898 1849 943 εἶςὸ
1871 898 2075 938 ἀναλύεται·
2107 899 2262 950 ἅμοιὸὴν
2278 899 2346 952 γὰρ

1368 952 1457 998 εἶναι
1473 959 1516 998 τὰ
1534 960 1667 999 πάντα.
1690 960 1919 998 Aristoteles
1939 958 2058 1010 Phys.
2077 958 2152 1006 Ill,
2226 974 2235 998 :
2260 959 2348 998 ἀδύ-

1365 1036 1471 1059 νατον
1487 1019 1527 1058 τὸ
1546 1026 1616 1059 πᾶν
1636 1035 1703 1058 καν
1724 1035 1746 1072 ῃ
1764 1017 2032 1071 πεπερασμένον
2049 1017 2072 1066 ἢ
2094 1022 2184 1057 εἰναι
2179 959 2226 1066 5ἢ
2247 1018 2320 1070 γίνε
2333 1042 2349 1049 -

1367 1078 1484 1118 ofloet⁰
1463 1095 1499 1118 εν
1514 1095 1548 1118 τι
1560 1080 1675 1117 αὐτῶν
1690 1080 1773 1133 [τῶν
1789 1093 1906 1130 <norff
1912 1076 2047 1129 ίων],“
2022 1093 2143 1131 ωσπερ
2158 1077 2315 1131 QHpobos
2321 1096 2348 1117 ι-

1366 1138 1422 1182 τός
1440 1154 1545 1192 φησιν
1567 1137 1707 1177 ἅπαντα
1735 1136 1892 1189 γίνεσθαί
1921 1152 2006 1175 ποτε
2028 1141 2110 1191 πῦρ,
2152 1137 2199 1175 ad
2231 1137 2346 1189 quein

1365 1199 1495 1237 locum
1516 1198 1744 1250 Simplicius
1763 1211 1772 1235 ε
1801 1198 1848 1240 ὡς
1870 1195 2100 1248 Ἡράκλειτος
2120 1198 2167 1240 εἷς
2187 1201 2260 1250 πῦρ
2283 1197 2345 1236 λε’-

1343 1284 1346 1286 >
1365 1273 1436 1305 γων
1456 1258 1518 1296 καὶ
1538 1259 1577 1296 ἐκ
1594 1256 1703 1311 πυρὸς
1727 1256 1771 1295 τὰ
1791 1255 1908 1294 πάντα
1921 1271 1930 1279 ·
1948 1265 1986 1294 et
2012 1256 2252 1295 Themistius
2270 1257 2348 1295 Pa-

1367 1317 1502 1370 raphr.
1521 1317 1642 1369 Phys.
1669 1318 1718 1355 33
1744 1315 1772 1354 b
1794 1327 1804 1354 ε
1825 1313 1945 1367 ὥσπερ
1963 1313 2196 1367 ἹΙράκλειτος
2216 1314 2254 1353 τὸ
2279 1319 2349 1387 πῦρ

1369 1376 1480 1417 οἴεται
1499 1377 1603 1429 μόνον
1628 1375 1798 1430 στοιχεῖον
1811 1406 1821 1424 ,
1837 1374 1898 1413 και
1919 1376 1959 1414 ἐκ
1976 1375 2100 1415 τούτου
2114 1375 2291 1427 γεγονέναι
2310 1376 2350 1414 τὸ

1367 1442 1450 1475 πᾶν·
1483 1438 1639 1475 ἐντεῦθεν
1658 1434 1727 1488 γὰρ
1746 1438 1842 1485 ἡμᾶς
1861 1434 1921 1474 καὶ
1943 1434 2157 1482 δεδίττεται,
2189 1436 2349 1489 συμφλε-

1367 1495 1538 1550 γήσεσθαί
1557 1511 1643 1535 ποτε
1656 1495 1717 1557 ‘rbm
1713 1511 1784 1533 παν
1802 1495 1975 1544 ἀπειλῶν,
1997 1493 2118 1541 ἐπειδὴ
2139 1495 2346 1554 διαλυθησε-

1367 1571 1426 1594 ται
1446 1558 1494 1600 εἷς
1511 1559 1614 1595 τοῦτο
1627 1554 1661 1600 ἐξ
1678 1557 1718 1594 ου
1737 1570 1798 1593 και
1814 1552 1972 1606 γέγονε.)

1287 1630 1336 1657 50.
1370 1615 1469 1654 Τὰ
1450 1613 1487 1654 οὲ
1508 1615 1625 1654 πάντα
1646 1613 1791 1659 οἷακίζει
1811 1613 1989 1666 κεραυνός.

1427 1675 1683 1727 (Hippolytus
1707 1674 1854 1711 Haeres.
1874 1672 2002 1712 Refut.
2029 1685 2069 1724 p.
2090 1673 2166 1710 283
2186 1672 2234 1710 ed
2258 1672 2347 1710 Mil-

1371 1735 1442 1773 ler.
1466 1734 1587 1785 ελέγει
1607 1732 1644 1773 δὲ
1663 1732 1723 1772 καὶ
1743 1735 1804 1771 τοῦ
1824 1731 1959 1783 κόσμου
1983 1731 2098 1784 κρίσιν
2118 1731 2179 1770 καὶ
2207 1731 2349 1771 πάντων

1369 1795 1440 1831 τῶν
1459 1794 1494 1831 ἐν
1511 1793 1608 1845 αὐτῷ
1619 1791 1676 1831 διὰ
1694 1790 1802 1844 πυρὸς
1817 1790 1990 1843 γίνεσθαι,
2006 1790 2119 1842 λέγων
2134 1789 2256 1835 οὕτως·
2272 1809 2285 1824 α
2305 1790 2350 1829 τὰ

1370 1852 1405 1891 δὲ
1422 1851 1538 1890 πάντα
1559 1850 1708 1897 οἷακίζει
1726 1849 1908 1904 κεραυνός,
1926 1868 1941 1884 »
1959 1850 2119 1889 τουτέστι
2135 1849 2350 1888 κατευθύνει·

1369 1910 1538 1963 κεραυνὸν
1569 1909 1610 1949 τὸ
1645 1914 1716 1963 πῦρ
1746 1909 1860 1962 λέγων
1891 1908 1931 1948 τὸ
1965 1908 2117 1949 αἰώνιον.
2150 1909 2214 1948 Sic
2234 1910 2349 1948 etiam

1371 1971 1561 2010 Heracliti
1592 1971 1769 2009 imitator
1801 1969 2006 2009 Cleanthes
2034 1969 2172 2022 hymn.
2193 1970 2234 2008 in
2257 1968 2347 2008 Jov.

1363 2044 1427 2080 ys.
1444 2045 1599 2082 9—10:
1618 2030 1711 2069 τοῖον
1726 2030 1819 2084 ἔχεις
1837 2029 2005 2082 ὑποεργὸν
2021 2029 2198 2077 ἀνικήτοις
2209 2029 2258 2068 ἐνὶ
2273 2044 2354 2082 χερ-

1370 2091 1423 2130 σὶν
1441 2090 1605 2143 ἀμφήκη,
1624 2089 1819 2143 πυρόεντα,
1838 2088 2030 2134 ἀειζώοντα
2047 2088 2225 2142 κεραυνόν.
2242 2087 2269 2141 ).

1289 2165 1335 2192 51.
1367 2150 1494 2190 Πάντα
1514 2150 1583 2203 γὰρ
1604 2149 1645 2189 τὸ
1663 2154 1734 2202 πῦρ
1755 2148 1898 2188 ἐπελθὸν
1919 2147 2048 2201 κρινέει
2068 2149 2128 2187 καὶ
2150 2147 2352 2201 καταλήψε·

1371 2225 1442 2249 ται.

1424 2269 1687 2321 (Hippolytus
1706 2269 1852 2307 Haeiffles
1875 2267 2005 2306 Refut.
2030 2282 2071 2319 p.
2094 2268 2169 2306 283
2185 2267 2248 2306 ed.
2268 2267 2355 2305 Mil-

1370 2328 1588 2379 19ν.·λέγει
1605 2327 1641 2366 δὲ
1659 2344 1719 2366 και
1736 2326 1904 2381 φρόνιμον
1926 2330 2057 2366 τοῦτοε
2044 2330 2132 2365 εἶναι
2149 2325 2189 2365 τὸ
2208 2329 2280 2379 πῦρ
2291 2340 2353 2365 και

1370 2403 1430 2434 της
1453 2385 1655 2434 διοικησεως
1679 2388 1748 2424 τῶν
1768 2385 1859 2424 ὅλων
1887 2384 2010 2424 αἴτιοψ
2042 2386 2147 2423 καλεῖ
2184 2384 2220 2423 δὲ
2268 2385 2352 2424 αὐτὸ

1368 2445 1621 2498 χρησμοσύνην
1649 2445 1710 2484 καὶ
1731 2445 1850 2497 κόρον.
1874 2443 2116 2498 Χρησμοσύνη
2142 2443 2179 2482 δέ
2212 2445 2308 2483 ἐστιν
2328 2447 2350 2492 ἡ

1371 2503 1603 2555 διακόσμησις
1630 2503 1708 2543 κατ’
1736 2502 1858 2551 αὐτόν,
1882 2506 1905 2551 ἢ
1937 2504 1973 2542 δὲ
2003 2503 2201 2556 ἐκπύρωσις
2235 2502 2353 2557 κόρος·

1373 2581 1388 2596 «
1406 2562 1522 2601 πάντα
1541 2563 1622 2615 γὰρ,
1650 2562 1753 2616 φησί,
1781 2562 1821 2601 τὸ
1837 2566 1906 2616 πῦρ
1936 2563 2082 2601 ἐπελθὸν
2102 2565 2214 2615 κρινεῖ
2232 2581 2247 2597 »s
2269 2566 2351 2604 κτλ.

1375 2621 1605 2672 Requiritur
1619 2630 1748 2660 autem
1772 2620 1898 2674 κρινέει
1916 2621 2021 2672 quod
2042 2622 2195 2674 posui).

1291 2695 1342 2720 52.
1369 2680 1531 2724 Θάνατός
1550 2683 1642 2720 ἔστιν
1662 2679 1772 2720 ὁκόσα
1792 2679 1989 2734 ἐγερθέντες
2005 2681 2165 2734 ὁρέομεν,
2183 2680 2293 2720 ὁκόσα
2313 2681 2348 2720 δὲ

1378 2739 1535 2782 εὕδοντες
1553 2738 1673 2783 ὕπνος.

1428 2793 1631 2844 (Clemens
1651 2793 1885 2842 διΐστη-ΙΙΙ,
1908 2795 1929 2833 3
1957 2808 1996 2846 p.
2021 2794 2113 2834 520.
2132 2793 2143 2847 )

1291 2866 1339 2892 53.
1372 2870 1387 2887 «
1411 2852 1544 2897 Νέκυες
1562 2852 1630 2906 γὰρ
1646 2852 1802 2907 κοπρίων
1822 2853 2068 2907 ἐκὸλητότεροι
2093 2871 2108 2889 »
2141 2855 2220 2893 καθ’
2238 2853 2349 2908 Ἡρά-

214 3003 266 3034 46.
286 3003 403 3044 Atque,
421 3003 458 3034 ut
476 3002 522 3034 ait
545 3002 740 3043 Heraclitus,
771 3002 857 3034 idem
884 3003 934 3034 est
949 3002 1062 3034 vivum
1086 3002 1119 3034 et
1141 3010 1228 3033 moi·-

172 3060 281 3101 tuum,
304 3060 440 3102 vigilans
462 3069 500 3094 ac
525 3060 711 3102 dormiens,
738 3061 925 3094 adolescens
948 3063 980 3094 et
1008 3069 1124 3100 senex,
1152 3059 1230 3102 quia

172 3118 244 3151 haec
259 3118 360 3152 inilia
381 3118 590 3161 vicissimque
605 3122 789 3153 mutantur.

215 3180 268 3211 47.
287 3178 487 3212 Hominibus
503 3179 612 3212 omnia
631 3188 705 3221 quae
724 3180 839 3212 volunt
857 3179 1042 3220 contingere
1063 3186 1129 3211 non
1150 3186 1229 3211 con-

173 3236 276 3270 «lucit.
293 3238 429 3271 Morbus
447 3238 620 3271 sanitatem
639 3247 706 3272 rem
731 3238 911 3280 iucundam
928 3239 961 3271 et
977 3237 1097 3271 bonam
1114 3237 1229 3278 eflicit,

174 3295 276 3328 fames
288 3296 482 3338 satietatem,
497 3288 589 3330 labor
612 3300 768 3340 quietem.

215 3357 268 3388 43.
292 3356 367 3396 Vel,
381 3357 418 3388 ut
437 3356 482 3388 ait
504 3358 683 3391 Heraclitus
696 3383 706 3400 ,
724 3358 891 3400 quomodo
914 3366 1113 3400 quemquam
1132 3358 1230 3399 fugiat

173 3412 255 3453 ignis
273 3423 439 3456 nunquam
461 3414 614 3449 occidens
629 3419 643 3449 Ρ

220 3473 273 3505 49.
294 3474 345 3506 Ita
375 3473 440 3512 igni
469 3473 577 3506 omnia
612 3478 806 3518 mutantur,
830 3477 936 3520 inquit
964 3476 1167 3518 Heraclitus,
1196 3480 1231 3510 et

283 3536 403 3561 Paltos.
428 3537 524 3561 GRAEC·

1293 3000 1374 3041 ignis
1387 3000 1552 3042 omnibns,
1575 3003 1612 3035 ut
1627 3010 1667 3035 ex
1683 3010 1763 3035 auro
1781 3002 1915 3045 pecunia
1935 3002 1968 3035 iit
1990 3005 2089 3046 atque
2105 3013 2123 3036 e
2141 3005 2274 3046 pecunia
2291 3014 2349 3036 au·

1293 3068 1379 3092 rum.

1336 3123 1388 3152 50.
1412 3120 1531 3153 omnia
1545 3130 1621 3154 vero
1639 3122 1761 3156 fulmen
1780 3125 1952 3166 gubernat.

1335 3181 1387 3213 51.
1410 3181 1493 3214 Nam
1506 3182 1642 3223 vagatus
1655 3181 1746 3216 late
1726 3184 1820 3231 ignis
1836 3186 1947 3218 omnia
1968 3183 2118 3218 secernet
2137 3183 2169 3215 et
2188 3183 2347 3224 corripiet

1335 3243 1386 3270 52.
1410 3230 1523 3273 Mortis
1550 3241 1709 3283 imagines
1724 3245 1800 3277 sunt
1819 3253 1905 3285 quas
1921 3242 2124 3287 experrecti,
2144 3242 2249 3275 somni
2270 3250 2349 3282 quas

1291 3294 1486 3331 dormientes
1503 3299 1663 3334 videmus.

1338 3358 1389 3389 53.
1414 3357 1595 3392 cadavera
1619 3361 1714 3392 enim
1733 3363 1846 3402 maqis
1867 3361 2040 3403 ejicienda
2064 3363 2150 3395 sunt
2175 3368 2282 3403 quam
2297 3359 2347 3401 fi-

1292 3428 1370 3452 mus
1403 3421 1581 3465 secundum
1608 3423 1810 3457 Heraclitum
1834 3436 1843 3458 ε
1870 3425 1977 3458 omnis
2008 3434 2086 3458 vero
2112 3433 2188 3456 caro
2219 3423 2346 3455 mortua

1291 3481 1341 3514 est
1355 3482 1388 3514 et
1407 3481 1570 3516 cadaveris
1590 3492 1675 3524 pars.

2203 3543 2233 3571 21
