2612 3814
278 267 358 314 xxij
682 309 691 317 ,
1120 262 1187 300 DE
1213 236 1537 298 mipssnocm.

268 350 346 403 οὗχὶ
366 350 444 398 ἤτοι
476 348 570 392 θεούς
598 364 638 400 γε
665 348 843 400 ἡγούμεθα
874 345 978 394 εἶναι,
999 348 1022 395 ἢ
1051 347 1136 385 θεῶν
1158 343 1304 391 παῖδας

268 415 352 469 φής,
368 413 390 461 ἢ
411 413 471 465 οὕς
488 412 592 457 Πάνυ
612 427 665 461 γε.
687 411 823 450 Οὐκοῦν
838 408 935 461 εἴπερ
952 408 1118 458 δαίμονας
1138 409 1308 458 ἡγοῦμαι,

270 481 314 522 ὡς
333 476 374 515 σὺ
395 476 459 529 φής
475 506 486 528 ,
515 478 544 514 εἷ
565 474 627 526 μὲν
650 474 721 514 θεοί
737 472 826 517 τινές
846 474 929 511 εἶσιν
962 473 992 510 οἳ
1014 471 1172 521 δαίμονες
1185 500 1196 520 ,
1212 471 1304 507 τοῦτ’

269 542 311 583 ἂν
334 540 471 591 εἴη,ὃ’
460 539 529 591 εγώ
543 538 633 591 φημί
653 553 691 576 σε
712 536 922 576 αἰνίττεσθαι
941 551 999 574 και
1017 533 1305 586 χαριεντίζεσθαι,

269 604 363 649 θεους
391 605 457 657 οὐχ
484 602 675 654 ἡγούμενον
704 601 809 653 φάναι
845 598 929 650 ἐμέ,
951 602 986 637 θε
975 598 1044 642 ους
1076 602 1118 636 αὐ
1154 600 1307 648 ἡγεῖσθαι

270 670 397 719 πάλιν,
421 667 609 718 ἐπειδήπερ
638 681 677 717 γε
700 664 866 715 δαίμονας
896 667 1061 715 ἡγοῦμαι.
1099 662 1181 700 εἶδ’
1207 665 1249 700 αὖ
1277 663 1308 700 οἱ

272 733 431 783 δαίμονες
452 733 535 769 θεῶν
556 728 677 772 παῖδές
692 730 759 767 εἶσι
781 727 872 766 νόθοι
888 725 1000 776 τινές,
1020 725 1044 773 ἢ
1061 727 1100 763 ἐκ
1122 727 1307 778 Νυμφῶν,

271 796 294 843 ἢ
312 795 352 834 ἔκ
371 811 471 833 τινων
489 794 623 841 ἄλλων,
645 786 691 830 ὧν
708 791 750 839 δὴ
772 790 832 830 καὶ
849 790 1027 841 λέγονται,
1046 789 1097 833 τίς
1118 788 1158 827 ἂν
1181 788 1311 840 ἀνθρώ·
1371 794 1503 828 mento
1519 790 1625 828 dicta
1640 794 1757 828 sunt:
1776 789 1817 827 id
1831 793 1933 827 certe
1947 794 2122 839 apparet,
2137 789 2427 839 Empedoclem.

1367 357 1442 379 πων
1460 342 1544 378 θεῶν
1573 339 1635 390 μὲν
1655 340 1784 384 παῖδας
1804 342 1925 391 ἡγοῖτο
1943 333 2050 387 εἶναι,
2073 337 2169 382 θεοὺς
2190 335 2226 376 δὲ
2248 337 2317 389 μή;
2333 339 2412 378 No-

1367 406 1434 444 lim
1461 406 1522 444 hic
1541 404 1734 454 explicare
1760 415 1846 453 quae
1870 404 1974 454 apud
1999 404 2262 454 Porphyrium
2296 401 2347 456 (1)
2376 409 2415 444 et

1369 468 1630 507 Iamblichum
1657 465 1710 518 (2)
1741 457 1922 517 magnam
1950 472 2099 517 partem
2119 478 2168 505 ex
2200 478 2317 506 aureo
2333 478 2418 515 cat-

1367 535 1471 570 mine
1491 532 1631 570 hausta
1647 531 1829 581 leguntur
1852 531 1916 571 vel
1934 542 2023 581 quae
2041 530 2264 569 Eustatbius
2295 528 2347 583 (3)
2366 531 2418 570 ad

1369 597 1482 635 Iliad.
1506 611 1543 643 α,
1578 602 1614 642 4,
1638 596 1834 645 Euripidis
1863 598 2054 646 interpres
2089 593 2142 648 (4)
2170 596 2219 634 ad
2248 595 2418 635 Heeubae

1368 673 1429 700 vs.
1458 667 1545 710 164,
1562 660 1722 699 Proclus
1746 657 1798 712 (5)
1820 664 1859 698 et
1880 657 2036 700 T‘zetzes
2058 659 2110 712 (6)
2131 660 2183 698 ad
2208 660 2371 699 Hesiodi
2387 659 2415 698 1.

1369 736 1405 764 c.
1422 726 1657 763 adnotarunt
1685 724 1746 762 vel
1766 735 1853 773 quae
1881 725 1930 763 ab
1950 724 2039 762 aliis
2058 724 2109 775 (7)
2129 724 2178 762 de
2199 724 2274 763 hoe
2301 734 2418 775 argu-

315 954 343 996 1)
373 953 487 992 Pol-ph.
507 952 546 983 de
568 951 643 983 Vita
666 950 802 990 Pvthag.
837 961 845 981 ι
872 949 999 990 παρῄνει
1022 948 1054 980 δὲ
1078 948 1147 989 περὶ
1174 948 1212 992 μὲ
1201 958 1229 979 -ν
1254 950 1310 979 τοῦ

271 1002 353 1034 θείου
363 1002 414 1032 καὶ
428 999 586 1039 δαιμονίου
598 999 650 1029 καὶ
664 998 767 1039 ἡρῴου
781 996 885 1033 γένους
904 996 1038 1036 εὔφημον
1055 995 1144 1026 εἶναι.

313 1049 344 1090 2)
365 1047 558 1080 lamblichus
585 1045 624 1076 de
645 1045 712 1076 vita
744 1043 876 1084 Pythag.
897 1051 925 1074 c.
943 1047 1029 1074 100·
1049 1042 1092 1073 ἔτι
1105 1042 1180 1083 πρὸς
1192 1041 1310 1077 τούτοις

271 1096 338 1136 περί
353 1106 386 1127 τε
403 1097 458 1126 τοῦ
476 1093 558 1125 θείου
576 1093 628 1124 καὶ
645 1092 712 1133 περὶ
731 1094 786 1123 τοῦ
810 1090 973 1132 δαιμονίου
995 1091 1047 1122 καὶ
1061 1090 1129 1131 περὶ
1145 1092 1200 1120 τοῦ
1213 1091 1305 1130 ἡρωϊ-

271 1148 328 1176 κοῦ
352 1144 456 1199 γένους
472 1140 606 1182 εὔφημον
630 1150 664 1171 τε
677 1139 730 1171 καὶ
747 1139 864 1178 ἀγαθὴν
880 1138 961 1179 ἔχειν
982 1137 1129 1169 διάνοιαν.
1146 1136 1310 1173 Ὡσαύτως

271 1190 303 1222 δὲ
316 1190 368 1221 καὶ
386 1189 434 1220 ἐπὶ
449 1191 511 1220 τῶν
534 1187 649 1226 γονέων
670 1196 704 1217 τε
722 1185 775 1216 καὶ
799 1186 964 1227 εὐεργετῶν
997 1184 1207 1222 διανοεῖσθαι,
1224 1182 1311 1224 νόμῳ

270 1248 304 1269 τε
318 1237 438 1278 βοηθεῖν
458 1236 510 1266 καὶ
533 1233 646 1274 ἀνομίᾳ
665 1233 821 1273 πολεμεῖν.
841 1232 889 1263 ld.
910 1240 978 1271 cap.
1006 1234 1090 1263 175.
1113 1231 1192 1271 μετὰ
1219 1230 1311 1262 δὲτὸ

272 1283 351 1316 θεῖόν
368 1294 400 1314 τε
412 1282 465 1314 καὶ
481 1282 517 1313 τὸ
531 1274 699 1320 δαιμόνιον,
717 1280 861 1311 πλεῖστον
875 1279 1029 1310 ποιεῖσθαι
1044 1278 1135 1319 λόγον
1148 1278 1264 1318 γονέων
1279 1287 1312 1308 τε

271 1330 326 1362 καὶ
341 1329 437 1370 νόμου
452 1328 505 1360 καὶ
529 1327 648 1359 τούτων
673 1326 811 1364 ὑπήκοον
832 1326 925 1357 αὑτὸν
944 1326 1199 1361 κατασκευάζειν.
1218 1323 1264 1356 ld.
1280 1332 1310 1357 c.

273 1379 333 1409 37:
350 1377 381 1408 ἔν
393 1387 426 1408 τε
442 1378 486 1417 τῷ
498 1374 609 1415 κόσμῳ
626 1374 677 1405 καὶ
690 1376 735 1414 τῷ
754 1373 814 1415 βίῳ
827 1373 879 1404 καὶ
892 1375 959 1409 ταῖς
973 1372 1081 1405 πόλεσι
1093 1374 1145 1404 καὶ
1165 1376 1203 1413 τῇ
1219 1371 1310 1410 φύσει

273 1425 388 1465 μᾶλλον
397 1423 568 1463 τιμώμενον
583 1421 618 1453 τὸ
637 1420 888 1461 προηγούμενον,
912 1421 931 1458 ἢ
953 1421 988 1451 τὸ
1004 1423 1049 1461 τῷ
1070 1419 1173 1461 χρόνῳ
1198 1418 1311 1459 ἑπόμε-

271 1482 335 1502 νον.
370 1470 432 1501 οἷον
454 1468 604 1506 ἀνατολὴν
619 1471 672 1506 τῆς
695 1467 906 1503 δύσεως-καὶ
922 1467 992 1503 τοὺς
1017 1467 1156 1502 οἰκιστὰς
1174 1469 1235 1497 τῶν
1251 1466 1310 1497 πό-

272 1519 362 1557 λεων,
375 1517 429 1548 καὶ
446 1515 579 1547 καθόλου
598 1514 668 1550 τοὺς
687 1514 741 1555 μὲν
758 1514 843 1550 θεοὺς
862 1516 923 1545 τῶν
937 1513 1105 1554 δαιμόνων,
1125 1513 1261 1549 ἑκείνου;
1280 1514 1310 1545 δὲ

271 1568 334 1597 τῶν
359 1563 506 1603 ἡμιθέων,
532 1562 602 1598 τοὺς
627 1562 728 1602 ἥρωας
748 1561 780 1592 δὲ
796 1564 858 1592 τῶν
875 1561 1062 1602 ἀνθρώπων,
1092 1561 1127 1592 ἐκ
1144 1561 1261 1593 τούτων
1281 1561 1312 1593 δὲ

271 1612 342 1648 τοὺς
355 1609 470 1646 αἰτίους
486 1613 539 1647 τῆς
553 1609 703 1645 γενέσεως
713 1612 776 1644 τοῖς
788 1609 956 1648 νεωτέροις.
972 1607 1160 1648 Ἐπαγωγῆς
1173 1609 1206 1640 δὲ
1222 1610 1312 1641 ἕνεκα

271 1660 370 1690 ταῦτα
380 1657 464 1696 ἔλεγε
476 1656 550 1696 πρὸς
563 1656 598 1687 τὸ
618 1655 686 1695 περὶ
701 1654 842 1690 πλείονος
864 1656 1018 1686 ποιεῖσθαι
1039 1655 1108 1692 τοὺς
1121 1660 1220 1696 γονεῖς
1237 1657 1311 1688 ἑαυ·

271 1708 344 1736 τῶν.
364 1703 411 1735 id.
429 1711 457 1734 c.
479 1707 518 1734 30
538 1712 546 1733 t
565 1703 617 1734 καὶ
643 1702 719 1743 μετὰ
746 1705 808 1733 τῶν
825 1702 900 1733 θεῶν
925 1702 977 1734 τὸν
997 1703 1181 1744 Πυθαγόραν
1206 1703 1313 1736 λοιπὸν

272 1750 476 1792 κατηρίθμουν
487 1773 496 1789 ,
511 1751 552 1786 ὡς
566 1748 680 1790 ἀγαθόν
697 1759 764 1780 τινα
779 1749 912 1790 δαίμονα
931 1750 983 1780 καὶ
1006 1749 1307 1791 φιλανθρωπότατον,

272 1801 302 1831 οἱ
316 1798 370 1839 μὲν
387 1797 440 1830 τὸν
464 1797 591 1836 Πύθιον,
614 1798 643 1828 οἱ
659 1796 692 1828 δὲ
714 1796 767 1828 τὸν
784 1796 814 1833 ἐξ
839 1796 1061 1838 ’Υπερὸορείων
1077 1797 1266 1837 Ἀπόλλωνα,
1284 1801 1312 1830 οἱ

273 1846 305 1877 δὲ
323 1846 376 1877 τὸν
391 1846 523 1877 Παιῶνα
534 1869 541 1882 ,
555 1846 584 1876 οἱ
608 1844 640 1875 δὲ
655 1846 717 1875 τῶν
734 1843 790 1882 τὴν
814 1844 944 1881 σελήνην
960 1843 1189 1876 κατοικούντων
1206 1845 1314 1887 δαιμό-

273 1904 334 1925 νων
348 1892 411 1923 ἕνα.
430 1891 622 1931 Adjiciamus
638 1891 689 1921 iiic
701 1898 774 1930 quae
788 1890 828 1922 de
843 1891 1034 1931 Pythagorae
1050 1890 1200 1923 doctrina
1216 1892 1314 1925 tradit

275 1941 365 1979 Πίος,-
378 1939 480 1970 Laert.
503 1937 546 1969 lib
571 1938 662 1975 vul,
680 1939 715 1968 31
736 1945 826 1977 seqq.
842 1946 849 1968 t
868 1937 1100 1978 ἐκριφθεῖσανδὲ
1114 1938 1209 1977 αὐτὴν
1228 1938 1268 1980 [i.
1283 1948 1311 1972 e.

273 1987 328 2025 τὴν
338 1982 459 2027 ψυχὴν]
473 1983 522 2015 ἐπὶ
535 1987 590 2024 γῆς
604 1983 770 2020 πλάζεσθαι
786 1984 816 2014 ἐν
830 1986 874 2024 τῷ
888 1983 953 2023 ἀέρι
972 1983 1086 2023 ὁμοίαν
1103 1986 1148 2024 τῷ
1168 1985 1291 2026 σώματι
1305 2010 1312 2023 ,

274 2035 327 2065 τὸν
347 2033 379 2064 δὲ
395 2031 509 2072 Ἑρμῆν
521 2031 634 2071 ταμίαν
653 2031 805 2063 εἶναιτῶν
823 2034 933 2072 ψυχῶν
941 2032 1029 2062 --καὶ
1047 2031 1176 2070 ἄγεσθαι
1193 2033 1246 2073 μὲν
1259 2034 1314 2070 τὰς

274 2078 410 2119 καθαρὰς
426 2077 475 2108 ἐπὶ
503 2078 555 2109 τὸν
580 2077 722 2119 ὕψιστον,
740 2077 793 2113 τὰς
817 2077 851 2108 δὲ
867 2077 1055 2118 ἀκαθάρτους
1084 2078 1160 2119 μήτε
1185 2079 1314 2117 ἐκείναις

275 2125 412 2162 πελάζειν
443 2124 519 2165 μήτε
545 2124 689 2162 ἀλλήλαις
701 2148 711 2164 ,
739 2124 861 2156 δεῖσθαι
888 2123 914 2155 δ’
942 2125 973 2156 ἐν
997 2124 1158 2166 ἀῤῥήκτοις
1190 2126 1315 2168 δεσμοῖς

279 2173 340 2205 ὑπὸ
358 2171 531 2212 Ἐριννύων.
549 2171 638 2202 Εἶναί
650 2181 683 2203 τε
698 2170 800 2203 πάντα
813 2171 865 2202 τὸν
885 2171 959 2212 ἀέρα
974 2172 1084 2212 ψυχῶν
1096 2172 1249 2212 ἔμπλεων,
1263 2175 1314 2205 καὶ

275 2219 400 2255 τούτους
421 2218 566 2259 δαίμονάς
584 2229 617 2250 τε
634 2220 687 2249 καὶ
702 2218 804 2259 ἥρωας
828 2218 1022 2258 νομίζεσθαι,
1041 2220 1094 2250 καὶ
1109 2220 1171 2251 ὑπὸ
1192 2220 1313 2252 τούτων

277 2268 448 2308 πέμπεσθαι
462 2266 630 2307 ἀνθρώποις
645 2265 715 2302 τούς
731 2276 765 2297 τε
775 2265 908 2306 ὀνείρους
923 2266 976 2296 καὶ
993 2267 1031 2298 τὰ
1045 2270 1160 2306 σημεῖα
1173 2267 1266 2300 νόσου
1283 2279 1316 2300 τε

277 2316 328 2347 καὶ
341 2313 468 2355 ὑγιείας.
488 2333 527 2340 -
550 2313 694 2353 μέγιττον
707 2313 740 2344 δέ
755 2323 828 2351 φησι
842 2315 903 2344 τῶν
918 2313 949 2345 ἐν
965 2313 1134 2354 ἀνθρώποις
1149 2314 1225 2346 εἶναι
1237 2340 1244 2353 ,
1260 2315 1315 2354 τήν

277 2363 378 2404 ψυχὴν
401 2365 506 2394 πεῖσαι
534 2361 584 2392 ἐπὶ
609 2361 645 2392 τὸ
668 2360 783 2401 ἀγαθὸν
812 2361 832 2398 ἢ
860 2360 910 2392 ἐπὶ
930 2361 964 2393 τὸ
981 2361 1090 2393 κακόν.
1115 2362 1316 2404 Εὐδαιμονεῖν

279 2411 436 2450 ἄνθρωπον
452 2409 524 2441 ὅταν
541 2408 640 2448 ἀγαθὴ
657 2408 742 2448 ψυχὴ
755 2409 973 2450 προσγένηται.

321 2457 352 2498 3)
368 2456 554 2488 Eusiatiiins
579 2454 618 2486 ad
643 2453 732 2487 iliad.
763 2465 795 2494 α,
816 2457 834 2487 4
854 2465 861 2485 z
885 2455 1013 2496 Ἥρωας
1035 2456 1067 2488 δὲ
1085 2458 1104 2495 ἡ
1127 2458 1244 2490 παλαιὰ
1263 2470 1315 2491 σο-

280 2504 334 2542 φία
350 2504 434 2543 γένος
456 2513 485 2534 τι
502 2503 581 2533 θεῖον
597 2502 673 2533 εἷναι
690 2501 805 2538 δοξάζει
835 2503 928 2543 μέσον
946 2504 1023 2534 θεῶν
1055 2506 1108 2536 καὶ
1135 2505 1316 2547 ἀνθρώπων·

280 2552 332 2583 καὶ
349 2551 384 2582 τὸ
401 2550 454 2591 μὲν
477 2550 555 2580 θεῖον
568 2549 659 2589 φυλον
670 2549 696 2580 εἰ
700 2560 712 2585 ς
729 2549 760 2580 θε
747 2549 812 2585 εοὺς
829 2549 937 2590 διαιρεῖ
950 2551 1002 2581 καὶ
1019 2551 1185 2592 δαίμονας,
1203 2553 1247 2584 ὢν
1264 2554 1316 2585 καὶ

281 2597 424 2639 διαφορὰν
440 2596 537 2636 λέγει,
558 2595 651 2627 ὁποία
665 2595 831 2636 φανήσεται
847 2595 994 2637 ἀλλαχοῦ
1007 2598 1077 2635 τοὺς
1094 2599 1126 2630 δε
1140 2599 1317 2639 ἀνθρώπους

284 2644 387 2682 (corr.
402 2643 437 2674 τὸ
453 2643 484 2674 δὲ
500 2642 704 2682 ἀνθρώπινον)
718 2641 760 2678 εἷς
771 2653 804 2673 τε
821 2643 923 2683 ἥρωας
939 2646 991 2676 καὶ
1010 2645 1053 2681 εἰς
1067 2646 1142 2678 αὐτὸ
1155 2647 1317 2685 τοῦτο,ὰν·

283 2691 433 2732 θρώπους.
449 2690 508 2721 Καὶ
525 2689 748 2726 ὑποὸεὸηκέναι
763 2690 816 2730 μέν
834 2701 907 2731 φησι
925 2691 1005 2729 θεοῖς
1020 2692 1185 2733 δαίμονας,
1204 2693 1319 2734 ἀνθρώ·

282 2747 359 2773 πους
379 2737 410 2768 δὲ
431 2737 561 2777 ἥρωσιν,
582 2735 634 2773 οὓς
651 2736 703 2767 καὶ
724 2736 760 2767 ἐκ
781 2736 862 2768 θείου
881 2738 934 2768 καὶ
956 2737 1145 2781 ἀνθρωπίνου
1170 2741 1315 2782 σώματος

284 2787 372 2824 φῦναι
391 2783 542 2822 λέγουσιν.

328 2830 357 2869 4)
383 2826 677 2869 schoi.1²:urip.ad
703 2827 844 2860 Hecuboe
863 2836 908 2860 vs.
926 2831 1006 2861 164:
1024 2830 1108 2868 θεοὺς
1133 2831 1319 2874 ὑψηλότερόν

285 2887 313 2907 τι
331 2875 436 2917 τάγμα
451 2877 596 2914 ἡγοῦνται
611 2878 673 2906 τῶν
692 2874 856 2916 δαιμόνων.
877 2875 935 2908 ’Όν
953 2877 1012 2917 γὰρ
1030 2876 1121 2917 λόγον
1138 2879 1263 2920 ἔχουσιν
1289 2882 1318 2912 οἱ

286 2923 383 2964 ἥρωες
401 2919 474 2963 πρὸς
487 2922 557 2958 τοὺς
574 2921 767 2962 ἀνθρώπους
789 2921 971 2963 ὑψηλότεροί
990 2934 1067 2960 τινες
1086 2924 1247 2963 δοκοῦιτες
1261 2927 1314 2958 καὶ

285 2970 500 3010 ὑπερέχοντες,
517 2969 569 3000 τὸν
583 2968 675 3000 αὐτὸν
692 2945 784 3006 λόγόν
797 2970 850 3000 καὶ
864 2970 894 3001 οἱ
909 2969 970 3001 θεοὶ
984 2971 1059 3012 πρὸς
1074 2971 1145 3009 τοὺς
1158 2973 1317 3013 δαίμονας,

287 3015 469 3058 ὑψηλότεροί
493 3025 571 3051 τινες
595 3015 754 3052 δοκοῦντες
769 3014 886 3047 τουτων
899 3013 988 3048 εἶναι.
1007 3017 1158 3057 Λέγονται
1176 3019 1208 3051 δὲ
1221 3030 1319 3051 κατα·

288 3065 462 3105 χρηστικῶς
475 3062 536 3093 θεοὶ
556 3062 608 3093 καὶ
626 3063 654 3093 οἱ
671 3061 823 3102 δαίμονες.

331 3109 362 3149 5)
393 3108 519 3140 Procius
544 3107 583 3138 ad
605 3107 732 3140 Hesiodi
753 3107 775 3140 Ι.
799 3117 828 3140 c.
844 3107 956 3145 ’ςόντα
974 3108 1006 3141 δὲ
1028 3109 1163 3150 φύλακας
1181 3114 1236 3143 τοῦ
1253 3111 1322 3154 βίου

290 3158 353 3187 τῶν
370 3154 537 3196 ἀνθρώπων
552 3154 698 3195 δαίμονας
722 3155 812 3186 καλεῖ
827 3156 910 3197 παρὰ
933 3155 968 3187 τὸ
991 3156 1100 3195 δαῆναι
1114 3157 1154 3189 τὰ
1177 3158 1279 3190 πάντα
1303 3161 1322 3199 ἢ

231 3211 235 3214 ·
293 3203 422 3245 μερίζειν
439 3202 479 3234 τὰ
497 3202 598 3242 ἀγαθὰ
609 3202 661 3234 καὶ
675 3202 759 3234 κακὰ
772 3206 836 3240 τοῖς
855 3203 1035 3245 ἀνθρώποις.
1054 3205 1192 3246 Ὅμηρος
1209 3207 1240 3238 δὲ
1260 3207 1323 3239 δαί-

292 3260 387 3290 μονας
396 3248 466 3285 τοὺς
479 3248 656 3289 ἀνθρώπους
675 3249 712 3280 οὐ
733 3250 839 3290 καλεῖ,
866 3250 943 3281 ἀλλὰ
961 3251 1031 3288 τοὺς
1047 3252 1143 3289 θεούς·
1163 3254 1182 3291 ἢ
1211 3253 1320 3290 οὕτως·

290 3297 333 3332 εἰς
347 3295 485 3335 τέσσαρα
494 3295 602 3336 διαιρεῖ
616 3296 671 3333 τὴν
686 3296 812 3336 λογικὴν
826 3299 931 3329 πᾶσαν
944 3297 1033 3338 φύσιν
1042 3322 1052 3338 ,
1067 3299 1121 3336 τὴν
1133 3299 1187 3339 μὲν
1200 3301 1324 3341 πρώτην

292 3343 369 3375 θεῶν
381 3367 390 3383 ,
406 3343 462 3381 τὴν
476 3342 508 3374 δὲ
526 3342 667 3383 δευτέραν
687 3342 854 3384 δαιμόνων,
877 3345 931 3382 τὴν
951 3345 983 3376 δὲ
1002 3345 1105 3387 τρίτην
1124 3346 1246 3387 ἡρώιον,
1271 3349 1323 3380 καὶ

291 3390 346 3428 τὴν
358 3389 502 3431 τετάρτην
524 3389 705 3430 ἀνθρώπων.
721 3391 781 3421 Καὶ
797 3391 832 3422 τὸ
849 3390 905 3432 μὲν
927 3391 1006 3424 θεῖον
1021 3394 1094 3433 ἡμῖν
1107 3393 1321 3434 ἀνεπίμικτον·

292 3436 438 3478 δαίμονας
456 3437 487 3469 δὲ
501 3436 571 3473 τοὺς
587 3436 758 3478 ἐφορῶντας
774 3437 813 3470 τὰ
835 3437 1028 3480 ἀνθρώπινα,
1044 3441 1087 3477 ὡς
1111 3441 1164 3472 καὶ
1189 3440 1324 3475 Πλάτων

291 3483 378 3524 φησί.

1413 946 1445 987 6)
1475 949 1606 979 Tzeizes
1630 946 1671 978 ad
1693 946 1831 978 eundem
1850 945 1978 978 Hesiodi
1996 945 2102 977 locum
2123 958 2130 978 ε
2151 946 2421 988 ἐπιφωνηματικὸς

1371 994 1403 1026 δὲ
1421 995 1437 1025 ὁ
1453 994 1543 1034 λόγος
1559 995 1612 1025 καὶ
1631 993 1781 1035 τολμηρός
1794 1018 1803 1034 ,
1817 994 1903 1030 θεοὺς
1921 993 2115 1035 ἐπιχθονίους
2136 994 2248 1033 λέγειν.
2263 993 2419 1036 Δαίμονες

1373 1041 1433 1082 γὰρ
1447 1042 1509 1072 θεοὶ
1535 1042 1624 1073 αὐτοὶ
1641 1038 1781 1081 λέγονται
1798 1040 1880 1072 κατά
1899 1052 1995 1076 τινας.
2011 1040 2113 1072 Ἀλλοι
2134 1041 2164 1072 δὲ
2182 1041 2336 1080 διαιροῦσι
2347 1041 2421 1079 τοὺς

1368 1089 1534 1128 δαίμονας,
1556 1088 1664 1125 οὐσίας
1680 1089 1790 1125 αὐτοὺς
1806 1089 1943 1126 λέγοντες
1969 1088 2046 1120 εἶναι
2070 1087 2271 1134 ἀσωμάτους,
2286 1088 2327 1121 τὰ
2351 1090 2422 1132 περὶ

1369 1141 1426 1178 γῆν
1455 1137 1593 1178 ὁρῶντας
1608 1138 1661 1168 καὶ
1680 1137 1741 1169 ὑπὸ
1757 1140 1827 1177 γῆν·
1845 1136 1923 1173 τινὲς
1942 1136 1974 1168 δὲ
2000 1137 2053 1167 καὶ
2072 1136 2126 1172 τὰς
2144 1137 2249 1178 ψυχὰς
2264 1140 2328 1169 τῶν
2344 1137 2408 1169 ἀπο

1369 1184 1530 1216 ὃιούντων.
1544 1185 1670 1225 Ἦρωας
1680 1184 1712 1216 δὲ
1726 1185 1857 1216 καλοῦσι.
1870 1183 1941 1220 τοὺς
1952 1185 1987 1215 ἐκ
1996 1187 2052 1216 τοῦ
2066 1186 2120 1225 ζῇν
2133 1184 2358 1225 μεταστάντας.
2375 1185 2423 1218 Τὸ

1369 1232 1400 1263 δὲ
1425 1234 1560 1273 κρεῖττον
1587 1231 1649 1263 θεοὶ
1678 1232 1706 1263 οἱ
1736 1231 1884 1272 θεώμενοι
1913 1231 1966 1263 καὶ
1989 1231 2172 1272 βλεπόμενοι
2198 1232 2252 1263 καὶ
2268 1232 2421 1274 ὁρώμενοι

1369 1278 1491 1319 ἀστέρες
1505 1278 1557 1309 καὶ
1571 1278 1610 1309 τὰ
1629 1281 1789 1320 στοιχεῖα,
1806 1280 1824 1316 ἢ
1838 1279 1867 1310 οἱ
1881 1278 1998 1314 θέοντες
2009 1278 2061 1309 καὶ
2079 1279 2249 1320 τρέχοντες.
2267 1279 2420 1319 Δαίμονες

1369 1325 1401 1356 δὲ
1419 1327 1451 1356 αἱ
1468 1325 1599 1365 ψυχικαὶ
1616 1324 1756 1366 δυνάμεις
1769 1326 1823 1356 καὶ
1837 1326 1869 1356 αἱ
1886 1324 2004 1366 ψυχαί,
2020 1324 2164 1366 δαίμονες
2179 1324 2286 1366 (corr.
2301 1325 2423 1368 δαήμο-

1369 1371 1439 1411 νες)
1455 1372 1508 1403 καὶ
1526 1371 1664 1412 ἔμπειροι
1681 1370 1791 1410 οὖσαι,
1808 1372 1827 1409 ἢ
1843 1370 2006 1407 δαΐζουσαι
2031 1370 2134 1402 πάντα
2152 1371 2206 1402 καὶ
2225 1371 2422 1413 διαμερίζου·

1370 1430 1423 1450 σαι
1441 1420 1493 1450 καὶ
1506 1418 1665 1459 κρίνουσαι
1684 1417 1752 1450 κατ’
1770 1418 1870 1455 ἀξίαν.
1893 1419 2013 1460 Ἥρωες
2033 1419 2066 1450 δὲ
2089 1420 2117 1450 οἱ
2135 1420 2245 1456 ζῶντες
2260 1419 2318 1451 καὶ
2331 1419 2418 1459 ὄντες

1369 1465 1476 1506 ἀρετῆς
1502 1476 1582 1502 τινος
1611 1466 1756 1507 μέτοχοι,
1782 1467 1936 1507 ἄνθρωποι
1962 1465 1995 1497 δὲ
2017 1467 2047 1497 οἱ
2074 1466 2139 1497 ἄνω
2173 1466 2334 1507 ἀθροῦντες
2365 1467 2421 1500 καὶ

1369 1512 1572 1552 γινώσκοντες
1589 1513 1610 1544 ἃ
1623 1513 1802 1544 ὀπώπασιν.

1413 1560 1443 1599 7)
1466 1558 1627 1590 Hierocles
1641 1560 1671 1591 in
1686 1560 1791 1591 Carm.
1814 1568 1883 1591 aur.
1907 1567 1937 1600 p.
1957 1561 1994 1591 40
2015 1558 2066 1591 ed.
2086 1560 2209 1593 nostin:
2230 1560 2269 1592 Οἳ
2287 1560 2325 1599 δὴ
2341 1559 2421 1594 εἰκό-

1369 1619 1429 1643 τως
1444 1607 1554 1647 ἀγαυοὶ
1570 1606 1666 1648 ἥρωες
1689 1606 1851 1646 λέγονται,
1870 1606 1981 1647 ἀγαυοὶ
2000 1606 2054 1646 μὲν
2071 1607 2113 1642 ὡς
2140 1606 2249 1648 ἀγαθοὶ
2267 1606 2351 1644 ὄντες
2366 1609 2421 1640 καὶ

1369 1654 1510 1692 φωτεινοὶ
1534 1653 1582 1685 ἀεὶ
1602 1653 1657 1684 καὶ
1671 1651 1741 1693 μήτ’
1761 1654 1792 1685 ἐν
1809 1653 1907 1695 κακίᾳ
1925 1651 1994 1694 μήτ’
2008 1653 2039 1684 ἐν
2060 1653 2137 1693 λήθῃ
2152 1653 2230 1685 ποτὲ
2251 1654 2421 1695 γινόμενοι,

1370 1702 1466 1742 ἥρωες
1488 1701 1521 1732 δὲ
1539 1702 1581 1736 ὡς
1601 1700 1692 1741 ἔρωές
1709 1711 1788 1736 τινες
1811 1700 1895 1737 ὄντες
1912 1701 1964 1731 καὶ
1978 1700 2104 1740 ἔρωτες,
2129 1699 2195 1733 οἷον
2211 1699 2351 1742 ἐρωτικοὶ
2367 1702 2421 1735 καὶ

1370 1750 1554 1781 διαλεκτικοὶ
1572 1749 1697 1790 ἐρασταὶ
1713 1751 1770 1780 τοῦ
1787 1749 1858 1780 θεοῦ
1869 1773 1878 1788 ,
1893 1748 2029 1789 αἶροντες
2054 1749 2135 1788 ἡμᾶς
2151 1748 2204 1779 καὶ
2224 1748 2421 1790 κουφίζοντες
2474 1774 2478 1780 ,

1371 1797 1444 1836 πρὸς
1464 1797 1519 1835 τὴν
1546 1795 1629 1828 θείαν
1653 1794 1810 1827 πολιτείαν
1834 1795 1896 1828 ἀπὸ
1916 1799 1969 1833 τῆς
1987 1795 2018 1827 ἐν
2034 1799 2074 1837 γῇ
2099 1795 2266 1838 διατριὸῆς.
2287 1796 2368 1834 Τοὺς
2387 1796 2420 1830 δὲ

1371 1844 1480 1880 αὐτοὺς
1494 1844 1547 1875 καὶ
1564 1843 1711 1884 δαίμονας
1728 1843 1863 1883 ἀγαθοὺς
1881 1844 1986 1875 καλεῖν
2005 1844 2090 1884 ἔθος,
2108 1845 2150 1881 ὡς
2163 1843 2252 1881 ὄντας
2265 1844 2423 1886 δαήμονας

1370 1892 1423 1923 καὶ
1447 1891 1654 1932 ἐπιστήμονας
1673 1893 1736 1922 τῶν
1753 1890 1842 1922 θείων
1858 1891 1973 1933 νόμων.
1998 1893 2039 1923 Et
2055 1890 2095 1923 ad
2117 1899 2198 1923 vers.
2217 1893 2236 1924 3
2262 1899 2332 1932 pag.
2355 1894 2420 1926 42:

1370 1939 1423 1975 τὰς
1440 1938 1631 1980 ἀνθρωπίνας
1647 1938 1752 1979 ψυχὰς
1765 1938 1892 1979 ἀληθείᾳ
1907 1939 1960 1970 καὶ
1977 1939 2070 1980 ἀρετῇ
2088 1938 2300 1980 κοσμηθείσας
2312 1938 2420 1981 δαίμο-

1370 1997 1423 2022 νας
1439 1987 1539 2024 καλεῖ,
1550 1988 1592 2022 ὡς
1603 1986 1758 2026 δαήμονας
1774 1986 1828 2018 καὶ
1844 1985 2064 2027 ἐπιστήμονας.
2080 1986 2159 2018 Εἶτα
2171 1985 2421 2027 χωρίζωναὺτάς

1370 2037 1432 2066 τῶν
1453 2033 1539 2073 φύσει
1560 2032 1729 2072 δαιμόνων,
1753 2033 1782 2063 οἳ
1797 2032 1832 2064 τὸ
1855 2033 1949 2073 μέσον
1968 2034 2055 2074 γένος
2075 2033 2249 2076 πληροῦσι,
2264 2037 2420 2078 καταχθο-

1370 2081 1451 2117 νίους
1470 2083 1655 2121 προσεῖπεν,
1684 2082 1725 2116 ὡς
1758 2080 1926 2121 δυναμένας
1958 2081 2010 2113 ἐπὶ
2036 2084 2091 2121 γῆς
2122 2081 2340 2115 πολιτεύεσθαι
2366 2085 2420 2116 καὶ

1369 2128 1462 2168 γήινα
1486 2127 1620 2168 σώματα
1643 2127 1810 2159 ἐπεισιέναι
1835 2128 1888 2159 καὶ
1906 2128 1986 2159 κατὰ
2005 2131 2061 2168 γῆς
2085 2129 2194 2168 οἰκεῖν,
2219 2129 2271 2161 ἵνα
2295 2132 2342 2171 τῷ
2366 2130 2422 2171 μὲν

1371 2175 1517 2215 δαίμονας
1550 2176 1646 2206 εἰπεῖν
1681 2175 1802 2215 χωρίσῃ
1830 2178 1893 2206 τῶν
1928 2175 2051 2216 φαύλων
2083 2176 2135 2207 καὶ
2167 2174 2422 2217 ἀνεπιστημόνων

1372 2220 1554 2262 ἀνθρώπων,
1576 2222 1617 2256 ὡς
1633 2219 1818 2260 ἀδαημόνων
1834 2224 1926 2253 τινῶν
1949 2223 2000 2253 καὶ
2018 2221 2055 2253 οὐ
2071 2221 2238 2263 δαιμόνων,
2254 2226 2300 2265 τῷ
2315 2223 2348 2256 δὲ
2366 2235 2421 2256 κα·

1371 2267 1550 2308 ταχθονίους
1571 2268 1746 2308 προσθεῖναι
1770 2268 1923 2309 διαστήσῃ
1944 2272 2007 2300 τῶν
2028 2269 2074 2301 ἀεὶ
2098 2268 2262 2310 δαημόνων
2278 2270 2332 2302 καὶ
2355 2270 2417 2304 ἐπι-

1372 2315 1534 2369 στημόνων
1554 2314 1601 2345 ἀεὶ
1618 2315 1671 2345 καὶ
1689 2315 1738 2345 ἐπὶ
1759 2319 1813 2355 γῆς
1835 2316 2049 2347 πο)ιτεύεσθαι
2071 2317 2114 2357 μὴ
2137 2316 2320 2357 πεφυκότων
2343 2319 2421 2359 μηδὲ

1372 2362 1487 2398 γηίνοις
1498 2364 1590 2402 συζῄν
1601 2362 1754 2417 adimam:
1769 2362 1857 2394 Adde
1869 2372 1940 2403 pag.
1955 2366 2032 2395 142:
2044 2363 2165 2395 κάτεισι
2176 2374 2235 2405 γαρ
2245 2363 2324 2396 καὶ
2309 2365 2422 2402 αποπί-

1371 2419 1440 2439 πτει
1451 2411 1503 2445 τῆς
1518 2407 1696 2446 εὐδαίμονος
1711 2408 1814 2462 χώρας
1827 2410 1844 2440 6
1859 2410 2031 2449 ἄνθρωπος,
2046 2412 2087 2447 ὡς
2103 2410 2313 2452 Ἐμπεδοκλῆς
2330 2422 2421 2451 φησιν

1372 2453 1389 2483 6
1411 2451 1620 2494 Πυθαγόρειος
1644 2466 1659 2481 «
1681 2455 1776 2494 φυγὰς
1802 2454 1902 2486 θεόθεν
1918 2455 1971 2486 καὶ
1995 2456 2107 2492 ὰὶήτης
2120 2454 2215 2486 νείκεϊ
2239 2453 2422 2495 μαινομένῳ

1370 2499 1508 2537 πίσυνος.
1530 2513 1546 2528 »
1562 2500 1675 2533 Ἂνεισι
1701 2502 1734 2533 δὲ
1749 2502 1802 2533 καὶ
1820 2503 1876 2540 τὴν
1893 2502 1985 2556 ἀρχαί
1989 2513 2024 2532 αι
2050 2502 2109 2538 ἕξιν
2133 2500 2370 2541 ἀπολαμόάνει,
2391 2501 2419 2534 εἰ

1367 2547 1456 2587 φύγοι
1469 2548 1507 2578 τὰ
1520 2549 1588 2589 περὶ
1603 2552 1661 2588 γῆν
1674 2548 1726 2580 καὶ
1742 2549 1793 2580 τὸν
1807 2549 1870 2581 ἁτε
1880 2551 1976 2591 ρπέα
1991 2550 2136 2590 χῶρον,
2155 2550 2197 2585 ὡς
2213 2547 2308 2584 αὐτὸς
2321 2547 2418 2589 λέγει,

1370 2592 1476 2624 «ἔνθα
1488 2594 1576 2635 φόνος
1590 2606 1622 2626 τε
1635 2595 1724 2632 κότος
1737 2606 1770 2627 τε
1787 2596 1840 2627 καὶ
1857 2596 1957 2628 ἄλλων
1976 2596 2064 2628 ἔθνεα
2087 2598 2211 2638 κηρῶν,
2231 2607 2248 2624 ‘²
2271 2595 2314 2632 εἰς
2336 2593 2372 2627 ὃν
2385 2595 2416 2628 o!

1369 2637 1575 2681 ἐμπεσόντες,
1590 2654 1606 2670 ιι
1622 2642 1710 2680 Ἀτῆς
1735 2643 1774 2675 ἂν
1793 2644 1929 2696 λειμῶνα
1944 2644 2025 2675 κατὰ
2039 2643 2152 2679 σκότος
2169 2641 2380 2682 ἠλάσκουσιν
2399 2654 2418 2672 ν

1373 2689 1412 2720 Ἥ
1432 2689 1463 2720 δὲ
1480 2688 1581 2728 ἔφεσις
1599 2691 1655 2719 τοῦ
1671 2687 1832 2728 φεύγονςτο
1854 2689 1907 2720 τὸν
1928 2691 1982 2726 τῆς
1998 2687 2084 2725 Ἄτης
2110 2688 2247 2728 λειμῶνα
2270 2688 2345 2730 πρὸς
2367 2688 2422 2721 τὸν

1373 2739 1426 2773 τῆς
1444 2735 1583 2772 ἀληθείας
1599 2734 1753 2774 ἐπείγεται
1777 2735 1926 2776 λειμῶνα,
1952 2736 1986 2767 ὃν
2010 2734 2174 2767 ἀπολιπὼν
2201 2738 2241 2776 τῇ
2271 2734 2352 2777 όρμῇ
2368 2738 2423 2775 τῆς

1360 2781 1625 2824 Δπτεροῤῥυήσέως
1655 2782 1697 2819 εἰς
1724 2782 1830 2820 γήϊνον
1855 2782 1976 2823 ἔρχεται
2011 2785 2105 2822 σῶμα
2139 2781 2244 2813 ὀλὸίου
2258 2782 2424 2820 -αἶῶνος

1375 2829 1524 2872 ἀμερθείς.
1546 2829 1707 2861 Plutarch.
1726 2829 1854 2861 Romul.
1869 2837 1899 2861 c.
1919 2831 1956 2861 28
1973 2838 1980 2860 :
1999 2829 2086 2861 οὐδὲν
2100 2828 2154 2861 οὖν
2168 2829 2215 2861 δεῖ
2231 2829 2271 2861 τὰ
2287 2829 2424 2871 σώματα

1374 2880 1436 2909 τῶν
1450 2877 1574 2918 ἀγαθῶν
1585 2876 1834 2916 συναναπέμπειν
1846 2875 1931 2916 παρὰ
1951 2875 2040 2915 φύσιν
2061 2877 2103 2912 εἰς
2117 2875 2258 2917 οὐρανόν,
2277 2874 2355 2908 ἀλλὰ
2368 2875 2424 2914 τὰς

1377 2924 1484 2965 ἀρετὰς
1507 2923 1559 2955 καὶ
1576 2923 1630 2959 τὰς
1661 2923 1764 2964 ψυχὰς
1781 2922 1980 2955 παντάπασιν
2003 2923 2121 2955 οἴεσθαι
2147 2924 2229 2955 κατὰ
2259 2923 2349 2964 φύσιν
2366 2924 2420 2957 καὶ

1376 2972 1464 3010 δίκην
1479 2970 1562 3002 θείαν
1593 2970 1628 3002 ἐκ
1651 2971 1704 3011 μὲν
1728 2971 1896 3011 ἀνθρώπων
1914 2971 1956 3007 εἰς
1985 2971 2089 3012 ἥρωας
2104 2994 2114 3011 ,
2142 2970 2178 3002 ἐκ
2201 2970 2228 3003 δ’
2248 2971 2362 3012 ἡρώων
2379 2971 2423 3009 εἰς

1377 3019 1526 3060 δαίμονας
1537 3041 1546 3056 ,
1561 3017 1597 3049 ἐκ
1613 3017 1646 3049 δὲ
1663 3017 1831 3058 δαιμόνων,
1854 3018 1892 3049 ἂν
1907 3018 2008 3050 τέλεον
2024 3018 2130 3059 ὥσπερ
2144 3018 2174 3049 ἐν
2190 3018 2294 3059 τελετῇ
2311 3018 2423 3060 καθαρ-

1378 3069 1456 3099 θῶσι
1472 3066 1526 3098 καὶ
1546 3065 1734 3104 ὁσιωθῶσιν,
1755 3064 1838 3096 ἅπαν
1852 3064 2069 3104 ἀποφυγοῦσαι
2084 3065 2119 3096 τὸ
2133 3065 2241 3103 θνητὸν
2258 3065 2311 3097 καὶ
2325 3065 2423 3103 παθη·

1377 3114 1477 3154 τικόν,
1495 3112 1532 3144 οὗ
1562 3112 1649 3153 νόμῳ
1675 3111 1813 3151 πόλεως,
1832 3111 1896 3144 ἀλλ’
1913 3112 2040 3154 ἀληθείᾳ
2059 3113 2112 3143 καὶ
2129 3113 2211 3144 κατὰ
2236 3112 2290 3144 τὸν
2317 3112 2425 3146 εἰκότα

1379 3160 1470 3201 λόγον
1486 3160 1527 3196 εἰς
1542 3159 1628 3195 θεοὺς
1641 3158 1843 3200 ἀναφέρεσθαι
1869 3160 1904 3191 τὸ
1919 3158 2085 3191 κάλλιστον
2112 3160 2164 3191 καὶ
2184 3158 2424 3200 μακαριώτατον

1379 3209 1462 3244 τέλος
1487 3206 1719 3242 ἀπολαΰούσας.
1739 3206 1871 3247 Dionys.
1895 3210 1968 3238 Ant.
1990 3208 2080 3238 Rom.
2112 3210 2139 3247 1,
2158 3208 2194 3238 77
2215 3219 2224 3239 ι
2252 3208 2294 3244 ὡς
2313 3206 2423 3239 ἀνακε-

1380 3254 1532 3295 κραμένης
1547 3257 1599 3292 τῆς
1610 3252 1734 3291 ἀπάσης
1745 3252 1852 3289 οὐσίας
1870 3255 1925 3284 τοῦ
1944 3252 2066 3293 κόσμου
2079 3254 2131 3284 καὶ
2146 3253 2258 3294 μεταξὺ
2274 3256 2329 3285 τοῦ
2341 3252 2425 3285 θείου

1380 3302 1432 3333 καὶ
1449 3303 1505 3333 τοῦ
1519 3302 1629 3338 θνητοῦ
1649 3301 1755 3341 γένους
1780 3300 1981 3342 ὑπαρχούσης
1999 3300 2118 3340 φύσεως
2130 3325 2138 3339 ,
2156 3301 2194 3339 ἣν
2209 3302 2244 3333 τὸ
2265 3300 2423 3342 δαιμόνων

1380 3349 1471 3390 φῦλον
1481 3347 1596 3389 ἐπέχει,
1607 3347 1676 3380 τοτὲ
1687 3348 1742 3389 μὲν
1754 3346 1923 3388 ἀνθρώποις
1938 3347 2007 3379 τοτὲ
2025 3348 2057 3379 δὲ
2077 3349 2155 3384 θεοῖς
2170 3348 2422 3389 ἐπιμιγνύμενον,

1382 3396 1411 3432 ἐξ
1429 3394 1466 3426 οὗ
1484 3395 1501 3427 ὁ
1520 3395 1609 3435 λόγος
1633 3394 1697 3436 ἔχει
1722 3395 1758 3427 τὸ
1786 3394 1992 3435 μυθευόμενον
2011 3395 2121 3436 ἡρώων
2139 3398 2229 3435 φῦναι
2246 3397 2342 3436 γένος.
2372 3394 2423 3427 Ci'.

1382 3445 1536 3484 praeierea
1555 3441 1690 3474 Pseilum
1714 3442 1744 3473 in
1757 3441 1836 3474 libro
1853 3441 1892 3473 de
1906 3442 2026 3481 geniis.
2056 3442 2212 3483 imprimis
2231 3451 2309 3474 vero
2330 3441 2426 3475 Ploti-

1383 3498 1459 3522 num
1473 3489 1528 3531 qni
1541 3489 1652 3522 multis
1665 3489 1742 3523 locis
1757 3489 1800 3523 ita
1812 3489 1852 3522 de
1866 3488 1925 3521 hac
1938 3497 1972 3523 re
1985 3488 2148 3535 disputat„
2161 3490 2196 3522 ut
2211 3497 2308 3531 prope
2319 3487 2426 3522 omnia
