2612 3814
334 254 383 287 5⁴

1215 240 1635 282 COMMENTARIUS

333 337 416 375 sive
434 338 626 373 collectum
650 338 772 383 ignem
793 338 993 372 concinens.
1022 332 1183 371 Versum
1210 331 1315 370 edidi
1345 339 1388 369 ut
1451 329 1651 381 exempla,
1677 341 1764 379 quae
1796 337 2026 379 argumento
2054 338 2146 367 sunt
2175 329 2449 382 Empedoclem
2470 333 2512 372 in

332 394 490 434 exhibet
523 394 794 445 Etymologus‚
827 392 901 431 hoc
932 401 1094 444 excepto
1136 391 1241 442 quod
1276 391 1385 441 μέγαν

332 468 404 506 pro
426 453 531 505 μέσον
552 453 697 491 Sturzii
723 461 761 490 et
793 451 988 489 Karstenii
1017 451 1196 502 exemplo
1216 463 1237 488 e
1265 449 1386 487 Suida

332 522 370 551 et
403 512 605 551 Macrobio
637 512 773 552 sumsi.
809 511 966 550 Constat
998 519 1124 548 autem
1160 518 1308 547 veteres
1337 509 1385 546 de

331 572 567 624 etymologia
585 571 756 610 nominis
771 569 867 617 ἥλιος
881 582 981 621 saepe
995 577 1271 607 commentatos
1288 580 1382 606 esse.

330 630 395 670 Sic
415 632 526 670 Plato
546 631 691 682 Cratyl.
715 645 754 682 p.
777 636 852 680 409
873 631 902 667 Α
925 643 933 666 :
958 628 1053 671 ἅλιος
1073 627 1231 680 (dorice)
1253 621 1311 665 οὖν
1328 630 1380 673 εἴη

331 689 394 741 μὲν
416 689 456 728 ἂν
484 689 575 729 κατὰ
609 689 647 727 τὸ
678 689 806 734 ἁλίζειν
835 691 881 731 εἷς
915 687 1022 725 ταύτὸ
1050 685 1128 731 τοὺς
1161 685 1381 739 ἀνθρώπους,

330 749 471 788 ἐπειδὰν
493 748 676 801 ἀνατείλῃ·
698 749 749 794 εἴη
773 749 802 785 δ’
821 746 861 784 ἂν
882 746 941 784 καὶ
971 748 1021 798 τῷ
1052 745 1133 797 περὶ
1160 745 1221 792 τὴν
1243 748 1307 795 γῆν
1328 746 1381 783 ἀεὶ

330 809 434 846 εἱλεῖν
456 807 530 849 ἰών,
552 807 700 855 Quodsi
722 806 972 858 Empedocles
997 805 1178 843 similiter
1198 804 1383 856 philoso-

328 866 469 918 [halus
489 875 567 913 est,
588 879 741 904 versum
773 866 830 903 sic
862 864 982 902 scribi
1014 872 1170 915 oportet
1201 878 1209 900 :
1241 862 1379 901 οὕνεκεν

330 925 482 969 ἁλισθεὶς
503 925 612 976 μέγαν
631 926 707 963 κτλ.
727 924 801 962 Sed
820 924 967 962 incerta
989 936 1051 961 res
1070 931 1140 961 est.
1164 922 1293 969 Quum
1312 936 1380 960 au-

330 993 403 1022 tem
419 984 546 1030 ἁλίζειν
559 997 635 1021 ηοη
648 983 772 1021 solum
785 984 1042 1033 congregandi
1053 982 1377 1032 significationem

329 1043 485 1090 habeat,
500 1043 566 1082 sed
583 1044 697 1081 etiam
715 1044 885 1080 volvendi
898 1041 960 1094 (cf.
982 1041 1147 1092 Hesych.
1167 1055 1207 1082 v.
1226 1042 1379 1091 ἀλίσας),

327 1105 580 1152 posteriorem
602 1102 666 1140 hic
680 1110 834 1140 secutus
851 1114 951 1140 sum.
969 1101 1145 1151 Denique
1166 1100 1379 1138 notandum

327 1162 494 1213 primam
518 1162 637 1213 hujus
654 1160 767 1200 verbi
788 1161 938 1199 literam
960 1174 981 1199 a
1000 1161 1126 1212 poetis
1148 1161 1247 1208 arsi,
1267 1160 1380 1212 cujus

327 1221 448 1259 vis-in
470 1221 558 1260 aliis
588 1234 745 1272 quoque
776 1220 982 1259 vocabulis
1013 1220 1187 1259 cernitur
1216 1219 1280 1274 (cf.
1313 1220 1375 1260 ad.

328 1293 429 1319 vers.
458 1282 558 1332 103),
579 1280 640 1318 hic
660 1280 838 1332 produci.

381 1338 444 1379 Vs.
478 1345 570 1384 242.
604 1339 769 1390 ἀνταυγεῖ
796 1339 894 1391 κτλ.]
924 1338 1155 1377 Plutarchus
1183 1338 1230 1377 de
1261 1338 1376 1391 Pyth.

326 1412 431 1439 orac.
451 1412 537 1451 pag.
562 1405 654 1449 400,
672 1400 753 1438 vol.
772 1381 841 1436 Vl‘l
860 1413 899 1451 p.
921 1400 995 1447 574
1015 1399 1077 1437 ed.
1100 1399 1231 1437 Reisk.
1253 1413 1261 1436 :
1281 1401 1379 1448 ὑμεῖς

326 1462 362 1501 δὲ
391 1466 450 1502 τοῦ
473 1462 535 1514 μὲν
557 1462 835 1513 Ἐμπεδοκλέους
866 1464 1085 1514 καταγελᾶτε
1105 1462 1297 1513 φάσκοντος
1320 1463 1378 1501 τὸν

323 1521 421 1570 ἥλιον
442 1522 521 1576 περὶ
540 1525 604 1574 γῆν
625 1521 836 1574 (Wyttenb.
856 1524 1042 1574 περιαυγῆ)
1058 1522 1250 1560 ἀνακλάσει
1266 1523 1378 1576 φωτὸς

324 1581 484 1635 οὐρανίου
518 1580 716 1634 γενόμενον,
740 1575 836 1626 αὖθις
860 1582 1043 1632 ἀνταυγεῖν
1076 1581 1160 1634 πρὸς
1187 1579 1376 1633 Ὄλυμπον

289 1682 297 1691 .
323 1639 532 1692 ἀταρὸήτοις
543 1639 756 1693 προσώποις.
769 1640 938 1679 Galenus
947 1640 995 1678 de
1006 1653 1078 1678 usu
1088 1641 1287 1692 partt.lib.
1306 1642 1375 1690 lll,

323 1700 361 1748 3,
375 1699 423 1739 Τ.
435 1699 484 1738 IV
498 1714 536 1752 p.
556 1701 629 1745 343
647 1699 694 1739 F:
716 1691 903 1738 t‘o‘oi'ecoou
919 1699 975 1737 διὰ
993 1703 1095 1738 τοῦτο
1106 1701 1214 1753 ὀρθῶς
1230 1701 1375 1740 ἑστάναι

320 1756 379 1797 τὸν
409 1758 601 1813 ἄνθρωπον,
630 1757 673 1796 ἵν’
693 1759 740 1802 εἷς
759 1758 817 1797 τὸν
846 1758 990 1812 οὐρανὸν
1013 1759 1161 1810 ἑτοίμως
1190 1760 1374 1814 ἀναὸλέπῃ

320 1816 381 1865 καὶ
412 1817 523 1866 λέγειν
552 1817 635 1870 ἔχῃ,
653 1816 847 1868 Ἀνταυγέω
876 1817 935 1857 τὸν
952 1816 1142 1869 Ὄλυμπον
1162 1821 1239 1859 κτλ.
1260 1820 1375 1866 Quod

322 1876 531 1914 Plutarcho
548 1885 640 1915 teste
660 1877 913 1928 Empedocles
933 1877 980 1915 de
998 1878 1080 1916 sole
1096 1878 1217 1927 dixit,
1236 1880 1277 1918 id
1299 1880 1374 1919 Ga-

321 1935 432 1974 lenus
455 1935 502 1973 ad
530 1935 729 1973 hominem
750 1936 891 1974 coelum
921 1936 1134 1975 intuentem
1159 1940 1372 1978 transtulit.

321 1992 366 2031 Id
383 2002 531 2032 tantum
563 1994 815 2044 quaerendum
845 1994 1100 2046 scripseritne
1121 1994 1375 2047 Empedocles

320 2050 378 2090 τὸν
411 2049 600 2102 Ὄλυμπον
634 2053 799 2104 ἀνταυγεῖ
829 2061 872 2091 ut
904 2052 1116 2105 Euripides
1146 2054 1273 2093 Orest.
1310 2069 1371 2097 vs.

325 2110 447 2158 1520,
480 2109 592 2163 ἄπεχε
620 2108 810 2163 φάσγανον·
838 2110 947 2156 πέλας
978 2111 1045 2165 γὰρ
1078 2113 1187 2151 δεινὸν
1210 2115 1377 2166 ἀνταυγεῖ

319 2167 433 2221 φόνον,
455 2182 504 2207 an
524 2169 608 2222 πρὸς
625 2167 835 2220 Ὄλυμπον.
861 2170 941 2221 Ego
970 2184 1058 2209 cum
1094 2171 1303 2211 Karstenio
1336 2182 1374 2212 et

319 2227 469 2266 Steinio
506 2228 583 2266 hoo
622 2229 801 2280 praetuli,
839 2230 933 2281 quia
975 2231 1158 2282 ἀνταυγεῖν
1212 2233 1375 2284 proprie

319 2286 482 2325 verbum
503 2295 680 2326 neutrum
700 2297 772 2328 est.
795 2288 853 2329 Cf.
874 2278 1029 2328 Naekius
1050 2289 1185 2329 Choer.
1209 2304 1250 2342 p.
1282 2292 1370 2340 178.

318 2344 494 2385 Sturzius
511 2347 847 2399 typographorum
865 2348 1027 2387 fortasse
1044 2362 1180 2387 errore
1194 2350 1374 2402 vulgavit

320 2403 502 2456 ἀνταυγέει
529 2405 586 2444 τὸν
612 2403 813 2457 Ὄλυμπον.
845 2407 1034 2446 Caeterum
1056 2408 1105 2446 de
1125 2408 1373 2460 Empedoclis

319 2465 508 2502 sententia
539 2466 597 2503 sol
625 2478 646 2504 e
674 2466 773 2505 lucis
810 2468 979 2506 coelestis
1014 2468 1224 2520 splendore
1263 2479 1372 2511 ortus

320 2523 469 2573 speculi
490 2525 611 2562 instar
631 2538 861 2577 repercussa
881 2527 1051 2577 imagine
1072 2542 1119 2567 eo
1138 2529 1243 2568 unde
1260 2543 1372 2570 acce-

319 2581 379 2632 pit
397 2581 519 2620 lucem
540 2583 692 2622 assidue
707 2587 858 2635 regerit.
871 2586 1053 2625 Concinit
1064 2597 1191 2626 autem
1207 2591 1373 2643 ἀνταυγεῖ

319 2638 406 2691 πρὸς
423 2636 614 2691 Ὄλυμπον
637 2642 714 2680 fere
734 2657 819 2681 cum
837 2657 954 2683 versu
979 2652 1070 2694 247,
1092 2647 1160 2686 ubi
1189 2649 1372 2689 similiter

323 2706 434 2748 poeta
464 2698 512 2736 de
543 2699 635 2737 luna
666 2700 787 2738 solem
816 2702 990 2741 intuente
1016 2705 1070 2742 ait
1090 2707 1187 2757 ἀθρεῖ
1208 2706 1272 2755 μὲν
1304 2706 1371 2761 γὰρ

325 2749 468 2795 ἔνακτος
483 2752 634 2790 ἐναντίον
655 2752 744 2802 ἇγέα
774 2754 915 2794 κύκλον.
940 2755 1005 2794 Est
1034 2766 1159 2797 autem
1180 2758 1371 2811 Ὄλυμπος

320 2808 359 2848 h.
393 2809 420 2847 l.
444 2810 546 2848 idem
580 2811 648 2862 qui
683 2812 842 2865 οὐρανός,
872 2816 1104 2866 purissimus
1126 2820 1214 2857 coeli
1243 2820 1367 2862 orbis.

322 2867 379 2908 Cf.
402 2868 585 2909 Parmen.
603 2883 659 2909 vs.
682 2877 771 2916 14¹·
787 2872 882 2911 Cum
899 2873 1130 2927 Empedocle
1141 2887 1242 2918 recte
1263 2894 1370 2918 com-

320 2928 472 2978 paravit
502 2929 732 2969 Karstenius
762 2944 919 2970 versum
962 2934 1073 2972 illum
1104 2949 1154 2975 ex
1184 2941 1368 2992 oraculo,

319 2999 433 3036 quem
448 2987 599 3036 ‚excitat
617 2987 780 3029 Proclus
809 2991 850 3028 in
877 2991 911 3029 T
915 2992 1066 3032 imaeum
1097 3009 1183 3047 pag.
1217 3012 1294 3050 279
1315 3001 1366 3052 (p.

319 3045 394 3092 677
417 3045 478 3083 ed.
501 3045 696 3100 Schneid.)

373 3136 486 3184 ἠέλιος
505 3138 674 3190 πάρεδρος
694 3141 910 3180 ἐπισκοπέων
930 3144 1036 3183 πόλον
1055 3145 1174 3198 ἁγνόν,

318 3233 389 3274 ubi
410 3235 671 3277 Schneiderus
698 3239 775 3290 legi
803 3241 889 3279 vult
920 3242 1051 3289 ἠελίοιο
1079 3244 1263 3302 πάρεδρος.
1287 3249 1368 3300 Ego

319 3294 419 3334 nihil
448 3299 677 3335 mutandum
698 3312 854 3347 censeo,
893 3297 1012 3353 quum
1052 3318 1188 3346 versus
1220 3318 1369 3349 antece-

317 3354 454 3393 dentes
470 3363 507 3393 et
523 3365 727 3407 sequentes
747 3359 1033 3404 interciderint.

372 3412 438 3452 Vs.
470 3414 562 3460 243.
598 3417 621 3462 ἡ
651 3414 687 3454 δὲ
708 3416 793 3469 φλὸξ
817 3419 912 3470 κτλ.]
933 3421 1159 3474 Simplicius
1185 3425 1225 3464 in
1247 3428 1366 3469 Arist.

319 3470 440 3522 Phys.
473 3471 506 3520 Ι,
543 3472 567 3512 f.
600 3477 648 3521 74
679 3472 707 3512 b
728 3473 832 3515 hunc
855 3490 1008 3517 versum
1041 3481 1142 3521 inter
1163 3483 1240 3522 alia
1258 3485 1370 3524 affert

1452 402 1582 428 rerum
1619 388 1857 427 naturalium
1891 388 2158 440 explicatione
2194 390 2299 430 haud
2338 406 2426 431 raro
2462 394 2511 432 ad

1452 449 1643 486 fortunam
1683 455 1722 484 et
1761 460 1892 486 casum
1924 447 2072 500 (τύχην,
2102 448 2231 502 τυχεῖν)
2269 450 2508 502 confugisse.

1448 508 1523 546 Sed
1555 506 1646 545 libri
1677 519 1794 544 manu
1819 507 1967 545 exarati
1998 507 2183 547 mendose
2212 508 2357 547 habent
2389 511 2444 556 τή
2475 509 2512 549 δὲ

1449 566 1532 619 φλὸξ
1553 565 1692 618 ἱλάειρα
1724 566 1948 616 μινυνθαδίης
1979 567 2073 620 ψύχε
2101 567 2216 618 γαίης.
2243 567 2531 614 Quamobrem

1445 624 1622 663 Sturzius
1661 623 1750 678 ψύχε
1790 625 1958 664 mutavit
1988 627 2030 664 in
2067 625 2175 679 τύχε,
2215 628 2352 667 relicto
2387 627 2512 679 γαίης,

1445 693 1598 723 secutus
1623 685 1701 722 nisi
1728 684 1842 722 fallor
1864 683 2110 736 Xylandrum
2138 688 2206 738 qui
2235 689 2275 725 in
2296 687 2511 728 adnotatio-

1445 743 1562 782 nibus
1592 745 1640 783 ad
1675 744 1872 782 Plutarch.
1905 744 2084 784 libellum
2117 747 2166 785 de
2194 747 2280 787 Fac.
2312 747 2402 789 orb.
2430 748 2512 788 lun.

1444 815 1600 841 versum
1627 804 1684 842 sic
1710 804 1991 855 interpretatur
2015 817 2024 844 :
2054 822 2069 839 α
2092 805 2246 856 Obtigit
2277 816 2315 846 et
2346 807 2512 847 flammae

1443 863 1573 902 lunari
1592 863 1724 914 portio
1747 872 1871 904 terrae.
1894 881 1910 898 »
1930 863 2081 902 Vitavit
2105 864 2171 904 hic
2200 866 2382 919 ineptias.
2414 867 2511 907 Nam

1445 921 1530 973 γαίη
1549 922 1756 973 μινυνθαδίη
1785 922 1983 972 significat
2004 932 2142 960 terram
2163 928 2294 974 exigui
2310 932 2504 977 temporis,

1445 982 1550 1032 quod
1578 983 1670 1021 ferri
1692 996 1770 1020 non
1797 990 1938 1034 potest.
1961 983 2056 1031 Quae
2071 996 2192 1034 quum
2214 984 2269 1022 ita
2290 985 2386 1032 sint,
2410 985 2512 1026 Kar-

1445 1042 1594 1081 stenius
1621 1042 1787 1094 expulso
1818 1040 1922 1092 γαίης
1954 1041 2157 1081 substituit
2186 1041 2309 1091 αἴσης,
2337 1044 2512 1086 Steinius

1445 1101 1575 1140 minus
1606 1110 1709 1139 recte
1738 1102 1861 1151 αὐγῆς.
1910 1100 2052 1153 Liquet
2082 1110 2210 1141 autem
2252 1103 2395 1143 referri
2431 1104 2512 1146 haec

1443 1159 1564 1198 verba
1595 1160 1643 1198 ad
1676 1161 1938 1210 plenilunium
1982 1161 2089 1212 quod
2124 1164 2202 1200 cito
2235 1163 2389 1204 transit.
2424 1164 2509 1205 Huc

1443 1220 1640 1271 pertinent
1655 1219 1743 1258 duae
1755 1219 1937 1270 Hesychii
1953 1219 2115 1270 glossae:
2137 1220 2290 1275 ἱλάειρα,
2304 1223 2450 1273 σελήνη,
2472 1234 2512 1264 et

1443 1277 1708 1328 μινυνθαδία,ἡ
1730 1278 1862 1327 σελήνη
1875 1309 1886 1330 ,
1907 1279 1978 1318 ἀπὸ
2001 1283 2061 1318 τοῦ
2081 1280 2252 1332 μινύθειν.
2271 1281 2357 1321 Vox
2371 1283 2511 1338 ἱλάειρα

1442 1351 1528 1388 quae
1549 1338 1654 1390 apud
1676 1339 1775 1377 alios
1796 1339 2012 1391 scriptores
2033 1353 2111 1378 non
2131 1341 2276 1392 legitur
2291 1343 2441 1382 accedit
2460 1345 2510 1384 ad

1441 1398 1740 1436 similitudinem
1776 1398 1984 1450 epicorum
2030 1399 2237 1438 nominum
2280 1402 2480 1457 ἀντιάνειρα
2495 1433 2507 1453 ,

1443 1457 1706 1509 βιοθρέπτειρα,
1727 1456 1922 1510 πρέσὸειρα
1942 1466 1980 1496 et
1997 1458 2180 1500 aliorum.

1493 1515 1558 1554 Vs.
1578 1522 1671 1561 244.
1690 1515 1737 1559 ὣς
1758 1516 1848 1568 αὐγὴ
1867 1516 1963 1568 κτλ.]
1986 1517 2222 1557 Plutarchus
2241 1518 2290 1557 de
2311 1519 2399 1562 Fac.
2419 1522 2506 1563 orb.

1440 1573 1523 1611 lun.
1551 1587 1640 1625 pag.
1665 1589 1759 1625 929,
1792 1575 1874 1615 vol.
1898 1575 1951 1613 lX
1971 1589 2011 1627 p.
2042 1577 2120 1624 673
2141 1577 2204 1617 ed.
2229 1577 2360 1618 Reisk.
2383 1594 2393 1618 t
2419 1582 2509 1621 ἀπο-

1438 1633 1598 1671 λείπεται
1627 1635 1741 1674 τοίνυν
1775 1634 1815 1673 τὸ
1834 1638 1894 1674 τοῦ
1920 1635 2203 1686 Ἐμπεδοκλέους
2222 1638 2419 1679 ἀνακλάσει
2437 1642 2508 1681 τινὶ

1439 1697 1499 1731 τοῦ
1521 1693 1623 1741 ἡλίου
1646 1694 1732 1747 πρὸς
1750 1693 1814 1741 τὴν
1835 1693 1987 1742 σελήνην
2006 1694 2166 1746 γίνεσθαι
2185 1696 2244 1736 τὸν
2260 1699 2411 1738 ἐνταῦθα
2434 1716 2508 1753 φω-

1438 1753 1562 1803 τισμὸν
1598 1753 1659 1791 ἀπ’
1692 1756 1816 1802 αὐτῆς.
1851 1754 1928 1793 ὅθεν
1962 1755 2039 1793 οὐδὲ
2072 1755 2200 1809 θερμὸν
2233 1757 2313 1796 οὐδὲ
2340 1760 2507 1814 λαμπρὸν

1439 1812 1637 1864 ἀφικνεῖται
1665 1813 1753 1866 πρὸς
1779 1817 1876 1866 ἡμᾶς
1902 1811 2025 1867 ὥσπερ
2059 1808 2102 1862 ἦν
2133 1817 2242 1865 εἰκός,
2267 1816 2424 1872 ἐξάψεως
2442 1821 2506 1860 καὶ

1438 1870 1563 1922 μίξεως
1577 1871 1702 1926 φώτων
1719 1874 1971 1926 γεγενημένης·
1989 1875 2067 1914 ἀλλ’
2081 1869 2152 1914 οἷον
2167 1875 2206 1914 αἵ
2221 1892 2259 1915 τε
2280 1878 2395 1932 φωναὶ
2407 1881 2503 1920 κατὰ

1437 1929 1498 1973 τὰς
1514 1932 1727 1977 ἀνακλάσεις
1744 1934 1992 1986 ἀμαυροτέραν
2010 1934 2244 1988 ἀναφαίνουσι
2260 1937 2323 1986 τὴν
2343 1938 2425 1992 ἠχὼ
2442 1944 2505 1981 τοῦ

1437 1990 1655 2043 φθέγματος,
1670 1990 1758 2031 αἵτε
1781 1993 1915 2045 πληγαὶ
1936 1996 2006 2032 τῶν
2024 1995 2284 2048 ἀφαλλομένων
2307 1999 2421 2051 βελῶν
2438 2016 2507 2052 μα-

1436 2048 1636 2104 λακώτεραι
1651 2051 1940 2105 προςπίπτουσιν,
1957 2071 1971 2086 «
1988 2051 2035 2096 ὣς
2049 2053 2140 2105 αὐγὴ
2151 2054 2294 2108 τύψασα
2316 2059 2505 2107 σεληναίης

1436 2109 1561 2150 κύκλον
1583 2111 1699 2164 εὐρύν,
1720 2129 1736 2146 ¹>
1764 2113 1893 2159 ἀσθενῆ
1913 2111 1974 2151 καὶ
1995 2113 2157 2166 ἀμυδρὰν
2185 2116 2376 2171 ἀνάῤῥοιαν
2405 2118 2502 2173 ἴσχει

1436 2169 1522 2222 πρὸς
1540 2173 1633 2222 ἡμᾶς
1646 2201 1656 2219 ,
1676 2171 1734 2209 διὰ
1755 2170 1817 2218 τὴν
1837 2171 1964 2210 κλάσιν
1983 2173 2197 2223 ἐκλυομένης
2216 2177 2278 2220 τῆς
2298 2177 2499 2228 δυνάμεως,

1436 2229 1464 2270 i.
1483 2243 1518 2268 e.
1535 2249 1550 2264 ι
1571 2230 1699 2269 Restat
1713 2231 1847 2281 igitur,
1861 2241 1904 2270 ut
1917 2245 2052 2270 verum
2072 2233 2123 2271 sit
2135 2233 2384 2286 Empedoclis
2398 2237 2502 2278 illud

1436 2290 1639 2341 placitum,
1664 2291 1747 2328 fieri
1765 2291 1936 2341 quodam
1958 2291 2121 2331 luminis
2139 2293 2282 2333 solaris
2299 2295 2349 2334 ad
2367 2297 2501 2337 lunam

1437 2362 1686 2401 repercussu,
1702 2358 1745 2388 ut
1759 2363 1821 2388 res
1841 2364 1929 2402 quae
1945 2350 2010 2389 hic
2025 2351 2177 2390 suntab
2198 2365 2245 2391 ea
2263 2355 2502 2396 collustren-

1437 2418 1514 2449 tur.
1550 2409 1664 2447 Unde
1698 2410 1892 2462 sequitur,
1927 2420 1970 2449 ut
2007 2424 2135 2463 neque
2166 2413 2337 2452 calidum
2373 2429 2502 2469 neque

1435 2468 1684 2520 splendidum
1703 2468 1836 2507 lumen
1856 2470 1903 2508 ad
1921 2484 1993 2509 nos
2013 2472 2242 2522 perveniat,
2262 2475 2370 2524 quod
2394 2476 2502 2516 sutu—

1434 2541 1520 2565 rum
1547 2527 1770 2576 videbatur,
1793 2529 1827 2568 si
1858 2529 2115 2569 inflammatio
2135 2539 2174 2570 et
2193 2533 2407 2583 permixtio
2435 2536 2501 2576 lu—

1435 2587 1553 2625 minis
1575 2588 1697 2627 fieret.
1717 2587 1794 2626 Sed
1828 2589 2159 2640 quemadmodum
2189 2604 2308 2631 voces
2334 2596 2501 2647 repulsae

1434 2645 1703 2685 obscuriorem
1730 2659 1871 2685 sonum
1901 2649 2075 2687 referunt
2103 2657 2141 2687 et
2174 2662 2499 2702 repercussorum

1434 2705 1601 2744 telorum
1622 2706 1722 2744 ictus
1748 2706 1920 2746 leniores
1945 2708 2128 2746 accidunt
2148 2723 2157 2747 :
2175 2714 2227 2746 sic
2251 2714 2344 2748 solis
2359 2712 2503 2762 fulgor

1429 2760 1571 2802 feriens
1592 2762 1708 2797 latum
1733 2763 1835 2798 lunoe
1855 2763 1980 2799 orbem
2002 2761 2183 2800 hebetior
2201 2772 2240 2801 et
2269 2764 2497 2815 languidior

1433 2817 1480 2855 ad
1501 2831 1572 2856 nos
1601 2818 1817 2867 redundat,
1839 2829 2002 2873 propter
2019 2822 2249 2860 fractionem
2267 2824 2309 2862 vi
2326 2824 2412 2876 ejus
2430 2827 2498 2866 de-

1432 2876 1598 2918 bilitata.
1629 2895 1646 2913 »
1678 2879 1872 2918 Praeclara
1898 2880 1981 2919 haec
2007 2893 2086 2931 qua
2103 2881 2340 2922 Plutarchus
2374 2886 2500 2926 utitur

1432 2936 1651 2975 similitudo
1681 2950 1859 2987 magnam
1882 2949 2032 2991 partem
2060 2953 2082 2979 e
2109 2940 2214 2979 vatis
2241 2941 2496 2994 Agrigentini

1431 2996 1604 3035 carmine
1634 3007 1761 3036 sumta
1791 2999 1965 3040 videtur.
1997 2999 2185 3039 Versatur
2213 3001 2320 3041 enim
2346 3002 2511 3056 Empe-v

1432 3055 1564 3095 docles
1581 3055 1750 3096 libenter
1763 3058 1806 3096 in
1823 3071 1953 3097 rerum
1974 3060 2164 3099 similium
2184 3063 2492 3113 comparatione.

1431 3115 1562 3162 Quare
1578 3130 1628 3156 ne
1657 3118 1764 3169 quod
1782 3119 1974 3157 orationis
1994 3120 2264 3172 Empedoclem
2282 3123 2493 3173 vestigium

1431 3176 1598 3227 periret,
1622 3185 1744 3215 totum
1763 3177 1892 3216 locum
1913 3179 2072 3218 laudavi
2092 3189 2130 3218 et
2151 3180 2314 3219 latinum
2337 3181 2425 3221 feci.

1485 3235 1547 3275 Vs.
1568 3235 1659 3280 245.
1682 3236 1888 3289 κυκλοτερὲς
1909 3236 2003 3290 κτλ.]
2026 3247 2151 3277 exstat
2170 3239 2275 3290 apud
2302 3239 2493 3281 Achillem

1430 3292 1589 3332 Tatium
1617 3293 1769 3334 lntrod.
1791 3294 1834 3332 in
1854 3295 1961 3334 Arat.
1982 3310 2014 3334 c.
2036 3311 2102 3344 213
2119 3309 2209 3348 pag.
2228 3297 2277 3334 83
2291 3298 2356 3337 ed.
2372 3298 2492 3340 Antv.

1431 3351 1576 3390 Eodem
1608 3353 1688 3391 fere
1707 3353 1826 3391 modo
1853 3354 2108 3394 Parmenides
2127 3369 2188 3394 vs.
2215 3362 2286 3402 144
2308 3370 2395 3409 pag.
2420 3373 2494 3399 120

1430 3411 1492 3450 ed.
1516 3420 1639 3450 nostr.
1660 3412 1708 3451 de
1728 3413 1821 3451 luna
1842 3425 1851 3452 :

1489 3488 1673 3543 νυκτιφαὲς
1693 3489 1774 3542 περὶ
1793 3496 1898 3541 γαῖαν
1923 3490 2102 3542 ἀλώμενον
2121 3490 2302 3544 ἀλλότριον
2323 3494 2410 3546 φῶς,
