2612 3814
290 274 364 308 396

282 357 408 410 θερμὸν
422 356 483 396 και
496 355 629 410 ψυχρὸν
641 357 736 396 nati
722 357 820 411 ,ηρὸν
841 358 901 398 καὶ
915 358 1033 411 ὑγρόν.
1054 361 1076 410 S
1094 367 1132 400 5.
1153 359 1280 411 Τρίτον
1297 358 1333 397 δὲ

283 417 456 468 uiuentem,
472 410 519 455 ὧν
541 418 576 455 αἱ
597 417 757 467 δυνάμεις
773 418 856 456 εἰσὶν
877 412 991 457 αυται·
1014 423 1083 470 πῦρ
1094 418 1154 457 καὶ
1167 418 1260 470 ὕδωρ
1273 418 1332 457 καὶ

281 476 349 530 ἀὴρ
369 476 427 515 καὶ
445 478 503 528 γ’ἥ.
493 475 722 530 .Διαφέρουσι
742 477 778 515 δὲ
796 471 898 516 αὗται
914 479 982 516 τῶν
1003 477 1196 529 δυνάμεων·
1213 478 1248 515 αἱ
1268 476 1330 528 μὲν

280 536 347 588 γὰρ
364 535 479 575 οὐσίαι
495 538 528 574 ἐν
549 535 645 589 τόπῳ
661 535 902 589 φθείρονταιέ
871 552 903 582 ,ς
922 537 1095 585 ἀλλήλων·
1112 538 1147 576 αἱ
1169 536 1203 575 δὲ
1226 535 1329 574 δυνά-

283 611 357 645 μεις
379 593 455 633 οὔτε
476 593 671 648 φθείρονται
695 594 753 634 οὔ.
1018 596 1125 648 Λόγοι
1145 594 1247 647 γὰρ
1231 594 1328 633 ασώ-

283 671 386 705 ματοι
402 654 612 707 τυγχάνουσι
626 653 773 694 τούτων.
786 657 807 705 §
827 662 862 694 6.
875 656 994 693 Τῶνῗ
977 655 1011 693 οὲ
1025 654 1202 708 τεσσάρων
1214 654 1253 692 τὸ
1269 654 1331 703 μὲν

283 713 409 767 θερμὸν
429 714 488 753 καὶ
505 712 675 766 ψυχρονε
657 729 702 756 ως
728 712 823 751 αἴτια
843 713 902 752 καὶ
925 714 1102 761 ποιητικά·
1123 713 1162 751 τὸ
1177 714 1211 751 δὲ
1230 712 1331 765 ξηρὸν

282 772 342 811 καὶ
362 771 464 825 ὑγρον
483 774 530 816 ὧς
551 773 616 819 ῧλη
633 771 693 810 καὶ
711 772 903 819 παθητικά.
974 772 1131 824 Πρώτως
1154 773 1188 810 δὲ
1209 770 1274 819 ὕλη
1293 771 1333 811 τὸ

281 830 464 884 πανδεχές.
541 830 663 870 Κοινὸν
685 829 752 882 γὰρ
777 830 916 868 υπόκει·
921 845 956 868 αι
976 836 1104 879 πᾶσιν,
1123 829 1214 868 ὥστε
1235 831 1333 883 πρῶ-

281 906 338 928 τον
355 890 417 942 μὲν
439 890 478 928 τὸ
500 889 645 938 δυνάυει
663 891 765 939 σῶμα
789 889 953 936 αἰσθητὸν
978 889 1095 943 ἀρχή,
1114 888 1313 941 δεύτερον
1295 888 1330 927 οὲ

282 950 350 987 αἶ’
336 947 521 988 εναντιώσε
526 963 568 998 ις,
583 950 654 986 οῖον
666 946 834 999 θερμότης
847 949 991 999 καὶψυχ
996 947 1095 999 ρότης
1115 946 1174 984 καὶ
1186 945 1333 999 ὑγρότης

282 1006 341 1046 καὶ
362 1006 520 1060 ξηρότης·
542 1004 656 1057 τρίτον
675 1005 710 1044 δὲ
729 1007 763 1043 αἱ
779 1005 894 1044 οὐσίαι
906 1008 1001 1058 ,πῦρ
1021 1005 1081 1044 καὶ
1100 1004 1191 1056 ὕδωρ
1207 1004 1266 1044 καὶ
1286 1008 1332 1056 γῆ

278 1066 338 1104 καὶ
353 1065 433 1137 ἀηρ.
452 1065 576 1103 Ταῦτα
595 1063 662 1117 γὰρ
684 1064 963 1112 μεταδοίλλουσιν
986 1066 1032 1109 εἷς
1061 1063 1214 1116 ἄλληλα,
1237 1065 1273 1103 αἱ
1296 1063 1332 1103 δὲ

279 1123 493 1168 ἐναντιώσεις
513 1125 554 1162 οὐ
584 1123 879 1175 μεταὸάλλουσιν.
942 1126 964 1175 §
985 1131 1019 1164 7.
1043 1125 1089 1164 Αἷ
1110 1123 1145 1162 δὲ
1168 1123 1330 1177 διαφοραὶ

278 1188 346 1223 τῶν
368 1184 542 1235 σωμάτων
562 1183 633 1222 δύο·
656 1185 692 1222 αἱ
714 1183 775 1235 μὲν
790 1183 858 1237 γάρ
880 1185 946 1222 εἰσι
966 1186 1034 1222 τῶν
1055 1183 1220 1236 πρώτων,
1241 1184 1311 1222 αἷδ

277 1244 345 1281 τῶν
365 1242 559 1295 γενομένων
583 1243 622 1281 ἐκ
641 1242 785 1282 τούτων.
839 1242 985 1294 Θερμδν
1004 1241 1067 1294 μὲν
1086 1241 1169 1295 γὰρ
1182 1241 1241 1280 καὶ
1265 1214 1329 1315 ψυὶἶ

277 1301 363 1353 χρὸν
382 1302 470 1340 καὶε
458 1317 560 1354 υγρον
574 1301 633 1340 καὶ
656 1301 757 1374 ξηρὸν
777 1304 844 1341 τῶν
866 1301 1028 1355 πρώτων·
1048 1301 1087 1340 τὸ
1108 1301 1144 1340 δὲ
1163 1299 1252 1354 βαρυ
1269 1316 1329 1339 και

277 1364 402 1414 κοῦφον
418 1360 478 1400 καὶ
497 1361 624 1400 πυκνὸν
653 1377 710 1400 και
742 1362 850 1410 μανὸν
873 1364 942 1400 τῶν
960 1361 1168 1440 γενομένων
1195 1362 1234 1398 ἐκ
1251 1360 1330 1398 τοῦ-

277 1436 359 1459 των.
415 1420 642 1472 Τυγχάνουσι
672 1420 708 1460 δὲ
741 1423 775 1459 αἱ
799 1427 912 1459 πᾶσαι
933 1420 1016 1458 δέκα
1042 1419 1077 1464 ἐξ
1081 1418 1244 1471 ’θερμὸν
1269 1418 1330 1457 καὶ

277 1477 409 1531 ψυχρον
427 1478 486 1517 καὶ
508 1477 609 1531 ὑγρὸν
634 1477 694 1517 καὶ
714 1477 815 1530 ξηρον
837 1478 897 1517 καὶ
918 1477 1007 1530 βαρυ
1028 1477 1088 1516 καὶ
1119 1492 1246 1529 κουφον
1270 1476 1329 1515 καὶ

277 1537 397 1588 ἀραιὸν
419 1553 478 1575 και
512 1552 640 1576 πυκνον
662 1537 721 1576 καὶ
752 1539 843 1575 λεῖον
878 1537 938 1575 καὶ
957 1535 1069 1590 τραχυ
1096 1537 1156 1574 καὶ
1177 1535 1328 1587 σκληρὸν

276 1595 336 1634 καὶ
355 1595 514 1647 μαλακὸν
535 1595 595 1634 καὶ
614 1595 740 1634 λεπτὸν
761 1596 821 1634 και
841 1597 939 1648 παχὺ
957 1611 1018 1634 και
1041 1607 1059 1633 ο
1062 1595 1097 1641 ξυ
1116 1611 1176 1633 και
1195 1594 1330 1645 ἀμὸλύ.

758 595 957 646 Ξγίνθνταῑ.

1145 270 1322 310 oct-:Lu
1368 271 1564 311 IUCANI

1396 361 1458 391 tur.
1529 362 1587 393 11ae
1615 369 1692 393 vero
1711 366 1785 394 sunt
1808 362 1895 396 calor
1917 365 1951 397 et
1974 364 2091 406 frigus,
2121 365 2247 399 siccitas
2262 367 2295 400 et
2314 367 2445 401 humor.

1366 417 1445 459 §
1431 433 1460 451 υ.
1479 421 1586 452 Tertio
1606 419 1675 452 loco
1687 423 1865 462 sequuntur
1878 426 2024 465 naturoe,
2040 434 2177 466 quarum
2194 426 2258 459 illae
2280 426 2448 461 facultates

1393 481 1486 518 sunt,
1505 478 1605 518 ignis,
1635 487 1737 520 aqua,
1763 489 1831 522 aer,
1863 483 1962 523 terra,
1985 492 2061 525 quae
2079 484 2208 525 quidem
2230 487 2386 519 naturoea
2403 487 2447 520 tn

1394 537 1568 569 cultatibus
1591 537 1682 579 longe
1701 538 1874 582 ditierunt3
1901 550 1976 575 nam
1993 542 2058 576 illae
2078 544 2111 576 in
2138 544 2216 576 locis
2233 544 2300 577 suis
2324 546 2447 580 mutuis

1394 595 1537 628 cladibus
1554 601 1710 638 pereunt,
1727 598 1899 633 facultates
1917 609 1994 634 vero
2012 611 2119 644 neque
2142 603 2319 644 occidunt,
2337 613 2444 647 neque

1394 651 1543 684 oriuntur
1562 661 1570 681 z
1592 652 1752 694 siquidem
1781 654 1906 688 illarum
1937 666 2045 690 rerum
2067 667 2175 691 causae
2198 660 2274 692 sunt
2305 659 2450 702 corpori·

1393 709 1552 748 expertes.
1597 707 1616 750 §
1635 712 1665 741 6.
1683 710 1804 741 Harum
1820 719 1914 751 porro
1931 711 2122 746 facultatum
2139 723 2214 755 quae
2233 715 2375 756 quatuor
2389 724 2451 749 nu-

1395 771 1483 795 mero
1497 764 1594 802 sunt,
1614 763 1703 814 calor
1724 764 1757 796 et
1777 763 1895 806 frigus,
1916 775 2022 799 causae
2045 769 2078 800 et
2096 768 2274 802 effectrices
2282 781 2293 811 ς
2321 771 2449 806 siccitas

1394 820 1426 851 et
1446 819 1574 860 humor,
1594 820 1729 853 materia
1746 821 1778 853 et
1798 820 1945 861 patibiles
1967 831 2035 856 esse
2050 823 2122 864 jure
2142 827 2333 860 censentur.
2376 827 2448 861 Pri·

1394 884 1482 907 nium
1502 877 1609 908 autem
1627 876 1760 908 materia
1776 877 1922 910 omnium
1941 877 2117 914 formarum
2133 888 2235 922 capax
2254 883 2316 924 est,
2329 883 2448 926 quippe

1393 940 1466 972 quoe
1481 934 1668 963 cunctarum
1685 940 1792 964 rerum
1813 941 1986 966 commune
2001 934 2248 969 fundamentum
2267 937 2331 979 sit,
2348 938 2395 972 ita
2411 941 2449 973 ut

1394 986 1518 1017 initium
1533 994 1651 1026 corpus
1670 995 1726 1027 per
1738 995 1772 1018 se
1785 987 1888 1028 primo
1903 987 2052 1020 sensibus
2069 989 2251 1031 subiectum
2271 1000 2342 1026 esse
2357 1001 2448 1036 opor·

1394 1043 1470 1074 teat
1515 1043 1598 1074 'lum
1620 1042 1778 1075 accedunt
1794 1051 1844 1076 res
1864 1045 2053 1086 contrariae,
2075 1046 2164 1079 velut
2179 1047 2266 1080 calor
2281 1049 2314 1082 et
2335 1048 2448 1092 frigus,
2499 1081 2507 1088 .

1395 1098 1511 1130 humor
1530 1100 1562 1131 et
1581 1098 1741 1131 siccitas·
1763 1099 1859 1132 tertio
1869 1099 2011 1142 denique
2029 1101 2100 1134 loco
2117 1105 2296 1144 sequuntur
2318 1105 2401 1147 ignis
2417 1109 2451 1140 et

1393 1163 1495 1195 aqua,
1517 1155 1603 1187 terra
1617 1156 1649 1187 et
1669 1163 1732 1187 aer.
1797 1157 1876 1188 liaec
1895 1156 1980 1189 enim
1994 1157 2151 1190 elementa
2169 1159 2251 1192 inter
2266 1169 2300 1194 se
2318 1164 2448 1195 mutan·

1394 1212 1461 1250 tur,
1483 1218 1533 1241 res
1561 1209 1732 1242 contrariae
1749 1219 1813 1242 non
1830 1213 2008 1244 mutantur.
2071 1211 2091 1254 §
2111 1215 2141 1246 7.
2157 1214 2335 1255 corporum
2351 1215 2447 1251 dine-

1396 1264 1504 1296 rentioe
1527 1263 1600 1296 duae
1631 1267 1727 1305 sunt,
1751 1265 1822 1298 alioe
1842 1266 1972 1307 primm,
2003 1268 2076 1300 aliae
2109 1277 2149 1303 ex
2181 1269 2294 1311 primis
2323 1275 2404 1305 ortae
2437 1285 2448 1307 ι

1396 1319 1507 1359 primae
1525 1318 1654 1359 quidem
1670 1319 1829 1352 habentur
1841 1321 1929 1353 calor
1942 1325 1975 1354 et
1990 1321 2088 1363 frigus
2097 1349 2106 1363 ,
2128 1324 2247 1357 humor
2259 1326 2292 1358 et
2303 1324 2448 1367 siccitas5

1394 1383 1434 1405 ex
1453 1374 1560 1414 primis
1572 1375 1652 1406 ortae
1668 1377 1742 1406 sunt
1753 1375 1893 1415 gravitas
1911 1377 1943 1408 et
1963 1376 2090 1418 levitas,
2105 1378 2248 1412 densitas
2267 1383 2300 1413 et
2321 1381 2448 1415 raritas.

1393 1433 1513 1463 Omnes
1533 1431 1641 1462 autem
1663 1432 1893 1463 enumerantur
1909 1431 2060 1474 sedecim,
2083 1434 2170 1465 calor
2191 1438 2223 1467 et
2238 1435 2359 1477 frigus,
2383 1436 2448 1469 hu·

1394 1495 1462 1517 mor
1483 1488 1515 1516 et
1530 1484 1675 1525 siccitas,
1694 1486 1835 1526 gravitas
1863 1488 1893 1518 et
1920 1486 2054 1528 levitas,
2079 1489 2193 1521 raritas
2225 1490 2258 1522 et
2283 1489 2449 1533 densitas,

1394 1541 1492 1573 laevor
1509 1542 1542 1573 et
1564 1540 1738 1581 asperitas,
1760 1541 1879 1573 duritia
1899 1545 1931 1574 et
1953 1542 2143 1588 mollitudo,
2162 1545 2302 1578 tenuitas
2317 1548 2447 1579 eteros·

1393 1598 1520 1638 situdo,
1544 1607 1680 1630 acumen
1697 1599 1728 1630 et
1748 1597 1910 1630 hebetatio
1929 1611 1937 1630 :
1958 1607 2041 1638 quas
2065 1598 2196 1640 quidem
2218 1609 2332 1634 omnes
2346 1601 2451 1635 tactio

315 1813 334 1855 §
350 1819 380 1848 5.
395 1814 438 1846 ὧν
454 1815 485 1846 αἱ
505 1814 645 1855 δυνάμεις
664 1815 740 1847 εἰσὶν
751 1813 856 1856 αὗται]
869 1815 939 1847 hoee
957 1814 1075 1846 desunt
1089 1815 1119 1845 in
1142 1813 1192 1846 ed.
1208 1815 1328 1846 Lovan.

315 1862 369 1892 καὶ
390 1861 448 1902 ἁὴρ
464 1862 516 1893 καὶ
532 1860 587 1903 γῆ]
604 1861 700 1894 codd.
718 1864 819 1901 Parr.;
837 1862 927 1894 Vizz.
944 1863 997 1894 καὶ
1015 1863 1076 1904 ἀὴρ
1089 1867 1148 1902 γῆ;
1166 1861 1235 1893 cod.
1254 1864 1328 1893 Vat.

274 1916 293 1939 a
306 1907 529 1940 Siebenkeesio
542 1909 676 1941 collatus
706 1909 760 1941 καὶ
778 1913 818 1950 γῆ
839 1910 892 1941 καὶ
914 1910 996 1948 einp.

317 1955 349 1986 δὲ
369 1954 459 1987 αὗται
478 1967 508 1988 τ.
527 1956 554 1988 δ.
574 1957 605 1987 αἱ
623 1955 678 1996 μὲν
697 1954 770 1997 γὰρ]
786 1955 867 1989 cod.
894 1955 1001 1988 Barth.
1020 1956 1079 1998 γὰρ
1096 1956 1222 1994 omisit,
1240 1956 1331 1989 vati-

275 2010 374 2033 canus
385 2003 514 2034 notante
530 2001 751 2034 Siebenkeesio
765 2002 860 2035 habet
870 2002 924 2037 οὖν
933 2015 942 2044 ;
958 2005 1044 2036 Parr.
1055 2006 1093 2037 A..
1106 2006 1138 2037 et
1153 2006 1188 2037 B.
1203 2003 1229 2037 δ’
1238 2005 1329 2037 αὗται

273 2060 302 2080 τ.
321 2049 348 2080 δ.
365 2050 397 2080 αἱ
417 2049 471 2090 μὲν
488 2048 560 2090 offam
579 2049 628 2081 ed.
643 2051 764 2082 Lovan.
778 2050 933 2084 mendose
948 2051 1068 2083 οὐσείαι
1086 2052 1116 2084 ὲν
1132 2051 1220 2093 τόπῳ
1235 2053 1283 2093 φθ.
1301 2053 1331 2089 ἐξ

275 2095 426 2134 ἀλλήλων.

315 2142 483 2184 φθείρονται
493 2143 524 2181 ἐξ
537 2143 690 2186 ἀλλήλων]
699 2145 891 2186 Rudolphus
905 2149 979 2178 ante
990 2146 1059 2179 haec
1071 2145 1330 2178 verhaexcidisse

275 2193 364 2232 putat
382 2192 434 2223 καὶ
450 2191 598 2231 γίνονται.

314 2237 400 2279 λόγοι
417 2238 477 2279 γὰρ
493 2238 657 2279 ἀσώματα.
676 2240 866 2282 τυγγάνουσι
881 2241 1012 2284 τούτων]
1033 2243 1082 2273 Ita
1100 2240 1209 2282 codd.;
1227 2243 1330 2281 Noga-

275 2285 342 2317 rola
358 2284 402 2317 ait
415 2284 446 2317 in
462 2284 514 2318 ed.
531 2287 652 2318 Lovan.
668 2295 703 2320 se
717 2287 876 2320 invenisse
889 2287 981 2329 λόγον
1002 2289 1062 2330 γὰρ
1077 2288 1246 2328 ἀσώματον
1259 2298 1329 2327 τυγ-

273 2332 415 2374 χάνουσι·
433 2332 551 2365 τούτων
573 2333 605 2366 δὲ
630 2336 703 2367 τῶν.
734 2337 775 2367 At
793 2335 834 2367 ibi
855 2335 887 2367 ni
907 2335 998 2368 fallor
1024 2336 1141 2376 legitur
1160 2335 1252 2375 λόγον
1271 2335 1330 2375 γὰρ

275 2380 444 2422 ἀσώματον
464 2380 654 2422 τυγχάνουσι
667 2382 799 2416 τούτων.
819 2386 881 2415 τῶν
898 2383 941 2416 δὲ.
959 2383 1149 2424 Rudolphus
1162 2382 1258 2415 scribi
1277 2391 1330 2414 vo-

275 2427 333 2470 luit
357 2426 442 2468 λόγοι
463 2428 523 2470 γὰρ
550 2428 715 2471 ἀσώματοι
746 2430 946 2472 τυγχάνουσι.
975 2432 1094 2464 τούτων
1120 2431 1152 2463 δὲ
1171 2434 1246 2472 τῶν,
1266 2440 1329 2472 qua

274 2473 456 2512 conjectura
475 2484 540 2507 uon
559 2479 606 2508 est
626 2485 718 2516 opus.

317 2520 335 2561 §
357 2525 387 2554 6.
404 2521 534 2561 πρώτως
550 2523 593 2565 δὲ]
609 2524 660 2556 Sic
673 2524 745 2556 cod.
760 2526 835 2557 Vat.
851 2526 884 2558 et
896 2525 969 2558 edd.
987 2528 1106 2558 Lomn.
1122 2528 1154 2558 et
1169 2525 1327 2559 Commel.

274 2566 422 2599 stobaeus
439 2567 562 2609 πράτως
580 2569 639 2612 γὰρ
655 2570 734 2611 ῧλ;α
758 2571 870 2604 Patrio.
894 2571 977 2604 Disc.
993 2572 1098 2613 Perip.
1122 2573 1160 2604 Τ.
1184 2573 1214 2604 ΙΙ
1240 2571 1294 2604 lib.
1312 2576 1328 2603 2

276 2621 307 2652 [ι.
328 2616 388 2644 205
407 2614 536 2654 πρώτως
554 2615 579 2647 δ’
595 2617 614 2653 ἡ
630 2616 666 2648 τὸ
682 2618 771 2649 πανδ
785 2635 826 2641 -
842 2621 939 2658 πᾶσι,
959 2619 1025 2650 ὥστ
1028 2630 1042 2651 ε
1064 2622 1185 2661 πρῶτον
1203 2618 1329 2660 δυνάμει

276 2662 370 2699 σῶμα
395 2659 552 2698 αἰσθητόν.
572 2662 633 2694 Sed
650 2672 681 2703 p
699 2666 759 2696 238
781 2665 913 2706 πρώτως
930 2664 957 2697 δ’
973 2667 993 2704 ἡ
1012 2666 1069 2704 ὕλη
1084 2667 1189 2698 navo.-
1181 2670 1329 2708 ,πρῶτον

275 2705 605 2751 6‘2Vizzan.Ga1eus,
626 2711 833 2751 Dargensius,
855 2713 1035 2746 Battmsius

318 2753 401 2784 ὥστε
419 2757 540 2796 πρῶτον
557 2773 596 2778 -
612 2756 817 2800 ἐναντιώσεις]
835 2760 915 2792 Coxi.
933 2761 1006 2793 Par.
1026 2764 1061 2793 A.
1079 2764 1202 2802 πρῶτον
1222 2763 1277 2803 μὲν
1294 2762 1329 2794 τὸ

275 2816 316 2821 -
330 2798 469 2841 δεύτερον
489 2800 520 2833 δὲ
537 2803 588 2833 καὶ
607 2802 800 2842 ἐναντιώσεις
812 2830 822 2847 ,
841 2806 873 2838 in
886 2806 1003 2848 quibus
1022 2808 1127 2841 verbis
1149 2809 1201 2841 καὶ
1219 2817 1330 2851 super-

275 2845 416 2885 positum
436 2849 601 2887 particulae
619 2850 651 2882 δὲ
670 2852 774 2884 omitti
794 2855 940 2894 oportet;
971 2855 1025 2896 μὲν
1051 2857 1122 2896 post
1146 2859 1269 2898 πρῶτον
1297 2857 1328 2888 in

273 2892 425 2925 omnibus
445 2894 519 2927 edd.
536 2895 746 2931 desideratur.
770 2902 921 2940 Agnoscit
942 2901 1019 2934 illud
1044 2903 1140 2934 etiam
1155 2903 1304 2936 Stobmus
1317 2929 1326 2945 ,

276 2934 361 2973 apud
382 2943 479 2975 quem
509 2936 622 2976 legitur
646 2948 654 2969 :
683 2940 789 2981 ὥσπερ
808 2945 924 2981 πρᾶτον
953 2944 1006 2985 μὲν
1031 2945 1066 2976 τὸ
1085 2944 1211 2985 δυνάμει
1236 2949 1330 2985 σῶμα

276 2981 423 3020 αἰσθητὸν
441 2981 551 3024 ἀρχάν,
563 2984 702 3026 δεύτερον
718 2986 749 3019 δὲ
763 2989 794 3019 αἱ
809 2988 1011 3028 ἐναντιώσεις
1029 2991 1107 3023 Iude
1121 2991 1275 3025 articulus
1289 2993 1328 3024 ad

275 3028 470 3066 ἐναντιώσεις
486 3030 559 3063 addi
576 3033 690 3072 potest.

317 3075 383 3107 οἷον
400 3076 547 3118 θερμότης
570 3078 623 3110 καὶ
644 3080 799 3122 ψυχρότης
819 3084 871 3114 καὶ
888 3084 1017 3125 υγρότης
1043 3085 1095 3117 καὶ
1115 3085 1254 3129 ξηρότης]
1279 3088 1330 3120 Sic

274 3121 346 3153 cod.
371 3124 442 3154 Par.
469 3125 521 3164 A.;
540 3125 652 3166 reliqui
675 3128 740 3159 οἷον
761 3129 944 3171 θερμότητος
960 3131 1013 3163 καὶ
1030 3132 1223 3173 ψαχρότητος
1249 3145 1277 3165 ιι
1298 3146 1326 3167 τ.

273 3167 301 3199 λ
322 3169 362 3200 At
381 3170 615 3204 nominativum
640 3175 747 3206 tuetur
765 3177 862 3207 etiam
883 3177 1032 3210 Stobaeus
1047 3178 1112 3210 οἷον
1131 3180 1278 3222 θερμότας
1295 3194 1326 3213 κ

274 3224 301 3245 τ.
327 3215 356 3247 λ.
381 3215 500 3249 omisso
518 3218 650 3260 ὑγρότας
663 3243 672 3260 ,
691 3223 844 3261 praeterea
863 3224 1018 3257 Patricius
1034 3235 1064 3265 p.
1092 3230 1164 3259 253.
1186 3229 1327 3261 Eundem

275 3268 385 3293 casum
404 3266 538 3304 usurpat
554 3265 739 3300 Aristoteles
752 3268 792 3302 de
805 3279 875 3310 gen.
894 3271 925 3303 et
945 3280 1026 3304 corr.
1047 3273 1089 3312 11,
1112 3278 1142 3306 6.

316 3310 349 3339 αἱ
372 3309 489 3352 οὐσίαι]
515 3312 563 3344 Ita
585 3314 635 3346 ed.
660 3316 782 3348 Lovan.
807 3319 905 3358 atque
930 3327 968 3350 ex
994 3328 1030 3351 ea
1057 3321 1187 3353 vizzan.
1213 3322 1246 3354 et
1264 3324 1327 3355 Ru-

273 3353 394 3435 «tolphtt
404 3359 529 3391 Desunt
549 3359 599 3393 hae
616 3369 711 3394 voces
735 3371 786 3404 ap.
802 3365 881 3406 Nog.
902 3366 1015 3398 Patric.
1035 3375 1066 3407 p.
1085 3371 1145 3401 253
1168 3369 1326 3403 Commel.

274 3405 305 3433 et
323 3404 365 3435 Ba
397 3413 451 3436 oes.

313 3450 367 3482 και
382 3454 423 3492 γῆ
439 3453 491 3484 καὶ
511 3453 582 3496 ἀήρ]
599 3456 671 3488 cod.
688 3459 759 3491 Par.
778 3460 829 3498 C.;
843 3459 898 3492 sed
916 3462 985 3493 Par.
1001 3462 1036 3494 B.
1056 3462 1109 3494 καὶ
1133 3462 1190 3504 ἀὴρ
1204 3464 1256 3496 καὶ
1273 3468 1325 3504 γῆ.

273 3495 307 3526 In
331 3497 399 3530 Par.
417 3500 454 3531 A.
479 3500 574 3533 verba
587 3502 639 3534 καὶ
657 3506 695 3543 γῆ
712 3504 827 3537 omissa
847 3509 935 3538 suut.
1118 3535 1120 3538 ,

1432 1814 1531 1843 ταῦτα
1544 1811 1603 1853 γὰρ
1620 1823 1658 1853 με
1644 1810 1868 1843 ..Ηταὸάὶὶουσιν
1882 1812 1924 1848 εἰς
1938 1811 2068 1854 ἄλληλα]
2089 1812 2183 1845 codd.
2201 1815 2303 1853 Parra
2317 1813 2451 1848 Vizznn

1393 1859 1475 1890 male
1494 1870 1531 1899 με
1518 1859 1603 1891 ταὸ.
1619 1862 1661 1897 ὡς
1675 1859 1793 1898 ἄλληλα
1806 1862 1838 1891 et
1856 1859 1971 1892 Patric.
1990 1868 2021 1900 p.
2041 1862 2101 1893 253
2114 1863 2213 1892 ταῦτα
2228 1861 2261 1894 δὲ
2278 1870 2337 1903 pro
2351 1865 2451 1895 ταῦτα

1390 1906 1460 1948 γὰρ·

1435 1954 1472 1985 οὐ
1489 1953 1747 1996 μεταὸάλλουσιν]
1773 1953 1826 1986 Sic
1842 1953 1937 1987 codd.
1968 1956 2058 1987 Part.
2087 1957 2125 1988 A.
2151 1959 2182 1988 et
2207 1957 2258 1997 B.;
2283 1958 2395 1990 contra
2418 1957 2451 1990 in

1392 2000 1463 2032 cod.
1483 2002 1520 2033 C.
1544 2002 1705 2034 omittitur
1724 2001 1760 2033 οὐ
1785 2001 1902 2040 pariter
1917 2003 2016 2042 atque
2045 2002 2077 2034 in
2095 2003 2252 2036 Vaticano
2268 2004 2451 2047 antiquiore

1392 2051 1471 2080 teste
1492 2048 1653 2081 Vizzanio.
1672 2047 1813 2081 Eandem
1829 2048 2019 2089 particulam
2036 2049 2188 2083 omissam
2203 2052 2349 2093 videmus
2363 2052 2448 2094 apud

1392 2095 1557 2128 stobaeum
1582 2097 1649 2128 Ecl.
1668 2097 1767 2137 Phys.
1794 2097 1823 2136 1,
1842 2098 1883 2128 42
1912 2098 2010 2136 atque
2030 2097 2061 2128 in
2082 2098 2275 2131 Lovaniensi
2297 2099 2448 2134 editione.

1391 2145 1491 2175 Recte
1517 2144 1624 2176 omitti
1645 2144 1727 2176 hanc
1754 2143 1901 2175 voculam
1925 2144 2089 2177 existimat
2113 2146 2286 2179 Vizzanius
2304 2146 2339 2179 in
2354 2147 2452 2181 Com-

1391 2192 1490 2222 ment.
1515 2199 1546 2231 p.
1567 2194 1637 2225 130.
1652 2193 1694 2223 At
1708 2190 1885 2223 necessaria
1898 2193 1957 2223 est.
1977 2193 2092 2224 Exstat
2112 2193 2209 2225 etiam
2230 2194 2315 2235 apud
2331 2195 2450 2228 Aristo·

1390 2238 1486 2270 telem
1506 2238 1546 2271 de
1564 2247 1635 2279 gon.
1660 2242 1692 2270 et
1717 2247 1802 2270 corr.
1825 2239 1869 2277 11,
1893 2242 1913 2270 6
1929 2240 1962 2270 et
1985 2239 2102 2270 Patrio.
2125 2248 2156 2280 p.
2181 2244 2241 2273 253
2264 2249 2369 2282 neque
2392 2250 2448 2275 ne·

1391 2286 1494 2326 gie-cta
1510 2289 1557 2318 est
1574 2295 1592 2317 a
1609 2284 1783 2326 Nogaroh,
1804 2284 1975 2324 Battaesio,
1992 2284 2179 2326 Rudolpho,
2193 2286 2275 2320 aliis.

1431 2331 1450 2373 §
1475 2335 1504 2364 7.
1529 2335 1562 2365 αἱ
1582 2334 1614 2365 δὲ
1633 2331 1731 2373 διαμ]
1753 2334 1804 2364 Ita
1823 2331 1916 2364 codd.
1943 2333 2033 2364 Parr.
2055 2333 2090 2364 B.
2109 2336 2142 2365 et
2167 2334 2220 2374 C.;
2246 2335 2279 2367 δὲ
2307 2334 2400 2370 deest
2416 2335 2449 2369 in

1390 2380 1461 2411 cod.
1482 2380 1519 2411 A.
1543 2380 1641 2419 atque
1666 2378 1749 2419 apud
1778 2378 1976 2411 Battaesium.
1997 2379 2127 2411 Initium
2148 2379 2244 2421 huius
2263 2381 2450 2423 paragraphi

1391 2425 1534 2457 laudavit
1551 2426 1667 2458 Patric.
1689 2428 1728 2458 T.
1750 2427 1782 2458 11
1804 2435 1836 2466 p.
1855 2430 1914 2458 252
1930 2435 2030 2467 usque
2047 2426 2086 2458 ad
2106 2426 2202 2459 verba
2215 2431 2314 2460 πᾶσαι
2331 2429 2450 2466 δίκαιε

1390 2472 1477 2504 nulla
1495 2473 1663 2514 scripturae
1681 2473 1834 2506 varietate
1850 2473 1910 2505 nisi
1927 2473 2013 2514 quod
2027 2475 2197 2515 γινομένων
2213 2475 2309 2508 habet
2325 2485 2382 2517 pro
2394 2487 2448 2519 γε·

1391 2520 1543 2560 νομένων.

1430 2568 1547 2600 πυκνὸν
1563 2568 1615 2600 καὶ
1633 2568 1742 2611 μανὸν]
1761 2570 1836 2601 Post
1857 2568 1915 2601 has
1930 2577 2027 2602 voces
2050 2570 2208 2610 Nogsrola
2231 2570 2265 2603 in
2290 2570 2447 2613 interpre-

1390 2615 1513 2647 tatione
1528 2624 1578 2647 res
1591 2616 1769 2648 contrarias
1789 2624 1863 2656 quae
1884 2616 1917 2648 in
1937 2617 2147 2658 sequentibus
2160 2617 2291 2650 demum
2311 2627 2447 2652 enume-

1391 2667 1500 2694 rantur
1514 2663 1621 2695 nescio
1643 2672 1708 2704 quo
1730 2663 1818 2696 fonte
1841 2672 1918 2696 usus
1938 2665 2109 2706 supplevit.
2134 2665 2225 2698 Idem
2245 2666 2324 2699 fecit
2346 2667 2447 2699 Patri-

1390 2708 1457 2741 cius
1476 2709 1495 2741 Ι.
1514 2718 1544 2741 c.

1433 2756 1487 2788 καὶ
1513 2756 1632 2798 ψυχρὸν
1651 2757 1703 2788 καὶ
1732 2756 1837 2799 ὑγρὸν]
1868 2757 2000 2790 Codices
2028 2761 2116 2792 Patr.
2137 2762 2165 2792 A
2188 2762 2221 2793 et
2247 2762 2283 2794 Β.
2304 2762 2394 2795 vait.
2413 2764 2448 2794 et

1394 2803 1505 2836 Barth.
1524 2804 1570 2836 sic
1590 2803 1743 2836 exhibent
1765 2805 1870 2837 locum
1887 2807 1923 2838 ut
1938 2815 1956 2838 a
1974 2807 2123 2840 Battaesio
2141 2809 2172 2840 et
2184 2816 2203 2840 a
2219 2817 2272 2841 me
2299 2808 2446 2849 vulgatus

1390 2852 1452 2885 esi.
1468 2853 1502 2883 In
1530 2851 1604 2884 cod.
1622 2853 1647 2884 C
1662 2851 1779 2892 legitur
1791 2853 1844 2884 καὶ
1865 2853 1996 2895 ψυχρόν,
2010 2855 2103 2896 ὑγρὸν
2119 2856 2172 2888 καὶ
2186 2856 2287 2897 ξηρόν,
2302 2856 2380 2898 βαρὺ
2392 2858 2446 2889 καὶ

1390 2901 1505 2940 κοῦφον
1532 2909 1564 2930 κ.
1585 2910 1613 2931 τ.
1636 2899 1676 2938 λ.,
1699 2900 1735 2930 ut
1751 2900 1905 2940 oppositae
1929 2902 2098 2941 qualitates
2119 2902 2196 2935 solae
2219 2902 2374 2942 particula
2391 2904 2446 2935 mi

1391 2947 1594 2985 copulentur.
1618 2946 1738 2978 Eadem
1768 2946 1926 2988 scriptura
1949 2949 1981 2980 in
2003 2949 2152 2982 omnibus
2182 2951 2230 2983 est
2251 2949 2446 2983 editionibus

1390 3001 1463 3033 quae
1482 2994 1557 3026 ante
1579 2993 1806 3026 Battaesianam
1827 2994 2024 3035 prodierunt.

1430 3041 1564 3082 σκληρὸν
1582 3052 1614 3074 κ.
1636 3041 1708 3082 μαλ.
1723 3058 1766 3064 -
1780 3041 1880 3083 παχύ]
1902 3042 2130 3075 Desiderantur
2147 3044 2215 3077 haec
2237 3043 2443 3079 incontextu

1390 3087 1555 3127 Nogarolae
1570 3091 1602 3121 et
1621 3088 1811 3121 commelini
1822 3113 1832 3129 ‚
1849 3098 1913 3121 ιιοιι
1932 3089 2009 3122 item
2023 3089 2056 3122 in
2071 3091 2238 3131 Nogarolae
2253 3091 2445 3133 interpreta-

1389 3134 1487 3166 tione.
2111 3156 2143 3176 ><

1430 3181 1549 3214 τούτων
1580 3181 1613 3214 δὲ
1637 3182 1809 3225 γνωστικὴ]
1836 3183 1916 3216 cod.
1940 3186 2014 3216 Par.
2035 3187 2072 3217 A.
2106 3196 2163 3218 ουτ
2181 3186 2214 3218 δὲ
2240 3197 2302 3227 γν.;
2331 3186 2444 3228 reliqui

1388 3229 1507 3261 τούτων
1526 3229 1558 3262 δὲ
1578 3231 1754 3271 γνωστικὴ;
1777 3231 1849 3263 cod.
1872 3232 1946 3263 Vat.
1971 3235 2003 3264 et
2025 3233 2135 3265 Barth.
2159 3235 2356 3275 γνωστικὴν,
2381 3236 2445 3269 Pa·

1389 3276 1459 3308 tric.
1479 3285 1511 3317 p.
1537 3280 1596 3309 252
1618 3278 1638 3315 ἡ
1661 3277 1735 3320 ἁφή.

1429 3324 1466 3356 τὸ
1483 3323 1620 3366 πρῶτον]
1639 3326 1688 3356 tta
1704 3328 1770 3357 tres
1785 3324 1879 3358 codd.
1901 3327 2007 3367 Parr.;
2021 3327 2175 3361 articulus
2192 3328 2282 3361 uncis
2299 3328 2445 3363 inclusus

1387 3371 1438 3402 est
1457 3371 1489 3402 in
1508 3371 1581 3403 edd.
1601 3372 1759 3405 commel.
1780 3372 1851 3405 Gal.
1876 3374 2006 3406 Battaes.

1432 3417 1463 3449 ἐν
1483 3430 1510 3450 ω
1532 3414 1570 3450 αἱ
1583 3419 1724 3461 διαφοραὶ
1743 3419 1847 3462 αὗται]
1865 3420 1945 3453 cod.
1963 3423 2034 3453 Par.
2051 3424 2104 3461 A„
2122 3431 2219 3463 quem
2245 3424 2375 3455 secutus
2395 3423 2445 3455 est

1390 3465 1578 3506 Battaesins;
1592 3466 1705 3507 reliqui
1721 3466 1815 3500 codd.
1830 3467 1985 3501 omittunt
1999 3471 2045 3502 αἱ.
2061 3469 2224 3502 Articulus
2237 3470 2271 3502 in
2285 3470 2444 3511 plerisque

1387 3512 1586 3546 editionibus
1598 3538 1607 3554 ,
1627 3514 1848 3556 Rudolphiana
1863 3516 1977 3558 etiam,
1995 3516 2207 3551 desideratur.

2586 3372 2607 3462 ·“—‘3'v(·⁴f-.
2589 3352 2597 3357 ¹
2590 3237 2607 3337 2:⁶³}aeOE
2595 3152 2607 3211 Δ...»
2594 3105 2606 3127 ’π
