<?xml version="1.0" encoding="UTF-8"?>
<!DOCTYPE html PUBLIC "-//W3C//DTD XHTML 1.0 Transitional//EN"
    "http://www.w3.org/TR/xhtml1/DTD/xhtml1-transitional.dtd">
<html xmlns="http://www.w3.org/1999/xhtml" xml:lang="en" lang="en">
 <head>
  <title>
</title>
<meta http-equiv="Content-Type" content="text/html;charset=utf-8" />
  <meta name='ocr-system' content='tesseract 3.04.00' />
  <meta name='ocr-capabilities' content='ocr_page ocr_carea ocr_par ocr_line ocrx_word'/>
</head>
<body>
  <div class='ocr_page' id='page_1' title='image "./fragmentaphiloso01mulluoft_0221.png"; bbox 0 0 2612 3814; ppageno 0'>
   <div class='ocr_carea' id='block_1_1' title="bbox 1162 215 2368 280">
    <p class='ocr_par' dir='ltr' id='par_1_1' title="bbox 1162 215 2368 280">
     <span class='ocr_line' id='line_1_1' title="bbox 1162 215 2368 280; baseline -0.002 0"><span class='ocrx_word' id='word_1_1' title='bbox 1162 215 1406 280; x_wconf 67' lang='lat' dir='ltr'><strong>oaPfflcA.</strong></span> <span class='ocrx_word' id='word_1_2' title='bbox 2297 243 2368 278; x_wconf 66' lang='grc' dir='ltr'>πει</span> 
     </span>
    </p>
   </div>
   <div class='ocr_carea' id='block_1_2' title="bbox 263 330 1256 563">
    <p class='ocr_par' dir='ltr' id='par_1_2' title="bbox 263 330 1228 563">
     <span class='ocr_line' id='line_1_2' title="bbox 263 330 1064 388; baseline -0.01 -12"><span class='ocrx_word' id='word_1_3' title='bbox 263 335 372 376; x_wconf 86' lang='grc' dir='ltr'>Ἥλιε</span> <span class='ocrx_word' id='word_1_4' title='bbox 389 333 594 388; x_wconf 84' lang='grc' dir='ltr'>χρυσείῃσιν</span> <span class='ocrx_word' id='word_1_5' title='bbox 617 331 802 387; x_wconf 85' lang='grc' dir='ltr'>ἀειρόμενε</span> <span class='ocrx_word' id='word_1_6' title='bbox 817 330 1064 384; x_wconf 81' lang='grc' dir='ltr'>πτερύγεσσιν,</span> 
     </span>
     <span class='ocr_line' id='line_1_3' title="bbox 265 390 1159 446; baseline -0.009 -11"><span class='ocrx_word' id='word_1_7' title='bbox 265 394 468 443; x_wconf 80' lang='grc' dir='ltr'>δωδεκάτην</span> <span class='ocrx_word' id='word_1_8' title='bbox 484 393 526 442; x_wconf 83' lang='grc' dir='ltr'>δὴ</span> <span class='ocrx_word' id='word_1_9' title='bbox 546 392 651 440; x_wconf 81' lang='grc' dir='ltr'>τήνδε</span> <span class='ocrx_word' id='word_1_10' title='bbox 671 391 786 446; x_wconf 88' lang='grc' dir='ltr'>παραί</span> <span class='ocrx_word' id='word_1_11' title='bbox 800 407 887 431; x_wconf 71' lang='lat' dir='ltr'>&lt;xeoe</span> <span class='ocrx_word' id='word_1_12' title='bbox 873 390 1033 430; x_wconf 80' lang='grc' dir='ltr'>ἔκλυον’</span> <span class='ocrx_word' id='word_1_13' title='bbox 1017 405 1136 443; x_wconf 73' lang='grc' dir='ltr'>ομφην</span> <span class='ocrx_word' id='word_1_14' title='bbox 1149 418 1159 437; x_wconf 91' lang='grc'>,</span> 
     </span>
     <span class='ocr_line' id='line_1_4' title="bbox 264 449 1256 563; baseline -0.009 -68"><span class='ocrx_word' id='word_1_15' title='bbox 264 459 326 495; x_wconf 75' lang='grc' dir='ltr'>σεῖὅ</span> <span class='ocrx_word' id='word_1_16' title='bbox 346 454 524 509; x_wconf 80' lang='grc' dir='ltr'>φαμένου,</span> <span class='ocrx_word' id='word_1_17' title='bbox 549 451 587 492; x_wconf 85' lang='grc' dir='ltr'>σὲ</span> <span class='ocrx_word' id='word_1_18' title='bbox 604 450 642 491; x_wconf 88' lang='grc' dir='ltr'>δέ</span> <span class='ocrx_word' id='word_1_19' title='bbox 655 453 687 504; x_wconf 90' lang='grc' dir='ltr'>γ’</span> <span class='ocrx_word' id='word_1_20' title='bbox 714 451 841 501; x_wconf 79' lang='grc' dir='ltr'>αὐτόν,</span> <span class='ocrx_word' id='word_1_21' title='bbox 864 449 1014 499; x_wconf 72' lang='grc' dir='ltr'>ἑκηὸόλε</span> <span class='ocrx_word' id='word_1_22' title='bbox 1029 481 1040 502; x_wconf 83' lang='lat'>,</span> <span class='ocrx_word' id='word_1_23' title='bbox 1064 449 1256 563; x_wconf 47' lang='grc' dir='ltr'>μ.ά[ρθτευίρηιίιθ</span> 
     </span>
    </p>
   </div>
   <div class='ocr_carea' id='block_1_3' title="bbox 264 585 1250 1182">
    <p class='ocr_par' dir='ltr' id='par_1_3' title="bbox 264 585 1250 1182">
     <span class='ocr_line' id='line_1_5' title="bbox 319 585 1246 645; baseline -0.008 -16"><span class='ocrx_word' id='word_1_24' title='bbox 319 590 408 645; x_wconf 89' lang='lat' dir='ltr'><strong>(J0.</strong></span> <span class='ocrx_word' id='word_1_25' title='bbox 434 591 592 628; x_wconf 84' lang='lat' dir='ltr'><strong>Malalas</strong></span> <span class='ocrx_word' id='word_1_26' title='bbox 623 589 911 639; x_wconf 85' lang='lat' dir='ltr'><strong>chronograph.</strong></span> <span class='ocrx_word' id='word_1_27' title='bbox 948 589 1016 625; x_wconf 88' lang='lat' dir='ltr'><strong>lib.</strong></span> <span class='ocrx_word' id='word_1_28' title='bbox 1040 587 1087 626; x_wconf 90' lang='lat' dir='ltr'>Vl</span> <span class='ocrx_word' id='word_1_29' title='bbox 1118 600 1161 637; x_wconf 87' lang='lat' dir='ltr'>p.</span> <span class='ocrx_word' id='word_1_30' title='bbox 1199 585 1246 633; x_wconf 82' lang='lat'>73</span> 
     </span>
     <span class='ocr_line' id='line_1_6' title="bbox 265 644 1248 722; baseline -0.006 -32"><span class='ocrx_word' id='word_1_31' title='bbox 265 653 328 691; x_wconf 89' lang='lat' dir='ltr'>ed.</span> <span class='ocrx_word' id='word_1_32' title='bbox 352 652 474 690; x_wconf 88' lang='lat' dir='ltr'><strong>Bonn.</strong></span> <span class='ocrx_word' id='word_1_33' title='bbox 497 648 592 689; x_wconf 85' lang='grc' dir='ltr'>·Ἐν</span> <span class='ocrx_word' id='word_1_34' title='bbox 611 650 708 703; x_wconf 77' lang='grc' dir='ltr'>αὐτῷ</span> <span class='ocrx_word' id='word_1_35' title='bbox 730 648 765 688; x_wconf 87' lang='grc' dir='ltr'>δὲ</span> <span class='ocrx_word' id='word_1_36' title='bbox 786 649 838 702; x_wconf 78' lang='grc' dir='ltr'>τῷ</span> <span class='ocrx_word' id='word_1_37' title='bbox 857 646 975 722; x_wconf 85' lang='grc' dir='ltr'>χρόνῳ</span> <span class='ocrx_word' id='word_1_38' title='bbox 995 663 1039 695; x_wconf 91' lang='grc' dir='ltr'>ην</span> <span class='ocrx_word' id='word_1_39' title='bbox 1057 644 1210 700; x_wconf 83' lang='grc' dir='ltr'>Ὀρφευς</span> <span class='ocrx_word' id='word_1_40' title='bbox 1230 647 1248 683; x_wconf 81' lang='grc' dir='ltr'>ὁ</span> 
     </span>
     <span class='ocr_line' id='line_1_7' title="bbox 264 704 1248 766; baseline -0.008 -15"><span class='ocrx_word' id='word_1_41' title='bbox 264 710 421 766; x_wconf 53' lang='grc' dir='ltr'>Θρᾷξν.</span> <span class='ocrx_word' id='word_1_42' title='bbox 413 741 455 750; x_wconf 90' lang='grc'>...</span> <span class='ocrx_word' id='word_1_43' title='bbox 479 709 671 763; x_wconf 80' lang='grc' dir='ltr'>ἐμφέρεται</span> <span class='ocrx_word' id='word_1_44' title='bbox 691 707 796 761; x_wconf 83' lang='grc' dir='ltr'>γὰρ’</span> <span class='ocrx_word' id='word_1_45' title='bbox 781 724 817 746; x_wconf 95' lang='grc' dir='ltr'>εν</span> <span class='ocrx_word' id='word_1_46' title='bbox 838 711 882 762; x_wconf 82' lang='grc' dir='ltr'>τῇ</span> <span class='ocrx_word' id='word_1_47' title='bbox 907 709 1016 746; x_wconf 80' lang='grc' dir='ltr'>αὐτου</span> <span class='ocrx_word' id='word_1_48' title='bbox 1037 706 1171 746; x_wconf 80' lang='grc' dir='ltr'>ἐκθέσει</span> <span class='ocrx_word' id='word_1_49' title='bbox 1193 704 1248 744; x_wconf 76' lang='grc' dir='ltr'>διὰ</span> 
     </span>
     <span class='ocr_line' id='line_1_8' title="bbox 265 761 1249 822; baseline -0.005 -12"><span class='ocrx_word' id='word_1_50' title='bbox 265 772 461 819; x_wconf 83' lang='grc' dir='ltr'>ποιητικῶν</span> <span class='ocrx_word' id='word_1_51' title='bbox 489 768 622 822; x_wconf 84' lang='grc' dir='ltr'>στίχων</span> <span class='ocrx_word' id='word_1_52' title='bbox 644 767 766 813; x_wconf 80' lang='grc' dir='ltr'>οὕτως·</span> <span class='ocrx_word' id='word_1_53' title='bbox 790 761 845 807; x_wconf 88' lang='grc' dir='ltr'>Ὠ</span> <span class='ocrx_word' id='word_1_54' title='bbox 878 767 984 816; x_wconf 83' lang='grc' dir='ltr'>ἄναξ,</span> <span class='ocrx_word' id='word_1_55' title='bbox 1004 769 1145 814; x_wconf 79' lang='grc' dir='ltr'>Λητοῦς</span> <span class='ocrx_word' id='word_1_56' title='bbox 1171 765 1249 814; x_wconf 81' lang='grc' dir='ltr'>υἷέ,</span> 
     </span>
     <span class='ocr_line' id='line_1_9' title="bbox 265 826 1246 878; baseline -0.005 -9"><span class='ocrx_word' id='word_1_57' title='bbox 265 832 345 871; x_wconf 88' lang='grc' dir='ltr'>κτλ.</span> <span class='ocrx_word' id='word_1_58' title='bbox 369 834 506 870; x_wconf 89' lang='lat' dir='ltr'>Versus</span> <span class='ocrx_word' id='word_1_59' title='bbox 525 831 695 868; x_wconf 79' lang='lat' dir='ltr'><strong>restituit</strong></span> <span class='ocrx_word' id='word_1_60' title='bbox 714 829 909 877; x_wconf 88' lang='lat' dir='ltr'><strong>Bentlejus</strong></span> <span class='ocrx_word' id='word_1_61' title='bbox 931 826 1052 878; x_wconf 85' lang='lat' dir='ltr'><strong>Epist.</strong></span> <span class='ocrx_word' id='word_1_62' title='bbox 1079 828 1128 865; x_wconf 89' lang='lat' dir='ltr'><strong>ad</strong></span> <span class='ocrx_word' id='word_1_63' title='bbox 1147 829 1246 866; x_wconf 85' lang='lat' dir='ltr'><strong>Mill.</strong></span> 
     </span>
     <span class='ocr_line' id='line_1_10' title="bbox 267 888 1250 941; baseline -0.006 -12"><span class='ocrx_word' id='word_1_64' title='bbox 267 892 365 929; x_wconf 88' lang='lat' dir='ltr'>ibid.</span> <span class='ocrx_word' id='word_1_65' title='bbox 387 903 475 941; x_wconf 86' lang='lat' dir='ltr'>pag.</span> <span class='ocrx_word' id='word_1_66' title='bbox 500 890 593 929; x_wconf 83' lang='lat'><strong>682.</strong></span> <span class='ocrx_word' id='word_1_67' title='bbox 617 892 731 927; x_wconf 80' lang='lat' dir='ltr'><strong>Hunc</strong></span> <span class='ocrx_word' id='word_1_68' title='bbox 761 895 912 926; x_wconf 88' lang='lat' dir='ltr'><strong>secutus</strong></span> <span class='ocrx_word' id='word_1_69' title='bbox 932 902 1036 934; x_wconf 89' lang='lat' dir='ltr'><strong>sum,</strong></span> <span class='ocrx_word' id='word_1_70' title='bbox 1053 888 1125 924; x_wconf 88' lang='lat' dir='ltr'><strong>nisi</strong></span> <span class='ocrx_word' id='word_1_71' title='bbox 1143 889 1250 937; x_wconf 93' lang='lat' dir='ltr'><strong>quod</strong></span> 
     </span>
     <span class='ocr_line' id='line_1_11' title="bbox 265 943 1250 1000; baseline -0.005 -11"><span class='ocrx_word' id='word_1_72' title='bbox 265 965 321 989; x_wconf 85' lang='lat' dir='ltr'>vs.</span> <span class='ocrx_word' id='word_1_73' title='bbox 342 952 363 989; x_wconf 82' lang='lat'>3</span> <span class='ocrx_word' id='word_1_74' title='bbox 381 963 455 1000; x_wconf 84' lang='lat' dir='ltr'>pro</span> <span class='ocrx_word' id='word_1_75' title='bbox 478 950 791 988; x_wconf 83' lang='lat' dir='ltr'><strong>membranarum</strong></span> <span class='ocrx_word' id='word_1_76' title='bbox 814 949 1003 998; x_wconf 83' lang='lat' dir='ltr'><strong>scriptura</strong></span> <span class='ocrx_word' id='word_1_77' title='bbox 1024 943 1134 985; x_wconf 60' lang='lat' dir='ltr'>“Hm</span> <span class='ocrx_word' id='word_1_78' title='bbox 1156 961 1250 999; x_wconf 86' lang='grc' dir='ltr'>χρυ-</span> 
     </span>
     <span class='ocr_line' id='line_1_12' title="bbox 269 1004 1248 1058; baseline -0.005 -10"><span class='ocrx_word' id='word_1_79' title='bbox 269 1008 425 1056; x_wconf 89' lang='grc' dir='ltr'>σέαισιν,</span> <span class='ocrx_word' id='word_1_80' title='bbox 457 1021 573 1058; x_wconf 87' lang='lat' dir='ltr'><strong>quam</strong></span> <span class='ocrx_word' id='word_1_81' title='bbox 601 1007 793 1056; x_wconf 84' lang='lat' dir='ltr'><strong>Bentlejus</strong></span> <span class='ocrx_word' id='word_1_82' title='bbox 821 1008 862 1043; x_wconf 90' lang='lat' dir='ltr'>in</span> <span class='ocrx_word' id='word_1_83' title='bbox 891 1005 1013 1045; x_wconf 84' lang='grc' dir='ltr'>Ἠέλιε</span> <span class='ocrx_word' id='word_1_84' title='bbox 1041 1004 1248 1057; x_wconf 85' lang='grc' dir='ltr'>χρυσέαισιν</span> 
     </span>
     <span class='ocr_line' id='line_1_13' title="bbox 267 1065 1249 1120; baseline -0.004 -12"><span class='ocrx_word' id='word_1_85' title='bbox 267 1069 538 1118; x_wconf 86' lang='lat' dir='ltr'><strong>convertebat,</strong></span> <span class='ocrx_word' id='word_1_86' title='bbox 565 1065 675 1106; x_wconf 83' lang='grc' dir='ltr'>Ἵ-Ιλιε</span> <span class='ocrx_word' id='word_1_87' title='bbox 701 1065 909 1120; x_wconf 79' lang='grc' dir='ltr'>χρυσείῃσιν</span> <span class='ocrx_word' id='word_1_88' title='bbox 938 1067 1067 1117; x_wconf 89' lang='lat' dir='ltr'><strong>posui.</strong></span> <span class='ocrx_word' id='word_1_89' title='bbox 1092 1066 1149 1107; x_wconf 86' lang='lat' dir='ltr'>Cf.</span> <span class='ocrx_word' id='word_1_90' title='bbox 1175 1068 1249 1104; x_wconf 88' lang='lat' dir='ltr'><strong>Ar·</strong></span> 
     </span>
     <span class='ocr_line' id='line_1_14' title="bbox 267 1127 782 1182; baseline -0.008 -14"><span class='ocrx_word' id='word_1_91' title='bbox 267 1137 426 1182; x_wconf 85' lang='lat' dir='ltr'><strong>gonaut.</strong></span> <span class='ocrx_word' id='word_1_92' title='bbox 446 1142 500 1166; x_wconf 84' lang='lat' dir='ltr'>vs.</span> <span class='ocrx_word' id='word_1_93' title='bbox 521 1128 595 1171; x_wconf 75' lang='lat'>324</span> <span class='ocrx_word' id='word_1_94' title='bbox 613 1127 626 1179; x_wconf 84' lang='lat'>(</span> <span class='ocrx_word' id='word_1_95' title='bbox 643 1127 719 1165; x_wconf 78' lang='lat'>328</span> <span class='ocrx_word' id='word_1_96' title='bbox 733 1127 782 1179; x_wconf 89' lang='lat'>).)</span> 
     </span>
    </p>
   </div>
   <div class='ocr_carea' id='block_1_4' title="bbox 246 1201 1251 1617">
    <p class='ocr_par' dir='ltr' id='par_1_4' title="bbox 246 1201 1251 1617">
     <span class='ocr_line' id='line_1_15' title="bbox 267 1201 1167 1259; baseline -0.004 -15"><span class='ocrx_word' id='word_1_97' title='bbox 267 1205 383 1259; x_wconf 77' lang='grc' dir='ltr'>Θῆρές</span> <span class='ocrx_word' id='word_1_98' title='bbox 402 1206 436 1243; x_wconf 77' lang='grc' dir='ltr'>τ’</span> <span class='ocrx_word' id='word_1_99' title='bbox 456 1202 571 1242; x_wconf 87' lang='grc' dir='ltr'>οἷωνοί</span> <span class='ocrx_word' id='word_1_100' title='bbox 584 1218 623 1242; x_wconf 90' lang='grc' dir='ltr'>τε</span> <span class='ocrx_word' id='word_1_101' title='bbox 636 1233 647 1252; x_wconf 88' lang='grc'>,</span> <span class='ocrx_word' id='word_1_102' title='bbox 669 1205 803 1256; x_wconf 81' lang='grc' dir='ltr'>βροτῶν</span> <span class='ocrx_word' id='word_1_103' title='bbox 823 1201 856 1241; x_wconf 84' lang='grc' dir='ltr'>τ’</span> <span class='ocrx_word' id='word_1_104' title='bbox 875 1202 1040 1257; x_wconf 81' lang='grc' dir='ltr'>ἀλιτήρια</span> <span class='ocrx_word' id='word_1_105' title='bbox 1058 1204 1167 1256; x_wconf 75' lang='grc' dir='ltr'>φῦλα,</span> 
     </span>
     <span class='ocr_line' id='line_1_16' title="bbox 270 1261 1169 1319; baseline -0.002 -15"><span class='ocrx_word' id='word_1_106' title='bbox 270 1266 381 1319; x_wconf 80' lang='grc' dir='ltr'>ἄχθεα</span> <span class='ocrx_word' id='word_1_107' title='bbox 397 1266 461 1318; x_wconf 80' lang='grc' dir='ltr'>γῆς</span> <span class='ocrx_word' id='word_1_108' title='bbox 476 1293 486 1311; x_wconf 90' lang='grc'>,</span> <span class='ocrx_word' id='word_1_109' title='bbox 510 1261 639 1302; x_wconf 84' lang='grc' dir='ltr'>εἴδωλα</span> <span class='ocrx_word' id='word_1_110' title='bbox 653 1263 868 1316; x_wconf 79' lang='grc' dir='ltr'>τετυγμένα,</span> <span class='ocrx_word' id='word_1_111' title='bbox 892 1262 1043 1314; x_wconf 81' lang='grc' dir='ltr'>μηδαμὰ</span> <span class='ocrx_word' id='word_1_112' title='bbox 1058 1262 1169 1314; x_wconf 82' lang='grc' dir='ltr'>μηδὲν</span> 
     </span>
     <span class='ocr_line' id='line_1_17' title="bbox 268 1322 1116 1377; baseline -0.005 -13"><span class='ocrx_word' id='word_1_113' title='bbox 268 1325 397 1368; x_wconf 85' lang='grc' dir='ltr'>εἰδότες</span> <span class='ocrx_word' id='word_1_114' title='bbox 409 1355 420 1376; x_wconf 85' lang='lat'>,</span> <span class='ocrx_word' id='word_1_115' title='bbox 435 1322 515 1362; x_wconf 86' lang='grc' dir='ltr'>οὔτε</span> <span class='ocrx_word' id='word_1_116' title='bbox 528 1323 652 1363; x_wconf 78' lang='grc' dir='ltr'>κακοῖο</span> <span class='ocrx_word' id='word_1_117' title='bbox 670 1322 974 1377; x_wconf 82' lang='grc' dir='ltr'>προσερχομένοιο</span> <span class='ocrx_word' id='word_1_118' title='bbox 988 1324 1116 1370; x_wconf 78' lang='grc' dir='ltr'>νοῆσαι</span> 
     </span>
     <span class='ocr_line' id='line_1_18' title="bbox 246 1380 1251 1439; baseline -0.003 -16"><span class='ocrx_word' id='word_1_119' title='bbox 246 1414 249 1415; x_wconf 28' lang='lat'><em>⁷</em></span> <span class='ocrx_word' id='word_1_120' title='bbox 269 1384 482 1439; x_wconf 84' lang='grc' dir='ltr'>φράδμονες,</span> <span class='ocrx_word' id='word_1_121' title='bbox 506 1381 579 1422; x_wconf 87' lang='grc' dir='ltr'>οὔτ’</span> <span class='ocrx_word' id='word_1_122' title='bbox 595 1382 723 1422; x_wconf 84' lang='grc' dir='ltr'>ἄποθεν</span> <span class='ocrx_word' id='word_1_123' title='bbox 751 1382 836 1434; x_wconf 86' lang='grc' dir='ltr'>μάλ’</span> <span class='ocrx_word' id='word_1_124' title='bbox 855 1381 1077 1436; x_wconf 77' lang='grc' dir='ltr'>ἀποστρέψαι</span> <span class='ocrx_word' id='word_1_125' title='bbox 1093 1380 1251 1431; x_wconf 86' lang='grc' dir='ltr'>κακότη-</span> 
     </span>
     <span class='ocr_line' id='line_1_19' title="bbox 1140 1442 1250 1494; baseline -0.009 0"><span class='ocrx_word' id='word_1_126' title='bbox 1140 1442 1155 1494; x_wconf 81' lang='lat'>[</span> <span class='ocrx_word' id='word_1_127' title='bbox 1169 1457 1225 1487; x_wconf 66' lang='grc' dir='ltr'>τος</span> <span class='ocrx_word' id='word_1_128' title='bbox 1239 1471 1250 1493; x_wconf 72' lang='lat'><em>2</em></span> 
     </span>
     <span class='ocr_line' id='line_1_20' title="bbox 273 1500 1199 1559; baseline -0.006 -14"><span class='ocrx_word' id='word_1_129' title='bbox 273 1505 345 1545; x_wconf 87' lang='grc' dir='ltr'>οὔτ’</span> <span class='ocrx_word' id='word_1_130' title='bbox 365 1507 498 1559; x_wconf 77' lang='grc' dir='ltr'>ἀγαθοῦ</span> <span class='ocrx_word' id='word_1_131' title='bbox 515 1503 707 1557; x_wconf 84' lang='grc' dir='ltr'>παρεόντος</span> <span class='ocrx_word' id='word_1_132' title='bbox 723 1503 935 1558; x_wconf 81' lang='grc' dir='ltr'>ἐπιστρέψαι</span> <span class='ocrx_word' id='word_1_133' title='bbox 956 1518 995 1542; x_wconf 91' lang='grc' dir='ltr'>τε</span> <span class='ocrx_word' id='word_1_134' title='bbox 1020 1500 1083 1541; x_wconf 73' lang='grc' dir='ltr'>καὶ</span> <span class='ocrx_word' id='word_1_135' title='bbox 1098 1500 1199 1555; x_wconf 79' lang='grc' dir='ltr'>ἔρξαι</span> 
     </span>
     <span class='ocr_line' id='line_1_21' title="bbox 269 1560 1142 1617; baseline -0.002 -15"><span class='ocrx_word' id='word_1_136' title='bbox 269 1563 396 1617; x_wconf 82' lang='grc' dir='ltr'>ἴδριες,</span> <span class='ocrx_word' id='word_1_137' title='bbox 422 1562 515 1602; x_wconf 82' lang='grc' dir='ltr'>ἀλλὰ</span> <span class='ocrx_word' id='word_1_138' title='bbox 535 1562 652 1614; x_wconf 83' lang='grc' dir='ltr'>μάτην</span> <span class='ocrx_word' id='word_1_139' title='bbox 671 1560 893 1613; x_wconf 76' lang='grc' dir='ltr'>ἀδαήμονές,</span> <span class='ocrx_word' id='word_1_140' title='bbox 913 1560 1142 1615; x_wconf 85' lang='grc' dir='ltr'>ἀπρονόητοι.</span> 
     </span>
    </p>
   </div>
   <div class='ocr_carea' id='block_1_5' title="bbox 271 1639 1255 1873">
    <p class='ocr_par' dir='ltr' id='par_1_5' title="bbox 271 1639 1255 1873">
     <span class='ocr_line' id='line_1_22' title="bbox 325 1639 1251 1695; baseline -0.004 -15"><span class='ocrx_word' id='word_1_141' title='bbox 325 1641 402 1695; x_wconf 91' lang='lat' dir='ltr'><strong>(J0.</strong></span> <span class='ocrx_word' id='word_1_142' title='bbox 424 1643 581 1679; x_wconf 87' lang='lat' dir='ltr'><strong>Malalas</strong></span> <span class='ocrx_word' id='word_1_143' title='bbox 598 1641 669 1681; x_wconf 92' lang='lat' dir='ltr'><strong>lib.</strong></span> <span class='ocrx_word' id='word_1_144' title='bbox 689 1640 745 1680; x_wconf 83' lang='lat' dir='ltr'>IV</span> <span class='ocrx_word' id='word_1_145' title='bbox 766 1654 807 1690; x_wconf 90' lang='lat' dir='ltr'>p.</span> <span class='ocrx_word' id='word_1_146' title='bbox 833 1639 881 1688; x_wconf 90' lang='lat'>75</span> <span class='ocrx_word' id='word_1_147' title='bbox 906 1653 986 1689; x_wconf 87' lang='lat' dir='ltr'><strong>seq.</strong></span> <span class='ocrx_word' id='word_1_148' title='bbox 1009 1640 1069 1677; x_wconf 90' lang='lat' dir='ltr'>ed.</span> <span class='ocrx_word' id='word_1_149' title='bbox 1087 1641 1213 1676; x_wconf 89' lang='lat' dir='ltr'><strong>Bonn.</strong></span> <span class='ocrx_word' id='word_1_150' title='bbox 1243 1653 1251 1676; x_wconf 90' lang='lat'><strong>:</strong></span> 
     </span>
     <span class='ocr_line' id='line_1_23' title="bbox 271 1697 1255 1754; baseline -0.004 -14"><span class='ocrx_word' id='word_1_151' title='bbox 271 1701 363 1754; x_wconf 81' lang='grc' dir='ltr'>Περὶ</span> <span class='ocrx_word' id='word_1_152' title='bbox 381 1699 416 1740; x_wconf 80' lang='grc' dir='ltr'>δὲ</span> <span class='ocrx_word' id='word_1_153' title='bbox 444 1716 505 1740; x_wconf 86' lang='grc' dir='ltr'>του</span> <span class='ocrx_word' id='word_1_154' title='bbox 533 1698 761 1753; x_wconf 86' lang='grc' dir='ltr'>ταλαιπώρου</span> <span class='ocrx_word' id='word_1_155' title='bbox 784 1698 904 1751; x_wconf 84' lang='grc' dir='ltr'>γένους</span> <span class='ocrx_word' id='word_1_156' title='bbox 922 1701 992 1737; x_wconf 83' lang='grc' dir='ltr'>τῶν</span> <span class='ocrx_word' id='word_1_157' title='bbox 1015 1697 1209 1751; x_wconf 84' lang='grc' dir='ltr'>ἀνθρώπων</span> <span class='ocrx_word' id='word_1_158' title='bbox 1237 1700 1255 1736; x_wconf 84' lang='grc' dir='ltr'>ὁ</span> 
     </span>
     <span class='ocr_line' id='line_1_24' title="bbox 273 1757 1252 1815; baseline -0.003 -15"><span class='ocrx_word' id='word_1_159' title='bbox 273 1760 378 1805; x_wconf 79' lang='grc' dir='ltr'>αὐτὸς</span> <span class='ocrx_word' id='word_1_160' title='bbox 398 1759 550 1815; x_wconf 84' lang='grc' dir='ltr'>Ὀρφευς</span> <span class='ocrx_word' id='word_1_161' title='bbox 567 1758 700 1805; x_wconf 78' lang='grc' dir='ltr'>ἐξέθετο</span> <span class='ocrx_word' id='word_1_162' title='bbox 715 1760 909 1806; x_wconf 83' lang='grc' dir='ltr'>ποιητικῶς</span> <span class='ocrx_word' id='word_1_163' title='bbox 929 1757 1071 1833; x_wconf 85' lang='grc' dir='ltr'>στίχους</span> <span class='ocrx_word' id='word_1_164' title='bbox 1085 1757 1252 1806; x_wconf 86' lang='grc' dir='ltr'>πολλούς,</span> 
     </span>
     <span class='ocr_line' id='line_1_25' title="bbox 275 1818 1254 1873; baseline -0.003 -14"><span class='ocrx_word' id='word_1_165' title='bbox 275 1823 324 1859; x_wconf 81' lang='grc' dir='ltr'>ὧν</span> <span class='ocrx_word' id='word_1_166' title='bbox 356 1819 460 1873; x_wconf 83' lang='grc' dir='ltr'>μέρος</span> <span class='ocrx_word' id='word_1_167' title='bbox 480 1819 567 1859; x_wconf 90' lang='grc' dir='ltr'>εἷσιν</span> <span class='ocrx_word' id='word_1_168' title='bbox 588 1823 696 1859; x_wconf 77' lang='grc' dir='ltr'>οὗτοι·</span> <span class='ocrx_word' id='word_1_169' title='bbox 718 1818 819 1873; x_wconf 72' lang='grc' dir='ltr'>θῆρές</span> <span class='ocrx_word' id='word_1_170' title='bbox 835 1820 867 1857; x_wconf 89' lang='grc' dir='ltr'>τ’</span> <span class='ocrx_word' id='word_1_171' title='bbox 887 1818 1002 1857; x_wconf 86' lang='grc' dir='ltr'>οἷωνοί</span> <span class='ocrx_word' id='word_1_172' title='bbox 1019 1834 1057 1857; x_wconf 88' lang='grc' dir='ltr'>τε</span> <span class='ocrx_word' id='word_1_173' title='bbox 1079 1819 1159 1859; x_wconf 90' lang='grc' dir='ltr'>κτλ.</span> <span class='ocrx_word' id='word_1_174' title='bbox 1177 1821 1254 1857; x_wconf 82' lang='lat' dir='ltr'>Re-</span> 
     </span>
    </p>
   </div>
   <div class='ocr_carea' id='block_1_6' title="bbox 272 1880 1250 1993">
    <p class='ocr_par' dir='ltr' id='par_1_6' title="bbox 272 1880 1250 1993">
     <span class='ocr_line' id='line_1_26' title="bbox 276 1880 1250 1951; baseline -0.004 -31"><span class='ocrx_word' id='word_1_175' title='bbox 276 1884 361 1932; x_wconf 90' lang='lat' dir='ltr'><strong>cepi</strong></span> <span class='ocrx_word' id='word_1_176' title='bbox 397 1882 563 1930; x_wconf 86' lang='lat' dir='ltr'><strong>Bentleji</strong></span> <span class='ocrx_word' id='word_1_177' title='bbox 598 1880 887 1951; x_wconf 84' lang='lat' dir='ltr'><strong>emendationes</strong></span> <span class='ocrx_word' id='word_1_178' title='bbox 913 1880 1034 1930; x_wconf 86' lang='lat' dir='ltr'><strong>Epist.</strong></span> <span class='ocrx_word' id='word_1_179' title='bbox 1070 1880 1119 1917; x_wconf 90' lang='lat' dir='ltr'><strong>ad</strong></span> <span class='ocrx_word' id='word_1_180' title='bbox 1153 1881 1250 1917; x_wconf 86' lang='lat' dir='ltr'><strong>Mill.</strong></span> 
     </span>
     <span class='ocr_line' id='line_1_27' title="bbox 272 1941 454 1993; baseline 0 -14"><span class='ocrx_word' id='word_1_181' title='bbox 272 1955 315 1992; x_wconf 92' lang='lat' dir='ltr'>p.</span> <span class='ocrx_word' id='word_1_182' title='bbox 335 1941 454 1993; x_wconf 83' lang='lat'><strong>683.)</strong></span> 
     </span>
    </p>
   </div>
   <div class='ocr_carea' id='block_1_7' title="bbox 629 2019 818 2059">
    <p class='ocr_par' dir='ltr' id='par_1_7' title="bbox 629 2019 818 2059">
     <span class='ocr_line' id='line_1_28' title="bbox 629 2019 818 2059; baseline -0.016 -1"><span class='ocrx_word' id='word_1_183' title='bbox 629 2019 737 2059; x_wconf 89' lang='lat' dir='ltr'>XXX</span> <span class='ocrx_word' id='word_1_184' title='bbox 747 2019 818 2057; x_wconf 88' lang='grc' dir='ltr'>ΙΙΙ.</span> 
     </span>
    </p>
   </div>
   <div class='ocr_carea' id='block_1_8' title="bbox 271 2093 1148 2209">
    <p class='ocr_par' dir='ltr' id='par_1_8' title="bbox 271 2093 1148 2209">
     <span class='ocr_line' id='line_1_29' title="bbox 275 2093 1148 2150; baseline -0.006 -12"><span class='ocrx_word' id='word_1_185' title='bbox 275 2126 322 2138; x_wconf 85' lang='grc'>...</span> <span class='ocrx_word' id='word_1_186' title='bbox 343 2095 465 2136; x_wconf 87' lang='grc' dir='ltr'>ἔπειτα</span> <span class='ocrx_word' id='word_1_187' title='bbox 487 2097 518 2135; x_wconf 87' lang='grc' dir='ltr'>δ’</span> <span class='ocrx_word' id='word_1_188' title='bbox 540 2095 653 2141; x_wconf 84' lang='grc' dir='ltr'>ἔτευξε</span> <span class='ocrx_word' id='word_1_189' title='bbox 672 2097 783 2148; x_wconf 84' lang='grc' dir='ltr'>μέγας</span> <span class='ocrx_word' id='word_1_190' title='bbox 804 2093 1066 2150; x_wconf 85' lang='grc' dir='ltr'>Κρόνοςάἷθέρι</span> <span class='ocrx_word' id='word_1_191' title='bbox 1083 2094 1148 2148; x_wconf 77' lang='grc' dir='ltr'>δίῳ</span> 
     </span>
     <span class='ocr_line' id='line_1_30' title="bbox 271 2154 617 2209; baseline -0.009 -14"><span class='ocrx_word' id='word_1_192' title='bbox 271 2154 358 2195; x_wconf 81' lang='grc' dir='ltr'>ὠεὸν</span> <span class='ocrx_word' id='word_1_193' title='bbox 376 2154 549 2209; x_wconf 77' lang='grc' dir='ltr'>ἀργύφεον</span> <span class='ocrx_word' id='word_1_194' title='bbox 563 2177 617 2185; x_wconf 93' lang='grc'>-</span> 
     </span>
    </p>
   </div>
   <div class='ocr_carea' id='block_1_9' title="bbox 273 2231 1259 2645">
    <p class='ocr_par' dir='ltr' id='par_1_9' title="bbox 273 2231 1259 2644">
     <span class='ocr_line' id='line_1_31' title="bbox 333 2231 1255 2289; baseline -0.002 -15"><span class='ocrx_word' id='word_1_195' title='bbox 333 2237 575 2289; x_wconf 88' lang='lat' dir='ltr'><strong>(Damascius</strong></span> <span class='ocrx_word' id='word_1_196' title='bbox 593 2237 734 2284; x_wconf 86' lang='lat' dir='ltr'><strong>Quaest.</strong></span> <span class='ocrx_word' id='word_1_197' title='bbox 761 2239 833 2283; x_wconf 78' lang='grc'>147</span> <span class='ocrx_word' id='word_1_198' title='bbox 853 2248 862 2271; x_wconf 77' lang='lat'><em>2</em></span> <span class='ocrx_word' id='word_1_199' title='bbox 883 2231 1059 2286; x_wconf 80' lang='grc' dir='ltr'>Ὀρφεύς·-</span> <span class='ocrx_word' id='word_1_200' title='bbox 1081 2231 1202 2271; x_wconf 84' lang='grc' dir='ltr'>ἔπειτα</span> <span class='ocrx_word' id='word_1_201' title='bbox 1224 2234 1255 2272; x_wconf 88' lang='grc' dir='ltr'>δ’</span> 
     </span>
     <span class='ocr_line' id='line_1_32' title="bbox 273 2293 1253 2347; baseline -0.004 -12"><span class='ocrx_word' id='word_1_202' title='bbox 273 2295 386 2341; x_wconf 81' lang='grc' dir='ltr'>ἔτευξε</span> <span class='ocrx_word' id='word_1_203' title='bbox 398 2296 496 2343; x_wconf 89' lang='grc' dir='ltr'>κτλ.,</span> <span class='ocrx_word' id='word_1_204' title='bbox 512 2297 582 2333; x_wconf 88' lang='lat' dir='ltr'>ubi</span> <span class='ocrx_word' id='word_1_205' title='bbox 593 2309 667 2346; x_wconf 82' lang='lat' dir='ltr'>pro</span> <span class='ocrx_word' id='word_1_206' title='bbox 688 2293 820 2347; x_wconf 86' lang='grc' dir='ltr'>Κρόνος</span> <span class='ocrx_word' id='word_1_207' title='bbox 831 2294 1048 2332; x_wconf 88' lang='lat' dir='ltr'><strong>Lobeckius</strong></span> <span class='ocrx_word' id='word_1_208' title='bbox 1060 2295 1253 2345; x_wconf 87' lang='lat' dir='ltr'><strong>Aglaoph.</strong></span> 
     </span>
     <span class='ocr_line' id='line_1_33' title="bbox 274 2353 1257 2407; baseline -0.002 -13"><span class='ocrx_word' id='word_1_209' title='bbox 274 2359 294 2394; x_wconf 98' lang='lat' dir='ltr'>I</span> <span class='ocrx_word' id='word_1_210' title='bbox 312 2370 355 2407; x_wconf 84' lang='lat' dir='ltr'>p.</span> <span class='ocrx_word' id='word_1_211' title='bbox 380 2355 457 2404; x_wconf 82' lang='grc'>475</span> <span class='ocrx_word' id='word_1_212' title='bbox 478 2357 618 2406; x_wconf 88' lang='lat' dir='ltr'><strong>reponi</strong></span> <span class='ocrx_word' id='word_1_213' title='bbox 638 2356 720 2392; x_wconf 88' lang='lat' dir='ltr'><strong>vult</strong></span> <span class='ocrx_word' id='word_1_214' title='bbox 739 2353 888 2407; x_wconf 86' lang='grc' dir='ltr'>Χρόνος.</span> <span class='ocrx_word' id='word_1_215' title='bbox 911 2357 969 2392; x_wconf 89' lang='lat' dir='ltr'><strong>De</strong></span> <span class='ocrx_word' id='word_1_216' title='bbox 998 2367 1073 2391; x_wconf 88' lang='lat' dir='ltr'>ovo</span> <span class='ocrx_word' id='word_1_217' title='bbox 1097 2355 1166 2391; x_wconf 88' lang='lat' dir='ltr'><strong>illo</strong></span> <span class='ocrx_word' id='word_1_218' title='bbox 1193 2368 1257 2392; x_wconf 82' lang='lat' dir='ltr'>au-</span> 
     </span>
     <span class='ocr_line' id='line_1_34' title="bbox 275 2414 1253 2465; baseline -0.002 -13"><span class='ocrx_word' id='word_1_219' title='bbox 275 2415 437 2453; x_wconf 87' lang='lat' dir='ltr'><strong>diendus</strong></span> <span class='ocrx_word' id='word_1_220' title='bbox 450 2417 580 2465; x_wconf 89' lang='lat' dir='ltr'><strong>Apio&#39;</strong></span> <span class='ocrx_word' id='word_1_221' title='bbox 569 2429 610 2452; x_wconf 85' lang='lat'>111</span> <span class='ocrx_word' id='word_1_222' title='bbox 629 2416 813 2453; x_wconf 83' lang='lat' dir='ltr'><strong>Clement.</strong></span> <span class='ocrx_word' id='word_1_223' title='bbox 835 2414 980 2452; x_wconf 90' lang='lat' dir='ltr'><strong>Homil.</strong></span> <span class='ocrx_word' id='word_1_224' title='bbox 1000 2415 1068 2460; x_wconf 90' lang='lat' dir='ltr'>VI,</span> <span class='ocrx_word' id='word_1_225' title='bbox 1086 2418 1107 2458; x_wconf 88' lang='grc'>4</span> <span class='ocrx_word' id='word_1_226' title='bbox 1124 2426 1162 2462; x_wconf 93' lang='lat' dir='ltr'><strong>p.</strong></span> <span class='ocrx_word' id='word_1_227' title='bbox 1179 2414 1253 2461; x_wconf 90' lang='lat'>671</span> 
     </span>
     <span class='ocr_line' id='line_1_35' title="bbox 274 2471 1259 2547; baseline -0.001 -35"><span class='ocrx_word' id='word_1_228' title='bbox 274 2477 319 2513; x_wconf 93' lang='lat' dir='ltr'><strong>T.</strong></span> <span class='ocrx_word' id='word_1_229' title='bbox 333 2476 371 2512; x_wconf 91' lang='grc' dir='ltr'>ΙΙ</span> <span class='ocrx_word' id='word_1_230' title='bbox 385 2475 448 2513; x_wconf 88' lang='lat' dir='ltr'>ed.</span> <span class='ocrx_word' id='word_1_231' title='bbox 465 2475 625 2513; x_wconf 86' lang='lat' dir='ltr'><strong>Galand.</strong></span> <span class='ocrx_word' id='word_1_232' title='bbox 617 2488 699 2525; x_wconf 89' lang='lat' dir='ltr'><strong>..,p</strong></span> <span class='ocrx_word' id='word_1_233' title='bbox 717 2474 868 2547; x_wconf 74' lang='lat' dir='ltr'>678edm</span> <span class='ocrx_word' id='word_1_234' title='bbox 885 2474 1031 2511; x_wconf 86' lang='lat' dir='ltr'><strong>Cotel..·</strong></span> <span class='ocrx_word' id='word_1_235' title='bbox 1045 2471 1198 2525; x_wconf 79' lang='grc' dir='ltr'>Ὀρφεὺς</span> <span class='ocrx_word' id='word_1_236' title='bbox 1219 2473 1259 2511; x_wconf 87' lang='grc' dir='ltr'>τὸ</span> 
     </span>
     <span class='ocr_line' id='line_1_36' title="bbox 279 2530 1258 2587; baseline 0 -16"><span class='ocrx_word' id='word_1_237' title='bbox 279 2532 367 2586; x_wconf 81' lang='grc' dir='ltr'>χάος</span> <span class='ocrx_word' id='word_1_238' title='bbox 391 2533 450 2586; x_wconf 83' lang='grc' dir='ltr'>ὢῷ</span> <span class='ocrx_word' id='word_1_239' title='bbox 473 2533 702 2587; x_wconf 85' lang='grc' dir='ltr'>παρεικάζει,</span> <span class='ocrx_word' id='word_1_240' title='bbox 720 2534 755 2571; x_wconf 82' lang='grc' dir='ltr'>ἓν</span> <span class='ocrx_word' id='word_1_241' title='bbox 771 2536 800 2585; x_wconf 87' lang='grc' dir='ltr'>ᾡ</span> <span class='ocrx_word' id='word_1_242' title='bbox 820 2533 890 2570; x_wconf 85' lang='grc' dir='ltr'>τῶν</span> <span class='ocrx_word' id='word_1_243' title='bbox 905 2530 1055 2584; x_wconf 85' lang='grc' dir='ltr'>πρώτων</span> <span class='ocrx_word' id='word_1_244' title='bbox 1073 2531 1258 2585; x_wconf 81' lang='grc' dir='ltr'>στοιχείων</span> 
     </span>
     <span class='ocr_line' id='line_1_37' title="bbox 275 2591 666 2645; baseline 0 -14"><span class='ocrx_word' id='word_1_245' title='bbox 275 2597 319 2641; x_wconf 83' lang='grc' dir='ltr'>ἠν</span> <span class='ocrx_word' id='word_1_246' title='bbox 335 2595 357 2640; x_wconf 86' lang='grc' dir='ltr'>ἡ</span> <span class='ocrx_word' id='word_1_247' title='bbox 376 2591 546 2645; x_wconf 83' lang='grc' dir='ltr'>σύγχυσις</span> <span class='ocrx_word' id='word_1_248' title='bbox 563 2593 666 2644; x_wconf 89' lang='grc' dir='ltr'>κτλ.)</span> 
     </span>
    </p>
   </div>
   <div class='ocr_carea' id='block_1_10' title="bbox 279 2667 951 2785">
    <p class='ocr_par' dir='ltr' id='par_1_10' title="bbox 279 2667 951 2785">
     <span class='ocr_line' id='line_1_38' title="bbox 280 2667 951 2723; baseline -0.009 -10"><span class='ocrx_word' id='word_1_249' title='bbox 280 2701 354 2713; x_wconf 89' lang='grc'>.....</span> <span class='ocrx_word' id='word_1_250' title='bbox 376 2670 417 2710; x_wconf 79' lang='grc' dir='ltr'>τὸ</span> <span class='ocrx_word' id='word_1_251' title='bbox 439 2671 472 2709; x_wconf 91' lang='grc' dir='ltr'>δ’</span> <span class='ocrx_word' id='word_1_252' title='bbox 493 2668 691 2723; x_wconf 78' lang='grc' dir='ltr'>ἀπειρέσιον</span> <span class='ocrx_word' id='word_1_253' title='bbox 711 2668 804 2708; x_wconf 83' lang='grc' dir='ltr'>κατὰ</span> <span class='ocrx_word' id='word_1_254' title='bbox 821 2667 951 2708; x_wconf 81' lang='grc' dir='ltr'>κύκλον</span> 
     </span>
     <span class='ocr_line' id='line_1_39' title="bbox 279 2730 679 2785; baseline -0.005 -16"><span class='ocrx_word' id='word_1_255' title='bbox 279 2730 435 2785; x_wconf 82' lang='grc' dir='ltr'>ἀτρύτως</span> <span class='ocrx_word' id='word_1_256' title='bbox 451 2731 609 2784; x_wconf 81' lang='grc' dir='ltr'>ἔφορεῑτο</span> <span class='ocrx_word' id='word_1_257' title='bbox 629 2752 679 2758; x_wconf 92' lang='grc'><strong>-</strong></span> 
     </span>
    </p>
   </div>
   <div class='ocr_carea' id='block_1_11' title="bbox 196 2842 1263 3426">
    <p class='ocr_par' dir='ltr' id='par_1_11' title="bbox 196 2842 1263 3426">
     <span class='ocr_line' id='line_1_40' title="bbox 196 2842 883 2886; baseline -0.006 -7"><span class='ocrx_word' id='word_1_258' title='bbox 196 2846 251 2879; x_wconf 90' lang='lat' dir='ltr'>Sol</span> <span class='ocrx_word' id='word_1_259' title='bbox 271 2845 375 2878; x_wconf 81' lang='lat' dir='ltr'><strong>aureis</strong></span> <span class='ocrx_word' id='word_1_260' title='bbox 394 2845 452 2877; x_wconf 86' lang='lat' dir='ltr'><strong>alis</strong></span> <span class='ocrx_word' id='word_1_261' title='bbox 475 2844 673 2883; x_wconf 82' lang='lat' dir='ltr'><strong>subvolans‚</strong></span> <span class='ocrx_word' id='word_1_262' title='bbox 693 2843 792 2886; x_wconf 82' lang='lat' dir='ltr'><strong>[ante</strong></span> <span class='ocrx_word' id='word_1_263' title='bbox 810 2842 883 2885; x_wconf 81' lang='lat' dir='ltr'><strong>llos]</strong></span> 
     </span>
     <span class='ocr_line' id='line_1_41' title="bbox 197 2902 1179 2945; baseline -0.002 -8"><span class='ocrx_word' id='word_1_264' title='bbox 197 2905 369 2939; x_wconf 87' lang='lat' dir='ltr'><strong>duodecim</strong></span> <span class='ocrx_word' id='word_1_265' title='bbox 389 2904 458 2938; x_wconf 88' lang='lat' dir='ltr'><strong>dies</strong></span> <span class='ocrx_word' id='word_1_266' title='bbox 472 2903 540 2945; x_wconf 88' lang='lat' dir='ltr'>jam</span> <span class='ocrx_word' id='word_1_267' title='bbox 553 2903 637 2936; x_wconf 86' lang='lat' dir='ltr'><strong>hanc</strong></span> <span class='ocrx_word' id='word_1_268' title='bbox 657 2903 766 2936; x_wconf 88' lang='lat' dir='ltr'><strong>audivi</strong></span> <span class='ocrx_word' id='word_1_269' title='bbox 789 2911 903 2935; x_wconf 78' lang='lat' dir='ltr'><strong>vocem</strong></span> <span class='ocrx_word' id='word_1_270' title='bbox 921 2902 1067 2935; x_wconf 88' lang='lat' dir='ltr'><strong>divinam</strong></span> <span class='ocrx_word' id='word_1_271' title='bbox 1090 2911 1127 2935; x_wconf 87' lang='lat' dir='ltr'><strong>ex</strong></span> <span class='ocrx_word' id='word_1_272' title='bbox 1144 2902 1179 2935; x_wconf 82' lang='lat' dir='ltr'>te</span> 
     </span>
     <span class='ocr_line' id='line_1_42' title="bbox 197 2963 1261 3008; baseline -0.003 -9"><span class='ocrx_word' id='word_1_273' title='bbox 197 2966 361 3008; x_wconf 80' lang='lat' dir='ltr'><strong>loquente,</strong></span> <span class='ocrx_word' id='word_1_274' title='bbox 373 2964 467 3006; x_wconf 87' lang='lat' dir='ltr'><strong>cujus</strong></span> <span class='ocrx_word' id='word_1_275' title='bbox 483 2964 528 2998; x_wconf 90' lang='lat' dir='ltr'>rei</span> <span class='ocrx_word' id='word_1_276' title='bbox 544 2965 578 2998; x_wconf 87' lang='lat' dir='ltr'>te</span> <span class='ocrx_word' id='word_1_277' title='bbox 591 2965 679 2997; x_wconf 89' lang='lat' dir='ltr'><strong>certe</strong></span> <span class='ocrx_word' id='word_1_278' title='bbox 694 2964 814 3006; x_wconf 90' lang='lat' dir='ltr'><strong>ipsum,</strong></span> <span class='ocrx_word' id='word_1_279' title='bbox 825 2963 952 2997; x_wconf 90' lang='lat' dir='ltr'><strong>eminus</strong></span> <span class='ocrx_word' id='word_1_280' title='bbox 965 2963 1124 3005; x_wconf 88' lang='lat' dir='ltr'><strong>jaculans,</strong></span> <span class='ocrx_word' id='word_1_281' title='bbox 1147 2965 1261 2996; x_wconf 88' lang='lat' dir='ltr'><strong>testem</strong></span> 
     </span>
     <span class='ocr_line' id='line_1_43' title="bbox 1060 3023 1262 3066; baseline -0.005 -9"><span class='ocrx_word' id='word_1_282' title='bbox 1060 3023 1262 3066; x_wconf 87' lang='lat' dir='ltr'><strong>[citaverim.</strong></span> 
     </span>
     <span class='ocr_line' id='line_1_44' title="bbox 198 3084 1162 3127; baseline -0.004 -8"><span class='ocrx_word' id='word_1_283' title='bbox 198 3104 241 3110; x_wconf 86' lang='lat'><em>-</em></span> <span class='ocrx_word' id='word_1_284' title='bbox 261 3087 350 3119; x_wconf 81' lang='lat' dir='ltr'><strong>Ferae</strong></span> <span class='ocrx_word' id='word_1_285' title='bbox 372 3085 585 3126; x_wconf 81' lang='lat' dir='ltr'><strong>volucresque</strong></span> <span class='ocrx_word' id='word_1_286' title='bbox 598 3084 632 3118; x_wconf 86' lang='lat' dir='ltr'>et</span> <span class='ocrx_word' id='word_1_287' title='bbox 650 3084 806 3127; x_wconf 73' lang='lat' dir='ltr'><strong>flagitiosa</strong></span> <span class='ocrx_word' id='word_1_288' title='bbox 825 3084 1013 3117; x_wconf 80' lang='lat' dir='ltr'><strong>mortalium</strong></span> <span class='ocrx_word' id='word_1_289' title='bbox 1027 3092 1162 3125; x_wconf 85' lang='lat' dir='ltr'><strong>genera,</strong></span> 
     </span>
     <span class='ocr_line' id='line_1_45' title="bbox 198 3143 1179 3187; baseline -0.003 -9"><span class='ocrx_word' id='word_1_290' title='bbox 198 3145 342 3187; x_wconf 86' lang='lat' dir='ltr'><strong>pondera</strong></span> <span class='ocrx_word' id='word_1_291' title='bbox 357 3146 453 3178; x_wconf 86' lang='lat' dir='ltr'><strong>terrae</strong></span> <span class='ocrx_word' id='word_1_292' title='bbox 464 3168 475 3186; x_wconf 88' lang='lat'><em>‚</em></span> <span class='ocrx_word' id='word_1_293' title='bbox 493 3144 666 3178; x_wconf 82' lang='lat' dir='ltr'><strong>simulacra</strong></span> <span class='ocrx_word' id='word_1_294' title='bbox 682 3144 808 3177; x_wconf 75' lang='lat' dir='ltr'><strong>affabre</strong></span> <span class='ocrx_word' id='word_1_295' title='bbox 824 3144 908 3176; x_wconf 80' lang='lat' dir='ltr'><strong>sacta</strong></span> <span class='ocrx_word' id='word_1_296' title='bbox 921 3168 930 3185; x_wconf 92' lang='lat'><strong><em>‚</em></strong></span> <span class='ocrx_word' id='word_1_297' title='bbox 949 3152 1082 3185; x_wconf 87' lang='lat' dir='ltr'><strong>prorsus</strong></span> <span class='ocrx_word' id='word_1_298' title='bbox 1099 3143 1179 3175; x_wconf 77' lang='lat' dir='ltr'><strong>nihil</strong></span> 
     </span>
     <span class='ocr_line' id='line_1_46' title="bbox 199 3203 1262 3246; baseline -0.003 -8"><span class='ocrx_word' id='word_1_299' title='bbox 199 3205 350 3246; x_wconf 78' lang='lat' dir='ltr'><strong>scientes,</strong></span> <span class='ocrx_word' id='word_1_300' title='bbox 371 3212 477 3246; x_wconf 87' lang='lat' dir='ltr'><strong>neque</strong></span> <span class='ocrx_word' id='word_1_301' title='bbox 494 3203 854 3237; x_wconf 78' lang='lat' dir='ltr'><strong>animadvertendorum</strong></span> <span class='ocrx_word' id='word_1_302' title='bbox 867 3203 1085 3245; x_wconf 83' lang='lat' dir='ltr'><strong>ingruentium</strong></span> <span class='ocrx_word' id='word_1_303' title='bbox 1104 3203 1262 3235; x_wconf 85' lang='lat' dir='ltr'><strong>malorum</strong></span> 
     </span>
     <span class='ocr_line' id='line_1_47' title="bbox 200 3263 1261 3306; baseline -0.002 -9"><span class='ocrx_word' id='word_1_304' title='bbox 200 3264 313 3306; x_wconf 83' lang='lat' dir='ltr'><strong>periti,</strong></span> <span class='ocrx_word' id='word_1_305' title='bbox 335 3273 440 3306; x_wconf 85' lang='lat' dir='ltr'><strong>neque</strong></span> <span class='ocrx_word' id='word_1_306' title='bbox 465 3263 578 3306; x_wconf 87' lang='lat' dir='ltr'><strong>procul</strong></span> <span class='ocrx_word' id='word_1_307' title='bbox 599 3273 750 3298; x_wconf 88' lang='lat' dir='ltr'><strong>amovere</strong></span> <span class='ocrx_word' id='word_1_308' title='bbox 775 3267 806 3297; x_wconf 82' lang='lat' dir='ltr'>et</span> <span class='ocrx_word' id='word_1_309' title='bbox 823 3265 969 3297; x_wconf 83' lang='lat' dir='ltr'><strong>avertere</strong></span> <span class='ocrx_word' id='word_1_310' title='bbox 989 3263 1148 3305; x_wconf 83' lang='lat' dir='ltr'><strong>flagitium</strong></span> <span class='ocrx_word' id='word_1_311' title='bbox 1166 3263 1261 3305; x_wconf 82' lang='lat' dir='ltr'><strong>[prae-</strong></span> 
     </span>
     <span class='ocr_line' id='line_1_48' title="bbox 200 3321 1263 3365; baseline -0.002 -9"><span class='ocrx_word' id='word_1_312' title='bbox 200 3331 307 3365; x_wconf 77' lang='lat' dir='ltr'><strong>neque</strong></span> <span class='ocrx_word' id='word_1_313' title='bbox 329 3323 452 3356; x_wconf 87' lang='lat' dir='ltr'><strong>bonum</strong></span> <span class='ocrx_word' id='word_1_314' title='bbox 471 3332 613 3365; x_wconf 76' lang='lat' dir='ltr'><strong>praesens</strong></span> <span class='ocrx_word' id='word_1_315' title='bbox 629 3327 819 3357; x_wconf 81' lang='lat' dir='ltr'><strong>convertere</strong></span> <span class='ocrx_word' id='word_1_316' title='bbox 837 3327 870 3357; x_wconf 80' lang='lat' dir='ltr'>et</span> <span class='ocrx_word' id='word_1_317' title='bbox 884 3324 988 3356; x_wconf 79' lang='lat' dir='ltr'><strong>facere</strong></span> <span class='ocrx_word' id='word_1_318' title='bbox 1140 3321 1228 3364; x_wconf 83' lang='lat' dir='ltr'><strong>[sens</strong></span> <span class='ocrx_word' id='word_1_319' title='bbox 1237 3321 1263 3364; x_wconf 91' lang='lat'>]‚</span> 
     </span>
     <span class='ocr_line' id='line_1_49' title="bbox 202 3381 1023 3426; baseline -0.002 -11"><span class='ocrx_word' id='word_1_320' title='bbox 202 3381 312 3424; x_wconf 85' lang='lat' dir='ltr'><strong>docti,</strong></span> <span class='ocrx_word' id='word_1_321' title='bbox 329 3383 385 3416; x_wconf 74' lang='lat' dir='ltr'><strong>sed</strong></span> <span class='ocrx_word' id='word_1_322' title='bbox 406 3386 525 3417; x_wconf 82' lang='lat' dir='ltr'><strong>temere</strong></span> <span class='ocrx_word' id='word_1_323' title='bbox 540 3383 680 3426; x_wconf 84' lang='lat' dir='ltr'><strong>imperiti</strong></span> <span class='ocrx_word' id='word_1_324' title='bbox 696 3384 729 3417; x_wconf 90' lang='lat' dir='ltr'>et</span> <span class='ocrx_word' id='word_1_325' title='bbox 744 3382 914 3425; x_wconf 88' lang='lat' dir='ltr'><strong>improvidi</strong></span> <span class='ocrx_word' id='word_1_326' title='bbox 936 3384 1023 3414; x_wconf 77' lang='lat' dir='ltr'><strong>sunt.</strong></span> 
     </span>
    </p>
   </div>
   <div class='ocr_carea' id='block_1_12' title="bbox 202 3450 1224 3556">
    <p class='ocr_par' dir='ltr' id='par_1_12' title="bbox 202 3450 1224 3556">
     <span class='ocr_line' id='line_1_50' title="bbox 656 3450 807 3483; baseline -0.013 0"><span class='ocrx_word' id='word_1_327' title='bbox 656 3450 807 3483; x_wconf 84' lang='lat' dir='ltr'><strong>XXXlII.</strong></span> 
     </span>
     <span class='ocr_line' id='line_1_51' title="bbox 202 3509 1224 3556; baseline -0.003 -10"><span class='ocrx_word' id='word_1_328' title='bbox 202 3530 245 3539; x_wconf 82' lang='lat'><em>-</em></span> <span class='ocrx_word' id='word_1_329' title='bbox 259 3531 301 3538; x_wconf 89' lang='lat'>—</span> <span class='ocrx_word' id='word_1_330' title='bbox 312 3531 355 3538; x_wconf 88' lang='lat'>—</span> <span class='ocrx_word' id='word_1_331' title='bbox 372 3512 493 3547; x_wconf 87' lang='lat' dir='ltr'><strong>Deinde</strong></span> <span class='ocrx_word' id='word_1_332' title='bbox 510 3522 645 3556; x_wconf 87' lang='lat' dir='ltr'><strong>magnus</strong></span> <span class='ocrx_word' id='word_1_333' title='bbox 662 3515 818 3548; x_wconf 82' lang='lat' dir='ltr'><strong>Saturnus</strong></span> <span class='ocrx_word' id='word_1_334' title='bbox 836 3513 869 3546; x_wconf 91' lang='lat' dir='ltr'>in</span> <span class='ocrx_word' id='word_1_335' title='bbox 887 3511 1007 3545; x_wconf 81' lang='lat' dir='ltr'><strong>aethere</strong></span> <span class='ocrx_word' id='word_1_336' title='bbox 1020 3509 1130 3544; x_wconf 87' lang='lat' dir='ltr'><strong>divino</strong></span> <span class='ocrx_word' id='word_1_337' title='bbox 1148 3510 1224 3544; x_wconf 79' lang='lat' dir='ltr'><strong>fecit</strong></span> 
     </span>
    </p>
   </div>
   <div class='ocr_carea' id='block_1_13' title="bbox 1391 324 2379 1097">
    <p class='ocr_par' dir='ltr' id='par_1_13' title="bbox 1391 324 2379 1097">
     <span class='ocr_line' id='line_1_52' title="bbox 1449 324 2375 380; baseline -0.001 -15"><span class='ocrx_word' id='word_1_338' title='bbox 1449 328 1621 379; x_wconf 87' lang='lat' dir='ltr'><strong>(Proclus</strong></span> <span class='ocrx_word' id='word_1_339' title='bbox 1640 329 1679 364; x_wconf 92' lang='lat' dir='ltr'>in</span> <span class='ocrx_word' id='word_1_340' title='bbox 1698 329 1795 366; x_wconf 90' lang='lat' dir='ltr'><strong>Plat.</strong></span> <span class='ocrx_word' id='word_1_341' title='bbox 1813 329 1962 378; x_wconf 87' lang='lat' dir='ltr'><strong>Crat.p.</strong></span> <span class='ocrx_word' id='word_1_342' title='bbox 1977 342 2026 378; x_wconf 87' lang='lat'>79</span> <span class='ocrx_word' id='word_1_343' title='bbox 2041 342 2050 365; x_wconf 76' lang='grc' dir='ltr'>ε</span> <span class='ocrx_word' id='word_1_344' title='bbox 2064 327 2110 367; x_wconf 88' lang='grc' dir='ltr'><strong>Ὁ</strong></span> <span class='ocrx_word' id='word_1_345' title='bbox 2127 325 2275 380; x_wconf 76' lang='grc' dir='ltr'>Ὀρφεὺς</span> <span class='ocrx_word' id='word_1_346' title='bbox 2291 324 2375 379; x_wconf 78' lang='grc' dir='ltr'>περὶ</span> 
     </span>
     <span class='ocr_line' id='line_1_53' title="bbox 1393 385 2376 440; baseline -0.002 -13"><span class='ocrx_word' id='word_1_347' title='bbox 1393 390 1456 427; x_wconf 77' lang='grc' dir='ltr'>τοῦ</span> <span class='ocrx_word' id='word_1_348' title='bbox 1475 386 1622 440; x_wconf 78' lang='grc' dir='ltr'>κρυφίου</span> <span class='ocrx_word' id='word_1_349' title='bbox 1641 385 1836 437; x_wconf 87' lang='grc' dir='ltr'>διακόσμου</span> <span class='ocrx_word' id='word_1_350' title='bbox 1852 390 1921 425; x_wconf 78' lang='grc' dir='ltr'>τῶν</span> <span class='ocrx_word' id='word_1_351' title='bbox 1940 390 2027 425; x_wconf 86' lang='grc' dir='ltr'>θεῶν</span> <span class='ocrx_word' id='word_1_352' title='bbox 2049 386 2158 431; x_wconf 83' lang='grc' dir='ltr'>οὕτως</span> <span class='ocrx_word' id='word_1_353' title='bbox 2183 386 2265 440; x_wconf 81' lang='grc' dir='ltr'>ἔφη·</span> <span class='ocrx_word' id='word_1_354' title='bbox 2288 385 2328 425; x_wconf 84' lang='grc' dir='ltr'>τὸ</span> <span class='ocrx_word' id='word_1_355' title='bbox 2345 385 2376 424; x_wconf 82' lang='grc' dir='ltr'>δ’</span> 
     </span>
     <span class='ocr_line' id='line_1_54' title="bbox 1394 446 2375 499; baseline -0.002 -13"><span class='ocrx_word' id='word_1_356' title='bbox 1394 446 1592 499; x_wconf 85' lang='grc' dir='ltr'>ἀπειρέσιον</span> <span class='ocrx_word' id='word_1_357' title='bbox 1611 447 1692 485; x_wconf 87' lang='grc' dir='ltr'>κτλ.</span> <span class='ocrx_word' id='word_1_358' title='bbox 1723 448 1859 497; x_wconf 85' lang='lat' dir='ltr'><strong>Agitur</strong></span> <span class='ocrx_word' id='word_1_359' title='bbox 1880 455 2008 484; x_wconf 87' lang='lat' dir='ltr'><strong>autern</strong></span> <span class='ocrx_word' id='word_1_360' title='bbox 2027 447 2075 484; x_wconf 89' lang='lat' dir='ltr'><strong>de</strong></span> <span class='ocrx_word' id='word_1_361' title='bbox 2105 448 2284 484; x_wconf 87' lang='lat' dir='ltr'><strong>circulari</strong></span> <span class='ocrx_word' id='word_1_362' title='bbox 2310 448 2375 484; x_wconf 89' lang='lat' dir='ltr'>ovi</span> 
     </span>
     <span class='ocr_line' id='line_1_55' title="bbox 1393 507 2377 557; baseline -0.002 -11"><span class='ocrx_word' id='word_1_363' title='bbox 1393 510 1499 546; x_wconf 85' lang='lat' dir='ltr'><strong>istius</strong></span> <span class='ocrx_word' id='word_1_364' title='bbox 1522 515 1645 546; x_wconf 90' lang='lat' dir='ltr'><strong>motu.</strong></span> <span class='ocrx_word' id='word_1_365' title='bbox 1674 507 1783 545; x_wconf 88' lang='lat' dir='ltr'><strong>Idem</strong></span> <span class='ocrx_word' id='word_1_366' title='bbox 1804 507 2062 557; x_wconf 84' lang='lat' dir='ltr'><strong>fragmentum</strong></span> <span class='ocrx_word' id='word_1_367' title='bbox 2084 507 2197 545; x_wconf 84' lang='lat' dir='ltr'><strong>affert</strong></span> <span class='ocrx_word' id='word_1_368' title='bbox 2216 508 2377 544; x_wconf 89' lang='lat' dir='ltr'><strong>Proclus</strong></span> 
     </span>
     <span class='ocr_line' id='line_1_56' title="bbox 1394 566 2374 613; baseline -0.002 -7"><span class='ocrx_word' id='word_1_369' title='bbox 1394 569 1611 606; x_wconf 88' lang='lat' dir='ltr'><strong>Comment.</strong></span> <span class='ocrx_word' id='word_1_370' title='bbox 1631 567 1669 602; x_wconf 87' lang='lat' dir='ltr'>in</span> <span class='ocrx_word' id='word_1_371' title='bbox 1684 566 1835 604; x_wconf 83' lang='lat' dir='ltr'><strong>Euclid.</strong></span> <span class='ocrx_word' id='word_1_372' title='bbox 1854 567 1976 603; x_wconf 87' lang='lat' dir='ltr'><strong>Elem.</strong></span> <span class='ocrx_word' id='word_1_373' title='bbox 1993 566 2046 603; x_wconf 93' lang='grc' dir='ltr'>ΙΙ.</span> <span class='ocrx_word' id='word_1_374' title='bbox 2066 566 2138 613; x_wconf 82' lang='grc'>43;</span> <span class='ocrx_word' id='word_1_375' title='bbox 2156 567 2196 602; x_wconf 83' lang='grc' dir='ltr'>ἰη</span> <span class='ocrx_word' id='word_1_376' title='bbox 2217 567 2374 604; x_wconf 83' lang='lat' dir='ltr'><strong>Parme-</strong></span> 
     </span>
     <span class='ocr_line' id='line_1_57' title="bbox 1391 625 2375 676; baseline 0 -12"><span class='ocrx_word' id='word_1_377' title='bbox 1391 628 1474 665; x_wconf 91' lang='lat' dir='ltr'><strong>nid.</strong></span> <span class='ocrx_word' id='word_1_378' title='bbox 1492 629 1560 664; x_wconf 86' lang='lat' dir='ltr'><strong>lib.</strong></span> <span class='ocrx_word' id='word_1_379' title='bbox 1577 626 1646 665; x_wconf 88' lang='lat' dir='ltr'>Vll</span> <span class='ocrx_word' id='word_1_380' title='bbox 1668 639 1707 676; x_wconf 90' lang='lat' dir='ltr'>p.</span> <span class='ocrx_word' id='word_1_381' title='bbox 1737 625 1810 663; x_wconf 86' lang='lat'>153</span> <span class='ocrx_word' id='word_1_382' title='bbox 1835 633 1872 662; x_wconf 91' lang='lat' dir='ltr'>et</span> <span class='ocrx_word' id='word_1_383' title='bbox 1892 626 1933 662; x_wconf 89' lang='lat' dir='ltr'>in</span> <span class='ocrx_word' id='word_1_384' title='bbox 1950 626 2049 662; x_wconf 92' lang='lat' dir='ltr'><strong>Tim.</strong></span> <span class='ocrx_word' id='word_1_385' title='bbox 2072 626 2131 664; x_wconf 92' lang='lat' dir='ltr'>llI</span> <span class='ocrx_word' id='word_1_386' title='bbox 2150 639 2190 675; x_wconf 93' lang='lat' dir='ltr'>p.</span> <span class='ocrx_word' id='word_1_387' title='bbox 2221 626 2295 663; x_wconf 90' lang='lat'>160</span> <span class='ocrx_word' id='word_1_388' title='bbox 2315 629 2350 664; x_wconf 95' lang='lat' dir='ltr'>D</span> <span class='ocrx_word' id='word_1_389' title='bbox 2365 655 2375 673; x_wconf 89' lang='lat'>,</span> 
     </span>
     <span class='ocr_line' id='line_1_58' title="bbox 1393 684 2378 738; baseline -0.003 -13"><span class='ocrx_word' id='word_1_390' title='bbox 1393 701 1432 738; x_wconf 91' lang='lat' dir='ltr'>p.</span> <span class='ocrx_word' id='word_1_391' title='bbox 1456 686 1533 736; x_wconf 85' lang='lat'>379</span> <span class='ocrx_word' id='word_1_392' title='bbox 1554 686 1615 725; x_wconf 93' lang='lat' dir='ltr'>ed.</span> <span class='ocrx_word' id='word_1_393' title='bbox 1643 684 1827 723; x_wconf 90' lang='lat' dir='ltr'><strong>Schneid.</strong></span> <span class='ocrx_word' id='word_1_394' title='bbox 1849 685 1996 722; x_wconf 88' lang='lat' dir='ltr'><strong>Ultimo</strong></span> <span class='ocrx_word' id='word_1_395' title='bbox 2019 685 2109 721; x_wconf 88' lang='lat' dir='ltr'><strong>loco</strong></span> <span class='ocrx_word' id='word_1_396' title='bbox 2139 685 2219 721; x_wconf 83' lang='lat' dir='ltr'>haec</span> <span class='ocrx_word' id='word_1_397' title='bbox 2243 686 2378 736; x_wconf 80' lang='lat' dir='ltr'><strong>legun-</strong></span> 
     </span>
     <span class='ocr_line' id='line_1_59' title="bbox 1394 742 2375 797; baseline 0.002 -15"><span class='ocrx_word' id='word_1_398' title='bbox 1394 753 1458 783; x_wconf 86' lang='lat' dir='ltr'>tur</span> <span class='ocrx_word' id='word_1_399' title='bbox 1483 759 1492 782; x_wconf 90' lang='lat'>:</span> <span class='ocrx_word' id='word_1_400' title='bbox 1520 743 1592 784; x_wconf 74' lang='grc' dir='ltr'>Καὶ</span> <span class='ocrx_word' id='word_1_401' title='bbox 1607 744 1675 797; x_wconf 83' lang='grc' dir='ltr'>γὰρ</span> <span class='ocrx_word' id='word_1_402' title='bbox 1692 744 1743 797; x_wconf 81' lang='grc' dir='ltr'>τῷ</span> <span class='ocrx_word' id='word_1_403' title='bbox 1757 742 1864 783; x_wconf 69' lang='grc' dir='ltr'>παντὶ</span> <span class='ocrx_word' id='word_1_404' title='bbox 1880 742 1920 781; x_wconf 83' lang='grc' dir='ltr'>τὸ</span> <span class='ocrx_word' id='word_1_405' title='bbox 1934 743 2119 797; x_wconf 86' lang='grc' dir='ltr'>σφαιρικὸν</span> <span class='ocrx_word' id='word_1_406' title='bbox 2143 743 2306 795; x_wconf 81' lang='grc' dir='ltr'>συγγενὲς</span> <span class='ocrx_word' id='word_1_407' title='bbox 2330 774 2356 784; x_wconf 92' lang='grc'>..</span> <span class='ocrx_word' id='word_1_408' title='bbox 2368 775 2375 784; x_wconf 93' lang='grc'>.</span> 
     </span>
     <span class='ocr_line' id='line_1_60' title="bbox 1394 798 2379 859; baseline -0.002 -15"><span class='ocrx_word' id='word_1_409' title='bbox 1394 804 1601 859; x_wconf 83' lang='grc' dir='ltr'>προγονικὸν</span> <span class='ocrx_word' id='word_1_410' title='bbox 1625 798 1684 843; x_wconf 66' lang='grc' dir='ltr'>οὖν</span> <span class='ocrx_word' id='word_1_411' title='bbox 1716 804 1756 843; x_wconf 77' lang='grc' dir='ltr'>τὸ</span> <span class='ocrx_word' id='word_1_412' title='bbox 1785 806 1912 856; x_wconf 76' lang='grc' dir='ltr'>σχῆμα</span> <span class='ocrx_word' id='word_1_413' title='bbox 1939 802 2044 842; x_wconf 81' lang='grc' dir='ltr'>τοῦτό</span> <span class='ocrx_word' id='word_1_414' title='bbox 2074 803 2150 841; x_wconf 79' lang='grc' dir='ltr'>ἐστι</span> <span class='ocrx_word' id='word_1_415' title='bbox 2169 805 2220 855; x_wconf 81' lang='grc' dir='ltr'>τῷ</span> <span class='ocrx_word' id='word_1_416' title='bbox 2241 803 2379 857; x_wconf 70' lang='grc' dir='ltr'>κόσμῳ,</span> 
     </span>
     <span class='ocr_line' id='line_1_61' title="bbox 1397 862 2377 919; baseline -0.002 -16"><span class='ocrx_word' id='word_1_417' title='bbox 1397 863 1502 919; x_wconf 77' lang='grc' dir='ltr'>φανὲν</span> <span class='ocrx_word' id='word_1_418' title='bbox 1524 863 1586 915; x_wconf 81' lang='grc' dir='ltr'>μὲν</span> <span class='ocrx_word' id='word_1_419' title='bbox 1607 863 1668 902; x_wconf 78' lang='grc' dir='ltr'>καὶ</span> <span class='ocrx_word' id='word_1_420' title='bbox 1699 864 1733 902; x_wconf 78' lang='grc' dir='ltr'>ἐν</span> <span class='ocrx_word' id='word_1_421' title='bbox 1755 863 1850 916; x_wconf 74' lang='grc' dir='ltr'>αὐτῷ</span> <span class='ocrx_word' id='word_1_422' title='bbox 1871 864 1922 916; x_wconf 81' lang='grc' dir='ltr'>τῷ</span> <span class='ocrx_word' id='word_1_423' title='bbox 1954 863 2094 916; x_wconf 81' lang='grc' dir='ltr'>κρυφίῳ</span> <span class='ocrx_word' id='word_1_424' title='bbox 2123 862 2320 917; x_wconf 84' lang='grc' dir='ltr'>διακόσμῳ·</span> <span class='ocrx_word' id='word_1_425' title='bbox 2337 864 2377 901; x_wconf 82' lang='grc' dir='ltr'>τὸ</span> 
     </span>
     <span class='ocr_line' id='line_1_62' title="bbox 1396 922 2378 978; baseline -0.001 -16"><span class='ocrx_word' id='word_1_426' title='bbox 1396 923 1465 978; x_wconf 84' lang='grc' dir='ltr'>γὰρ</span> <span class='ocrx_word' id='word_1_427' title='bbox 1487 923 1687 977; x_wconf 85' lang='grc' dir='ltr'>ἀπειρέσιον</span> <span class='ocrx_word' id='word_1_428' title='bbox 1700 922 1793 962; x_wconf 82' lang='grc' dir='ltr'>κατὰ</span> <span class='ocrx_word' id='word_1_429' title='bbox 1807 922 1936 961; x_wconf 83' lang='grc' dir='ltr'>κύκλον</span> <span class='ocrx_word' id='word_1_430' title='bbox 1952 922 2110 977; x_wconf 89' lang='grc' dir='ltr'>ἀτρύτως</span> <span class='ocrx_word' id='word_1_431' title='bbox 2123 924 2281 976; x_wconf 80' lang='grc' dir='ltr'>ε’φορεῖτο</span> <span class='ocrx_word' id='word_1_432' title='bbox 2296 928 2378 962; x_wconf 88' lang='grc' dir='ltr'>κατ’</span> 
     </span>
     <span class='ocr_line' id='line_1_63' title="bbox 1398 981 2375 1037; baseline -0.002 -15"><span class='ocrx_word' id='word_1_433' title='bbox 1398 984 1533 1032; x_wconf 83' lang='grc' dir='ltr'>ἐκείνην</span> <span class='ocrx_word' id='word_1_434' title='bbox 1555 983 1693 1037; x_wconf 89' lang='grc' dir='ltr'>εἴρηται</span> <span class='ocrx_word' id='word_1_435' title='bbox 1720 983 1785 1031; x_wconf 83' lang='grc' dir='ltr'>τὴν</span> <span class='ocrx_word' id='word_1_436' title='bbox 1805 982 1920 1028; x_wconf 80' lang='grc' dir='ltr'>τάξιν·</span> <span class='ocrx_word' id='word_1_437' title='bbox 1944 981 2194 1036; x_wconf 81' lang='grc' dir='ltr'>ἐναργέστερον</span> <span class='ocrx_word' id='word_1_438' title='bbox 2216 982 2251 1021; x_wconf 81' lang='grc' dir='ltr'>δὲ</span> <span class='ocrx_word' id='word_1_439' title='bbox 2273 983 2375 1035; x_wconf 67' lang='grc' dir='ltr'>ὂςρθὲν</span> 
     </span>
     <span class='ocr_line' id='line_1_64' title="bbox 1397 1040 1914 1097; baseline -0.002 -16"><span class='ocrx_word' id='word_1_440' title='bbox 1397 1042 1460 1082; x_wconf 80' lang='grc' dir='ltr'>καὶ</span> <span class='ocrx_word' id='word_1_441' title='bbox 1483 1044 1517 1081; x_wconf 82' lang='grc' dir='ltr'>ἐν</span> <span class='ocrx_word' id='word_1_442' title='bbox 1538 1044 1589 1097; x_wconf 81' lang='grc' dir='ltr'>τῷ</span> <span class='ocrx_word' id='word_1_443' title='bbox 1614 1042 1782 1081; x_wconf 84' lang='grc' dir='ltr'>παντελεῖ</span> <span class='ocrx_word' id='word_1_444' title='bbox 1802 1040 1914 1095; x_wconf 82' lang='grc' dir='ltr'>ζώῳ.)</span> 
     </span>
    </p>
   </div>
   <div class='ocr_carea' id='block_1_14' title="bbox 1397 1117 2089 1174">
    <p class='ocr_par' dir='ltr' id='par_1_14' title="bbox 1397 1117 2089 1174">
     <span class='ocr_line' id='line_1_65' title="bbox 1397 1117 2089 1174; baseline -0.001 -13"><span class='ocrx_word' id='word_1_445' title='bbox 1397 1120 1565 1174; x_wconf 78' lang='grc' dir='ltr'>Ὡρμήθη</span> <span class='ocrx_word' id='word_1_446' title='bbox 1586 1121 1615 1159; x_wconf 88' lang='grc' dir='ltr'>δ’</span> <span class='ocrx_word' id='word_1_447' title='bbox 1637 1119 1705 1158; x_wconf 82' lang='grc' dir='ltr'>ἀνὰ</span> <span class='ocrx_word' id='word_1_448' title='bbox 1729 1117 1857 1159; x_wconf 89' lang='grc' dir='ltr'>κύκλον</span> <span class='ocrx_word' id='word_1_449' title='bbox 1877 1119 2089 1173; x_wconf 75' lang='grc' dir='ltr'>ἀθέσφατον.</span> 
     </span>
    </p>
   </div>
   <div class='ocr_carea' id='block_1_15' title="bbox 1398 1196 2382 1312">
    <p class='ocr_par' dir='ltr' id='par_1_15' title="bbox 1398 1196 2382 1312">
     <span class='ocr_line' id='line_1_66' title="bbox 1453 1196 2382 1251; baseline 0 -15"><span class='ocrx_word' id='word_1_450' title='bbox 1453 1198 1636 1250; x_wconf 77' lang='lat' dir='ltr'><strong>(Procius</strong></span> <span class='ocrx_word' id='word_1_451' title='bbox 1650 1199 1688 1235; x_wconf 92' lang='lat' dir='ltr'>in</span> <span class='ocrx_word' id='word_1_452' title='bbox 1698 1197 1801 1237; x_wconf 91' lang='lat' dir='ltr'><strong>Tim.</strong></span> <span class='ocrx_word' id='word_1_453' title='bbox 1815 1199 1843 1238; x_wconf 93' lang='lat' dir='ltr'>l.</span> <span class='ocrx_word' id='word_1_454' title='bbox 1862 1212 1897 1236; x_wconf 90' lang='lat' dir='ltr'>c.</span> <span class='ocrx_word' id='word_1_455' title='bbox 1917 1210 1926 1238; x_wconf 92' lang='lat'><strong>:</strong></span> <span class='ocrx_word' id='word_1_456' title='bbox 1943 1197 1982 1235; x_wconf 85' lang='grc' dir='ltr'>τὸ</span> <span class='ocrx_word' id='word_1_457' title='bbox 1991 1196 2059 1250; x_wconf 82' lang='grc' dir='ltr'>γὰρ</span> <span class='ocrx_word' id='word_1_458' title='bbox 2068 1196 2217 1251; x_wconf 77' lang='grc' dir='ltr'>ὡρμήθη</span> <span class='ocrx_word' id='word_1_459' title='bbox 2229 1197 2257 1235; x_wconf 87' lang='grc' dir='ltr'>δ’</span> <span class='ocrx_word' id='word_1_460' title='bbox 2270 1197 2336 1235; x_wconf 86' lang='grc' dir='ltr'>ἀνὰ</span> <span class='ocrx_word' id='word_1_461' title='bbox 2348 1213 2382 1236; x_wconf 92' lang='grc' dir='ltr'>κ.</span> 
     </span>
     <span class='ocr_line' id='line_1_67' title="bbox 1398 1257 2382 1312; baseline -0.001 -15"><span class='ocrx_word' id='word_1_462' title='bbox 1398 1260 1453 1298; x_wconf 88' lang='grc' dir='ltr'>ἀθ.</span> <span class='ocrx_word' id='word_1_463' title='bbox 1465 1257 1547 1312; x_wconf 81' lang='grc' dir='ltr'>περὶ</span> <span class='ocrx_word' id='word_1_464' title='bbox 1561 1257 1693 1306; x_wconf 86' lang='grc' dir='ltr'>ταύτης</span> <span class='ocrx_word' id='word_1_465' title='bbox 1713 1257 1850 1311; x_wconf 87' lang='grc' dir='ltr'>εἴρηται</span> <span class='ocrx_word' id='word_1_466' title='bbox 1867 1259 1919 1310; x_wconf 81' lang='grc' dir='ltr'>τῷ</span> <span class='ocrx_word' id='word_1_467' title='bbox 1937 1257 2091 1310; x_wconf 83' lang='grc' dir='ltr'>θεολόγῳ</span> <span class='ocrx_word' id='word_1_468' title='bbox 2110 1260 2171 1305; x_wconf 75' lang='grc' dir='ltr'>τῆς</span> <span class='ocrx_word' id='word_1_469' title='bbox 2186 1257 2382 1308; x_wconf 83' lang='grc' dir='ltr'>θεότητος.)</span> 
     </span>
    </p>
   </div>
   <div class='ocr_carea' id='block_1_16' title="bbox 1405 1342 2273 1473">
    <p class='ocr_par' dir='ltr' id='par_1_16' title="bbox 1405 1342 2273 1473">
     <span class='ocr_line' id='line_1_68' title="bbox 1765 1342 1948 1382; baseline -0.011 0"><span class='ocrx_word' id='word_1_470' title='bbox 1765 1342 1948 1382; x_wconf 80' lang='lat' dir='ltr'><strong>XXXIV.</strong></span> 
     </span>
     <span class='ocr_line' id='line_1_69' title="bbox 1405 1405 2273 1473; baseline -0.001 -12"><span class='ocrx_word' id='word_1_471' title='bbox 1405 1420 1571 1468; x_wconf 82' lang='grc' dir='ltr'>Εἶνοδίην</span> <span class='ocrx_word' id='word_1_472' title='bbox 1591 1419 1753 1469; x_wconf 83' lang='grc' dir='ltr'>Ἑκάτην</span> <span class='ocrx_word' id='word_1_473' title='bbox 1768 1419 1910 1473; x_wconf 75' lang='grc' dir='ltr'>κλῄζω,</span> <span class='ocrx_word' id='word_1_474' title='bbox 1931 1419 2097 1473; x_wconf 84' lang='grc' dir='ltr'>τριοδῖτιν</span> <span class='ocrx_word' id='word_1_475' title='bbox 2112 1405 2273 1473; x_wconf 81' lang='grc' dir='ltr'>ἐραννήν.</span> 
     </span>
    </p>
   </div>
   <div class='ocr_carea' id='block_1_17' title="bbox 1399 1502 2386 1913">
    <p class='ocr_par' dir='ltr' id='par_1_17' title="bbox 1399 1502 2386 1913">
     <span class='ocr_line' id='line_1_70' title="bbox 1462 1502 2383 1556; baseline -0.003 -14"><span class='ocrx_word' id='word_1_476' title='bbox 1462 1503 1555 1556; x_wconf 89' lang='lat' dir='ltr'><strong>(J0.</strong></span> <span class='ocrx_word' id='word_1_477' title='bbox 1579 1504 1779 1542; x_wconf 86' lang='lat' dir='ltr'><strong>Diaconus</strong></span> <span class='ocrx_word' id='word_1_478' title='bbox 1799 1504 1848 1541; x_wconf 91' lang='lat' dir='ltr'><strong>ad</strong></span> <span class='ocrx_word' id='word_1_479' title='bbox 1864 1503 2025 1542; x_wconf 89' lang='lat' dir='ltr'><strong>Hesiod.</strong></span> <span class='ocrx_word' id='word_1_480' title='bbox 2048 1505 2194 1553; x_wconf 87' lang='lat' dir='ltr'><strong>Theog.</strong></span> <span class='ocrx_word' id='word_1_481' title='bbox 2210 1517 2250 1554; x_wconf 90' lang='lat' dir='ltr'>p.</span> <span class='ocrx_word' id='word_1_482' title='bbox 2273 1502 2349 1540; x_wconf 81' lang='lat'>268</span> <span class='ocrx_word' id='word_1_483' title='bbox 2373 1517 2383 1540; x_wconf 71' lang='grc' dir='ltr'>ε</span> 
     </span>
     <span class='ocr_line' id='line_1_71' title="bbox 1406 1556 2386 1616; baseline -0.002 -14"><span class='ocrx_word' id='word_1_484' title='bbox 1406 1562 1575 1616; x_wconf 80' lang='grc' dir='ltr'>Εὑρίσκω</span> <span class='ocrx_word' id='word_1_485' title='bbox 1609 1562 1669 1601; x_wconf 85' lang='grc' dir='ltr'>τὸν</span> <span class='ocrx_word' id='word_1_486' title='bbox 1702 1561 1841 1616; x_wconf 81' lang='grc' dir='ltr'>Ὀρφέα</span> <span class='ocrx_word' id='word_1_487' title='bbox 1880 1561 1942 1601; x_wconf 79' lang='grc' dir='ltr'>καὶ</span> <span class='ocrx_word' id='word_1_488' title='bbox 1970 1560 2035 1609; x_wconf 83' lang='grc' dir='ltr'>τὴν</span> <span class='ocrx_word' id='word_1_489' title='bbox 2063 1561 2190 1614; x_wconf 90' lang='grc' dir='ltr'>Τύχην</span> <span class='ocrx_word' id='word_1_490' title='bbox 2218 1556 2386 1615; x_wconf 65' lang='grc' dir='ltr'>Ἄρτεμιν</span> 
     </span>
     <span class='ocr_line' id='line_1_72' title="bbox 1399 1620 2384 1675; baseline -0.002 -13"><span class='ocrx_word' id='word_1_491' title='bbox 1399 1622 1706 1675; x_wconf 86' lang='grc' dir='ltr'>προσαγορεύοντα</span> <span class='ocrx_word' id='word_1_492' title='bbox 1733 1622 1907 1673; x_wconf 86' lang='lat' dir='ltr'><strong>(Hymno</strong></span> <span class='ocrx_word' id='word_1_493' title='bbox 1927 1621 2071 1672; x_wconf 86' lang='lat' dir='ltr'><strong>LXXI,</strong></span> <span class='ocrx_word' id='word_1_494' title='bbox 2103 1624 2173 1674; x_wconf 82' lang='lat'>3),</span> <span class='ocrx_word' id='word_1_495' title='bbox 2202 1620 2297 1660; x_wconf 84' lang='grc' dir='ltr'>ἀλλὰ</span> <span class='ocrx_word' id='word_1_496' title='bbox 2323 1621 2384 1660; x_wconf 86' lang='grc' dir='ltr'>καὶ</span> 
     </span>
     <span class='ocr_line' id='line_1_73' title="bbox 1399 1680 2384 1729; baseline -0.001 -9"><span class='ocrx_word' id='word_1_497' title='bbox 1399 1681 1464 1729; x_wconf 87' lang='grc' dir='ltr'>τὴν</span> <span class='ocrx_word' id='word_1_498' title='bbox 1510 1681 1673 1729; x_wconf 79' lang='grc' dir='ltr'>Σελήνην</span> <span class='ocrx_word' id='word_1_499' title='bbox 1719 1680 1890 1728; x_wconf 85' lang='grc' dir='ltr'>Ἑκάτην.</span> <span class='ocrx_word' id='word_1_500' title='bbox 1933 1684 2009 1720; x_wconf 86' lang='lat' dir='ltr'><strong>Pro</strong></span> <span class='ocrx_word' id='word_1_501' title='bbox 2066 1683 2384 1720; x_wconf 84' lang='lat' dir='ltr'><strong>membranarum</strong></span> 
     </span>
     <span class='ocr_line' id='line_1_74' title="bbox 1402 1741 2385 1796; baseline 0.001 -16"><span class='ocrx_word' id='word_1_502' title='bbox 1402 1744 1594 1793; x_wconf 85' lang='lat' dir='ltr'><strong>scriptura</strong></span> <span class='ocrx_word' id='word_1_503' title='bbox 1608 1741 1741 1795; x_wconf 72' lang='grc' dir='ltr'>ἐφανήν</span> <span class='ocrx_word' id='word_1_504' title='bbox 1756 1743 1945 1781; x_wconf 87' lang='lat' dir='ltr'><strong>Gesnerus</strong></span> <span class='ocrx_word' id='word_1_505' title='bbox 1960 1743 2127 1791; x_wconf 88' lang='lat' dir='ltr'><strong>conjecit</strong></span> <span class='ocrx_word' id='word_1_506' title='bbox 2144 1742 2305 1796; x_wconf 82' lang='grc' dir='ltr'>ἐραννήν.</span> <span class='ocrx_word' id='word_1_507' title='bbox 2322 1744 2385 1783; x_wconf 85' lang='lat' dir='ltr'>Sic</span> 
     </span>
     <span class='ocr_line' id='line_1_75' title="bbox 1401 1801 2380 1856; baseline 0.002 -16"><span class='ocrx_word' id='word_1_508' title='bbox 1401 1811 1531 1840; x_wconf 88' lang='lat' dir='ltr'><strong>autem</strong></span> <span class='ocrx_word' id='word_1_509' title='bbox 1545 1809 1649 1839; x_wconf 88' lang='lat' dir='ltr'><strong>totus</strong></span> <span class='ocrx_word' id='word_1_510' title='bbox 1662 1815 1796 1839; x_wconf 88' lang='lat' dir='ltr'><strong>versus</strong></span> <span class='ocrx_word' id='word_1_511' title='bbox 1811 1802 1846 1839; x_wconf 82' lang='grc' dir='ltr'>ἐν</span> <span class='ocrx_word' id='word_1_512' title='bbox 1863 1803 1907 1854; x_wconf 85' lang='grc' dir='ltr'>τῇ</span> <span class='ocrx_word' id='word_1_513' title='bbox 1927 1801 2016 1855; x_wconf 83' lang='grc' dir='ltr'>πρὸς</span> <span class='ocrx_word' id='word_1_514' title='bbox 2032 1802 2217 1841; x_wconf 83' lang='grc' dir='ltr'>Μουσαῖον</span> <span class='ocrx_word' id='word_1_515' title='bbox 2238 1803 2326 1856; x_wconf 81' lang='grc' dir='ltr'>εὐχῇ</span> <span class='ocrx_word' id='word_1_516' title='bbox 2340 1817 2380 1843; x_wconf 78' lang='lat' dir='ltr'>v.</span> 
     </span>
     <span class='ocr_line' id='line_1_76' title="bbox 1400 1862 1860 1913; baseline 0 -13"><span class='ocrx_word' id='word_1_517' title='bbox 1400 1862 1451 1908; x_wconf 85' lang='grc'>45</span> <span class='ocrx_word' id='word_1_518' title='bbox 1472 1869 1646 1899; x_wconf 86' lang='lat' dir='ltr'><strong>exaratus</strong></span> <span class='ocrx_word' id='word_1_519' title='bbox 1675 1863 1830 1912; x_wconf 82' lang='lat' dir='ltr'><strong>legitur.</strong></span> <span class='ocrx_word' id='word_1_520' title='bbox 1849 1862 1860 1913; x_wconf 88' lang='lat'><em>)</em></span> 
     </span>
    </p>
   </div>
   <div class='ocr_carea' id='block_1_18' title="bbox 1399 1942 2352 2116">
    <p class='ocr_par' dir='ltr' id='par_1_18' title="bbox 1399 1942 2352 2116">
     <span class='ocr_line' id='line_1_77' title="bbox 1401 1942 2238 1997; baseline -0.001 -14"><span class='ocrx_word' id='word_1_521' title='bbox 1401 1942 1503 1992; x_wconf 80' lang='grc' dir='ltr'>Ῥείη</span> <span class='ocrx_word' id='word_1_522' title='bbox 1522 1958 1578 1982; x_wconf 86' lang='grc' dir='ltr'>τοι</span> <span class='ocrx_word' id='word_1_523' title='bbox 1595 1945 1724 1996; x_wconf 80' lang='grc' dir='ltr'>νοερῶν</span> <span class='ocrx_word' id='word_1_524' title='bbox 1741 1942 1912 1995; x_wconf 90' lang='grc' dir='ltr'>μακάρων</span> <span class='ocrx_word' id='word_1_525' title='bbox 1930 1942 2030 1995; x_wconf 84' lang='grc' dir='ltr'>πηγή</span> <span class='ocrx_word' id='word_1_526' title='bbox 2046 1959 2084 1982; x_wconf 90' lang='grc' dir='ltr'>τε</span> <span class='ocrx_word' id='word_1_527' title='bbox 2104 1942 2167 1997; x_wconf 79' lang='grc' dir='ltr'>ῥοή</span> <span class='ocrx_word' id='word_1_528' title='bbox 2184 1958 2238 1983; x_wconf 89' lang='grc' dir='ltr'>τε.</span> 
     </span>
     <span class='ocr_line' id='line_1_78' title="bbox 1399 2002 2352 2058; baseline -0.002 -15"><span class='ocrx_word' id='word_1_529' title='bbox 1399 2005 1542 2043; x_wconf 84' lang='grc' dir='ltr'>πάντων</span> <span class='ocrx_word' id='word_1_530' title='bbox 1556 2003 1625 2058; x_wconf 80' lang='grc' dir='ltr'>γὰρ</span> <span class='ocrx_word' id='word_1_531' title='bbox 1642 2003 1767 2057; x_wconf 85' lang='grc' dir='ltr'>πρώτη</span> <span class='ocrx_word' id='word_1_532' title='bbox 1789 2003 2138 2053; x_wconf 81' lang='grc' dir='ltr'>δυνάμεικόλποισιν</span> <span class='ocrx_word' id='word_1_533' title='bbox 2159 2002 2352 2057; x_wconf 84' lang='grc' dir='ltr'>ἀφράστοις</span> 
     </span>
     <span class='ocr_line' id='line_1_79' title="bbox 1400 2062 2303 2116; baseline 0.001 -14"><span class='ocrx_word' id='word_1_534' title='bbox 1400 2063 1574 2115; x_wconf 80' lang='grc' dir='ltr'>δεξαμένη</span> <span class='ocrx_word' id='word_1_535' title='bbox 1594 2063 1716 2116; x_wconf 85' lang='grc' dir='ltr'>γενεὴν</span> <span class='ocrx_word' id='word_1_536' title='bbox 1738 2062 1796 2102; x_wconf 76' lang='grc' dir='ltr'>ἐπὶ</span> <span class='ocrx_word' id='word_1_537' title='bbox 1815 2069 1887 2102; x_wconf 82' lang='grc' dir='ltr'>πᾶν</span> <span class='ocrx_word' id='word_1_538' title='bbox 1903 2062 2049 2116; x_wconf 83' lang='grc' dir='ltr'>προχέει</span> <span class='ocrx_word' id='word_1_539' title='bbox 2066 2062 2303 2116; x_wconf 85' lang='grc' dir='ltr'>τροχάουσαν.</span> 
     </span>
    </p>
   </div>
   <div class='ocr_carea' id='block_1_19' title="bbox 1399 2146 2390 2378">
    <p class='ocr_par' dir='ltr' id='par_1_19' title="bbox 1399 2146 2390 2378">
     <span class='ocr_line' id='line_1_80' title="bbox 1457 2146 2390 2197; baseline -0.001 -13"><span class='ocrx_word' id='word_1_540' title='bbox 1457 2146 1630 2197; x_wconf 79' lang='lat' dir='ltr'><strong>(Procius</strong></span> <span class='ocrx_word' id='word_1_541' title='bbox 1664 2148 1704 2184; x_wconf 90' lang='lat' dir='ltr'>in</span> <span class='ocrx_word' id='word_1_542' title='bbox 1734 2147 1830 2185; x_wconf 91' lang='lat' dir='ltr'><strong>Plat.</strong></span> <span class='ocrx_word' id='word_1_543' title='bbox 1855 2146 1997 2196; x_wconf 89' lang='lat' dir='ltr'><strong>Cratyl.</strong></span> <span class='ocrx_word' id='word_1_544' title='bbox 2032 2146 2138 2196; x_wconf 86' lang='lat' dir='ltr'><strong>apud</strong></span> <span class='ocrx_word' id='word_1_545' title='bbox 2166 2146 2390 2184; x_wconf 86' lang='lat' dir='ltr'><strong>Werferum</strong></span> 
     </span>
     <span class='ocr_line' id='line_1_81' title="bbox 1401 2205 2389 2257; baseline 0 -13"><span class='ocrx_word' id='word_1_546' title='bbox 1401 2210 1486 2245; x_wconf 85' lang='lat' dir='ltr'><strong>Act.</strong></span> <span class='ocrx_word' id='word_1_547' title='bbox 1510 2207 1609 2257; x_wconf 88' lang='lat' dir='ltr'><strong>phil.</strong></span> <span class='ocrx_word' id='word_1_548' title='bbox 1642 2208 1748 2244; x_wconf 90' lang='lat' dir='ltr'><strong>Mon.</strong></span> <span class='ocrx_word' id='word_1_549' title='bbox 1778 2213 1874 2245; x_wconf 86' lang='lat' dir='ltr'><strong>tom.</strong></span> <span class='ocrx_word' id='word_1_550' title='bbox 1896 2207 1950 2255; x_wconf 78' lang='grc' dir='ltr'>ΙΙ,</span> <span class='ocrx_word' id='word_1_551' title='bbox 1982 2205 2075 2242; x_wconf 87' lang='lat' dir='ltr'><strong>fasc.</strong></span> <span class='ocrx_word' id='word_1_552' title='bbox 2106 2207 2126 2243; x_wconf 95' lang='grc' dir='ltr'>Ι</span> <span class='ocrx_word' id='word_1_553' title='bbox 2153 2218 2243 2256; x_wconf 86' lang='lat' dir='ltr'><strong>pag.</strong></span> <span class='ocrx_word' id='word_1_554' title='bbox 2282 2206 2389 2245; x_wconf 88' lang='lat'>138:</span> 
     </span>
     <span class='ocr_line' id='line_1_82' title="bbox 1399 2262 2390 2318; baseline 0 -15"><span class='ocrx_word' id='word_1_555' title='bbox 1399 2264 1490 2318; x_wconf 85' lang='grc' dir='ltr'>Περὶ</span> <span class='ocrx_word' id='word_1_556' title='bbox 1511 2264 1548 2304; x_wconf 79' lang='grc' dir='ltr'>δὲ</span> <span class='ocrx_word' id='word_1_557' title='bbox 1567 2267 1629 2311; x_wconf 76' lang='grc' dir='ltr'>τῆς</span> <span class='ocrx_word' id='word_1_558' title='bbox 1649 2265 1820 2317; x_wconf 88' lang='grc' dir='ltr'>ζωογόνου</span> <span class='ocrx_word' id='word_1_559' title='bbox 1840 2267 1956 2318; x_wconf 78' lang='grc' dir='ltr'>πηγῆς</span> <span class='ocrx_word' id='word_1_560' title='bbox 1976 2262 2097 2309; x_wconf 87' lang='grc' dir='ltr'>Ῥέας.</span> <span class='ocrx_word' id='word_1_561' title='bbox 2117 2294 2126 2303; x_wconf 92' lang='grc'>.</span> <span class='ocrx_word' id='word_1_562' title='bbox 2147 2295 2156 2305; x_wconf 96' lang='grc'>.</span> <span class='ocrx_word' id='word_1_563' title='bbox 2183 2263 2276 2303; x_wconf 78' lang='grc' dir='ltr'>οὕτω</span> <span class='ocrx_word' id='word_1_564' title='bbox 2300 2263 2390 2318; x_wconf 71' lang='grc' dir='ltr'>φασὶ</span> 
     </span>
     <span class='ocr_line' id='line_1_83' title="bbox 1399 2322 1592 2378; baseline 0.005 -16"><span class='ocrx_word' id='word_1_565' title='bbox 1399 2323 1445 2363; x_wconf 86' lang='grc' dir='ltr'>τὰ</span> <span class='ocrx_word' id='word_1_566' title='bbox 1465 2322 1592 2378; x_wconf 90' lang='grc' dir='ltr'>λόγια.)</span> 
     </span>
    </p>
   </div>
   <div class='ocr_carea' id='block_1_20' title="bbox 1401 2410 2391 2683">
    <p class='ocr_par' dir='ltr' id='par_1_20' title="bbox 1401 2410 2373 2526">
     <span class='ocr_line' id='line_1_84' title="bbox 1403 2410 2373 2465; baseline -0.004 -12"><span class='ocrx_word' id='word_1_567' title='bbox 1403 2412 1504 2461; x_wconf 87' lang='grc' dir='ltr'>Ῥείη</span> <span class='ocrx_word' id='word_1_568' title='bbox 1524 2412 1566 2452; x_wconf 84' lang='grc' dir='ltr'>τὸ</span> <span class='ocrx_word' id='word_1_569' title='bbox 1587 2411 1669 2465; x_wconf 75' lang='grc' dir='ltr'>πρὶν</span> <span class='ocrx_word' id='word_1_570' title='bbox 1691 2412 1799 2452; x_wconf 80' lang='grc' dir='ltr'>εὀῧσά</span> <span class='ocrx_word' id='word_1_571' title='bbox 1818 2414 1867 2465; x_wconf 86' lang='grc' dir='ltr'>γ’,</span> <span class='ocrx_word' id='word_1_572' title='bbox 1887 2412 1964 2452; x_wconf 82' lang='grc' dir='ltr'>ἐπεὶ</span> <span class='ocrx_word' id='word_1_573' title='bbox 1985 2410 2066 2456; x_wconf 81' lang='grc' dir='ltr'>Διὸς</span> <span class='ocrx_word' id='word_1_574' title='bbox 2087 2410 2212 2451; x_wconf 84' lang='grc' dir='ltr'>ἔπλετο</span> <span class='ocrx_word' id='word_1_575' title='bbox 2233 2410 2373 2465; x_wconf 85' lang='grc' dir='ltr'>μήτηρ,</span> 
     </span>
     <span class='ocr_line' id='line_1_85' title="bbox 1401 2470 1756 2526; baseline 0.003 -15"><span class='ocrx_word' id='word_1_576' title='bbox 1401 2472 1539 2526; x_wconf 84' lang='grc' dir='ltr'>γίγνετο</span> <span class='ocrx_word' id='word_1_577' title='bbox 1564 2470 1756 2524; x_wconf 77' lang='grc' dir='ltr'>Δημήτηρ.</span> 
     </span>
    </p>

    <p class='ocr_par' dir='ltr' id='par_1_21' title="bbox 1418 2546 2391 2663">
     <span class='ocr_line' id='line_1_86' title="bbox 1458 2546 2390 2601; baseline -0.002 -14"><span class='ocrx_word' id='word_1_578' title='bbox 1458 2548 1681 2600; x_wconf 86' lang='lat' dir='ltr'><strong>(Proclusin</strong></span> <span class='ocrx_word' id='word_1_579' title='bbox 1692 2549 1793 2588; x_wconf 80' lang='lat' dir='ltr'><strong>plat.</strong></span> <span class='ocrx_word' id='word_1_580' title='bbox 1822 2550 1964 2600; x_wconf 85' lang='lat' dir='ltr'><strong>Cratyl.</strong></span> <span class='ocrx_word' id='word_1_581' title='bbox 1973 2562 2014 2599; x_wconf 88' lang='lat' dir='ltr'>p.</span> <span class='ocrx_word' id='word_1_582' title='bbox 2025 2549 2105 2599; x_wconf 84' lang='lat'>96:</span> <span class='ocrx_word' id='word_1_583' title='bbox 2121 2546 2198 2595; x_wconf 83' lang='grc' dir='ltr'>Τὴν</span> <span class='ocrx_word' id='word_1_584' title='bbox 2214 2548 2390 2601; x_wconf 90' lang='grc' dir='ltr'>Δημητρα</span> 
     </span>
     <span class='ocr_line' id='line_1_87' title="bbox 1404 2602 2391 2683; baseline -0.003 -33.957"><span class='ocrx_word' id='word_1_585' title='bbox 1404 2608 1559 2663; x_wconf 83' lang='grc' dir='ltr'>Ὀρφευς</span> <span class='ocrx_word' id='word_1_586' title='bbox 1576 2607 1639 2660; x_wconf 80' lang='grc' dir='ltr'>μὲν</span> <span class='ocrx_word' id='word_1_587' title='bbox 1657 2607 1720 2656; x_wconf 78' lang='grc' dir='ltr'>τὴν</span> <span class='ocrx_word' id='word_1_588' title='bbox 1741 2607 1852 2658; x_wconf 80' lang='grc' dir='ltr'>αὐτὴν</span> <span class='ocrx_word' id='word_1_589' title='bbox 1870 2609 1983 2660; x_wconf 88' lang='grc' dir='ltr'>λέγων</span> <span class='ocrx_word' id='word_1_590' title='bbox 1997 2611 2068 2683; x_wconf 82' lang='grc' dir='ltr'>τῇ</span> <span class='ocrx_word' id='word_1_591' title='bbox 2064 2607 2149 2648; x_wconf 87' lang='grc' dir='ltr'>Ῥέα</span> <span class='ocrx_word' id='word_1_592' title='bbox 2175 2602 2277 2657; x_wconf 69' lang='grc' dir='ltr'>εἶναι,</span> <span class='ocrx_word' id='word_1_593' title='bbox 2297 2607 2391 2660; x_wconf 86' lang='grc' dir='ltr'>λέγει</span> 
     </span>
    </p>
   </div>
   <div class='ocr_carea' id='block_1_21' title="bbox 1403 2667 2391 2782">
    <p class='ocr_par' dir='ltr' id='par_1_22' title="bbox 1403 2667 2391 2782">
     <span class='ocr_line' id='line_1_88' title="bbox 1403 2667 2391 2723; baseline 0.001 -17"><span class='ocrx_word' id='word_1_594' title='bbox 1403 2668 1457 2707; x_wconf 77' lang='grc' dir='ltr'>ὅτι</span> <span class='ocrx_word' id='word_1_595' title='bbox 1484 2668 1614 2708; x_wconf 88' lang='grc' dir='ltr'>ἄνωθεν</span> <span class='ocrx_word' id='word_1_596' title='bbox 1637 2667 1701 2720; x_wconf 79' lang='grc' dir='ltr'>μὲν</span> <span class='ocrx_word' id='word_1_597' title='bbox 1738 2668 1829 2720; x_wconf 83' lang='grc' dir='ltr'>μετὰ</span> <span class='ocrx_word' id='word_1_598' title='bbox 1860 2667 1998 2722; x_wconf 89' lang='grc' dir='ltr'>Κρόνου</span> <span class='ocrx_word' id='word_1_599' title='bbox 2028 2684 2116 2707; x_wconf 78' lang='grc' dir='ltr'>ουσα</span> <span class='ocrx_word' id='word_1_600' title='bbox 2145 2667 2391 2723; x_wconf 83' lang='grc' dir='ltr'>ἀνεκφοίτητος</span> 
     </span>
     <span class='ocr_line' id='line_1_89' title="bbox 1403 2726 2389 2782; baseline -0.002 -14.971"><span class='ocrx_word' id='word_1_601' title='bbox 1403 2727 1527 2767; x_wconf 83' lang='grc' dir='ltr'>Ῥέα’</span> <span class='ocrx_word' id='word_1_602' title='bbox 1512 2728 1605 2777; x_wconf 82' lang='grc' dir='ltr'>εστί,</span> <span class='ocrx_word' id='word_1_603' title='bbox 1633 2728 1886 2782; x_wconf 74' lang='grc' dir='ltr'>προὸάλλουσα</span> <span class='ocrx_word' id='word_1_604' title='bbox 1924 2727 2042 2768; x_wconf 77' lang='grc' dir='ltr'>δὲκαὶ</span> <span class='ocrx_word' id='word_1_605' title='bbox 2075 2730 2304 2781; x_wconf 81' lang='grc' dir='ltr'>ἀπογεννῶσα</span> <span class='ocrx_word' id='word_1_606' title='bbox 2331 2726 2389 2766; x_wconf 82' lang='grc' dir='ltr'>τὸν</span> 
     </span>
    </p>
   </div>
   <div class='ocr_carea' id='block_1_22' title="bbox 1325 2842 2389 3545">
    <p class='ocr_par' dir='ltr' id='par_1_23' title="bbox 1325 2842 1568 2875">
     <span class='ocr_line' id='line_1_90' title="bbox 1325 2842 1568 2875; baseline 0.004 -1"><span class='ocrx_word' id='word_1_607' title='bbox 1325 2842 1436 2875; x_wconf 87' lang='lat' dir='ltr'><strong>album</strong></span> <span class='ocrx_word' id='word_1_608' title='bbox 1454 2851 1568 2875; x_wconf 89' lang='lat' dir='ltr'><strong>ovum.</strong></span> 
     </span>
    </p>

    <p class='ocr_par' dir='ltr' id='par_1_24' title="bbox 1326 2902 2167 2936">
     <span class='ocr_line' id='line_1_91' title="bbox 1326 2902 2167 2936; baseline -0.002 0"><span class='ocrx_word' id='word_1_609' title='bbox 1326 2920 1594 2931; x_wconf 86' lang='lat'>—————</span> <span class='ocrx_word' id='word_1_610' title='bbox 1613 2903 1683 2935; x_wconf 87' lang='lat' dir='ltr'>Hoc</span> <span class='ocrx_word' id='word_1_611' title='bbox 1698 2903 1809 2935; x_wconf 84' lang='lat' dir='ltr'><strong>autem</strong></span> <span class='ocrx_word' id='word_1_612' title='bbox 1824 2902 1986 2936; x_wconf 84' lang='lat' dir='ltr'><strong>infinitum</strong></span> <span class='ocrx_word' id='word_1_613' title='bbox 2007 2902 2039 2935; x_wconf 89' lang='lat' dir='ltr'>in</span> <span class='ocrx_word' id='word_1_614' title='bbox 2055 2902 2167 2935; x_wconf 80' lang='lat' dir='ltr'><strong>orbem</strong></span> 
     </span>
    </p>

    <p class='ocr_par' dir='ltr' id='par_1_25' title="bbox 1325 2962 1865 3004">
     <span class='ocr_line' id='line_1_92' title="bbox 1325 2962 1865 3004; baseline 0.004 -10"><span class='ocrx_word' id='word_1_615' title='bbox 1325 2962 1500 3004; x_wconf 83' lang='lat' dir='ltr'><strong>irrequieto</strong></span> <span class='ocrx_word' id='word_1_616' title='bbox 1515 2971 1614 2996; x_wconf 84' lang='lat' dir='ltr'><strong>cursu</strong></span> <span class='ocrx_word' id='word_1_617' title='bbox 1629 2962 1801 2996; x_wconf 78' lang='lat' dir='ltr'><strong>serebatur.</strong></span> <span class='ocrx_word' id='word_1_618' title='bbox 1822 2981 1865 2990; x_wconf 90' lang='lat'>—</span> 
     </span>
    </p>

    <p class='ocr_par' dir='ltr' id='par_1_26' title="bbox 1327 3021 1972 3064">
     <span class='ocr_line' id='line_1_93' title="bbox 1327 3021 1972 3064; baseline -0.002 -9"><span class='ocrx_word' id='word_1_619' title='bbox 1327 3021 1479 3064; x_wconf 84' lang='lat' dir='ltr'><strong>Prorupit</strong></span> <span class='ocrx_word' id='word_1_620' title='bbox 1495 3031 1571 3055; x_wconf 87' lang='lat' dir='ltr'><strong>vero</strong></span> <span class='ocrx_word' id='word_1_621' title='bbox 1587 3023 1620 3055; x_wconf 87' lang='lat' dir='ltr'>in</span> <span class='ocrx_word' id='word_1_622' title='bbox 1636 3021 1748 3055; x_wconf 84' lang='lat' dir='ltr'><strong>orbem</strong></span> <span class='ocrx_word' id='word_1_623' title='bbox 1762 3021 1972 3055; x_wconf 86' lang='lat' dir='ltr'><strong>immensum.</strong></span> 
     </span>
    </p>

    <p class='ocr_par' dir='ltr' id='par_1_27' title="bbox 1780 3088 1928 3121">
     <span class='ocr_line' id='line_1_94' title="bbox 1780 3088 1928 3121; baseline 0.007 -1"><span class='ocrx_word' id='word_1_624' title='bbox 1780 3088 1928 3121; x_wconf 84' lang='lat' dir='ltr'><strong>xxxlv.</strong></span> 
     </span>
    </p>

    <p class='ocr_par' dir='ltr' id='par_1_28' title="bbox 1325 3151 2261 3194">
     <span class='ocr_line' id='line_1_95' title="bbox 1325 3151 2261 3194; baseline 0.001 -10"><span class='ocrx_word' id='word_1_625' title='bbox 1325 3151 1539 3194; x_wconf 87' lang='lat' dir='ltr'><strong>Compitalem</strong></span> <span class='ocrx_word' id='word_1_626' title='bbox 1555 3154 1698 3186; x_wconf 75' lang='lat' dir='ltr'><strong>Hecaten</strong></span> <span class='ocrx_word' id='word_1_627' title='bbox 1712 3152 1858 3194; x_wconf 86' lang='lat' dir='ltr'><strong>celebro,</strong></span> <span class='ocrx_word' id='word_1_628' title='bbox 1873 3152 2004 3186; x_wconf 83' lang='lat' dir='ltr'><strong>triviam</strong></span> <span class='ocrx_word' id='word_1_629' title='bbox 2021 3152 2206 3186; x_wconf 80' lang='lat' dir='ltr'><strong>amabilem.</strong></span> <span class='ocrx_word' id='word_1_630' title='bbox 2221 3173 2261 3180; x_wconf 91' lang='lat'>-</span> 
     </span>
    </p>

    <p class='ocr_par' dir='ltr' id='par_1_29' title="bbox 1325 3211 2150 3253">
     <span class='ocr_line' id='line_1_96' title="bbox 1325 3211 2150 3253; baseline 0.001 -9"><span class='ocrx_word' id='word_1_631' title='bbox 1325 3211 1416 3244; x_wconf 82' lang='lat' dir='ltr'><strong>Rhea</strong></span> <span class='ocrx_word' id='word_1_632' title='bbox 1433 3211 1683 3253; x_wconf 85' lang='lat' dir='ltr'><strong>intelligibilium</strong></span> <span class='ocrx_word' id='word_1_633' title='bbox 1701 3211 1836 3245; x_wconf 86' lang='lat' dir='ltr'><strong>deorum</strong></span> <span class='ocrx_word' id='word_1_634' title='bbox 1849 3212 1922 3245; x_wconf 86' lang='lat' dir='ltr'><strong>sons</strong></span> <span class='ocrx_word' id='word_1_635' title='bbox 1935 3214 1967 3246; x_wconf 88' lang='lat' dir='ltr'>et</span> <span class='ocrx_word' id='word_1_636' title='bbox 1980 3212 2150 3245; x_wconf 79' lang='lat' dir='ltr'><strong>fluentum.</strong></span> 
     </span>
    </p>

    <p class='ocr_par' dir='ltr' id='par_1_30' title="bbox 1326 3272 2095 3315">
     <span class='ocr_line' id='line_1_97' title="bbox 1326 3272 2095 3315; baseline 0 -10"><span class='ocrx_word' id='word_1_637' title='bbox 1326 3272 1481 3306; x_wconf 89' lang='lat' dir='ltr'><strong>Omnium</strong></span> <span class='ocrx_word' id='word_1_638' title='bbox 1500 3272 1585 3306; x_wconf 90' lang='lat' dir='ltr'><strong>enim</strong></span> <span class='ocrx_word' id='word_1_639' title='bbox 1603 3272 1707 3315; x_wconf 90' lang='lat' dir='ltr'><strong>prima</strong></span> <span class='ocrx_word' id='word_1_640' title='bbox 1719 3273 1843 3306; x_wconf 85' lang='lat' dir='ltr'><strong>viribus</strong></span> <span class='ocrx_word' id='word_1_641' title='bbox 1856 3273 1927 3306; x_wconf 89' lang='lat' dir='ltr'><strong>sinu</strong></span> <span class='ocrx_word' id='word_1_642' title='bbox 1940 3272 2095 3306; x_wconf 78' lang='lat' dir='ltr'><strong>ineffabili</strong></span> 
     </span>
    </p>

    <p class='ocr_par' dir='ltr' id='par_1_31' title="bbox 1326 3333 2197 3376">
     <span class='ocr_line' id='line_1_98' title="bbox 1326 3333 2197 3376; baseline 0 -11"><span class='ocrx_word' id='word_1_643' title='bbox 1326 3333 1492 3375; x_wconf 81' lang='lat' dir='ltr'><strong>excipiens</strong></span> <span class='ocrx_word' id='word_1_644' title='bbox 1502 3333 1620 3367; x_wconf 88' lang='lat' dir='ltr'><strong>liberos</strong></span> <span class='ocrx_word' id='word_1_645' title='bbox 1635 3333 1768 3367; x_wconf 90' lang='lat' dir='ltr'><strong>omnino</strong></span> <span class='ocrx_word' id='word_1_646' title='bbox 1785 3333 1952 3376; x_wconf 74' lang='lat' dir='ltr'><strong>profundit</strong></span> <span class='ocrx_word' id='word_1_647' title='bbox 1966 3334 2146 3366; x_wconf 81' lang='lat' dir='ltr'><strong>currentes.</strong></span> <span class='ocrx_word' id='word_1_648' title='bbox 2158 3350 2197 3356; x_wconf 92' lang='lat'>—-</span> 
     </span>
    </p>

    <p class='ocr_par' dir='ltr' id='par_1_32' title="bbox 1326 3390 2389 3491">
     <span class='ocr_line' id='line_1_99' title="bbox 1326 3390 2389 3435; baseline -0.005 -10"><span class='ocrx_word' id='word_1_649' title='bbox 1326 3393 1412 3425; x_wconf 84' lang='lat' dir='ltr'><strong>Rhea</strong></span> <span class='ocrx_word' id='word_1_650' title='bbox 1430 3401 1505 3435; x_wconf 80' lang='lat' dir='ltr'><strong>quae</strong></span> <span class='ocrx_word' id='word_1_651' title='bbox 1524 3392 1612 3435; x_wconf 88' lang='lat' dir='ltr'><strong>prius</strong></span> <span class='ocrx_word' id='word_1_652' title='bbox 1637 3392 1769 3434; x_wconf 87' lang='lat' dir='ltr'><strong>quidem</strong></span> <span class='ocrx_word' id='word_1_653' title='bbox 1787 3393 1893 3426; x_wconf 79' lang='lat' dir='ltr'><strong>suerat</strong></span> <span class='ocrx_word' id='word_1_654' title='bbox 1905 3417 1913 3431; x_wconf 86' lang='lat'>,</span> <span class='ocrx_word' id='word_1_655' title='bbox 1930 3393 2099 3434; x_wconf 88' lang='lat' dir='ltr'><strong>postquam</strong></span> <span class='ocrx_word' id='word_1_656' title='bbox 2125 3391 2216 3424; x_wconf 78' lang='lat' dir='ltr'><strong>Jovis</strong></span> <span class='ocrx_word' id='word_1_657' title='bbox 2239 3390 2322 3422; x_wconf 73' lang='lat' dir='ltr'><strong>sacta</strong></span> <span class='ocrx_word' id='word_1_658' title='bbox 2340 3391 2389 3421; x_wconf 82' lang='lat' dir='ltr'>est</span> 
     </span>
     <span class='ocr_line' id='line_1_100' title="bbox 2257 3447 2387 3491; baseline 0.008 -10"><span class='ocrx_word' id='word_1_659' title='bbox 2257 3447 2387 3491; x_wconf 65' lang='lat' dir='ltr'><strong>[maten</strong></span> 
     </span>
    </p>

    <p class='ocr_par' dir='ltr' id='par_1_33' title="bbox 1328 3512 1557 3545">
     <span class='ocr_line' id='line_1_101' title="bbox 1328 3512 1557 3545; baseline 0 -1"><span class='ocrx_word' id='word_1_660' title='bbox 1328 3513 1425 3545; x_wconf 84' lang='lat' dir='ltr'><strong>Ceres</strong></span> <span class='ocrx_word' id='word_1_661' title='bbox 1442 3512 1557 3545; x_wconf 83' lang='lat' dir='ltr'><strong>evasit.</strong></span> 
     </span>
    </p>
   </div>
  </div>
 </body>
</html>
