2612 3814
1089 248 1199 288 mxl
1227 247 1482 288 CARMINA.
2267 250 2342 288 35¹1

241 346 280 385 ἐκ
299 344 368 398 γὰρ
389 343 463 389 ἑνός
483 358 567 382 ποτε
587 341 683 386 ὄντος
701 340 783 380 ὅλου
805 340 889 379 τάδε
910 339 1013 379 πάντ’
1038 339 1217 392 ἐγένοντο·

241 407 281 445 ἐκ
297 404 440 444 πάντων
456 403 493 442 δέ
510 401 589 442 ποτ’
601 394 698 446 αὖθις
715 400 750 440 ἓν
770 400 911 439 ἔσσεται
928 401 963 438 ἐν
978 399 1104 453 χρόνου
1122 398 1220 452 αἴσῃ,

241 463 314 503 αἷὲν
333 462 369 503 ἓν
387 462 424 502 ὂν
439 460 500 502 καὶ
515 463 555 500 οὗ
569 460 684 501 πολλά
695 460 775 508 ,καὶ
793 461 830 498 οὗ
848 458 943 499 κατὰ
958 457 1085 498 ταυτὸν
1105 460 1220 510 ἀθροι-

1109 516 1218 572 [σθέν.

241 581 405 622 Πολλᾶκι
419 579 448 620 δ’
462 579 563 619 ἔσται
577 582 707 628 ταῦτα,
721 578 782 617 καὶ
799 578 925 617 οὔποτε
943 584 1068 632 πεῖρας
1088 577 1219 616 ἔπεισιν

158 655 196 682 20
243 641 312 680 αἰεὶ
331 638 469 693 πείρατ’
487 638 567 692 ἔχον
582 653 590 661 ·
610 639 709 677 ποῖον
729 638 827 691 γένος
847 637 993 692 ἔλλαχε,
1016 637 1108 676 τοῦτ’
1130 636 1192 687 ὅν;

241 694 310 739 ὦδε
329 698 398 752 γὰρ
420 700 594 742 ἀθάνατος
614 696 762 740 θάνατος
777 696 860 750 περὶ
883 697 1000 736 πάντα
1021 695 1194 735 καλύπτει

241 758 364 807 θνητὸς
390 757 457 797 ε’ών
469 789 480 808 ,
526 756 588 796 καὶ
619 762 691 795 πᾶν
724 756 868 805 θνήσκει
900 755 1052 811 φθαρτὸν
1064 784 1074 802 ,
1120 752 1160 793 τὸ
1193 753 1222 792 δ’

1039 814 1220 867 [ὑπάρχον

240 876 449 930 φαντασίαις
466 877 748 931 ἀλληλοτρόποις
770 876 832 916 καὶ
853 875 1015 930 σχήμασι
1035 877 1170 928 μορφῆς

243 935 414 976 ἀλλάσσει
432 935 578 989 τρόπον,
596 939 643 982 ὡς
658 935 931 990 ἀποκρυπτέμεν
943 934 1021 989 ὄψιν
1039 933 1221 973 ἁπάντων·

159 1010 194 1035 25
239 996 386 1051 ἄφθορον
407 996 508 1035 ἔσται
533 996 588 1036 ἐόν
605 996 636 1035 τ’
659 996 728 1036 αἷεὶ
742 996 831 1036 καθὸ
848 996 932 1049 τῇδε
956 994 1138 1033 τέτυκται.

299 1069 489 1119 (Stobaeus
498 1069 632 1118 Eclog.
649 1069 762 1117 Phys.
783 1075 821 1104 et
835 1068 922 1106 Eth.
934 1067 1000 1103 lib.
1016 1066 1036 1103 1
1050 1077 1137 1115 cap.
1162 1078 1221 1111 10,

242 1127 263 1164 5
286 1128 420 1165 addito
441 1129 616 1165 lemmate
635 1139 645 1166 ε
674 1125 779 1166 Λίνου
801 1126 842 1164 ἐκ
869 1127 939 1164 τῶν
957 1124 1040 1177 περὶ
1066 1122 1218 1167 Φύσεως

243 1186 395 1238 κόσμου.
429 1189 492 1226 Vs.
520 1186 566 1224 15
586 1180 630 1233 ἧν
660 1184 697 1224 ἓν
722 1184 888 1237 ἅπαντα]
909 1186 1104 1234 rescripsi3
1136 1176 1226 1221 εἶναι

244 1245 384 1285 ἅπαντα
419 1246 536 1285 codd.
568 1248 632 1284 Vs.
664 1246 710 1283 18
749 1243 958 1297 ἀθροισθέν]
1000 1244 1199 1282 emendavi
1211 1257 1222 1291 ;

244 1306 402 1357 ἀθροῖσαι
424 1306 667 1344 membranae.
690 1304 702 1355 )

161 1457 201 1480 ex
226 1455 290 1479 uno
307 1446 393 1479 enim
414 1454 550 1487 corpore
579 1446 754 1488 aliquando
778 1447 851 1480 baec
871 1447 981 1480 omnia
1003 1447 1222 1481 exstiterunt:

161 1514 203 1539 ex
221 1505 375 1539 omnihus
395 1514 476 1539 vero
497 1514 609 1539 rursus
630 1506 806 1548 aliquando
823 1515 927 1539 unum
953 1506 1116 1540 constabit
1137 1516 1220 1549 quo-

838 1565 926 1609 [dam
936 1566 1092 1608 temporis
1107 1567 1225 1608 spatio,

163 1635 290 1667 semper
307 1635 408 1659 unum
428 1635 563 1660 manens
581 1635 621 1660 ae
639 1636 705 1660 non
719 1627 823 1660 multa
835 1651 844 1668 ‚
859 1627 916 1660 sed
933 1636 998 1660 non
1017 1628 1132 1661 eodem
1148 1629 1228 1661 tem·

921 1685 1020 1729 [pore
1039 1687 1237 1722 collectum:

161 1746 255 1785 Saepe
271 1748 382 1778 aulem
396 1745 467 1779 haee
488 1747 584 1779 erunt
598 1770 607 1786 ,
626 1754 731 1788 neque
747 1755 894 1788 unquam
911 1746 985 1779 finis
1002 1747 1101 1780 instat

165 1804 194 1836 ei
214 1804 303 1845 quod
323 1804 474 1847 (novos)
497 1813 627 1847 semper
647 1806 805 1839 terminos
820 1806 938 1848 habet3
957 1807 1089 1848 qualem
1117 1808 1226 1840 ortum

809 1866 933 1909 [babet
960 1866 1024 1900 hoe
1037 1866 1126 1909 quod
1144 1870 1199 1901 est
1210 1871 1227 1901 P

165 1922 219 1955 Sic
242 1923 328 1956 enim
345 1932 434 1957 mors
453 1924 644 1959 immortalis
664 1929 781 1959 cuncta
798 1926 912 1960 obruit

163 1992 226 2016 sua
241 1985 437 2019 mortalitate
450 2010 460 2026 ,
475 1988 509 2019 et
519 1986 645 2019 caduca
663 1987 774 2020 omnia
789 1988 974 2020 moriuntur
987 2000 996 2030 ;
1011 1990 1046 2022 at
1060 1990 1148 2031 quod
1166 1991 1219 2022 est

159 2041 242 2075 visis
258 2043 342 2077 ultro
363 2034 516 2087 ultroque
536 2046 798 2080 commeantibus
810 2049 841 2080 et
859 2045 1040 2080 formarum
1057 2049 1164 2090 specie

1363 332 1435 379 ’Ἦν
1458 337 1546 378 ποτέ
1580 353 1636 377 τοι
1655 337 1779 391 χρόνος
1805 332 1902 383 οὗτος
1927 340 1962 377 ἐν
1984 333 2013 392 ᾧ
2037 338 2113 391 ἅμα
2136 338 2239 378 πάντ’
2261 340 2346 378 ἒπε-

2197 398 2213 451 [
2227 397 2344 452 φύκει.

1419 485 1429 535 (
1445 486 1636 535 Diogenes
1654 486 1830 522 Laertius
1847 483 2021 523 Prooem.
2048 489 2068 528 l,
2092 499 2101 522 ε
2117 485 2245 538 Τούτῳ
2267 486 2348 538 [τῷ

1363 543 1460 596 Λίνῳ
1478 541 1490 597 ]
1516 542 1612 597 ἀρχὴ
1634 545 1703 582 τῶν
1723 543 1933 594 ποιημάτων
1952 542 2034 591 ἥδε·
2056 538 2099 591 ἦν
2124 543 2211 582 ποτέ
2233 546 2312 585 κτλ.
2334 545 2346 596 )

1364 602 1577 655 Ἔζὸδομοίτῃ
1597 602 1641 650 δή
1657 604 1687 641 οἱ
1705 601 1942 655 τετελεσμένα
1962 603 2081 643 πάντα
2098 603 2275 644 τέτυκται.

1695 705 1768 737 ΚΑΙ
1790 705 1927 737 ΠΑΛῙΝ

1366 787 1530 838 Ἑόδόμη
1552 788 1600 826 εἷν
1623 788 1767 839 ἀγαθοῖς
1781 816 1792 835 ,
1811 786 1874 826 καὶ
1894 785 2030 837 ἑὸδόμη
2048 786 2125 826 ἐστὶ
2144 787 2290 838 γενέθλη
2304 803 2314 813 ·

1365 845 1500 898 ἑὸδόμη
1522 848 1557 886 ἐν
1572 846 1763 900 πρώτοισι,
1782 847 1844 886 καὶ
1861 845 1997 898 ἑὸδόμη
2013 845 2088 885 ἐστὶ
2108 845 2239 895 τελείη.

1783 938 1856 969 ΚΑΙ

1285 1040 1321 1066 3ο
1368 1027 1486 1067 Ἑπτὰ
1507 1026 1543 1067 δὲ
1563 1027 1680 1067 πάντα
1702 1026 1868 1066 τέτυκται
1888 1027 1923 1064 ἐν
1942 1028 2078 1079 οὐρανῷ
2100 1025 2327 1078 ἀστερόεντι,

1368 1088 1402 1125 ε’ν
1421 1085 1582 1126 κύκλοισι
1603 1085 1741 1139 φανέντ’
1758 1086 2038 1138 ἐπιτελλομένων
2058 1087 2239 1126 ἐνιαυτῶν.

1424 1182 1435 1235 (
1452 1184 1636 1221 Eusebius
1656 1185 1779 1233 Praep.
1796 1183 1944 1234 Evang.
1967 1196 2055 1234 pag.
2085 1182 2176 1221 668.
2202 1185 2268 1222 Vs.
2302 1181 2347 1219 31

1369 1241 1647 1292 ἐπιτελλομὲνων
1662 1243 1829 1281 ἐνιαυτῶν
1848 1243 1951 1280 edidi
1964 1256 2036 1293 pro
2054 1243 2248 1279 librorum
2260 1243 2351 1279 scri-

1366 1310 1484 1352 ptura
1503 1300 1782 1352 ἐπιτελλομένοις
1804 1301 1985 1343 ἐνιαυτοῖς.
2002 1301 2014 1352 )

1290 1447 1396 1479 mutat
1410 1447 1546 1479 modum
1557 1471 1567 1488 ‚
1586 1447 1632 1479 ita
1649 1448 1686 1479 ut
1699 1448 1846 1479 omnium
1861 1447 1977 1479 faciem
1993 1446 2189 1487 abscondat;

1289 1505 1514 1547 incorruptum
1536 1505 1597 1539 erit
1615 1507 1649 1538 et
1661 1514 1792 1547 semper
1809 1514 1960 1547 manens,
1985 1506 2146 1547 quatenus
2167 1505 2214 1538 sic
2228 1508 2288 1538 est.
2312 1524 2352 1530 -

1288 1567 1366 1598 Erat
1386 1565 1560 1607 aliquando
1580 1566 1710 1607 tempus
1726 1574 1792 1607 quo
1813 1565 1910 1598 simul
1927 1566 2037 1598 omnia
2056 1566 2265 1598 exstiterant.

1288 1625 1435 1666 Septimo
1451 1624 1520 1666 Jam
1542 1624 1595 1658 die
1612 1624 1723 1657 omnia
1737 1624 1766 1657 ei
1784 1625 1925 1666 perfecta
1949 1626 2036 1657 sunt.

1666 1685 1719 1716 ET
1742 1685 1840 1716 ALIO
1863 1684 1976 1716 Loco

1290 1749 1461 1791 Septimus
1484 1748 1602 1782 diesin
1625 1749 1789 1782 bonorum
1807 1758 1945 1783 numero
1972 1751 2041 1789 est,
2059 1748 2144 1781 idern
2166 1748 2235 1781 dies
2256 1748 2353 1781 eliam

2094 1807 2106 1851 [
2121 1816 2229 1841 rerum
2245 1807 2352 1848 origo;

1290 1868 1449 1910 septimus
1462 1868 1495 1901 in
1515 1868 1673 1910 principio
1689 1871 1756 1909 est,
1775 1868 1862 1901 idem
1879 1869 1977 1901 etiam
1995 1868 2065 1901 dies
2084 1877 2269 1909 supremus.

1794 1928 1848 1960 ET

1288 1989 1419 2029 Septem
1440 1996 1518 2021 vero
1533 1988 1644 2021 omnia
1657 1987 1781 2021 suntin
1795 1988 1879 2021 coelo
1903 1988 2059 2022 stellifero
2069 2012 2079 2030 ,

1289 2048 1324 2081 in
1348 2049 1559 2082 conficiendis
1574 2049 1756 2083 ineuntium
1776 2058 1938 2082 annorum
1957 2049 2094 2081 orbibus
2111 2047 2310 2090 apparentia.
