2612 3814
295 300 375 333 ⁴74

292 396 370 425 τους
390 378 523 420 ἐπαΐειν
542 384 610 420 τῶν
633 383 751 421 καλῶν
774 382 923 435 ἐθέλειν,
942 383 999 422 διὰ
1016 386 1077 422 τοῦ
1097 383 1209 434 λέγειν
1222 413 1231 431 ,
1252 383 1293 422 οἵ
1311 383 1341 421 τ’

292 440 477 490 ἀγαθῶν
512 440 652 485 πέλας
685 441 823 480 ὄντων
858 440 941 480 οὔτ’
963 444 1135 494 ἐσορῶσ
1151 458 1211 490 ιν,
1238 441 1314 480 οὔτ
1329 457 1342 480 ε

290 498 500 538 κλύουσι·
520 500 581 539 καὶ
603 499 655 539 ὅτι
679 500 824 539 δυνατὸν
848 501 1064 547 ἀπολυθῆναι
1083 503 1151 539 τῶν
1182 500 1343 553 αὖθαιρέ·

290 570 360 594 των
375 559 493 596 κακῶν
506 559 606 604 δηλοῖ
622 559 661 598 τὸ
679 558 816 599 λύσιν
837 559 882 597 δὲ
899 562 1042 598 κακῶν
1060 564 1224 611 παῦροι
1245 574 1342 597 συν·

294 614 463 666 ίσασιν,
486 615 505 655 ὃ
526 617 655 668 μεταξὺ
683 617 998 671 παρεμὸέὸληται,
1023 617 1080 657 ἵνα
1099 621 1167 656 τῶν
1189 617 1241 671 ἐφ’
1256 621 1340 668 ἡμῖν

293 673 386 727 δείξῃ
406 674 470 722 τὴν
498 676 597 715 λύσιν
620 676 848 729 ὑπάρχουσαν
862 706 871 724 ,
903 676 963 715 καὶ
985 677 1042 715 τὸν
1065 676 1193 726 δεσμὸν
1220 679 1259 715 ἐκ
1283 681 1342 715 τοῦ

292 732 452 772 ἑκουσίου
472 737 648 787 ἠρτῆσθαι
681 734 838 788 μηνύσῃ.
900 727 988 774 Εἶτα
1021 734 1251 774 ἐπισυνάπτει
1278 734 1342 782 τὴν

289 792 554 847 τυφλότητο
569 810 584 838 ς
603 793 663 832 καὶ
681 794 858 846 κωφότη
873 809 946 838 τος
963 799 1038 837 ταῖς
1063 795 1110 838 εἷς
1130 793 1258 832 κακίαν
1282 795 1342 832 ἐκ-

289 851 477 896 πεσούσαις
505 854 635 906 ψυχαῖς
673 852 807 901 αἰτίαν,
841 869 862 891 τ
873 867 891 891 ο
904 852 944 901 ίη
985 853 1121 906 μοῖρα
1160 855 1180 905 β
1192 867 1210 905 ρ
1222 868 1240 891 ο
1250 869 1270 891 τ
1285 855 1313 891 ῶ
1325 870 1341 890 ν

291 910 411 961 βλάπ
422 927 439 949 τ
450 927 486 950 ει
507 927 530 964 φ
544 927 561 963 ρ
573 911 589 950 ε’
599 927 615 949 ν
626 927 646 950 α
656 927 685 955 ς.
747 913 808 955 Εἰς
828 913 896 964 γὰρ
923 912 1043 950 ἄνοιαν
1073 911 1133 950 καὶ
1163 912 1343 964 ἀπροόού-

289 964 411 1008 λευτον
430 969 564 1023 αἵρεσιν
582 972 601 1008 ὁ
624 970 694 1008 ἀπὸ
713 973 781 1008 τῶν
801 970 1022 1023 Κρειττόνων
1039 970 1222 1023 χωρισμὸς
1239 971 1338 1022 ἄγει,

289 1027 326 1066 δν
346 1026 402 1066 διὰ
424 1030 487 1075 τῆς
511 1029 685 1081 λυγρᾶς
713 1045 739 1080 μ
753 1029 879 1082 οίρας
900 1028 1062 1082 ᾐνίξατο,
1083 1032 1145 1077 τῆς
1175 1030 1342 1077 ποῖούσης

290 1089 383 1135 ἡμᾶς
404 1085 468 1131 ἔξω
490 1090 550 1125 τοῦ
567 1087 656 1126 θείου
676 1091 782 1140 χοροῦ
798 1091 841 1141 τῇ
859 1088 945 1141 πρὸς
959 1087 1001 1127 τὸ
1022 1088 1164 1140 μερικὸν
1184 1087 1244 1126 καὶ
1260 1091 1343 1137 θνη-

288 1144 347 1183 τὸν
366 1147 453 1198 ζῷον
475 1145 603 1186 νεύσει.
663 1147 736 1185 Καὶ
756 1145 802 1185 τὰ
822 1146 977 1198 ἑπόμενα
998 1149 1042 1200 τῇ
1061 1145 1211 1199 ἀὸουλία
1227 1161 1343 1200 παρα-

289 1203 460 1251 δείκνυσι,
481 1205 542 1244 καὶ
558 1209 634 1251 πῶς
656 1206 798 1244 ἑκούσια
815 1206 890 1258 ἅμα
913 1205 974 1245 καὶ
991 1206 1136 1245 ἀκούσια
1156 1204 1200 1244 τὰ
1220 1206 1340 1257 πλημ-

289 1262 478 1314 μελήματα
498 1264 695 1303 ἐκδιδάσκει
710 1295 719 1311 ,
736 1268 779 1316 τῇ
794 1264 871 1303 κατ’
886 1264 1052 1303 ἐπιπέδου
1068 1279 1089 1303 κ
1100 1281 1119 1303 υ
1132 1265 1153 1303 λ
1164 1280 1174 1302 ι
1185 1280 1202 1302 ν
1212 1266 1231 1303 8
1242 1280 1260 1317 ρ
1271 1282 1280 1303 ι
1292 1268 1342 1318 κῇ

289 1322 425 1370 κινήσει
446 1321 595 1360 ἐοικέναι
622 1322 736 1376 φήσας
752 1324 811 1362 τὸν
828 1325 898 1361 τῶν
919 1323 1074 1369 ἀνοήτων
1098 1323 1170 1375 βίον
1186 1354 1197 1373 ‚
1219 1321 1254 1366 ὃς
1279 1323 1340 1362 κύ-

290 1380 363 1432 κλῳ
380 1378 456 1430 ἅμα
477 1379 538 1417 καὶ
558 1380 615 1419 ἐπ’
632 1379 766 1425 εὐθείας
784 1382 863 1420 τότε
883 1387 1049 1420 κινεῖται·
1074 1382 1195 1434 κύκλῳ
1214 1381 1278 1433 μὲν
1295 1383 1340 1420 δι’

288 1437 432 1477 ἑαυτόν·
461 1438 516 1476 ἐπ’
543 1438 676 1483 εὐθείας
698 1439 754 1488 δέ,
778 1439 834 1478 διὰ
849 1439 914 1487 τὴν
935 1443 1083 1479 πτῶσιν.
1145 1439 1211 1484 Ὡς
1227 1439 1295 1493 γὰρ
1323 1443 1341 1479 ὁ

289 1495 338 1534 κύ
352 1497 372 1534 λ
384 1512 419 1534 ιν
430 1498 448 1535 8
459 1513 477 1551 ρ
490 1513 508 1536 ο
520 1513 535 1541 ς
550 1499 588 1536 οὐ
605 1501 822 1551 κατακρατεῖ
840 1502 900 1547 τ’ῆς
927 1499 1008 1552 περὶ
1023 1500 1081 1539 τὸν
1102 1499 1204 1545 ἄξονα
1226 1502 1343 1539 κυκλι-

287 1558 352 1604 κῆς
368 1560 590 1609 περιαγωγῆς
603 1558 674 1597 ἀπὸ
692 1561 755 1606 τῆς
769 1558 953 1611 ὀρθότητος
969 1558 1198 1612 πλαγιασθείς
1208 1590 1218 1607 ,
1237 1559 1343 1602 οὕτως

288 1614 365 1654 οὐδὲ
382 1616 478 1668 ψυχὴ
500 1619 561 1663 τῆς
589 1616 732 1662 τεύξεως
760 1620 830 1657 τῶν
850 1617 956 1663 ὅντως
987 1620 1128 1670 ἀγαθῶν
1154 1618 1342 1671 τυγχάνει,

286 1679 347 1714 τοῦ
366 1675 469 1728 ὀρθοῦ
494 1674 598 1726 λόγου
622 1676 758 1724 καὶτῆς
778 1677 864 1730 πρὸς
879 1676 958 1717 θεὸν
986 1676 1186 1721 συστάσεως
1207 1679 1342 1716 ἀποπε-

286 1737 397 1773 σοῦσα
410 1749 418 1758 ·
436 1735 614 1773 πλανᾶται
630 1736 665 1774 δὲ
696 1736 778 1791 περὶ
804 1736 850 1775 τὰ
867 1737 1035 1776 δοκοῦντα
1052 1736 1188 1789 ἀγαθά,
1215 1736 1276 1774 καὶ
1293 1737 1344 1775 ἐκ·

286 1790 429 1845 φέρεται
467 1794 528 1831 ἀπ’
557 1793 691 1839 εὐθείας
724 1797 800 1839 ταῖς
836 1797 1063 1844 αἶσθητικαῖς
1093 1796 1344 1849 προσπαθείαις

286 1852 458 1902 κυλιομ
475 1851 672 1901 ένη·δδιὰ
686 1857 746 1892 τοῦ
763 1854 906 1894 ἄλλοτ’
926 1855 989 1894 ἐπ’
1005 1855 1115 1894 ἄλλα
1131 1855 1343 1910 φέρονται

287 1912 506 1964 ἀπείρονα
529 1911 699 1963 πήματ’
722 1912 908 1966 ἔχοντες
929 1914 1166 1967 παρέστησεν.
1197 1914 1343 1962 Ἐπειδὴ

288 1969 323 2008 δὲ
340 1971 402 2017 τῆς
421 1967 484 2014 τὰς
503 1970 668 2023 φρένας
690 1972 978 2024 βλαπτούσης
999 1973 1186 2026 μοίρας,
1205 1973 1341 2012 καὶτοῦ

285 2033 468 2082 χωρισμοῦ
489 2033 551 2068 τοῦ
569 2030 639 2070 ἀπὸ
656 2034 724 2070 τῶν
739 2031 839 2071 θείων
850 2064 859 2080 ,
874 2032 984 2071 αἴτιον
1000 2027 1041 2080 ἧν
1057 2033 1096 2072 τὸ
1114 2032 1337 2078 αὐτεξούσιον

287 2174 373 2198 curn
398 2163 479 2198 Deo
501 2163 664 2211 excidit,
684 2163 750 2200 sed
766 2165 867 2201 circa
884 2177 927 2202 ea
945 2178 1028 2214 quae
1041 2167 1145 2202 bona
1165 2166 1346 2202 videntur

289 2228 463 2270 vagatur,
489 2229 527 2258 et
547 2234 568 2258 a
585 2229 690 2259 recto
711 2223 917 2261 abducitur
932 2237 1108 2261 sensuum
1127 2225 1345 2262 affectioni·

289 2280 361 2319 bus
379 2281 454 2317 huc
474 2281 565 2318 illuc
584 2282 765 2331 agitatus,
781 2283 887 2332 quod
903 2284 1030 2321 verbis
1047 2285 1120 2321 illis
1134 2313 1143 2330 ‚
1160 2285 1234 2320 huc
1254 2286 1343 2320 illuc

288 2337 471 2386 feruntur,
504 2342 664 2383 infinitis
684 2343 795 2379 malis·
810 2347 995 2392 oppressi,
1015 2345 1213 2382 indicavit.
1235 2345 1345 2391 Quo-

288 2398 389 2434 niam
408 2405 534 2434 autem
554 2397 642 2446 saei
669 2409 810 2437 mentes
830 2403 1002 2438 loedencis
1028 2410 1066 2439 et
1093 2401 1346 2452 separationis

289 2456 394 2493 istius
414 2469 437 2493 a
454 2458 537 2494 Deo
559 2470 670 2495 causa
689 2467 744 2495 est
763 2461 874 2497 liberi
894 2462 1045 2498 arbitrii
1060 2470 1187 2499 motus
1201 2470 1345 2499 naturae

289 2527 522 2566 repugnans,
546 2519 744 2566 quomodo
772 2527 809 2556 et
833 2521 935 2558 hunc
954 2521 1086 2558 sedare
1107 2529 1284 2571 oporteat
1309 2529 1345 2558 et

292 2573 341 2610 ad
358 2575 482 2611 Deum
512 2584 754 2624 convertere,
777 2579 928 2616 duobus
947 2581 1014 2628 qui
1033 2588 1244 2628 sequuntur
1260 2593 1344 2617 ver-

291 2632 395 2669 sibus
411 2633 545 2679 docet‚
565 2631 819 2673 voluntariam
836 2651 973 2675 noxam
991 2639 1047 2675 his
1066 2641 1191 2676 verbis
1211 2647 1346 2676 osten-

292 2690 407 2737 dens,
427 2696 553 2739 gravis
578 2698 674 2730 enim
706 2708 828 2732 comes
851 2698 1012 2734 latenter
1027 2707 1136 2735 nocet
1158 2703 1345 2736 contentio

294 2753 443 2795 innata,
467 2752 726 2790 voluntarium
747 2763 873 2792 autem
893 2757 1106 2795 remedium
1121 2759 1214 2806 illis,
1233 2772 1344 2808 quam

289 2821 490 2858 provocare
501 2823 576 2846 non
594 2813 716 2856 decet,
736 2815 804 2850 secl
813 2816 978 2853 cedendo
993 2820 1144 2858 evitare.
1166 2819 1347 2855 Animad-

294 2874 446 2904 vertens
473 2880 566 2905 vero
595 2883 665 2907 nos
696 2880 783 2909 ante
806 2875 933 2912 omnia
965 2875 1095 2913 divino
1123 2878 1266 2914 auxilio
1298 2878 1347 2914 ad

295 2927 484 2963 malorum
513 2928 695 2978 effugium
726 2939 764 2967 et
793 2932 987 2970 bonorum
1014 2939 1346 2985 recuperationem

294 2998 406 3035 egere
421 3014 432 3035 ,
451 2999 653 3025 conversus
671 2989 719 3026 ad
743 2992 880 3028 Jovem
907 2995 1015 3041 quasi
1043 3008 1198 3044 precem
1227 3010 1348 3046 quan-

297 3045 384 3082 dam
401 3052 438 3082 et
457 3047 587 3083 auxilii
604 3049 831 3097 petitionem
849 3051 946 3089 hanc
966 3054 1176 3106 subjungit.

653 3143 781 3183 XXV.
815 3152 986 3186 61—60.

377 3227 506 3269 Jupiter
520 3229 621 3270 pater3
641 3231 751 3264 multis
769 3233 911 3273 profecto
927 3234 1021 3267 maiis
1035 3244 1148 3270 omnes
1159 3237 1319 3281 liberaris,

378 3275 405 3307 si
416 3276 542 3309 cunctis
557 3277 732 3319 ostendas,
750 3279 838 3320 quati
853 3280 947 3320 genio
967 3284 1112 3316 utantur.

379 3321 427 3354 Tu
452 3324 562 3356 autem
589 3323 676 3358 bono
693 3326 738 3359 sis
753 3326 880 3367 animo,
903 3337 1005 3369 quum
1027 3330 1173 3364 divinum
1190 3341 1290 3374 genus
1311 3334 1352 3367 sit

427 3416 435 3423 ‘
1130 3378 1351 3424 mortalibus,

380 3415 498 3456 quibus
514 3426 604 3450 sacra
622 3419 737 3451 natura
757 3420 884 3462 singula
904 3423 1045 3463 pandens
1063 3429 1307 3462 commonstrat.

380 3464 526 3501 Quorum
546 3465 571 3497 si
593 3465 690 3498 fueris
709 3469 887 3510 particeps,
907 3479 978 3503 mea
992 3470 1084 3510 jussa
1102 3474 1227 3507 tenebis

381 3511 591 3554 remedioque
606 3521 685 3547 usus
701 3514 771 3548 istis
787 3517 942 3551 oerumnis
957 3517 1107 3552 liberabis
1123 3521 1280 3555 animum.

999 294 1275 335 HIEROCLIS
1305 295 1727 336 COMMENTARIUS

1411 382 1546 433 κίνημα
1564 381 1661 436 παρὰ
1681 383 1783 436 φύσιν
1804 384 1979 424 διατεθέν·
1998 385 2073 429 πῶς
2093 386 2146 424 δεῖ
2173 385 2233 424 καὶ
2262 388 2364 425 τοῦτο
2390 401 2459 426 κα-

1410 442 1609 490 τευνάζειν,
1631 442 1692 480 καὶ
1719 442 1806 494 πρὸς
1824 442 1900 483 θεὸν
1933 444 2171 497 ἐπιστρέφειν,
2206 443 2264 483 διὰ
2290 446 2359 484 τῶν
2383 445 2460 495 ἑξῆς

1409 501 1470 539 δύο
1490 500 1622 552 στίχων
1649 500 1783 545 ἐδίδαξε
1795 516 1804 525 ·
1823 500 1887 548 τὴν
1906 500 1968 552 μὲν
1984 501 2203 547 αὐτεξούσιον
2221 502 2357 556 βλάὸην
2371 502 2462 543 οὕτω

1407 558 1680 610 καταμηνύσας,
1700 559 1841 613 λυγρὴ
1858 560 1947 614 γὰρ
1967 561 2220 606 συνοπαδὸς
2240 562 2330 615 ἔρις
2351 563 2460 616 βλά-

1407 632 1584 656 πτουσα
1613 617 1772 666 λέληθε
1800 619 2050 672 σύμφυτος,
2081 619 2145 668 τὴν
2175 621 2211 660 δὲ
2243 620 2462 667 αὐτεξούσιον

1406 676 1521 724 ἴασιν,
1543 676 1595 725 ἣν
1623 678 1673 715 οὐ
1703 678 1779 716 δεῖ
1796 678 2064 731 προσάγειν,
2087 679 2276 720 εἴκοντα
2297 679 2341 719 δὲ
2361 680 2462 734 φεύ-

1407 751 1519 787 γειν.
1580 737 1743 790 Συνορῶν
1764 736 1801 775 δέ
1814 767 1825 786 ,
1847 736 1901 776 ὅτι
1923 737 2194 791 προηγουμένως
2210 742 2273 787 τῆς
2288 738 2387 793 παρὰ
2403 743 2464 780 τοῦ

1407 798 1485 834 θεοῦ
1518 795 1719 847 ἐπικουρίας
1750 796 1928 849 χρῄζομεν
1959 797 2045 849 πρὸς
2079 797 2261 850 ἀποφυγὴν
2294 797 2358 850 μὲν
2392 801 2461 838 τῶν

1407 857 1526 893 κακῶν
1541 885 1552 906 ,
1571 855 1765 903 ἀνάκτησιν
1785 854 1820 893 δὲ
1841 857 1909 893 τῶν
1931 857 2091 907 ἀγαθῶν,
2112 856 2232 910 ὥσπερ
2254 857 2332 896 τινὰ
2353 857 2461 912 εὐχὴν

1408 914 1564 966 ἐπήγαγε
1576 946 1586 964 ,
1607 914 1668 953 καὶ
1687 913 1846 967 βοηθείας
1862 914 2019 964 αἴτησιν,
2038 915 2102 963 τὴν
2129 915 2212 970 πρὸς
2232 916 2290 956 τὸν
2311 915 2367 957 Δί’
2383 919 2463 958 ἐπι-

1410 988 1580 1028 στρορην.

1785 1073 1908 1113 XXV.
1941 1079 2115 1115 61—66.

1492 1181 1551 1211 Ζεῦ
1563 1179 1673 1220 πάτερ,
1694 1178 1715 1219 ἦ
1731 1180 1857 1211 πολλῶν
1874 1190 1910 1212 κε
1923 1183 2030 1212 κακῶν
2044 1181 2167 1218 λύσειας
2184 1182 2335 1225 ἅπαντας,

1494 1227 1521 1258 εἰ
1536 1229 1632 1258 πᾶσιν
1650 1227 1773 1266 δείξαις,
1786 1227 1843 1269 οἵῳ
1868 1230 1914 1269 τῷ
1932 1228 2057 1268 δαίμονι
2070 1232 2221 1270 χρῶνται.

1495 1274 1584 1306 zaza&
1602 1274 1642 1306 σὺ
1663 1275 1787 1316 θάρσει,
1806 1274 1873 1306 ἐπεὶ
1887 1277 1967 1307 θεῖον
1983 1277 2069 1315 γένος
2090 1277 2155 1309 ἐστὶ
2166 1280 2336 1320 βροτοῖσιν,

1493 1322 1540 1359 οἷς
1560 1322 1627 1362 ἱερὰ
1645 1322 1843 1363 προφέρουσα
1862 1323 1950 1363 φύσις
1967 1322 2122 1356 δείκνυσιν
2141 1324 2272 1358 ἕκαστα·

1492 1369 1536 1401 ὧν
1553 1370 1581 1402 εῐ
1594 1369 1644 1401 σοί
1661 1381 1690 1401 τι
1707 1370 1851 1411 μέτεστι,
1868 1371 2033 1411 κρατήσεις
2046 1371 2090 1403 ὢν
2107 1382 2144 1404 σε
2156 1373 2275 1405 κελεύω
2286 1396 2297 1415 ,

1494 1417 1643 1453 ἑξακέσας
1660 1417 1765 1458 ψυχὴν
1781 1417 1814 1448 δὲ
1830 1416 1935 1448 πόνων
1949 1416 2012 1450 ἀπὸ
2031 1418 2129 1450 τῶνδε
2145 1419 2293 1457 σαώσεις.

1460 1498 1532 1538 Τὸν
1553 1498 1702 1545 ποιητὴν
1720 1499 1780 1537 καὶ
1803 1499 1977 1551 πατέρα
1994 1501 2094 1539 τοῦδε
2114 1504 2175 1539 τοῦ
2199 1502 2374 1548 Παντὸς
2390 1503 2465 1548 ἔθος

1406 1551 1448 1604 ἦν
1468 1564 1540 1602 τοῖς
1571 1558 1822 1611 Πυθαγορείοις
1842 1560 1896 1611 τῷ
1916 1562 1977 1597 τοῦ
2009 1559 2108 1603 Διὸς
2127 1560 2188 1599 καὶ
2218 1563 2363 1609 Ζηνὸς
2382 1563 2463 1602 ὀνό-

1408 1633 1494 1669 ματι
1511 1615 1706 1669 σεμνύνειν.
1767 1619 1822 1657 Δι’
1843 1617 1881 1656 ὃν
1896 1617 1964 1670 γὰρ
1983 1617 2023 1656 τὸ
2042 1611 2132 1658 εἶναι
2154 1620 2214 1658 καὶ
2240 1620 2280 1660 τὸ
2299 1623 2362 1675 ζῇν
2389 1628 2461 1667 τοῖς

1407 1683 1546 1716 πᾶσιν
1575 1675 1749 1729 ὑπάρχει,
1772 1682 1891 1716 τοῦτον
1925 1675 2057 1715 δίκαιον
2095 1678 2166 1717 ἀπὸ
2190 1681 2254 1727 τῆς
2290 1680 2463 1732 ἐνεργείας

1407 1737 1651 1787 ὀνομάζεσθαι.
1714 1734 1843 1788 Κύριον
1863 1734 1931 1788 γὰρ
1949 1735 2055 1780 ὅντως
2069 1735 2182 1787 ὄνομα
2202 1741 2279 1777 θεοῦ
2296 1769 2307 1790 ,
2325 1739 2366 1779 τὸ
2384 1745 2464 1785 ταῖς

1410 1794 1596 1848 ἐνεργείαις
1615 1795 1721 1832 αὐτοῦ
1745 1795 1805 1832 καὶ
1833 1799 1912 1838 ταῖς
1944 1794 2109 1842 ποιήσεσι
2129 1796 2284 1846 μάλιστα
2309 1798 2461 1848 πρέπον·

1408 1854 1452 1892 τὰ
1472 1854 1507 1892 δὲ
1522 1855 1576 1907 ἐφ’
1597 1856 1699 1903 ἡμῶν
1724 1853 1894 1892 δοκοῦντα
1911 1852 2016 1905 κύρια
2039 1847 2128 1893 εἶναι
2142 1853 2232 1908 τύχη
2252 1857 2314 1895 καὶ
2333 1855 2463 1911 προαί-

1410 1929 1500 1967 ρεσις
1514 1912 1648 1952 τίθεται
1669 1914 1826 1964 μᾶλλον,
1847 1912 1870 1960 ἢ
1901 1916 1923 1960 ἡ
1944 1916 2006 1961 τῆς
2033 1913 2153 1958 οὐσίας
2170 1915 2341 1963 οἰκειότης
2359 1916 2463 1963 ἐξευ-

1411 1974 1541 2027 ρίσκει,
1562 1975 1610 2018 ὥς
1627 1973 1720 2012 ἔστιν
1741 1972 1799 2012 ἐπὶ
1817 1974 1955 2012 πολλῶν
1972 1973 2055 2012 ἷδεῖν
2074 1974 2253 2025 ὀνομάτων
2271 1977 2463 2031 ἀλλοτρίως

1408 2033 1478 2072 τισὶ
1492 2032 1683 2085 κειμένων
1705 2027 1775 2072 οἷον
1790 2063 1800 2081 ,
1822 2033 1853 2071 εἰ
1877 2034 1894 2071 ὁ
1915 2032 2063 2086 πονηρὸς
2082 2033 2140 2072 τὸν
2160 2032 2286 2087 τρόπον
2309 2035 2462 2089 Ἀγάθων

1460 2164 1787 2213 Pythagoreorum
1817 2175 1900 2199 mos
1934 2171 2036 2210 erat,
2066 2165 2318 2202 universitatis
2345 2164 2460 2213 hujus

1406 2223 1649 2260 conditorem
1681 2230 1719 2258 et
1748 2229 1945 2270 parentem
1978 2221 2059 2266 Διὸς
2092 2230 2131 2260 et
2161 2221 2272 2268 Ζηνὸς
2303 2226 2460 2262 nomine

1406 2293 1558 2318 ornare.
1586 2281 1682 2318 Eum
1702 2282 1825 2329 enim,
1847 2293 1918 2330 per
1943 2293 2058 2330 quem
2075 2281 2132 2331 (δι’
2148 2278 2198 2331 ὃν)
2227 2283 2356 2331 omnia
2372 2291 2461 2320 sunt

1406 2349 1443 2378 et
1471 2342 1608 2379 vivunt
1633 2337 1718 2391 (ζῇν)
1737 2341 1785 2376 ab
1802 2340 1988 2378 industria
2007 2352 2075 2378 sua
2093 2342 2280 2378 nominari
2306 2342 2460 2392 aequur'n

1406 2406 1474 2436 est.
1499 2399 1602 2436 Illud
1628 2400 1728 2436 enim
1748 2400 1950 2450 proprium
1972 2412 2104 2437 revera
2120 2407 2175 2438 est
2194 2401 2265 2437 Dei
2286 2413 2429 2439 nomen
2444 2431 2456 2449 ‚
2495 2394 2497 2399 ¹

1405 2458 1514 2506 quod
1534 2458 1613 2506 ejus
1641 2459 1857 2495 actionibus
1885 2466 1923 2495 et
1952 2459 2134 2508 operibus
2161 2459 2325 2496 maxime
2357 2472 2461 2497 con·-

1405 2519 1508 2566 gruit
1533 2530 1541 2552 ε
1564 2530 1648 2566 quae
1668 2525 1797 2554 autem
1818 2518 1859 2554 in
1876 2518 1988 2554 nobis
2003 2518 2184 2556 videntur
2201 2519 2360 2567 propria
2382 2530 2461 2556 esse
2480 2537 2483 2539 >

1405 2577 1584 2622 nomina,
1612 2589 1701 2614 casu
1729 2578 1848 2626 magis
1875 2584 1914 2613 et
1948 2578 2114 2614 humana
2143 2577 2343 2615 voluntate
2362 2577 2462 2622 ,data

1406 2649 1520 2684 quam
1540 2649 1587 2673 ex
1605 2644 1749 2674 naturae
1769 2637 2006 2686 proprietate
2023 2638 2176 2674 inventa
2192 2644 2300 2684 sunt,
2320 2649 2462 2687 quem-

1405 2696 1675 2733 admodumin
1694 2697 1824 2733 multis
1857 2697 2076 2733 nominibus
2102 2696 2233 2734 videre
2264 2697 2355 2734 licet
2377 2701 2462 2746 q'uae

1406 2755 1617 2804 improprie
1644 2756 1839 2793 nonnullis
1870 2756 2049 2805 imposita
2067 2762 2180 2805 sunt;
2200 2756 2307 2796 velut
2331 2756 2363 2792 si
2382 2757 2462 2793 im-

1404 2814 1550 2863 probus
1583 2815 1735 2863 Agatho
1763 2816 1996 2861 nominetur,
2025 2822 2065 2851 et
2096 2814 2238 2864 impius
2267 2815 2458 2855 Eusebius.

1406 2874 1511 2910 Talia
1545 2875 1646 2910 enim
1679 2875 1775 2910 nihil
1806 2874 1949 2910 habent
1981 2874 2180 2910 nominum
2209 2874 2380 2911 veritatis
2416 2887 2461 2912 ac

1408 2933 1678 2982 proprietatis,
1703 2934 1794 2982 quia
1819 2945 1890 2969 nec
1919 2939 2094 2969 naturam
2122 2944 2194 2969 nec
2224 2933 2302 2968 vim
2329 2945 2459 2971 earum

1406 3004 1554 3038 reruni,
1573 2992 1713 3040 quibus
1733 2992 1854 3028 indita
1865 2998 1966 3037 sunt,
1986 2991 2215 3040 exprimunt.
2233 2989 2331 3028 Vera
2346 2991 2463 3041 igitur

1407 3050 1608 3086 nominum
1639 3051 1858 3099 proprietas
1879 3051 1919 3085 in
1948 3049 2063 3086 rebus
2085 3048 2235 3085 aeternis
2258 3051 2462 3097 quaerenda

1409 3115 1483 3153 est3
1506 3120 1552 3144 ex
1578 3107 1625 3144 iis
1653 3115 1783 3144 autem
1811 3109 1850 3144 in
1880 3109 2033 3155 divinis,
2062 3114 2100 3144 et
2123 3108 2222 3144 inter
2246 3107 2396 3146 divinas
2422 3110 2463 3146 in

1408 3168 1734 3215 praestantissimis.
1755 3167 1869 3204 Unde
1887 3175 1925 3203 et
1940 3167 2035 3204 illud
2051 3165 2132 3208 Διὸς
2153 3178 2295 3203 nomen
2314 3168 2460 3217 signum

1410 3232 1464 3262 est
1481 3233 1597 3274 atque
1615 3225 1742 3275 imago
1767 3233 1911 3262 naturae
1931 3218 2058 3262 rerum
2078 3226 2245 3274 parentis
2262 3227 2346 3275 ipsa
2365 3239 2463 3264 voce

1411 3284 1658 3331 adumbrata,
1677 3291 1884 3335 propterea
1905 3285 2011 3334 quod
2029 3286 2055 3320 ii
2076 3286 2141 3335 qui
2162 3285 2278 3334 primi
2308 3287 2464 3323 nomina

1410 3344 1524 3381 rebus
1560 3344 1785 3381 indiderunt
1804 3345 1855 3381 ob
1886 3356 2070 3381 summam
2099 3343 2342 3393 sapientiam,
2361 3345 2465 3382 velut

1410 3391 1622 3440 statuarum*
1657 3402 1822 3440 artifices
1861 3404 2018 3452 quidam
2066 3405 2203 3454 optimi
2247 3405 2466 3442 nominibus

1413 3469 1592 3511 tanquam
1611 3463 1840 3512 imaginibus
1858 3475 1990 3499 earum
2006 3464 2165 3499 virtutes
2181 3463 2462 3501 indicaverunt.

1384 3555 1389 3559 .
1412 3522 1577 3559 Nomina
1600 3522 1700 3559 enim
1721 3534 1818 3559 voce
1850 3535 2024 3572 expressa
2056 3523 2162 3572 signa
2190 3523 2464 3571 cogitationum
