2612 3814
110 381 142 408 9.
164 365 370 418 Θαυμάζειν
391 362 496 417 φησί,
515 363 590 406 πῶς
608 360 785 408 *Έλληνες
807 358 998 413 ἀρχόμενοι
1026 358 1088 410 μὲν
1109 361 1143 397 ἐν

164 431 301 480 μικροῖς
316 425 475 472 πίνουσι,
493 421 707 469 πλησθέντες
728 419 765 459 δὲ
785 421 820 460 ἐν
841 420 1021 472 μεγάλοις.

219 499 428 549 (Diogenes
444 495 624 533 Laertius
642 493 714 534 lib.
735 493 774 541 Ι,
799 491 903 545 104.)

160 627 183 676 ἢ
203 628 243 667 τὸ
265 629 423 680 ἀριθμεῖν
440 623 647 680 χρωμένους
664 626 747 678 ὁρᾷν
768 622 846 667 τοὺς
861 622 1060 669 ἽΞλληνας.

213 701 460 754 (Plutarchus
479 700 687 747 Quomodo
705 700 795 751 quis
816 712 909 738 suos
929 699 972 736 in
992 697 1140 736 virtute

265 776 340 814 par
339 762 439 800 anda
455 761 600 801 sentire
617 760 741 812 possit
755 759 952 811 profectus
969 772 1009 810 p.
1028 758 1121 797 251.
1128 758 1138 808 )

78 849 124 875 11.
155 833 392 887 Ἐρωτηθείς,
412 833 558 885 πότερον
579 831 720 876 πλείους
748 830 836 870 εἷσὶν
864 831 895 870 οἱ
923 826 1085 875 ζῶντες
1066 845 1088 875 η
1110 829 1141 866 οἱ

157 894 289 948 νεκροί,
312 893 399 947 ἔφη·
420 892 512 937 Ἰοὺς
530 896 588 932 οὐν
607 890 777 936 πλέοντας
795 906 861 929 που
879 889 994 936 τίθης;

212 965 421 1017 (Diogenes
439 964 617 1005 Laertius
637 962 709 1001 lib.
727 961 768 1010 l,
789 966 876 1005 104.
884 958 895 1013 )

75 1048 122 1073 12.
155 1033 287 1076 Μαθὼν
322 1035 506 1109 τέτταρας
523 1033 715 1077 δακτύλους
748 1024 837 1070 εἶναι
866 1030 906 1069 τὸ
933 1029 1047 1082 πάχος
1078 1031 1140 1076 τ’ἧς

154 1110 258 1144 νεως,
287 1110 450 1134 τοσοῦτον
487 1093 552 1147 ἔφη
588 1109 646 1132 ’ἴου
677 1090 827 1130 θανατθυ
857 1106 938 1134 τους
969 1088 1140 1134 πλεοντας

155 1153 267 1206 ἄπεχε
253 1169 315 1193 -lmv

209 1225 415 1278 (Diogenes
435 1222 614 1261 Laertius
633 1221 705 1261 lib.
722 1221 740 1258 I
754 1250 765 1271 ,
789 1219 893 1271 103.)

74 1307 121 1334 13.
154 1293 431 1343 Ὀνειδιζόμενος
451 1291 517 1331 ὑπὸ
549 1291 740 1343 Ἀττικοῦ,
767 1288 821 1328 ὅτι
857 1289 996 1336 Σκύθης
1027 1288 1135 1339 ἐστίν,

151 1352 218 1407 ἔφη
231 1369 239 1378 ·
255 1353 348 1393 Ἀλλ’
364 1351 442 1404 ἐμοὶ
460 1350 523 1403 μὲν
540 1350 701 1398 ὄνειδοςὴ
721 1348 867 1402 πατρίς,
885 1347 926 1387 σὺ
948 1347 983 1386 δὲ
1002 1351 1045 1400 τῇ
1063 1365 1135 1387 πα-

151 1413 255 1466 τρίδι.

207 1484 418 1535 (Diogenes
437 1481 615 1520 Laertius
635 1480 704 1519 lib.
725 1479 768 1531 1,
793 1479 900 1531 104.)

73 1567 118 1592 14.
150 1554 257 1603 Πῶς,
275 1552 409 1604 ἔλεγεν,
429 1549 706 1605 ἀπαγορεύοντες
725 1548 766 1588 τὸ
784 1549 975 1602 ψεύδεσθαι
1004 1550 1038 1588 ἐν
1062 1554 1137 1593 ταῖς

152 1611 367 1659 καπηλείαις
387 1613 545 1664 φανερῶς
560 1609 770 1664 ψεύδονται;

209 1683 419 1735 (Diogenes
437 1681 617 1719 Laertius
633 1679 704 1718 lib.
720 1680 760 1727 Ι,
790 1680 890 1731 104.)

28 1761 30 1763 ’
74 1767 120 1793 15.
153 1750 488 1806 Ἰῧρωτηθείς,’τίνα
508 1753 578 1789 τῶν
605 1749 737 1789 πλοίων
757 1749 850 1789 ἐστὶν
868 1749 1135 1803 ἀσφαλέστερα·

155 1813 221 1867 ἔφη
235 1843 247 1864 ‚
266 1811 324 1852 Τὰ
341 1810 622 1862 νενεωλκημένα.
648 1846 650 1848 .

210 1883 420 1934 (Diogenes
442 1882 622 1920 Laertius
642 1881 714 1921 lib.
737 1881 776 1930 Ι,
804 1878 906 1933 104.)

23 1974 36 1997 -g
74 1965 119 1992 16.
153 1952 205 1990 Τὸ
225 1952 342 1990 ἔλαιον
367 1950 494 2002 μανίας
514 1950 700 2004 φάρμακον
724 1951 821 2002 ἔλεγε
842 1948 899 1988 διὰ
924 1949 964 1988 τὸ
992 1951 1138 2004 ἀλειφο-

153 2009 276 2062 μένους
295 2009 374 2054 vob<
395 2009 549 2057 ἀθλητὰς
570 2008 815 2060 ἐπιμαίνεσθαι
836 2008 1016 2056 ἀλλήλοις.

208 2081 337 2132 (Diog.
357 2079 484 2119 Laert.
504 2079 541 2125 1,
571 2082 672 2131 104.)

74 2165 120 2192 17.
154 2151 225 2191 Καὶ
248 2155 350 2190 τοῦτο
384 2150 450 2205 ἔφη
487 2150 781 2202 θαυμασιώτατον
816 2151 1011 2204 ἑωρακέναι
1039 2150 1138 2202 παρὰ

22 2205 23 2208 ¹
150 2212 221 2256 τοῖς
240 2208 433 2259 Ἕλλησιν,
470 2208 523 2249 ὅτι
557 2210 615 2249 τὸν
650 2209 712 2261 μὲν
739 2210 872 2249 καπνὸν
895 2211 929 2248 ἐν
950 2211 1022 2253 τοῖς
1042 2209 1137 2262 ὄρεσι

151 2268 429 2319 καταλείπουσι,
462 2269 507 2309 τὰ
540 2268 576 2309 δὲ
609 2269 694 2315 ξύλα
724 2270 771 2313 εἷς
805 2269 868 2316 τὴν
902 2269 1004 2309 πόλιν
1026 2268 1138 2318 κομί-

153 2333 261 2376 ζουσι.

113 2463 145 2492 9.
169 2459 279 2492 Mirari
297 2468 330 2491 se
347 2459 448 2499 dixit,
469 2468 528 2491 eur
549 2458 654 2491 Graeci
671 2458 763 2491 initio
783 2459 921 2490 convivii
950 2459 1056 2499 parvis
1075 2468 1134 2499 po-

73 2517 156 2563 culis
173 2518 353 2557 uterentur,
378 2515 432 2548 ubi
450 2525 527 2548 vero
544 2516 682 2549 saturati
700 2521 824 2557 essent,
840 2517 1029 2558 majoribus.

119 2580 168 2609 10.
193 2575 385 2609 Anacharsis
402 2575 531 2607 dicebat
549 2584 584 2607 se
601 2584 665 2608 non
687 2575 800 2608 videre
816 2575 857 2607 ad
873 2576 969 2608 aliam
989 2585 1058 2609 rem
1074 2585 1136 2608 nu-

28 2628 33 2631 *
74 2637 222 2669 mismate
240 2635 288 2667 uti
310 2636 444 2667 Graecos
460 2644 556 2676 quam
574 2634 614 2666 ad
631 2635 883 2668 numerandum.

119 2699 167 2727 lt.
193 2695 429 2734 Interrogatus,
445 2696 557 2725 utrum
577 2693 684 2735 plures
699 2679 779 2726 111νῖ
790 2703 831 2725 311
859 2694 978 2726 mortui
1001 2697 1109 2727 essent
1127 2707 1134 2726 :

74 2754 286 2795 Navigantes,
302 2753 407 2795 inquit
419 2777 429 2794 ,
447 2754 521 2785 utra
536 2753 570 2785 in
586 2755 677 2795 parte
692 2753 886 2786 constituis?

120 2821 170 2849 12.
205 2820 313 2855 Quum
353 2815 517 2848 didicisset
554 2816 707 2856 quattuor
735 2815 909 2856 digitorum
947 2814 1040 2847 navis
1070 2823 1139 2846 esse

75 2871 321 2909 crassitudinem
334 2899 344 2916 ,
361 2877 488 2908 tantum
509 2876 590 2908 dixit
606 2884 624 2907 a
642 2877 746 2908 morte
766 2875 952 2915 navigantes
970 2875 1094 2907 abesse.

120 2939 170 2969 13.
193 2935 411 2977 Exprobranti
424 2935 484 2967 sibi
495 2935 616 2974 Atticm,
631 2935 718 2976 quod
734 2935 851 2975 Scytha
864 2938 947 2967 esset
963 2947 971 2967 ς
990 2937 1032 2974 At
1046 2933 1136 2973 mihi,

76 2997 200 3039 lnquit,
217 2997 368 3030 dedecori
384 2999 432 3030 est
448 2997 548 3038 patria
559 3021 568 3038 ,
587 2998 621 3028 tu
639 2997 760 3037 patriae.

67 3098 68 3103 Ἰ
120 3059 169 3089 14.
194 3057 330 3096 Quint,
352 3056 538 3098 inquiebat,
556 3059 592 3088 ut
608 3056 664 3097 qui
679 3055 805 3087 mentiri
825 3056 952 3095 vetant,
969 3055 999 3086 in
1017 3063 1137 3096 caupo-

27 3107 43 3136 *ss
77 3117 183 3150 nando
199 3119 311 3159 aperte
325 3118 547 3150 mentiantur?

121 3180 172 3210 15.
192 3178 430 3219 Interrogatus,
448 3186 598 3219 quaenam
617 3178 725 3210 essent
738 3177 910 3210 tutissimae
924 3185 1022 3208 naves
1038 3186 1045 3207 z
1059 3176 1138 3208 Sub-

1 3223 11 3234 ”’
28 3240 30 3243 ’
76 3234 203 3275 ductoe,
220 3236 335 3278 inquit.

125 3298 173 3327 16.
198 3296 313 3328 Oleum
333 3297 464 3329 insaniae
479 3297 724 3329 incitamentum
741 3305 809 3329 esse
831 3296 976 3336 dicebat,
999 3295 1084 3336 quod
1101 3304 1139 3327 eo

23 3344 40 3365 ³
79 3354 170 3386 uncti
186 3353 316 3386 athletae
333 3354 451 3388 furiose
466 3363 500 3387 se
516 3358 631 3388 mutuo
647 3355 904 3397 aggrederentur.

8 3458 9 3461 Ἴ
125 3415 174 3447 17.
200 3415 270 3445 Hoc
283 3422 411 3454 quoque
424 3414 598 3455 permirum
613 3415 699 3455 apud
715 3417 844 3448 Graecos
861 3423 896 3447 se
911 3415 1032 3447 vidisse
1045 3414 1139 3454 dixit,

20 3501 23 3504 Α
81 3471 168 3512 quod
196 3471 322 3503 fumum
350 3471 383 3504 in
412 3472 577 3506 montibus
602 3473 839 3515 relinquerent,
860 3474 942 3515 ligna
968 3473 1000 3505 in
1024 3473 1137 3505 urbem

82 3531 309 3563 conveherent.
523 3519 525 3521 ¹

54 588 57 592 ’
84 584 132 610 10,
165 568 377 621 Ἀνάχαρσις
407 565 503 619 ἔλεγε
519 568 571 620 τῷ
587 564 780 616 νομίσματι
803 563 890 616 πρὸς
909 561 1007 601 οὐδὲν
1027 561 1144 615 ἕτερον
1194 579 1196 581 ’

933 266 1427 308 APOPHTHEGMATA.
2198 273 2275 307 233

1345 357 1554 411 (Diogenes
1577 357 1756 396 Laertius
1772 355 1842 395 lib.
1864 357 1904 404 l,
1926 357 2024 409 104.)

1209 442 1256 470 18.
1289 427 1495 478 Θαυμάζειν
1516 426 1633 478 ἔλεγε,
1651 428 1726 470 πῶς
1745 429 1778 466 οἵ
1796 426 1986 474 ”Ελληνες,
2010 432 2275 480 νομοθετοῦντες

1289 487 1384 527 κατὰ
1407 489 1476 526 τῶν
1511 486 1740 540 ὑδριζόντων,
1761 487 1843 530 τοὺς
1863 487 2018 535 ἀθλητὰς
2043 491 2193 539 τιμῶσιν
2215 486 2272 527 ἐπὶ

1288 549 1339 599 τῷ
1358 545 1500 585 τύπτειν
1525 546 1714 593 ἀλλήλους.

1343 620 1553 675 (Diogenes
1570 621 1749 660 Laertius
1767 621 1840 660 lib.
1859 624 1877 659 I
1891 651 1901 669 ,
1926 622 2028 673 103.)

1207 708 1254 734 19.
1286 692 1364 741 Τὴν
1384 693 1513 746 ἀγορὰν
1531 692 1727 747 ὡρισμένον
1746 693 1812 746 ἔφη
1833 693 1940 732 τόπον
1959 695 2006 738 εἷς
2031 693 2072 732 τὸ
2101 693 2273 742 ἀλλήλους

1286 755 1427 807 ἇπατᾷν
1447 752 1509 791 καὶ
1529 755 1767 793 πλεονεκτεῖν.

1341 824 1551 878 (Diogenes
1571 824 1750 864 Laertius
1766 824 1838 865 lib.
1860 824 1897 873 1,
1918 824 2024 877 105.)

1203 910 1251 935 20.
1285 895 1496 950 Ἀνάχαρσις
1522 895 1650 949 ἔφησεν
1672 894 1896 948 εὐδαιμονίαν
1913 895 2082 950 ἄρχοντος
2100 895 2270 948 νομίζειν,

1284 959 1314 995 εἷ
1336 956 1386 1009 μὴ
1409 956 1512 1008 μόνος
1529 956 1582 1005 εἴη
1600 955 1780 1010 φρόνιμος.

1340 1034 1531 1086 (Stobaeus
1550 1033 1655 1073 Flor.
1677 1033 1860 1081 XLVIII,
1882 1031 1962 1085 47.)

1201 1124 1251 1151 21.
1283 1111 1490 1163 Θαυμάζειν
1512 1109 1578 1164 ἔφη
1592 1140 1602 1158 ,
1627 1113 1703 1161 πῶς
1723 1109 1821 1163 παρὰ
1841 1115 1912 1154 τοῖς
1929 1107 2108 1156 (Ἕλλησιν
2136 1109 2269 1160 ἀγωνί-

1281 1173 1398 1216 ζονται
1431 1169 1494 1221 μὲν
1530 1171 1562 1209 οἱ
1591 1170 1771 1222 τεχνῖται,
1813 1169 1968 1222 κρίνουσι
1998 1169 2034 1208 δὲ
2060 1171 2090 1207 οἱ
2123 1168 2173 1220 μὴ
2206 1184 2270 1207 τε-

1281 1244 1413 1281 χνιται.

1335 1300 1545 1353 (Diogenes
1565 1300 1742 1339 Laertius
1761 1299 1836 1340 lib.
1854 1299 1891 1346 1,
1920 1300 2020 1351 103.)
2047 1292 2050 1295 ¹

1200 1395 1246 1421 22.
1277 1381 1426 1429 Παίζειν
1444 1383 1517 1431 δεῖ,
1534 1383 1627 1427 ὅπως
1648 1382 1866 1435 σπουδάσῄς.

1338 1465 1512 1516 (Anthol.
1534 1462 1682 1516 Patav.)

1198 1549 1246 1575 2³.
1279 1534 1574 1586 Ὀνειδιζόμενος,
1587 1533 1640 1572 ὅτι
1658 1534 1798 1582 Σκύθης
1818 1533 1927 1584 ἐστίν,
1945 1526 2053 1571 εἶπεν·
2068 1534 2133 1587 Τῷ
2150 1533 2264 1585 γένει,

1283 1596 1361 1634 ἀλλ’
1381 1597 1419 1633 οὗ
1441 1598 1492 1648 τῷ
1509 1593 1642 1648 τρόπῳ.

1337 1679 1510 1730 (Anthol.
1535 1679 1681 1731 Patav.)

1197 1773 1246 1801 21.
1280 1760 1450 1812 Ἀρδάλου
1480 1760 1656 1804 εἰπόντος·
1679 1759 1787 1800 Ἀλλὰ
1814 1758 1886 1799 θεοί
1914 1775 1954 1812 γε
1983 1758 2138 1803 Σκύθαις
2165 1759 2265 1798 εἰσίν·

1280 1821 1381 1859 Πάνυ
1401 1820 1464 1871 μὲν
1477 1813 1551 1872 οὖν,
1565 1821 1631 1874 ἔφη
1641 1851 1651 1869 ,
1666 1820 1831 1871 γλώσσης
1846 1818 2068 1873 ἀνθρωπίνης
2082 1818 2265 1867 συνίεντες,

1279 1883 1346 1933 οὐχ
1364 1880 1485 1934 ὥσπερ
1506 1880 1542 1919 δὲ
1561 1882 1593 1920 οἱ
1608 1880 1806 1930 Ἵῧλληνες,
1826 1880 1979 1931 οἰόμενοι
2008 1881 2155 1919 Σκυθῶν
2184 1880 2265 1918 δια-

1279 1941 1445 1991 ,λέγεσθαι
1468 1939 1620 1992 βέλτιον,
1640 1941 1736 2003 ὅμως
1754 1938 1834 1985 τους
1855 1939 1951 1984 θεους
1975 1940 2105 1979 ὀστέων
2125 1939 2185 2004 καὶ
2206 1939 2265 1984 ξύ-

1279 2001 1350 2038 λων
1369 2000 1466 2048 ἥδιον
1489 1996 1694 2053 ἀκροᾶσθαι
1705 1999 1916 2051 νομίζουσιν.

1336 2072 1587 2123 (Plutarchus
1617 2072 1789 2111 Conviv.
1822 2071 1894 2109 Vll
1925 2071 2099 2123 Sapient.
2136 2084 2218 2123 cap.
2241 2071 2262 2109 5

1388 2145 1478 2184 pag.
1507 2133 1580 2185 13.)

1198 2225 1244 2249 25.
1274 2204 1368 2250 Οὶδα
1396 2225 1456 2248 και
1492 2209 1705 2262 Ἀνάχαρσιν
1737 2209 1796 2248 τὸν
1831 2208 1973 2256 Σκύθην
2007 2210 2042 2247 ἐν
2077 2207 2263 2261 συμποσίῳ

1278 2271 1524 2319 γελωτοποιων
1556 2270 1790 2321 εἰσαχθέντων
1811 2268 2003 2318 ἀγέλαστον
2020 2267 2262 2318 διαμείναντα,

1278 2329 1428 2376 πιθήκου
1441 2330 1471 2367 δ’
1484 2328 1752 2382 ἐπεισαχθέντος
1766 2327 1968 2380 γελάσαντα
1982 2328 2090 2381 φάναι
2106 2330 2151 2372 ὡς
2166 2331 2264 2373 ουτος

1243 2463 1291 2492 18.
1316 2460 1426 2492 Mirari
1450 2468 1485 2491 se
1510 2459 1635 2499 ajebat,
1657 2467 1715 2490 cur
1734 2458 1840 2490 Graeci
1872 2458 1927 2499 qui
1955 2457 2040 2498 leges
2065 2457 2105 2489 de
2130 2458 2262 2498 injuria·

1199 2527 1271 2550 rum
1289 2518 1478 2550 auctoribus
1503 2518 1643 2557 ferrent,
1663 2517 1800 2550 athletas
1817 2517 1859 2549 ob
1876 2518 1990 2549 mutua
2004 2517 2139 2549 vei-hera
2159 2517 2262 2549 hono-

1199 2579 1317 2609 rarent.

1243 2640 1290 2670 19.
1315 2640 1432 2670 Forum
1450 2647 1519 2671 esse
1535 2638 1644 2670 locum
1665 2637 1704 2670 ad
1726 2639 1872 2670 mutuam
1893 2637 2041 2670 fraudem
2072 2637 2263 2680 lucrumque

1197 2700 1292 2739 turpe
1308 2698 1505 2730 destinatum
1522 2698 1577 2731 ait.

1241 2762 1293 2790 20.
1315 2751 1509 2791 Anacharsis
1535 2758 1618 2791 dixit
1633 2758 1696 2791 sihi
1721 2757 1822 2791 videri
1851 2758 2005 2799 principis
2021 2757 2207 2791 felicitatem
2232 2759 2261 2789 in

1199 2820 1260 2851 hoe
1277 2821 1372 2852 sitam
1390 2828 1478 2860 esse,
1498 2819 1525 2852 si
1543 2829 1608 2852 non
1624 2819 1712 2852 solus
1726 2820 1809 2852 esset
1823 2818 1973 2860 prudens.

1241 2882 1292 2912 21.
1317 2879 1426 2911 Mirari
1443 2888 1477 2912 se
1499 2879 1600 2920 dixit,
1618 2888 1677 2912 cur
1688 2878 1775 2921 apud
1788 2881 1922 2912 Graecos
1935 2878 2074 2911 artifices
2091 2879 2260 2917 certarent,

1197 2938 1378 2979 judicarent
1394 2940 1505 2971 autem
1520 2939 1575 2980 qui
1591 2939 1731 2972 artifices
1748 2948 1814 2971 non
1831 2942 1949 2972 essent.

1242 3002 1294 3031 22.
1316 2998 1510 3031 Ludendum
1527 2999 1588 3032 tibi
1602 3000 1669 3039 est,
1685 2999 1723 3032 ut
1736 2999 1819 3032 seria
1835 3007 1924 3039 agas.

1242 3061 1293 3090 23.
1319 3059 1540 3100 Exprobrante
1557 3059 1722 3100 quodam,
1737 3059 1826 3099 quod
1857 3058 1979 3099 Scytha
2007 3061 2091 3090 esset
2111 3070 2118 3090 ι
2139 3058 2261 3090 Genese

1199 3118 1347 3160 quidem,
1368 3119 1491 3160 inquit,
1509 3128 1573 3151 non
1591 3119 1749 3151 moribus.

1245 3180 1295 3211 24.
1321 3178 1438 3211 Ardalo
1467 3178 1596 3212 dicente
1614 3191 1622 3212 ε
1642 3179 1739 3220 Atqui
1759 3178 1803 3211 dii
1822 3182 1896 3211 sunt
1925 3177 2077 3219 Scythis?
2103 3177 2261 3217 Omnino,

1201 3237 1306 3278 iuquit
1336 3224 1548 3277 Anacharsis,
1580 3237 1668 3278 iique
1697 3237 1847 3269 humanae
1878 3236 1995 3277 linguae
2029 3234 2260 3274 intelligentes;

1200 3305 1306 3338 neque
1331 3305 1407 3329 vero
1431 3297 1560 3338 Scythae
1584 3298 1700 3337 putant
1720 3296 1807 3337 quod
1827 3295 1954 3336 Graeci,
1979 3294 2036 3335 qui
2063 3301 2261 3335 quamquam

1201 3356 1330 3397 Scythis
1354 3355 1539 3397 eloquentia
1565 3357 1719 3397 111-01151310
1746 3364 1780 3387 se
1800 3356 1956 3394 censent,
1973 3355 2084 3385 tamen
2112 3352 2190 3383 deos
2208 3359 2261 3382 os-

1201 3414 1285 3446 sium
1305 3415 1338 3446 et
1357 3413 1515 3455 lignorum
1541 3422 1638 3446 sonos
1659 3412 1811 3445 libentius
1828 3420 1926 3453 quam
1947 3411 2122 3443 humanam
2147 3416 2260 3440 vocem

1201 3472 1313 3506 audire
1328 3472 1512 3513 opinantur.

1247 3535 1300 3565 25.
1324 3532 1395 3565 Scio
1425 3531 1523 3564 etiam
1555 3529 1806 3564 Anacharsidem
1840 3528 1994 3570 scytham
2030 3525 2192 3559 arcessitis
2231 3533 2262 3557 in
