2612 3814
312 225 388 260 452

306 309 395 357 αὕτη
423 306 628 362 φιλοσοφίας
663 306 758 360 ἀρχὴ
791 306 951 360 γίνεται,
979 306 1040 345 καὶ
1072 308 1141 345 τῶν
1163 305 1371 353 ἀνοήτων

305 369 419 421 ἔργω
433 384 450 406 ν
479 383 521 406 τε
542 366 616 406 καὶ
635 367 782 419 λόγων
804 365 917 420 φυγή,
938 366 998 404 καὶ
1017 370 1079 414 τῆς
1099 366 1371 417 ἀμεταμελήτου

305 430 397 474 ζωῆς
416 429 438 474 ἡ
459 426 583 479 πρώτη
620 425 843 479 παρασκευή.
878 424 923 464 Ὁ
949 423 1017 478 γὰρ
1052 426 1170 470 καλῶς
1201 424 1271 477 πρὸ
1303 427 1371 463 τῶν

304 486 463 539 πράξεων
484 485 733 539 βουλευόμενος
751 487 789 525 οὐ
807 484 1012 538 περιπίπτει
1027 484 1155 529 λύπαις
1168 483 1347 527 ἀκουσίως
1359 514 1369 531 ,

305 546 384 585 οὐδὲ
400 546 563 585 λανθάνει
584 545 646 590 τὰς
667 546 779 599 ἀρχὰς
799 545 860 584 καὶ
881 544 944 589 τὰς
965 544 1143 588 ὑποθέσεις
1166 543 1277 588 διδούς
1291 574 1301 592 ,
1322 538 1369 582 ὧν

304 604 349 643 τὰ
370 606 658 659 συμπεράσματα
690 604 750 644 καὶ
783 604 845 649 τὰς
877 603 1040 646 tuentem<
1071 605 1135 642 οὐκ
1166 603 1343 653 ἀσμενίζει
1359 634 1369 652 ,

307 664 386 704 ἀλλ’
405 663 458 703 ἀεὶ
492 664 530 703 τὸ
549 665 660 716 παρὸν
691 663 893 711 συντίθησι,
912 665 982 702 τῶν
1009 663 1123 707 ἄλλως
1153 663 1370 713 ἐπισυμὲαι-

305 724 433 763 νόντων
454 724 516 768 τὰς
547 724 658 777 τύχας
690 724 964 776 ἐκλογιζόμενος.
987 723 1049 762 Διὸ
1078 722 1155 761 οὔτε
1176 722 1370 776 προσδοκίᾳ

304 785 378 822 τῶν·
403 784 600 834 λεγομένων
623 785 763 834 ἀγαθῶν
784 782 823 821 τὸ
852 782 959 827 ὄντως
979 781 1108 834 ἀγαθὸν
1131 781 1171 819 ἂν
1205 782 1368 834 παρίδοι,

306 843 385 883 οὔτε
406 842 505 896 φόὸῳ
524 846 594 882 τῶν
612 842 776 881 ἐναντίων
794 841 858 889 τὴν
877 845 939 881 τοῦ
954 845 1064 880 κακοῦ
1083 841 1207 894 πρᾶξιν
1229 841 1370 894 αἱρήσε-

305 918 378 940 ται·
401 901 536 953 ἑστώσῃ
556 903 591 940 δὲ
607 905 650 954 τῇ
670 899 795 953 γνώμῃ
813 900 898 954 πρὸς
917 899 995 945 τοὺς
1014 900 1123 944 θείους
1143 901 1296 946 κακόνας
1311 901 1370 941 τὸν

305 965 431 1001 ἑαυτοῦ
451 960 522 1013 βίον
545 960 740 1000 ἀπευθύνει.
755 957 837 999 Ἵνα
856 958 891 998 δὲ
910 961 1001 1012 γνῷς
1020 957 1073 997 ὅτι
1094 960 1248 999 δειλοῦ
1268 960 1371 1014 πρὸς

307 1020 465 1072 ἀνδρός
487 1022 585 1058 ἐστι
605 1019 824 1073 πράσσειν
854 1034 900 1058 τε
920 1018 995 1057 καὶ
1017 1018 1159 1072 λέγειν
1178 1019 1370 1069 ἀνόητα,

305 1080 369 1132 ὅρα
390 1079 550 1127 Μήδειαν
571 1077 635 1126 τὴν
665 1079 701 1117 ἐν
721 1081 765 1131 τῇ
787 1076 967 1130 τραγῳδίᾳ
985 1076 1031 1116 τὰ
1054 1077 1131 1116 καθ’
1152 1077 1261 1127 αὑτὴν
1290 1080 1371 1117 ὀδυ-

306 1137 468 1193 ρομένην·
490 1138 567 1186 ἥτις
602 1137 807 1186 ἀδουλήτως
832 1136 911 1181 τοὺς
930 1137 1162 1182 οἰκειοτάτους
1190 1139 1370 1193 προδοῦσα

304 1199 348 1236 δι’
368 1196 482 1251 ἔρωτα
497 1198 643 1238 ἔκτοπον
659 1196 759 1250 ἀνδρὶ
770 1195 855 1250 ξένῳ
869 1196 998 1245 ἑαυτὴν
1012 1197 1233 1250 ἐνεχείρισεν·
1247 1197 1370 1237 ἔπειτα

303 1256 567 1310 ὀλιγωρόυμένη
588 1256 657 1296 ὑπὸ
690 1255 834 1304 τούτου,
868 1256 1030 1312 ἀφόρητα
1059 1258 1210 1311 πάσχειν
1238 1258 1369 1299 οἴεται·

303 1316 363 1355 καὶ
384 1319 422 1355 ἐκ
442 1320 504 1364 τῆς
520 1315 668 1364 οἰήσεως
684 1315 816 1364 ταύτης
834 1316 970 1362 ἀκούεις
987 1310 1043 1356 οἶα
1065 1319 1153 1371 βοᾷ·

390 1412 450 1445 Διά
473 1424 532 1454 μου
552 1414 686 1455 κεφαλῆς
706 1413 779 1454 φλὸξ
796 1412 925 1459 οὐρανία

390 1461 484 1503 βαίη·

305 1542 366 1582 καὶ
394 1542 553 1597 πρόεισιν
573 1544 621 1587 εἷς
643 1542 731 1597 ἔργα
765 1542 978 1597 παράνομα·
1002 1546 1137 1597 πρῶτον
1171 1544 1369 1593 ἀνοήτως

304 1601 526 1656 ἐπευχομένη
548 1602 598 1654 μὴ
616 1605 828 1655 γεγενῆσθαι
847 1603 891 1642 τὰ
906 1602 1077 1655 γενόμενα
1091 1635 1101 1650 ,
1118 1598 1193 1643 εἶτα
1214 1607 1370 1656 μανικῶς

305 1664 425 1705 κακοῖς
457 1663 581 1700 ἰᾶσθαί
606 1661 650 1700 τὰ
671 1662 766 1700 κακὰ
785 1663 988 1715 πειρωμένη
1009 1663 1074 1711 τὴν
1109 1667 1172 1711 τῆς
1201 1663 1369 1709 ἀὸουλίας

1027 214 1297 256 Htssaocus
1327 214 1748 255 COMMENTARIUS

1433 304 1546 358 ἀρχὴν
1582 303 1774 359 ἐξαλείφειν
1803 303 1913 344 οἴεται
1955 306 2048 344 τέλει
2080 305 2233 358 χείρονι,
2264 306 2492 360 παιδοκτονίᾳ

1430 369 1598 417 προπετεῖ
1614 364 1677 411 τὴν
1699 363 1850 403 ἄὸουλον
1869 363 2098 404 παιδοποιίαν
2119 365 2332 418 ἀρνουμένη.
2392 368 2437 407 Εἰ
2454 367 2491 406 δὲ
2535 413 2543 423 .

1433 423 1570 477 βούλει,
1590 423 1650 463 τὸν
1670 423 1917 475 Ἀγαμέμνονα
1937 424 2062 464 θέασαι
2076 424 2135 464 τὸν
2162 423 2326 477 Ὁμήρου
2340 456 2351 477 ,
2371 424 2408 471 ὃς
2431 429 2494 474 τῆς

1432 483 1600 537 ἀμετρίας
1616 487 1676 523 τοῦ
1698 486 1807 536 θυμοῦ
1826 483 1939 529 διδοὺς
1953 484 2051 530 δίκας
2068 484 2228 541 οἰμώζων
2251 488 2439 540 ἀναφωνεῖ·

1519 593 1555 600 -
1573 573 1640 605 ἀλλ’
1657 573 1895 615 ἀλαλύκτημαι,
1917 573 2028 616 κραδίη
2048 574 2081 607 δέ
2104 585 2156 616 μοι
2170 575 2239 612 ἔξω.

1433 656 1503 696 Καὶ
1520 655 1559 695 τὸ
1578 657 1734 709 πυρῶδες
1750 659 1820 696 τῶν
1839 658 2010 709 ὀμμάτων
2025 687 2036 706 ,
2053 657 2071 696 ὃ
2089 658 2202 697 πάλαι
2225 656 2293 696 ὑπὸ
2309 659 2372 704 τῆς
2388 660 2493 709 θυμι·

1430 718 1494 763 κ’ἧς
1530 715 1716 761 διαθέσεως
1753 714 1944 766 ἐξήπτετο,
1984 716 2255 768 μεταπεσόντων
2290 717 2388 770 αὐτῷ
2423 718 2494 755 τῶν

1429 774 1650 827 πραγμάτων
1665 805 1676 826 ,
1721 777 1793 820 τοῖς
1821 777 1891 814 τῶν
1921 775 2082 830 δακρύων
2119 775 2265 829 ὄμὸροις
2293 774 2491 830 κατέψυχε.

1429 836 1595 879 Τοιοῦτος
1623 835 1693 888 γὰρ
1713 841 1785 880 πᾶς
1806 835 1999 883 ἀνόητος
2020 836 2114 889 βίος,
2144 836 2228 888 τῇδε
2259 835 2404 876 κάκεῖσε
2422 837 2494 879 τοῖς

1430 895 1596 940 ἐναντίοις
1616 895 1744 934 πάθεσι
1765 895 2022 946 μεταπίπτων,
2043 897 2076 935 ἐν
2095 896 2233 943 ἡδοναῖς
2255 894 2320 946 μέν
2339 897 2415 935 ἔστι
2431 910 2494 947 μι-

1430 954 1555 1002 σητός,
1575 955 1610 992 ἐν
1638 954 1674 994 δὲ
1701 953 1830 999 λύπαις
1852 954 1997 999 ἐλεεινός
2011 985 2022 1006 ,
2050 953 2111 993 καὶ
2133 956 2269 1009 θαῤῥῶν
2289 953 2492 1006 προπετής,

1429 1013 1490 1053 καὶ
1516 1012 1635 1059 δεδιὼς
1660 1013 1822 1058 ταπεινός
1833 1029 1842 1038 ·
1869 1013 1931 1052 καὶ
1947 1012 2038 1058 ὅλως
2054 1016 2115 1052 τοῦ
2132 1016 2196 1061 τῆς
2212 1012 2397 1058 εὖδουλίας
2411 1027 2496 1065 γεν-

1431 1072 1528 1112 ναίου
1542 1072 1764 1128 φρονήματος
1781 1075 1940 1127 ἀμοιρῶν
1956 1076 1998 1126 τῇ
2014 1073 2108 1127 τύχῃ
2123 1071 2415 1124 συμμεταὸάλλει
2431 1070 2494 1120 τὴν

1430 1130 1586 1184 γνώμην.
1643 1131 1722 1171 Ἵνα
1747 1127 1807 1172 οῧν
1846 1133 1897 1184 μὴ
1918 1132 2086 1172 τοιούτων
2120 1131 2312 1186 δραμάτων
2338 1132 2496 1184 ἀναπιμ·

1430 1191 1627 1242 πλώμεθα,
1647 1208 1705 1245 πρ
1722 1192 1941 1238 άσσοντες
1960 1192 2039 1231 καὶ
2057 1192 2274 1245 λέγοντες
2293 1190 2494 1239 ἀνόητα,

1430 1254 1480 1306 τῷ
1496 1255 1587 1306 ὀρθῷ
1608 1254 1772 1306 λογισμῷ
1789 1252 1846 1292 διὰ
1867 1252 2012 1293 πάντων
2031 1252 2181 1305 ἡγεμόνι
2197 1250 2418 1307 χρησώμεθα
2429 1280 2441 1299 ,
2455 1251 2496 1290 τὸ

1431 1312 1662 1365 Σωκρατικὸν
1696 1313 1810 1352 ἐκεῖνο
1828 1313 2061 1366 πληροῦντες,
2091 1330 2106 1346 α
2134 1314 2183 1356 ὡς
2206 1310 2276 1365 ἐγὼ
2296 1309 2408 1350 οὐδενὶ
2427 1303 2498 1354 οἷός

1430 1370 1469 1410 τέ
1488 1373 1563 1423 εἰμι
1579 1370 1760 1410 πείθεσθαι
1773 1375 1844 1411 τῶν
1865 1372 1959 1423 ἐμῶν
1972 1402 1983 1420 ,
2003 1371 2097 1418 πλὴν
2117 1374 2168 1426 τῷ
2184 1371 2301 1424 λόγῳ,
2317 1368 2353 1414 ὃς
2372 1368 2414 1408 ἅν
2435 1385 2496 1420 μοι

1430 1430 1643 1484 λογιζομένῳ
1666 1430 1766 1484 ὀρθὸς
1785 1431 1969 1486 φαίνηται.
1994 1450 2011 1467 ι»
2068 1430 2196 1483 Ἥμῶν
2217 1432 2254 1470 δέ
2271 1435 2386 1482 ἐστιν,
2404 1431 2496 1471 ἀλλὰ

1430 1492 1496 1543 οὐχ
1515 1490 1662 1542 Ἡμεῖς,
1683 1490 1801 1530 πάντα
1822 1490 1888 1530 ὅσα
1916 1490 2002 1543 πρὸς
2022 1490 2218 1545 ὑπηρεσίαν
2234 1493 2279 1544 τῇ
2297 1492 2423 1544 λογικῇ
2439 1492 2498 1530 οὗ·

1431 1550 1492 1604 σίᾳ
1510 1549 1674 1599 δέδοται,
1698 1545 1769 1589 οἷον
1786 1550 1894 1603 θυμός
1907 1581 1918 1599 ,
1939 1551 2109 1602 ἐπιθυμία
2122 1581 2132 1601 ,
2154 1550 2316 1597 αἴσθησις
2328 1581 2340 1601 ,
2357 1549 2444 1590 αὐτὸ
2457 1550 2497 1589 τὸ

1433 1612 1560 1660 σῶμα,
1581 1609 1622 1648 τὸ
1646 1612 1695 1654 εἷς
1724 1611 1874 1664 ὀργάνου
1905 1610 2028 1664 χρείαν
2056 1611 2133 1655 ταῖς
2165 1611 2335 1663 δυνάμεσι
2353 1610 2498 1654 ταύταις

1429 1669 1739 1723 παρειλημμένον·
1759 1663 1808 1708 ὧν
1838 1669 1951 1708 οὐδενὶ
1978 1669 2049 1722 χρὴ
2075 1669 2282 1721 πείθεσθαι,
2315 1668 2432 1722 πλήν,
2451 1667 2499 1713 ὥς

304 1816 459 1853 Summa
491 1817 609 1866 igitur
637 1816 766 1853 danda
798 1817 912 1854 nobis
945 1825 1000 1854 est
1031 1830 1172 1868 opera,
1199 1832 1247 1855 ne
1277 1819 1373 1868 quid

303 1887 524 1924 peccemus,
555 1877 613 1912 sin
645 1883 770 1913 autem
796 1877 1064 1926 peccavimus,
1086 1884 1129 1914 ut
1153 1878 1372 1916 festinemus

304 1934 352 1970 ad
372 1946 547 1983 paenam,
569 1941 748 1983 tanquam
771 1936 1031 1985 improbitatis
1055 1937 1284 1975 medicinam
1299 1967 1309 1985 ‚
1331 1946 1374 1975 ut

305 1994 453 2030 consilii
474 1994 645 2042 inopiam
665 1996 921 2043 praestantiori
946 1996 1090 2032 auxilio
1118 1998 1369 2047 corrigamus.

305 2055 430 2101 Quum
447 2055 549 2089 enim
563 2054 679 2090 semel
691 2054 867 2091 bonitate
881 2055 1106 2102 excidimus,
1124 2068 1207 2092 eam
1225 2059 1371 2104 saltem,

305 2112 464 2150 admissa
482 2114 722 2150 correctione
754 2114 904 2161 divina,
924 2127 997 2164 per
1019 2115 1158 2163 justam
1175 2118 1372 2166 poeniten-

305 2171 396 2207 tiam
415 2183 697 2220 recuperemus.
720 2174 812 2210 Haec
841 2185 934 2210 vero
956 2175 1183 2223 poenitentia
1204 2176 1376 2225 philoso-

304 2230 403 2278 phiae
412 2230 647 2279 principium
659 2237 713 2267 est
725 2233 1010 2281 stultorumque
1021 2246 1240 2271 sermonum
1258 2243 1374 2285 atque

306 2301 469 2338 operum
486 2288 575 2339 fuga
590 2290 795 2340 primaque
809 2291 858 2329 ad
873 2293 992 2329 vitam
1013 2306 1093 2330 non
1110 2295 1374 2343 poenitendam

304 2349 551 2398 praeparatio.
573 2350 611 2386 Is
633 2350 757 2397 enim,
782 2352 850 2401 qui
882 2353 1109 2402 priusquam
1133 2361 1221 2404 agat
1249 2357 1374 2392 consi-

306 2407 399 2442 lium
420 2414 545 2443 mente
566 2408 846 2457 circumspicit,
867 2422 950 2446 non
983 2412 1117 2448 incidit
1136 2420 1276 2461 praeter
1301 2426 1373 2450 vo·-

307 2466 492 2503 luntatem
509 2468 547 2502 in
561 2468 755 2505 molestias
767 2497 776 2515 ‚
793 2482 863 2506 nec
881 2470 1105 2520 imprudens
1121 2484 1164 2509 ea
1182 2473 1375 2522 principia

309 2532 346 2561 et
375 2526 625 2563 fundamenta
654 2528 786 2576 ponit,
814 2542 981 2578 quorum
1013 2531 1303 2568 conclusionem
1338 2540 1376 2569 et

309 2586 450 2621 exitum
471 2598 550 2622 non
570 2586 735 2624 libenter
751 2587 940 2636 admittit,
956 2588 1022 2627 sed
1042 2602 1195 2641 semper
1211 2604 1377 2641 praesen-

310 2644 362 2680 tia
381 2646 581 2693 componit
593 2673 603 2690 ‚
626 2646 876 2685 consideratis
895 2660 1030 2685 eorum
1048 2662 1132 2699 quae
1149 2651 1260 2687 aliter
1280 2664 1376 2688 con-

312 2704 462 2753 tingunt
490 2704 652 2742 casibus.
675 2707 866 2753 Quocirca
885 2720 957 2745 nec
985 2721 1120 2746 eorum
1134 2737 1144 2756 ,
1165 2723 1248 2760 quae
1270 2711 1377 2748 bona

311 2762 507 2809 dicuntur,
529 2766 813 2813 exspectatione
837 2767 877 2804 id
895 2769 1003 2817 quod
1031 2782 1122 2807 vere
1141 2771 1290 2807 bonum
1320 2779 1377 2808 est

311 2821 501 2870 negliget,
527 2833 598 2857 nec
627 2829 733 2859 metu
761 2826 1044 2863 contrariorum
1063 2828 1207 2864 malum
1233 2828 1378 2865 facinus

313 2880 549 2928 committet,
571 2880 638 2916 sed
659 2889 787 2919 mente
815 2896 967 2933 semper
994 2890 1137 2923 intenta
1163 2887 1213 2924 ad
1233 2887 1377 2924 divinas

312 2940 412 2989 leges
429 2940 547 2975 vitam
573 2951 681 2976 suam
710 2941 855 2991 dirigit.
889 2945 944 2981 Ut
971 2952 1096 2982 autem
1129 2947 1223 2983 scias
1255 2950 1379 2983 m1‘seri

312 3010 392 3035 esse
404 2997 568 3034 hominis
580 3010 628 3034 ea
641 2997 820 3046 etfacere
835 3010 873 3038 et
886 3003 1028 3049 dicere,
1049 3018 1138 3053 quae
1149 3007 1263 3042 stulta
1276 3014 1370 3052 sunt,

314 3057 488 3094 Medeam
507 3057 611 3093 illam
642 3059 683 3094 in
702 3060 891 3109 tragoedia
919 3062 1089 3109 intuere,
1117 3065 1241 3101 vicem
1269 3077 1376 3102 suam

314 3115 601 3166 deplorantem,
631 3130 716 3167 quae
751 3119 828 3155 suis
863 3127 1006 3158 temere
1038 3123 1205 3171 proditis
1237 3137 1377 3162 vesano

315 3188 447 3213 amore
464 3183 574 3226 capta
592 3189 632 3214 se
651 3178 691 3213 in
711 3178 878 3215 hominis
893 3182 1087 3230 peregrini
1106 3195 1240 3220 manus
1255 3184 1379 3221 tradi-

315 3230 395 3276 dit;
417 3236 551 3279 postca
570 3242 663 3267 vero
676 3260 686 3279 ‚
707 3244 827 3280 quum
854 3233 901 3269 ab
922 3245 968 3269 eo
988 3236 1261 3285 negligeretur,
1278 3238 1380 3274 into-

315 3289 488 3326 lerabilia
502 3290 582 3339 pati
595 3302 634 3327 se
649 3291 857 3338 existimat,
878 3300 991 3341 atque
1009 3306 1053 3330 ea
1069 3296 1251 3344 opinione
1265 3296 1380 3334 ducta

313 3349 367 3384 sic
380 3376 391 3394 ‚
415 3349 615 3398 quomodo
639 3350 769 3397 audis,
788 3352 998 3389 exclamat:

403 3443 532 3475 tltinnm
548 3442 676 3476 flamma
691 3444 826 3477 coelestis
841 3454 896 3487 per
908 3454 1016 3479 meum
1034 3450 1130 3489 caput

401 3492 472 3531 eat,

1431 1829 1469 1857 et
1499 1822 1680 1870 procedit
1709 1822 1759 1859 ad
1788 1823 1957 1860 facinora
1988 1822 2155 1873 nefaria,
2192 1825 2362 1873 primum
2385 1824 2500 1861 stulte

1434 1888 1585 1930 optans,
1611 1890 1655 1918 ut
1673 1895 1753 1918 non
1769 1883 1977 1920 acciderint
1995 1895 2079 1932 quae
2097 1883 2341 1930 acciderunt,
2357 1883 2499 1921 deinde

1434 1940 1607 1978 furenter
1617 1943 1726 1978 malis
1740 1943 1839 1979 mala
1858 1955 1993 1979 curare
2009 1949 2157 1979 tentans
2170 1943 2322 1979 initium
2339 1943 2501 1980 temeri-

1434 2001 1517 2037 tatis
1529 1999 1656 2050 pejori
1672 2000 1745 2040 fine
1767 2015 1806 2039 se
1826 2002 1954 2039 delere
1980 2009 2116 2052 putat,
2140 2003 2379 2040 temerariam
2398 2001 2500 2040 libe-

1431 2072 1564 2096 rorum
1587 2063 1896 2110 procreationem
1918 2063 2106 2111 praecipiti
2127 2074 2262 2099 eorum
2289 2074 2384 2099 nece
2410 2060 2498 2099 inti-

1433 2120 1542 2159 tians.
1562 2120 1708 2168 Quodsi
1730 2122 1879 2171 placet,
1906 2121 2155 2158 Homericum
2172 2123 2499 2171 Agamemnonem

1431 2179 1575 2227 aspice,
1593 2180 1660 2228 qui
1681 2179 1773 2216 dum
1793 2180 1858 2216 irae
1878 2179 2094 2217 immodicae
2120 2192 2253 2230 poenas
2272 2180 2337 2217 dat
2355 2179 2503 2228 ejulans

1432 2238 1620 2274 exclamat
1637 2250 1647 2276 :

1516 2345 1558 2352 -
1575 2324 1812 2367 perturborque
1825 2325 1934 2357 animo
1948 2333 2007 2357 nec
2022 2333 2079 2357 cor
2092 2325 2202 2357 manet
2214 2324 2312 2358 intus.

1433 2412 1561 2459 Atque
1581 2410 1689 2446 illum
1712 2410 1914 2446 oculorum
1935 2408 2113 2445 ardorem
2127 2436 2136 2453 ,
2156 2408 2224 2456 qui
2240 2406 2395 2457 pridem
2423 2407 2501 2445 ira·

1434 2470 1574 2506 cundia
1605 2469 1903 2515 accendebatur,
1930 2469 2047 2505 rebus
2086 2470 2121 2504 ei
2157 2468 2285 2504 minus
2316 2479 2504 2517 prospere

1434 2529 1659 2566 cedentibus
1672 2557 1683 2575 ,
1719 2529 1963 2566 lacrimarum
2006 2527 2130 2564 imbre
2176 2527 2363 2564 restinxit.
2403 2526 2506 2564 Talis
2550 2554 2553 2557 ι

1434 2590 1537 2626 enim
1565 2596 1640 2635 est,
1668 2590 1890 2638 quicunque
1926 2588 2210 2625 inconsiderate
2241 2587 2360 2623 vitam
2392 2585 2500 2636 agit,

1436 2650 1638 2686 contrariis
1652 2649 1853 2686 affectibus
1867 2650 1944 2686 huc
1958 2649 2049 2686 illuc
2065 2649 2249 2698 agitatus;
2266 2648 2308 2684 in
2320 2646 2506 2696 jucundis

1437 2711 1593 2759 quidem
1612 2710 1728 2747 rebus
1743 2710 1886 2746 invisus
1899 2717 1972 2756 est,
1991 2710 2032 2746 in
2051 2709 2218 2746 tristibus
2233 2721 2326 2745 vero
2341 2707 2501 2744 misera-

1435 2771 1542 2817 bilis,
1563 2777 1601 2807 et
1627 2783 1746 2819 quum
1775 2768 1934 2806 confidit
1955 2769 2181 2806 temerarius
2194 2796 2203 2814 ‚
2223 2780 2344 2817 quum
2365 2766 2502 2804 metuit

1437 2829 1603 2878 dejectus
1612 2820 1624 2876 ’;
1637 2838 1752 2879 atque
1762 2830 1803 2865 in
1815 2830 2035 2866 universum
2044 2834 2151 2865 recto
2161 2839 2352 2877 generosae
2364 2826 2505 2863 mentis

1437 2890 1598 2926 consilio
1619 2889 1820 2926 destitutus
1836 2886 2060 2926 sententiam
2077 2900 2164 2924 cum
2188 2886 2343 2923 fortuna
2362 2890 2499 2924 mutat·

1436 2951 1493 2987 Ne
1517 2950 1635 3000 igitur
1654 2948 1845 2997 ejusmodi
1864 2949 2000 2986 fabulis
2017 2947 2154 2996 repleti
2174 2958 2217 2982 ea
2237 2942 2438 2992 faciamus
2465 2952 2507 2981 et

1437 3011 1615 3055 dicamus,
1634 3022 1721 3059 quoe
1736 3010 1851 3045 stulta
1870 3016 1964 3053 sunt,
1982 3015 2085 3044 recta
2101 3006 2251 3043 ratione
2267 3005 2307 3041 in
2322 3003 2507 3041 omnibus

1441 3070 1538 3107 duce
1556 3076 1725 3115 utamur,
1746 3066 1916 3105 Socratis
1935 3066 2031 3103 illud
2051 3066 2199 3102 dictum
2222 3064 2467 3101 observantes
2488 3076 2499 3100 ε

1446 3121 1675 3180 «egovero
1702 3128 1797 3164 nulli
1824 3139 1999 3163 meorum
2026 3137 2182 3174 possum
2205 3123 2502 3174 obtemperare,

1438 3190 1510 3226 nisi
1528 3188 1691 3234 rationi,
1711 3200 1795 3236 quae
1812 3186 1906 3222 mihi
1926 3185 2120 3234 reputanti
2146 3191 2250 3220 recta
2268 3182 2459 3221 videatur.
2479 3199 2496 3215 ι»

1438 3249 1579 3286 Nostra
1597 3260 1691 3285 vero
1703 3276 1714 3294 ,
1730 3258 1810 3283 non
1823 3252 1948 3282 autem
1963 3257 2046 3289 nos,
2062 3251 2149 3280 sunt
2168 3243 2299 3280 omnia
2312 3242 2398 3289 illa,
2416 3254 2505 3291 quae

1438 3309 1640 3345 ministerii
1668 3308 1756 3344 loco
1778 3313 1922 3343 naturae
1955 3305 2182 3354 intelligenti
2212 3303 2298 3340 data
2329 3309 2434 3350 sunt,
2458 3309 2503 3338 ut

1440 3370 1518 3415 ira,
1552 3367 1763 3419 cupiditas,
1797 3378 1943 3415 sensus,
1971 3377 2112 3414 corpus
2136 3365 2281 3414 ipsum,
2305 3361 2413 3412 quod
2440 3362 2501 3398 in-

1441 3428 1639 3465 strumenti
1669 3428 1753 3464 vice
1784 3425 2032 3462 facultatibus
2060 3425 2138 3461 istis
2173 3429 2380 3460 assumtum
2405 3428 2459 3458 est
2486 3431 2502 3458 :

1443 3500 1610 3536 quorum
1634 3487 1731 3524 nulli
1757 3484 2105 3535 obtemperandum
2123 3512 2133 3530 ‚
2151 3484 2246 3528 nisi,
2268 3489 2310 3519 ut
2341 3482 2394 3518 ait
2412 3481 2501 3530 ille,
