2612 3814
938 231 994 270 IN
1027 229 1246 270 AUREUM
1277 227 1513 270 CARMEN.

142 324 335 380 διαφθείρει
356 323 408 378 ἐφ’
428 321 506 362 ὅσον
528 315 597 361 οἷόν
619 336 670 361 τε.
710 321 836 373 Φθορόι
857 319 894 359 δὲ
916 318 1090 359 ἀθανάτου
1111 318 1203 372 πρά-

141 399 278 438 γματος
294 371 401 422 κῖικία
415 412 426 431 ,
439 376 480 429 ἧς
501 379 651 420 ἀὸουλία
672 378 813 432 μήτηρ,
828 378 871 427 ἢν
892 380 1053 432 ἐκφυγεῖν
1067 382 1085 418 ὁ
1101 377 1202 430 λόγος

86 446 95 456 ”
145 449 310 498 παραινεῖ
329 442 451 486 ὅπως
473 440 528 492 μὴ
550 442 676 492 μῶρα
697 439 916 486 πέληται.
946 441 1082 491 Μῶρα
1104 436 1203 477 δὲτὰ

147 505 250 545 ἄθλια
283 503 344 543 καὶ
389 501 496 541 κακά.
531 499 583 539 Τὸ
614 498 682 551 γὰρ
724 498 874 549 λέγειν
911 497 935 546 ἢ
973 498 1202 552 πράσσειν

146 563 311 612 ἀνόητα
335 559 489 601 δειλοῧ
523 558 631 611 πρὸς
662 558 826 612 ἀνδρός
854 559 987 607 ἐστιν,
1010 558 1087 597 ἀντὶ
1118 562 1202 603 τοῦ,

144 621 401 673 κακοδαίμονος
430 617 515 658 ἴδιον
537 617 738 671 ἀνθρώπου.
761 619 803 656 Ei
825 616 861 655 δὲ
885 617 1118 670 βουλεύοιο
1137 615 1205 670 πρὸ

145 680 294 733 ἔργου,
315 676 416 717 οὔτε
438 677 558 731 ἐρεῖς
577 692 637 726 τι,
655 675 756 716 οὔτε
773 676 977 730 πράξεις,
998 677 1203 725 ἀνόητον,

147 741 200 791 ἐφ’
220 733 268 783 οἷς
289 739 454 776 ἀνιᾶσθαι
474 736 610 787 ἀνάγκη
635 736 714 781 τοὺς
733 740 776 790 τῇ
800 736 949 789 ἀὸουλίᾳ
979 735 1203 780 ὑπευθύνους.

147 797 201 839 Τὸ
218 796 435 850 γὰρ.σαθρὸν
454 798 516 842 τῆς
536 795 700 848 αἱρέσεως
721 799 765 850 τῇ
788 794 1004 849 μεταμελείᾳ
1025 794 1207 847 ἐλέγχεται

145 856 252 909 πείρα
271 854 385 900 δεῖξαν
416 857 481 903 τὴν
505 854 656 908 βλάὸην,
675 855 794 906 ὥσπερ
816 849 861 893 αῧ
889 853 928 893 τὸ
946 857 1007 901 τῆς
1026 852 1209 897 εὗὸουλίας

147 916 304 963 γενναῖον
325 909 412 962 πρὸς
434 909 474 948 τὸ
497 910 643 960 μόνιμον
663 909 740 960 ἄγει
755 912 817 955 τῆς
837 909 1002 959 ἐκλογῆς,
1020 908 1076 945 ἐπ’
1093 908 1209 945 αὐτῶν

149 972 217 1008 τῶν
237 968 380 1022 ἔργων
414 969 476 1016 τὴν
504 968 674 1021 ὠφέλειαν
708 966 1003 1019 ἐπιδεικνύμενον·
1034 965 1208 1019 ὠφέλειαν

146 1028 188 1068 δέ
200 1059 211 1077 ,
230 1030 266 1068 οὐ
298 1027 362 1075 τὴν
384 1031 446 1067 τοῦ
466 1027 650 1076 σώματος,
674 1027 751 1066 οὐδὲ
784 1025 848 1074 τὴν
883 1028 950 1065 τῶν
973 1026 1070 1070 ἐκτός
1085 1055 1096 1075 ,
1117 1025 1209 1065 ἀλλὰ

149 1087 212 1136 τὴν
231 1091 334 1140 ἡμῶν
354 1090 484 1139 αὐτῶν,
505 1082 555 1132 οἷς
573 1087 634 1126 καὶ
655 1087 694 1126 τὸ
715 1085 1021 1140 βουλεύεσθαι
1043 1085 1127 1139 πρὸ
1146 1084 1210 1139 ἔρ-

147 1163 230 1199 γου
264 1147 570 1200 παραγγέλλεται,
605 1147 666 1186 καὶ
697 1150 809 1185 ταῦτα
842 1147 1067 1195 ἐκτελεῖν,
1091 1144 1126 1203 ἃ.
1150 1143 1208 1196 μὴ

149 1205 326 1254 ἀνιήσει
347 1209 462 1257 ἡμᾶς·
497 1211 590 1257 ἡμᾶς
611 1204 648 1244 δὲ
670 1206 775 1252 δῆλον
810 1203 864 1243 ὅτι
897 1203 961 1250 τὴν
992 1204 1126 1257 ψυχήν.
1163 1203 1211 1244 Τί

147 1266 219 1318 γὰρ
240 1265 362 1319 ὄφελος
384 1264 596 1319 ἐπιορκίαις,
619 1263 642 1312 ἢ
666 1264 797 1318 φόνοις,
817 1258 845 1312 ἢ
862 1263 987 1308 ἄλλαις
1013 1263 1084 1303 τισὶ
1103 1279 1211 1303 κακο-

148 1325 317 1379 πραγίαις
335 1321 525 1372 ληΐσασθαι
550 1324 741 1377 χρήματα,
765 1323 826 1363 καὶ
847 1324 1011 1362 πλουτεῖν
1043 1322 1088 1362 τὰ
1117 1323 1182 1369 ἔξω
1198 1353 1209 1374 ,

151 1383 339 1435 πενόμενον
360 1383 423 1432 τὴν
439 1382 557 1437 ψυχὴν
579 1385 648 1422 τῶν
669 1382 932 1422 ἐπιὸαλλόντων
960 1382 1048 1435 αὐτῇ
1077 1384 1210 1422 καλῶν·

151 1442 212 1482 καὶ
247 1444 333 1495 πρὸς
353 1448 454 1483 τοῦτο
479 1441 503 1490 ἢ
536 1441 755 1490 ἀναισθήτως
787 1440 895 1494 ἔχειν,
928 1441 988 1480 καὶ
1019 1441 1076 1480 διὰ
1110 1445 1212 1480 τοῦτο

151 1503 287 1554 μᾶλλον
310 1501 494 1542 ἐπιτείνειν
518 1501 558 1541 τὸ
576 1500 733 1551 κακόν,ἢ
753 1503 800 1545 εἷς
822 1500 982 1549 αἴσθησιν
1002 1503 1073 1541 τῶν
1093 1502 1213 1552 εἰργα-

151 1561 291 1613 σμένων
317 1561 384 1602 ὑπὸ
414 1565 477 1609 τ’ῆς
501 1560 730 1609 συνειδήσεως
753 1560 940 1611 ἑλκόμενον
961 1560 1216 1614 στρεὸλοῧσθαι

150 1619 217 1669 τὴν
237 1622 368 1676 ψυχήν,
388 1621 447 1661 καὶ
464 1620 653 1673 δειμαίνειν
674 1621 719 1660 τὰ
741 1623 776 1660 ἐν
798 1619 882 1676 ᾅδου
900 1620 1137 1674 κολαστήρια·
1156 1620 1217 1660 καὶ

154 1680 265 1731 μόνην
281 1679 374 1719 ἴασιν
390 1679 595 1732 ἐξευρίσκειν
616 1679 676 1728 τὴν
694 1681 742 1725 εἷς
757 1679 797 1719 τὸ
817 1679 866 1730 μὴ
887 1673 977 1719 εἶναι
992 1680 1215 1737 καταφυγήν,

152 1740 229 1781 ὅθεν
253 1743 346 1793 αὐτῷ
367 1740 583 1792 παρίσταται
603 1743 703 1794 κακῷ
737 1739 778 1779 τὸ
811 1742 919 1779 κακὸν
942 1741 1083 1790 ἰᾶσθαι,
1107 1744 1217 1794 φθορᾷ

154 1802 217 1848 τῆς
236 1801 352 1853 ψυχῆς
380 1799 443 1847 τὴν
464 1799 594 1839 κακίαν
616 1799 945 1855 παραμυθουμένῳ,
963 1799 1025 1840 καὶ
1044 1800 1108 1848 τὴν
1130 1799 1220 1850 μετὰ

153 1859 303 1898 θάνατον
333 1858 508 1898 οὐδένειαν
541 1861 665 1899 ἑαυτοῦ
699 1860 1005 1914 καταψηφίζεσθαι
1036 1862 1127 1914 φυγῇ
1148 1862 1218 1899 τῶν

157 1999 382 2038 conservat,
408 2004 619 2041 pravorum
652 1998 778 2028 autem
810 1992 946 2029 electio
977 2005 1061 2029 eam
1091 1993 1221 2041 quoad

156 2049 241 2089 fieri
272 2058 398 2100 potest
423 2052 652 2100 corrumpit.
675 2052 904 2088 Immortalis
930 2064 1025 2089 vero
1050 2053 1108 2089 rei
1131 2065 1220 2089 cor-

158 2111 289 2159 ruptio
311 2117 366 2147 est
383 2111 548 2157 malitia,
569 2110 676 2159 cujus
691 2123 830 2160 parens
851 2119 905 2148 est
924 2112 986 2148 illa
1006 2112 1219 2158 temeritas,

157 2182 278 2219 quam
293 2170 413 2206 vitare
432 2183 502 2207 nos
519 2171 698 2207 hortatur
716 2183 868 2207 carmen
879 2200 889 2217 ,
905 2184 954 2208 ne
967 2172 1074 2222 fiant
1089 2174 1219 2210 stulta.

159 2229 235 2267 Sed
253 2230 369 2266 stulta
399 2237 507 2277 sunt,
528 2243 612 2279 quae
633 2231 769 2267 misera
787 2236 825 2267 et
849 2231 963 2267 mala.
989 2232 1084 2267 Nam
1107 2232 1223 2267 stulta

157 2290 284 2325 dicere
301 2288 515 2336 aucfacere
532 2293 659 2327 miseri
674 2289 838 2326 hominis
855 2298 930 2335 est,
953 2290 993 2326 id
1012 2296 1084 2336 est,
1106 2289 1224 2326 infeli-

160 2349 215 2386 cis
223 2349 391 2385 hominis
400 2349 619 2397 proprium.
634 2349 700 2386 Sin
716 2357 841 2386 autem
858 2357 950 2386 ante
968 2362 1061 2398 opus
1078 2348 1222 2385 delibe-

161 2410 312 2453 raveris,
327 2407 434 2443 nihil
439 2419 558 2456 neque
573 2409 676 2444 dices
690 2420 810 2457 neque
806 2405 952 2455 facies,
965 2410 1066 2458 quod
1071 2410 1222 2445 stultum

161 2470 226 2511 sit5
238 2465 288 2502 ob
300 2478 383 2514 quae
392 2478 539 2503 necesse
551 2474 606 2503 est
617 2467 841 2504 temeritatis
856 2480 943 2504 reos
957 2468 1127 2505 molestia
1147 2467 1222 2504 affi-

164 2525 213 2563 ci.
229 2525 405 2573 Namque
415 2525 610 2562 electionis
625 2524 783 2562 futilitas
793 2526 1019 2575 poenitentia
1032 2525 1222 2577 arguitur,

163 2583 305 2620 damno
322 2584 557 2633 experientia
574 2583 835 2637 demonstrato
848 2613 857 2631 ,
872 2585 971 2622 sicut
988 2597 1009 2622 e
1031 2587 1223 2622 contrario

165 2643 314 2679 consilii
331 2649 436 2679 recte
462 2643 563 2692 capti
582 2643 756 2692 probitas
776 2643 825 2680 ad
845 2645 1041 2681 electionis
1060 2657 1131 2681 nos
1149 2652 1223 2682 sta-

163 2703 351 2740 bilitatem
371 2703 565 2752 perducit,
581 2703 620 2739 in
638 2704 727 2753 ipsis
745 2703 853 2741 factis
872 2705 1073 2742 utilitatem
1095 2712 1224 2741 osten-

164 2760 279 2810 dens,
309 2762 511 2799 utilitatem
542 2774 635 2799 vero
663 2775 744 2799 non
773 2763 964 2812 corporis,
996 2775 1067 2800 nec
1097 2776 1225 2800 rerum

162 2828 430 2868 externarum,
450 2821 516 2858 sed
536 2821 709 2858 nostrum
728 2822 923 2871 ipsorum,
943 2823 1082 2871 quibus
1113 2824 1225 2860 etiam

163 2886 256 2915 ante
268 2891 358 2928 opus
371 2881 561 2916 consulere
574 2881 795 2930 praecipitur
810 2887 924 2930 atque
938 2893 978 2918 ea
986 2879 1126 2927 facere
1140 2895 1227 2931 quoe

163 2938 272 2974 nobis
315 2951 388 2974 non
426 2941 502 2975 sint
543 2941 700 2976 molesta
711 2967 722 2986 ,
756 2939 869 2976 nobis
899 2952 992 2976 vero
1006 2969 1017 2990 ,
1046 2941 1225 2978 nimirum

162 2997 306 3034 animo.
329 2997 432 3046 Quid
448 2998 549 3035 enim
565 2998 714 3035 homini
731 2999 854 3048 prosit
879 2998 1058 3048 perjuriis
1076 3007 1141 3036 aut
1155 3013 1226 3037 cae-

164 3055 284 3093 dibus
308 3063 373 3093 aut
393 3057 476 3094 aliis
499 3056 687 3105 ejusmodi
706 3056 904 3096 maleficiis
923 3058 1071 3096 divitias
1091 3072 1227 3109 parare

164 3116 409 3164 externisque
429 3116 567 3166 opibus
586 3116 783 3154 abundare
795 3147 805 3166 ,
823 3118 867 3154 iis
885 3117 997 3154 bonis
1017 3118 1224 3168 indigenti,

167 3185 253 3221 quae
264 3173 314 3210 ad
329 3175 499 3211 animum
510 3177 714 3224 pertinent,
722 3184 837 3226 atque
847 3176 889 3228 id
899 3178 958 3214 vel
972 3190 1050 3214 non
1061 3178 1228 3215 animad-

168 3238 317 3268 vertere
336 3232 504 3282 ideoque
522 3235 663 3271 malum
684 3247 838 3286 augere,
862 3236 922 3272 vel
943 3236 993 3273 ad
1012 3236 1227 3273 facinorum

168 3302 318 3327 sensum
349 3294 582 3330 conscientia
614 3295 803 3345 perducto
835 3295 1005 3344 torqueri
1034 3297 1161 3333 animo
1191 3305 1228 3334 et

169 3362 300 3400 poenas
319 3351 422 3401 apud
438 3352 580 3390 inferos
604 3362 775 3392 metuere
794 3355 996 3404 solumque
1016 3356 1227 3392 remedium

169 3409 340 3446 invenire
362 3410 579 3461 perfugium
591 3413 639 3450 ad
657 3421 838 3460 mortem,
851 3414 954 3450 unde
968 3415 1107 3450 malum
1126 3416 1227 3451 malo

167 3479 303 3505 sanare
327 3470 469 3519 cogitat
498 3472 563 3520 qni
585 3473 702 3509 animi
722 3473 878 3510 interitu
907 3474 1089 3510 malitiam
1123 3487 1226 3511 suam

2231 234 2307 267 451

1260 321 1323 365 τῆς
1341 316 1488 372 κρίσεως
1501 315 1631 363 πόνων;
1652 316 1707 355 Οὐ
1729 313 1893 366 βούλεται
1906 313 1976 367 γὰρ
1989 317 2007 354 ὃ
2023 315 2130 359 κακὸς
2151 314 2327 354 ἀθάνατον

1263 369 1352 416 εἶναι
1371 375 1435 422 τὴν
1458 378 1566 413 αὑτοῦ
1598 374 1732 428 ψυχήν,
1750 372 1808 412 ἵνα
1831 374 1881 424 μὴ
1904 374 2077 426 ὑπομείνῃ
2099 373 2326 426 τιμωρούμε-

1262 452 1332 481 νος.
1357 435 1430 476 Καὶ
1462 435 1582 489 φθάνει
1612 434 1672 473 τὸν
1703 434 1775 472 ἐκεῖ
1807 434 1990 485 δικαστήν,
2023 435 2170 474 θάνατον
2203 437 2325 474 ἑαυτοῦ

1263 497 1419 542 παντελῆ
1452 491 1803 546 καταψηφιζόμενος,
1833 494 1881 536 ὣς
1911 493 2044 545 πρέπον
2077 492 2139 540 τὴν
2171 493 2327 546 πονηρὰν

1265 555 1381 609 ψυχὴν
1415 553 1504 604 μηδὲ
1526 547 1630 593 εἶναι.
1655 551 1748 591 Ἀλλ’
1776 545 1873 595 οὗτος
1896 551 1976 601 μέν,
1998 553 2044 595 ὡς
2073 553 2222 605 ἀδουλίᾳ
2243 553 2328 606 πρὸς

1265 614 1392 654 κακίαν
1426 612 1643 665 ὑπενεχθείς,
1665 610 1806 655 εἰκότως
1839 610 1992 665 ἀμετρία
2009 611 2071 658 τὴν
2101 614 2180 650 καθ’
2203 615 2326 651 ἑαυτοῦ

1265 675 1379 726 ψ’ἧφον
1399 671 1559 726 ἐκφέρει·
1576 673 1608 710 οἱ
1635 671 1670 710 δὲ
1694 672 1728 710 ἐν
1751 669 1837 725 ᾅδου
1860 669 2047 718 δικασταί,
2064 669 2124 709 ἅτε
2155 671 2240 724 πρὸς
2271 672 2328 710 τὸν

1265 736 1329 780 τῆς
1349 733 1512 780 ἀληθείας
1527 731 1657 771 κανόνα
1675 730 1738 779 τὴν
1754 730 1866 786 κρίσιν
1878 729 2104 781 ποιούμενοι,
2123 732 2161 769 οὐ
2175 731 2330 784 κρίνουσι

1268 790 1318 842 μὴ
1340 785 1432 831 εἶναι
1451 792 1521 831 δεῖν
1542 791 1605 839 τὴν
1626 791 1758 846 ψυχήν,
1779 789 1871 829 ἀλλὰ
1887 788 2046 843 πονηρὰν
2069 789 2119 841 μὴ
2141 783 2229 830 εἶναι
2242 805 2260 839 ,’
2270 792 2331 830 καὶ

1267 850 1361 895 ὅπως
1382 849 1424 889 ἂν
1445 850 1618 902 μετριάσῃ
1650 850 1690 889 τὸ
1712 850 1819 889 κακὸν
1855 850 1960 896 αὐτῆς
1994 848 2330 902 πραγματεύονται,

1269 910 1327 950 ἐπὶ
1342 909 1498 964 σωτηρία
1510 914 1571 959 τῆς
1586 910 1722 964 φύσεως
1735 909 1797 953 τὰς
1817 908 1978 953 κολάσεις
1994 907 2196 962 ἐπάγοντες,
2211 912 2331 964 ἰατροῦ

1270 970 1384 1022 δίκην,
1401 972 1525 1020 τομαῖς
1541 985 1578 1009 τε
1594 969 1654 1009 καὶ
1674 967 1822 1008 καύσεσι
1852 966 1896 1006 τὰ
1911 967 2098 1020 χειρώνεια
2117 967 2204 1016 ἕλκη
2227 973 2331 1022 θερα-

1269 1029 1449 1074 πεύοντες·
1468 1029 1529 1068 καὶ
1546 1031 1615 1068 τῶν
1637 1026 1898 1080 ἡμαρτημένων
1922 1027 2020 1072 δίκας
2041 1027 2332 1080 εἷσπράττοντες,

1272 1087 1441 1142 μετανοίᾳ
1458 1090 1577 1143 ψυχῆς
1604 1087 1668 1136 τὴν
1689 1086 1860 1140 πονηρίαν
1882 1087 2060 1140 ἀφανίζειν
2093 1086 2330 1139 πειρώμενοι·

1271 1148 1335 1186 οὐκ
1357 1147 1466 1194 αὐτὴν
1486 1147 1550 1194 τὴν
1573 1147 1694 1187 οὐσίαν
1717 1145 1911 1192 ἐξιστάντες
1930 1149 1990 1185 τοῦ
2010 1139 2118 1195 εἶναι,
2137 1145 2213 1185 ἀλλ’
2234 1147 2280 1190 εἷς
2295 1147 2335 1187 τὸ

1272 1201 1360 1246 εἶναι
1378 1209 1513 1257 μᾶλλον
1531 1207 1766 1257 ἐπανάγοντες
1785 1207 1828 1257 τῇ
1846 1207 1915 1243 τῶν
1931 1206 2196 1257 λυμαινομένων
2210 1207 2334 1246 παθῶν

1273 1266 1496 1318 ἐκκαθάρσει.
1514 1266 1716 1306 Κινδυνεύει
1732 1264 1800 1318 γὰρ
1817 1266 1863 1309 εἷς
1879 1264 1981 1316 τὸμὴ
1999 1258 2088 1304 εἶναι
2102 1264 2337 1319 ὑποφέρεσθαι

1274 1328 1296 1373 ἡ
1320 1325 1520 1378 ἀνθρωπίνη
1551 1325 1648 1379 ψυχὴ
1670 1324 1728 1365 διὰ
1749 1327 1811 1372 τῆς
1832 1325 1879 1368 εἷς
1899 1322 1938 1362 τὸ
1970 1323 2067 1377 παρὰ
2092 1323 2192 1377 φύσιν
2215 1327 2335 1378 ἐκτρο·

1275 1378 1372 1432 πῆς,
1399 1387 1443 1438 τῇ
1478 1384 1514 1423 δὲ
1548 1386 1594 1430 εἷς
1626 1385 1666 1425 τὸ
1696 1383 1787 1424 κατὰ
1817 1383 1919 1437 φύσιν
1940 1383 2135 1431 ἀνακλήσει
2159 1384 2246 1437 πρὸς
2264 1384 2336 1432 ,τὴν

1274 1443 1395 1483 οὗσίαν
1418 1442 1479 1491 τὴν
1502 1444 1611 1490 αὐτῆς
1641 1442 1880 1496 ἐπανάγεται,
1903 1443 1964 1482 καὶ
1997 1443 2248 1494 ἀπολαμὸάνει
2273 1460 2338 1483 κα-

1275 1503 1379 1556 θαρὸν
1399 1502 1438 1542 τὸ
1459 1496 1566 1551 εἶναι,
1590 1503 1607 1542 ὃ
1627 1505 1670 1555 τῇ
1694 1502 1859 1555 συμμίξει
1879 1504 1948 1542 τῶν
1975 1505 2096 1542 παθῶν
2117 1503 2336 1557 ἐκηραίνετο.

1276 1563 1339 1602 Διὸ
1358 1566 1547 1615 πειρᾶσθαι
1568 1563 1620 1601 δεῖ
1640 1561 1795 1612 μάλιστα
1815 1561 1878 1611 μὲν
1899 1560 1948 1612 μὴ
1972 1561 2203 1615 ἁμαρτάνειν,
2228 1564 2340 1618 ἆμαρ·

1275 1621 1398 1666 τόντας
1419 1620 1456 1660 δὲ
1479 1621 1640 1660 σπεύδειν
1662 1623 1708 1665 ὡς
1733 1620 1790 1660 ἐπὶ
1812 1619 1972 1671 ἰατρικὴν
1994 1624 2058 1668 τ’ἧς
2086 1621 2257 1672 πονηρίας
2276 1623 2340 1669 τὴν

1278 1681 1394 1729 δίκην,
1428 1680 1744 1733 ἐπανορθουμένους
1787 1679 1851 1728 τὴν
1883 1674 2064 1719 ἀδουλίαν’
2093 1684 2136 1734 τῇ
2170 1680 2341 1733 κρείττονι

1281 1740 1438 1794 βοηθείᾳ.
1460 1740 1566 1780 Ἐπεὶ
1595 1740 1662 1793 γὰρ
1682 1743 1743 1778 τοῦ
1776 1732 1864 1778 εἶναι
1888 1738 2013 1789 ἀγαθοὶ
2042 1739 2339 1793 ἐκπεπτώκαμεν,

1279 1803 1339 1839 τοῦ
1355 1800 1511 1853 γίνεσθαι
1528 1805 1608 1852 γοῦν
1627 1799 1899 1850 ἀντιλαὸώμεθα
1914 1799 2134 1854 μεταμελείᾳ
2149 1801 2341 1852 εὐγνώμονι

1279 1860 1343 1906 τὴν
1364 1860 1460 1898 θείαν
1490 1857 1727 1911 ἐπανόρθωσιν
1759 1857 2008 1911 εἷσδεχόμενοι.
2029 1858 2077 1899 ‘H
2103 1859 2139 1898 δὲ
2172 1860 2340 1912 μετάνοια

1280 1992 1501 2030 consolatur
1520 1999 1556 2028 et
1575 1992 1648 2028 sibi
1667 1999 1756 2040 post
1774 1993 1925 2029 obitum
1954 1994 2247 2031 exstinctionem
2271 1994 2344 2031 de·-

1281 2064 1455 2097 cernere,
1468 2059 1521 2099 ,ut
1542 2051 1679 2099 judicii
1696 2052 1886 2089 molestias
1906 2052 2089 2102 effugiat?
2103 2066 2227 2102 neque
2244 2054 2344 2090 enim

1281 2111 1362 2147 vult
1379 2111 1582 2146 sceleratus
1597 2110 1766 2146 animum
1783 2123 1894 2147 suum
1912 2111 2164 2148 immortalem
2179 2124 2258 2149 esse
2271 2140 2282 2158 ‚
2297 2125 2346 2149 ne

1280 2170 1520 2218 sempiternis
1541 2170 1665 2218 poenis
1681 2169 1855 2206 addictus
1870 2178 2106 2220 permaneat.
2129 2173 2263 2220 Itaque
2277 2171 2344 2220 ju-

1283 2227 1407 2264 dicem
1427 2228 1494 2277 qui
1528 2235 1582 2265 est
1612 2228 1717 2277 apud
1736 2228 1875 2266 inferos
1906 2231 2120 2279 praevertit,
2152 2237 2345 2279 perpetuae

1281 2288 1399 2323 morti
1412 2300 1450 2324 se
1464 2288 1543 2338 ipse
1560 2287 1796 2335 adjudicans,
1813 2289 1921 2337 quasi
1937 2290 2160 2339 improbum
2176 2291 2344 2327 animum

1283 2359 1330 2383 ne
1365 2359 1442 2383 esse
1476 2347 1634 2395 quidem
1674 2348 1891 2384 conveniat.
1929 2350 2055 2397 Atque
2092 2349 2156 2385 hic
2191 2349 2347 2398 quidem

1284 2405 1433 2443 consilii
1456 2407 1588 2455 inopia
1608 2406 1648 2442 in
1665 2407 1801 2442 vitium
1817 2407 2021 2456 prolapsus
2044 2409 2183 2445 merito
2210 2409 2348 2446 intem-

1282 2472 1464 2514 peranter
1492 2466 1717 2502 sententiam
1752 2465 1932 2503 adversus
1965 2479 2004 2504 se
2038 2467 2142 2504 fert:
2169 2469 2347 2516 quivero

1284 2525 1387 2574 apud
1407 2525 1550 2562 inferos
1565 2524 1712 2573 judices
1732 2533 1821 2562 sunt
1842 2526 1892 2562 ad
1907 2527 2075 2564 veritatis
2093 2540 2268 2564 normam
2285 2527 2348 2576 ju·

1286 2584 1431 2620 dicium
1451 2585 1658 2634 dirigentes
1680 2597 1760 2621 non
1777 2585 1989 2622 decernunt
2007 2588 2174 2624 animum
2191 2589 2348 2625 omnino

1284 2656 1365 2679 non
1390 2656 1488 2690 esse,
1508 2644 1573 2680 sed
1594 2656 1672 2681 non
1694 2645 1920 2681 sceleratum
1944 2658 2022 2682 esse
2044 2646 2207 2693 debere,
2234 2655 2350 2696 atque

1285 2702 1327 2738 id
1358 2715 1514 2751 operam
1544 2703 1658 2749 dant,
1680 2710 1723 2739 ut
1749 2704 1892 2741 malum
1920 2717 1998 2754 quo
2031 2706 2094 2743 ille
2125 2706 2276 2744 laborat
2302 2719 2351 2743 ne

1285 2762 1444 2798 nimium
1472 2763 1541 2810 sit,
1565 2762 1745 2799 adhibitis
1766 2762 1816 2800 ad
1839 2764 2064 2803 servandam
2093 2773 2269 2803 naturam
2289 2778 2349 2802 ca·

1284 2821 1572 2870 stigationibus,
1594 2821 1834 2859 medicorum
1852 2835 1985 2871 more,
2009 2825 2076 2873 qui
2104 2825 2350 2874 periculosis-

1285 2882 1378 2918 sima
1390 2882 1520 2918 ulcera
1534 2882 1698 2918 secando
1714 2889 1751 2919 et
1765 2883 1915 2920 urendo
1930 2891 2079 2931 curant,
2095 2893 2210 2934 atque
2220 2897 2352 2934 poenas

1285 2941 1469 2978 scelerum
1497 2940 1582 2977 ideo
1605 2942 1778 2991 exigunt,
1800 2949 1844 2979 ut
1870 2943 1989 2981 animi
2014 2945 2241 2994 improbitas
2265 2957 2350 2994 poe·

1286 3000 1447 3036 nitentia
1478 2999 1663 3046 deleatur,
1691 3013 1772 3038 non
1798 3002 1919 3051 ipsam
1948 3003 2028 3052 ejus
2059 3005 2306 3041 substantiam
2331 3017 2351 3041 e

1287 3072 1414 3095 rerum
1428 3066 1566 3096 natura
1582 3060 1757 3097 tollentes
1768 3089 1778 3107 ‚
1795 3061 1861 3098 sed
1875 3063 2002 3112 potius
2015 3064 2350 3112 perturbationum

1289 3119 1428 3168 quibus
1449 3126 1654 3168 corruptus
1680 3127 1761 3157 erat
1780 3121 2007 3159 liberatione
2030 3123 2080 3159 ad
2102 3124 2218 3160 vitam
2237 3136 2351 3161 revo-

1289 3185 1429 3216 cantes.
1451 3179 1630 3216 Imminet
1651 3181 1752 3216 enim
1773 3180 1941 3218 humano
1964 3183 2091 3219 animo
2112 3184 2350 3232 periculum,

1288 3250 1336 3274 ne
1353 3238 1389 3274 in
1406 3245 1567 3276 mortem
1583 3239 1726 3277 incidat
1738 3269 1749 3290 ,
1766 3253 1885 3289 quum
1902 3241 1952 3278 ad
1966 3242 2006 3279 id
2022 3242 2130 3291 quod
2146 3250 2200 3279 est
2214 3250 2351 3292 praeter

1289 3306 1464 3336 naturam
1497 3299 1686 3347 deflectit3
1722 3313 1841 3349 quum
1876 3309 2002 3338 autem
2038 3302 2087 3339 ad
2108 3302 2148 3338 id
2169 3302 2275 3350 quod
2295 3309 2352 3338 est

1290 3364 1435 3394 naturae
1450 3360 1680 3396 conveniens
1698 3367 1918 3406 revocatur,
1942 3361 1992 3397 ad
2020 3374 2125 3398 suam
2145 3362 2262 3410 ipsius
2283 3373 2349 3397 na·

1291 3423 1417 3453 turam
1430 3418 1629 3455 reducitur
1642 3431 1858 3469 puramque
1871 3420 2117 3456 substantiam
2135 3427 2350 3469 recuperat,

1291 3489 1374 3525 quae
1410 3478 1617 3516 affectuum
1657 3480 1764 3528 prius
1808 3481 1972 3517 mixtura
2014 3481 2349 3530 corrumpebatur.

2173 3547 2218 3576 29.
