2612 3814
265 255 337 287 3134

349 335 382 373 δὲ
403 333 464 378 τὰς
487 332 660 388 ἀπορροὰς
678 334 795 377 νωθεῖς
814 332 874 371 καὶ
891 332 1121 385 ταραχώδεις
1136 331 1309 385 διαφέρειν

346 393 414 446 γάρ
434 408 466 431 τι
480 392 539 431 καὶ
565 392 627 441 τὴν
644 391 836 446 ἀποῤῥοήν,
853 395 904 445 τῷ
922 391 1024 430 ποιὰν
1041 385 1128 429 εἶναι
1147 390 1231 443 πρὸς
1247 389 1309 437 τὴν

352 450 566 504 φαντασίαν,
597 450 640 498 ἣν
665 450 820 503 γίνεσθαι
840 450 896 488 διὰ
920 449 983 497 τὴν
1004 449 1218 502 ἐναπόληψιν
1250 450 1309 485 τοῦ

345 510 444 564 ἀέρος
462 511 616 549 ἀλλοίαν.

400 570 410 622 (
425 569 459 608 T
462 570 714 622 heophrastus
729 568 823 607 ibid.
839 574 901 616 7l..
920 569 932 618 )

267 644 315 669 30.
348 631 495 683 Πρῶτον
519 628 583 679 μὲν
602 622 659 667 οὖν
680 628 718 666 τὸ
738 627 875 671 πλείους
890 627 1079 665 ἀποδοῦναι
1098 625 1159 670 τὰς
1179 625 1306 678 ἀρχάς,

345 687 419 740 ἔχει
439 687 516 726 τινὰ
538 686 684 740 ἀπορίαν
698 701 706 710 ·
726 687 756 724 οἱ
777 685 845 738 γὰρ
866 686 965 724 ἄλλοι
983 685 1021 724 τὸ
1047 685 1169 724 λευκὸν
1189 686 1249 723 καὶ
1269 684 1308 722 τὸ

344 749 477 798 μέλαν,
500 749 546 790 ὡς
566 746 698 784 τούτων
719 745 844 783 ἁπλῶν
861 744 968 783 ὄντων
985 744 1113 794 μόνων.
1155 742 1308 782 Ἔπειτα

343 807 382 845 τὸ
399 805 448 855 μὴ
465 811 553 843 πᾶσι
569 807 640 847 τοῖς
661 804 793 847 λευκοῖς
816 805 898 853 μίαν
913 804 1058 845 ποιῆσαι
1076 800 1139 847 τὴν
1159 800 1308 853 μορφήν,

345 864 423 907 ἀλλ’
445 865 565 915 ἑτέραν
599 868 670 907 τοῖς
705 864 867 913 σκληροῖς
886 861 946 899 καὶ
975 867 1046 904 τοῖς
1065 862 1248 912 ψαθυροῖς·
1270 860 1308 897 οὐ

342 924 410 976 γὰρ
427 923 517 967 εἰκὸς
550 921 661 968 ἄλλην
682 920 796 959 αἰτίαν
818 914 907 958 εἶναι
925 925 994 962 τοῖς
1014 918 1189 972 διαφόροις
1217 917 1309 957 κατὰ

341 981 405 1028 τὴν
425 980 535 1033 ἁφήν·
572 979 642 1018 οὐδ’
664 978 703 1017 ἂν
726 979 776 1017 ἔτι
805 978 845 1017 τὸ
867 981 990 1031 σχῆμα
1011 977 1119 1017 αἴτιον
1141 971 1230 1015 εἶναι
1248 981 1310 1025 τῆς

341 1041 524 1093 διαφορᾶς,
559 1038 648 1077 ἀλλὰ
681 1040 815 1090 μᾶλλον
843 1037 905 1084 τὴν
938 1038 1042 1078 θέσιν.
1102 1037 1309 1089 Ἐνδέχεται

339 1098 406 1151 γὰρ
426 1097 543 1137 καὶτὰ
562 1100 731 1151 περιφερῆ
749 1097 808 1136 καὶ
829 1097 948 1141 ἁπλῶς
962 1096 1076 1135 πάντα
1097 1097 1308 1141 ἐπισκιάζειν

323 1160 497 1201 .ἓαυτοῖς·
527 1162 672 1207 σημεῖον
693 1156 752 1196 δέ·
780 1154 841 1195 καὶ
870 1157 938 1210 γὰρ
965 1156 1066 1201 αὐτὸς
1086 1156 1217 1204 ταύτην
1241 1156 1310 1212 φέ-

341 1231 392 1268 ρει
417 1215 480 1263 τὴν
501 1215 640 1264 πίστιν,
669 1215 735 1254 ὅσα
754 1217 823 1254 τῶν
845 1216 948 1254 λείων
980 1216 1115 1266 μέλανα
1136 1216 1307 1269 φαίνεται.

338 1274 406 1314 Διὰ
434 1274 503 1328 γὰρ
522 1273 585 1322 τὴν
607 1273 782 1328 σύμφυσιν
798 1273 858 1313 καὶ
879 1274 942 1321 τὴν
964 1274 1060 1320 τάξιν
1075 1303 1086 1322 ,
1109 1277 1155 1318 ὡς
1169 1273 1231 1321 τὴν
1251 1275 1309 1312 αὒ-

338 1333 402 1381 τὴν
435 1332 563 1385 ἔχοντα
594 1335 645 1385 τῷ
678 1332 823 1383 μέλανι,
851 1332 1033 1386 φαίνεσθαι
1063 1336 1227 1372 τοιαῦτα·
1249 1332 1310 1370 καὶ

339 1393 448 1431 πάλιν
475 1391 540 1431 ὅσα
570 1391 678 1431 λευκὰ
697 1395 768 1431 τῶν
796 1391 954 1445 τραχέων
967 1407 977 1417 ·
997 1393 1037 1430 ἐκ
1056 1392 1217 1444 μεγάλων
1242 1391 1309 1443 γὰρ

339 1444 429 1489 εἶναι
447 1454 559 1489 ταῦτα
569 1481 578 1499 ,
592 1451 658 1489 -καὶ
672 1450 733 1494 τὰς
748 1452 922 1494 συνδέσεις
936 1453 974 1490 οὔ
987 1456 1199 1504 περιφερεῖς,
1218 1450 1309 1489 ἀλλὰ

338 1509 558 1562 προκρόσσας
576 1510 635 1548 καὶ
652 1512 721 1548 τῶν
738 1510 933 1561 σχημάτων
953 1509 1016 1554 τὰς
1037 1508 1172 1562 μορφὰς
1188 1525 1311 1561 μιγνυ-

340 1568 464 1618 μένας,
493 1567 612 1620 ὥσπερ
641 1567 885 1619 ἀναὸαθμίδας
917 1568 960 1606 τὰ
989 1568 1057 1621 πρὸ
1090 1571 1158 1606 τῶν
1182 1570 1308 1621 τειχῶν

338 1625 412 1678 ἔχει
432 1625 582 1678 χώματα
598 1641 607 1650 ·
624 1630 778 1665 τοιοῦτον
795 1626 862 1678 γὰρ
888 1626 924 1665 ὄν
938 1658 950 1679 ,
973 1627 1094 1666 ἄσκιον
1113 1619 1200 1665 εἶναι
1212 1657 1224 1675 ,
1247 1626 1307 1665 καὶ

337 1686 375 1723 οὗ
392 1683 587 1724 κωλύεσθαι
607 1684 646 1722 τὸ
666 1684 844 1736 λαμπρόν.

393 1744 712 1796 (Theophrastus
730 1744 830 1784 ibid.
852 1759 913 1795 79.
929 1744 939 1796 )

258 1818 307 1843 35.
339 1802 506 1856 Ἐρυθρὸν
524 1804 552 1841 δ’
574 1803 608 1847 ἐξ
630 1801 781 1855 οἵωνπερ
800 1803 838 1841 τὸ
860 1802 1005 1860 θερμόν,
1028 1802 1119 1850 πλὴν
1138 1804 1177 1842 ἐκ
1197 1803 1309 1854 μειζό·

335 1877 419 1901 νων.
478 1860 567 1900 Ἐὰν
584 1860 654 1914 γὰρ
675 1862 711 1899 αἱ
735 1860 930 1914 συγκρίσεις
944 1862 1011 1899 ὠσι
1027 1861 1163 1912 μείζους
1180 1862 1309 1912 ὁμοίων

338 1920 444 1959 ὄντων
476 1922 546 1959 τῶν
592 1920 788 1973 σχημάτων
801 1950 811 1969 ,
853 1922 986 1970 μᾶλλον
1026 1921 1166 1973 ἐρυθρὸν
1204 1916 1307 1961 εἶναι.

259 2123 402 2165 turbida3
417 2123 546 2157 differre
563 2125 648 2157 enim
663 2125 866 2166 aliquatenus
880 2127 913 2158 et
928 2124 1059 2158 effluvia
1075 2134 1113 2158 eo
1131 2125 1228 2158 modo
1243 2135 1308 2166 quo

257 2185 370 2215 natura
386 2192 444 2216 sua
464 2183 505 2215 ad
532 2183 767 2225 perceptionem
787 2183 978 2225 referantur,
999 2193 1074 2226 quae
1089 2184 1172 2217 aeris
1192 2184 1309 2226 injectu

259 2243 489 2275 commutetur.

301 2302 353 2334 34.
373 2304 420 2333 Ac
439 2301 580 2342 primum
604 2301 736 2343 quidem
764 2301 852 2343 quod
883 2302 975 2342 plura
1003 2302 1159 2343 principia
1182 2310 1311 2335 enume-

261 2360 384 2400 rantur,
403 2359 435 2392 id
457 2359 690 2393 dubitationem
707 2360 869 2402 quandam
886 2360 1003 2400 liabet;
1028 2361 1141 2402 reliqui
1164 2362 1249 2393 enim
1266 2361 1312 2393 al-

263 2419 339 2450 bum
355 2419 390 2451 et
413 2418 542 2459 nigrum
564 2419 651 2451 solos
669 2428 737 2452 esse
764 2419 926 2461 simplices
943 2419 1065 2452 colores
1080 2420 1205 2452 volunt.
1251 2422 1310 2452 De-

260 2478 333 2511 inde
347 2478 436 2520 quod
452 2488 514 2511 uon
532 2480 682 2513 omnibus
700 2480 782 2513 albis
800 2480 912 2513 eadem
938 2480 1042 2513 forma
1061 2481 1227 2521 tribuitur,
1254 2482 1309 2514 sed

259 2536 321 2568 alia
339 2536 448 2577 duris,
466 2538 528 2570 alia
542 2538 719 2572 friabilibus
732 2550 741 2579 3
755 2548 858 2581 neque
873 2540 958 2572 enim
976 2543 1229 2573 consentaneum
1243 2564 1252 2580 ,
1271 2540 1311 2572 iis

260 2603 334 2635 quae
349 2595 493 2637 (colore)
521 2596 691 2638 differant,
715 2597 812 2630 aliam
838 2607 910 2631 esse
927 2598 1119 2632 differentia>
1137 2609 1269 2632 causam
1294 2610 1312 2633 e

264 2655 353 2685 tactu
380 2654 574 2695 profectam,
597 2665 701 2697 neque
735 2657 868 2697 figuram
902 2667 974 2691 esse
999 2658 1096 2699 hujus
1123 2658 1314 2692 differentiae

261 2721 410 2754 calisam,
429 2713 484 2745 sed
501 2714 600 2754 magis
617 2715 727 2746 situm.
772 2717 897 2758 Quippe
914 2719 946 2749 et
963 2717 1100 2749 rotunda
1118 2718 1314 2759 omninoque

262 2772 372 2805 omnia
392 2781 426 2805 se
448 2773 517 2812 ipsa
536 2772 727 2806 obumbrare
746 2777 879 2816 possunt
898 2789 906 2809 ε
927 2777 980 2808 cui
1005 2777 1051 2809 rei
1079 2777 1196 2810 indicio
1220 2780 1313 2819 sunt,

265 2838 340 2871 quae
357 2829 425 2872 ipse
442 2830 644 2863 Democritus
659 2831 698 2863 ad
714 2832 807 2864 fidem
825 2833 1003 2866 faciendam
1026 2835 1140 2876 affert,
1157 2845 1314 2876 quaecun-

264 2897 328 2930 que
348 2888 432 2939 iuter
449 2889 541 2922 loevia
556 2889 644 2931 nigra
660 2890 819 2923 videntur.
865 2892 915 2924 Ob
930 2894 1166 2927 concretionem
1180 2896 1265 2928 enim
1281 2899 1314 2929 et

264 2949 410 2982 ordinem
429 2949 588 2991 eundem,
607 2958 703 2991 quem
720 2950 808 2991 nigra
830 2950 984 2993 habeant,
1007 2953 1099 2995 (ait)
1122 2955 1199 2987 talia
1214 2965 1313 2997 appa·

267 3017 358 3049 rere3
375 3012 407 3041 et
421 3011 575 3049 praeterea
590 3017 792 3050 quoecunqne
807 3009 890 3044 inter
905 3019 1017 3051 aspera
1037 3012 1187 3046 videntur
1209 3014 1281 3047 alba
1302 3027 1311 3047 :

267 3066 337 3099 lioec
351 3067 437 3099 enim
455 3075 474 3100 e
493 3067 618 3107 magnis
632 3068 797 3107 constare,
811 3056 987 3110 eorumque
1000 3078 1103 3103 nexus
1120 3080 1186 3104 non
1204 3075 1313 3105 rotun-

265 3124 324 3157 dos
343 3133 431 3166 esse,
446 3125 502 3158 sed
517 3125 747 3167 prominentes,
768 3126 1006 3169 figurarumque
1023 3129 1310 3165 conformationem

267 3183 424 3216 mixtione
443 3183 528 3224 fieri,
551 3183 823 3225 quemadmodum
845 3187 973 3226 aggesta
1000 3189 1073 3219 ante
1097 3196 1208 3221 muros
1229 3193 1314 3222 terra

267 3242 384 3283 gradus
398 3242 584 3283 contineat;
600 3243 728 3284 propter
754 3243 836 3275 hanc
851 3245 999 3276 naturam
1024 3245 1165 3278 colorem
1190 3247 1313 3280 umbrae

266 3310 406 3334 vacuum
422 3310 490 3334 esse
499 3324 508 3341 ‚
520 3309 625 3342 neque
635 3300 781 3343 impediri
796 3302 981 3335 candidum.

307 3365 360 3395 35.
379 3361 524 3395 Rubrum
542 3363 650 3395 autem
666 3361 836 3395 exiisdem
849 3363 979 3404 quidem
997 3366 1211 3406 compositum
1231 3375 1311 3407 esse,

268 3429 285 3452 e
299 3420 417 3461 quibus
429 3420 588 3462 calidum,
602 3419 657 3454 sed
675 3421 782 3453 tamen
809 3430 827 3453 e
849 3420 1033 3462 majoribus.
1079 3426 1208 3461 Quanto
1227 3426 1312 3458 euim

1010 244 1296 284 DEMOCRITI
1326 242 1660 283 FRAGMENTA.

1452 329 1607 380 Σημεῖόν
1632 329 1676 378 δ’,
1697 327 1750 367 ὅτι
1773 330 1811 368 ἐκ
1839 329 2004 369 τοιούτων
2024 330 2063 369 τὸ
2084 331 2242 384 ἐρυθρόν·
2261 336 2354 383 ἡμᾶς
2380 349 2419 374 τε

1450 390 1517 440 γὰρ
1549 387 1841 440 θερμαινομένους
1860 389 2139 441 ἐρυθραίνεσθαι,
2161 390 2222 429 καὶ
2253 391 2298 430 τὰ
2329 392 2421 433 ἄλλα

1450 447 1494 485 τὰ
1511 445 1727 499 πυρούμενα,
1745 446 1868 500 μέχρις
1883 447 1924 486 ἂν
1940 442 1979 487 οὗ
1994 447 2061 502 ἔχῃ
2075 448 2115 488 τὸ
2130 452 2188 488 τοῦ
2203 451 2420 499 πυροειδοῦς.

1452 504 1685 558 Ἐρυθρότερα
1707 505 1743 544 δὲ
1769 507 1814 544 τὰ
1835 508 1874 545 ἐκ
1906 507 2069 558 μεγάλων
2090 510 2173 547 ὄντα
2199 509 2419 562 σχημάτων,

1450 558 1519 603 οἷον
1539 563 1602 611 τὴν
1622 563 1735 616 φλόγα
1764 565 1825 603 καὶ
1848 565 1908 604 τὸν
1936 565 2092 619 ἄνθρακα
2110 569 2179 606 τῶν
2195 570 2345 621 χλωρῶν
2362 568 2423 615 ξύ·-

1454 625 1525 663 λων
1546 622 1651 670 ἢτῶν
1682 622 1795 671 αὔων,
1815 624 1875 663 καὶ
1887 622 1947 662 τὸν
1967 626 2108 679 σίδηρον
2129 625 2165 665 δὲ
2184 627 2245 666 καὶ
2264 627 2309 666 τὰ
2330 627 2423 668 ἄλλα

1450 682 1494 721 τὰ
1513 680 1711 732 πυρούμενα
1722 698 1730 706 ·
1744 682 1980 734 λαμπρότατα
1999 684 2060 733 μὲν
2079 684 2147 738 γὰρ
2163 679 2251 726 εἶναι
2262 685 2307 725 τὰ
2324 688 2424 727 πλεῖ·

1450 756 1531 780 στον
1550 739 1678 792 ἔχοντα
1697 741 1757 779 καὶ
1771 740 1982 781 λεπτότατον
1996 747 2080 796 πῦρ,
2103 745 2309 800 ἐρυθρότερα
2323 746 2359 785 δὲ
2379 746 2425 785 τὰ

1450 799 1649 852 παχύτερον
1687 798 1747 837 καὶ
1782 801 1941 841 ἔλαττον.
2000 802 2063 841 Διὸ
2098 802 2159 841 καὶ
2190 797 2296 851 ἦττον
2337 798 2426 844 εἶναι
2446 817 2452 822 ·

1451 858 1565 910 θερμὰ
1584 857 1629 896 τὰ
1652 858 1861 911 ἐρυθρότερα
1874 874 1883 883 ·
1901 858 2027 912 θερμὸν
2043 860 2112 912 γὰρ
2128 862 2168 900 τὸ
2188 861 2332 903 λεπτόν.
2372 862 2427 902 Τὸ

1451 917 1486 955 δὲ
1506 917 1645 969 χλωρὸν
1661 920 1699 956 ἐκ
1720 916 1781 967 μὲν
1802 921 1863 956 τοῦ
1883 922 2023 971 στερεοῦ
2043 921 2104 958 καὶ
2123 923 2184 959 τοῦ
2205 924 2308 960 κενοῦ
2326 935 2426 960 συνε-

1450 977 1596 1024 στάναι,
1617 978 1656 1015 ἐκ
1674 977 1838 1030 μεγάλων
1866 978 1897 1015 δ’
1916 978 2059 1031 ἀμφοῖν.
2118 979 2176 1032 Τῇ
2207 979 2243 1017 δὲ
2262 978 2354 1019 θέσει
2365 980 2427 1019 καὶ

1450 1039 1494 1088 τῇ
1509 1035 1603 1080 τάξει
1628 1037 1741 1074 αὐτῶν
1761 1035 1824 1083 τὴν
1844 1036 1954 1088 χρόαν
1974 1037 2167 1089 γίγνεσθαι.
2365 1032 2373 1039 ⁰

1508 1095 1792 1148 (Theophrast.
1808 1095 1906 1134 ibid.
1927 1096 1992 1144 75.
2012 1098 2022 1148 )

1370 1169 1418 1195 36.
1449 1153 1597 1194 Ἄτοπον
1620 1154 1656 1193 δὲ
1672 1154 1733 1194 καὶ
1752 1154 1791 1193 τὸ
1817 1157 1886 1193 τῶν
1902 1156 2051 1208 χλωρῶν
2073 1155 2123 1206 μὴ
2138 1157 2327 1196 ἀποδοῦναι
2343 1172 2427 1211 μορ·

1451 1214 1539 1267 φήν,
1567 1213 1659 1254 ἀλλὰ
1681 1214 1785 1266 μόνον
1818 1214 1859 1252 ἐκ
1892 1217 1952 1254 τοῦ
1975 1217 2115 1268 στερεοῦ
2142 1215 2202 1254 καὶ
2228 1218 2294 1256 τοῦ
2323 1219 2426 1257 κενοῦ

1450 1288 1577 1312 ποιειν.

1506 1332 1825 1384 (Theophrastus
1845 1332 1944 1373 ibid.
1964 1333 2056 1386 82.)

1371 1403 1419 1431 ³7.
1450 1389 1508 1430 Τὰ
1544 1390 1606 1442 μὲν
1635 1384 1694 1429 οῧν
1721 1392 1818 1430 ἁπλᾶ
1849 1391 2026 1444 χρώματα
2065 1392 2199 1438 τούτοις
2231 1395 2426 1446 κεχρῆσθαι

1451 1456 1523 1494 τοῖς
1542 1449 1723 1503 σχήμασιν
1738 1466 1747 1474 ·
1765 1449 1913 1489 ἕκαστον
1935 1451 1971 1489 δὲ
1992 1450 2237 1506 καθαρώτερον
2251 1483 2263 1504 ,
2290 1452 2363 1508 ὅσῳ
2384 1453 2426 1493 ἂν

1451 1508 1485 1554 ἐξ
1507 1508 1748 1562 ἀμιγεστέρων
1779 1503 1817 1561 ἧ.
1875 1509 1933 1549 Τὰ
1953 1509 1990 1549 δὲ
2011 1510 2103 1549 ἄλλα
2127 1511 2219 1550 κατὰ
2250 1510 2315 1559 τὴν
2346 1513 2425 1552 τού·

1449 1583 1519 1606 των
1541 1567 1632 1617 μῖξιν
1646 1584 1655 1592 ·
1678 1562 1747 1606 οἷον
1763 1566 1883 1626 τὸμὲν
1904 1569 2103 1621 χρυσοειδὲς
2120 1570 2179 1608 καὶ
2198 1570 2238 1610 τὸ
2257 1574 2321 1610 τοῦ
2334 1574 2427 1624 χαλ·

1454 1630 1517 1665 κοῦ
1549 1627 1609 1665 καὶ
1637 1635 1707 1666 πᾶν
1737 1626 1777 1666 τὸ
1807 1632 1960 1666 τοιοῦτον
1980 1629 2020 1667 ἐκ
2045 1631 2105 1667 τοῦ
2135 1630 2261 1669 λευκοῦ
2281 1630 2342 1669 καὶ
2366 1635 2428 1670 τοῦ

1451 1688 1611 1738 ἐρυθροῦ·
1626 1687 1665 1726 τὸ
1687 1686 1750 1738 μὲν
1770 1686 1838 1739 γὰρ
1851 1687 2015 1740 λαμπρὸν
2034 1687 2126 1740 ἔχειν
2146 1689 2187 1726 ἐκ
2202 1691 2265 1727 τοῦ
2283 1689 2423 1741 λευκοῦ,

1452 1745 1492 1783 τὸ
1512 1745 1548 1783 δὲ
1571 1746 1763 1799 ὑπέρυθρον
1789 1745 1860 1785 ἀπὸ
1878 1750 1938 1784 τοῦ
1960 1747 2103 1799 ἐρυθροῦ
2115 1761 2124 1771 ·
2136 1747 2279 1786 πίπτειν
2297 1747 2365 1801 γὰρ
2382 1749 2430 1792 εἷς

1454 1803 1497 1841 τὰ
1519 1803 1602 1842 κενὰ
1621 1808 1681 1842 τοῦ
1695 1805 1818 1842 λευκοῦ
1836 1806 1880 1856 τῇ
1903 1803 1994 1855 μίξει
2014 1803 2054 1842 τὸ
2074 1803 2230 1858 ἐρυθρόν.
2289 1804 2375 1845 Ἐὰν
2391 1805 2428 1845 δὲ

1452 1867 1627 1916 προστεθῇ
1643 1864 1777 1907 τούτοις
1795 1862 1835 1901 τὸ
1855 1863 2013 1916 χλωρόν,
2032 1863 2211 1915 γίγνεσθαι
2239 1863 2280 1904 τὸ
2298 1864 2430 1904 κάλλι-

1456 1938 1537 1960 στον
1558 1926 1705 1974 χρῶμα·
1722 1923 1790 1961 δεῖν
1813 1923 1849 1961 δὲ
1865 1922 1992 1975 μικρὰς
2009 1927 2068 1962 τοῦ
2096 1924 2236 1976 χλωροῦ
2257 1923 2320 1967 τὰς
2340 1939 2430 1976 συγ-

1379 2126 1630 2165 concreverunt,
1659 2127 1748 2157 tanto
1769 2125 1947 2159 rubriorcm
1966 2134 2036 2158 esse
2058 2125 2213 2158 colorem.
2257 2126 2353 2167 Signo
2371 2130 2430 2158 au·

1376 2186 1442 2216 tem
1458 2193 1545 2226 esse,
1565 2193 1583 2217 e
1599 2184 1718 2217 talibus
1740 2184 1875 2217 rubrum
1894 2194 2026 2226 quoque
2045 2188 2192 2218 constare
2205 2208 2215 2224 ‚
2234 2184 2323 2226 quod
2343 2184 2429 2218 eele-

1377 2244 1452 2276 facti
1483 2243 1676 2285 rubeamus,
1708 2244 1851 2285 itemque
1882 2243 2004 2285 reliqua
2034 2245 2145 2276 omnia
2176 2243 2240 2284 igni
2274 2243 2431 2282 calentia,

1375 2303 1530 2344 quamdiu
1548 2303 1674 2344 igneam
1696 2303 1836 2345 speciem
1862 2311 1928 2344 prae
1957 2311 1992 2335 se
2014 2302 2127 2335 serant.
2173 2305 2256 2341 Quoe
2278 2311 2355 2335 vero
2374 2311 2431 2334 ru-

1376 2363 1481 2395 briora
1498 2363 1576 2403 sint,
1592 2372 1611 2395 e
1625 2363 1745 2404 magnis
1760 2362 1916 2396 coaluisse
1937 2362 2062 2403 figuris,
2082 2364 2119 2395 ut
2135 2362 2300 2394 flammam
2313 2363 2348 2395 et
2365 2371 2431 2395 car-

1375 2421 1495 2454 bonem
1521 2422 1682 2463 lignorum
1704 2421 1856 2454 viridium
1874 2421 1924 2454 vel
1946 2421 2109 2454 aridorum
2125 2423 2158 2454 et
2175 2421 2295 2454 serrum
2311 2423 2345 2454 et
2364 2429 2429 2454 οω-

1377 2483 1445 2514 tera
1463 2490 1538 2522 quae
1558 2481 1591 2513 in
1607 2481 1680 2522 igue
1698 2483 1857 2523 ponantur
1873 2491 1882 2513 ε
1903 2480 2130 2514 candidissima
2147 2480 2233 2513 enim
2250 2489 2338 2519 esse.
2356 2489 2432 2522 quae

1377 2540 1555 2581 plurimum
1571 2540 1677 2581 ignem
1703 2542 1737 2573 et
1762 2539 1987 2576 tenuissimum
2013 2539 2169 2580 habeant,
2188 2539 2333 2572 rubriore
2354 2547 2432 2571 vero

1376 2609 1450 2640 quae
1473 2599 1663 2632 crassiorem
1682 2602 1715 2631 et
1732 2600 1901 2631 minorem.
1947 2599 2023 2631 Ideo
2043 2598 2130 2639 lieri,
2152 2600 2188 2630 ut
2205 2598 2351 2630 rubriore
2369 2598 2431 2630 mi-

1376 2665 1439 2688 nus
1465 2657 1569 2689 calida
1589 2656 1672 2697 sint;
1694 2657 1835 2689 calidum
1854 2657 1939 2689 enim
1975 2659 2082 2690 tenue.
2125 2656 2269 2689 viridem
2293 2655 2433 2698 denique

1377 2716 1519 2748 colorem
1535 2725 1553 2749 e
1570 2716 1674 2748 solido
1693 2716 1825 2757 quidem
1842 2717 1876 2749 et
1889 2725 1992 2748 vacuo
2003 2739 2013 2756 ‚
2030 2719 2168 2757 utroque
2180 2719 2290 2748 autem
2315 2723 2432 2756 magno

1377 2775 1524 2808 conflari.
1570 2776 1733 2809 Caeterum
1759 2775 1823 2807 situ
1843 2777 1876 2807 et
1894 2774 2007 2807 ordine
2029 2783 2142 2807 eorum
2161 2774 2268 2815 ipsum
2290 2774 2430 2807 colorem

1377 2843 1477 2867 nasci.

1419 2897 1473 2926 36.
1495 2894 1608 2934 Inepte
1627 2892 1724 2924 etiam
1741 2892 1824 2933 agit,
1842 2891 1928 2933 quod
1951 2892 2061 2924 viridis
2076 2892 2190 2924 eoloris
2211 2891 2349 2924 sormam
2366 2899 2431 2923 non
2494 2887 2496 2889 ’

1377 2953 1533 2994 exponit,
1564 2951 1621 2986 sed
1659 2953 1786 2984 tantum
1815 2960 1832 2984 e
1862 2951 1964 2983 solido
1988 2952 2021 2983 et
2042 2959 2142 2982 vacuo
2173 2959 2250 2983 eum
2281 2950 2432 2991 componi

1377 3011 1467 3044 dicit.
1928 3046 1930 3048 ,

1419 3075 1471 3106 37.
1493 3071 1664 3112 Simplices
1677 3071 1773 3111 igitur
1787 3070 1908 3103 colores
1924 3070 1973 3102 liis
1986 3078 2056 3103 esse
2072 3069 2200 3109 figuris,
2214 3068 2269 3102 sed
2288 3073 2326 3101 ut
2344 3069 2432 3110 quis-

1377 3141 1441 3173 que
1459 3140 1478 3164 e
1510 3131 1642 3170 minime
1664 3129 1773 3163 mixtis
1797 3129 1954 3162 conflatus
1971 3129 2031 3169 sit,
2056 3129 2101 3160 ita
2117 3137 2189 3161 esse
2208 3128 2431 3170 purissimum.

1379 3190 1531 3231 Reliquos
1552 3199 1611 3231 pro
1635 3188 1772 3235 (var-ia)
1796 3188 1912 3220 horum
1935 3187 2094 3220 mixtione
2115 3187 2211 3228 oriri,
2238 3189 2276 3220 ut
2292 3195 2373 3220 auro
2388 3187 2432 3219 si·

1379 3249 1488 3281 milem
1511 3251 1544 3282 et
1563 3248 1637 3281 oeris
1657 3248 1796 3280 colorem
1820 3248 2019 3288 caeterosque
2035 3246 2221 3286 hujusmodi
2238 3255 2281 3278 ex
2311 3245 2386 3278 albo
2400 3247 2434 3279 et

1381 3308 1481 3340 rubro
1501 3317 1510 3337 z
1534 3317 1591 3340 eos
1606 3308 1692 3340 enim
1709 3305 1880 3339 candidum
1902 3305 2041 3338 retinere
2057 3314 2097 3338 ex
2119 3305 2193 3338 albo
2205 3329 2214 3345 ,
2234 3303 2433 3337 subrubrum

1380 3376 1418 3399 ex
1438 3367 1555 3406 rubro,
1572 3375 1674 3408 quum
1706 3367 1739 3398 in
1758 3366 1864 3406 partes
1880 3365 1944 3397 albi
1967 3373 2087 3396 vacuas
2116 3365 2251 3396 rubrum
2279 3363 2435 3396 mixtione

1381 3426 1512 3458 incidat.
1558 3425 1682 3465 Quibus
1709 3425 1735 3457 si
1769 3423 1874 3456 viride
1909 3423 2136 3463 admisceatur,
2179 3421 2434 3464 pulcherrimum

267 3480 299 3511 in
323 3479 493 3521 figurarum
513 3480 696 3521 aequalitate
719 3480 855 3521 majores
870 3481 934 3514 sint
950 3482 1135 3524 particulae,
1164 3492 1182 3516 e
1200 3484 1318 3525 quibus
1383 3486 1468 3518 nasci
1486 3486 1626 3519 colorem
1645 3493 1654 3516 :
1675 3484 1823 3525 oportere
1839 3483 1947 3515 autem
1963 3482 2095 3524 exiguas
2116 3482 2229 3514 viridis
2259 3480 2434 3523 particulas
