2612 3814
10 3665 15 3814 ἰ

270 284 342 315 904
1079 263 1405 304 antSToTELts
1452 263 1604 303 LIBER

263 362 478 412 κρατεῖσθαι,
494 357 553 397 καὶ
568 358 706 396 πάντων
721 355 905 410 κράτιστον
923 347 1014 394 ε’ῐναι
1025 369 1034 378 ·
1051 352 1143 394 ὥστε
1162 353 1247 393 καθὸ
1262 352 1311 403 μὴ

264 420 442 471 κρείττων,
466 417 556 457 κατὰ
578 420 739 456 τοσοῦτον
769 415 832 454 οὐκ
863 407 953 453 εἶναι
982 413 1074 453 θεόν.
1133 412 1311 453 Πλειόνων

210 495 246 522 ao
265 474 322 519 οὖν
343 477 467 524 ὄντων,
485 478 514 516 εἰ
535 476 597 528 μὲν
618 470 685 514 εἶεν
701 474 744 513 τὰ
761 464 1003 526 μὲνάλλήλων
1021 471 1196 524 κρείττους
1213 471 1257 510 τὰ
1278 470 1313 509 δὲ

211 788 244 814 δί·

264 539 400 587 ἥττους,
434 538 497 576 οὐκ
530 536 571 575 ἂν
595 528 683 575 εἶναι
714 532 831 579 Θεούς·
855 531 1046 587 πεφυκέναι
1076 531 1144 585 γὰρ
1167 530 1241 570 Θεὸν
1263 529 1312 581 μὴ

264 600 481 648 κρατεῖσθαι.
539 594 645 634 Ἴσων
666 593 701 633 δὲ
722 593 846 642 ὄντων,
864 592 928 630 οὐκ
950 589 994 630 ἂν
1006 590 1099 644 ἔχειν
1117 589 1192 629 Θεὸν
1212 588 1312 641 φύσιν

265 660 334 697 δεῖν
346 650 432 696 εἶναι
447 655 630 708 κράτιστον
643 670 651 679 ·
667 654 705 693 τὸ
719 654 754 692 δὲ
768 651 843 692 ἴσον
856 649 934 690 οὔτε
947 654 1065 703 χεῖρον
1082 647 1160 689 οὔτε
1179 649 1313 702 βέλτιον

265 712 351 755 εἶναι
371 719 431 755 τοῦ
462 715 551 755 ἰ’σου.
606 713 722 752 ιὮστε
750 711 847 762 εἴπερ
873 708 926 757 εἴη
951 725 989 748 τε
1012 709 1072 748 καὶ
1092 711 1243 752 τοιοῦτος
1261 706 1313 755 εἴη

266 776 352 822 Οεός,
383 775 444 815 ἕνα
473 774 576 825 μόνον
597 765 686 811 εἶναι
704 770 762 810 τὸν
788 770 882 809 Θεόν·
904 769 982 808 οὐδὲ
1011 768 1079 822 γὰρ
1098 768 1177 808 οὐδὲ
1196 767 1314 806 πάντα

265 834 433 874 &saneim
453 832 493 872 ἂν
526 832 548 872 ἃ
569 831 745 885 βούλοιτο·
769 829 808 869 οὗ
828 828 895 881 γὰρ
919 826 960 867 ἂν
983 827 1172 879 δύνασθαι,
1196 826 1311 865 πλειό-

265 910 332 932 νων
351 895 477 932 ὄντων·
499 891 557 930 ἕνα
578 889 647 941 ἄρα
662 882 880 939 εἶναιμόνον.
937 885 1030 925 Ἕνα
1047 886 1076 924 δ’
1094 885 1176 925 ὄντα
1196 884 1314 933 ὅμοιον

267 946 350 991 εἶναι
373 951 509 1003 πάντῃ,
531 951 614 1002 ὁρᾷν
632 963 669 987 τε
683 946 742 986 καὶ
763 945 899 985 ἀκούειν
922 945 983 989 τάς
999 961 1036 984 τε
1061 944 1173 989 ἄλλας
1194 943 1314 991 αἰσθή-

1373 368 1442 396 σεις
1461 351 1587 404 ἔχοντα
1605 350 1721 403 πάντῃ
1733 366 1742 374 ·
1759 366 1790 390 ει
1808 365 1877 404 γαρ
1898 350 1968 403 μή,
1988 356 2129 404 κρατεῖν
2150 350 2192 390 ἂν
2207 350 2267 390 καὶ
2280 354 2429 405 κρατεῖ-

1373 414 1452 450 σθαι
1469 411 1526 449 ὑπ’
1548 409 1712 457 ἀλλήλων
1733 408 1777 448 τὰ
1797 409 1887 462 μέρη
1911 413 1988 449 Θεοῦ
2008 409 2091 449 ὄντα
2105 439 2117 457 ,
2138 409 2224 463 ὅπερ
2241 410 2425 451 ἀδύνατον.

1375 470 1498 523 Πάντῃ
1519 469 1555 509 δὲ
1575 468 1694 520 ὅμοιον
1710 468 1806 518 ὄντα,
1821 471 2024 524 σφαιροειδῆ
2036 464 2123 510 εἶναι
2134 485 2142 495 ·
2159 471 2199 510 οὗ
2217 470 2287 525 γὰρ
2301 474 2344 524 τῇ
2359 472 2423 523 μὲν
2442 474 2470 515 l)

1372 534 1416 583 τῇ
1438 531 1467 569 δ’
1487 531 1526 569 οὐ
1551 531 1706 568 τοιοῦτον
1723 522 1812 568 εἶναι
1824 558 1834 577 ,
1851 529 1943 569 ἀλλὰ
1962 530 2096 583 πάντῃ.
2154 529 2278 570 Ἀΐδιον
2294 530 2327 570 δ’
2344 529 2429 572 ὄντα

1373 590 1432 629 καὶ
1449 588 1510 628 ἕνα
1523 587 1584 628 καὶ
1603 588 1823 641 σφαιροειδῆ,
1844 587 1917 628 οὔτ’
1938 588 2083 640 ἄπειρον
2106 581 2196 628 εἶναι
2217 588 2296 628 οὔτε
2311 604 2428 629 πεπι-

1376 644 1513 698 ρᾶνθαι.
1573 642 1736 699 Ἄπειρον
1753 646 1816 698 μὲν
1835 646 1876 686 τὸ
1896 645 1947 698 μὴ
1961 645 1999 687 ὃν
2018 641 2124 687 εἶναι·
2146 650 2249 688 τοῦτο
2263 647 2332 702 γὰρ
2350 647 2430 688 οὔτε

1375 704 1487 757 ἀρχὴν
1505 703 1584 743 οὔτε
1614 705 1719 757 μέσον
1746 705 1826 745 οὗτε
1851 705 1949 750 τίλος
1974 705 2054 762 οὔτε
2081 706 2168 747 ἄλλο
2195 707 2300 762 μέρος
2330 706 2430 748 οὐδὲν
2450 723 2470 752 ι

1375 765 1485 817 ἔχειν·
1509 768 1664 804 τοιοῦτον
1696 766 1726 804 δ’
1747 759 1836 805 εἶναι
1863 764 1903 804 τὸ
1931 765 2093 820 ἄπειρον·
2113 760 2184 806 οἷον
2198 766 2235 807 δὲ
2247 766 2289 806 τὸ
2303 766 2354 819 μὴ
2373 767 2430 817 ὄν,

1375 826 1436 863 οὐκ
1455 823 1496 862 ἂν
1512 818 1655 864 εἶναιτὸ
1672 824 1724 876 ὄν,
1738 825 1914 879 περαίνειν
1929 825 1965 865 δὲ
1985 826 2071 880 πρὸς
2087 826 2247 879 ἄλληλα,
2269 828 2300 867 εἶ
2320 828 2432 867 πλείω

1375 882 1444 931 εἴη.
1503 884 1553 922 Τὸ
1579 884 1614 924 δὲ
1637 883 1671 923 ἓν
1698 883 1781 924 οὔτε
1814 887 1864 938 τῷ
1900 886 1962 924 οὐκ
1987 886 2061 925 ὄντι
2087 884 2167 925 οὔτε
2191 891 2263 931 τοῖς
2290 887 2433 931 πολλοῖς

1375 944 1596 993 ὡμοιῶσθαι·
1618 943 1653 983 ἓν
1668 944 1734 998 γὰρ
1752 946 1813 984 οὐκ
1829 943 1905 997 ἔχει
1923 944 2008 998 πρὸς
2022 944 2094 997 ὅ,τι
2110 951 2266 999 περανεῖ.
2321 947 2375 988 Τὸ
2389 946 2432 995 δὴ

306 1116 357 1145 29.
375 1110 452 1144 καθὸ
472 1110 515 1150 μὴ
531 1108 694 1151 κρείττων,
711 1107 756 1140 sic
768 1107 930 1141 Bekkerus
948 1115 966 1139 e
981 1105 1054 1139 cod.
1073 1106 1172 1146 Lips.,
1194 1113 1268 1136 nam
1283 1104 1314 1137 in

266 1158 395 1199 reliquis
415 1158 498 1190 male
507 1156 655 1189 scribitur
668 1158 817 1197 κρεῖττον.

308 1209 360 1240 31.
389 1205 556 1245 πεφυκέναι
581 1204 638 1246 γὰρ
665 1203 734 1236 θεὸν
750 1202 794 1245 μὴ
813 1202 1004 1244 κρατεῖσθαι.
1026 1200 1072 1232 lta
1092 1206 1204 1231 omnes
1220 1198 1314 1230 codd.

267 1254 384 1295 proeter
405 1251 620 1293 Lipsiensem,
724 1258 781 1290 pro
799 1249 867 1281 θεὸν
891 1248 1055 1280 invenitur
1075 1246 1111 1278 τὸ
1135 1247 1226 1278 θεῖον.
1246 1247 1315 1277 Hoc

267 1304 377 1334 autem
397 1303 565 1342 propterea
587 1297 845 1339 repudiavimus,
863 1297 940 1338 quia
956 1296 1076 1337 ubique
1090 1295 1150 1327 hoc
1163 1295 1266 1335 capite
1285 1296 1318 1326 et

267 1347 352 1390 apud
368 1347 567 1389 Simplicium
580 1345 697 1386 legitur
715 1343 795 1382 Θεὸς.

309 1398 360 1428 32.
377 1394 458 1426 ἰσων
476 1393 510 1426 δὲ
525 1392 640 1431 ὄντων,
659 1392 717 1424 οὐκ
735 1393 773 1424 ἂν
783 1390 865 1432 ἔχειν
876 1390 944 1423 θεὸν
956 1389 1044 1432 φύσιν
1067 1389 1128 1421 δεῖν
1145 1388 1222 1420 εἶναι
1245 1388 1318 1430 κρά-

266 1452 384 1474 τιστον.
396 1442 568 1473 Hoeserunt
579 1440 609 1471 in
624 1439 672 1470 his
681 1438 787 1473 verbis
801 1437 860 1469 viri
873 1436 968 1468 docti.
979 1437 1026 1468 Ac
1036 1435 1174 1476 primum
1187 1436 1316 1475 quidem

267 1487 476 1521 'riedemanni
503 1486 671 1529 κρατίστην
703 1485 774 1525 jure
793 1483 1013 1525 improbarunt
1044 1482 1264 1515 Fullebornius
1286 1486 1318 1514 et

271 1534 422 1574 Boetius,
440 1541 578 1574 quorum
602 1531 757 1573 posterior
774 1530 836 1562 δεῖν
856 1532 1012 1568 tanquam
1041 1528 1148 1569 inepte
1170 1528 1316 1560 additum

268 1581 366 1613 deleri
390 1580 504 1621 jussit,
522 1580 603 1611 hanc
619 1577 786 1610 sententiae
813 1576 878 1608 vim
896 1583 969 1608 esse
990 1576 1077 1607 ratus
1095 1586 1103 1607 z
1129 1584 1199 1608 non
1220 1584 1319 1617 posse

266 1627 370 1660 deum
393 1629 524 1659 natura
549 1625 881 1667 proestantissimum
908 1630 989 1654 esse.
1022 1623 1210 1654 Karstenius
1241 1622 1319 1654 nihil

268 1677 394 1705 mutans
408 1673 453 1706 sic
474 1672 653 1714 philosophi
668 1674 863 1714 praeceptum
881 1669 1024 1701 declarat
1039 1677 1046 1696 :
1066 1669 1124 1700 οὐκ
1146 1670 1183 1701 ἀν
1199 1669 1319 1710 προσή-

267 1732 349 1762 κειν,
363 1722 430 1754 Θεὸν
451 1721 618 1762 πεφυκέναι
634 1723 756 1762 κρατεῖν
774 1719 842 1750 sive
859 1717 1024 1759 κράτιστον
1039 1716 1130 1757 εἶναι,
1154 1718 1181 1748 εἰ
1197 1717 1318 1758 plures

267 1772 381 1803 essent
394 1769 444 1802 du
464 1770 559 1802 inter
578 1776 613 1800 se
636 1767 789 1809 aequales
802 1791 811 1806 ‚
826 1766 1096 1798 consentaneum
1110 1763 1194 1803 sore
1217 1764 1319 1803 neque

265 1825 369 1859 penes
380 1816 482 1849 deum
497 1824 568 1849 esse
583 1822 757 1848 summam
764 1814 976 1855 potentiam.
1004 1814 1044 1843 At
1059 1811 1131 1843 licet
1149 1811 1210 1843 δεῖν
1229 1810 1321 1842 simi-

269 1863 343 1896 liler
357 1865 393 1895 ut
404 1863 573 1904 προσήκειν
592 1869 825 1901 nonnunquam
843 1859 998 1899 significet
1014 1859 1214 1893 convenire,
1241 1865 1320 1889 con-

268 1912 475 1943 sentaneum
502 1917 594 1946 esse,
621 1911 729 1940 tamen
749 1907 919 1939 verborum
940 1905 1107 1937 collocatio
1136 1905 1209 1936 huic
1227 1905 1323 1936 iuter-

271 1957 439 1999 pretationi
461 1965 524 1988 non
551 1955 759 1995 suffragatur.
785 1956 898 1994 ltaque
919 1953 966 1985 sic
988 1951 1177 1984 vertendum
1209 1961 1217 1983 ε
1252 1965 1267 1979 κ
1295 1951 1321 1983 si

270 2006 378 2045 plures
394 2004 459 2036 siut
479 2003 522 2035 dii
543 2002 625 2035 inter
645 2011 679 2034 se
695 2002 854 2043 aequales,
874 2009 938 2032 non
966 2008 1036 2032 eam
1059 2001 1204 2031 naturam
1225 1997 1322 2030 deum

260 2060 341 2084 -esse
354 2050 536 2083 habiturum
552 2074 562 2090 ‚
578 2053 614 2081 ut
631 2048 807 2081 necessario
821 2046 1060 2087 potentissimus
1072 2044 1123 2077 sit.
1139 2057 1155 2072 ιι

313 2100 364 2131 34.
393 2098 478 2130 ὥστε
502 2097 586 2139 είπερ
603 2096 650 2135 είη
668 2106 702 2127 τε
718 2095 770 2127 καὶ
789 2098 930 2127 τοιοῦτον
948 2093 996 2132 είη
1011 2093 1088 2130 θεός.
1110 2093 1323 2126 scribendum

272 2145 400 2177 videtur
415 2146 573 2183 τοιοῦτος,
595 2144 632 2176 ut
659 2151 754 2175 versu
779 2144 837 2182 27,
865 2145 962 2183 atque
979 2142 1041 2173 hoc
1065 2141 1246 2173 Felicianus
1265 2150 1323 2173 ex-

272 2193 386 2234 pressit
402 2205 411 2225 :
433 2192 661 2233 «quapropter
676 2190 702 2222 si
717 2190 765 2222 est
782 2193 813 2222 et
829 2189 901 2221 talis
917 2190 969 2222 est
987 2188 1085 2228 deus,
1101 2196 1203 2220 unum
1218 2188 1323 2230 ipsum

271 2238 376 2271 solum
398 2246 478 2270 esse.
499 2250 516 2266 n

315 2287 366 2317 35.
385 2285 454 2318 οὐδὲ
472 2284 530 2326 γὰρ
542 2283 611 2316 οὐδὲ
627 2282 730 2315 πάντα
748 2282 897 2315 δύνασθαι
908 2282 946 2314 ἂν
964 2281 985 2313 ἃ
1003 2282 1157 2324 βούλοιτο.
1175 2281 1248 2313 οὐδὲ
1266 2281 1325 2324 γὰρ

249 2352 252 2355 «
274 2333 311 2364 ἂν
330 2333 475 2365 δύνασθαι
489 2331 639 2364 πλειόνων
656 2330 753 2363 ὄντων
768 2330 821 2362 ἕνα
836 2329 913 2362 εἶναι
938 2330 1043 2370 μόνον.
1065 2329 1245 2369 Depravata
1258 2336 1325 2360 esse

276 2379 346 2411 haec
364 2379 414 2410 vel
430 2379 599 2420 repetitum
616 2377 698 2409 illud
724 2379 822 2417 atque
845 2376 925 2408 adeo
951 2378 1000 2409 ter
1021 2376 1159 2417 positum
1187 2376 1258 2407 οὐδὲ
1276 2384 1324 2408 ar-

275 2424 353 2465 guit.
370 2425 556 2458 Karstenius
576 2425 696 2465 suasit,
723 2425 758 2455 ut
775 2426 948 2465 poneretur
967 2435 975 2455 ι
994 2423 1070 2455 ὥστ’
1093 2422 1179 2464 είπερ
1199 2421 1266 2454 ἐστί
1289 2433 1326 2463 γε

276 2475 414 2508 τοιοῦτος
425 2497 434 2513 ,
449 2472 500 2504 ἕνα
521 2472 612 2512 μόνον
626 2471 703 2504 εἶναι
716 2471 768 2502 τὸν
785 2469 854 2502 θεὸν
867 2479 874 2486 ·
892 2470 963 2502 οὐδὲ
985 2469 1044 2511 γὰρ
1060 2469 1125 2502 οὐδ’
1139 2469 1264 2501 ἅπαντα
1278 2469 1327 2501 δύ-

277 2519 435 2550 νασθαιᾶν
454 2518 475 2549 ἃ
488 2517 630 2559 βούλοιτο
642 2541 651 2557 ,
667 2516 819 2549 πλειόνων
845 2516 942 2548 ὄντων
955 2541 964 2556 ,
983 2517 1036 2548 ἕνα
1060 2513 1167 2558 μόνον.
1196 2515 1325 2548 Rectius

279 2564 382 2597 codex
404 2565 571 2604 Lipsiensis
586 2567 657 2605 post
672 2564 814 2606 βούλοιτο
833 2564 929 2595 habet
947 2575 955 2595 :
970 2564 1006 2596 οὐ
1025 2564 1086 2605 γὰρ
1098 2564 1135 2594 ἂν
1157 2562 1324 2603 δύνασθαι,

279 2611 428 2644 πλειόνων
449 2611 563 2643 ὄντων·
595 2612 646 2644 ἕνα
672 2612 732 2653 ἄρα
759 2612 836 2642 εἶναι
868 2610 972 2651 μόνον.
996 2611 1090 2642 Initio
1113 2609 1233 2650 duplex
1255 2609 1326 2641 οὐδὲ

280 2658 414 2700 negandi
430 2658 495 2690 vim
522 2659 636 2698 auget,
653 2657 739 2699 quod
768 2658 831 2697 iam
858 2658 1045 2690 Karstenius
1062 2656 1251 2699 adnotavit,
1268 2657 1325 2697 qui

280 2705 357 2738 citat
370 2705 594 2745 Epicharmium
611 2704 695 2745 apud
709 2704 881 2744 Diogenem
896 2704 931 2737 L.
947 2706 1008 2745 ΙΙΙ,
1024 2707 1081 2738 10:
1101 2704 1169 2736 οὐδὲ
1185 2704 1247 2746 μὰν
1261 2703 1326 2737 οὐδ’

280 2753 313 2785 αἱ
340 2753 411 2785 ποτὶ
437 2752 544 2794 μέτρον
563 2762 594 2783 κ.
613 2762 642 2783 τ.
668 2751 696 2783 λ.
725 2753 757 2783 et
779 2751 859 2784 Plat.
891 2752 1019 2784 Phaedr.
1048 2754 1132 2784 extr.
1153 2760 1185 2792 p.
1208 2754 1268 2785 278
1288 2754 1324 2785 E.

281 2799 343 2832 Sed
356 2800 401 2832 ita
414 2799 479 2840 jam
506 2799 687 2840 frequenter
709 2800 887 2838 Homerus,
914 2799 1002 2832 velut
1018 2800 1060 2833 Il.
1081 2801 1206 2840 xvln,
1235 2803 1293 2833 117
1317 2809 1325 2830 ι

279 2847 351 2880 οὐδὲ
363 2846 423 2889 γὰρ
438 2846 508 2879 οὐδὲ
522 2845 573 2888 βίη
583 2846 754 2887 Ἡρακλῆος
771 2845 846 2887 φύγε
859 2848 948 2888 Κῆρα
960 2870 969 2886 ,
985 2847 1081 2889 ὅσπερ
1093 2847 1235 2888 φίλτατος
1251 2848 1326 2881 ἔσκε

283 2892 500 2939 ΔιὶΔΚρονίωνι
528 2891 649 2923 ἄνακτι.
666 2891 806 2923 Omnino
826 2901 925 2932 quum
950 2895 1116 2933 poetarum
1135 2894 1234 2935 magis
1260 2903 1328 2936 pro-

285 2939 372 2980 prius
394 2939 444 2972 hic
469 2947 547 2970 usus
571 2939 612 2970 sit
630 2946 726 2979 quam
745 2947 846 2979 prosae
861 2939 1012 2972 orationis
1035 2939 1250 2981 scriptorum,
1271 2950 1328 2975 su-

285 2985 389 3025 spicor
404 2984 606 3018 Aristotelem
626 2993 740 3025 magna
758 2986 902 3026 exparte
921 2986 1126 3027 Xenophanis
1146 2987 1244 3020 verba
1259 2996 1328 3021 ser·

285 3040 399 3073 rasse,
417 3040 489 3073 quae
509 3030 640 3063 forsitan
655 3030 774 3063 fuerint
791 3040 800 3063 ε

368 3090 438 3123 οὐδὲ
451 3090 511 3133 γὰρ
523 3089 592 3122 οὐδὲ
605 3089 727 3122 δύναιτό
746 3101 782 3122 κε
794 3093 856 3122 πᾶν
869 3091 981 3123 τελέειν
995 3091 1060 3129 θεὸς
1075 3091 1140 3129 οἶος
1151 3101 1160 3112 ·

368 3138 406 3170 οὐ
423 3138 482 3179 γὰρ
501 3138 568 3179 ἔχοι
583 3138 711 3179 δύναμιν
723 3138 838 3177 ταύτην
854 3139 993 3171 πλεόνων
1009 3140 1041 3172 ἐν
1061 3140 1160 3182 ὁμίλῳ
1173 3150 1182 3160 ·

368 3185 451 3217 οὕτω
468 3188 579 3226 μοῦνος
599 3185 658 3217 ε’ὼν
675 3185 797 3217 πάντων
821 3186 941 3227 κρατέει
959 3187 1063 3227 φρεσὶν
1080 3186 1163 3227 ᾖσιν.

329 3250 380 3282 37.
399 3249 453 3282 ἕνα
470 3249 497 3281 δ’
514 3249 588 3281 ὄντα
604 3249 711 3291 ὅμοιον
734 3249 813 3281 εἶναι
831 3248 950 3291 πάντῃ,
976 3250 1049 3292 ὁρᾶν
1065 3261 1098 3282 τε
1121 3250 1174 3282 καὶ
1187 3250 1328 3292 ἀκούειν,

287 3296 340 3334 τάς
354 3307 388 3329 τε
405 3296 497 3334 ἄλλοις
510 3297 668 3335 αἰσθήσεις
687 3297 799 3339 ἔχοντα
823 3296 936 3337 πάντῃ.
958 3298 986 3329 εἰ
1002 3297 1060 3340 γὰρ
1076 3298 1119 3339 μή
1132 3322 1141 3339 ,
1154 3301 1278 3340 κρατεῖν
1293 3299 1330 3331 ἂν

288 3354 320 3376 κ.
335 3355 365 3377 τ.
385 3344 414 3377 λ.
428 3345 476 3376 Ita
493 3343 664 3376 Bekkerus.
685 3344 866 3376 Notandum
888 3344 965 3376 illud
984 3345 1088 3376 vocari
1104 3344 1204 3386 πάντῃ
1225 3346 1331 3386 ὅμοιον

290 3390 377 3431 quod
393 3390 520 3424 sublato
546 3391 683 3432 partium
703 3390 890 3423 discrimine
908 3400 1008 3423 unum
1024 3394 1121 3432 atque
1141 3392 1329 3424 continuum

287 3439 347 3470 σεῖ’.
360 3439 467 3470 Parm.
482 3446 512 3469 v.
528 3439 567 3470 78
585 3446 593 3466 τ
607 3437 676 3470 οὐδὲ
688 3437 839 3479 διαίρετὸν
853 3438 934 3470 ἐστιν
943 3463 952 3479 ,
966 3438 1032 3470 ἐπεὶ
1044 3442 1105 3471 πᾶν
1115 3439 1198 3471 ἐστιν
1211 3439 1329 3479 ὁμοῖον.

284 3485 330 3514 Ac
345 3492 510 3525 perperam
527 3492 546 3516 a
568 3483 709 3517 Bekkero
724 3484 930 3525 distinguitur
944 3487 1016 3525 post
1031 3484 1166 3517 ἀκούειν.
1188 3486 1332 3526 Namque

290 3533 322 3562 ut
339 3532 424 3564 recte
451 3532 559 3564 monet
578 3532 763 3565 Karstenius
779 3532 876 3565 verba
893 3532 966 3574 ὁρᾶν
988 3543 1021 3565 τε
1037 3533 1090 3564 καὶ
1109 3532 1232 3565 ἀκούειν
1255 3532 1332 3565 nub-

1378 1105 1517 1138 stantive
1533 1106 1632 1147 posita
1645 1115 1708 1138 una
1721 1116 1795 1139 cum
1810 1107 1955 1147 sequenti
1970 1106 2098 1140 nomine
2110 1107 2164 1145 τοὶς
2176 1118 2211 1140 τε
2223 1107 2318 1145 ἄλλας
2329 1109 2435 1148 αἰσθή-

1378 1163 1442 1189 σεις
1471 1153 1611 1194 pendent
1630 1163 1670 1186 ex
1694 1154 1807 1195 ἔχοντα
1824 1153 1925 1195 πάντῃ
1937 1178 1947 1194 ,
1972 1155 2009 1186 ut
2025 1154 2138 1187 eodem
2160 1163 2253 1188 sensu
2277 1155 2405 1189 dicatur
2424 1164 2433 1185 τ

1379 1199 1487 1241 ὄρασίν
1502 1210 1535 1232 τε
1549 1201 1602 1233 καὶ
1615 1200 1713 1239 ἀκοὴν
1726 1200 1781 1238 τάς
1794 1212 1828 1233 τε
1843 1201 1936 1238 ἄλλας
1954 1202 2115 1240 αἰσθήσεις
2128 1201 2243 1243 ἔχοντα
2256 1201 2371 1244 πάντῃ.
2490 1229 2495 1233 .

1422 1257 1453 1288 p.
1477 1250 1536 1280 977
1559 1247 1590 1279 b.
1613 1251 1640 1280 1.
1658 1248 1758 1289 πάντῃ
1774 1248 1802 1280 δ’
1820 1249 1929 1290 ὅμοιον
1954 1248 2031 1281 ὄντα
2060 1250 2242 1292 σφαιροειδῆ
2267 1250 2350 1284 εἶναι
2364 1259 2373 1268 ’
2398 1251 2437 1285 οὗ

1379 1295 1438 1336 γὰρ
1451 1298 1489 1336 τῇ
1508 1295 1562 1336 μὲν
1579 1299 1618 1337 τῇ
1634 1295 1661 1327 δ’
1679 1295 1717 1328 οὐ
1738 1299 1880 1328 τοιοῦτον
1893 1296 1990 1335 εἶναι,
2011 1296 2090 1328 ἀλλὰ
2113 1296 2227 1339 πάντῃ.
2248 1297 2437 1339 Simplicius

1381 1342 1400 1374 Ι.
1423 1351 1452 1375 c.
1477 1343 1666 1386 σφαιροειδὲς
1680 1343 1756 1376 αὐτὸ
1772 1343 1824 1376 διὰ
1840 1344 1876 1376 τὸ
1895 1343 2088 1385 πανταχόθεν
2102 1344 2211 1385 ὅμοιον
2232 1346 2327 1387 λέγει.
2349 1347 2437 1380 Enn-

1380 1389 1454 1421 dem
1478 1399 1579 1430 quam
1604 1390 1655 1422 hic
1678 1390 1814 1431 legimus
1843 1392 2036 1423 sententiam
2056 1391 2264 1425 Parmenides
2283 1393 2439 1434 exprimit

1381 1447 1412 1470 v.
1440 1441 1497 1471 104
1516 1447 1607 1482 seqq.
1625 1438 1778 1471 Similiter
1794 1438 1985 1472 Aristoteles
2002 1438 2044 1471 de
2063 1439 2154 1472 coelo
2171 1441 2199 1480 Ι,
2217 1443 2230 1473 t
2249 1452 2258 1473 ι
2276 1439 2314 1473 τὸ
2329 1440 2363 1473 δὲ
2375 1444 2439 1474 πᾶν

1382 1509 1445 1518 .....
1448 1486 1565 1518 τέλειον
1588 1486 1760 1524 ἀναγκαῖον
1779 1485 1858 1518 εἶναι
1880 1487 1934 1518 καὶ
1954 1485 2096 1529 καθάπερ
2114 1486 2253 1530 τοῦνομα
2268 1488 2437 1530 σημαίνει,

1380 1533 1499 1575 πάντῃ,
1514 1534 1568 1565 καὶ
1586 1533 1629 1573 μὴ
1642 1537 1680 1575 τῇ
1698 1533 1753 1574 μὲν
1768 1537 1806 1575 τῇ
1820 1533 1847 1565 δ’
1863 1534 1914 1566 οὗ.

1423 1587 1454 1614 2.
1469 1582 1568 1614 ἀΐδιον
1585 1581 1612 1614 δ’
1631 1581 1707 1613 ὄντα
1719 1582 1771 1613 καὶ
1789 1583 1841 1613 ἕνα
1856 1582 1910 1614 καὶ
1927 1582 2124 1624 σφαιροειδῆ,
2139 1580 2206 1614 οὔτ’
2217 1581 2344 1626 ἄπειρον
2359 1583 2439 1616 εἶναι

1381 1630 1454 1662 οὔτε
1471 1629 1676 1670 πεπεράσθαι.
1698 1630 1744 1661 lta
1763 1628 1924 1662 Bekkerus
1941 1630 2010 1661 haec
2027 1628 2124 1661 verba
2143 1629 2297 1670 vulgavit.
2315 1631 2441 1664 Karste—

1383 1677 1454 1709 nius
1479 1685 1554 1708 cum
1576 1675 1740 1708 veteribus
1762 1675 1959 1708 editionibus
1974 1676 2167 1717 πεπερᾶσθαι
2193 1675 2332 1718 scripsit.
2353 1677 2440 1710 Neu—

1383 1728 1468 1756 trum
1488 1723 1674 1763 ferendum3
1696 1723 1868 1763 requiritur
1886 1722 1973 1755 euim
1987 1722 2074 1764 quod
2098 1722 2169 1755 cod.
2189 1722 2365 1764 Lipsiensis
2383 1724 2439 1757 ha·

1382 1772 1437 1803 bet
1451 1770 1651 1812 πεπεράνθαι.
1671 1772 1752 1803 Nam
1770 1770 1878 1802 nullus
1896 1769 1948 1802 hic
1967 1773 2017 1802 est
2030 1770 2128 1802 verbo
2144 1772 2240 1813 περᾶν
2262 1770 2438 1813 Ιοουο,ιοι1

1383 1820 1488 1851 solum
1508 1817 1658 1850 convenit
1679 1817 1853 1859 περαίνειν,
1870 1820 1907 1849 ut
1928 1817 2113 1850 mirandum
2131 1818 2190 1858 sit,
2218 1818 2366 1853 homines
2379 1819 2440 1853 do-

1383 1870 1451 1899 ctos
1470 1867 1532 1898 tale
1557 1865 1672 1897 vitium
1695 1874 1757 1897 non
1787 1865 2067 1898 animadvertisse.
2086 1865 2234 1898 Concinit
2254 1866 2441 1909 Simplicius

1384 1914 1404 1946 Ι.
1425 1922 1454 1945 c.
1476 1921 1484 1941 τ
1505 1913 1558 1944 καὶ
1581 1913 1654 1944 οὔτε
1675 1911 1708 1944 δὲ
1731 1912 1857 1953 ἄπειρον
1879 1912 1950 1944 οὔτε
1972 1913 2207 1954 πεπερασμένον
2223 1913 2324 1947 εἶναι·
2361 1914 2440 1948 διότι

1384 1961 1510 2001 ἄπειρον
1531 1959 1586 2001 μὲν
1602 1959 1637 1991 τὸ
1654 1960 1697 2000 μὴ
1722 1958 1756 1991 ὃν
1775 1961 1817 1996 ὡς
1849 1958 1920 1991 οὔτε
1940 1960 2039 2001 ἀρχὴν
2064 1959 2138 2002 ἔχον
2163 1960 2236 1993 οὔτε
2258 1961 2355 2003 μέσον
2369 1962 2441 1995 οὔτε

1386 2010 1396 2048 (
1411 2009 1497 2048 vulg.
1519 2008 1616 2049 μήτε)
1634 2007 1720 2043 τέλος
1732 2029 1741 2044 ,
1757 2006 1895 2048 περαίνει
1913 2007 1946 2039 δὲ
1963 2008 2038 2050 πρὸς
2068 2007 2187 2045 ἄλληλα
2198 2008 2239 2040 τὰ
2258 2008 2369 2043 πλείω.
2383 2010 2442 2043 Ul-

1384 2057 1464 2088 timo
1491 2054 1650 2087 vocabulo
1681 2056 1819 2095 excepto
1846 2054 1878 2086 in
1904 2054 2036 2095 reliquis
2070 2055 2236 2096 vulgatam
2267 2055 2440 2090 lectionem

1385 2104 1515 2136 secutus
1530 2111 1602 2135 sum
1616 2125 1626 2143 ,
1653 2110 1755 2143 quum
1779 2101 1906 2134 initium
1923 2101 2021 2142 huius
2043 2103 2211 2135 sententiae
2233 2102 2389 2144 integrius
2408 2104 2441 2137 in

1385 2151 1454 2183 aliis
1472 2159 1570 2192 quam
1594 2151 1625 2182 in
1645 2149 1802 2190 Lipsiensi
1819 2149 1901 2182 libro
1925 2149 2085 2189 videatur,
2098 2150 2154 2183 ubi
2171 2150 2287 2192 legitur
2306 2160 2316 2183 ε
2339 2151 2442 2184 ἀΐδιον

1385 2199 1418 2231 δὲ
1444 2199 1527 2231 οὕτω
1543 2198 1596 2231 καὶ
1625 2198 1679 2230 ἕνα
1691 2198 1745 2230 καὶ
1773 2197 1952 2240 σφαιροειδῆ
1969 2197 2042 2229 οὔτε
2076 2196 2224 2240 ἄπειροῗι,
2249 2197 2322 2231 οὔτε
2346 2209 2441 2232 πεπε-

1404 2246 1503 2278 άνθαι.

1385 2259 1402 2290 ρ
1428 2297 1458 2327 3.
1488 2293 1615 2336 ἄπειρον
1648 2293 1666 2325 ὃ
1691 2293 1734 2334 μὴ
1764 2292 1798 2325 ὃν
1819 2292 1897 2325 εἶναι
1916 2292 2095 2331 nokkerus,
2115 2292 2167 2325 alii
2187 2291 2314 2335 ἄπειρον
2330 2293 2367 2325 τὸ
2398 2294 2442 2335 μὴ

1386 2341 1465 2373 εἶναι
1477 2364 1486 2380 ,
1503 2339 1580 2373 cod.
1603 2339 1688 2380 Lips.
1702 2340 1827 2381 ἄπειρον
1852 2340 1907 2380 μὲν
1923 2339 1940 2372 ὃ
1958 2341 2001 2381 μὴ
2016 2339 2050 2371 ὃν
2067 2340 2164 2380 εἶναι,
2177 2339 2231 2373 sed
2245 2339 2327 2373 bene
2340 2342 2442 2374 Bran·

1385 2389 1485 2422 disius
1502 2388 1639 2420 correxit
1658 2387 1783 2430 ἄπειρον
1802 2387 1857 2428 μὲν
1869 2387 1906 2419 τὸ
1920 2388 1962 2427 μὴ
1978 2387 2013 2419 ὃν
2035 2387 2126 2420 εἶναι.

1427 2438 1459 2469 4.
1474 2438 1566 2468 τοῦτο
1584 2435 1643 2477 γὰρ
1657 2434 1728 2467 οὔτε
1742 2435 1836 2475 μέσον
1847 2434 1911 2466 οὔτ’
1926 2435 2033 2476 ἀρχὴν”
2041 2435 2096 2466 καὶ
2113 2435 2198 2471 τέλος
2218 2434 2287 2467 οὔτ-ἲ
2297 2434 2373 2468 ἄλλο
2385 2435 2443 2477 μέ-

1386 2496 1436 2527 ρος
1452 2483 1541 2516 οὐδὲν
1556 2483 1649 2524 ἔχειν.
1669 2483 1706 2514 In
1724 2482 1773 2514 his
1786 2482 1891 2514 verbis
1907 2483 1961 2514 καὶ
1977 2484 2051 2515 ante
2064 2482 2149 2519 τέλος
2164 2491 2182 2515 e
2194 2482 2395 2516 correctione
2409 2482 2443 2516 in

1387 2533 1469 2564 libro
1485 2530 1640 2572 Lipsiensi
1655 2530 1809 2570 scriptum
1831 2531 1901 2570 est;
1928 2530 2023 2562 antea
2043 2529 2103 2562 fuit
2130 2530 2219 2570 οὔτε,
2233 2529 2321 2571 quod
2343 2529 2442 2563 etiam

1387 2589 1474 2612 nunc
1493 2578 1658 2620 perspicue
1679 2578 1833 2618 apparet,
1860 2579 1893 2609 et
1912 2577 1944 2608 in
1972 2577 2100 2610 caeteris
2124 2576 2320 2609 membranis
2343 2578 2443 2618 atque

1387 2626 1472 2669 apud
1491 2625 1692 2668 Simplicium
1712 2625 1829 2657 exstat.
1853 2624 2072 2663 Quamobrem
2097 2623 2170 2656 οὔτε
2185 2623 2443 2666 tegendum-exi·

1387 2676 1495 2708 stimo.

1430 2728 1461 2755 6.
1480 2721 1635 2764 περαίνειν
1652 2720 1684 2752 δὲ
1700 2718 1775 2762 πρὸς
1791 2718 1908 2757 ἄλληλα
1919 2742 1928 2758 ,
1950 2720 1977 2751 εἰ
2000 2718 2099 2750 πλείω
2124 2718 2198 2751 εἶεν.
2230 2718 2332 2759 Magis
2347 2717 2444 2752 attico

1390 2771 1472 2804 cod.
1489 2770 1576 2810 Lips.
1592 2769 1618 2800 εἰ
1640 2767 1740 2800 πλείω
1756 2766 1821 2805 είη.
1839 2765 1871 2798 Si
1890 2766 1980 2806 plura
1997 2766 2083 2805 sint,
2104 2773 2142 2798 ea
2167 2764 2286 2797 finibus
2301 2764 2386 2798 inter
2408 2772 2444 2797 se

1389 2817 1556 2852 terminari
1579 2814 1790 2856 philosophus
1818 2813 1919 2853 dicit,
1939 2822 2003 2846 non
2018 2821 2093 2846 vero
2113 2812 2144 2845 id
2167 2811 2255 2853 quod
2272 2819 2375 2845 unum
2388 2811 2441 2845 su.

1389 2866 1523 2899 Aristot.
1546 2863 1644 2904 Phys.
1672 2864 1730 2902 ΙΙΙ,
1757 2865 1774 2894 4
1796 2872 1804 2893 2
1828 2860 1877 2893 ἀεὶ
1904 2860 2060 2902 περαίνειν
2093 2860 2214 2901 ἀνάγκη
2247 2859 2350 2902 ἕτερον
2368 2859 2445 2903 πρὸς

1390 2916 1439 2948 ἔτε
1458 2925 1505 2947 ον.

1433 2927 1463 2995 79.
1481 2961 1518 2994 τὸ
1532 2961 1565 2993 δὲ
1578 2960 1610 2993 ἓν
1626 2959 1698 2992 οὔτε
1708 2961 1753 2999 τῷ
1777 2958 1835 2990 οὐκ
1848 2957 1912 2989 ὄντι
1935 2957 2007 2990 οὔτε
2025 2960 2090 2994 τοῖς
2105 2957 2230 2994 πολλοῖς
2244 2957 2442 2998 ὁμοιοῦσθαι.

1391 3011 1520 3045 Rectius
1533 3008 1614 3042 cod.
1633 3007 1719 3048 Lips.
1737 3006 1933 3048 ὡμοιῶσθαι.
1955 3007 2012 3037 Est
2027 3004 2114 3037 enim
2139 3006 2325 3047 ὁμοιοῦσθαι
2354 3012 2444 3039 oom-

1391 3058 1496 3101 parari
1513 3058 1546 3090 et
1561 3054 1750 3095 assimilari,
1776 3053 1960 3094 ὡμοιῶσθαι
1983 3061 2038 3093 par
2058 3052 2109 3086 vel
2130 3051 2234 3085 simile
2253 3059 2336 3085 esse.
2357 3051 2442 3086 Pht.

1391 3108 1432 3140 de
1444 3108 1528 3147 Rep.
1544 3105 1600 3138 tib.
1616 3105 1662 3136 VI
1684 3111 1717 3143 p.
1734 3104 1796 3135 498
1812 3103 1838 3133 E
1860 3113 1868 3133 z
1885 3101 1982 3143 ἄνδρα
1995 3100 2028 3132 δὲ
2043 3100 2135 3142 ἀρετῇ
2155 3098 2374 3141 παρισωμένον
2388 3098 2444 3132 καὶ

1391 3154 1594 3197 ὡμοιωμένον
1622 3151 1713 3194 μέχρι
1733 3152 1790 3182 τοῦ
1807 3150 1938 3181 δυνατοῦ
1958 3148 2087 3187 τελέως,
2113 3148 2194 3189 ἔργῳ
2211 3156 2247 3179 τε
2276 3145 2332 3179 καὶ
2357 3144 2445 3190 λόγῳ

1391 3201 1620 3236 δυναστεύοντα
1637 3199 1669 3232 ἐν
1693 3197 1782 3231 πόλει
1799 3197 1888 3239 ἑτέρᾳ
1903 3195 2050 3241 τοιαύτῃ,
2075 3194 2112 3227 οὗ
2125 3195 2254 3227 πώποτε
2267 3192 2445 3237 tophum

1391 3250 1463 3284 οὔτε
1479 3250 1534 3282 ἕνα
1548 3248 1620 3281 οὔτε
1641 3245 1776 3283 πλείους.

1434 3302 1465 3331 8.
1486 3297 1519 3329 ἒν
1534 3296 1594 3339 γὰρ
1618 3295 1677 3327 οὐκ
1694 3294 1759 3336 ἐ-χει
1778 3292 1854 3335 πρὸς
1875 3291 1906 3332 ὅ,
1928 3303 1957 3323 τι
1974 3294 2113 3333 περανεῖ.
2135 3291 2212 3322 Haec
2228 3289 2360 3330 vulgata
2393 3291 2445 3323 est

1393 3344 1569 3385 scriptura,
1595 3349 1693 3383 quam
1712 3341 1825 3380 utique
1845 3338 2076 3380 praeferendam
2097 3345 2264 3369 censemus
2288 3335 2443 3379 Lipsiensi

1391 3391 1466 3433 πρὸς
1479 3390 1509 3430 ὅ,
1519 3399 1548 3422 τι
1563 3387 1726 3432 περανθείη
1740 3389 1869 3428 propter
1875 3387 2075 3418 constantem
2088 3383 2235 3417 vocabuli
2251 3392 2366 3423 usum,
2379 3391 2445 3424 quo

1394 3437 1559 3479 passivum
1577 3436 1637 3468 hac
1651 3434 1879 3475 significatione
1900 3432 2042 3464 insolens
2065 3433 2132 3472 est,
2147 3434 2179 3464 et
2197 3433 2327 3472 propter
2344 3429 2444 3463 verba

1392 3492 1565 3526 praegressa
1581 3482 1735 3523 περαίνειν
1751 3481 1784 3513 δὲ
1801 3481 1876 3522 πρὸς
1893 3480 2023 3518 ἄλληλα.
2046 3479 2230 3512 Brandisius
2246 3478 2366 3519 recepit
2385 3486 2443 3510 πε-

1393 3532 1528 3574 ρανθείη,
1545 3530 1634 3572 quod
1669 3529 1698 3562 si
1727 3528 1792 3561 ullo
1815 3529 1906 3569 pacto
1936 3527 2007 3560 ferri
2037 3529 2165 3568 posset,
2190 3534 2254 3558 non
2282 3525 2444 3557 diceretur
