2612 3814
303 443 415 503 ΕΚ
466 439 644 503 ΤΩΝ
696 441 931 502 ΠΑΡΑ
984 440 1610 503 ΠΥΘΑΓΟΡΕΙΟΙΣ
1662 444 1988 506 ΑΛΛΟΙΣ
2054 447 2159 507 ΤΕ

941 619 1521 672 ΟΜΟΙΩΜΑΤΩΝ.

294 966 978 1028 PYTHAGOREORUM·
1004 966 1492 1038 ALIORUMQUE
1540 969 2175 1061 PHILOSOPHORUM

404 1075 413 1084 ι
838 1113 1283 1164 SIMILITUDINES
1321 1113 1619 1174 QUAEDAM.

430 1406 909 1459 ΔΗΜΟΦΙΛΟΥ

247 1519 340 1563 EK
383 1517 526 1564 ΤΩΝ
569 1515 1095 1563 ΠΥΘΑΓΟΡΕΙΩΝ

331 1617 495 1656 οΜοΙΑ
523 1617 556 1655 u
590 1617 708 1656 ΒιοΥ
737 1617 1013 1656 ΘΕΡΑΠΕιΑ.

147 1812 175 1836 1.
224 1794 366 1835 Ἔοικεν
386 1798 409 1842 ’ἡ
430 1793 599 1834 κολακεία
618 1797 759 1847 γραπτῇ
784 1794 983 1848 πανοπλίᾳ·
1005 1793 1057 1833 διὸ
1077 1794 1199 1848 τέρψιν

226 1855 289 1905 μὲν
309 1853 402 1907 ἔχει,
421 1853 544 1906 χρείαν
565 1851 601 1891 δὲ
630 1853 806 1904 μηδεμίαν
827 1854 1034 1908 παρέχεται.

145 1928 176 1954 2.
226 1913 272 1953 ‘H
290 1913 434 1952 παιδεία
453 1912 558 1963 ὁμοία
579 1911 653 1950 ἐστὶ
678 1914 802 1966 χρυσῷ
830 1913 1014 1967 στεφάνῳ·
1042 1913 1103 1953 καὶ
1128 1913 1196 1967 γὰρ

225 1972 331 2023 τιμὴν
352 1971 428 2024 ἔχει
448 1971 508 2009 καὶ
527 1969 567 2008 τὸ
591 1970 783 2015 λυσιτελές.

143 2045 174 2072 3.
226 2032 272 2070 Οἳ
292 2030 434 2084 ἐλαφροὶ
454 2032 524 2068 τῶν
550 2029 742 2081 ἀνθρώπων
760 2030 919 2082 καθάπερ
948 2029 993 2068 τὰ
1024 2030 1109 2069 κενὰ
1129 2035 1198 2070 τῶν

228 2090 376 2142 ἀγγείων
398 2088 631 2128 εὗὸάστακτοι
654 2094 725 2132 τοῖς
744 2089 906 2142 ὠταρίοις
927 2089 1026 2129 εἰσίν.

145 2166 178 2191 ⁴.
228 2149 275 2189 ‘O
294 2149 367 2201 βίος
384 2147 505 2200 ὥσπερ
529 2147 675 2200 ὄργανον
697 2147 813 2186 ἀνέσει
833 2148 893 2186 καὶ
915 2148 1073 2188 ἐπιτάσει
1093 2149 1203 2202 ἆρμο-

228 2208 370 2259 ζόμενος
389 2206 498 2255 ἡδίων
519 2206 664 2258 γίνεται.

146 2283 176 2309 ο.
227 2267 275 2308 ‘O
304 2267 406 2319 λόγος
425 2265 546 2318 ὥσπερ
566 2266 727 2315 πλάστης
758 2265 885 2318 ἀγαθὸς
903 2265 1010 2305 καλὸν
1036 2269 1078 2320 τῇ
1103 2269 1200 2321 ψυχῇ

225 2325 423 2381 περιτίθησι
438 2328 582 2377 σχῆμα.

146 2400 178 2426 6.
228 2385 271 2426 ‘O
305 2387 374 2424 τῶν
403 2385 518 2436 σοφῶν
540 2387 639 2432 νοῦς,
671 2381 791 2437 ὥσπερ
818 2384 968 2438 χρυσός,
1000 2385 1104 2438 βάρος
1129 2384 1202 2438 ἔχει

110 2434 116 2441 ”
228 2444 405 2496 μέγιστον.

147 2517 178 2544 7.
229 2505 304 2550 Τῆς
339 2503 561 2549 ἀλαζονείας,
602 2501 763 2554 καθάπερ
802 2504 872 2541 τῶν
920 2503 1200 2555 κεχρυσωμένων

226 2561 343 2600 ὅπλων
356 2592 366 2612 ,
402 2563 467 2613 οὐχ
503 2559 608 2610 ὅμοιά
646 2562 720 2600 ἐστι
752 2560 796 2599 τὰ
834 2560 928 2605 ἐντὸς
967 2567 1038 2606 τοῖς
1085 2562 1197 2606 ἐκτός.

145 2636 177 2661 8.
226 2620 340 2673 Μύρῳ
361 2618 424 2666 τὴν
446 2618 552 2665 αὐτὴν
574 2617 721 2669 δύναμιν
743 2619 816 2671 ἔχει
833 2621 850 2658 ὁ
866 2619 988 2670 λόγος·
1006 2619 1203 2671 κάμνοντας

229 2678 291 2731 μὲν
326 2683 422 2731 ἡμᾶς
458 2678 586 2732 ὠφελεῖ
600 2708 611 2729 ,
649 2680 764 2723 καλῶς
801 2678 837 2717 δὲ
885 2679 1111 2732 πράσσοντας
1146 2682 1202 2718 εὐ-

229 2737 377 2791 φραίνει.

146 2812 176 2837 9.
233 2795 383 2836 Φαύλου
409 2795 553 2849 ἀνδρός,
586 2796 745 2850 καθάπερ
766 2796 881 2841 -κυνὸς
911 2802 1044 2849 κακοῦ,
1068 2799 1201 2850 μᾶλλον

232 2857 284 2894 δεῖ
299 2856 363 2903 τὴν
381 2855 481 2908 σιγὴν
500 2855 522 2903 ἢ
544 2855 608 2903 τὴν
629 2855 746 2909 φωνὴν
772 2856 1011 2897 εὒλαὸεῗσθαι.

149 2929 194 2955 ω.
225 2914 323 2955 Οὔτε
340 2919 384 2968 τῇ
403 2918 542 2969 γαμετῇ
566 2914 699 2968 πρέπον
720 2914 784 2961 τὴν
807 2915 973 2968 ἑταίραν,
992 2915 1070 2955 οὔτε
1084 2920 1126 2970 τῇ
1147 2932 1203 2970 φι-

226 2973 287 3025 λίᾳ
306 2973 370 3023 τὴν
388 2975 575 3013 κολακείαν
598 2977 848 3027 προτιμᾶσθαι.

151 3047 197 3073 ιι.
229 3035 278 3072 Οἱ
305 3034 523 3087 ἀδολέσχαι,
544 3032 663 3088 ὥσπερ
700 3035 735 3072 αἱ
754 3033 954 3087 χελιδόνες,
982 3037 1034 3087 τῷ
1065 3041 1203 3088 συνεχεῖ

229 3096 291 3140 τῆς
303 3095 429 3139 λαλιᾶς
452 3093 516 3141 τὴν
536 3093 663 3143 ἡδονὴν
684 3097 746 3142 τῆς
767 3094 904 3144 ὁμιλίας
930 3094 1200 3135 ἀποὸάλλουσιν.

153 3166 202 3192 12.
231 3151 324 3197 Τοὺς
349 3153 411 3204 μὲν
434 3152 564 3197 κακοὺς
590 3153 856 3202 ἀσεὸήσαντας,
878 3153 959 3198 τοὺς
982 3154 1017 3193 δὲ
1037 3154 1203 3200 ἀνοήτους

230 3211 290 3249 καὶ
310 3214 447 3263 θρασεῖς
466 3211 691 3264 γηράσαντας
705 3214 740 3251 αἱ
757 3215 826 3251 τῶν
842 3213 1109 3265 ἁμαρτημάτων
1123 3228 1204 3253 συν-

233 3269 413 3310 διώκουσιν
434 3270 596 3323 ἔριννύες.

155 3343 201 3370 13.
233 3329 307 3368 Τὸν
323 3329 627 3382 πεπαιδευμένον,
644 3329 764 3383 ὥσπερ
782 3332 822 3369 ἐκ
842 3329 1037 3380 συμποσίου
1049 3359 1059 3378 ,
1083 3331 1123 3369 ε’κ.
1142 3333 1202 3369 τοῦ

233 3387 310 3438 βίου
330 3388 617 3440 εὖσχημονοῦντα
631 3389 683 3428 δεῖ
702 3389 878 3430 ἀναλύειν.

152 3455 200 3481 14.
231 3438 348 3490 Λιμὴν
367 3441 429 3492 μὲν
450 3440 562 3494 πλοίῳ
576 3441 679 3494 ὅρμος
692 3472 704 3494 ‚
727 3442 795 3496 βίῳ
820 3442 855 3481 δὲ
875 3441 987 3496 φιλία.

154 3513 199 3539 15.
231 3499 373 3553 Πατρὸς
394 3499 595 3550 ἐπιτίμησις
612 3500 677 3548 ἡδὺ
693 3501 878 3555 φάρμακον
889 3516 898 3526 ·
913 3502 1033 3540 πλεῖον
1047 3499 1116 3553 γὰρ
1129 3499 1202 3554 ἔχει

233 3558 272 3597 τὸ
287 3559 441 3611 ὠφελοῦν
461 3562 522 3598 τοῦ
542 3559 738 3606 δάκνοντος.

1570 1413 2007 1465 DEMOPHILI

1339 1521 1708 1562 SIMILITUDINES
1736 1523 1832 1563 SEU
1861 1524 2000 1564 VlTAE
2029 1524 2248 1565 CURATIO

1482 1613 1571 1660 EX
1616 1614 2012 1661 PYTHAGORE
2025 1616 2095 1663 IS.

1310 1799 1336 1827 1.
1359 1795 1510 1828 Adulatio
1540 1796 1632 1837 pictae
1652 1799 1825 1830 armaturae
1843 1797 1959 1830 similis
1979 1798 2048 1838 est,
2069 1797 2206 1838 ideoque
2228 1797 2319 1830 oble-

1266 1856 1465 1887 ctamentum
1481 1855 1612 1896 quidem
1629 1855 1740 1895 affert,
1755 1855 1811 1889 sed
1828 1865 1924 1888 usum
1938 1856 2064 1888 nullum
2082 1856 2216 1897 praebet.

1310 1921 1340 1947 2.
1360 1915 1505 1948 Eruditio
1520 1915 1632 1948 similis
1650 1917 1698 1949 est
1707 1924 1835 1948 coronae
1849 1925 1974 1957 aureae,
1993 1918 2112 1959 quippe
2132 1925 2205 1958 quae
2218 1916 2320 1950 hono-

1268 1984 1335 2006 rem
1355 1974 1450 2007 simul
1471 1983 1546 2007 cum
1566 1975 1668 2017 pretio
1688 1975 1897 2016 conjunctum
1912 1975 2041 2008 habeat.

1307 2038 1336 2066 3.
1362 2035 1515 2067 Homines
1532 2035 1610 2067 vani
1627 2038 1659 2068 et
1676 2035 1764 2068 leves
1780 2037 1818 2068 ut
1838 2044 1914 2068 vasa
1933 2035 2042 2068 inania
2065 2036 2215 2069 facillime
2231 2036 2318 2068 auri·

1260 2093 1324 2126 bus
1338 2093 1484 2134 prehensi
1498 2093 1672 2128 ducuntur.

1307 2155 1338 2184 4.
1354 2153 1430 2185 Vita
1441 2153 1555 2186 musici
1568 2153 1774 2186 instrumenti
1791 2153 1890 2187 instar
1901 2153 2088 2186 remissione
2101 2156 2133 2187 et
2146 2154 2322 2187 intentione

1266 2213 1443 2253 temperata
1459 2212 1590 2244 suavior
1609 2212 1765 2245 redditur.

1310 2276 1340 2302 5.
1363 2271 1456 2303 Ratio
1482 2271 1557 2304 boni
1587 2271 1711 2304 fictoris
1739 2280 1831 2305 more
1859 2272 2020 2314 egregiam
2046 2271 2184 2314 figuram
2213 2271 2322 2304 animo

1267 2331 1401 2363 inducit.

1307 2395 1339 2422 6.
1365 2392 1455 2422 Mens
1473 2390 1653 2431 sapientum
1685 2400 1750 2423 non
1769 2400 1861 2423 secus
1881 2394 1980 2433 atque
2001 2400 2118 2424 aurum
2145 2392 2318 2433 plurimum

1266 2449 1416 2490 ponderis
1435 2449 1542 2482 habet.

1308 2510 1339 2540 7.
1364 2509 1534 2542 Jactantiae
1555 2508 1674 2549 pariter
1687 2510 1786 2549 atque
1799 2517 1967 2541 armorum
1987 2510 2175 2542 auratorum
2195 2509 2318 2542 interna

1265 2568 1405 2600 externis
1421 2567 1670 2609 haudquaquam
1690 2568 1893 2607 respondent.

1309 2631 1339 2659 8.
1366 2627 1486 2660 Eadem
1516 2628 1672 2660 orationis
1690 2628 1738 2660 vis
1759 2631 1859 2669 atque
1883 2628 2061 2668 unguenti3
2080 2637 2154 2660 nam
2181 2630 2213 2661 et
2237 2628 2320 2660 mate

1266 2689 1397 2722 affectos
1413 2698 1473 2720 nos
1494 2690 1588 2729 Juvat
1600 2712 1610 2728 ,
1628 2690 1660 2721 et
1676 2689 1760 2722 bene
1780 2689 1924 2721 valentes
1939 2689 2089 2721 oblectat.

1308 2753 1339 2780 9.
1368 2747 1513 2780 Hominis
1529 2747 1689 2789 improbi,
1702 2756 1794 2789 aeque
1811 2756 1850 2780 ac
1860 2748 1936 2780 mati
1952 2748 2059 2790 canis,
2071 2747 2235 2781 silentium
2253 2756 2319 2780 ma-

1267 2807 1314 2847 gis
1329 2816 1427 2848 quam
1447 2814 1510 2839 vox
1527 2806 1683 2839 cavenda.

1313 2870 1361 2898 10.
1386 2867 1497 2907 Neque
1514 2865 1606 2898 uxori
1634 2865 1757 2907 amica,
1778 2874 1884 2908 neque
1903 2865 2053 2898 amicitiae
2072 2859 2213 2898 adutatio
2237 2873 2319 2906 prae-

1268 2925 1398 2957 serenda
1414 2928 1474 2957 est.

1312 2987 1361 3016 11.
1387 2983 1541 3016 Homines
1558 2984 1673 3026 garruli
1692 2984 1901 3017 hirundinum
1921 2985 2021 3016 instar
2038 2984 2190 3016 contiuua
2204 2983 2317 3024 loqua-

1265 3043 1363 3075 citate
1383 3043 1545 3084 colloquio
1567 3044 1700 3085 gratiam
1721 3028 1879 3077 adimunt.

1312 3106 1361 3135 12.
1385 3103 1541 3135 Homines
1561 3103 1663 3135 malos
1685 3103 1718 3135 in
1736 3103 1932 3144 impietatem
1955 3102 2139 3143 prolapsos,
2157 3100 2320 3133 dementes

1269 3170 1346 3193 vero
1365 3162 1397 3194 et
1414 3164 1582 3202 protervos
1601 3164 1697 3195 aetate
1722 3163 1896 3204 provectos
1918 3163 2123 3203 peccatorum
2142 3159 2233 3192 suriae
2252 3159 2318 3200 agi-

1269 3222 1349 3253 tant.

1315 3269 1364 3311 i3.
1389 3280 1530 3321 Sapienti
1551 3289 1590 3313 ex
1618 3280 1702 3321 vita,
1723 3280 1813 3313 velut
1830 3289 1871 3312 ex
1899 3279 2070 3319 convivio,
2099 3279 2233 3310 honeste
2253 3276 2317 3308 dis-

1266 3337 1457 3370 cedendum.

1312 3399 1361 3428 14.
1388 3396 1468 3429 Navi
1499 3397 1630 3438 quidem
1661 3399 1792 3438 portus,
1829 3397 1905 3429 vitre
1925 3398 2034 3429 autem
2063 3395 2203 3427 amicitia
2231 3394 2317 3427 refu-

1265 3455 1353 3494 gium
1372 3457 1431 3487 est.

1311 3518 1361 3546 15.
1384 3514 1530 3547 Parentis
1546 3514 1727 3555 objurgatio
1746 3513 1842 3546 dutce
1861 3513 2040 3545 remedium
2051 3515 2098 3545 est
2116 3520 2124 3541 :
2142 3512 2212 3552 plus
2232 3510 2317 3544 enim

1268 3573 1365 3606 habet
1381 3573 1530 3606 utilitatis
1546 3582 1644 3614 quam
1659 3572 1888 3606 mordacitatis.

1211 3639 1288 3673 485
