2612 3814
1128 259 1370 300 ORPfflcA.
2263 274 2338 308 1⁴19

233 350 343 390 δῶκεν
363 349 571 404 Ἀδραστείῃ
579 380 588 388 .

285 429 476 478 (Hermias
495 429 522 467 1.
538 441 575 466 c.
592 425 679 466 εΔιὸ
699 427 739 478 (ἡ
751 426 971 481 Ἀδράστεια)
988 426 1050 467 καὶ
1066 429 1134 484 πρὸ
1151 435 1212 471 τοῦ

232 487 360 542 ἄντρου
379 490 441 535 τ’ἥς
456 485 593 532 Νυκτὸς
612 489 714 540 ἠχεῖν
735 487 894 539 λέγεται·
919 489 1111 542 παλάμῃσι
1134 491 1213 531 κτλ.

230 548 267 586 ἐν
286 552 359 591 τοῖς
374 546 560 602 προθύροις
576 546 645 601 γὰρ
659 551 720 587 τοῦ
740 548 866 602 ἄντρου
882 553 945 598 τῆς
962 550 1100 595 Νυκτὸς
1113 553 1214 604 ἠχεῖν

233 606 375 659 λέγεται
398 612 467 652 1τοῖς
491 607 693 659 κυμόάλοις
707 638 718 657 ,
740 608 800 648 ἵνα
817 609 937 650 πάντα
955 609 1000 649 τὰ
1014 612 1123 659 αὐτῆς
1140 614 1213 650 τῶν

232 665 350 718 νόμων
385 665 547 714 κατήκοα
567 667 729 720 γένηται.
760 667 892 710 Ἔνδον
923 668 987 722 μὲν
1007 669 1075 722 γὰρ
1098 672 1133 710 ἐν
1163 674 1214 725 τῷ

233 726 351 780 ἀδύτῳ
371 730 433 776 τῆς
458 728 598 774 Νυκτὸς
619 728 772 777 κάθηται
792 732 811 769 ὁ
831 729 971 778 Φάνης·
1002 732 1038 770 ἔν
1059 731 1157 785 μέσῳ
1178 732 1214 771 δὲ

235 789 258 835 ἡ
282 786 359 833 Νὺξ
386 787 609 839 μαντεύουσα
627 794 698 835 τοῖς
717 790 825 839 θεοῖς,
847 793 871 838 ἡ
891 790 928 830 δὲ
949 791 1158 844 Ἀδράστεια
1179 793 1213 831 ἐν

233 852 306 892 τοῖς
331 847 539 901 προθύροις,
582 854 692 888 πᾶσιν
731 853 970 901 νομοθετοῦσα
995 850 1075 895 τοὺς
1103 850 1214 894 θείους

230 905 373 958 νόμους.
391 905 560 960 Διαφέρει
585 906 622 946 δὲ
642 910 705 956 τῆς
720 908 793 947 ἐκεῖ
811 907 920 956 Δίκης
939 910 986 953 ὡς
1003 911 1212 960 νομοθετικὴ

231 966 450 1013 δικαστικῆς·
468 981 529 1004 και
548 969 571 1015 ἡ
594 964 638 1017 μὲ
641 982 658 1004 ν
679 968 753 1007 ἐκεῖ
777 965 870 1015 Δίκη
888 966 1045 1020 θυγάτηρ
1066 966 1211 1019 λέγεται

231 1028 291 1064 τοῦ
312 1040 367 1063 εκε
354 1023 522 1076 ΕἷΝόμου
539 1024 601 1064 και
618 1025 826 1070 Εὐσεὸείας.
848 1025 952 1074 Αὕτη
968 1029 990 1074 ἡ
1006 1026 1213 1080 Ἀδράστεια

231 1085 272 1124 ἐκ
292 1084 477 1124 Μελίσσου
490 1100 551 1123 και
566 1079 828 1138 Ἀμαλθείαςτ
788 1101 890 1136 ουσα,
908 1086 1117 1140 περιεκτική
1138 1089 1213 1126 ε’στι

231 1143 295 1183 καὶ
315 1159 376 1183 του
396 1142 537 1195 Νόμου.
595 1139 714 1186 Αυται
732 1144 775 1193 δὴ
793 1145 854 1184 καὶ
871 1146 1036 1198 λέγονται
1066 1145 1209 1201 τρέφειν

229 1204 290 1244 τὸν
311 1203 381 1243 Δία
402 1205 437 1243 ἐν
456 1203 547 1258 τῷ”
523 1220 642 1258 αντρῳ
659 1221 723 1254 της
743 1205 946 1256 Νυκτός,”
922 1222 1089 1260 αντικρυς
1106 1209 1210 1246 τοῦτο

231 1268 292 1304 τοῦ
312 1263 475 1316 θεολόγου
490 1264 690 1317 λέγοντος.)

228 1334 379 1376 Χάλκεα
397 1335 531 1389 ῥόπτρα
549 1335 732 1389 [λαὸοῧσα
750 1335 834 1385 καὶ]
850 1335 1019 1389 τύμπανα
1039 1337 1215 1392 ἠχήεντα.

284 1412 474 1462 (Proclus
487 1413 622 1458 Theoi.
639 1411 740 1451 Plat.
761 1413 829 1461 lV,
852 1413 915 1462 16,
935 1427 979 1464 p.
994 1415 1069 1452 206
1086 1429 1095 1452 :
1112 1416 1211 1469 Παρ’

231 1470 359 1526 Ὀρφεῖ
394 1473 556 1524 φρουρεῖν
590 1469 771 1524 λέγεταιὴ
801 1471 1009 1525 Ἀδράστεια
1040 1474 1100 1513 τὸν
1128 1474 1208 1514 ὅλον

230 1531 324 1583 (leg.
355 1529 412 1569 τὸν
433 1532 503 1569 τῶν
524 1529 635 1583 ὅλων)
653 1531 866 1585 δημιουργὸν
899 1532 960 1571 καὶ
987 1532 1125 1585 χάλκεα
1151 1533 1213 1588 ῥό-

227 1603 323 1643 πτρα
338 1589 502 1629 λαὸοῧσα
522 1590 583 1629 καὶ
601 1588 785 1642 τύμπανον
804 1589 948 1643 αἴγηκες
962 1591 1070 1636 οὕτως
1091 1594 1211 1646 ἠχεῖν,

233 1648 326 1688 ὥστε
359 1649 498 1694 πάντας
530 1650 753 1704 ἐπιστρέφειν
778 1653 826 1695 εἰς
850 1650 963 1699 αυτὴν
992 1651 1072 1696 τους
1104 1652 1214 1698 θεούς.

230 1711 358 1749 verba
381 1709 547 1749 λαὸοῧσα
584 1710 646 1750 καὶ
674 1713 907 1763 interposuit
925 1712 1088 1751 Proclus
1116 1714 1216 1752 dno-

232 1782 320 1807 rum
333 1783 512 1808 versuum
534 1771 658 1808 exitus
673 1771 849 1823 jungens.
865 1771 942 1810 Pro
960 1771 1143 1823 τύμπανον
1162 1772 1218 1812 αἴ-

232 1843 339 1881 γηκες
374 1843 463 1868 cum
495 1831 696 1868 Lobeckio
729 1833 982 1882 Aglaopham.
1010 1834 1027 1872 l
1059 1847 1101 1883 p.
1136 1833 1213 1871 515

230 1890 365 1939 scripsi
384 1888 556 1941 τύμπανα
575 1889 749 1943 ἠχήεντα.
773 1891 921 1930 Similia
944 1894 1110 1930 Hermiae
1143 1901 1219 1931 tra-

234 1949 293 1987 dit
309 1950 500 1987 Proclus'
489 1963 529 1987 m
544 1952 645 1990 Tim.
667 1954 697 1988 V
711 1965 750 2002 p.
767 1952 842 1990 323
856 1952 914 1992 C·
937 1951 1000 1990 και
1018 1951 1087 2006 γὰρ
1111 1954 1165 1992 ὁ
1146 1965 1217 2002 οη-

231 2007 414 2062 μιουργός,
436 2011 484 2053 ὡς
514 2012 533 2049 ὁ
554 2008 706 2063 Ὀρφεύς
735 2026 839 2064 φησι,
860 2009 1026 2065 τρέφεται
1054 2011 1118 2063 μὲν
1146 2012 1219 2052 ἀπὸ

228 2070 308 2116 τῆς
296 2067 559 2121 Ἀδραστείας,
579 2069 720 2108 σύνεστι
750 2070 787 2110 δὲ
801 2087 863 2111 και
883 2073 928 2125 τῇ
942 2070 1095 2124 Ἀνάγκη
1111 2102 1123 2121 ,
1141 2087 1218 2125 γεν-

1358 349 1527 399 ἡδίστην,
1544 349 1683 404 πάσῃσι
1702 353 1733 389 τ’
1753 352 1809 391 ἐπ
1830 354 2033 407 εἰλαπίνῃσι
2050 356 2217 411 πάρεστι.

1356 424 1418 448 και
1435 409 1490 450 Θέ
1474 426 1572 461 -μις,
1586 410 1680 464 ἥπερ
1698 410 1813 451 ἅπασι
1834 413 2017 462 θεμιστεύε
2004 430 2032 452 ει
2050 416 2094 453 τὰ
2115 417 2252 458 δίκαια.

1296 482 1330 508 10
1352 467 1503 519 Ἵὶλιος,
1525 468 1561 508 ὃν
1577 469 1766 511 καλέουσιν
1786 471 1993 512 Ἀπόλλωνα
2008 475 2052 512 κ)
2045 475 2233 526 υτότοξον,

1357 529 1493 569 Φοῖὸον
1514 529 1730 578 ἓκηὸελέτην
1749 561 1760 580 ,
1783 531 1907 583 μάντιν
1929 532 2072 572 πάντων
2093 535 2277 588 ἑκάεργον,

1357 591 1487 643 ἰητῆρα
1510 589 1622 629 νόσων
1649 589 1879 639 Ἀσκληπιόν·
1903 593 1940 630 ἓν
1957 591 2041 630 τάδε
2063 593 2196 633 πάντα.

1415 669 1500 720 (J0.
1533 671 1733 707 Diaconus
1768 670 1819 708 ad
1851 671 2011 708 Hesiodi
2045 673 2193 722 Theog.
2225 672 2337 722 943:

1356 729 1544 782 Μαρτυρεῖ
1565 728 1602 766 δὲ
1628 727 1691 767 καὶ
1712 728 1747 766 ἐν
1770 730 1821 782 τῷ
1841 729 2039 783 μικροτέρῳ
2070 731 2235 783 Κρατῆρι
2255 729 2342 783 'Op-

1359 787 1440 842 φεὺς
1470 787 1556 828 τάδε
1589 786 1716 841 λέγων·
1743 786 1882 841 Ἑρμῆς
1914 790 1945 827 δ’
1979 788 2152 842 ἑρμηνεὺς
2178 790 2259 829 κτλ.
2290 814 2340 820 -—

1357 852 1420 888 Vs.
1458 849 1481 886 6
1516 850 1644 900 epicas
1672 849 1814 887 formas
1856 849 1996 889 λυπέων
2026 858 2065 888 et
2095 849 2239 888 πασέων
2270 865 2342 901 pro

1357 909 1674 947 membranarum
1720 910 1954 947 lectionibus
1985 910 2108 948 λυπῶν
2145 918 2184 948 et
2217 911 2340 948 πασῶν

1357 982 1446 1006 cum
1466 970 1679 1006 Hermanni
1698 968 1888 1021 restitui.)

1359 1045 1447 1090 Ζεὺς
1466 1045 1503 1085 δέ
1517 1062 1556 1085 τε
1579 1046 1722 1086 πάντων
1740 1045 1817 1086 ἐστὶ
1833 1046 1909 1091 θεὸς
1928 1046 2071 1086 πάντων
2091 1063 2129 1086 τε
2148 1048 2339 1101 κεραστής,

1355 1105 1536 1157 πνεύμασι
1559 1105 1708 1160 συρίζων
1732 1105 1890 1160 φωνῇσίν
1915 1106 1947 1144 τ’
1968 1106 2211 1159 ἠερομίκτοις.

1416 1177 1505 1229 (J0.
1521 1180 1719 1216 Diaconus
1744 1179 1771 1215 l.
1793 1192 1828 1216 c.
1854 1191 1863 1218 :
1883 1176 1970 1217 “On
1990 1177 2026 1216 δὲ
2044 1179 2085 1217 ἐκ
2105 1181 2167 1226 τῆς
2187 1181 2345 1230 Μνημο-

1357 1235 1464 1285 σύνης
1474 1238 1511 1276 αἱ
1527 1236 1958 1290 Μοῦσαιγεννῶνται,κα“ι
1967 1236 2047 1276 ὅτιὸ
2060 1237 2148 1282 Ζεὺς
2168 1237 2229 1276 καὶ
2239 1237 2344 1290 αἰθὴρ

1361 1295 1520 1350 λέγεται,
1541 1297 1648 1336 ἄκουε
1667 1300 1728 1336 τοῦ
1750 1297 1938 1350 εἰρημένου
1959 1296 2133 1351 Ὀρφέως·
2151 1296 2238 1342 Ζεὺς
2251 1298 2287 1336 δέ
2307 1313 2345 1336 τε

1356 1355 1500 1396 πάντων
1521 1357 1603 1398 κτλ.
1624 1360 1747 1396 Recte
1765 1359 2005 1397 Hermannus
2022 1372 2077 1399 vs.
2104 1358 2150 1396 13
2168 1359 2344 1412 κεραστής

1357 1431 1432 1468 pro
1464 1417 1639 1470 κεράστης
1665 1426 1704 1456 et
1721 1432 1776 1458 vs.
1802 1424 1847 1464 14
1882 1419 2037 1471 φωνῇσίν
2065 1417 2095 1456 τ’
2115 1418 2342 1472 ἠερομίκτοις

1358 1491 1432 1527 pro
1451 1477 1622 1532 φωναῒσίν
1642 1477 1673 1516 τ’
1690 1477 1915 1532 ἀερομίκτοις
1934 1478 2123 1531 scripsit.)

1297 1568 1329 1598 15
1350 1554 1477 1600 Οὕτως
1498 1554 1650 1608 ἁρμονίη
1672 1554 1870 1604 Μουσέων,
1885 1562 1963 1600 ταῖς
1982 1557 2014 1595 τ’
2035 1555 2169 1609 ὄργανα
2191 1554 2311 1595 πάντα

1356 1614 1585 1665 Μνημοσύνη
1602 1614 1746 1654 πάντων
1768 1616 1909 1668 πρῶτον
1924 1614 2051 1668 πόρεν,
2067 1616 2132 1655 οὐκ
2152 1615 2345 1669 ἀνεφάνθη,

1360 1673 1453 1713 ἀλλὰ
1474 1673 1600 1727 χρόνος
1620 1673 1711 1724 λήθῃ
1733 1673 1986 1728 κατεχρήσατο
2005 1690 2066 1714 και
2087 1674 2307 1729 κατέκρυψε.

1358 1735 1419 1772 νῦν
1441 1733 1478 1774 δὲ
1498 1733 1620 1786 τέχναι
1639 1748 1676 1772 τε
1694 1732 1749 1779 λό
1739 1749 1794 1786 (οι
1815 1749 1852 1772 τε
1869 1733 1973 1783 νόμοι
1990 1732 2020 1772 θ’
2039 1732 2105 1772 ὅσα
2125 1733 2158 1772 τ’
2178 1732 2266 1787 ἔργα
2287 1732 2347 1772 τέ-

2171 1795 2344 1847 [τυκται,

1359 1852 1478 1892 πάντα
1499 1852 1557 1891 διὰ
1582 1852 1726 1905 μνήμην
1748 1850 1962 1898 διασώζεται
1979 1851 2234 1906 ἀνθρώποισιν.

1417 1933 1498 1985 (Jo.
1518 1934 1757 1971 Diaconusl.
1779 1947 1814 1970 c.
1835 1925 1913 1972 :’H
1933 1931 2001 1986 γὰρ
2018 1933 2057 1971 οὔ
2080 1931 2212 1980 δῆλός’
2196 1949 2271 1972 εστι
2286 1932 2346 1973 τὸν

1361 1992 1482 2046 αἰθέρα
1505 1991 1623 2032 καλῶν
1644 1993 1761 2044 οὕτω;
1781 1991 1892 2031 ταυτὸ
1913 1992 1974 2031 καὶ
1996 1992 2149 2046 ἁρμονίη
2172 1994 2342 2042 Μουσῶν,

1358 2051 1445 2091 τάτε
1472 2051 1607 2106 ὄργανα
1627 2051 1772 2091 πάντων
1793 2051 2018 2104 Μνημοσύνη
2039 2052 2183 2092 πάντων
2197 2054 2343 2127 πρῶτρν

229 2133 275 2183 νᾷ
292 2126 330 2167 δὲ
398 2143 416 2166 ν
444 2129 491 2168 Ei
525 2144 545 2167 α
574 2128 637 2168 ug„
665 2145 698 2170 ν
715 2128 726 2183 )
1358 2111 1488 2166 πόρεν,
1506 2110 1578 2151 οὔτ’
1597 2111 1774 2166 ἀνεφάνθη
1794 2113 1875 2151 κτλ.
1896 2116 1960 2153 Vs.
1993 2113 2040 2151 15
2059 2111 2171 2156 ουτως
2192 2110 2343 2166 ἁρμονίη

352 2127 396 2178 τὴ
494 2144 521 2179 μ
551 2143 580 2182 ρ
639 2145 662 2177 η
1358 2174 1492 2223 posui;
1513 2172 1692 2222 reliqua
1678 2186 1758 2221 Jam
1776 2181 1997 2211 correxerat
2009 2175 2269 2213 Hermannus.
2288 2193 2342 2202 —

588 2212 778 2254 XXVIH'
1358 2235 1424 2274 Vs.
1445 2233 1492 2271 16
1509 2230 1582 2271 οὔτ’
1597 2234 1743 2270 mutavi
1759 2234 1800 2269 in
1819 2230 1921 2283 ουκ.)

229 2289 370 2344 Ἑρμης
389 2289 419 2329 δ’
435 2290 626 2345 ἑρμηνεύς,
639 2292 709 2330 τῶν
728 2290 872 2331 πάντων
891 2290 1073 2344 ἄγγελός’
1057 2307 1167 2332 εστιν·
1739 2312 1885 2353 XXIX

228 2349 383 2404 Νύμφαι
399 2349 510 2406 ὕδωρ,
529 2366 600 2404 πυρ
618 2349 841 2404 ”Ηφαιστος,
866 2352 961 2396 σῖτος
976 2351 1171 2405 Δημήτηρ.
1361 2388 1378 2406 a

229 2411 253 2457 ἡ
275 2409 311 2449 δὲ
327 2410 490 2450 θάλασσα
510 2411 720 2451 Ποσειδάων
742 2410 854 2464 μέγας
871 2412 927 2460 ἠδ
947 2411 1180 2465 ,ἐνοσίχθων
1379 2390 1457 2431 Ηδε
1478 2388 1546 2443 γὰρ
1564 2387 1748 2428 ἀθανάτων
1765 2386 2034 2442 προφερεστάτη
2050 2387 2176 2428 ἐστὶνε
2158 2386 2328 2428 απασέων

228 2467 458 2521 καιπόλεμος
474 2469 538 2523 μὲν
557 2469 685 2524 Αρης,
707 2470 829 2524 εἷρηνη
849 2470 877 2509 δ
896 2469 973 2510 {¹62-
988 2470 1185 2526 Αφροδίτη
1361 2449 1460 2490 ἱστον
1483 2448 1713 2502 ἐποίχεσθαι,
1731 2447 1913 2496 ταλασήῖά
1932 2449 1964 2487 τ’
1981 2447 2068 2502 ἔργα
2089 2449 2289 2488 πινύσσειν.

177 2541 195 2568 5
223 2518 334 2578 οἶνος,
348 2528 407 2568 τὸν
428 2530 588 2606 φιλέουσι
604 2530 675 2569 θεοὶ
691 2530 811 2580 θνητοί
830 2531 863 2569 τ’
880 2530 1082 2585 ἄνθρωποι,
1416 2527 1428 2582 (
1444 2528 1626 2566 Proclus
1616 2541 1658 2564 m
1670 2529 1768 2567 Tim.
1784 2529 1803 2564 1
1819 2540 1860 2577 p.
1883 2533 1928 2573 41
1946 2529 2014 2566 E..
2040 2526 2102 2565 ιέν
2117 2528 2187 2581 τῇ
2180 2532 2245 2580 μιᾷ
2261 2525 2344 2573 νοή-

231 2585 309 2627 ὅντε
325 2590 460 2642 βροτοῖς
476 2582 572 2642 ευρεν
588 2587 730 2628 λυπέων
746 2588 929 2643 κηλήτορα
942 2589 1086 2629 πασέων
1361 2603 1416 2627 σει
1433 2603 1494 2635 της
1514 2586 1661 2634 Ἀθηνᾶς
1683 2586 1944 2639 περιεχόμενος·
1962 2585 2026 2634 ἥδε
2046 2585 2114 2639 γαρ
2134 2587 2216 2627 κτλ.
2237 2585 2344 2640 φησὶν

230 2647 445 2701 ταυρογενὴς
463 2648 682 2699 Διόνυσος,’
666 2649 882 2704 εὓφροσύνην
896 2649 982 2704 πόρε
998 2652 1134 2699 θνητοις
1365 2646 1531 2702 Ὀρφευς·
1555 2648 1692 2686 Adde
1682 2662 1723 2685 1¹¹
1743 2650 1888 2698 Cratyl·
1907 2661 1998 2699 pag·
2018 2652 2084 2693 9-4-
2095 2646 2107 2700 )

152 2799 320 2834 Δᾶτοείοεε
337 2800 438 2834 dedit.
457 2821 499 2828 —
1278 2802 1436 2835 Plioebum
1464 2801 1594 2836 eminus
1614 2800 1834 2842 jaculantem,
1857 2802 1966 2833 vatem
1987 2799 2098 2842 procul
2125 2808 2237 2832 omnes
2254 2808 2346 2831 amo·

102 2867 106 2871 ·
149 2859 261 2898 Quum
277 2868 367 2892 aenea
386 2859 535 2901 cymbala
551 2860 727 2903 accepisset
743 2863 777 2895 et
786 2862 942 2904 tympana
954 2870 1083 2895 sonora.
2170 2858 2325 2902 [ventem
2335 2883 2345 2899 ,

606 2929 760 2962 xxv-111
1282 2919 1470 2954 morborum
1494 2919 1656 2954 medicum
1683 2920 1929 2962 AEsculapium3
1949 2929 2053 2952 unum
2077 2919 2148 2952 liaec
2164 2919 2286 2952 omnia.
2305 2939 2346 2946 -

149 2991 329 3025 Mercurius
348 2992 525 3035 hum-pres
539 2998 733 3028 cunctorum
749 2996 885 3029 nuntius
895 2996 966 3035 est.
1279 2981 1408 3023 Jupiter
1421 2989 1498 3014 vero
1511 2981 1656 3013 omnium
1673 2984 1722 3014 est
1732 2981 1813 3014 deus
1827 2980 2039 3022 omniumque
2054 2980 2205 3013 mixtuiae.
2217 2982 2343 3019 auctor,

150 3053 310 3095 Nymphae
326 3062 431 3096 aqua,
448 3054 531 3097 ignis
546 3056 736 3098 Vulcanus,
759 3057 962 3090 frumentum
986 3059 1047 3091 Cei
1052 3065 1105 3099 es,
1278 3041 1383 3075 V⁰¹¹¹¹³
1399 3041 1537 3074 Μήδως
1550 3041 1700 3083 ⁵⁰⁰¹⁵q¹¹e
1716 3049 1770 3074 ³⁶¹
1772 3050 1783 3073 ¹
1805 3040 1971 3073 ¹¹¹¹m¹¹¹¹⁵·
1987 3058 2030 3065 ’-

151 3114 185 3145 αι
205 3121 294 3146 mare
312 3115 486 3156 Neptunus
502 3124 661 3158 magnus,
680 3118 802 3150 terram
820 3117 982 3159 quatiens
1279 3101 1333 3134 Sic
1350 3100 1519 3133 harmonia
1535 3101 1707 3133 Musarum
1719 3124 1729 3141 ‚
1751 3100 1870 3142 quibus
1887 3109 2008 3142 organa
2024 3099 2139 3132 cuncta

152 3174 199 3204 ΑΟ
213 3171 335 3205 benum
353 3173 486 3215 qmdem
499 3176 586 3208 Mars
597 3200 607 3217 ,
622 3184 687 3218 pax
699 3177 809 3210 autem
822 3178 934 3210 Venus
951 3177 1010 3210 est·
1279 3163 1487 3202 Mnemosyne
1502 3159 1649 3193 omnium
1667 3160 1810 3200 primum
1832 3159 1942 3199 dedit,
1960 3167 2025 3192 non
2050 3157 2200 3200 apparuit

150 3230 274 3263 Vnum,
293 3232 378 3273 quod
402 3234 511 3266 amant
527 3234 571 3267 dii
587 3234 798 3278 hominesque
811 3236 964 3270 mortales
976 3260 986 3276 ,
1279 3218 1335 3253 sed
1356 3221 1485 3260 tempus
1503 3227 1574 3252 eam
1594 3218 1756 3251 oblivione
1775 3218 1895 3251 delevit
1913 3221 1942 3251 el
1963 3218 2151 3251 occultavit.

153 3288 243 3330 qnod
271 3291 463 3325 mortalibus
482 3291 606 3327 invenit
625 3295 858 3336 aegritudinum
877 3295 1025 3329 omnium
1047 3295 1215 3329 levamen·
1280 3269 1374 3314 Nune
1392 3281 1503 3314 autem
1523 3283 1609 3313 ‘mes
1633 3288 1671 3312 ³⁰
1697 3279 1873 3322 ‘¹¹⁵‘²¹P¹¹¹¹²L
1899 3280 2049 3321 ¹²g⁸⁸q¹¹e
2074 3280 2106 3312 α
2134 3285 2341 3320 quaecunque

153 3348 343 3390 aurigenus
352 3350 535 3393 Dionysus,
551 3353 699 3387 laetitiam
715 3355 906 3389 mortalibus
918 3355 1030 3389 attulit
1121 3354 1216 3397 [tum
1278 3349 1391 3374 ⁰m¹¹⁰⁵
1407 3339 1562 3374 m⁰m0¹¹3
1583 3339 1817 3373 ⁰⁰⁵¹⁰d¹¹¹¹¹¹¹¹f
1835 3339 1877 3372 ³¹¹
1897 3339 2095 3373 ¹¹⁰¹¹¹¹¹¹¹¹¹¹¹⁵·
2163 3337 2256 3379 [sum
2270 3345 2319 3369 ¹⁶³⁵
2331 3360 2340 3376 ’

154 3407 313 3449 effusam,
330 3409 544 3453 omnibusque
561 3413 718 3447 conviviis
736 3414 838 3448 adest.
1759 3408 1882 3439 XXIX

155 3470 201 3501 Ac
215 3468 348 3503 Themis
363 3479 437 3512 quae
453 3473 602 3506 cunctis
589 3482 663 3515 Jura
679 3473 794 3507 reddit.
1281 3476 1359 3508 Haec
1374 3474 1460 3507 enim
1482 3472 1715 3507 immortalium
1735 3472 1882 3504 omnium
1902 3471 2070 3513 aptissima
2084 3470 2132 3503 est

157 3527 211 3560 Sol
229 3537 326 3571 quem
344 3532 463 3564 vocant
475 3531 654 3574 Apollinem
673 3542 749 3567 arcu
764 3533 922 3576 inclytum
934 3557 944 3575 ‚
1282 3534 1324 3568 ad
1344 3533 1578 3578 percum-endas
1595 3533 1697 3575 telas,
1712 3533 1745 3567 et
1760 3532 1799 3565 ad
1817 3531 1992 3565 lanificium
2010 3530 2088 3564 scite
2107 3527 2322 3563 tractandum.

2184 3591 2229 3621 ⁴2.
