2612 3814
738 297 963 337 AUREUM
1007 296 1486 337 PYTHAGOREORUM
1529 297 1761 338 CARMEN.
2271 309 2346 343 197

240 380 358 434 γνώσῃ
380 381 410 419 δ’
434 375 571 433 ᾗθέμις
585 379 678 428 ε’στί,
701 379 802 432 φύσιν
824 379 904 433 περὶ
929 379 1055 424 παντὸς
1074 379 1215 431 ὁμοίην,

239 439 330 478 ὥστε
349 455 387 479 σε
409 439 499 489 μήτε
520 439 642 477 ἄελπτ’
660 439 830 485 ἐλπίζειν,
853 438 946 489 μήτε
959 455 992 494 τι
1011 439 1147 487 λήθειν.

239 499 367 551 Γνώσῃ
391 498 424 536 δ’
444 497 647 550 ἀνθρώπους
661 498 850 551 αὐθαίρετα
871 498 1008 549 πήματ’
1023 497 1170 552 ἔχοντας

173 573 212 599 55
232 558 430 610 τλήμονας,
449 555 483 596 οἵ
492 559 522 595 τ’
531 559 671 609 ἀγαθῶν
683 557 792 602 πέλας
813 557 922 597 ὄντων
941 557 1012 598 οὔτ’
1029 560 1198 612 ἐσορῶσιν

237 617 316 657 οὔτε
333 617 487 657 κλύουσι·
504 618 604 656 λύσιν
626 616 662 655 δὲ
683 621 804 657 κακῶν
825 622 957 672 παῦροι
979 619 1158 660 συνίσασι.

155 875 219 896 ται.
238 863 320 896 Οὔτε
333 863 393 906 γὰρ
407 863 448 895 τὰ
460 866 570 906 πρῶτα
588 864 624 896 ἂν
639 864 759 904 γένοιτο
780 864 880 905 μέσα,
898 865 917 903 ἢ
932 864 1072 906 ἔσχατα,
1088 864 1160 897 οὔτε
1181 864 1221 896 τὰ

156 912 240 954 μέσα
258 914 368 952 πρῶτα
389 912 409 950 ἢ
426 911 548 953 ἔσχατα
559 935 568 950 ,
588 912 660 944 οὔτε
681 911 721 944 τὰ
735 913 856 954 ἔσχατα
878 912 960 953 μέσα
976 913 996 951 ἢ
1009 915 1119 955 πρῶτα
1130 937 1140 953 ,
1155 906 1223 945 ἀλλ’

156 960 188 993 ἐν
207 963 271 997 τοῖς
289 960 520 1002 δημιουργικοῖς
537 960 617 1001 ὅροις
632 960 739 998 ἀιδίως
757 961 839 1000 μένει
857 960 940 992 κατὰ
958 961 1044 1002 γένος
1064 960 1221 1002 διακεκρι·

157 1008 247 1049 μένα.
263 1008 325 1043 Καὶ
339 1008 422 1039 οὕτω
440 1007 495 1048 μὲν
510 1008 546 1040 τὸ
567 1007 587 1048 ἦ
611 1009 767 1040 ἕκαστα
787 1008 998 1050 διέρχεται
1020 1011 1165 1048 νοοῦμεν,
1185 1007 1222 1039 τὸ

158 1057 192 1089 δὲ
216 1056 237 1099 ἦ
254 1057 326 1088 ἕκα
339 1067 419 1089 στα
438 1067 540 1097 κρατ
551 1059 660 1088 εἷται
683 1057 776 1088 πάλιν
793 1055 833 1088 αὖ
852 1057 926 1098 τῇδε
943 1056 1154 1098 θεωρήσομεν.
1175 1057 1221 1088 To

157 1109 220 1138 πᾶν
236 1105 307 1138 τόδε
323 1106 380 1137 οὐκ
395 1106 434 1137 ἂν
454 1104 502 1142 εἴη
520 1105 647 1144 τέλειον,
672 1105 715 1145 μή
736 1107 845 1145 πρῶτα
861 1105 914 1135 καὶ
931 1103 1014 1146 μέσα
1030 1104 1083 1135 καὶ
1100 1103 1224 1145 ἔσχατα

158 1154 235 1196 μέρη
256 1153 287 1186 ἐν
304 1154 407 1195 ἑαυτῷ
424 1151 629 1192 κεκτημένον,
645 1153 688 1188 ὡς
705 1153 804 1193 ἀρχὴν
818 1151 872 1183 καὶ
890 1153 973 1192 μέσα
995 1151 1050 1183 καὶ
1077 1152 1222 1190 τελευτὴν

157 1203 214 1233 τοῦ
230 1201 305 1233 ὅλου
319 1199 530 1239 συστήματος.
569 1199 631 1231 Καὶ
647 1199 687 1231 τὰ
705 1202 817 1240 πρῶτα
831 1199 891 1231 οὐκ
907 1199 945 1231 ἂν
963 1198 1012 1237 εἴη
1026 1203 1138 1241 πρῶτα
1151 1223 1160 1238 ,
1179 1199 1222 1240 μή

158 1250 270 1290 μέσων
285 1248 340 1280 καὶ
359 1246 504 1289 ἐσχάτων
521 1246 624 1282 αὐτοῖς
639 1246 810 1287 ἑπομένων.
831 1246 914 1279 Οὐδὲ
927 1246 966 1279 τὰ
986 1247 1070 1288 μέσα
1084 1246 1170 1279 τοῦτ’
1186 1248 1222 1279 ἂν

157 1296 226 1334 εἴη,
244 1295 262 1328 ὃ
278 1296 422 1336 λέγεται,
437 1294 480 1334 μὴ
507 1294 611 1334 ἄκρων
625 1293 815 1334 ἑκατέρωθεν
835 1293 942 1330 αὐτοῖς
970 1295 1220 1336 παρακειμένων.

157 1342 237 1375 Ἀλλ’
256 1342 327 1375 οὐδὲ
339 1343 377 1374 τὰ
394 1342 516 1383 ἔσχατα
531 1340 580 1379 εἴη
601 1341 639 1372 ἂν
657 1341 780 1382 ἔσχατα
792 1365 812 1379 ,.
823 1341 866 1380 μή
882 1341 1017 1381 πρώτων
1036 1343 1089 1373 καὶ
1113 1342 1221 1383 μέσων

157 1391 411 1432 προηγουμένων.
443 1388 622 1429 Συνεισάγει
643 1387 697 1420 οὖν
721 1388 839 1427 ἁλληλα
863 1390 939 1430 πρὸς
958 1390 1014 1428 τήν
1027 1393 1084 1421 τοῦ
1107 1390 1223 1426 παντὸς

113 1462 118 1467 ,
157 1437 348 1476 τελειότητα.
372 1439 419 1469 Ac
439 1436 631 1469 sententiam
658 1435 790 1477 quidem
810 1435 1021 1477 philosophus
1048 1440 1113 1469 tam
1141 1436 1223 1469 bene

157 1485 436 1526 Pythagoreorum
456 1485 618 1526 praecepta
638 1485 768 1516 secutus
787 1483 954 1524 exposuit,
979 1484 1060 1517 nihil
1089 1486 1126 1517 ut
1149 1484 1223 1525 tingi

158 1532 331 1574 perfectius
349 1533 468 1574 queat,
489 1531 545 1564 sed
565 1531 691 1572 singula
707 1532 890 1564 accuratius
911 1531 1038 1564 rimanti
1057 1532 1149 1573 plura
1167 1541 1223 1564 oc-

157 1583 314 1620 currunt,
334 1580 367 1612 in
387 1580 506 1622 quibus
522 1579 563 1612 ab
578 1588 615 1611 ea
631 1578 882 1611 dissentiendum
895 1579 1053 1612 videatur.
1068 1580 1223 1612 Σύστασιν

157 1637 176 1661 e
198 1627 466 1669 philosophorum
485 1635 547 1659 usu
568 1627 710 1664 σύνταξιν
734 1630 791 1659 τοῦ
811 1627 885 1659 ὅλου
911 1636 980 1659 esse
1010 1628 1097 1667 vult,
1125 1637 1223 1669 quam

159 1676 252 1710 Plato
281 1676 312 1708 in
332 1675 457 1708 Timaeo
486 1679 526 1707 32
551 1676 578 1707 Ε
604 1675 759 1707 σύστασιν
788 1678 845 1707 τοῦ
882 1675 1006 1716 κόσμου
1035 1676 1221 1716 appellavit.

158 1725 364 1764 Quamquam
379 1724 488 1766 autem
498 1721 585 1754 aliud
599 1723 647 1754 ost
659 1723 680 1761 ἡ
693 1724 749 1754 τοῦ
761 1722 835 1754 ὅλου
849 1722 1014 1762 σύστασις,
1032 1731 1140 1754 rerum
1154 1723 1225 1754 nni-

161 1771 322 1804 versitatis
342 1770 531 1803 constitutio
543 1793 552 1809 ,
570 1769 611 1802 de
626 1778 691 1810 qua
711 1769 874 1803 Hierocles
889 1770 1044 1811 loquitur,
1056 1770 1147 1810 alias)
1161 1774 1224 1803 τῶν

159 1818 322 1853 ἀθανάτων
335 1820 413 1852 Θεῶν
427 1818 480 1851 καὶ
496 1821 560 1850 τῶν
579 1817 698 1856 θνητῶν
714 1817 885 1859 ἀνθρώπων
899 1818 1065 1859 σύστασις,
1088 1817 1223 1851 deornm

159 1867 391 1900 immortalium
414 1865 649 1906 hominumque
666 1865 854 1898 mortalium
872 1864 1060 1907 conjunctio
1073 1890 1083 1907 ‚
1104 1865 1225 1899 divinoe

160 1917 376 1957 humanaeque
395 1916 521 1947 naturae
537 1913 679 1946 conditio
693 1917 724 1946 et
742 1914 930 1946 constitutio
948 1915 1079 1947 :tamen
1092 1922 1223 1946 versum

161 1969 200 1998 52
217 1963 373 2006 spectanti
393 1971 584 2005 persuasum
602 1962 681 2002 erit,
702 1963 830 2002 poetam
847 1970 866 1994 a
886 1962 1019 2003 singulis
1043 1962 1224 2003 profectum

159 2012 200 2045 ad
220 2011 373 2044 universa
392 2010 550 2050 transire,
568 2009 613 2042 ita
627 2011 662 2041 ut
682 2010 713 2041 in
732 2009 943 2051 philosophiae
956 2009 1066 2042 studio
1081 2018 1100 2043 e
1118 2010 1226 2051 singu-

159 2061 266 2094 larum
281 2067 389 2092 rerum
409 2057 541 2090 scientia
562 2066 686 2098 magnae
707 2066 813 2089 rerum
828 2058 967 2098 parentis
981 2081 989 2097 ,
1006 2061 1129 2090 naturae
1140 2082 1149 2096 ‚
1167 2067 1223 2091 co·

159 2107 334 2150 gnitionem
351 2107 550 2139 efflorescere
570 2105 658 2138 velit.
678 2105 898 2143 Quamobrem
917 2114 980 2137 non
998 2108 1047 2138 est
1064 2105 1150 2147 quod
1165 2106 1222 2138 mi·

159 2165 280 2197 remur,
318 2164 378 2188 cur
405 2154 570 2186 Hierocles
597 2155 739 2186 mentem
768 2155 871 2194 poetae
900 2154 1061 2195 explicare
1090 2154 1224 2187 molitus

159 2204 286 2245 singula
311 2202 410 2235 verba
438 2202 544 2234 minus
570 2202 743 2234 curaverit.
774 2203 809 2233 ln
831 2201 880 2234 his
899 2202 996 2234 etiam
1014 2204 1091 2234 sunt
1115 2215 1124 2235 ι
1148 2202 1169 2244 ἧ
1190 2214 1223 2235 τε

159 2251 278 2285 ἕκαστα
295 2251 449 2293 διέρχεται
466 2250 486 2292 ἦ
502 2261 536 2282 τε
553 2253 725 2292 κρατεῖται.
745 2251 826 2282 Nam
854 2259 958 2290 neque
982 2250 1135 2292 διέρχεται
1161 2260 1222 2283 un·

160 2310 259 2342 quam
274 2300 362 2333 valet
373 2299 457 2331 idem
472 2299 560 2340 quod
576 2298 712 2342 διαφέρει
727 2307 832 2340 neque
848 2300 1029 2340 κρατεῖσθαι
1049 2299 1166 2331 dicitur
1183 2299 1224 2332 de

158 2348 408 2387 communione,
426 2355 492 2388 qua
522 2348 640 2378 cuncta
661 2346 899 2379 contineantur.
920 2348 1026 2379 Immo
1046 2347 1223 2390 διέρχεσθαι

159 2395 221 2428 dici
237 2397 361 2428 constat
377 2394 418 2427 de
437 2394 535 2427 rebus
551 2394 647 2426 fluxis
668 2395 701 2427 et
720 2393 850 2427 caducis
868 2403 942 2435 qum
966 2396 1155 2428 transeunt
1172 2395 1223 2427 vel

160 2442 201 2475 de
218 2443 296 2475 locis
313 2451 388 2483 qum
410 2443 620 2474 transimus.
643 2441 766 2474 Deinde
779 2444 915 2484 κρατεῖν,
933 2441 959 2473 si
980 2441 1020 2473 ab
1037 2441 1107 2474 aliis
1123 2441 1223 2481 signi-

161 2489 364 2523 ficationibus
381 2489 581 2529 discesseris,
604 2497 836 2529 nonnunquam
854 2488 1085 2530 prehendere.
1107 2490 1222 2530 tueri,

160 2545 305 2571 servare
321 2536 522 2577 interpretari
538 2537 622 2568 licet.
641 2536 723 2568 Vide
743 2538 864 2568 Osann.
879 2535 919 2568 ad
936 2537 1072 2576 Corput.
1088 2536 1128 2568 de
1147 2539 1220 2569 Nat.

160 2585 249 2618 deor.
263 2593 295 2625 p.
311 2588 372 2617 256
383 2585 416 2615 et
430 2585 557 2616 Goraen
579 2583 703 2616 Ἂτακτ.
718 2584 760 2615 ΙΙ.
778 2592 807 2623 p.
822 2585 882 2615 210
896 2591 985 2623 seqq.
1002 2583 1223 2621 Quamobrem

160 2632 181 2673 ἦ
197 2643 231 2665 τε
251 2633 371 2665 ἕκαστα
389 2631 541 2673 διέρχεται
559 2629 578 2671 ᾔ
595 2641 629 2662 τε
644 2634 803 2672 κρατεῖται
817 2654 826 2670 ,
846 2630 925 2662 vetti
951 2632 1078 2670 oportet
1098 2640 1107 2659 t
1134 2640 1223 2673 qua—

163 2682 265 2712 tenus
279 2679 424 2720 sinyula
436 2679 621 2711 transeant
639 2679 671 2710 ec
686 2679 861 2719 quatenus
879 2679 1139 2717 conserventur,
1157 2678 1177 2709 i.
1193 2687 1222 2711 e.

161 2728 323 2768 quatenus
341 2725 466 2767 singula
480 2725 531 2758 vel
545 2724 630 2757 fluxa
645 2726 678 2758 et
692 2724 815 2757 caduca
833 2724 882 2757 vel
901 2726 1021 2757 aeterna
1037 2725 1113 2758 sint.
1127 2726 1223 2758 Simi-

161 2774 233 2808 liter
249 2774 404 2815 interpres
419 2773 521 2805 Arabs
541 2772 611 2805 haec
626 2772 748 2817 accepit
763 2771 839 2812 qui,
855 2775 891 2804 ut
903 2771 1104 2804 Elichmanni
1118 2772 1224 2805 verbis

160 2823 246 2862 utar,
263 2822 308 2854 ita
326 2821 556 2861 interpretatur
580 2829 588 2852 :
615 2833 631 2849 «ι
653 2819 812 2860 intelliges
829 2819 984 2852 rationem
1002 2828 1114 2852 eorum
1130 2820 1222 2860 juxta

160 2878 236 2910 quae
257 2869 402 2910 procedit
416 2868 600 2909 negotium,
619 2870 688 2900 tum
709 2867 741 2899 in
761 2866 914 2907 regimine
932 2867 990 2899 Dei
1014 2869 1076 2899 'ser
1100 2868 1224 2908 Optimi

160 2916 294 2949 Maximi
310 2915 442 2957 ejusque
456 2914 652 2954 amicorum,
675 2916 746 2947 tum
766 2914 863 2946 etiam
887 2914 972 2955 apud
1001 2923 1058 2946 nos
1071 2937 1081 2954 ‚
1102 2917 1222 2947 coetum

161 2964 329 2996 hominum
341 2987 351 3004 ,
372 2962 540 3001 videlicet,
559 2961 636 3002 quid
656 2961 696 2994 de
713 2962 750 2994 iis
769 2961 812 2994 sit
826 2961 1000 2994 evanidam
1016 2961 1048 2994 in
1067 2971 1130 2994 uno
1151 2964 1224 3003 post

160 3011 246 3044 aliud
266 3010 311 3051 (id
331 3012 401 3049 est,
419 3009 587 3050 singulis),
610 3011 642 3042 et
668 3008 748 3050 quid
774 3009 815 3042 de
840 3009 878 3041 iis
903 3010 945 3041 sit
972 3018 1175 3050 permanens.
1205 3025 1221 3039 »

161 3058 321 3098 Quocirca
346 3057 520 3090 Salmasius
539 3057 596 3089 aut
616 3056 754 3089 Arabem
774 3065 886 3098 parum
906 3056 1022 3088 vidisse
1040 3058 1098 3089 aut
1124 3057 1224 3090 inter-

161 3109 267 3146 pretes
295 3105 375 3138 alios
399 3106 531 3138 Graecos
555 3105 588 3137 et
616 3104 745 3137 Latinos
763 3104 842 3136 nihil
868 3103 984 3136 vidisse
1002 3104 1222 3138 existimabat.

162 3155 234 3194 Ipse
246 3153 342 3194 igitur
356 3152 489 3194 probata
508 3160 656 3193 magnam
672 3153 794 3192 partem
810 3151 923 3183 Arabis
937 3151 1198 3192 interpretatione
1213 3165 1222 3186 ε

163 3213 182 3228 «ι
198 3201 280 3232 Nam
297 3200 430 3240 natura,
445 3199 569 3240 inquit,
587 3200 731 3231 Deorum
750 3197 984 3230 immortalium
1011 3198 1134 3230 stabilis
1153 3202 1223 3240 est,

164 3247 228 3279 fixa
245 3248 278 3280 et
293 3248 434 3288 aeterna,
452 3246 524 3279 ideo
542 3250 701 3288 κρατεῖται
721 3256 728 3278 ;
749 3246 915 3278 hominum
937 3254 1014 3277 vero
1039 3245 1222 3278 mortalium

164 3293 341 3335 instabilis,
363 3294 451 3326 fluxa
467 3294 500 3326 et
521 3293 700 3326 transitoria
713 3318 723 3335 ,
743 3295 779 3326 ut
808 3293 852 3325 ita
881 3292 1008 3333 loquar,
1028 3292 1221 3335 διερχομένη.

163 3341 258 3381 Quod
274 3341 372 3374 etiam
394 3341 496 3381 magis
515 3340 623 3374 dicere
639 3341 757 3382 liceat,
772 3342 804 3374 et
825 3341 888 3373 alio
911 3340 1041 3382 quidem
1069 3349 1165 3372 sensu
1184 3349 1223 3372 ex

163 3389 322 3422 sententia
343 3389 615 3431 Pythagoreorum
628 3412 638 3427 ,
661 3389 717 3430 qui
738 3388 895 3429 putabant
915 3388 1042 3420 animas
1055 3387 1223 3419 hominum

163 3446 207 3471 ex
225 3437 295 3469 aliis
311 3437 499 3477 corporibus
513 3437 546 3469 in
564 3437 627 3469 alia
641 3437 776 3469 transire
786 3461 795 3477 ,
807 3445 847 3469 ex
862 3436 1012 3468 humanis
1026 3436 1057 3467 in
1071 3435 1223 3474 belluina,

163 3493 203 3518 ex
224 3484 375 3517 belluinis
387 3483 420 3516 in
439 3483 592 3516 humana.
611 3483 663 3517 Sic
676 3484 828 3520 σύστασις
842 3485 962 3522 Θνητῶν
976 3483 1146 3525 ἀνθρώπων
1165 3483 1225 3515 hoc

165 3532 261 3565 modo
279 3532 455 3574 διέρχεσθαι
475 3531 597 3573 optime
612 3532 674 3564 dici
693 3533 812 3573 potest.
831 3534 873 3565 At
898 3531 1034 3563 deorum
1060 3531 1222 3563 immorta-

165 3581 245 3613 lium
264 3581 416 3616 σύστασις
434 3579 526 3621 plane
541 3582 717 3622 κρατεῖται,
732 3579 810 3612 nulli
837 3579 1005 3611 mutationi
1026 3581 1081 3611 aut
1105 3578 1223 3619 migra-

1287 383 1469 424 Cognosces
1491 383 1611 425 etiam,
1628 383 1736 425 quoad
1757 385 1805 417 fas
1825 387 1875 418 ert
1887 410 1896 426 ‚
1912 391 2064 420 naturam
2088 397 2129 420 ex
2146 389 2348 438 oin-niparte

1284 467 1322 499 ut
1337 474 1398 499 nec
1419 474 1530 507 speres
1551 474 1628 508 quae
1647 468 1808 509 speranda
1835 477 1900 501 non
1919 472 2016 509 sunt,
2034 428 2099 503 υθέ
2111 432 2348 514 ῗὲιᾳειιιῐίῐέιιιῐῗὲτιί

1283 550 1469 589 Cognosces
1488 551 1600 583 autem
1621 550 1772 584 homines
1789 551 1884 584 malis
1902 552 1991 585 ultro
2011 554 2178 586 arcessitis
2196 565 2216 587 o
2239 514 2348 596 Ιέιιίῗὲἑ,

1283 591 1436 632 miseros,
1452 592 1508 633 qui
1524 591 1608 624 bona
1624 601 1725 633 quum
1744 602 1846 634 prope
1865 594 1930 626 sint
1947 603 2008 627 nec
2024 595 2157 635 vident,

1281 641 1341 665 nec
1362 633 1500 666 audiunt
1523 646 1530 666 :
1555 634 1717 676 paucique
1738 635 1847 668 sciunt
1865 645 1883 669 e
1903 636 1998 668 malis
2017 645 2052 668 se
2072 637 2242 682 expedire.

1283 864 1421 906 grationi
1449 874 1487 898 ex
1517 865 1587 898 aliis
1608 865 1740 899 sedibus
1756 865 1788 898 in
1814 866 1892 899 alias
1905 866 2058 900 obnoxia.
2078 879 2095 896 υ
2118 868 2242 906 Verum
2263 868 2348 901 enim

1284 921 1362 946 vero
1382 923 1486 955 neque
1503 914 1667 947 Hierocles
1693 914 1831 956 erravit,
1848 923 1954 955 neque
1983 915 2163 948 Salmasius
2193 925 2259 949 rem
2273 940 2282 956 ,
2312 916 2351 948 de

1285 969 1348 1001 qua
1358 962 1475 1002 agitur,
1489 962 1617 1002 penitus
1634 962 1808 1003 perspexit.
1823 963 1903 1000 Quis
1919 963 2005 995 enim
2022 963 2151 1004 credat,
2170 965 2350 997 Hieroclem

1282 1014 1302 1039 'a
1318 1010 1478 1041 Saraceno
1491 1009 1666 1050 interprete
1679 1009 1827 1042 doctrina
1843 1013 2033 1051 superatum
2044 1014 2137 1045 esse?
2147 1012 2240 1045 Unde
2256 1012 2351 1053 igitur

1285 1054 1354 1086 haec
1371 1056 1594 1095 explicationis
1612 1056 1683 1096 ejus
1699 1056 1740 1088 ab
1758 1057 1828 1097 ipso
1845 1057 1989 1090 carmine
2016 1057 2255 1100 discrepantia?
2274 1059 2352 1100 quia

1284 1103 1495 1144 philosophiae
1508 1106 1707 1145 praeceptum
1727 1105 1881 1137 latissime
1896 1107 2008 1146 patens
2030 1109 2128 1147 atque
2147 1106 2188 1138 ab
2206 1107 2351 1140 hocloco

1283 1158 1348 1181 non
1377 1150 1519 1182 alienum
1539 1150 1764 1192 expositurus,
1793 1160 1868 1192 quae
1894 1154 1978 1184 esset
1996 1153 2123 1193 propria
2147 1154 2349 1195 singulorum

1285 1199 1388 1237 poetoe
1404 1197 1576 1229 verborum
1605 1197 1653 1230 vis
1669 1197 1802 1231 minime
1822 1198 2002 1233 laborabat.
2028 1201 2205 1233 Salmasius
2230 1202 2352 1242 opponi

1285 1245 1377 1283 putat
1395 1243 1484 1277 fluxa
1506 1248 1538 1277 et
1557 1246 1690 1278 aeterna.
1714 1245 1809 1285 Quod
1829 1246 1854 1278 si
1878 1255 1996 1279 verum
2019 1249 2085 1286 est,
2102 1247 2224 1281 fructus
2243 1257 2261 1281 e
2277 1249 2352 1290 phi-

1284 1291 1440 1332 losophioe
1458 1291 1567 1324 studio
1591 1291 1819 1334 percipiendus
1835 1294 2016 1326 secundum
2042 1295 2259 1335 Pythagoram
2278 1305 2350 1328 cer·

1284 1338 1372 1371 nitur
1388 1339 1421 1371 in
1439 1339 1518 1380 hoc,
1535 1339 1622 1380 quod
1644 1339 1793 1372 mortalia
1807 1342 1840 1372 et
1860 1341 1983 1373 caduca
2001 1350 2040 1373 ac
2068 1342 2133 1373 cito
2152 1343 2294 1382 peritura
2311 1343 2351 1375 ab

1284 1387 1523 1419 immortalibus
1549 1388 1582 1419 et
1609 1389 1767 1428 perpetuo
1792 1389 1953 1420 mansuris
1969 1389 2164 1429 distinguere
2183 1389 2349 1422 discimus.

1284 1434 1381 1476 Atqui
1398 1444 1462 1467 non
1474 1439 1522 1468 est
1536 1435 1802 1476 philosophorum
1817 1435 1858 1468 de
1873 1436 1969 1468 rebus
1984 1436 2082 1469 nuxis
2095 1437 2260 1477 disputare
2271 1462 2279 1477 ‚
2297 1438 2351 1470 sed

1285 1484 1352 1514 tota
1374 1483 1576 1524 philosophia
1598 1482 1631 1515 in
1654 1492 1761 1515 rerum
1780 1483 1971 1524 perennium
1989 1485 2262 1525 contemplatione
2279 1494 2352 1518 ver-

1284 1533 1386 1562 satur.
1410 1532 1518 1568 Quare
1534 1539 1609 1571 quae
1626 1529 1795 1562 mutabilia
1815 1532 1893 1563 sunt
1905 1555 1914 1570 ‚
1932 1531 1963 1563 in
1986 1531 2035 1564 his
2056 1532 2246 1565 mutationis
2260 1534 2352 1565 aeter-

1286 1577 1369 1609 nitas
1389 1577 1621 1609 consideranda
1644 1579 1704 1610 est.
1725 1579 1858 1611 AEterna
1874 1580 1986 1611 autem
2008 1579 2167 1620 mutatio,
2185 1588 2249 1621 qua
2264 1589 2351 1612 mor-

1284 1625 1360 1657 talia
1373 1625 1481 1657 omnia
1494 1625 1669 1666 agitantur,
1682 1633 1758 1658 cum
1773 1625 1971 1667 sempiterna
1988 1626 2097 1667 quiete
2107 1651 2116 1666 ,
2127 1635 2202 1667 quae
2214 1627 2351 1659 deorum

1284 1673 1409 1704 naturae
1420 1672 1574 1712 contigit,
1589 1674 1778 1714 comparata
1791 1672 1954 1705 simillima
1967 1675 2017 1706 est
2028 1674 2228 1715 singularum
2243 1683 2351 1707 rerum

1283 1719 1475 1752 differentiae
1487 1722 1519 1752 et
1536 1719 1594 1759 illi,
1608 1720 1695 1760 quod
1712 1723 1828 1752 cuncta
1841 1721 2002 1762 continet,
2018 1730 2126 1754 rerum
2141 1723 2266 1754 naturae
2279 1731 2351 1755 cor-

1286 1767 1364 1807 pori.
1396 1769 1477 1806 Quae
1497 1769 1606 1799 autem
1628 1767 1718 1806 dixi,
1740 1768 1801 1799 etsi
1828 1768 2003 1800 certissima
2027 1772 2124 1808 sunt,
2151 1768 2351 1801 confirmabo

1286 1817 1394 1846 tamen
1410 1814 1511 1847 ocelli
1536 1815 1634 1847 etiam
1663 1815 1866 1848 auctoritate.
1893 1817 1926 1848 Is
1950 1825 2020 1857 cap.
2047 1820 2058 1848 1
2085 1815 2105 1857 §
2135 1820 2171 1849 12
2197 1826 2270 1858 pag.
2293 1820 2349 1850 157

1286 1869 1405 1898 nostrae
1430 1865 1598 1906 editioniS,
1616 1866 1661 1899 ἔτι
1686 1867 1737 1906 δὲ,
1757 1866 1878 1908 inquit,
1899 1869 1953 1899 καὶ
1973 1868 2029 1906 ὅλη
2056 1867 2095 1900 δι’
2118 1868 2190 1906 ὅλης
2215 1870 2235 1907 ἡ
2261 1869 2351 1911 φύσις

1284 1913 1480 1955 θεωρουμένη
1508 1913 1543 1946 τὸ
1570 1914 1698 1955 συνεχὲς
1725 1914 1789 1946 ἀπὸ
1816 1917 1880 1946 τῶν
1910 1915 2045 1957 πρώτων
2071 1916 2124 1947 καὶ
2151 1915 2352 1957 τιμιωτάτων

1285 1962 1409 2004 ἀφαιρεῖ
1425 1962 1505 1994 κατὰ
1521 1961 1614 2002 λόγον
1633 1962 1910 2004 ἀπομαραινομένή
1923 1963 1977 1995 καὶ
1995 1963 2203 2005 προσάγουσα
2216 1964 2268 1996 ἐπὶ
2289 1967 2352 1996 πᾶν

1283 2009 1319 2042 τὸ
1342 2010 1452 2049 θνητὸν
1471 2010 1524 2042 καὶ
1543 2010 1677 2047 διέξοδον
1698 2009 1920 2052 ἐπιδεχόμενον
1938 2015 1993 2050 τῆς
2011 2011 2091 2049 ἰδίας
2111 2012 2310 2051 συστάσεως,
2329 2015 2349 2045 i.

1283 2067 1313 2091 e.
1341 2058 1407 2099 jam
1434 2067 1512 2091 vero
1531 2058 1682 2091 universa
1713 2068 1821 2092 rerum
1842 2061 1957 2092 natura
1983 2060 2010 2092 si
2038 2068 2094 2101 per
2115 2069 2228 2092 omnes
2247 2061 2353 2101 partes

1285 2107 1464 2147 spectetur,
1482 2106 1557 2138 licet
1571 2105 1779 2147 proportione
1793 2107 1933 2148 quadam
1948 2107 2083 2141 deficere
2102 2107 2152 2149 (ac
2166 2106 2306 2140 deterior
2319 2111 2352 2140 et

1284 2153 1407 2186 caduca
1429 2154 1508 2194 lieri)
1528 2153 1690 2194 videatur,
1720 2156 1831 2187 tamen
1851 2155 2128 2188 continuationem
2152 2157 2185 2188 et
2205 2155 2351 2196 perenni-

1285 2203 1383 2234 tatem
1416 2211 1435 2234 a
1467 2201 1579 2243 primis
1609 2202 1950 2244 praestantissimisque
1978 2202 2171 2243 corporibus
2206 2205 2350 2236 sumtam

1283 2248 1434 2280 omnibus
1450 2248 1643 2281 mortalibus
1659 2249 1773 2290 affert,
1789 2249 1910 2291 quibus
1931 2251 2145 2282 concretionis
2164 2260 2232 2284 suae
2249 2251 2351 2284 vicis-

1283 2295 1441 2327 situdines
1465 2295 1627 2328 accidunt.
1658 2295 1706 2329 Ad
1726 2305 1823 2337 quem
1849 2297 1958 2329 locum
1979 2297 2205 2330 illustrandum
2229 2308 2262 2340 p.
2288 2301 2347 2332 187

1286 2342 1355 2375 haec
1372 2343 1481 2374 notavi
1499 2355 1507 2375 z
1526 2355 1542 2370 «
1557 2344 1640 2375 Sunt
1655 2344 1765 2375 autem
1780 2344 1819 2376 τὰ
1831 2346 1943 2387 πρῶτα
1957 2345 2011 2377 καὶ
2027 2345 2202 2385 τιμιώτατα
2216 2354 2353 2387 corpora

1286 2390 1440 2422 coelestia.
1461 2390 1540 2422 Vult
1556 2390 1643 2422 enim
1660 2390 1799 2431 scriptor
1809 2394 1929 2424 aeterna
1942 2400 2013 2424 esse
2027 2401 2092 2424 non
2107 2392 2203 2425 modo
2216 2402 2352 2434 corpora

1284 2437 1447 2477 coelestia,
1467 2438 1503 2469 ut
1518 2446 1592 2478 qnae
1608 2437 1722 2470 eodem
1735 2446 1861 2478 semper
1872 2439 1956 2471 statu
1973 2440 2144 2479 maneant,
2159 2439 2213 2472 sed
2228 2440 2351 2482 reliqua

1283 2485 1399 2524 etiam,
1428 2492 1502 2525 quae
1529 2487 1683 2525 perpetuo
1703 2486 1871 2517 mutantur
1893 2487 2023 2526 propter
2048 2486 2236 2519 mutationis
2255 2489 2351 2520 aeter·

1284 2534 1419 2565 nitatem
1436 2541 1455 2564 a
1471 2531 1658 2564 coelestibus
1680 2532 1870 2573 corporibus
1885 2532 2104 2573 repetendam.
2123 2546 2139 2562 ιι

1327 2582 1367 2614 V.
1394 2584 1444 2613 52.
1463 2581 1571 2621 γνώσῃ
1589 2579 1631 2623 δ’]
1648 2582 1675 2612 Ο
1693 2582 1724 2612 et
1747 2582 1791 2619 G;
1808 2580 1916 2621 γνώσῃ
1932 2579 1958 2612 0'
1975 2582 2008 2613 S.
2029 2580 2086 2613 sed
2100 2580 2210 2613 nonin
2229 2589 2349 2614 comm.

1286 2638 1317 2670 p.
1338 2631 1395 2662 178
1414 2628 1465 2661 ed.
1482 2628 1603 2661 Needh.
1619 2627 1665 2670 [p.
1688 2630 1745 2660 136
1765 2627 1896 2670 Gaisf.],
1920 2628 1975 2660 ubi
2004 2628 2163 2668 reperitur
2185 2629 2294 2671 γνώσῃ
2311 2628 2351 2668 δ’,

1285 2680 1322 2709 ut
1338 2676 1523 2708 mirandum
1544 2675 1585 2708 sit
1605 2675 1820 2709 Gaisfordium
1837 2676 1869 2709 h.
1889 2677 1910 2708 l.
1931 2675 2095 2717 vulgatam
2111 2675 2306 2708 deseruisse.

1327 2726 1367 2757 V.
1392 2729 1443 2757 53.
1465 2722 1685 2766 ὥστε-μήτε]
1711 2726 1743 2756 S.
1763 2724 1803 2757 G.
1826 2726 1873 2765 03
1893 2724 1971 2757 item
1998 2723 2161 2766 pleraeque
2182 2723 2271 2764 edd,
2294 2724 2350 2757 sed

1284 2773 1447 2806 nonnullae
1467 2773 1508 2810 ὥς
1524 2772 1558 2805 τέ
1571 2774 1603 2804 et
1618 2772 1660 2813 μή
1675 2771 1719 2804 τέ.

1327 2824 1368 2854 V.
1394 2823 1446 2854 54.
1470 2821 1579 2861 γνώσῃ
1607 2818 1634 2852 δ’
1663 2819 1847 2862 ἀνθρώπους
1876 2818 2043 2861 αὐθαίρετα
2070 2819 2191 2865 πήματ’
2210 2817 2351 2861 ἔχοντας]

1284 2869 1336 2901 Sic
1351 2869 1424 2901 libri
1441 2868 1551 2909 scripti
1565 2870 1597 2900 et
1608 2867 1703 2906 editi;
1721 2868 1841 2908 profert
1856 2867 1942 2899 hunc
1958 2867 2064 2900 locum
2081 2867 2283 2908 Chrysippus
2297 2875 2348 2908 ap.

1284 2917 1367 2950 Gell.
1382 2916 1437 2949 lib.
1454 2917 1499 2949 VI
1513 2924 1583 2956 cap.
1600 2919 1631 2956 2,
1643 2915 1698 2947 ubi
1712 2914 1869 2956 quasdam
1881 2915 2036 2948 editiones
2049 2915 2165 2956 γνώσει
2182 2918 2212 2947 et
2226 2914 2351 2951 ἑλόντας

1285 2963 1402 2996 hahere
1427 2963 1495 3004 Jam
1522 2962 1646 2995 Theod·
1677 2962 1842 2995 Marcilius
1871 2963 2018 3000 testatur.
2046 2962 2101 3003 qui
2125 2961 2198 3002 jure
2220 2961 2351 3003 praefert

1285 3013 1433 3053 ἔχοντας,
1454 3011 1683 3043 inconcinnam
1711 3010 1932 3051 repetitionem
1959 3009 2083 3046 ἑλόντας
2100 3010 2266 3052 αὐθαίρετα
2289 3017 2347 3040 vo-

1285 3068 1361 3091 cans
1374 3083 1382 3099 ,
1401 3068 1501 3100 quum
1525 3058 1614 3090 verbi
1635 3058 1715 3091 ἑὶεῖν
1733 3057 1780 3090 vis
1800 3057 1832 3089 in
1854 3057 1986 3089 nomine
2004 3057 2181 3098 αὐθαίρετος
2204 3057 2256 3089 sit.

1325 3108 1367 3140 V.
1393 3110 1444 3139 55.
1464 3107 1618 3146 τλῆμα-,ας
1633 3124 1674 3129 -
1688 3103 1754 3137 οὔτ’
1770 3103 1936 3146 ἐσορῶσιν]
1960 3103 2040 3136 cod.
2063 3106 2146 3137 Ven.
2173 3105 2214 3136 G.
2239 3105 2271 3136 et
2300 3106 2348 3144 S.;

1283 3154 1338 3186 alii
1354 3154 1504 3195 τλήμονες
1520 3172 1562 3180 -
1580 3153 1638 3186 οὐκ
1654 3153 1822 3194 ἐσορῶσιν.
1838 3153 1959 3184 Neutra
1971 3151 2066 3184 lectio
2083 3150 2275 3192 spernenda.
2291 3153 2348 3184 Re—

1285 3201 1410 3243 peritur
1425 3203 1534 3234 autem
1551 3200 1699 3240 τλήμονες
1718 3208 1770 3241 ap.
1793 3199 1864 3232 Ald.
1882 3200 1975 3232 Cam.
1996 3199 2107 3240 Steph.
2123 3199 2213 3238 Sylb.
2234 3199 2349 3239 τλήμο-

1282 3260 1337 3286 νας
1373 3257 1426 3290 ap.
1458 3250 1588 3281 Curter.
1618 3247 1745 3280 Marcil.
1770 3246 1890 3279 Omeis.
1926 3247 2039 3278 Dacer.
2069 3246 2192 3279 Needln.
2213 3246 2346 3278 Asthon.

1285 3304 1388 3336 nsque
1406 3295 1446 3327 ad
1467 3294 1631 3328 Glandorf.
1647 3293 1703 3335 qui
1722 3293 1861 3326 restituit
1876 3293 2042 3335 τλήμονες,
2055 3293 2142 3334 quod
2160 3301 2215 3333 per
2230 3294 2347 3324 Brunc-

1285 3341 1396 3381 taum,
1420 3342 1595 3383 Orellium‚
1614 3341 1759 3383 aliosque
1783 3349 1885 3382 usque
1910 3341 1952 3373 ad
1984 3342 2127 3373 nostram
2158 3339 2346 3371 memoriam

1286 3392 1494 3430 propagatum
1522 3391 1582 3422 est.
1605 3390 1647 3421 At
1665 3389 1845 3422 Seliaeferus
1866 3388 1951 3429 apud
1972 3388 2128 3420 Orellium
2149 3387 2211 3426 ait,
2228 3395 2261 3418 se
2281 3394 2345 3417 non

1284 3445 1478 3478 repugnare,
1496 3437 1523 3469 si
1538 3436 1610 3477 quis
1621 3437 1831 3475 τλήμονας-
1844 3435 1910 3468 οὔτ’
1923 3436 2075 3477 ἐσορῶσιν
2089 3434 2248 3475 praeferat.
2266 3433 2347 3466 Hinc

1283 3483 1533 3525 Schwepfinger.
1545 3484 1645 3517 edidit
1657 3483 1913 3525 τλήμονας-οὐκ
1926 3483 2091 3523 ἐσορῶσιν.
2104 3483 2168 3522 Ego
2182 3489 2258 3513 vero
2269 3489 2345 3513 cum

1285 3531 1468 3565 Gaisfordio
1483 3531 1523 3563 ad
1541 3531 1614 3564 cod.
1631 3534 1711 3564 Ven.
1728 3531 1918 3572 scripturam
1933 3530 2022 3562 redii.

1330 3581 1372 3612 V.
1398 3583 1449 3612 56.
1464 3577 1625 3612 συνίσασι]
1639 3581 1673 3610 S.
1689 3581 1721 3612 et
1738 3581 1785 3619 ῦς
1800 3579 1877 3611 item
1891 3577 1960 3610 Ald.
1978 3577 2009 3609 in
2022 3576 2095 3617 maj.
2112 3575 2164 3609 ed.
2180 3575 2342 3608 συνίσασι.
