2612 3814
1068 225 1391 266 FRAGMENTA
1400 253 1410 264 .

2258 229 2334 263 573

201 323 342 382 §Posui
363 337 372 361 ι
395 326 409 344 “
431 320 560 368 ποσὸνς
589 317 703 358 codd.
730 317 853 358 πόσον.
876 314 893 340 ²³
915 316 1076 370 συνεχές,
1095 315 1134 356 τὸ
1156 315 1213 365 δὲ;
1275 331 1359 362 της,
1381 313 1487 358 οὕτως
1507 310 1523 336 ¹³
1545 313 1690 351 ἀπὸτοῦ
1710 312 1958 357 ἀλλοιωθέντος
1974 317 1990 337 ⁰
2008 311 2187 360 παθητικὰ
2205 313 2337 359 ποότης

156 383 273 424 codd.
295 380 450 435 συνεχές.
507 381 560 420 Τὸ
576 378 640 432 δὲ.)

328 489 498 530 ΛΟΓΟΣ
526 487 809 527 ΠΟΟΤΗΤΟΣ
838 486 1039 526 ΤΡΙΤΟΣ.

209 617 260 665 η’.
292 615 328 656 ‘A
351 615 387 655 δὲ
420 613 549 663 ποότης
575 614 790 666 διαιρεῖταιθ
813 613 860 656 εἰς
889 616 1020 658 ταῦτα,
1052 603 1120 656 ἕξιν
1154 609 1214 650 καὶ

157 671 325 718 διάθεσιν,
349 667 549 716 παθητικὰν
575 666 731 715 ποότητα
750 665 811 704 καὶ
836 664 943 709 πάθος
959 696 969 713 ,
991 664 1135 715 δύναμιν
1155 664 1216 702 καὶ

159 729 372 781 ἀδυναμίαν,
390 731 514 781 σχῆμα
532 727 593 767 καὶ
614 726 766 781 μορφάν.
824 723 934 765 Ἔστι
950 722 966 748 ¹³
981 725 1010 763 δ’
1025 725 1046 764 ἆ
1065 724 1129 775 μὲν
1150 723 1217 769 ἕξις

158 788 318 833 ἐπίτασις
347 788 532 832 διαθέσεως
560 786 621 826 καὶ
642 786 832 838 μονιμότας
850 784 912 823 καὶ
929 781 1064 834 ἵδρυσις
1092 785 1131 822 ἐκ
1157 786 1219 830 τῆς

160 851 325 903 συνεχοῦς
345 847 405 887 καὶ
438 845 687 901 ἐνεργουμένας
717 845 924 895 διαθέσεως,
945 837 1015 882 οἷον
1038 844 1086 887 εἷς
1118 842 1218 896 φύσιν

160 909 408 961 μετενεχθεῒσα
447 908 508 946 καὶ
543 904 688 959 δευτέρα
718 921 771 949 τις
807 903 1064 958 χρηματίσασα
1105 901 1217 955 φύσις.

161 966 313 1019 Λέγεται
344 966 382 1005 δὲ
413 965 480 1011 ἕξις
507 965 569 1004 καὶ
599 963 644 1004 τὰ
673 963 764 1004 κατὰ
786 964 888 1017 φύσιν
910 964 1022 1015 ἄμμιν
1042 961 1219 1015 προσόντα

160 1025 220 1065 καὶ
241 1024 291 1077 μὴ
320 1026 361 1064 ἐκ
389 1024 576 1068 διαθέσεως
596 1022 656 1063 καὶ
676 1030 857 1077 προκοπᾶς
877 1021 1085 1074 ἐγγινόμενα
1098 1052 1110 1070 ‚
1131 1023 1178 1065 ὡς
1197 1023 1219 1067 ἡ

161 1085 239 1139 ὄψις
259 1083 320 1124 καὶ
338 1086 375 1124 αἱ
393 1083 515 1122 λοιπαὶ
542 1085 613 1123 τῶν
635 1082 847 1130 αἰσθήσεων.
910 1081 979 1121 Καὶ
1000 1082 1022 1120 ἆ
1041 1079 1220 1127 παθητικὰ

160 1144 289 1191 ποότης
320 1142 449 1194 ὁμοίως
468 1146 529 1181 τοῦ
549 1142 680 1188 πάθους
699 1141 793 1181 ἐστὶν
813 1140 957 1194 αὔξησις
978 1140 1039 1179 καὶ
1063 1139 1222 1183 ἐπίτασις

162 1201 223 1241 καὶ
245 1201 403 1255 μείωσις.
435 1202 488 1242 Τὸ
509 1202 544 1241 δὲ
561 1203 672 1246 πάθος
691 1201 752 1240 καὶ
768 1201 832 1241 τὰν
850 1199 1048 1250 παθητικὰν
1064 1199 1222 1246 ποότητα

162 1263 222 1302 ἐπὶ
253 1264 358 1316 ὀργῆς
377 1263 437 1302 καὶ
457 1261 579 1314 μίσους
597 1262 659 1302 καὶ
678 1261 871 1307 ἀκολασίας
889 1261 950 1300 καὶ
970 1263 1040 1300 τῶν
1054 1261 1189 1300 λοιπῶν
1207 1265 1222 1283 ⁰

161 1328 226 1366 τᾶς
249 1322 376 1367 κακίας
394 1324 517 1361 παθῶν
545 1322 607 1361 καὶ
636 1324 705 1360 τῶν
724 1323 763 1360 ἐκ
778 1323 880 1360 νόσου
896 1322 1131 1370 παθημάτων,
1148 1323 1222 1372 θερ-

165 1381 316 1430 μότητος
346 1381 408 1428 καὶ
435 1380 676 1434 ψυχρότητος,
700 1382 760 1417 νῦν
789 1379 852 1429 μὲν
872 1378 930 1417 ἐπὶ
959 1381 1022 1424 τ’ῆς
1045 1376 1144 1422 ἕξεως
1164 1377 1224 1416 καὶ

163 1440 349 1485 διαθέσεως
368 1438 521 1478 τιθέασιν
538 1436 568 1487 ⁶,
587 1441 646 1477 νῦν
661 1437 697 1477 δὲ
718 1438 776 1478 ἐπὶ
795 1445 857 1482 τᾶς
876 1441 1072 1484 παθητικᾶς
1092 1436 1222 1484 ποότη·

164 1515 268 1548 τητος
296 1499 358 1539 καὶ
377 1504 392 1523 e
411 1501 473 1537 τοῦ
501 1497 653 1546 πάθους,
675 1497 736 1537 καὶ
764 1495 882 1536 ἔντινΙ
908 1498 1032 1545 εἰπεῖν,
1052 1497 1106 1535 ὅτι
1140 1496 1225 1535 καθὸ

166 1559 229 1611 μὲν
251 1557 432 1610 μεθεκτόν,
452 1556 520 1603 ἕξιν
540 1557 844 1610 προσηγόρευσαν,
863 1556 950 1595 καθὸ
970 1554 1007 1594 δὲ
1026 1554 1135 1598 πάθος
1163 1556 1225 1605 ἐμ-

151 1624 270 1667 -ποιεῖ,
280 1618 481 1666 παθητικὰν
495 1616 652 1664 ποότητα
666 1620 778 1656 ταῦτα
792 1615 994 1668 ὠνόμασαν,
1006 1614 1024 1654 ὃ
1040 1614 1133 1654 ἔστιν
1145 1618 1163 1643 3
1179 1614 1225 1658 εἷς

163 1679 298 1732 ἵδρυσιν
320 1677 382 1717 καὶ
403 1676 623 1729 μονιμότητα
642 1677 764 1715 εἰπεῖν.

222 1738 354 1790 (Posui
378 1752 387 1776 ε
419 1739 434 1757 “
465 1737 666 1788 διαιρεῖται;
699 1736 815 1776 codd.
852 1734 1041 1774 διάκειται.
1075 1732 1092 1758 b
1126 1732 1225 1781 ἔστι;

165 1797 282 1835 codd.
305 1795 394 1836 ἐστὶ.
415 1796 432 1816 ⁰
443 1796 598 1843 λοιπῶν;
615 1794 709 1833 libri
722 1793 890 1834 λοιπέων.
907 1790 925 1814 ‘¹
941 1792 1096 1832 τιθέασιν
1110 1791 1227 1841 ;libri

168 1856 315 1904 τίθησιν.
331 1861 347 1881 ²
373 1855 458 1904 καὶ;
481 1856 588 1894 deest
618 1854 661 1893 in
698 1853 812 1894 codd.
832 1851 843 1877 ¹
862 1852 969 1902 ἔντιν;
992 1852 1088 1891 libri
1120 1851 1224 1892 ἐντὶν.

168 1920 186 1946 8
201 1916 220 1955 ὃ
243 1915 352 1964 ἔστιν;
376 1915 470 1954 libri
490 1914 511 1953 ὅ
529 1915 649 1965 ἐστιν.)

225 1976 270 2016 θ’.
303 1975 347 2015 Ἥ
381 1974 449 2027 γὰρ
479 1973 606 2027 μετρία
637 1971 822 2016 ἀλλοίωσις
856 1971 967 2015 πάθος
1000 1970 1228 2022 ὠνόμασται,

170 2035 261 2079 ὥστε
273 2041 288 2059 ³
303 2034 373 2074 ἀπὸ
387 2039 447 2074 τοῦ
466 2033 530 2085 μὲν
553 2032 762 2086 μετέχοντος
783 2031 848 2076 ἕξις
863 2030 904 2070 ἂν
922 2030 1048 2083 γένοιτ’
1065 2034 1088 2078 ἡ
1106 2029 1230 2083 θερμό-

362 2287 515 2319 TERTlA
538 2284 788 2324 QUALITATIS
810 2282 1043 2315 DEFINlTlO.

215 2386 304 2417 vili.
328 2383 475 2423 Qualitas
488 2382 642 2415 dividitur
656 2381 690 2413 in
705 2380 848 2413 habitum
863 2381 896 2412 et
911 2379 1131 2418 affectionem,
1153 2377 1233 2418 pati-

173 2447 273 2480 bilem
287 2445 474 2487 qualitatem
490 2444 523 2476 et
536 2442 824 2485 perturbationem,
838 2441 905 2473 vim
921 2442 954 2473 et
966 2439 1233 2478 imbecillitatem,

173 2508 312 2548 figuram
327 2506 360 2538 et
376 2505 526 2537 formam.
571 2504 628 2535 Est
647 2511 725 2535 vero
746 2501 877 2533 habitus
891 2500 1030 2532 intentio
1056 2498 1236 2531 affectionis

175 2569 272 2608 atque
294 2564 375 2598 adeo
404 2563 588 2597 constantia
606 2571 644 2594 ac
664 2561 823 2594 stabilitas
850 2561 918 2601 ejus
945 2558 1158 2601 perpetuitate
1185 2558 1235 2590 in-

178 2620 270 2665 nixa,
290 2624 382 2667 quasi
411 2623 443 2655 in
471 2627 621 2655 naturam
651 2630 747 2654 versa
776 2625 808 2653 et
835 2620 936 2652 altera
951 2618 1101 2661 quaedam
1124 2619 1236 2651 exorta

175 2686 302 2718 natura.
349 2684 510 2716 Praeterea
526 2682 656 2714 habitus
672 2680 790 2713 dicitur
812 2678 970 2720 quidquid
990 2679 1111 2711 natura
1143 2677 1237 2710 nobis

176 2744 311 2776 insitum
326 2743 376 2775 est
390 2750 428 2773 ac
443 2750 507 2773 non
527 2740 698 2773 affectione
711 2742 741 2772 et
756 2746 924 2780 progressu
939 2736 1032 2770 nobis
1055 2734 1178 2776 haeret,
1200 2740 1237 2768 ut

177 2803 270 2835 visus
285 2801 462 2843 caeterique
482 2809 607 2832 sensus.
652 2798 737 2838 Quin
761 2797 857 2830 eliam
879 2796 1019 2838 patibilis
1035 2795 1174 2836 qualitas
1191 2794 1237 2827 si-

176 2861 296 2895 militer
315 2858 569 2903 perturbationis
584 2861 631 2892 est
650 2857 702 2891 vel
721 2858 957 2890 incrementum
976 2857 1009 2888 et
1030 2855 1165 2888 intentio
1185 2854 1237 2887 vel

175 2920 370 2955 deminutio.
417 2921 583 2953 caeterum
605 2905 882 2960 perturbationem
903 2918 935 2948 et
954 2915 1119 2957 patibilem
1136 2914 1237 2956 quali·

175 2982 279 3014 tarem
295 2979 336 3014 de
350 2979 398 3013 ira
415 2981 447 3013 et
459 2979 534 3012 odio
552 2981 585 3011 et
604 2977 731 3011 licentia
745 2976 943 3018 reliquisque
967 2975 1092 3007 vitiosis
1113 2977 1236 3016 pertur-

181 3038 367 3072 bationibus
388 3032 421 3072 et
444 3038 584 3078 morbis,
602 3037 708 3069 calore
730 3037 763 3068 et
786 3035 919 3076 frigore,
943 3033 1133 3074 loquentes,
1151 3041 1239 3064 nunc

179 3099 213 3131 in
234 3099 346 3132 babitu
363 3100 397 3132 et
413 3099 583 3132 affectione
598 3097 724 3139 ponunt
735 3107 750 3137 ‚⁴
762 3103 848 3128 nunc
863 3103 920 3136 pro
943 3092 1067 3135 patibili
1084 3092 1239 3134 qualitate

179 3160 215 3190 et
237 3157 480 3198 perturbatione
496 3157 616 3191 habent
628 3181 637 3197 ,
661 3155 798 3196 ideoque
817 3153 923 3186 dicere
942 3152 1036 3193 licet,
1058 3160 1114 3184 eos
1126 3153 1238 3192 quate·

181 3225 247 3249 nus
270 3216 462 3258 participata
476 3224 526 3248 res
542 3216 584 3248 sit
599 3215 745 3248 habitum
765 3221 918 3252 vocasse,
943 3213 1104 3254 quatenus
1126 3210 1238 3244 afferat

183 3275 455 3317 perturbationem
465 3299 474 3315 ,
489 3275 653 3316 patibilem
667 3273 855 3316 qualitatem
872 3272 934 3305 hoc
948 3280 1055 3305 rerum
1072 3279 1170 3312 genus
1183 3279 1238 3303 no-

183 3336 341 3375 minasse,
362 3334 450 3376 quod
468 3335 500 3367 in
518 3334 725 3367 stabilitatem
742 3334 774 3367 et
790 3332 1005 3367 constantiam
1022 3330 1185 3363 convenit.

222 3397 280 3429 IX.
302 3395 432 3429 Etenim
455 3394 582 3427 modica
597 3394 697 3427 animi
713 3393 889 3427 commotio
906 3390 1107 3434 perturbatio
1127 3389 1237 3432 appel-

182 3455 245 3488 lala
265 3457 332 3496 est,
350 3457 450 3496 utque
469 3453 540 3495 ejus
557 3453 652 3495 culpa
675 3454 731 3496 qui
748 3452 861 3486 caloris
884 3452 1042 3494 particeps
1064 3453 1134 3491 est,
1150 3450 1239 3482 calor

182 3514 210 3546 in
229 3515 373 3547 habitum
395 3514 484 3547 abire
503 3513 605 3556 possit
623 3526 631 3546 :
655 3514 699 3546 ita
721 3513 761 3546 ab
788 3522 826 3546 eo
854 3511 909 3554 qui
931 3512 1111 3544 commotus
1128 3509 1236 3542 animo

1277 372 1300 420 ἢ
1319 373 1449 416 πάθους
1470 371 1617 422 δύναμις
1636 371 1798 423 λέγεται,
1820 365 1889 409 οἷον
1906 371 1963 410 ἐπὶ
1983 374 2045 410 τοῦ
2067 372 2234 424 βρέφους,
2253 371 2337 409 ὅταν

1277 432 1365 485 λέγῃ
1383 448 1434 477 τις
1453 431 1470 454 ‘¹
1493 430 1639 483 δυνάμει
1660 431 1824 484 δρομικόν
1845 432 1931 478 ε’στι,
1961 431 2108 481 δυνάμει
2131 430 2336 485 φφλόσοφον,

1277 492 1338 532 καὶ
1372 493 1493 536 ἁπλῶς
1519 489 1603 530 ὅταν
1646 490 1725 544 ἄρτι
1764 489 1827 540 μὲν
1856 490 1920 528 οὐκ
1948 489 2012 542 ἔχῃ
2048 495 2063 513 ²
2095 490 2134 529 τὸ
2170 489 2339 530 δύνασθαι

1279 554 1441 605 ἐνεργεῖν,
1473 550 1647 605 περιόδοις
1667 550 1704 589 δὲ
1722 550 1734 575 ¹
1752 552 1926 603 χρονικοῖς
1953 551 2179 603 ἐνδεχόμενον
2204 550 2342 603 ἐγγενέ-

1280 609 1361 644 σθαι
1379 605 1418 644 τὸ
1433 605 1615 646 δύνασθαι.
1672 603 1866 655 Ἀδυναμία
1882 607 1900 634 ⁸
1919 603 1954 643 δὲ
1972 602 2055 643 ὅταν
2075 605 2300 647 ἀνεπίδεκτος
2321 605 2342 642 ἁ

1278 665 1378 719 φύσις
1398 660 1421 718 ᾖ
1438 664 1455 687 ¹¹
1472 665 1530 705 ἐπὶ
1558 667 1608 717 τῷ
1637 664 1715 703 τινά
1742 679 1828 704 ποτε
1854 663 2030 717 ἐνέργειαν
2055 665 2339 717 παραδέξασθαι,

1278 719 1348 765 οἷον
1369 725 1542 778 ἀνθρώπῳ
1574 724 1613 763 τὸ
1636 727 1836 763 ἀναπτᾶναι
1865 722 2050 775 ἀδύνατον,
2080 720 2141 762 καὶ
2169 723 2268 777 ἵππῳ
2301 723 2341 761 τὸ

1279 786 1449 836 ὁμιλέειν,
1479 784 1540 824 καὶ
1567 785 1660 838 ἀετῷ
1687 782 1852 836 βιοτεύειν
1877 783 1912 821 ἐν
1941 782 2063 832 ὕδατι,
2095 782 2118 830 ἢ
2150 783 2216 823 ὅσα
2249 783 2343 821 κατὰ

1280 844 1381 897 φύσιν
1402 843 1570 883 ἀδύνατα.
1628 844 1764 895 Σχῆμα
1781 841 1817 881 δὲ
1835 841 1976 895 λέγεται
1991 845 2013 889 ἡ
2035 842 2150 882 τοιάδε
2167 840 2343 881 διατύπω-

1280 919 1333 948 σις
1364 903 1424 941 καὶ
1458 902 1659 946 διάπλασις·
1683 902 1802 955 μορφὰ
1824 901 1859 941 δὲ
1880 905 1902 949 ἡ
1933 901 2054 947 ἔξωθεν
2087 901 2341 955 ἐπιφαινομένη

1282 962 1426 1011 ποιότης
1447 963 1485 1001 ἐκ
1515 962 1705 1015 χρώματος
1724 961 1784 1000 καὶ
1809 961 2048 1016 διαμόρφωσις
2067 961 2091 1009 ἢ
2112 964 2134 1009 ἢ
2166 960 2344 999 ἐπιπολά-

1281 1024 1387 1068 ζουσα
1402 1020 1557 1075 εὔχροια,
1573 1020 1595 1068 ἢ
1613 1021 1674 1060 καὶ
1692 1024 1714 1069 ἡ
1730 1021 1930 1061 τούναντίον
1946 1021 2129 1074 δύσχροια,
2144 1021 2206 1060 καὶ
2223 1021 2345 1064 ἅπλῶς

1282 1085 1303 1129 ἡ
1328 1082 1441 1121 τοιάδε
1459 1098 1511 1126 τις
1532 1081 1772 1122 ἐπιὸάλλουσα
1791 1083 1834 1134 τῇ
1858 1081 1934 1136 ὄψει
1954 1083 2016 1128 τῆς
2036 1079 2237 1135 ἐπιφανείας
2258 1094 2344 1131 μορ·

1283 1142 1342 1195 φοί.
1372 1144 1420 1181 Οἱ
1435 1141 1520 1180 δὲτὸ
1538 1141 1602 1193 μὲν
1613 1143 1738 1194 σχῆμα
1758 1141 1815 1179 ἐπὶ
1833 1142 1901 1180 τῶν
1920 1141 2067 1194 ἀψύχων
2088 1139 2267 1187 διέλαὸον,
2280 1138 2343 1178 τὰν

1283 1201 1319 1239 δὲ
1350 1199 1487 1254 μορφὰν
1510 1200 1568 1238 ἐπὶ
1594 1202 1663 1238 τῶν
1692 1199 1875 1253 ἐμψύχων.
1933 1201 1980 1239 Οἱ
2007 1198 2043 1238 δὲ
2070 1193 2195 1238 ε’ῗτιόνί
2219 1204 2345 1250 σχᾶμα

1285 1260 1348 1310 μὲν
1375 1261 1414 1299 τὸ
1433 1263 1570 1312 χωροῦν
1590 1258 1607 1282 ¹¹
1627 1259 1683 1298 διὰ
1708 1259 1852 1311 βάθους,
1874 1258 2013 1312 μορφὰν
2033 1258 2069 1298 δὲ
2090 1257 2152 1306 τὴν
2176 1257 2208 1302 ἐξ
2226 1259 2347 1296 ἐπιπο·

1284 1323 1347 1366 λῆς
1375 1320 1597 1372 ἐπιφάνειαν,
1619 1319 1700 1372 περὶ
1721 1312 1767 1358 ὧν
1790 1318 2036 1370 μεμαθήκατε.

1342 1377 1506 1430 (Scripsi
1530 1393 1539 1416 τ
1561 1383 1577 1402 ⁸
1594 1379 1707 1426 ὥστε;
1730 1379 1847 1418 codd.
1869 1378 1916 1423 ὥς
1931 1394 1984 1418 τε.
2008 1376 2025 1401 ¹³
2044 1377 2154 1420 οὕτως
2174 1376 2243 1415 ἀπὸ
2262 1378 2344 1422 τοῧ;

1286 1437 1401 1477 codd.
1419 1437 1489 1475 ἀπὸ
1505 1435 1541 1475 δὲ
1557 1440 1630 1476 τοῦ.
1651 1441 1667 1459 ‘³
1682 1436 1955 1486 ἀλλοιωθέντος;
1974 1437 2092 1476 codd.
2110 1437 2344 1480 ἀλλοιοῦντος.

1286 1497 1398 1550 αλέγῃ
1416 1510 1490 1542 τιςς
1511 1496 1626 1535 codd.
1644 1495 1744 1547 λέγῃ.
1761 1500 1777 1518 ⁶
1789 1496 1877 1548 ἔχῃς
1907 1497 2020 1536 codd.
2040 1495 2127 1548 ἔχει.
2146 1496 2158 1520 ¹
2175 1495 2347 1547 περιόδοις

1288 1557 1323 1594 δὲ
1352 1556 1546 1608 χρονικοῖς;
1570 1554 1664 1594 libri
1694 1554 1859 1606 παρόδοις
1891 1559 2079 1607 χρονικοῖς.
2098 1558 2115 1583 ⁸
2145 1553 2346 1604 ἀδυναμίας

1289 1616 1383 1654 libri
1404 1616 1427 1654 ἁ
1455 1614 1620 1665 δυναμία.
1646 1609 1664 1634 ¹¹
1687 1608 1733 1667 ᾗ
1753 1613 1848 1652 libri
1876 1614 1911 1654 ἁ.
1929 1607 1938 1632 ¹
1954 1606 2066 1661 εἷπονς
2096 1613 2193 1651 libri
2221 1613 2345 1652 εἰπεῖν.

1290 1674 1305 1696 ¹⁴
1323 1677 1476 1727 χωροῧν;
1495 1673 1610 1714 codd.
1630 1673 1837 1726 ἐγχωροῦν.)

1395 1790 1564 1829 ΛΟΓΟΣ
1593 1789 1866 1829 ΤΕΤΑΡΤΟΣ
1893 1789 1927 1828 T
1930 1788 1997 1828 ΟΥ
2024 1788 2161 1827 ΠΡΟΣ
2190 1788 2255 1828 Ti.

1346 1911 1382 1949 ι’.
1414 1912 1495 1950 Τῶν
1512 1910 1598 1963 πρός
1616 1926 1651 1949 τι
1667 1910 1894 1963 γενικώτερον
1915 1913 1937 1957 ἡ
1956 1913 1972 1931 ²
1987 1908 2151 1963 διαίρεσις
2167 1910 2348 1961 τετραχῶς

1291 1969 1500 2023 διαιρέεται,
1521 1969 1644 2023 φύσει,
1668 1972 1776 2022 τέχνᾳ
1789 2000 1799 2017 ,
1822 1969 1913 2021 τύχᾳ
1931 1968 1991 2007 καὶ
2011 1967 2230 2020 προαιρέσει·
2250 1967 2350 2020 φύσει

1291 2029 1355 2081 μὲν
1375 2031 1422 2073 ὡς
1438 2029 1557 2082 πατὴρ
1577 2028 1662 2082 πρὸς
1678 2029 1734 2068 τὸν
1750 2028 1836 2078 υἱόν,
1853 2028 1961 2082 τέχνα
1978 2027 2013 2067 δὲ
2027 2030 2076 2071 ὥς
2090 2026 2251 2079 μαθητὴς
2268 2027 2352 2079 πρὸς

1726 2175 1871 2182 --.-

1296 2275 1348 2307 est
1374 2272 1518 2314 patibilis
1544 2271 1684 2312 qualitas
1709 2269 1760 2302 vel
1793 2267 2041 2310 perturbationis
2071 2266 2207 2299 facultas
2235 2274 2352 2298 nomeu

1296 2336 1479 2372 mutuatur,
1509 2330 1599 2364 velut
1623 2338 1727 2370 quum
1753 2328 1826 2370 quis
1849 2328 2004 2360 infantem
2027 2335 2120 2358 cursu
2150 2326 2256 2357 valere
2275 2323 2354 2356 dicit

1294 2393 1345 2425 vel
1375 2391 1528 2424 facultate
1559 2389 1786 2431 philosophum
1807 2396 1894 2427 esse,
1914 2385 2110 2427 omninoque
2139 2394 2241 2425 quum
2267 2394 2354 2416 nunc

1295 2454 1427 2496 quidem
1445 2461 1510 2485 non
1526 2452 1624 2484 habet
1639 2449 1752 2492 agendi
1775 2449 1980 2487 facultatem,
1997 2447 2066 2480 fieri
2090 2449 2199 2479 autem
2223 2447 2350 2487 potest,

1297 2516 1334 2546 ut
1361 2512 1458 2544 certis
1477 2496 1660 2552 temporum
1690 2508 1858 2542 curriculis
1887 2507 2023 2540 facultas
2052 2505 2106 2538 illa
2128 2506 2157 2538 ei
2177 2505 2352 2546 contingat.

1297 2572 1506 2606 imbecillitas
1534 2579 1609 2602 vero
1633 2570 1705 2609 est,
1722 2577 1824 2609 quum
1848 2568 1964 2599 natura
1981 2565 2021 2598 ab
2047 2565 2190 2598 efficacia
2216 2566 2355 2606 quadam

1296 2631 1466 2674 aliquando
1488 2631 1657 2668 abhorret,
1680 2629 1767 2662 velut
1787 2636 1893 2669 neque
1910 2625 2034 2660 liomini
2059 2625 2231 2658 subvolare
2259 2624 2354 2663 licet,

1298 2700 1404 2734 neque
1420 2699 1503 2732 equo
1525 2689 1629 2730 loqui,
1649 2696 1756 2728 neque
1771 2687 1889 2728 aquilae
1904 2686 1938 2719 in
1952 2695 2035 2728 aqua
2055 2686 2183 2725 vivere,
2197 2684 2250 2716 vel
2267 2692 2357 2725 qum-

1297 2760 1424 2792 cunque
1446 2752 1570 2783 naturae
1592 2749 1782 2790 repugnant.
1826 2747 1944 2788 Figura
1966 2755 2063 2788 porro
2086 2745 2266 2787 appellatur
2285 2745 2357 2776 talis

1298 2811 1511 2844 conformatio
1529 2812 1561 2843 et
1593 2809 1690 2842 facies
1717 2821 1725 2841 ε
1753 2808 1856 2840 forma
1882 2809 1991 2841 autem
2015 2809 2146 2840 externa
2179 2805 2317 2845 qualitas
2339 2814 2357 2836 e

1298 2872 1404 2905 colore
1423 2873 1494 2904 orta
1509 2872 1540 2904 et
1551 2870 1672 2910 effigies
1688 2869 1740 2902 vel
1752 2869 1896 2902 eminens
1909 2867 2026 2900 coloris
2039 2867 2107 2899 sive
2124 2865 2266 2898 suavitas
2287 2864 2357 2896 sive

1298 2941 1316 2964 e
1333 2931 1492 2964 contrario
1521 2930 1718 2970 insuavitas,
1740 2928 1937 2970 omninoque
1969 2925 2155 2968 hujusmodi
2179 2925 2211 2956 in
2243 2924 2356 2956 oculos

1300 2991 1469 3023 incurrens
1497 2990 1563 3022 oris
1593 2989 1725 3031 species.
1770 2987 1910 3026 Quidam
1940 2986 2077 3027 figuram
2099 2984 2139 3017 de
2171 2983 2358 3016 inanimatis

1299 3050 1362 3083 dici
1386 3050 1591 3090 statuerunt,
1613 3049 1748 3081 formam
1766 3047 1806 3081 de
1825 3046 1986 3079 animatis.
2031 3043 2093 3076 Alii
2108 3043 2262 3075 vocarunt
2278 3042 2357 3082 figu-

1300 3120 1368 3143 ram
1394 3110 1526 3152 quidem
1543 3110 1575 3142 id
1599 3108 1690 3151 quod
1707 3109 1802 3141 altius
1820 3109 1982 3149 penetrat,
2004 3105 2140 3136 formam
2171 3111 2247 3134 vero
2274 3101 2355 3134 emi-

1299 3174 1431 3203 nentem
1453 3170 1519 3202 oris
1542 3169 1681 3211 speciem
1695 3193 1704 3210 ‚
1727 3168 1767 3201 de
1781 3167 1898 3209 quibus
1914 3164 2091 3198 audivistis.

1343 3275 1515 3312 QUARTA
1537 3273 1751 3306 DEFlNlTIO
1774 3267 2024 3303 RELATlole
2049 3266 2104 3297 AD
2125 3264 2312 3300 ALIQUID.

1341 3388 1382 3419 X.
1406 3388 1469 3419 Res
1482 3386 1522 3419 ad
1538 3386 1657 3428 aliquid
1668 3385 1776 3418 relatae
1785 3381 1960 3425 generatim
1971 3377 2198 3422 quadrifariam
2209 3374 2356 3408 dividun-

1299 3451 1365 3488 tur,
1376 3451 1506 3488 natura,
1517 3448 1597 3486 arte,
1608 3447 1736 3478 fortuna
1743 3446 1775 3477 et
1784 3441 1919 3476 consilio
1932 3454 1940 3474 ε
1956 3443 2071 3473 natura
2080 3437 2210 3479 quidem
2223 3436 2257 3467 nt
2269 3437 2357 3476 pater

1298 3507 1337 3539 ad
1366 3508 1467 3539 tilium
1487 3507 1711 3547 comparatus,
1733 3505 1800 3536 arto
1823 3511 1900 3535 vero
1929 3502 1965 3533 ut
1990 3497 2165 3534 discipulus
2193 3495 2231 3527 ad
2256 3493 2356 3534 magi·
