2612 3814
1070 278 1228 319 ORPHl
1233 280 1314 321 CA

183 364 450 419 δημιουργίας’
431 381 497 419 εχῃ
517 364 580 411 τὰς
599 365 703 405 οἱονεὶ
721 366 860 419 πηγάς·
886 383 947 406 και
969 369 1004 407 ἐν
1032 370 1084 407 τῶ
1105 367 1165 408 Διὶ

183 425 246 474 τὴν
261 424 610 501 παραδειγματικήν.
637 426 786 466 Addidi
813 428 861 465 ad
891 442 1044 467 versum
1072 444 1165 481 sup-

179 487 397 538 plendum:
417 489 457 533 ἠν
476 483 512 524 δὲ
528 484 687 537 Φάνης.)

179 556 253 598 Καὶ
284 558 401 603 Μῆτις
431 556 569 610 πρῶτος
605 554 776 609 γενέτωρ,
806 554 868 595 καὶ
901 553 1022 611 Ἔρως
1055 558 1164 596 πολυ·

1002 616 1161 673 [τερπής.

233 688 404 741 (Proclus
419 690 447 728 1.
467 702 502 726 c.
523 700 533 728 z
550 689 668 736 Μῆτις
687 687 757 741 γὰρ
777 682 822 728 αῧ
842 688 902 727 καὶ
923 683 1022 734 οῧτός
1050 690 1160 737 ἐστιν,

177 746 226 794 ὥς
239 763 325 801 φησι
340 746 411 787 Καὶ
428 750 543 795 mn<
553 750 690 801 πρῶτος
701 748 779 787 κτλ.
791 747 904 793 Αὐτός
915 764 951 787 τε
964 750 981 787 6
994 748 1162 792 Διόνυσος

177 804 239 844 καὶ
260 805 386 853 Φάνης
406 807 466 845 καὶ
484 806 714 859 Ἠρικεπαῖος
746 809 900 860 συνεχῶς
933 806 1156 857 ὀνομάζεται.

177 866 236 905 Cf.
259 866 393 919 fragm.
416 869 480 914 VI,
502 868 578 917 20.)

175 938 245 985 ιῺς
260 940 338 979 τότε
356 940 590 994 πρωτογόνοιο
609 940 729 995 χανὼν
748 941 850 992 μένος
867 941 1100 994 Ἦρικεπαίου

181 1000 251 1037 τῶν
291 999 434 1040 πάντων
472 1016 511 1053 γε
546 1000 655 1052 δέμας
693 999 780 1046 Ζευς
815 994 882 1054 εἶχ’
915 1001 965 1040 ἐνὶ
1011 1001 1159 1056 γαστέρι

1016 1058 1132 1116 [κοίλῃ
1145 1093 1155 1111 ,

175 1117 251 1169 μῖξε
267 1119 298 1158 δ’
316 1120 383 1162 ἑοῖς
405 1118 569 1171 μελέεσσι
586 1122 665 1159 θεοῦ
682 1118 829 1171 δύναμίν
849 1135 887 1158 τε
908 1118 969 1159 καὶ
990 1121 1118 1169 ἀλκήν.

174 1178 323 1219 τοῦνεκα
344 1178 406 1217 σὺν
425 1181 475 1233 τῷ
495 1179 602 1219 παντὶ
618 1178 700 1224 Διὸς
717 1179 823 1219 πάλιν
838 1178 938 1230 Ιἐντὸς
957 1180 1102 1234 ἐτύχθη.

227 1256 435 1309 (Proclus
424 1271 465 1293 m
495 1256 594 1297 Plat.
615 1258 715 1297 Tim.
744 1259 781 1298 ΙΙ
806 1272 849 1309 p.
878 1272 930 1310 99
963 1261 1028 1300 A:
1046 1257 1157 1300 Ἔστι

173 1315 242 1368 γάρ
254 1346 264 1365 ,
287 1317 317 1354 εἷ
335 1314 405 1368 χρὴ
423 1316 614 1370 διαῤῥηδην
628 1315 674 1356 τὰ
689 1321 750 1356 τοῦ
770 1317 1010 1371 καθηγεμόνος
1025 1319 1088 1358 λε’«ι
1067 1335 1155 1393 γειν,

174 1372 198 1415 6
198 1373 312 1445 ωπαρὰ
330 1377 381 1428 τῷ
397 1374 524 1430 Ὀρφεῖ
538 1376 758 1430 πρωτόγονος
778 1376 868 1426 θεός,
884 1378 976 1418 κατὰ
991 1378 1029 1418 τὸ
1045 1379 1156 1434 πέρας

173 1436 243 1475 τῶν
263 1437 398 1482 νοητῶν
419 1434 601 1487 ἱδρυμένος
628 1435 726 1490 παρὰ
747 1453 798 1490 τῳ
823 1436 993 1477 Πλάτωνι
1013 1440 1063 1477 τῶ
1091 1441 1157 1477 αὐ-

171 1493 292 1548 τοζώῳ
314 1497 402 1546 (leg.
424 1494 465 1533 τὸ
495 1497 700 1549 αὐτόζωον).
729 1497 793 1536 Διὸ
821 1496 882 1536 καὶ
908 1498 1048 1538 αἰώνιόν
1083 1501 1156 1540 ε’στι

173 1553 234 1593 καὶ
254 1555 326 1593 τῶν
351 1554 548 1606 νοουμένων
571 1555 772 1596 κάλλιστον·
795 1558 855 1596 καὶ
881 1557 983 1598 τοῦτό
1005 1559 1098 1598 ε’στιν
1123 1561 1156 1598 ἐν

171 1618 305 1661 νοητοῖς
332 1612 418 1667 ὅπερ
440 1617 458 1653 6
481 1612 602 1659 Ζευς’
587 1631 622 1654 εν
640 1621 781 1669 νοεροῖς.
798 1615 919 1671 Πέρας
937 1616 972 1655 δὲ
993 1617 1094 1656 ἑκάτε
1080 1634 1156 1673 ερος

170 1673 282 1712 τῶνδε
301 1675 370 1712 τῶι
389 1672 482 1719 ’τάξε
477 1690 537 1713 nv.
563 1675 636 1714 Καὶ
656 1677 674 1713 6
695 1674 756 1727 μὲν
778 1678 846 1714 τῶν
871 1678 1156 1731 παραδειγματι-

172 1734 244 1771 κῶν
269 1733 335 1770 αἷτ
331 1730 390 1776 ’ων
410 1748 449 1771 το
469 1731 683 1785 πρώτιστον,
705 1736 724 1772 6
744 1733 780 1772 δὲ
798 1736 867 1774 τῶν
895 1735 1155 1788 δημιουργικῶν

171 1791 212 1831 τὸ
241 1792 541 1844 μοναδικώτατον.
561 1793 625 1833 Διὸ
653 1793 713 1832 καὶ
743 1795 882 1834 ἑνοῦται
908 1795 996 1850 πρὸς
1024 1798 1155 1836 ἐκεῖνον

172 1853 191 1890 6
224 1850 311 1897 Ζευς
342 1850 401 1891 διὰ
437 1853 546 1903 μέσης
575 1856 637 1901 τῆς
675 1854 832 1907 Νυκτός,
863 1855 925 1894 καὶ
945 1856 1156 1929 πληρωθεις

171 1912 300 1951 ἐκεῖθεν
330 1911 489 1963 γίγνεται
520 1911 650 1965 κόσμος
680 1913 824 1964 νοητός,
859 1917 906 1959 ὥς
939 1915 974 1954 ἐν
1005 1922 1151 1969 νοεροῖς.

169 1969 238 2015 Ὣς
265 1969 345 2009 τότε
379 1970 616 2034 πρωτογόνοιο
647 1971 755 2024 χανὸν
789 1989 830 2023 με
823 1971 890 2017 ’νος
918 1973 1155 2027 Ἠρικεπαίου

169 2031 239 2069 τῶν
260 2029 402 2069 πάντων
424 2030 532 2082 δέμας
548 2035 642 2083 εἶχεν
659 2034 733 2084 ἑῇ’
718 2047 769 2069 ενι
785 2030 930 2099 γαστέρι
950 2033 1050 2086 κοίλῃ
1072 2037 1152 2075 κτλ.

172 2091 317 2128 Mutavi
343 2091 424 2129 hac
452 2104 472 2128 e
501 2091 689 2128 Lobeckii
710 2091 935 2140 conjectura
961 2095 1154 2145 Aglaoph.

169 2164 208 2201 p.
231 2156 321 2202 479,
348 2152 420 2188 nisi
443 2151 551 2201 quod
578 2153 618 2188 in
636 2153 806 2189 secundo
838 2165 951 2190 versu
980 2168 1061 2191 non
1085 2158 1154 2194 τῶν

169 2209 310 2249 πάντων
327 2226 365 2249 τε
379 2240 389 2259 ,
410 2212 478 2249 sed
497 2212 566 2250 τῶν
588 2209 731 2249 πάντων
748 2226 788 2264 γε
809 2214 977 2263 scripsi.)

171 2281 243 2322 Συν
265 2281 302 2320 δὲ
320 2281 448 2330 Φάνης
468 2280 580 2329 ἄλλην
601 2281 724 2333 γενεὴν
740 2281 942 2322 τεκνώσατο
957 2282 1073 2331 δεινὴν

169 2339 295 2388 νηδύος
315 2340 349 2386 ἐξ
368 2343 484 2395 ἱερης,
500 2342 678 2395 προσιδεῖν
697 2341 902 2395 φοὸερωπὸν
917 2342 1072 2396 ἔχιδναν,

169 2393 210 2447 ἡς
228 2405 374 2453 χαῖται
368 2400 467 2439 μὲν
449 2401 518 2440 απὸ
532 2402 659 2455 κρατὸς
673 2401 781 2441 καλόν
802 2418 839 2441 τε
855 2401 1045 2456 πρόσωπον

113 2472 147 2499 lo
164 2463 206 2507 ἠν
225 2461 365 2510 ἐσιδεῖν,
383 2459 427 2498 τὰ
446 2459 481 2499 δὲ
497 2460 606 2501 λοιπὰ
621 2461 712 2515 μέρη
728 2461 888 2516 φοὸεροῖο
905 2463 1093 2516 δράκοντος

172 2518 318 2572 αὐχένος
339 2518 416 2564 ἐξ”
393 2536 514 2573 ακρου.

228 2589 427 2646 (Athenag.
450 2595 618 2644 ApoLp.
642 2607 690 2642 7²
718 2609 726 2631 z
747 2592 880 2639 Καὶτίς
899 2593 941 2632 ἂν
973 2593 1153 2649 ἄνθρωπος

172 2649 375 2703 κεκριμένος
394 2650 455 2689 καὶ
478 2653 513 2690 ἓν
534 2651 661 2705 θεωρίᾳ
681 2651 831 2704 γεγονὼς
851 2653 918 2691 ὑπὸ
939 2656 1016 2692 θεοῦ
1033 2671 1154 2706 γεννη-

173 2712 276 2757 θηναι
295 2711 483 2750 πιστεύσαι
509 2710 670 2764 ἔχιδναν;
688 2711 863 2765 Ὀρφευς,
886 2711 942 2751 Ἀν
973 2713 1008 2751 δὲ
1029 2713 1155 2761 Φάνης

173 2770 284 2819 αλλην
312 2787 388 2823 γεεν
374 2771 434 2818 εὴν
453 2774 532 2811 κτλ.
558 2789 581 2819 η
610 2771 713 2810 αὐτὸν
739 2788 798 2810 τον
819 2772 973 2820 Φάνητα
995 2770 1153 2823 δέξαιτο,

173 2828 247 2869 θεὸν
275 2829 359 2869 ὄντα
388 2830 608 2883 πρωτόγονον
644 2825 756 2883 (οὗτος
783 2830 895 2885 γάρε
881 2832 974 2871 ε’στιν
995 2834 1012 2870 6
1033 2833 1072 2870 ἐκ
1093 2835 1153 2870 τοῦ

172 2889 243 2928 ὧοῦ
260 2891 459 2944 προχυθεὶς)
475 2891 497 2938 ἢ
515 2893 620 2944 σῶμα
642 2890 664 2939 ἢ
684 2907 809 2945 σχημα
831 2891 923 2944 ἔχειν
942 2892 1148 2945 δράκοντος·
1140 2922 1150 2940 ,

1243 1896 1276 1923 15

2213 298 2284 335 171

1307 368 1330 417 ἢ
1350 373 1630 419 καταποθηναι(
1617 371 1684 412 υπὸ
1701 376 1760 412 τοῦ
1775 374 1859 420 Διός
1871 407 1880 423 ‚
1900 377 1994 421 ὅπως
2014 380 2031 416 6
2047 378 2172 425 Ζευς’
2153 398 2174 420 α
2177 398 2295 435 χωρη-

1308 444 1366 475 τος
1385 429 1543 482 γένοιτο,·
1559 453 1611 460 -
1628 435 1693 473 Vs.
1719 448 1739 482 7
1763 448 1837 484 pro
1862 436 1902 472 ἀν
1925 435 1961 474 δε
1982 438 2107 486 Φάνης
2132 451 2294 491 apparet

1307 491 1512 541 legendum
1528 505 1605 530 esse
1622 489 1684 530 συν
1703 491 1738 530 δὲ
1758 492 1913 545 Φάνης.)

1308 561 1427 607 Μῆτιν
1463 560 1608 615 σπέρμα
1645 561 1795 615 φέροντα
1831 567 1940 616 θεῶν,
1976 566 2103 606 κλυτὸν
2138 569 2293 623 Ἤρικε-

2157 627 2290 683 [παῖον.

1362 693 1568 745 (Procius
1556 709 1598 733 m
1617 697 1716 735 Tim.
1742 699 1838 748 IIp.
1866 699 1937 746 137
1955 701 2023 737 B:
2043 699 2244 746 Εἰκότως”
2222 719 2291 756 αρα

1305 752 1366 793 καὶ
1379 756 1397 793 6
1408 753 1569 806 θεολόγος
1582 753 1687 806 μόνον
1702 756 1855 810 παράγει
1871 756 1929 796 τὸν
1945 759 2099 809 Φάνητα
2116 779 2131 796 «
2146 762 2290 816 σπέρμα

1304 814 1454 867 φέροντα
1476 817 1563 854 θεῶν
1583 815 1708 855 κλυτὸν
1726 836 1742 851 ³»
1760 817 1832 857 ἀπὸ
1849 822 1910 857 τοῦ
1925 819 2081 873 κρυφίως
2097 821 2193 868 ὄντος
2212 826 2291 864 θεοῦ

1303 873 1348 912 τὰ
1376 875 1512 924 πάντα,
1537 875 1598 915 καὶ
1632 876 1703 915 ἀπὸ
1732 876 1855 917 τούτου
1887 878 2003 924 πάσας
2029 881 2196 935 ὑφίστησι
2227 883 2290 928 τὰς

1303 934 1466 989 δευτέρας
1481 934 1596 981 τάξεις
1611 938 1681 975 τῶν
1704 939 1807 976 θεῶν.
1825 941 1872 976 Et
1887 941 2005 989 paulo
2027 950 2149 992 post·
2174 945 2292 983 Καλεῖ

1304 992 1340 1033 δὲ
1360 992 1455 1046 ὅμως
1474 994 1579 1035 αὐτὸν
1603 996 1794 1048 εὐδαίμονα
1807 998 1985 1051 ,σεμνόν,
2005 1002 2069 1047 Mt
2071 1017 2126 1040 τιν
2144 1001 2287 1056 σπέρμα

1302 1053 1453 1107 φέροντα
1474 1057 1560 1094 θεῶν
1585 1056 1726 1097 κλυτόν.
1757 1060 1817 1096 Ita
1847 1061 2067 1099 emendavit
2094 1062 2290 1113 Bentlejus

1302 1116 1423 1164 Epist.
1447 1116 1497 1153 ad
1515 1117 1609 1156 Mill.
1630 1118 1670 1154 in
1688 1119 1830 1167 Opusc.
1852 1120 1949 1168 phil.
1969 1133 2009 1169 p.
2037 1119 2128 1170 455,
2149 1126 2290 1161 sanatis

1300 1187 1479 1225 magnam
1505 1184 1655 1226 partem
1685 1179 1799 1214 etiam
1826 1180 2018 1217 Damascii
2036 1181 2162 1219 verbis
2184 1195 2193 1219 :
2215 1181 2288 1221 Καὶ

1301 1231 1452 1287 Ὀρφεὺς
1476 1234 1534 1273 τὸν
1571 1233 1814 1286 πολυτίμητον
1844 1239 1967 1275 τοῦτον
2000 1237 2076 1277 θεὸν
2112 1240 2287 1293 ἀνεφημεῖ

1305 1294 1390 1345 (leg.
1414 1295 1588 1348 οἷνυμνεῒ)·
1609 1297 1726 1344 Μῆτιν
1748 1294 1892 1349 σπέρμα
1918 1295 2067 1350 φέροντα
2089 1300 2176 1339 θεῶν
2195 1301 2286 1339 κλυ-

1299 1352 1358 1393 τὸν
1377 1353 1622 1407 Ἥρικεπαῖον.
1643 1357 1761 1406 Apud
1779 1359 1958 1395 proclum
1980 1360 2101 1398 altero
2121 1361 2210 1398 loco
2230 1363 2284 1399 le·

1299 1415 1464 1465 gebatur
1481 1414 1574 1466 θεόν,
1596 1418 1716 1455 altero
1735 1415 1839 1468 μήτις
1856 1425 1893 1455 et
1909 1418 2062 1467 κλυτῶν,
2088 1421 2193 1471 apud
2210 1423 2288 1459 Da-

1298 1477 1486 1513 mascium
1504 1491 1744 1529 ανευφησαιμι
1754 1492 1812 1516 τον
1825 1475 1970 1531 σπέρμα
1986 1478 2137 1534 φέροντα
2151 1483 2236 1519 θεῶν
2251 1483 2284 1520 κ’

1299 1533 1401 1573 αὐτὸν
1421 1537 1629 1588 ἠρικεποῖῡν
1646 1536 1658 1588 )

1298 1610 1344 1651 ‘H
1366 1610 1402 1650 δὲ
1423 1611 1531 1651 πάλιν
1549 1612 1660 1652 Ιαῗάν
1680 1628 1716 1651 τε
1737 1613 1798 1652 καὶ
1818 1613 1980 1667 Οὐρανὸν
2002 1614 2103 1668 εὐρὺν
2121 1615 2251 1657 ἔτικτε,

1356 1689 1532 1741 (Proclus
1552 1691 1592 1726 in
1610 1691 1708 1729 Tim.
1728 1692 1767 1728 II
1786 1705 1828 1741 p.
1857 1692 1928 1739 137
1950 1694 1978 1729 B
1997 1705 2008 1731 :
2033 1692 2195 1745 Οὐρανὸς
2218 1693 2283 1744 μὲν

1299 1746 1368 1801 γὰρ
1392 1747 1481 1799 μετὰ
1498 1750 1561 1795 τ’ἦς
1581 1749 1652 1796 Γῆς
1672 1749 1843 1802 πρόεισιν·
1862 1752 1883 1798 ἡ
1905 1749 1942 1789 δὲ
1964 1750 2072 1790 πάλιν
2092 1751 2187 1806 κτλ.·)

1299 1822 1420 1863 Ἑπτὰ
1445 1822 1508 1874 μὲν
1531 1824 1673 1868 εὐειδεῖς
1692 1824 1840 1878 κούρας,
1859 1825 2091 1875 ἑλικώπιδας,
2118 1829 2248 1880 ἁγνάς,

1295 1883 1385 1922 ἑπτὰ
1406 1881 1443 1922 δὲ
1464 1884 1594 1928 παῖδας
1612 1884 1769 1929 ἄνακτας
1790 1884 1947 1937 εγείνατο
1968 1887 2201 1940 λαχνήεντας.

1353 1959 1578 2012 (Proclusin
1596 1962 1695 2000 Tim.
1715 1962 1743 2001 1.
1766 1975 1799 1999 c.
1823 1961 1959 2001 εΚατὰ
1978 1963 2046 2016 γὰρ
2066 1963 2131 2012 τὴν
2158 1964 2280 2019 τρίτην

1297 2018 1404 2072 γονὴν
1424 2021 1446 2066 ἡ
1469 2021 1520 2067 Γῆ
1542 2018 1746 2073 προήγαγεν
1767 2019 1858 2059 ἑπτὰ
1881 2021 1945 2074 μὲν
1962 2023 2057 2075 κτλ.)

1297 2088 1410 2133 Αὐτὸς
1428 2090 1486 2136 ἕης
1502 2087 1570 2142 γὰρ
1587 2089 1712 2134 παιδὸς
1730 2090 1892 2144 ἀφείλετο
1912 2090 2050 2144 κούριον
2067 2092 2181 2136 ἄνθος.

1356 2160 1528 2211 (Procius
1539 2162 1578 2198 in
1588 2163 1686 2201 Tim.
1707 2163 1730 2198 l.
1744 2176 1774 2200 c.
1789 2175 1799 2201 :
1814 2160 1859 2201 ‘O
1873 2161 1911 2201 δέ
1929 2178 1968 2215 γε
1986 2162 2113 2211 Φάνης
2125 2163 2229 2215 μόνος
2245 2181 2284 2204 τε

1298 2218 1468 2271 πρόεισιν,
1484 2219 1546 2258 καὶ
1559 2221 1576 2257 6
1592 2219 1695 2264 αὐτὸς
1707 2222 1911 2273 ἀνυμνεῗται
1923 2223 2029 2269 θῆλυς
2042 2222 2103 2261 καὶ
2115 2222 2282 2277 γενέτωρ,

1297 2279 1453 2330 παράγει
1474 2278 1536 2324 τὰς
1556 2279 1720 2328 Νύκτας,
1742 2281 1802 2319 καὶ
1822 2284 1865 2334 τῇ
1883 2281 1974 2334 μέσῃ
1997 2282 2155 2321 σύνεστιν
2176 2285 2194 2322 6
2212 2300 2282 2323 πα-

1297 2337 1376 2390 τήρ·
1392 2338 1494 2382 αὐτὸς
1509 2338 1577 2392 γὰρ
1594 2341 1653 2386 ἑῆς
1665 2339 1788 2383 παιδὸς
1803 2339 1966 2394 ἀφείλετο
1979 2340 2146 2394 κούριμον
2163 2342 2279 2388 ἄνθος.

1298 2400 1521 2449 Legendqm
1543 2414 1629 2437 cum
1652 2399 1822 2438 Gesnero
1846 2400 1948 2445 αὐτὸς
1969 2404 2026 2449 ἑῆς
2057 2402 2127 2456 γὰρ
2159 2404 2284 2449 παιδὸς

1298 2466 1336 2496 et
1362 2473 1450 2496 cum
1476 2460 1711 2497 Schneidero
1745 2461 1794 2498 ad
1821 2463 2038 2512 Argonaut.
2073 2476 2128 2501 vs.
2163 2464 2278 2515 1336,

1297 2516 1466 2570 κούριον.)

1295 2590 1423 2633 Ἔνθεν
1446 2592 1534 2641 ἅδην
1556 2592 1708 2647 θρώσκει
1725 2594 1858 2647 γένεσις
1878 2597 2131 2639 πολυποικίλου
2154 2598 2259 2649 ὕλης,

1299 2652 1393 2693 ἔνθεν
1415 2653 1603 2707 συρόμενος
1620 2655 1804 2708 πρηστήρ,
1821 2658 1979 2711 ἀμυδροῦ
1997 2674 2105 2713 πυρος
2127 2659 2245 2709 ἄνθος,

1299 2712 1442 2764 κόσμων
1464 2711 1669 2767 ἐνθρωσκων
1689 2714 1903 2766 κοιλωμασι.
1927 2716 2045 2756 πάντα
2061 2717 2130 2771 γὰρ
2149 2718 2242 2758 ἔνθεν

1242 2785 1277 2811 20
1298 2771 1446 2825 ἄρχεται
1465 2773 1512 2817 Εἷς
1530 2788 1570 2811 TO
1589 2790 1687 2813 κατω
1705 2775 1828 2815 τείνειν
1850 2777 1994 2822 &X‘WUG
2014 2778 2160 2829 ἀγηῒας.

1356 2833 1529 2883 (Proclus
1554 2835 1594 2871 in
1613 2836 1711 2874 Tim.
1733 2838 1770 2873 ΙΙ
1790 2850 1830 2886 p.
1858 2837 1929 2886 137
1951 2839 1979 2877 C
1998 2852 2006 2873 τ
2033 2837 2141 2878 Οὕτω
2162 2838 2198 2877 δὲ
2219 2838 2281 2876 καὶ

1298 2889 1343 2929 τὰ
1366 2890 1469 2943 λόγια
1493 2892 1552 2932 τὸν
1577 2892 1740 2945 μέγιστον
1764 2898 1887 2934 τοῦτον
1915 2897 1990 2936 θεὸν
2016 2896 2135 2950 πηγὴν
2155 2899 2279 2949 πηγῶν

1220 3015 1292 3048 inde
1307 3024 1327 3051 a
1342 3025 1469 3050 summa
1483 3019 1610 3052 cervice
1623 3020 1727 3052 erant.
1749 3041 1791 3047 —

1218 3075 1315 3108 Metin
1327 3101 1336 3117 ,
1355 3076 1491 3110 deorum
1508 3087 1617 3112 semen
1635 3078 1791 3113 ferentem
1802 3105 1811 3121 ,
1827 3080 1951 3113 clarum
1965 3081 2179 3123 Ericepaeum.
2206 3098 2245 3105 —

1219 3137 1297 3169 Haec
1312 3137 1420 3169 autem
1436 3147 1551 3171 rursus
1568 3139 1731 3172 Tellurem
1746 3140 1938 3182 Coelumque
1951 3141 2128 3182 spatiosum
2145 3142 2278 3183 peperit.

1217 3207 1260 3213 --
1273 3190 1407 3231 Septem}
1421 3191 1551 3233 quidem
1569 3193 1692 3234 puellas
1711 3193 1885 3235 formosas,
1902 3198 2073 3236 venustas,
2090 3197 2214 3235 castas,

1218 3252 1341 3290 septem
1360 3259 1436 3283 vero
1453 3260 1592 3294 pueros,
1613 3261 1702 3293 reges
1720 3252 1878 3295 hirsutos,
1898 3254 1992 3287 enixa
2008 3255 2068 3287 est.
2087 3273 2128 3279 —

1219 3311 1290 3350 Ipse
1301 3310 1386 3342 enim
1402 3310 1474 3343 filiae
1487 3320 1556 3344 suae
1573 3311 1748 3353 puellarem
1766 3313 1879 3346 florem
1895 3313 2041 3346 abstulit.
2057 3333 2100 3341 —-

1220 3369 1297 3402 Inde
1313 3369 1437 3403 affatim
1456 3371 1580 3412 prosilit
1597 3371 1668 3404 fons
1683 3371 1892 3406 multiformis
1907 3374 2050 3406 materiae
2061 3399 2071 3414 ‚

1220 3428 1294 3462 inde
1311 3429 1430 3462 ductus
1444 3433 1581 3473 prester,
1603 3431 1733 3465 obscuri
1752 3432 1832 3474 ignis
1849 3433 1925 3475 ilos,

1221 3490 1253 3523 in
1278 3490 1474 3524 mundorum
1496 3500 1643 3524 recessus
1657 3478 1809 3525 insiliens.
1826 3494 1951 3526 Cuncta
1971 3493 2056 3526 enim
2073 3492 2146 3524 inde

1221 3550 1379 3592 incipiunt
1398 3551 1429 3583 in
1451 3552 1601 3584 inferiora
1619 3552 1823 3586 admirabiles
1845 3554 1949 3586 radios
1968 3552 2153 3586 extendere.
2174 3569 2215 3578 —-

95 3011 134 3045 Et
145 3012 243 3046 Metis
257 3014 382 3056 primus
395 3014 532 3056 genitor,
548 3018 578 3048 et
596 3017 695 3047 Amor
711 3015 860 3056 placitus,
875 3033 918 3039 --

31 3092 49 3106 -,
93 3071 145 3105 Sic
175 3073 246 3107 tum
271 3074 444 3116 postquam
473 3075 722 3117 primogenitum
752 3075 949 3117 Erieepoeum
978 3074 1076 3106 hianti
1100 3083 1155 3106 ore

1015 3133 1155 3176 [hausit,

93 3192 220 3233 Jupiter
235 3192 331 3226 etiam
352 3202 460 3226 rerum
477 3195 623 3227 omnium
641 3194 762 3236 species
779 3194 812 3226 in
829 3202 908 3227 cavo
924 3195 1015 3227 utero
1029 3193 1154 3236 habuit,

94 3250 226 3293 suisque
243 3252 397 3286 membris
412 3253 463 3286 dei
479 3252 564 3286 vires
579 3254 611 3287 et
625 3254 724 3286 robur
740 3253 923 3286 admiscuit.

94 3310 221 3344 Idcirco
234 3319 308 3344 cum
325 3312 475 3346 universo
490 3322 603 3346 rursus
620 3314 714 3347 Jovis
730 3313 857 3355 corpori
873 3313 997 3346 insunt.
1014 3333 1054 3341 -

95 3370 199 3403 Simul
215 3371 313 3404 alium
331 3372 529 3405 horrendum
548 3374 677 3415 partum
693 3373 822 3407 Phanes
839 3373 939 3406 edidit

96 3437 136 3464 ex
155 3433 246 3464 utero
262 3440 351 3463 sacro
362 3456 371 3471 ,
390 3431 562 3465 Echidnam
579 3434 711 3475 aspectu
728 3433 903 3466 terribilem
914 3455 925 3474 ‚

100 3487 195 3529 cujus
212 3498 323 3530 coma,
341 3490 455 3532 capitis
472 3490 726 3535 [ornamentum]
743 3492 940 3534 pulchraque
954 3491 1052 3523 facies

98 3549 392 3592 conspiciebantur,
410 3551 534 3593 reliqua
550 3551 697 3586 membra
710 3551 858 3585 draconis
876 3546 1084 3584 formidabilis
