2612 3814
484 437 1036 525 PRAEFATIO
1103 435 1243 523 AD
1307 434 1994 522 ARISTOTELIS

323 626 439 697 DE
497 623 928 706 MELISSQ
990 619 1567 694 XENOPHANE
1624 621 1739 690 ET
1799 619 2153 693 GORGIA

935 789 1543 852 DISPUTATIONES.

1049 960 1421 984 405——

204 1133 261 1168 Ex
275 1129 452 1167 omnibus
465 1126 702 1165 Aristoteleae
715 1123 969 1174 philosophiae
986 1134 1211 1159 monumen-

147 1193 198 1228 tis
217 1191 366 1228 nullum
395 1188 644 1225 librariorum
664 1185 777 1233 culpa
796 1182 935 1220 foedius
960 1181 1211 1231 depravatum

151 1258 206 1288 est
218 1277 229 1298 ,
249 1262 365 1300 quam
384 1247 662 1298 disputationes
681 1244 754 1280 illae
774 1248 858 1291 quae
881 1241 929 1279 de
948 1241 1190 1291 Xenophane
1202 1269 1211 1287 ,

150 1313 308 1348 Zenone
328 1316 366 1346 et
383 1307 526 1358 Gorgia
543 1305 662 1355 vulgo
679 1303 950 1340 inscribuntur.
977 1302 1075 1338 Nam
1091 1313 1212 1349 quum

150 1369 272 1408 Aldus
288 1369 377 1405 Pius
395 1366 588 1404 Manutius
603 1364 770 1403 Venetiis
791 1374 893 1399 anno
926 1360 1025 1411 1495
1046 1373 1134 1398 cum
1149 1372 1213 1397 re-

151 1429 266 1478 liquis
282 1426 496 1466 Aristotelis
525 1424 708 1476 operibus
729 1423 834 1459 hunc
854 1434 1013 1472 quoque
1036 1420 1211 1457 libellum

149 1501 175 1526 e
208 1488 364 1526 vetustis
399 1486 550 1536 aliquot
581 1482 866 1532 exemplaribus
897 1479 1079 1521 edidisset
1108 1492 1118 1516 t
1156 1486 1216 1515 tot

152 1549 301 1588 mendis
319 1554 465 1586 scatere
491 1547 568 1583 hoc
596 1543 826 1595 opusculum
851 1542 998 1592 patuit,
1019 1548 1063 1578 ut
1086 1540 1216 1577 nullus

151 1607 439 1660 propemodum
455 1612 551 1643 esset
568 1615 719 1650 versus,
741 1602 809 1652 qui
829 1602 876 1638 ab
899 1602 1005 1638 omni
1023 1607 1135 1651 parte
1154 1612 1216 1637 sa—

152 1675 225 1702 nus
250 1669 365 1711 atque
398 1661 548 1710 integer
575 1657 829 1707 judicaretur.
860 1656 955 1705 Quae
985 1667 1047 1692 res
1074 1654 1215 1692 veteris

149 1722 346 1773 sapientiae
359 1719 550 1758 studiosos
563 1731 585 1755 a
599 1715 762 1768 legenda
776 1715 848 1752 hac
863 1714 1074 1765 scriptione
1090 1713 1218 1750 deter-

154 1795 240 1820 rere
257 1781 463 1832 potuisset,
489 1779 561 1816 nisi
575 1778 707 1828 paullo
724 1782 813 1827 post
832 1775 1024 1826 insperata
1042 1772 1213 1822 quidem,

132 1850 136 1855 ’
155 1841 224 1879 sed
244 1841 364 1879 dubia
382 1840 451 1876 lux
469 1851 490 1876 e
514 1836 697 1876 Feliciani
719 1834 1036 1884 interpretatione
1056 1840 1140 1870 orta
1160 1844 1217 1869 es-

153 1909 226 1940 set.
260 1900 413 1937 Etenim
432 1900 600 1936 Joannes
623 1894 839 1933 Bernardus
857 1894 1070 1932 Felicianus
1093 1893 1216 1930 multo

154 1960 424 2010 integriorem,
457 1969 575 2007 quam
604 1954 820 1993 Manutiani
840 1953 1012 2000 fuerant,
1044 1951 1218 1989 codicem

153 2025 288 2056 nactus
306 2017 476 2067 plurima
495 2027 579 2065 quae
599 2013 704 2064 apud
721 2013 862 2051 Aldum
877 2012 1040 2049 obscure
1055 2017 1093 2048 et
1110 2023 1218 2046 men-

157 2078 248 2117 dose
281 2077 384 2114 dicta
419 2075 668 2126 reperiuntur
702 2072 904 2123 perspicue
939 2070 1143 2108 convertit.
1174 2069 1219 2105 In

154 2150 236 2188 quo
268 2136 426 2186 negotio
452 2142 585 2172 utrum
625 2133 754 2170 omnia
776 2130 904 2168 codici
940 2128 1142 2175 debuerit,
1170 2141 1219 2164 an

155 2197 343 2236 nonnulla
362 2196 478 2233 etiam
495 2193 716 2242 conjectura
733 2191 870 2228 ductus
887 2188 1108 2234 tentaverit,
1125 2188 1219 2224 olim

155 2258 346 2295 incertum
366 2256 489 2292 visum
519 2260 575 2290 est
600 2251 759 2290 eruditis
775 2263 819 2287 ac
841 2261 889 2286 ne
908 2260 1011 2285 nunc
1033 2247 1191 2297 quidem
1206 2273 1216 2293 ,

155 2316 333 2354 nondum
350 2321 506 2364 reperto
531 2312 610 2361 ejus
642 2300 802 2358 codice,
822 2321 896 2360 pro
919 2306 1121 2357 explorato
1146 2308 1219 2344 ha·-

156 2375 343 2414 bendum.
364 2374 468 2424 Quid
487 2379 615 2410 autem
634 2370 783 2408 intersit
800 2370 900 2406 inter
918 2369 1016 2404 hanc
1030 2368 1220 2418 interpre-

157 2435 342 2472 tationem
376 2441 414 2471 et
442 2433 672 2470 rarissimam
702 2429 808 2467 illam
822 2458 834 2478 ,
877 2440 992 2478 quam
1023 2427 1220 2465 Arnoldus

157 2496 186 2532 F
190 2505 350 2531 erronus
362 2491 651 2542 Burdegalensis
667 2488 849 2540 Lugduni
871 2486 972 2535 1557
990 2487 1218 2537 publicavit,

159 2555 334 2603 ignotum
346 2553 448 2589 inter
462 2550 596 2588 doctos
608 2550 783 2587 homines
803 2554 877 2595 est,
895 2559 1016 2597 quum
1028 2558 1154 2596 neque
1170 2547 1219 2584 ab

154 2612 327 2661 ejusdem
340 2611 459 2648 aetatis
475 2609 739 2660 scriptoribus,
749 2620 874 2658 neque
885 2607 933 2644 ab
948 2607 994 2644 iis
1011 2607 1078 2656 qui
1089 2614 1220 2656 postea

157 2673 374 2710 litterarum
392 2671 594 2708 historiam
616 2673 896 2706 contexuerunt
914 2667 1108 2704 memoriae
1124 2679 1218 2716 pro·

158 2731 286 2770 ditum
305 2732 364 2771 sit.
421 2730 498 2768 Sed
519 2729 692 2779 quamvis
712 2727 966 2778 philosophiae
987 2726 1219 2764 Aristoteleae

157 2792 328 2829 studium
345 2803 464 2841 usque
483 2790 533 2828 ad
548 2789 718 2827 medium
731 2787 810 2825 fere
825 2787 1004 2825 saeculum
1015 2787 1219 2836 septimum

160 2852 351 2889 decimum
368 2851 534 2901 viguerit
564 2856 681 2899 atque
701 2849 816 2898 ipsius
838 2848 1051 2885 Aristotelis
1080 2847 1220 2897 scripta

157 2913 334 2949 certatim
353 2910 683 2962 typographorum
703 2916 785 2946 arte
804 2909 963 2958 repetita
995 2909 1087 2955 sint,
1104 2921 1218 2945 nemo

159 2979 288 3009 tamen
303 2972 447 3009 exstitit
461 2972 528 3020 qui
550 2971 612 3008 vel
630 2969 740 3006 novis
759 2968 960 3006 codicibus
979 2969 1144 3006 excussis
1159 2969 1219 3005 vel

161 3032 240 3069 sola
259 3032 405 3083 ingenii
424 3043 498 3081 ope
520 3031 626 3068 illam
646 3029 695 3066 de
721 3029 963 3079 philosophis
986 3029 1161 3065 Eleaticis
1181 3037 1219 3065 et

159 3091 304 3142 Gorgia
333 3091 698 3128 commentationem
733 3089 938 3127 emendare
969 3097 1005 3126 et
1032 3090 1220 3126 illustrare

160 3151 446 3200 aggrederetur,
492 3162 607 3200 quam
646 3149 743 3187 adeo
777 3156 1000 3201 corruptam
1040 3149 1222 3186 censebat

162 3210 388 3261 Sylburgius
407 3210 552 3261 (notat.
569 3210 710 3249 divers.
729 3211 887 3260 lectt.p.
907 3209 982 3260 296
998 3208 1008 3260 )
1029 3217 1072 3246 ut
1089 3208 1221 3258 quiad

160 3281 246 3306 eam
274 3269 480 3306 sanandam
514 3281 554 3306 se
583 3269 796 3316 conferret,
831 3269 941 3318 quasi
971 3268 1220 3309 carcinomati

1274 1133 1408 1158 manus
1424 1120 1633 1157 admovere
1649 1119 1862 1157 videretur.
1880 1121 2014 1169 Itaque
2030 1127 2067 1156 et
2086 1121 2166 1169 ipse
2182 1121 2270 1157 licet
2287 1120 2336 1158 de

1271 1181 1348 1217 hoe
1369 1180 1647 1217 commentario
1666 1179 1816 1216 mendis
1831 1179 1981 1228 aliquot
1997 1180 2135 1229 insigni
2161 1181 2336 1217 acumine

1271 1240 1429 1276 sublatis
1459 1239 1665 1286 meruerit,
1693 1238 1881 1288 pleraque
1916 1244 2043 1275 tamen
2075 1238 2201 1275 minus
2231 1246 2337 1276 recte

1273 1300 1483 1337 constituta
1505 1299 1669 1349 posteris
1687 1297 1919 1348 expolienda
1937 1298 2106 1347 reliquit.
2136 1299 2226 1334 Post
2252 1298 2337 1347 Syl-

1273 1360 1454 1410 burgium
1475 1359 1524 1396 ab
1545 1359 1761 1396 Aristotelis
1777 1357 2014 1405 editoribus,
2037 1370 2086 1395 ne
2107 1356 2336 1396 Casaubono

1275 1418 1428 1468 quidem
1464 1425 1652 1468 excepto,
1686 1418 1727 1453 in
1761 1416 1998 1468 divulganda
2025 1416 2100 1454 hac
2127 1416 2338 1466 scriptione

1274 1477 1373 1515 nihil
1392 1477 1643 1515 memorabile
1661 1484 1810 1528 gestum
1829 1484 1899 1515 est.
1918 1477 2045 1514 Jacuit
2062 1483 2189 1513 autem
2209 1477 2339 1526 neglc-

1278 1544 1361 1575 ctus
1381 1538 1577 1588 Stagirites
1590 1564 1600 1584 ‚
1622 1537 1652 1574 si
1684 1549 1706 1574 a
1725 1538 1859 1587 paucis
1890 1538 2131 1588 singulorum
2149 1537 2340 1574 librorum

1277 1595 1513 1635 editionibus
1530 1597 1763 1645 discesseris,
1787 1597 1834 1634 ab
1853 1610 1954 1635 anno
1980 1596 2081 1642 1654
2101 1609 2179 1646 quo
2195 1599 2341 1635 Duval-

1276 1658 1314 1694 lii
1350 1658 1470 1697 editio
1506 1664 1692 1706 quartum
1717 1657 1869 1706 prodiit
1893 1669 2015 1707 usque
2047 1657 2096 1694 ad
2133 1657 2342 1707 superioris

1276 1717 1403 1754 saeculi
1422 1715 1552 1754 finem.
1582 1717 1742 1753 Interim
1773 1717 1809 1755 J.
1833 1718 1880 1755 A.
1911 1716 2111 1754 Fabricius
2138 1722 2340 1766 perspecta

1277 1777 1481 1826 Lipsiensis
1495 1775 1640 1813 codicis
1655 1802 1666 1822 ‚
1686 1777 1753 1825 qui
1770 1777 1810 1812 in
1829 1775 2071 1813 bibliotheca
2087 1774 2263 1812 Paullina
2285 1788 2342 1812 as-

1277 1843 1467 1882 servatur,
1498 1836 1717 1885 praestantia
1747 1843 1786 1872 et
1814 1836 2044 1886 antiquitate
2073 1835 2123 1872 ad
2143 1836 2341 1885 corrigen-

1278 1898 1372 1935 dum
1401 1904 1528 1934 totum
1574 1896 1622 1934 de
1656 1896 1916 1933 Eleaticorum
1951 1895 2273 1945 philosophorum
2305 1902 2344 1933 et

1277 1958 1429 2008 Gorgiae
1458 1956 1622 1994 decretiS
1649 1956 1794 1993 librum
1822 1957 2020 2006 scripturae
2057 1956 2281 1992 varietatem
2321 1967 2342 1992 e

1277 2024 1428 2054 vetusto
1456 2016 1524 2053 illo
1547 2016 1725 2065 exemplo
1755 2027 1827 2065 per
1855 2014 2022 2053 Godofr.
2048 2014 2246 2051 Olearium
2276 2026 2342 2050 ex-

1280 2077 1513 2128 cerpendam
1531 2077 1681 2114 curavit
1700 2088 1860 2125 eamque
1881 2076 1921 2112 in
1933 2073 2182 2112 Bibliothecae
2205 2074 2344 2112 Graecae

1278 2137 1347 2173 lib.
1370 2138 1491 2174 1110.
1529 2134 1585 2175 VI
1619 2142 1645 2173 t.
1679 2136 1719 2172 ΙΙ
1748 2148 1790 2185 p.
1833 2133 1907 2184 139
1928 2133 1992 2173 ed.
2028 2140 2118 2171 tert.
2154 2133 2254 2182 (vol.
2285 2134 2344 2170 111

1278 2210 1316 2247 p.
1337 2196 1414 2243 248
1434 2196 1494 2234 ed.
1517 2196 1649 2246 Harl.)
1675 2195 1825 2245 publici
1846 2194 1943 2243 juris
1962 2194 2067 2231 fecit.
2091 2192 2205 2241 Cujus
2229 2193 2345 2230 fontis

1278 2258 1494 2294 ubertatem
1510 2263 1643 2305 postea
1663 2255 1873 2292 admiratus
1885 2254 2026 2303 Georg.
2043 2252 2197 2290 Gustav.
2214 2253 2343 2291 Fiille-

1279 2317 1441 2353 bornius
1465 2316 1656 2364 simulque
1690 2314 1900 2363 disciplinae
1930 2313 2107 2350 Eleaticae
2125 2313 2344 2362 pulchritu-

1281 2375 1369 2412 dine
1401 2381 1558 2424 captus,
1588 2386 1703 2423 quam
1728 2386 1748 2409 a
1780 2373 1963 2410 diuturna
1988 2384 2031 2409 ac
2049 2382 2176 2422 prope
2205 2373 2348 2421 sempi-

1282 2441 1391 2471 terna
1424 2434 1628 2470 hominum
1655 2432 1854 2469 oblivione
1895 2429 2092 2469 vindicare
2131 2438 2341 2478 statuerat,

1282 2495 1452 2531 animum
1483 2493 1655 2539 induxit,
1698 2499 1742 2529 ut
1775 2490 1998 2542 detegendis
2029 2491 2343 2541 expellendisque

1280 2555 1381 2591 vitiis
1401 2553 1546 2603 quibus
1562 2552 1834 2590 Aristoteleum
1849 2551 1948 2588 illud
1961 2551 2190 2601 opusculum
2203 2551 2244 2587 in
2258 2551 2343 2587 vul·

1280 2615 1375 2664 gatis
1391 2612 1624 2650 editionibus
1640 2611 1866 2658 laborabat,
1884 2611 1983 2648 viam
1998 2610 2072 2647 sibi
2086 2610 2135 2647 ad
2155 2610 2230 2648 alia
2245 2609 2343 2659 ejus-

1281 2673 1368 2710 dem
1402 2672 1551 2723 generis
1586 2684 1703 2722 opera
1731 2671 1912 2709 muniret.
1949 2671 2075 2718 Quare
2102 2682 2204 2706 anno
2242 2669 2343 2720 1789

1281 2734 1387 2771 Halis
1406 2734 1605 2770 Saxonum
1628 2731 1825 2782 copiosam
1845 2730 1894 2768 de
1908 2742 1952 2768 eo
1979 2729 2081 2766 libro
2106 2737 2344 2767 commenta-

1282 2794 1427 2830 tionem
1448 2792 1597 2838 emisit,
1620 2804 1736 2841 quam
1753 2803 1874 2841 quum
1888 2789 2078 2827 benevole
2095 2801 2118 2826 a
2135 2788 2344 2839 philologis

1282 2852 1376 2888 olim
1395 2857 1554 2901 excepta
1569 2851 1637 2898 sit,
1660 2851 1727 2888 diu
1742 2850 1853 2888 avide
1877 2849 2075 2899 quaesitam
2088 2847 2258 2886 nancisci
2273 2860 2344 2884 nos

1280 2923 1360 2947 non
1379 2910 1549 2959 potuisse
1568 2910 1816 2947 vehementer
1851 2909 2029 2946 dolemus
2059 2906 2131 2959 (1).
2156 2908 2344 2944 Praeterea

1281 2964 1433 3001 duobus
1452 2965 1560 3001 annis
1577 2971 1665 3014 post
1685 2964 1786 3001 idem
1806 2964 1867 3000 vir
1887 2963 2024 3000 doctus
2045 2968 2196 3011 partem
2222 2959 2343 2998 libel-

1281 3027 1409 3062 lorum
1438 3025 1663 3062 retractavit
1693 3025 1836 3074 scripta
1865 3022 2121 3070 disputatione
2142 3021 2191 3058 de
2209 3022 2342 3058 Xeno-

1280 3087 1408 3136 phane
1434 3087 1474 3122 in
1496 3088 1724 3136 Beytroegen
1745 3098 1812 3121 zur
1836 3081 2058 3121 Geschiclzte
2076 3083 2147 3118 der
2163 3080 2343 3118 Philoso-

1278 3147 1373 3196 phie
1391 3154 1490 3195 part.
1506 3147 1523 3183 1
1537 3159 1576 3195 p.
1595 3145 1643 3182 62
1670 3157 1777 3194 seqq.
1805 3144 1881 3182 Sed
1898 3151 1941 3180 ut
1959 3143 2123 3180 discussa
2141 3142 2263 3179 noctis
2283 3154 2343 3178 ca-

1281 3207 1402 3256 ligine>
1418 3218 1439 3243 e
1460 3206 1611 3243 minore
1629 3206 1717 3242 luce
1733 3203 1858 3253 major
1878 3203 2079 3254 paullatim
2103 3202 2198 3238 oriri
2219 3200 2341 3246 solet,

1282 3268 1334 3304 ita
1371 3266 1420 3304 G.
1453 3268 1497 3303 L.
1531 3265 1774 3316 Spaldingius
1811 3262 2053 3301 Fiillebornii
2083 3260 2261 3310 exemplo
2294 3257 2343 3294 ad

208 3392 252 3433 (1)
270 3392 396 3425 Idcirco
410 3392 612 3434 conjecturas
627 3393 696 3434 ejus
706 3402 771 3426 non
785 3402 898 3425 omnes
907 3391 1077 3431 adnotavi,
1095 3390 1149 3424 sed
1166 3400 1220 3423 eas

164 3444 291 3473 tantum
309 3450 389 3482 quas
407 3441 824 3474 alii‘commemoraverant.
845 3440 1031 3473 inscribitur
1045 3439 1114 3479 ejus
1133 3448 1219 3471 ‹tom-

166 3489 345 3521 nwntatio:
371 3489 465 3522 Liber
487 3488 527 3522 de
551 3489 768 3531 Xenophane,
791 3490 918 3522 Zenone
949 3491 980 3522 et
1004 3486 1119 3528 Gorgia
1149 3487 1222 3518 Ari-

1223 3553 1266 3584 2-

1255 3569 1261 3584 t
1282 3552 1294 3583 1

1280 3390 1388 3423 stoteli
1407 3390 1502 3431 vulgo
1524 3390 1664 3422 tributus
1687 3388 1804 3430 passim
1834 3388 2014 3420 illustratus
2038 3386 2185 3424 aGeorg.
2207 3384 2344 3415 Gustav.

1281 3439 1463 3472 Fiilleborn.
1481 3439 1570 3471 Halis
1592 3439 1684 3470 1789.
