<?xml version="1.0" encoding="UTF-8"?>
<!DOCTYPE html PUBLIC "-//W3C//DTD XHTML 1.0 Transitional//EN"
    "http://www.w3.org/TR/xhtml1/DTD/xhtml1-transitional.dtd">
<html xmlns="http://www.w3.org/1999/xhtml" xml:lang="en" lang="en">
 <head>
  <title>
</title>
<meta http-equiv="Content-Type" content="text/html;charset=utf-8" />
  <meta name='ocr-system' content='tesseract 3.04.00' />
  <meta name='ocr-capabilities' content='ocr_page ocr_carea ocr_par ocr_line ocrx_word'/>
</head>
<body>
  <div class='ocr_page' id='page_1' title='image "./fragmentaphiloso01mulluoft_0318.png"; bbox 0 0 2612 3814; ppageno 0'>
   <div class='ocr_carea' id='block_1_1' title="bbox 307 285 1616 334">
    <p class='ocr_par' dir='ltr' id='par_1_1' title="bbox 307 285 1616 334">
     <span class='ocr_line' id='line_1_1' title="bbox 307 285 1616 334; baseline -0.006 -2"><span class='ocrx_word' id='word_1_1' title='bbox 307 299 380 334; x_wconf 66' lang='grc' dir='ltr'>εἶθ</span> <span class='ocrx_word' id='word_1_2' title='bbox 1088 286 1432 327; x_wconf 80' lang='lat' dir='ltr'>ARISTOTELIS</span> <span class='ocrx_word' id='word_1_3' title='bbox 1464 285 1616 326; x_wconf 83' lang='lat' dir='ltr'>LIBER</span> 
     </span>
    </p>
   </div>
   <div class='ocr_carea' id='block_1_2' title="bbox 300 369 1357 608">
    <p class='ocr_par' dir='ltr' id='par_1_2' title="bbox 300 369 1357 597">
     <span class='ocr_line' id='line_1_2' title="bbox 300 369 1355 429; baseline -0.005 -10.995"><span class='ocrx_word' id='word_1_4' title='bbox 300 384 358 418; x_wconf 76' lang='grc' dir='ltr'>’νον</span> <span class='ocrx_word' id='word_1_5' title='bbox 377 378 418 418; x_wconf 75' lang='grc' dir='ltr'>ἂν</span> <span class='ocrx_word' id='word_1_6' title='bbox 439 375 644 427; x_wconf 77' lang='grc' dir='ltr'>ἔτελιύτησέ</span> <span class='ocrx_word' id='word_1_7' title='bbox 661 392 760 418; x_wconf 75' lang='grc' dir='ltr'>ποτε.</span> <span class='ocrx_word' id='word_1_8' title='bbox 819 378 899 418; x_wconf 83' lang='grc' dir='ltr'>Παν</span> <span class='ocrx_word' id='word_1_9' title='bbox 922 376 959 416; x_wconf 76' lang='grc' dir='ltr'>δὲ</span> <span class='ocrx_word' id='word_1_10' title='bbox 982 376 1125 429; x_wconf 82' lang='grc' dir='ltr'>ἄπειρον</span> <span class='ocrx_word' id='word_1_11' title='bbox 1145 369 1233 416; x_wconf 58' lang='lat' dir='ltr'>ev*</span> <span class='ocrx_word' id='word_1_12' title='bbox 1200 390 1307 415; x_wconf 78' lang='grc' dir='ltr'>ιινοιι·</span> <span class='ocrx_word' id='word_1_13' title='bbox 1327 377 1355 414; x_wconf 85' lang='grc' dir='ltr'>εἶ</span> 
     </span>
     <span class='ocr_line' id='line_1_3' title="bbox 302 430 1356 492; baseline -0.004 -14"><span class='ocrx_word' id='word_1_14' title='bbox 302 438 369 492; x_wconf 76' lang='grc' dir='ltr'>γὰρ</span> <span class='ocrx_word' id='word_1_15' title='bbox 390 438 487 478; x_wconf 85' lang='grc' dir='ltr'>πλέω</span> <span class='ocrx_word' id='word_1_16' title='bbox 506 437 564 486; x_wconf 80' lang='grc' dir='ltr'>ἢ</span> <span class='ocrx_word' id='word_1_17' title='bbox 546 437 606 477; x_wconf 84' lang='grc' dir='ltr'>ούο</span> <span class='ocrx_word' id='word_1_18' title='bbox 620 436 686 485; x_wconf 83' lang='grc' dir='ltr'>εἴη,</span> <span class='ocrx_word' id='word_1_19' title='bbox 706 435 831 490; x_wconf 76' lang='grc' dir='ltr'>πέρατ</span> <span class='ocrx_word' id='word_1_20' title='bbox 853 437 892 476; x_wconf 77' lang='grc' dir='ltr'>ἂν</span> <span class='ocrx_word' id='word_1_21' title='bbox 913 430 1002 476; x_wconf 74' lang='grc' dir='ltr'>εἶναι</span> <span class='ocrx_word' id='word_1_22' title='bbox 1016 441 1126 476; x_wconf 79' lang='grc' dir='ltr'>ταῦτα</span> <span class='ocrx_word' id='word_1_23' title='bbox 1145 436 1229 488; x_wconf 82' lang='grc' dir='ltr'>πρὸς</span> <span class='ocrx_word' id='word_1_24' title='bbox 1249 435 1356 483; x_wconf 83' lang='grc' dir='ltr'>ἄλλη-</span> 
     </span>
     <span class='ocr_line' id='line_1_4' title="bbox 301 490 1357 549; baseline -0.006 -11"><span class='ocrx_word' id='word_1_25' title='bbox 301 500 368 538; x_wconf 64' lang='lat' dir='ltr'>M·</span> <span class='ocrx_word' id='word_1_26' title='bbox 390 497 424 537; x_wconf 82' lang='grc' dir='ltr'>ἓν</span> <span class='ocrx_word' id='word_1_27' title='bbox 440 497 474 538; x_wconf 74' lang='grc' dir='ltr'>δὲ</span> <span class='ocrx_word' id='word_1_28' title='bbox 493 497 529 537; x_wconf 81' lang='grc' dir='ltr'>ὂν</span> <span class='ocrx_word' id='word_1_29' title='bbox 544 496 662 548; x_wconf 79' lang='grc' dir='ltr'>ὅμοιον</span> <span class='ocrx_word' id='word_1_30' title='bbox 677 490 768 536; x_wconf 72' lang='grc' dir='ltr'>εἶναι</span> <span class='ocrx_word' id='word_1_31' title='bbox 784 495 911 549; x_wconf 84' lang='grc' dir='ltr'>πάντῃ·</span> <span class='ocrx_word' id='word_1_32' title='bbox 927 497 955 536; x_wconf 83' lang='grc' dir='ltr'>εἰ</span> <span class='ocrx_word' id='word_1_33' title='bbox 972 496 1077 549; x_wconf 70' lang='grc' dir='ltr'>γὰρ’</span> <span class='ocrx_word' id='word_1_34' title='bbox 1058 494 1230 548; x_wconf 81' lang='grc' dir='ltr'>ανόμοιον,</span> <span class='ocrx_word' id='word_1_35' title='bbox 1247 497 1294 533; x_wconf 86' lang='grc' dir='ltr'>π)</span> <span class='ocrx_word' id='word_1_36' title='bbox 1298 494 1357 533; x_wconf 86' lang='grc' dir='ltr'>είω</span> 
     </span>
     <span class='ocr_line' id='line_1_5' title="bbox 302 549 1356 608; baseline -0.005 -12"><span class='ocrx_word' id='word_1_37' title='bbox 302 556 385 596; x_wconf 83' lang='grc' dir='ltr'>ὄντα</span> <span class='ocrx_word' id='word_1_38' title='bbox 405 558 468 597; x_wconf 79' lang='grc' dir='ltr'>οὐκ</span> <span class='ocrx_word' id='word_1_39' title='bbox 489 557 529 595; x_wconf 83' lang='grc' dir='ltr'>ἂν</span> <span class='ocrx_word' id='word_1_40' title='bbox 553 555 603 595; x_wconf 75' lang='grc' dir='ltr'>ἔτι</span> <span class='ocrx_word' id='word_1_41' title='bbox 631 555 667 595; x_wconf 83' lang='grc' dir='ltr'>ἓν</span> <span class='ocrx_word' id='word_1_42' title='bbox 689 549 792 608; x_wconf 70' lang='grc' dir='ltr'>εἶναι,</span> <span class='ocrx_word' id='word_1_43' title='bbox 815 555 906 595; x_wconf 73' lang='grc' dir='ltr'>ἀλλὰ</span> <span class='ocrx_word' id='word_1_44' title='bbox 938 553 1065 594; x_wconf 82' lang='grc' dir='ltr'>πολλά.</span> <span class='ocrx_word' id='word_1_45' title='bbox 1122 554 1248 593; x_wconf 70' lang='grc' dir='ltr'>’Δίδιον</span> <span class='ocrx_word' id='word_1_46' title='bbox 1263 553 1336 592; x_wconf 60' lang='grc' dir='ltr'>δὲ*</span> <span class='ocrx_word' id='word_1_47' title='bbox 1319 569 1356 592; x_wconf 89' lang='grc' dir='ltr'>ον</span> 
     </span>
    </p>
   </div>
   <div class='ocr_carea' id='block_1_3' title="bbox 251 606 1356 670">
    <p class='ocr_par' dir='ltr' id='par_1_3' title="bbox 251 606 1356 670">
     <span class='ocr_line' id='line_1_6' title="bbox 251 606 1356 670; baseline -0.005 -14"><span class='ocrx_word' id='word_1_48' title='bbox 251 626 284 652; x_wconf 71' lang='lat'>15</span> <span class='ocrx_word' id='word_1_49' title='bbox 304 616 456 670; x_wconf 82' lang='grc' dir='ltr'>ἅμετρόν</span> <span class='ocrx_word' id='word_1_50' title='bbox 476 631 515 656; x_wconf 78' lang='grc' dir='ltr'>τε</span> <span class='ocrx_word' id='word_1_51' title='bbox 548 615 606 655; x_wconf 68' lang='grc' dir='ltr'>καὶ</span> <span class='ocrx_word' id='word_1_52' title='bbox 636 617 754 667; x_wconf 83' lang='grc' dir='ltr'>ὅμοιον</span> <span class='ocrx_word' id='word_1_53' title='bbox 786 614 899 667; x_wconf 80' lang='grc' dir='ltr'>πάντῃ</span> <span class='ocrx_word' id='word_1_54' title='bbox 913 644 923 662; x_wconf 93' lang='grc'>,</span> <span class='ocrx_word' id='word_1_55' title='bbox 954 613 1116 661; x_wconf 78' lang='grc' dir='ltr'>ἀκίνητον</span> <span class='ocrx_word' id='word_1_56' title='bbox 1138 606 1225 652; x_wconf 70' lang='grc' dir='ltr'>εἶναι</span> <span class='ocrx_word' id='word_1_57' title='bbox 1249 613 1287 652; x_wconf 81' lang='grc' dir='ltr'>τὸ</span> <span class='ocrx_word' id='word_1_58' title='bbox 1308 612 1356 651; x_wconf 84' lang='grc' dir='ltr'>ἑ’.ν</span> 
     </span>
    </p>
   </div>
   <div class='ocr_carea' id='block_1_4' title="bbox 302 672 1353 731">
    <p class='ocr_par' dir='ltr' id='par_1_4' title="bbox 302 672 1353 731">
     <span class='ocr_line' id='line_1_7' title="bbox 302 672 1353 731; baseline -0.007 -15"><span class='ocrx_word' id='word_1_59' title='bbox 302 677 356 716; x_wconf 84' lang='grc' dir='ltr'>Οὐ</span> <span class='ocrx_word' id='word_1_60' title='bbox 373 675 440 731; x_wconf 74' lang='grc' dir='ltr'>γὰρ</span> <span class='ocrx_word' id='word_1_61' title='bbox 460 675 500 715; x_wconf 73' lang='grc' dir='ltr'>ἂν</span> <span class='ocrx_word' id='word_1_62' title='bbox 517 677 718 723; x_wconf 71' lang='grc' dir='ltr'>κινηθῆναι,</span> <span class='ocrx_word' id='word_1_63' title='bbox 737 672 785 726; x_wconf 82' lang='grc' dir='ltr'>μὴ</span> <span class='ocrx_word' id='word_1_64' title='bbox 808 673 854 718; x_wconf 86' lang='grc' dir='ltr'>εἴς</span> <span class='ocrx_word' id='word_1_65' title='bbox 873 690 905 712; x_wconf 89' lang='grc' dir='ltr'>τι</span> <span class='ocrx_word' id='word_1_66' title='bbox 932 675 1186 726; x_wconf 78' lang='grc' dir='ltr'>ὑποχωρῆσαν·</span> <span class='ocrx_word' id='word_1_67' title='bbox 1207 675 1353 725; x_wconf 68' lang='lat'>6⁷:070)-</span> 
     </span>
    </p>
   </div>
   <div class='ocr_carea' id='block_1_5' title="bbox 302 784 1371 3492">
    <p class='ocr_par' dir='ltr' id='par_1_5' title="bbox 302 784 1368 2912">
     <span class='ocr_line' id='line_1_8' title="bbox 303 784 1356 828; baseline -0.007 -6"><span class='ocrx_word' id='word_1_68' title='bbox 303 789 445 823; x_wconf 84' lang='lat' dir='ltr'>litudlnis</span> <span class='ocrx_word' id='word_1_69' title='bbox 464 798 537 821; x_wconf 91' lang='lat' dir='ltr'>cum</span> <span class='ocrx_word' id='word_1_70' title='bbox 558 787 720 828; x_wconf 74' lang='lat' dir='ltr'>vulgato⁶</span> <span class='ocrx_word' id='word_1_71' title='bbox 708 799 739 819; x_wconf 90' lang='grc' dir='ltr'>εν</span> <span class='ocrx_word' id='word_1_72' title='bbox 755 786 846 828; x_wconf 84' lang='lat' dir='ltr'>gerit.</span> <span class='ocrx_word' id='word_1_73' title='bbox 862 786 907 818; x_wconf 86' lang='lat' dir='ltr'>ita</span> <span class='ocrx_word' id='word_1_74' title='bbox 929 788 964 818; x_wconf 91' lang='lat' dir='ltr'>ut</span> <span class='ocrx_word' id='word_1_75' title='bbox 980 794 1082 826; x_wconf 89' lang='lat' dir='ltr'>quum</span> <span class='ocrx_word' id='word_1_76' title='bbox 1098 785 1177 817; x_wconf 90' lang='lat' dir='ltr'>illud</span> <span class='ocrx_word' id='word_1_77' title='bbox 1203 784 1356 816; x_wconf 79' lang='lat' dir='ltr'>dennuni</span> 
     </span>
     <span class='ocr_line' id='line_1_9' title="bbox 303 832 1354 889; baseline -0.007 -19"><span class='ocrx_word' id='word_1_78' title='bbox 303 846 396 879; x_wconf 85' lang='lat' dir='ltr'>quo.</span> <span class='ocrx_word' id='word_1_79' title='bbox 388 838 493 879; x_wconf 84' lang='lat' dir='ltr'>agitur</span> <span class='ocrx_word' id='word_1_80' title='bbox 515 845 578 869; x_wconf 90' lang='lat' dir='ltr'>non</span> <span class='ocrx_word' id='word_1_81' title='bbox 607 836 703 889; x_wconf 82' lang='lat' dir='ltr'>queat</span> <span class='ocrx_word' id='word_1_82' title='bbox 719 843 788 867; x_wconf 89' lang='lat' dir='ltr'>esse</span> <span class='ocrx_word' id='word_1_83' title='bbox 816 833 875 866; x_wconf 87' lang='lat' dir='ltr'>nisi</span> <span class='ocrx_word' id='word_1_84' title='bbox 902 833 932 865; x_wconf 89' lang='lat' dir='ltr'>id</span> <span class='ocrx_word' id='word_1_85' title='bbox 952 832 1056 866; x_wconf 88' lang='lat' dir='ltr'>solum</span> <span class='ocrx_word' id='word_1_86' title='bbox 1073 833 1162 873; x_wconf 90' lang='lat' dir='ltr'>quod</span> <span class='ocrx_word' id='word_1_87' title='bbox 1189 835 1237 864; x_wconf 90' lang='lat' dir='ltr'>est</span> <span class='ocrx_word' id='word_1_88' title='bbox 1252 834 1287 864; x_wconf 77' lang='grc' dir='ltr'>τὸ</span> <span class='ocrx_word' id='word_1_89' title='bbox 1307 833 1354 871; x_wconf 68' lang='grc' dir='ltr'>ὂ·,ι</span> 
     </span>
     <span class='ocr_line' id='line_1_10' title="bbox 302 878 1358 926; baseline -0.009 -8"><span class='ocrx_word' id='word_1_90' title='bbox 302 885 379 926; x_wconf 84' lang='lat' dir='ltr'>quia</span> <span class='ocrx_word' id='word_1_91' title='bbox 397 886 512 918; x_wconf 77' lang='lat' dir='ltr'>caetera</span> <span class='ocrx_word' id='word_1_92' title='bbox 532 883 639 916; x_wconf 89' lang='lat' dir='ltr'>omnia</span> <span class='ocrx_word' id='word_1_93' title='bbox 661 891 717 923; x_wconf 90' lang='lat' dir='ltr'>pro</span> <span class='ocrx_word' id='word_1_94' title='bbox 738 881 838 914; x_wconf 80' lang='lat' dir='ltr'>nihilo</span> <span class='ocrx_word' id='word_1_95' title='bbox 863 879 1009 912; x_wconf 88' lang='lat' dir='ltr'>habenda</span> <span class='ocrx_word' id='word_1_96' title='bbox 1028 881 1116 919; x_wconf 90' lang='lat' dir='ltr'>sunt,</span> <span class='ocrx_word' id='word_1_97' title='bbox 1136 878 1220 910; x_wconf 88' lang='lat' dir='ltr'>haud</span> <span class='ocrx_word' id='word_1_98' title='bbox 1242 878 1358 918; x_wconf 84' lang='lat' dir='ltr'>injuria</span> 
     </span>
     <span class='ocr_line' id='line_1_11' title="bbox 304 924 1357 974; baseline -0.01 -8"><span class='ocrx_word' id='word_1_99' title='bbox 304 938 439 974; x_wconf 58' lang='lat' dir='ltr'>recepta!</span> <span class='ocrx_word' id='word_1_100' title='bbox 453 931 620 971; x_wconf 72' lang='lat' dir='ltr'>scripturae</span> <span class='ocrx_word' id='word_1_101' title='bbox 640 928 842 970; x_wconf 79' lang='lat' dir='ltr'><strong>acquiescere</strong></span> <span class='ocrx_word' id='word_1_102' title='bbox 860 927 1039 959; x_wconf 80' lang='lat' dir='ltr'>videamur</span> <span class='ocrx_word' id='word_1_103' title='bbox 1053 928 1149 958; x_wconf 86' lang='lat' dir='ltr'>Porro</span> <span class='ocrx_word' id='word_1_104' title='bbox 1170 924 1249 957; x_wconf 85' lang='lat' dir='ltr'>satis</span> <span class='ocrx_word' id='word_1_105' title='bbox 1266 933 1357 957; x_wconf 89' lang='lat' dir='ltr'>com-</span> 
     </span>
     <span class='ocr_line' id='line_1_12' title="bbox 304 972 1359 1020; baseline -0.009 -7"><span class='ocrx_word' id='word_1_106' title='bbox 304 980 437 1014; x_wconf 90' lang='lat' dir='ltr'>modum</span> <span class='ocrx_word' id='word_1_107' title='bbox 456 978 584 1020; x_wconf 87' lang='lat' dir='ltr'>quidem</span> <span class='ocrx_word' id='word_1_108' title='bbox 608 985 738 1009; x_wconf 89' lang='lat' dir='ltr'>sensum</span> <span class='ocrx_word' id='word_1_109' title='bbox 765 975 886 1017; x_wconf 82' lang='lat' dir='ltr'>praebet</span> <span class='ocrx_word' id='word_1_110' title='bbox 902 973 988 1016; x_wconf 83' lang='lat' dir='ltr'>quod</span> <span class='ocrx_word' id='word_1_111' title='bbox 1010 982 1066 1013; x_wconf 87' lang='lat' dir='ltr'>pro</span> <span class='ocrx_word' id='word_1_112' title='bbox 1093 973 1119 1014; x_wconf 86' lang='grc' dir='ltr'><strong>ᾦ</strong></span> <span class='ocrx_word' id='word_1_113' title='bbox 1139 973 1177 1011; x_wconf 84' lang='grc' dir='ltr'>δὴ</span> <span class='ocrx_word' id='word_1_114' title='bbox 1196 972 1289 1005; x_wconf 64' lang='grc' dir='ltr'>πλέον</span> <span class='ocrx_word' id='word_1_115' title='bbox 1303 973 1359 1004; x_wconf 78' lang='grc' dir='ltr'>καὶ</span> 
     </span>
     <span class='ocr_line' id='line_1_13' title="bbox 305 1006 1360 1082; baseline -0.008 -22"><span class='ocrx_word' id='word_1_116' title='bbox 305 1031 406 1068; x_wconf 81' lang='grc' dir='ltr'>μεῖζον</span> <span class='ocrx_word' id='word_1_117' title='bbox 422 1027 452 1058; x_wconf 90' lang='lat' dir='ltr'>in</span> <span class='ocrx_word' id='word_1_118' title='bbox 465 1024 650 1058; x_wconf 79' lang='lat' dir='ltr'>membrana</span> <span class='ocrx_word' id='word_1_119' title='bbox 658 1023 810 1082; x_wconf 68' lang='lat' dir='ltr'>Lipsiensi</span> <span class='ocrx_word' id='word_1_120' title='bbox 827 1022 982 1063; x_wconf 83' lang='lat' dir='ltr'>reperitur</span> <span class='ocrx_word' id='word_1_121' title='bbox 992 1021 1065 1059; x_wconf 84' lang='grc' dir='ltr'>εἰδὴ</span> <span class='ocrx_word' id='word_1_122' title='bbox 1078 1006 1130 1053; x_wconf 85' lang='grc' dir='ltr'>πλ.</span> <span class='ocrx_word' id='word_1_123' title='bbox 1146 1031 1177 1052; x_wconf 85' lang='grc' dir='ltr'>κ.</span> <span class='ocrx_word' id='word_1_124' title='bbox 1191 1031 1238 1060; x_wconf 91' lang='grc' dir='ltr'>μ.·</span> <span class='ocrx_word' id='word_1_125' title='bbox 1217 1043 1239 1061; x_wconf 88' lang='grc'>.,</span> <span class='ocrx_word' id='word_1_126' title='bbox 1254 1029 1360 1061; x_wconf 87' lang='lat' dir='ltr'>neque</span> 
     </span>
     <span class='ocr_line' id='line_1_14' title="bbox 306 1068 1361 1114; baseline -0.008 -6"><span class='ocrx_word' id='word_1_127' title='bbox 306 1079 409 1107; x_wconf 83' lang='lat' dir='ltr'>tamen</span> <span class='ocrx_word' id='word_1_128' title='bbox 429 1075 594 1114; x_wconf 80' lang='lat' dir='ltr'>propterea</span> <span class='ocrx_word' id='word_1_129' title='bbox 618 1071 726 1104; x_wconf 82' lang='lat' dir='ltr'>illud&#39;</span> <span class='ocrx_word' id='word_1_130' title='bbox 707 1083 733 1113; x_wconf 89' lang='grc' dir='ltr'>ῳ</span> <span class='ocrx_word' id='word_1_131' title='bbox 752 1070 1003 1112; x_wconf 85' lang='lat' dir='ltr'>reprobaverim.</span> <span class='ocrx_word' id='word_1_132' title='bbox 1019 1068 1237 1106; x_wconf 83' lang='lat' dir='ltr'><strong>Quamobrem</strong></span> <span class='ocrx_word' id='word_1_133' title='bbox 1255 1076 1361 1109; x_wconf 88' lang='lat' dir='ltr'>neque</span> 
     </span>
     <span class='ocr_line' id='line_1_15' title="bbox 305 1115 1362 1160; baseline -0.008 -5"><span class='ocrx_word' id='word_1_134' title='bbox 305 1121 497 1156; x_wconf 85' lang='lat' dir='ltr'>Fiillebornii</span> <span class='ocrx_word' id='word_1_135' title='bbox 530 1119 747 1160; x_wconf 70' lang='lat' dir='ltr'>coniecturam</span> <span class='ocrx_word' id='word_1_136' title='bbox 782 1119 799 1151; x_wconf 84' lang='grc' dir='ltr'><strong>ὃ</strong></span> <span class='ocrx_word' id='word_1_137' title='bbox 831 1118 863 1150; x_wconf 83' lang='grc' dir='ltr'>δὲ</span> <span class='ocrx_word' id='word_1_138' title='bbox 893 1118 1025 1158; x_wconf 79' lang='lat' dir='ltr'>tegentis</span> <span class='ocrx_word' id='word_1_139' title='bbox 1053 1115 1267 1149; x_wconf 79' lang='lat' dir='ltr'>necessariam</span> <span class='ocrx_word' id='word_1_140' title='bbox 1293 1124 1362 1148; x_wconf 86' lang='lat' dir='ltr'>esse</span> 
     </span>
     <span class='ocr_line' id='line_1_16' title="bbox 303 1163 1360 1209; baseline -0.007 -7"><span class='ocrx_word' id='word_1_141' title='bbox 303 1169 451 1209; x_wconf 72' lang='lat' dir='ltr'>arbitror,</span> <span class='ocrx_word' id='word_1_142' title='bbox 470 1176 575 1209; x_wconf 88' lang='lat' dir='ltr'>neque</span> <span class='ocrx_word' id='word_1_143' title='bbox 592 1167 714 1207; x_wconf 74' lang='lat' dir='ltr'>Bergkii</span> <span class='ocrx_word' id='word_1_144' title='bbox 734 1166 812 1199; x_wconf 86' lang='lat' dir='ltr'>illud</span> <span class='ocrx_word' id='word_1_145' title='bbox 829 1165 880 1207; x_wconf 76' lang='grc' dir='ltr'><strong>ᾖ</strong></span> <span class='ocrx_word' id='word_1_146' title='bbox 866 1166 898 1198; x_wconf 85' lang='grc' dir='ltr'>οὲ</span> <span class='ocrx_word' id='word_1_147' title='bbox 915 1166 1051 1198; x_wconf 86' lang='grc' dir='ltr'>πλέονκ</span> <span class='ocrx_word' id='word_1_148' title='bbox 1068 1176 1097 1197; x_wconf 88' lang='grc' dir='ltr'>τ.</span> <span class='ocrx_word' id='word_1_149' title='bbox 1117 1165 1146 1196; x_wconf 97' lang='grc' dir='ltr'>λ.</span> <span class='ocrx_word' id='word_1_150' title='bbox 1167 1163 1262 1204; x_wconf 90' lang='lat' dir='ltr'>Quod</span> <span class='ocrx_word' id='word_1_151' title='bbox 1274 1164 1360 1196; x_wconf 81' lang='lat' dir='ltr'>enim</span> 
     </span>
     <span class='ocr_line' id='line_1_17' title="bbox 303 1212 1359 1254; baseline -0.007 -4"><span class='ocrx_word' id='word_1_152' title='bbox 303 1217 449 1250; x_wconf 87' lang='lat' dir='ltr'>eruditus</span> <span class='ocrx_word' id='word_1_153' title='bbox 480 1216 532 1248; x_wconf 88' lang='lat' dir='ltr'>ille</span> <span class='ocrx_word' id='word_1_154' title='bbox 559 1215 609 1247; x_wconf 84' lang='lat' dir='ltr'>vir</span> <span class='ocrx_word' id='word_1_155' title='bbox 637 1215 693 1254; x_wconf 83' lang='lat' dir='ltr'>ait,</span> <span class='ocrx_word' id='word_1_156' title='bbox 722 1215 886 1248; x_wconf 86' lang='lat' dir='ltr'>Melissum</span> <span class='ocrx_word' id='word_1_157' title='bbox 907 1213 1024 1251; x_wconf 85' lang='lat' dir='ltr'>dicere,</span> <span class='ocrx_word' id='word_1_158' title='bbox 1047 1214 1206 1254; x_wconf 89' lang='lat' dir='ltr'>quatenus</span> <span class='ocrx_word' id='word_1_159' title='bbox 1226 1212 1255 1244; x_wconf 87' lang='lat' dir='ltr'>id</span> <span class='ocrx_word' id='word_1_160' title='bbox 1274 1212 1359 1253; x_wconf 87' lang='lat' dir='ltr'>quod</span> 
     </span>
     <span class='ocr_line' id='line_1_18' title="bbox 304 1259 1361 1303; baseline -0.006 -7"><span class='ocrx_word' id='word_1_161' title='bbox 304 1266 345 1297; x_wconf 84' lang='lat' dir='ltr'>sit</span> <span class='ocrx_word' id='word_1_162' title='bbox 361 1273 458 1303; x_wconf 79' lang='lat' dir='ltr'>auges</span> <span class='ocrx_word' id='word_1_163' title='bbox 443 1266 510 1295; x_wconf 73' lang='lat' dir='ltr'>scat</span> <span class='ocrx_word' id='word_1_164' title='bbox 536 1263 569 1294; x_wconf 88' lang='lat' dir='ltr'>et</span> <span class='ocrx_word' id='word_1_165' title='bbox 587 1262 721 1300; x_wconf 82' lang='lat' dir='ltr'>crescat,</span> <span class='ocrx_word' id='word_1_166' title='bbox 742 1262 876 1294; x_wconf 88' lang='lat' dir='ltr'>eatenus</span> <span class='ocrx_word' id='word_1_167' title='bbox 898 1259 1018 1301; x_wconf 80' lang='lat' dir='ltr'>aliquid</span> <span class='ocrx_word' id='word_1_168' title='bbox 1038 1268 1078 1292; x_wconf 86' lang='lat' dir='ltr'>ex</span> <span class='ocrx_word' id='word_1_169' title='bbox 1101 1259 1201 1292; x_wconf 88' lang='lat' dir='ltr'>nihilo</span> <span class='ocrx_word' id='word_1_170' title='bbox 1226 1259 1309 1299; x_wconf 82' lang='lat' dir='ltr'>sieri,</span> <span class='ocrx_word' id='word_1_171' title='bbox 1330 1259 1361 1291; x_wconf 92' lang='lat' dir='ltr'>id</span> 
     </span>
     <span class='ocr_line' id='line_1_19' title="bbox 305 1307 1360 1353; baseline -0.004 -11"><span class='ocrx_word' id='word_1_172' title='bbox 305 1320 360 1353; x_wconf 80' lang='lat' dir='ltr'>per</span> <span class='ocrx_word' id='word_1_173' title='bbox 374 1320 408 1343; x_wconf 87' lang='lat' dir='ltr'>se</span> <span class='ocrx_word' id='word_1_174' title='bbox 427 1310 556 1351; x_wconf 87' lang='lat' dir='ltr'>quidem</span> <span class='ocrx_word' id='word_1_175' title='bbox 577 1309 652 1341; x_wconf 91' lang='lat' dir='ltr'>huic</span> <span class='ocrx_word' id='word_1_176' title='bbox 675 1309 745 1341; x_wconf 93' lang='lat' dir='ltr'>loco</span> <span class='ocrx_word' id='word_1_177' title='bbox 761 1307 1041 1340; x_wconf 88' lang='lat' dir='ltr'>accommodatum</span> <span class='ocrx_word' id='word_1_178' title='bbox 1060 1308 1120 1346; x_wconf 90' lang='lat' dir='ltr'>est,</span> <span class='ocrx_word' id='word_1_179' title='bbox 1136 1315 1243 1348; x_wconf 89' lang='lat' dir='ltr'>neque</span> <span class='ocrx_word' id='word_1_180' title='bbox 1266 1315 1360 1347; x_wconf 84' lang='lat' dir='ltr'>repu-</span> 
     </span>
     <span class='ocr_line' id='line_1_20' title="bbox 304 1354 1363 1396; baseline -0.007 -5"><span class='ocrx_word' id='word_1_181' title='bbox 304 1358 459 1391; x_wconf 89' lang='lat' dir='ltr'>diandum</span> <span class='ocrx_word' id='word_1_182' title='bbox 473 1358 568 1396; x_wconf 86' lang='lat' dir='ltr'>esset,</span> <span class='ocrx_word' id='word_1_183' title='bbox 579 1357 604 1389; x_wconf 90' lang='lat' dir='ltr'>si</span> <span class='ocrx_word' id='word_1_184' title='bbox 622 1356 654 1388; x_wconf 92' lang='lat' dir='ltr'>in</span> <span class='ocrx_word' id='word_1_185' title='bbox 670 1356 758 1388; x_wconf 78' lang='lat' dir='ltr'>tibiis</span> <span class='ocrx_word' id='word_1_186' title='bbox 773 1364 868 1388; x_wconf 88' lang='lat' dir='ltr'>manu</span> <span class='ocrx_word' id='word_1_187' title='bbox 883 1355 1024 1388; x_wconf 84' lang='lat' dir='ltr'>exaratis</span> <span class='ocrx_word' id='word_1_188' title='bbox 1039 1354 1242 1395; x_wconf 78' lang='lat' dir='ltr'>reperiretur.</span> <span class='ocrx_word' id='word_1_189' title='bbox 1262 1354 1363 1394; x_wconf 90' lang='lat' dir='ltr'>Opor-</span> 
     </span>
     <span class='ocr_line' id='line_1_21' title="bbox 305 1400 1361 1445; baseline -0.004 -7"><span class='ocrx_word' id='word_1_190' title='bbox 305 1405 391 1438; x_wconf 81' lang='lat' dir='ltr'>tebat</span> <span class='ocrx_word' id='word_1_191' title='bbox 410 1406 518 1437; x_wconf 86' lang='lat' dir='ltr'>autem</span> <span class='ocrx_word' id='word_1_192' title='bbox 539 1403 707 1445; x_wconf 78' lang='lat' dir='ltr'><strong>sequentia</strong></span> <span class='ocrx_word' id='word_1_193' title='bbox 732 1403 780 1435; x_wconf 91' lang='lat' dir='ltr'>sic</span> <span class='ocrx_word' id='word_1_194' title='bbox 806 1402 1030 1435; x_wconf 79' lang='lat' dir='ltr'>conformari:</span> <span class='ocrx_word' id='word_1_195' title='bbox 1049 1403 1147 1443; x_wconf 78' lang='grc' dir='ltr'>ταύτῃ</span> <span class='ocrx_word' id='word_1_196' title='bbox 1170 1414 1200 1434; x_wconf 90' lang='grc' dir='ltr'>τι</span> <span class='ocrx_word' id='word_1_197' title='bbox 1217 1400 1361 1443; x_wconf 74' lang='grc' dir='ltr'>γενέσθαι</span> 
     </span>
     <span class='ocr_line' id='line_1_22' title="bbox 306 1449 1362 1491; baseline -0.005 -4"><span class='ocrx_word' id='word_1_198' title='bbox 306 1455 343 1487; x_wconf 85' lang='grc' dir='ltr'>ἂν</span> <span class='ocrx_word' id='word_1_199' title='bbox 365 1454 395 1485; x_wconf 78' lang='grc' dir='ltr'>ἐξ</span> <span class='ocrx_word' id='word_1_200' title='bbox 413 1451 548 1490; x_wconf 64' lang='grc' dir='ltr'>οὒδενὸς.</span> <span class='ocrx_word' id='word_1_201' title='bbox 594 1453 688 1483; x_wconf 91' lang='lat' dir='ltr'>Nunc</span> <span class='ocrx_word' id='word_1_202' title='bbox 707 1459 807 1491; x_wconf 91' lang='lat' dir='ltr'>quum</span> <span class='ocrx_word' id='word_1_203' title='bbox 828 1459 892 1483; x_wconf 92' lang='lat' dir='ltr'>non</span> <span class='ocrx_word' id='word_1_204' title='bbox 912 1449 1128 1491; x_wconf 79' lang='lat' dir='ltr'>incongruens</span> <span class='ocrx_word' id='word_1_205' title='bbox 1151 1450 1192 1481; x_wconf 89' lang='lat' dir='ltr'>sit</span> <span class='ocrx_word' id='word_1_206' title='bbox 1213 1451 1251 1491; x_wconf 86' lang='grc' dir='ltr'>ᾧ,</span> <span class='ocrx_word' id='word_1_207' title='bbox 1282 1450 1362 1482; x_wconf 88' lang='lat' dir='ltr'>nihil</span> 
     </span>
     <span class='ocr_line' id='line_1_23' title="bbox 305 1497 1360 1537; baseline -0.006 -3"><span class='ocrx_word' id='word_1_208' title='bbox 305 1500 497 1534; x_wconf 82' lang='lat' dir='ltr'>mutandum</span> <span class='ocrx_word' id='word_1_209' title='bbox 518 1499 654 1531; x_wconf 80' lang='lat' dir='ltr'>videtur.</span> <span class='ocrx_word' id='word_1_210' title='bbox 699 1500 780 1531; x_wconf 83' lang='lat' dir='ltr'>Nam</span> <span class='ocrx_word' id='word_1_211' title='bbox 802 1498 971 1530; x_wconf 81' lang='lat' dir='ltr'>manifesto</span> <span class='ocrx_word' id='word_1_212' title='bbox 991 1498 1050 1528; x_wconf 90' lang='lat' dir='ltr'>hoc</span> <span class='ocrx_word' id='word_1_213' title='bbox 1064 1497 1176 1529; x_wconf 82' lang='lat' dir='ltr'>statuit</span> <span class='ocrx_word' id='word_1_214' title='bbox 1203 1497 1292 1529; x_wconf 78' lang='lat' dir='ltr'>Metis</span> <span class='ocrx_word' id='word_1_215' title='bbox 1294 1506 1360 1537; x_wconf 81' lang='lat' dir='ltr'>sus,</span> 
     </span>
     <span class='ocr_line' id='line_1_24' title="bbox 304 1545 1363 1590; baseline -0.002 -10"><span class='ocrx_word' id='word_1_216' title='bbox 304 1549 335 1581; x_wconf 88' lang='lat' dir='ltr'>id</span> <span class='ocrx_word' id='word_1_217' title='bbox 361 1557 426 1590; x_wconf 90' lang='lat' dir='ltr'>quo</span> <span class='ocrx_word' id='word_1_218' title='bbox 441 1550 596 1587; x_wconf 83' lang='lat' dir='ltr'>augeatur</span> <span class='ocrx_word' id='word_1_219' title='bbox 618 1548 651 1579; x_wconf 88' lang='lat' dir='ltr'>et</span> <span class='ocrx_word' id='word_1_220' title='bbox 667 1547 789 1578; x_wconf 89' lang='lat' dir='ltr'>crescat</span> <span class='ocrx_word' id='word_1_221' title='bbox 814 1555 870 1578; x_wconf 86' lang='lat' dir='ltr'>ens</span> <span class='ocrx_word' id='word_1_222' title='bbox 890 1554 929 1578; x_wconf 85' lang='lat' dir='ltr'>ex</span> <span class='ocrx_word' id='word_1_223' title='bbox 954 1545 1053 1577; x_wconf 81' lang='lat' dir='ltr'>nihilo</span> <span class='ocrx_word' id='word_1_224' title='bbox 1078 1546 1156 1578; x_wconf 83' lang='lat' dir='ltr'>lieri.</span> <span class='ocrx_word' id='word_1_225' title='bbox 1205 1547 1363 1578; x_wconf 82' lang='lat' dir='ltr'>Praterea</span> 
     </span>
     <span class='ocr_line' id='line_1_25' title="bbox 304 1593 1362 1652; baseline -0.006 -22"><span class='ocrx_word' id='word_1_226' title='bbox 304 1598 406 1636; x_wconf 86' lang='lat' dir='ltr'>iocus,</span> <span class='ocrx_word' id='word_1_227' title='bbox 424 1596 477 1637; x_wconf 91' lang='lat' dir='ltr'>qui</span> <span class='ocrx_word' id='word_1_228' title='bbox 497 1596 527 1627; x_wconf 93' lang='lat' dir='ltr'>in</span> <span class='ocrx_word' id='word_1_229' title='bbox 545 1594 708 1652; x_wconf 82' lang='lat' dir='ltr'>plerisque</span> <span class='ocrx_word' id='word_1_230' title='bbox 728 1594 822 1626; x_wconf 84' lang='lat' dir='ltr'>codd.</span> <span class='ocrx_word' id='word_1_231' title='bbox 840 1594 885 1626; x_wconf 88' lang='lat' dir='ltr'>sic</span> <span class='ocrx_word' id='word_1_232' title='bbox 903 1594 1075 1626; x_wconf 82' lang='lat' dir='ltr'>exhibetur</span> <span class='ocrx_word' id='word_1_233' title='bbox 1089 1596 1135 1635; x_wconf 87' lang='grc' dir='ltr'>τῷ</span> <span class='ocrx_word' id='word_1_234' title='bbox 1150 1594 1209 1636; x_wconf 83' lang='grc' dir='ltr'>γὰρ</span> <span class='ocrx_word' id='word_1_235' title='bbox 1222 1593 1362 1626; x_wconf 76' lang='grc' dir='ltr'>ἐλάττονι</span> 
     </span>
     <span class='ocr_line' id='line_1_26' title="bbox 303 1640 1362 1684; baseline -0.004 -7"><span class='ocrx_word' id='word_1_236' title='bbox 303 1645 339 1677; x_wconf 88' lang='grc' dir='ltr'>τὸ</span> <span class='ocrx_word' id='word_1_237' title='bbox 349 1645 453 1682; x_wconf 84' lang='grc' dir='ltr'>πλέον,</span> <span class='ocrx_word' id='word_1_238' title='bbox 463 1643 482 1682; x_wconf 82' lang='grc' dir='ltr'><strong>ἢ</strong></span> <span class='ocrx_word' id='word_1_239' title='bbox 500 1642 526 1675; x_wconf 83' lang='grc' dir='ltr'>δ’</span> <span class='ocrx_word' id='word_1_240' title='bbox 544 1642 574 1674; x_wconf 86' lang='grc' dir='ltr'>ἐν</span> <span class='ocrx_word' id='word_1_241' title='bbox 594 1645 639 1683; x_wconf 84' lang='grc' dir='ltr'>τῷ</span> <span class='ocrx_word' id='word_1_242' title='bbox 657 1643 830 1684; x_wconf 81' lang='grc' dir='ltr'>μικροτέρῳ</span> <span class='ocrx_word' id='word_1_243' title='bbox 852 1641 888 1674; x_wconf 87' lang='grc' dir='ltr'>τὸ</span> <span class='ocrx_word' id='word_1_244' title='bbox 918 1644 1020 1682; x_wconf 81' lang='grc' dir='ltr'>μεῖζον</span> <span class='ocrx_word' id='word_1_245' title='bbox 1046 1641 1106 1683; x_wconf 76' lang='grc' dir='ltr'>οὐχ</span> <span class='ocrx_word' id='word_1_246' title='bbox 1121 1641 1244 1684; x_wconf 81' lang='grc' dir='ltr'>ὑπάρχε</span> <span class='ocrx_word' id='word_1_247' title='bbox 1230 1653 1273 1673; x_wconf 74' lang='grc' dir='ltr'>ειν</span> <span class='ocrx_word' id='word_1_248' title='bbox 1290 1640 1362 1673; x_wconf 80' lang='lat' dir='ltr'>ferri</span> 
     </span>
     <span class='ocr_line' id='line_1_27' title="bbox 304 1688 1363 1734; baseline -0.003 -9"><span class='ocrx_word' id='word_1_249' title='bbox 304 1693 427 1734; x_wconf 88' lang='lat' dir='ltr'>nequit.</span> <span class='ocrx_word' id='word_1_250' title='bbox 473 1690 521 1723; x_wconf 80' lang='lat' dir='ltr'>Ad</span> <span class='ocrx_word' id='word_1_251' title='bbox 546 1698 642 1731; x_wconf 89' lang='lat' dir='ltr'>quem</span> <span class='ocrx_word' id='word_1_252' title='bbox 667 1688 849 1721; x_wconf 88' lang='lat' dir='ltr'>sanandum</span> <span class='ocrx_word' id='word_1_253' title='bbox 869 1689 935 1729; x_wconf 82' lang='lat' dir='ltr'>jam</span> <span class='ocrx_word' id='word_1_254' title='bbox 960 1688 1096 1721; x_wconf 86' lang='lat' dir='ltr'>Beckius</span> <span class='ocrx_word' id='word_1_255' title='bbox 1113 1690 1144 1721; x_wconf 90' lang='lat' dir='ltr'>in</span> <span class='ocrx_word' id='word_1_256' title='bbox 1167 1689 1328 1721; x_wconf 87' lang='lat' dir='ltr'>enotauda</span> <span class='ocrx_word' id='word_1_257' title='bbox 1346 1698 1363 1722; x_wconf 89' lang='lat' dir='ltr'>e</span> 
     </span>
     <span class='ocr_line' id='line_1_28' title="bbox 303 1736 1361 1794; baseline -0.003 -23"><span class='ocrx_word' id='word_1_258' title='bbox 303 1739 376 1771; x_wconf 87' lang='lat' dir='ltr'>cod.</span> <span class='ocrx_word' id='word_1_259' title='bbox 398 1737 550 1794; x_wconf 82' lang='lat' dir='ltr'>Lipsiensi</span> <span class='ocrx_word' id='word_1_260' title='bbox 565 1737 722 1770; x_wconf 81' lang='lat' dir='ltr'>varietate</span> <span class='ocrx_word' id='word_1_261' title='bbox 741 1736 884 1768; x_wconf 90' lang='lat' dir='ltr'>lectionis</span> <span class='ocrx_word' id='word_1_262' title='bbox 899 1736 1081 1768; x_wconf 81' lang='lat' dir='ltr'>libellorum</span> <span class='ocrx_word' id='word_1_263' title='bbox 1096 1736 1361 1770; x_wconf 81' lang='lat' dir='ltr'>Aristoteleorum</span> 
     </span>
     <span class='ocr_line' id='line_1_29' title="bbox 304 1784 1363 1828; baseline -0.003 -8"><span class='ocrx_word' id='word_1_264' title='bbox 304 1788 334 1820; x_wconf 77' lang='grc' dir='ltr'>ἐν</span> <span class='ocrx_word' id='word_1_265' title='bbox 347 1790 392 1828; x_wconf 85' lang='grc' dir='ltr'>τῷ</span> <span class='ocrx_word' id='word_1_266' title='bbox 411 1787 471 1828; x_wconf 80' lang='grc' dir='ltr'>γὰρ</span> <span class='ocrx_word' id='word_1_267' title='bbox 491 1786 628 1818; x_wconf 79' lang='grc' dir='ltr'>ἐλάττονι</span> <span class='ocrx_word' id='word_1_268' title='bbox 658 1784 718 1825; x_wconf 86' lang='lat' dir='ltr'>legi</span> <span class='ocrx_word' id='word_1_269' title='bbox 747 1784 908 1825; x_wconf 82' lang='lat' dir='ltr'>voluerat,</span> <span class='ocrx_word' id='word_1_270' title='bbox 926 1793 999 1825; x_wconf 66' lang='lat' dir='ltr'>quae</span> <span class='ocrx_word' id='word_1_271' title='bbox 1030 1788 1138 1825; x_wconf 87' lang='lat' dir='ltr'>postea</span> <span class='ocrx_word' id='word_1_272' title='bbox 1152 1787 1185 1817; x_wconf 86' lang='lat' dir='ltr'>et</span> <span class='ocrx_word' id='word_1_273' title='bbox 1208 1785 1363 1818; x_wconf 87' lang='lat' dir='ltr'>Brandisii</span> 
     </span>
     <span class='ocr_line' id='line_1_30' title="bbox 304 1831 1364 1872; baseline -0.003 -5"><span class='ocrx_word' id='word_1_274' title='bbox 304 1834 460 1867; x_wconf 77' lang='lat' dir='ltr'>sementia</span> <span class='ocrx_word' id='word_1_275' title='bbox 480 1833 540 1865; x_wconf 83' lang='lat' dir='ltr'>fuit</span> <span class='ocrx_word' id='word_1_276' title='bbox 568 1832 602 1864; x_wconf 92' lang='lat' dir='ltr'>in</span> <span class='ocrx_word' id='word_1_277' title='bbox 631 1833 828 1864; x_wconf 83' lang='lat' dir='ltr'>commenti.</span> <span class='ocrx_word' id='word_1_278' title='bbox 858 1831 920 1864; x_wconf 80' lang='lat' dir='ltr'>Eu.</span> <span class='ocrx_word' id='word_1_279' title='bbox 950 1840 979 1872; x_wconf 90' lang='lat' dir='ltr'>p.</span> <span class='ocrx_word' id='word_1_280' title='bbox 1006 1834 1061 1864; x_wconf 88' lang='lat'>187</span> <span class='ocrx_word' id='word_1_281' title='bbox 1088 1831 1226 1871; x_wconf 88' lang='lat' dir='ltr'>prodita.</span> <span class='ocrx_word' id='word_1_282' title='bbox 1274 1833 1364 1865; x_wconf 84' lang='lat' dir='ltr'>idem</span> 
     </span>
     <span class='ocr_line' id='line_1_31' title="bbox 306 1879 1365 1924; baseline -0.003 -9"><span class='ocrx_word' id='word_1_283' title='bbox 306 1891 362 1924; x_wconf 93' lang='lat' dir='ltr'>pro</span> <span class='ocrx_word' id='word_1_284' title='bbox 380 1883 486 1923; x_wconf 84' lang='lat' dir='ltr'>inepto</span> <span class='ocrx_word' id='word_1_285' title='bbox 517 1881 571 1913; x_wconf 91' lang='lat' dir='ltr'>illo</span> <span class='ocrx_word' id='word_1_286' title='bbox 592 1881 612 1919; x_wconf 85' lang='grc' dir='ltr'>ἢ</span> <span class='ocrx_word' id='word_1_287' title='bbox 632 1879 658 1912; x_wconf 78' lang='grc' dir='ltr'>δ’</span> <span class='ocrx_word' id='word_1_288' title='bbox 675 1880 707 1912; x_wconf 83' lang='grc' dir='ltr'>ἐν</span> <span class='ocrx_word' id='word_1_289' title='bbox 732 1883 777 1920; x_wconf 88' lang='grc' dir='ltr'>τῷ</span> <span class='ocrx_word' id='word_1_290' title='bbox 806 1879 979 1922; x_wconf 73' lang='grc' dir='ltr'>μικροτέρῳ</span> <span class='ocrx_word' id='word_1_291' title='bbox 1003 1880 1079 1920; x_wconf 87' lang='lat' dir='ltr'>legit</span> <span class='ocrx_word' id='word_1_292' title='bbox 1094 1880 1144 1919; x_wconf 79' lang='grc' dir='ltr'>ἠδ’</span> <span class='ocrx_word' id='word_1_293' title='bbox 1160 1879 1270 1912; x_wconf 91' lang='lat' dir='ltr'>addita</span> <span class='ocrx_word' id='word_1_294' title='bbox 1292 1880 1365 1912; x_wconf 91' lang='lat' dir='ltr'>libri</span> 
     </span>
     <span class='ocr_line' id='line_1_32' title="bbox 306 1926 1362 1972; baseline -0.003 -9"><span class='ocrx_word' id='word_1_295' title='bbox 306 1930 475 1972; x_wconf 79' lang='lat' dir='ltr'>Lipsiensis</span> <span class='ocrx_word' id='word_1_296' title='bbox 489 1929 646 1970; x_wconf 73' lang='lat' dir='ltr'>scriptura</span> <span class='ocrx_word' id='word_1_297' title='bbox 660 1929 714 1960; x_wconf 85' lang='grc' dir='ltr'>καὶ</span> <span class='ocrx_word' id='word_1_298' title='bbox 732 1926 797 1960; x_wconf 76' lang='grc' dir='ltr'>οὐδ’</span> <span class='ocrx_word' id='word_1_299' title='bbox 814 1928 846 1959; x_wconf 84' lang='grc' dir='ltr'>ἐν</span> <span class='ocrx_word' id='word_1_300' title='bbox 860 1930 906 1969; x_wconf 87' lang='grc' dir='ltr'>τῷ</span> <span class='ocrx_word' id='word_1_301' title='bbox 923 1939 1010 1970; x_wconf 82' lang='grc' dir='ltr'>μικρ</span> <span class='ocrx_word' id='word_1_302' title='bbox 1002 1928 1106 1970; x_wconf 80' lang='grc' dir='ltr'>τέρῳ.</span> <span class='ocrx_word' id='word_1_303' title='bbox 1121 1928 1253 1969; x_wconf 79' lang='lat' dir='ltr'>Aliquot</span> <span class='ocrx_word' id='word_1_304' title='bbox 1267 1928 1362 1961; x_wconf 85' lang='lat' dir='ltr'>codd.</span> 
     </span>
     <span class='ocr_line' id='line_1_33' title="bbox 305 1974 1363 2020; baseline -0.003 -10"><span class='ocrx_word' id='word_1_305' title='bbox 305 1978 389 2020; x_wconf 87' lang='lat' dir='ltr'>apud</span> <span class='ocrx_word' id='word_1_306' title='bbox 407 1976 587 2010; x_wconf 77' lang='lat' dir='ltr'>Bekkerum</span> <span class='ocrx_word' id='word_1_307' title='bbox 604 1974 854 2015; x_wconf 73' lang='lat' dir='ltr'>oi6’313ergkius</span> <span class='ocrx_word' id='word_1_308' title='bbox 871 1975 946 2007; x_wconf 90' lang='lat' dir='ltr'>coll.</span> <span class='ocrx_word' id='word_1_309' title='bbox 970 1976 1013 2007; x_wconf 75' lang='lat' dir='ltr'>ts,</span> <span class='ocrx_word' id='word_1_310' title='bbox 1031 1974 1072 2007; x_wconf 86' lang='lat' dir='ltr'>de</span> <span class='ocrx_word' id='word_1_311' title='bbox 1092 1975 1281 2008; x_wconf 75' lang='lat' dir='ltr'>Philoclem</span> <span class='ocrx_word' id='word_1_312' title='bbox 1306 1976 1363 2008; x_wconf 87' lang='lat' dir='ltr'>he-</span> 
     </span>
     <span class='ocr_line' id='line_1_34' title="bbox 306 2023 1365 2067; baseline -0.004 -9"><span class='ocrx_word' id='word_1_313' title='bbox 306 2026 371 2058; x_wconf 88' lang='lat' dir='ltr'>red.</span> <span class='ocrx_word' id='word_1_314' title='bbox 391 2035 423 2067; x_wconf 89' lang='lat' dir='ltr'>p.</span> <span class='ocrx_word' id='word_1_315' title='bbox 449 2029 505 2057; x_wconf 83' lang='grc'>132</span> <span class='ocrx_word' id='word_1_316' title='bbox 521 2025 712 2065; x_wconf 74' lang='grc' dir='ltr'>παραδοῦναι</span> <span class='ocrx_word' id='word_1_317' title='bbox 727 2023 798 2056; x_wconf 80' lang='grc' dir='ltr'>οὔτε</span> <span class='ocrx_word' id='word_1_318' title='bbox 811 2023 900 2055; x_wconf 77' lang='grc' dir='ltr'>λαὸε</span> <span class='ocrx_word' id='word_1_319' title='bbox 889 2035 916 2055; x_wconf 91' lang='grc' dir='ltr'>ιν</span> <span class='ocrx_word' id='word_1_320' title='bbox 935 2023 1090 2061; x_wconf 83' lang='grc' dir='ltr'>ἠθέλησαν</span> <span class='ocrx_word' id='word_1_321' title='bbox 1111 2023 1173 2055; x_wconf 86' lang='lat' dir='ltr'>hoo</span> <span class='ocrx_word' id='word_1_322' title='bbox 1191 2023 1262 2055; x_wconf 93' lang='lat' dir='ltr'>loco</span> <span class='ocrx_word' id='word_1_323' title='bbox 1287 2032 1365 2064; x_wconf 84' lang='lat' dir='ltr'>prae-</span> 
     </span>
     <span class='ocr_line' id='line_1_35' title="bbox 304 2070 1365 2114; baseline -0.003 -9"><span class='ocrx_word' id='word_1_324' title='bbox 304 2076 387 2106; x_wconf 84' lang='lat' dir='ltr'>stare</span> <span class='ocrx_word' id='word_1_325' title='bbox 403 2074 494 2114; x_wconf 87' lang='lat' dir='ltr'>putat</span> <span class='ocrx_word' id='word_1_326' title='bbox 517 2071 582 2104; x_wconf 78' lang='grc' dir='ltr'>οὔτ’</span> <span class='ocrx_word' id='word_1_327' title='bbox 602 2073 632 2104; x_wconf 83' lang='grc' dir='ltr'>ἐν</span> <span class='ocrx_word' id='word_1_328' title='bbox 648 2075 694 2113; x_wconf 88' lang='grc' dir='ltr'>τῷ</span> <span class='ocrx_word' id='word_1_329' title='bbox 709 2072 891 2114; x_wconf 73' lang='grc' dir='ltr'>μικροτέρῳ.</span> <span class='ocrx_word' id='word_1_330' title='bbox 938 2070 1015 2103; x_wconf 92' lang='lat' dir='ltr'>Mihi</span> <span class='ocrx_word' id='word_1_331' title='bbox 1039 2070 1214 2111; x_wconf 81' lang='lat' dir='ltr'>legendum</span> <span class='ocrx_word' id='word_1_332' title='bbox 1235 2070 1365 2103; x_wconf 87' lang='lat' dir='ltr'>videtur</span> 
     </span>
     <span class='ocr_line' id='line_1_36' title="bbox 304 2118 1364 2162; baseline -0.003 -9"><span class='ocrx_word' id='word_1_333' title='bbox 304 2123 360 2153; x_wconf 83' lang='lat' dir='ltr'>aut</span> <span class='ocrx_word' id='word_1_334' title='bbox 373 2121 404 2153; x_wconf 85' lang='grc' dir='ltr'>ἐν</span> <span class='ocrx_word' id='word_1_335' title='bbox 420 2120 477 2162; x_wconf 86' lang='grc' dir='ltr'>γὰρ</span> <span class='ocrx_word' id='word_1_336' title='bbox 498 2122 544 2161; x_wconf 82' lang='grc' dir='ltr'>τῷ</span> <span class='ocrx_word' id='word_1_337' title='bbox 560 2118 696 2151; x_wconf 82' lang='grc' dir='ltr'>ἐλάττονι</span> <span class='ocrx_word' id='word_1_338' title='bbox 710 2119 746 2151; x_wconf 82' lang='grc' dir='ltr'>τὸ</span> <span class='ocrx_word' id='word_1_339' title='bbox 758 2119 866 2157; x_wconf 75' lang='grc' dir='ltr'>πὶέον,</span> <span class='ocrx_word' id='word_1_340' title='bbox 880 2119 900 2157; x_wconf 88' lang='grc' dir='ltr'>ἢ</span> <span class='ocrx_word' id='word_1_341' title='bbox 915 2118 946 2150; x_wconf 83' lang='grc' dir='ltr'>ἐν</span> <span class='ocrx_word' id='word_1_342' title='bbox 962 2121 1008 2160; x_wconf 85' lang='grc' dir='ltr'>τῷ</span> <span class='ocrx_word' id='word_1_343' title='bbox 1023 2118 1193 2161; x_wconf 75' lang='grc' dir='ltr'>μικροτέρῳ</span> <span class='ocrx_word' id='word_1_344' title='bbox 1206 2118 1242 2150; x_wconf 88' lang='grc' dir='ltr'>τὸ</span> <span class='ocrx_word' id='word_1_345' title='bbox 1259 2121 1364 2159; x_wconf 89' lang='grc' dir='ltr'>μειζον</span> 
     </span>
     <span class='ocr_line' id='line_1_37' title="bbox 305 2165 1365 2210; baseline -0.002 -10"><span class='ocrx_word' id='word_1_346' title='bbox 305 2168 364 2210; x_wconf 77' lang='grc' dir='ltr'>οὐχ</span> <span class='ocrx_word' id='word_1_347' title='bbox 381 2167 531 2210; x_wconf 77' lang='grc' dir='ltr'>ὑπάρχειν</span> <span class='ocrx_word' id='word_1_348' title='bbox 549 2171 605 2198; x_wconf 91' lang='lat' dir='ltr'>aut</span> <span class='ocrx_word' id='word_1_349' title='bbox 620 2166 707 2207; x_wconf 87' lang='lat' dir='ltr'>quod</span> <span class='ocrx_word' id='word_1_350' title='bbox 727 2165 828 2207; x_wconf 84' lang='lat' dir='ltr'>magis</span> <span class='ocrx_word' id='word_1_351' title='bbox 848 2166 946 2198; x_wconf 89' lang='lat' dir='ltr'>etiam</span> <span class='ocrx_word' id='word_1_352' title='bbox 962 2169 1214 2199; x_wconf 86' lang='lat' dir='ltr'>consentaneum</span> <span class='ocrx_word' id='word_1_353' title='bbox 1237 2165 1365 2198; x_wconf 74' lang='grc' dir='ltr'>)ἰᾱοῑυι·</span> 
     </span>
     <span class='ocr_line' id='line_1_38' title="bbox 306 2213 1365 2258; baseline -0.003 -10"><span class='ocrx_word' id='word_1_354' title='bbox 306 2216 341 2248; x_wconf 82' lang='grc' dir='ltr'>οὗ</span> <span class='ocrx_word' id='word_1_355' title='bbox 350 2215 450 2258; x_wconf 86' lang='grc' dir='ltr'>γὰρέν</span> <span class='ocrx_word' id='word_1_356' title='bbox 459 2218 504 2257; x_wconf 88' lang='grc' dir='ltr'>τῷ</span> <span class='ocrx_word' id='word_1_357' title='bbox 521 2214 657 2247; x_wconf 86' lang='grc' dir='ltr'>ἐλάττονι</span> <span class='ocrx_word' id='word_1_358' title='bbox 671 2214 706 2246; x_wconf 89' lang='grc' dir='ltr'>τὸ</span> <span class='ocrx_word' id='word_1_359' title='bbox 719 2215 823 2253; x_wconf 84' lang='grc' dir='ltr'>πλέον,</span> <span class='ocrx_word' id='word_1_360' title='bbox 840 2213 948 2246; x_wconf 82' lang='grc' dir='ltr'>οὐδ’ἐν</span> <span class='ocrx_word' id='word_1_361' title='bbox 963 2216 1010 2255; x_wconf 85' lang='grc' dir='ltr'>τῷ</span> <span class='ocrx_word' id='word_1_362' title='bbox 1024 2214 1197 2256; x_wconf 78' lang='grc' dir='ltr'>μικροτέρῳ</span> <span class='ocrx_word' id='word_1_363' title='bbox 1211 2213 1247 2246; x_wconf 87' lang='grc' dir='ltr'>τὸ</span> <span class='ocrx_word' id='word_1_364' title='bbox 1261 2217 1365 2254; x_wconf 81' lang='grc' dir='ltr'>μεῖζον</span> 
     </span>
     <span class='ocr_line' id='line_1_39' title="bbox 305 2259 1362 2305; baseline -0.002 -10"><span class='ocrx_word' id='word_1_365' title='bbox 305 2262 464 2305; x_wconf 79' lang='grc' dir='ltr'>ὐπάρχειν.</span> <span class='ocrx_word' id='word_1_366' title='bbox 511 2260 606 2299; x_wconf 86' lang='lat' dir='ltr'>Quod</span> <span class='ocrx_word' id='word_1_367' title='bbox 623 2260 784 2302; x_wconf 88' lang='lat' dir='ltr'>reliquum</span> <span class='ocrx_word' id='word_1_368' title='bbox 798 2261 859 2299; x_wconf 86' lang='lat' dir='ltr'>est,</span> <span class='ocrx_word' id='word_1_369' title='bbox 877 2259 979 2294; x_wconf 86' lang='lat' dir='ltr'>bene</span> <span class='ocrx_word' id='word_1_370' title='bbox 969 2269 1036 2302; x_wconf 64' lang='lat' dir='ltr'>jam</span> <span class='ocrx_word' id='word_1_371' title='bbox 1054 2260 1241 2293; x_wconf 88' lang='lat' dir='ltr'>Brandisius</span> <span class='ocrx_word' id='word_1_372' title='bbox 1254 2261 1362 2294; x_wconf 89' lang='lat' dir='ltr'>obser-</span> 
     </span>
     <span class='ocr_line' id='line_1_40' title="bbox 306 2307 1361 2350; baseline 0 -10"><span class='ocrx_word' id='word_1_373' title='bbox 306 2309 406 2348; x_wconf 85' lang='lat' dir='ltr'>vavit,</span> <span class='ocrx_word' id='word_1_374' title='bbox 423 2317 524 2350; x_wconf 89' lang='lat' dir='ltr'>quum</span> <span class='ocrx_word' id='word_1_375' title='bbox 548 2308 696 2341; x_wconf 83' lang='lat' dir='ltr'>Melissus</span> <span class='ocrx_word' id='word_1_376' title='bbox 713 2307 764 2341; x_wconf 91' lang='lat' dir='ltr'>hic</span> <span class='ocrx_word' id='word_1_377' title='bbox 783 2308 910 2348; x_wconf 85' lang='lat' dir='ltr'>doceat,</span> <span class='ocrx_word' id='word_1_378' title='bbox 936 2316 977 2341; x_wconf 85' lang='lat' dir='ltr'>ex</span> <span class='ocrx_word' id='word_1_379' title='bbox 999 2308 1099 2340; x_wconf 88' lang='lat' dir='ltr'>nihilo</span> <span class='ocrx_word' id='word_1_380' title='bbox 1119 2307 1187 2342; x_wconf 84' lang='lat' dir='ltr'>lieri</span> <span class='ocrx_word' id='word_1_381' title='bbox 1203 2308 1361 2350; x_wconf 90' lang='lat' dir='ltr'>quidquid</span> 
     </span>
     <span class='ocr_line' id='line_1_41' title="bbox 306 2355 1358 2397; baseline 0.001 -9"><span class='ocrx_word' id='word_1_382' title='bbox 306 2357 378 2389; x_wconf 84' lang='lat' dir='ltr'>novi</span> <span class='ocrx_word' id='word_1_383' title='bbox 395 2356 527 2390; x_wconf 79' lang='lat' dir='ltr'>accedat</span> <span class='ocrx_word' id='word_1_384' title='bbox 553 2356 631 2395; x_wconf 89' lang='lat' dir='ltr'>enti,</span> <span class='ocrx_word' id='word_1_385' title='bbox 651 2355 752 2389; x_wconf 81' lang='lat' dir='ltr'>viden·</span> <span class='ocrx_word' id='word_1_386' title='bbox 778 2355 981 2389; x_wconf 76' lang='lat' dir='ltr'>Aristotelem</span> <span class='ocrx_word' id='word_1_387' title='bbox 1014 2356 1075 2388; x_wconf 89' lang='lat' dir='ltr'>hoc</span> <span class='ocrx_word' id='word_1_388' title='bbox 1093 2359 1295 2397; x_wconf 80' lang='lat' dir='ltr'>praeceptum</span> <span class='ocrx_word' id='word_1_389' title='bbox 1314 2365 1358 2389; x_wconf 85' lang='lat' dir='ltr'>ex</span> 
     </span>
     <span class='ocr_line' id='line_1_42' title="bbox 307 2403 1361 2446; baseline 0.001 -10"><span class='ocrx_word' id='word_1_390' title='bbox 307 2404 370 2437; x_wconf 87' lang='lat' dir='ltr'>alio</span> <span class='ocrx_word' id='word_1_391' title='bbox 387 2404 504 2437; x_wconf 86' lang='lat' dir='ltr'>Melissi</span> <span class='ocrx_word' id='word_1_392' title='bbox 522 2404 605 2444; x_wconf 82' lang='lat' dir='ltr'>loco,</span> <span class='ocrx_word' id='word_1_393' title='bbox 632 2411 697 2436; x_wconf 91' lang='lat' dir='ltr'>non</span> <span class='ocrx_word' id='word_1_394' title='bbox 720 2411 760 2436; x_wconf 85' lang='lat' dir='ltr'>ex</span> <span class='ocrx_word' id='word_1_395' title='bbox 789 2403 895 2446; x_wconf 91' lang='lat' dir='ltr'>primo</span> <span class='ocrx_word' id='word_1_396' title='bbox 921 2403 1100 2445; x_wconf 80' lang='lat' dir='ltr'>fragmento</span> <span class='ocrx_word' id='word_1_397' title='bbox 1113 2405 1277 2438; x_wconf 86' lang='lat' dir='ltr'>sumsisse.</span> <span class='ocrx_word' id='word_1_398' title='bbox 1324 2407 1361 2438; x_wconf 84' lang='lat' dir='ltr'>In</span> 
     </span>
     <span class='ocr_line' id='line_1_43' title="bbox 309 2450 1364 2492; baseline 0.001 -9"><span class='ocrx_word' id='word_1_399' title='bbox 309 2451 413 2484; x_wconf 83' lang='lat' dir='ltr'>verbis</span> <span class='ocrx_word' id='word_1_400' title='bbox 432 2451 502 2484; x_wconf 81' lang='grc' dir='ltr'>οὐδὲ</span> <span class='ocrx_word' id='word_1_401' title='bbox 525 2451 668 2490; x_wconf 80' lang='grc' dir='ltr'>τελευτὴν</span> <span class='ocrx_word' id='word_1_402' title='bbox 684 2451 727 2488; x_wconf 80' lang='grc' dir='ltr'>εἰς</span> <span class='ocrx_word' id='word_1_403' title='bbox 741 2451 780 2490; x_wconf 83' lang='grc' dir='ltr'>ἢν</span> <span class='ocrx_word' id='word_1_404' title='bbox 804 2450 987 2492; x_wconf 83' lang='grc' dir='ltr'>γιγνόμενον</span> <span class='ocrx_word' id='word_1_405' title='bbox 1013 2451 1052 2483; x_wconf 81' lang='grc' dir='ltr'>ἂν</span> <span class='ocrx_word' id='word_1_406' title='bbox 1080 2450 1262 2491; x_wconf 72' lang='grc' dir='ltr'>ἐτελεύτησε</span> <span class='ocrx_word' id='word_1_407' title='bbox 1287 2463 1364 2485; x_wconf 85' lang='grc' dir='ltr'>ποτε</span> 
     </span>
     <span class='ocr_line' id='line_1_44' title="bbox 308 2498 1364 2541; baseline 0 -9"><span class='ocrx_word' id='word_1_408' title='bbox 308 2498 550 2540; x_wconf 77' lang='lat' dir='ltr'>sytburgianam</span> <span class='ocrx_word' id='word_1_409' title='bbox 581 2498 752 2532; x_wconf 86' lang='lat' dir='ltr'>lectionem</span> <span class='ocrx_word' id='word_1_410' title='bbox 767 2499 809 2536; x_wconf 78' lang='grc' dir='ltr'>εἰς</span> <span class='ocrx_word' id='word_1_411' title='bbox 828 2498 866 2537; x_wconf 87' lang='grc' dir='ltr'>ἢν</span> <span class='ocrx_word' id='word_1_412' title='bbox 887 2498 1027 2540; x_wconf 81' lang='lat' dir='ltr'>vutgatae</span> <span class='ocrx_word' id='word_1_413' title='bbox 1043 2499 1086 2537; x_wconf 79' lang='grc' dir='ltr'>εἰς</span> <span class='ocrx_word' id='word_1_414' title='bbox 1113 2499 1130 2532; x_wconf 88' lang='grc' dir='ltr'><strong>ὃ</strong></span> <span class='ocrx_word' id='word_1_415' title='bbox 1159 2499 1364 2541; x_wconf 82' lang='lat' dir='ltr'>praetulimus</span> 
     </span>
     <span class='ocr_line' id='line_1_45' title="bbox 309 2545 1365 2589; baseline 0.001 -11"><span class='ocrx_word' id='word_1_416' title='bbox 309 2547 407 2587; x_wconf 88' lang='lat' dir='ltr'>atque</span> <span class='ocrx_word' id='word_1_417' title='bbox 422 2547 505 2580; x_wconf 88' lang='lat' dir='ltr'>inter</span> <span class='ocrx_word' id='word_1_418' title='bbox 527 2546 708 2589; x_wconf 81' lang='grc' dir='ltr'>γιγνόμενον</span> <span class='ocrx_word' id='word_1_419' title='bbox 733 2549 765 2579; x_wconf 85' lang='lat' dir='ltr'>et</span> <span class='ocrx_word' id='word_1_420' title='bbox 792 2545 971 2584; x_wconf 81' lang='grc' dir='ltr'>ἐτελεύτησε</span> <span class='ocrx_word' id='word_1_421' title='bbox 997 2547 1192 2580; x_wconf 88' lang='lat' dir='ltr'>inseruimus</span> <span class='ocrx_word' id='word_1_422' title='bbox 1208 2547 1257 2589; x_wconf 86' lang='grc' dir='ltr'>ἄν,</span> <span class='ocrx_word' id='word_1_423' title='bbox 1278 2548 1365 2588; x_wconf 90' lang='lat' dir='ltr'>quod</span> 
     </span>
     <span class='ocr_line' id='line_1_46' title="bbox 310 2594 1364 2637; baseline 0.002 -11"><span class='ocrx_word' id='word_1_424' title='bbox 310 2594 432 2635; x_wconf 73' lang='lat' dir='ltr'>flagitat</span> <span class='ocrx_word' id='word_1_425' title='bbox 452 2595 623 2628; x_wconf 85' lang='lat' dir='ltr'>sententia.</span> <span class='ocrx_word' id='word_1_426' title='bbox 669 2596 779 2636; x_wconf 86' lang='lat' dir='ltr'>Neque</span> <span class='ocrx_word' id='word_1_427' title='bbox 805 2595 891 2627; x_wconf 91' lang='lat' dir='ltr'>enim</span> <span class='ocrx_word' id='word_1_428' title='bbox 912 2595 1048 2627; x_wconf 90' lang='lat' dir='ltr'>dubium</span> <span class='ocrx_word' id='word_1_429' title='bbox 1071 2595 1214 2635; x_wconf 86' lang='lat' dir='ltr'>videtur,</span> <span class='ocrx_word' id='word_1_430' title='bbox 1234 2596 1312 2637; x_wconf 91' lang='lat' dir='ltr'>quin</span> <span class='ocrx_word' id='word_1_431' title='bbox 1330 2596 1364 2628; x_wconf 91' lang='lat' dir='ltr'>in</span> 
     </span>
     <span class='ocr_line' id='line_1_47' title="bbox 311 2641 1366 2702; baseline 0.002 -28"><span class='ocrx_word' id='word_1_432' title='bbox 311 2641 520 2682; x_wconf 83' lang='lat' dir='ltr'>excerpendis</span> <span class='ocrx_word' id='word_1_433' title='bbox 548 2641 729 2683; x_wconf 80' lang='lat' dir='ltr'>philosophi</span> <span class='ocrx_word' id='word_1_434' title='bbox 756 2641 887 2674; x_wconf 84' lang='lat' dir='ltr'>Eleatici</span> <span class='ocrx_word' id='word_1_435' title='bbox 917 2642 1041 2683; x_wconf 88' lang='lat' dir='ltr'>placitis</span> <span class='ocrx_word' id='word_1_436' title='bbox 1066 2643 1165 2676; x_wconf 83' lang='lat' dir='ltr'>talem</span> <span class='ocrx_word' id='word_1_437' title='bbox 1185 2643 1366 2702; x_wconf 71' lang='lat' dir='ltr'>respexerit</span> 
     </span>
     <span class='ocr_line' id='line_1_48' title="bbox 310 2689 1365 2734; baseline 0.002 -12"><span class='ocrx_word' id='word_1_438' title='bbox 310 2689 416 2722; x_wconf 89' lang='lat' dir='ltr'>locum</span> <span class='ocrx_word' id='word_1_439' title='bbox 434 2689 632 2729; x_wconf 78' lang='lat' dir='ltr'>Aristoteles,</span> <span class='ocrx_word' id='word_1_440' title='bbox 646 2690 751 2731; x_wconf 88' lang='lat' dir='ltr'>qualis</span> <span class='ocrx_word' id='word_1_441' title='bbox 767 2690 857 2722; x_wconf 85' lang='lat' dir='ltr'>estin</span> <span class='ocrx_word' id='word_1_442' title='bbox 869 2690 983 2731; x_wconf 78' lang='lat' dir='ltr'>iraom</span> <span class='ocrx_word' id='word_1_443' title='bbox 997 2693 1040 2723; x_wconf 88' lang='lat'>7:</span> <span class='ocrx_word' id='word_1_444' title='bbox 1055 2692 1082 2724; x_wconf 81' lang='lat' dir='ltr'>et</span> <span class='ocrx_word' id='word_1_445' title='bbox 1094 2691 1149 2734; x_wconf 83' lang='grc' dir='ltr'>μὲν</span> <span class='ocrx_word' id='word_1_446' title='bbox 1159 2691 1219 2734; x_wconf 85' lang='grc' dir='ltr'>γὰρ</span> <span class='ocrx_word' id='word_1_447' title='bbox 1231 2692 1365 2732; x_wconf 81' lang='grc' dir='ltr'>ἐγένετο,</span> 
     </span>
     <span class='ocr_line' id='line_1_49' title="bbox 311 2737 1364 2780; baseline 0.002 -11"><span class='ocrx_word' id='word_1_448' title='bbox 311 2737 410 2779; x_wconf 81' lang='grc' dir='ltr'>ἀρχὴν</span> <span class='ocrx_word' id='word_1_449' title='bbox 427 2737 464 2769; x_wconf 83' lang='grc' dir='ltr'>ἂν</span> <span class='ocrx_word' id='word_1_450' title='bbox 482 2737 577 2779; x_wconf 81' lang='grc' dir='ltr'>εἶχεν,</span> <span class='ocrx_word' id='word_1_451' title='bbox 594 2737 705 2780; x_wconf 81' lang='grc' dir='ltr'>ἤρξατο</span> <span class='ocrx_word' id='word_1_452' title='bbox 718 2737 776 2779; x_wconf 87' lang='grc' dir='ltr'>γὰρ</span> <span class='ocrx_word' id='word_1_453' title='bbox 789 2737 825 2770; x_wconf 82' lang='grc' dir='ltr'>ἄν</span> <span class='ocrx_word' id='word_1_454' title='bbox 844 2749 920 2771; x_wconf 85' lang='grc' dir='ltr'>ποτε</span> <span class='ocrx_word' id='word_1_455' title='bbox 940 2738 1121 2780; x_wconf 79' lang='grc' dir='ltr'>γινόμενον·</span> <span class='ocrx_word' id='word_1_456' title='bbox 1141 2740 1195 2772; x_wconf 82' lang='grc' dir='ltr'>καὶ</span> <span class='ocrx_word' id='word_1_457' title='bbox 1208 2739 1364 2778; x_wconf 89' lang='grc' dir='ltr'>τελευτήν·</span> 
     </span>
     <span class='ocr_line' id='line_1_50' title="bbox 311 2783 1364 2828; baseline 0.002 -12"><span class='ocrx_word' id='word_1_458' title='bbox 311 2783 490 2822; x_wconf 76' lang='grc' dir='ltr'>ἐτελεύτησε</span> <span class='ocrx_word' id='word_1_459' title='bbox 498 2784 557 2825; x_wconf 81' lang='grc' dir='ltr'>γὰρ</span> <span class='ocrx_word' id='word_1_460' title='bbox 568 2783 605 2816; x_wconf 86' lang='grc' dir='ltr'>ἄν</span> <span class='ocrx_word' id='word_1_461' title='bbox 620 2795 696 2817; x_wconf 88' lang='grc' dir='ltr'>ποτε</span> <span class='ocrx_word' id='word_1_462' title='bbox 709 2784 880 2826; x_wconf 75' lang='grc' dir='ltr'>γινόμενον.</span> <span class='ocrx_word' id='word_1_463' title='bbox 926 2787 1146 2825; x_wconf 78' lang='lat' dir='ltr'>Quamobrem</span> <span class='ocrx_word' id='word_1_464' title='bbox 1162 2786 1251 2828; x_wconf 87' lang='lat' dir='ltr'>quod</span> <span class='ocrx_word' id='word_1_465' title='bbox 1267 2788 1364 2828; x_wconf 84' lang='lat' dir='ltr'>Berg-</span> 
     </span>
     <span class='ocr_line' id='line_1_51' title="bbox 312 2830 1368 2873; baseline 0.004 -10"><span class='ocrx_word' id='word_1_466' title='bbox 312 2830 384 2864; x_wconf 81' lang='lat' dir='ltr'>kius</span> <span class='ocrx_word' id='word_1_467' title='bbox 403 2831 587 2864; x_wconf 83' lang='lat' dir='ltr'>dubitanter</span> <span class='ocrx_word' id='word_1_468' title='bbox 604 2830 751 2873; x_wconf 85' lang='lat' dir='ltr'>proponit</span> <span class='ocrx_word' id='word_1_469' title='bbox 774 2832 949 2871; x_wconf 81' lang='grc' dir='ltr'>τελευτήσει</span> <span class='ocrx_word' id='word_1_470' title='bbox 974 2834 1190 2867; x_wconf 88' lang='lat' dir='ltr'>necessarium</span> <span class='ocrx_word' id='word_1_471' title='bbox 1206 2842 1274 2867; x_wconf 87' lang='lat' dir='ltr'>non</span> <span class='ocrx_word' id='word_1_472' title='bbox 1297 2843 1368 2867; x_wconf 83' lang='lat' dir='ltr'>esse</span> 
     </span>
     <span class='ocr_line' id='line_1_52' title="bbox 312 2878 518 2912; baseline -0.005 -1"><span class='ocrx_word' id='word_1_473' title='bbox 312 2878 518 2912; x_wconf 81' lang='lat' dir='ltr'>arbitramur.</span> 
     </span>
    </p>

    <p class='ocr_par' dir='ltr' id='par_1_6' title="bbox 314 2925 1371 3492">
     <span class='ocr_line' id='line_1_53' title="bbox 357 2925 1351 2968; baseline 0.004 -9"><span class='ocrx_word' id='word_1_474' title='bbox 357 2929 411 2959; x_wconf 83' lang='lat'>11.</span> <span class='ocrx_word' id='word_1_475' title='bbox 432 2926 606 2968; x_wconf 89' lang='lat' dir='ltr'>Sequentia</span> <span class='ocrx_word' id='word_1_476' title='bbox 625 2925 711 2968; x_wconf 82' lang='lat' dir='ltr'>apud</span> <span class='ocrx_word' id='word_1_477' title='bbox 732 2927 937 2961; x_wconf 80' lang='lat' dir='ltr'>Aristotelem</span> <span class='ocrx_word' id='word_1_478' title='bbox 953 2930 999 2962; x_wconf 88' lang='lat' dir='ltr'>sic</span> <span class='ocrx_word' id='word_1_479' title='bbox 1015 2929 1201 2962; x_wconf 86' lang='lat' dir='ltr'>scribuntur</span> <span class='ocrx_word' id='word_1_480' title='bbox 1212 2939 1231 2962; x_wconf 87' lang='lat' dir='ltr'>a</span> <span class='ocrx_word' id='word_1_481' title='bbox 1245 2929 1351 2963; x_wconf 80' lang='lat' dir='ltr'>Bekke</span> 
     </span>
     <span class='ocr_line' id='line_1_54' title="bbox 314 2974 1352 3019; baseline 0.006 -14"><span class='ocrx_word' id='word_1_482' title='bbox 314 2983 376 3007; x_wconf 83' lang='lat' dir='ltr'>ro:</span> <span class='ocrx_word' id='word_1_483' title='bbox 394 2976 463 3007; x_wconf 85' lang='grc' dir='ltr'>Πᾶν</span> <span class='ocrx_word' id='word_1_484' title='bbox 476 2974 509 3007; x_wconf 85' lang='grc' dir='ltr'>δε</span> <span class='ocrx_word' id='word_1_485' title='bbox 521 2974 606 3006; x_wconf 76' lang='grc' dir='ltr'>καὶ</span> <span class='ocrx_word' id='word_1_486' title='bbox 589 2985 714 3017; x_wconf 82' lang='grc' dir='ltr'>απειρον</span> <span class='ocrx_word' id='word_1_487' title='bbox 727 2974 761 3007; x_wconf 80' lang='grc' dir='ltr'>ὃν</span> <span class='ocrx_word' id='word_1_488' title='bbox 775 2975 864 3009; x_wconf 82' lang='grc' dir='ltr'>εἶναι.</span> <span class='ocrx_word' id='word_1_489' title='bbox 909 2977 936 3009; x_wconf 75' lang='grc' dir='ltr'>εἰ</span> <span class='ocrx_word' id='word_1_490' title='bbox 948 2977 1008 3019; x_wconf 84' lang='grc' dir='ltr'>γὰρ</span> <span class='ocrx_word' id='word_1_491' title='bbox 1021 2978 1114 3010; x_wconf 83' lang='grc' dir='ltr'>πλέον</span> <span class='ocrx_word' id='word_1_492' title='bbox 1132 2978 1152 3017; x_wconf 88' lang='grc' dir='ltr'>ἢ</span> <span class='ocrx_word' id='word_1_493' title='bbox 1166 2977 1221 3010; x_wconf 76' lang='grc' dir='ltr'>δύο</span> <span class='ocrx_word' id='word_1_494' title='bbox 1233 2978 1298 3019; x_wconf 81' lang='grc' dir='ltr'>εἴη,</span> <span class='ocrx_word' id='word_1_495' title='bbox 1310 2979 1352 3012; x_wconf 81' lang='grc' dir='ltr'>πέ</span> 
     </span>
     <span class='ocr_line' id='line_1_55' title="bbox 315 3021 1351 3066; baseline 0.005 -13"><span class='ocrx_word' id='word_1_496' title='bbox 315 3021 379 3063; x_wconf 75' lang='grc' dir='ltr'>ρατ·</span> <span class='ocrx_word' id='word_1_497' title='bbox 398 3022 434 3054; x_wconf 82' lang='grc' dir='ltr'>ἄν</span> <span class='ocrx_word' id='word_1_498' title='bbox 444 3022 523 3054; x_wconf 79' lang='grc' dir='ltr'>εἶναι</span> <span class='ocrx_word' id='word_1_499' title='bbox 536 3025 635 3054; x_wconf 81' lang='grc' dir='ltr'>ταῦτα</span> <span class='ocrx_word' id='word_1_500' title='bbox 650 3022 724 3064; x_wconf 84' lang='grc' dir='ltr'>πρὸς</span> <span class='ocrx_word' id='word_1_501' title='bbox 743 3022 872 3061; x_wconf 70' lang='grc' dir='ltr'>ἄλληὶα.</span> <span class='ocrx_word' id='word_1_502' title='bbox 917 3024 949 3056; x_wconf 87' lang='grc' dir='ltr'>ἓν</span> <span class='ocrx_word' id='word_1_503' title='bbox 973 3025 1005 3057; x_wconf 85' lang='grc' dir='ltr'>δὲ</span> <span class='ocrx_word' id='word_1_504' title='bbox 1022 3024 1131 3066; x_wconf 80' lang='grc' dir='ltr'>ὅμοιον</span> <span class='ocrx_word' id='word_1_505' title='bbox 1147 3024 1226 3058; x_wconf 80' lang='grc' dir='ltr'>εἶναι</span> <span class='ocrx_word' id='word_1_506' title='bbox 1247 3025 1351 3058; x_wconf 85' lang='grc' dir='ltr'>πάντα</span> 
     </span>
     <span class='ocr_line' id='line_1_56' title="bbox 316 3068 1354 3111; baseline 0.007 -12"><span class='ocrx_word' id='word_1_507' title='bbox 316 3069 343 3100; x_wconf 79' lang='grc' dir='ltr'>εἰ</span> <span class='ocrx_word' id='word_1_508' title='bbox 357 3068 416 3110; x_wconf 88' lang='grc' dir='ltr'>γὰρ</span> <span class='ocrx_word' id='word_1_509' title='bbox 431 3069 564 3110; x_wconf 78' lang='grc' dir='ltr'>ἀνόμοια</span> <span class='ocrx_word' id='word_1_510' title='bbox 576 3070 617 3101; x_wconf 84' lang='grc' dir='ltr'>πλ</span> <span class='ocrx_word' id='word_1_511' title='bbox 619 3069 674 3102; x_wconf 88' lang='grc' dir='ltr'>είω</span> <span class='ocrx_word' id='word_1_512' title='bbox 691 3069 780 3111; x_wconf 84' lang='grc' dir='ltr'>ὄντα,</span> <span class='ocrx_word' id='word_1_513' title='bbox 797 3070 856 3102; x_wconf 87' lang='grc' dir='ltr'>οὐκ</span> <span class='ocrx_word' id='word_1_514' title='bbox 869 3070 907 3102; x_wconf 84' lang='grc' dir='ltr'>ἂν</span> <span class='ocrx_word' id='word_1_515' title='bbox 929 3070 975 3104; x_wconf 76' lang='grc' dir='ltr'>ἔτι</span> <span class='ocrx_word' id='word_1_516' title='bbox 988 3071 1021 3104; x_wconf 83' lang='grc' dir='ltr'>ἓν</span> <span class='ocrx_word' id='word_1_517' title='bbox 1044 3073 1142 3104; x_wconf 79' lang='grc' dir='ltr'>θεῖναι</span> <span class='ocrx_word' id='word_1_518' title='bbox 1155 3072 1234 3105; x_wconf 81' lang='grc' dir='ltr'>ἀλλὰ</span> <span class='ocrx_word' id='word_1_519' title='bbox 1252 3073 1354 3106; x_wconf 79' lang='grc' dir='ltr'>πολλοὶ</span> 
     </span>
     <span class='ocr_line' id='line_1_57' title="bbox 317 3114 1356 3160; baseline 0.008 -15"><span class='ocrx_word' id='word_1_520' title='bbox 317 3114 414 3146; x_wconf 82' lang='grc' dir='ltr'>ἁιδιον</span> <span class='ocrx_word' id='word_1_521' title='bbox 427 3115 460 3148; x_wconf 81' lang='grc' dir='ltr'>δὲ</span> <span class='ocrx_word' id='word_1_522' title='bbox 472 3115 506 3148; x_wconf 84' lang='grc' dir='ltr'>ὃν</span> <span class='ocrx_word' id='word_1_523' title='bbox 522 3115 644 3158; x_wconf 78' lang='grc' dir='ltr'>μέτριόν</span> <span class='ocrx_word' id='word_1_524' title='bbox 662 3118 765 3150; x_wconf 75' lang='grc' dir='ltr'>τεκαὶ</span> <span class='ocrx_word' id='word_1_525' title='bbox 779 3117 889 3158; x_wconf 84' lang='grc' dir='ltr'>ὅμοιον</span> <span class='ocrx_word' id='word_1_526' title='bbox 903 3117 1004 3160; x_wconf 80' lang='grc' dir='ltr'>πάντῃ</span> <span class='ocrx_word' id='word_1_527' title='bbox 1018 3118 1165 3159; x_wconf 74' lang='grc' dir='ltr'>ἀκίνητον</span> <span class='ocrx_word' id='word_1_528' title='bbox 1179 3121 1257 3153; x_wconf 68' lang='grc' dir='ltr'>εἶναι</span> <span class='ocrx_word' id='word_1_529' title='bbox 1274 3122 1310 3154; x_wconf 91' lang='grc' dir='ltr'>τὸ</span> <span class='ocrx_word' id='word_1_530' title='bbox 1325 3122 1356 3153; x_wconf 85' lang='grc' dir='ltr'>ἓν</span> 
     </span>
     <span class='ocr_line' id='line_1_58' title="bbox 317 3161 1371 3210; baseline 0.008 -17"><span class='ocrx_word' id='word_1_531' title='bbox 317 3161 354 3193; x_wconf 79' lang='grc' dir='ltr'>οὗ</span> <span class='ocrx_word' id='word_1_532' title='bbox 370 3161 429 3202; x_wconf 81' lang='grc' dir='ltr'>γὰρ</span> <span class='ocrx_word' id='word_1_533' title='bbox 445 3162 482 3194; x_wconf 85' lang='grc' dir='ltr'>ἂν</span> <span class='ocrx_word' id='word_1_534' title='bbox 494 3164 656 3202; x_wconf 83' lang='grc' dir='ltr'>κινηθῆναι</span> <span class='ocrx_word' id='word_1_535' title='bbox 680 3165 723 3204; x_wconf 77' lang='grc' dir='ltr'>μὴ</span> <span class='ocrx_word' id='word_1_536' title='bbox 748 3164 778 3202; x_wconf 79' lang='grc' dir='ltr'>ἐς</span> <span class='ocrx_word' id='word_1_537' title='bbox 793 3176 823 3196; x_wconf 90' lang='grc' dir='ltr'>τι</span> <span class='ocrx_word' id='word_1_538' title='bbox 839 3165 1066 3208; x_wconf 79' lang='grc' dir='ltr'>ὑποχωρῆσαν.</span> <span class='ocrx_word' id='word_1_539' title='bbox 1109 3168 1318 3210; x_wconf 82' lang='grc' dir='ltr'>ὑποχωρῆσαι</span> <span class='ocrx_word' id='word_1_540' title='bbox 1338 3169 1371 3201; x_wconf 87' lang='grc' dir='ltr'>δε</span> 
     </span>
     <span class='ocr_line' id='line_1_59' title="bbox 319 3208 1371 3257; baseline 0.01 -18"><span class='ocrx_word' id='word_1_541' title='bbox 319 3208 457 3249; x_wconf 85' lang='grc' dir='ltr'>ἀνάγκην</span> <span class='ocrx_word' id='word_1_542' title='bbox 474 3209 552 3241; x_wconf 83' lang='grc' dir='ltr'>εἶναι</span> <span class='ocrx_word' id='word_1_543' title='bbox 567 3210 636 3249; x_wconf 77' lang='grc' dir='ltr'>ἤτοι</span> <span class='ocrx_word' id='word_1_544' title='bbox 652 3212 695 3247; x_wconf 77' lang='grc' dir='ltr'>εἰς</span> <span class='ocrx_word' id='word_1_545' title='bbox 710 3213 823 3253; x_wconf 76' lang='grc' dir='ltr'>πλῆρες</span> <span class='ocrx_word' id='word_1_546' title='bbox 835 3213 884 3245; x_wconf 74' lang='grc' dir='ltr'>ἰὸν</span> <span class='ocrx_word' id='word_1_547' title='bbox 897 3214 918 3252; x_wconf 83' lang='grc' dir='ltr'><strong>ὴ</strong></span> <span class='ocrx_word' id='word_1_548' title='bbox 936 3213 1039 3247; x_wconf 73' lang='grc' dir='ltr'>κενόν.</span> <span class='ocrx_word' id='word_1_549' title='bbox 1083 3214 1203 3247; x_wconf 73' lang='grc' dir='ltr'>τούτων</span> <span class='ocrx_word' id='word_1_550' title='bbox 1215 3215 1248 3248; x_wconf 84' lang='grc' dir='ltr'>δὲ</span> <span class='ocrx_word' id='word_1_551' title='bbox 1262 3216 1299 3248; x_wconf 87' lang='grc' dir='ltr'>τὸ</span> <span class='ocrx_word' id='word_1_552' title='bbox 1316 3217 1371 3257; x_wconf 87' lang='grc' dir='ltr'>μὲν</span> 
     </span>
     <span class='ocr_line' id='line_1_60' title="bbox 319 3255 1369 3304; baseline 0.01 -18"><span class='ocrx_word' id='word_1_553' title='bbox 319 3255 377 3287; x_wconf 80' lang='grc' dir='ltr'>οὐκ</span> <span class='ocrx_word' id='word_1_554' title='bbox 393 3255 432 3287; x_wconf 86' lang='grc' dir='ltr'>ἂν</span> <span class='ocrx_word' id='word_1_555' title='bbox 445 3255 587 3292; x_wconf 82' lang='grc' dir='ltr'>δέξασθαι</span> <span class='ocrx_word' id='word_1_556' title='bbox 601 3257 636 3289; x_wconf 88' lang='grc' dir='ltr'>τὸ</span> <span class='ocrx_word' id='word_1_557' title='bbox 652 3258 775 3299; x_wconf 72' lang='grc' dir='ltr'>πλῆρες,</span> <span class='ocrx_word' id='word_1_558' title='bbox 790 3259 826 3292; x_wconf 87' lang='grc' dir='ltr'>τὸ</span> <span class='ocrx_word' id='word_1_559' title='bbox 839 3259 872 3292; x_wconf 86' lang='grc' dir='ltr'>δὲ</span> <span class='ocrx_word' id='word_1_560' title='bbox 887 3260 945 3292; x_wconf 78' lang='grc' dir='ltr'>οὐκ</span> <span class='ocrx_word' id='word_1_561' title='bbox 959 3260 1038 3293; x_wconf 85' lang='grc' dir='ltr'>εἶναι</span> <span class='ocrx_word' id='word_1_562' title='bbox 1051 3261 1139 3294; x_wconf 79' lang='grc' dir='ltr'>οὐδὲν</span> <span class='ocrx_word' id='word_1_563' title='bbox 1153 3259 1200 3304; x_wconf 85' lang='grc' dir='ltr'>[ἢ]</span> <span class='ocrx_word' id='word_1_564' title='bbox 1219 3263 1254 3295; x_wconf 88' lang='grc' dir='ltr'>τὸ</span> <span class='ocrx_word' id='word_1_565' title='bbox 1267 3263 1369 3296; x_wconf 84' lang='grc' dir='ltr'>κενόν.</span> 
     </span>
     <span class='ocr_line' id='line_1_61' title="bbox 320 3301 1370 3351; baseline 0.01 -18"><span class='ocrx_word' id='word_1_566' title='bbox 320 3301 477 3343; x_wconf 81' lang='lat' dir='ltr'>corrige.</span> <span class='ocrx_word' id='word_1_567' title='bbox 500 3304 569 3335; x_wconf 82' lang='grc' dir='ltr'>Πᾶν</span> <span class='ocrx_word' id='word_1_568' title='bbox 581 3303 614 3335; x_wconf 73' lang='grc' dir='ltr'>δὲ</span> <span class='ocrx_word' id='word_1_569' title='bbox 630 3304 781 3346; x_wconf 74' lang='grc' dir='ltr'>ἄπειρον</span> <span class='ocrx_word' id='word_1_570' title='bbox 768 3317 799 3338; x_wconf 90' lang='grc' dir='ltr'>εν</span> <span class='ocrx_word' id='word_1_571' title='bbox 812 3307 903 3339; x_wconf 78' lang='grc' dir='ltr'>εἶναι·</span> <span class='ocrx_word' id='word_1_572' title='bbox 921 3308 948 3340; x_wconf 65' lang='lat' dir='ltr'>et</span> <span class='ocrx_word' id='word_1_573' title='bbox 958 3308 1019 3351; x_wconf 83' lang='grc' dir='ltr'>γὰρ</span> <span class='ocrx_word' id='word_1_574' title='bbox 1033 3308 1121 3341; x_wconf 81' lang='grc' dir='ltr'>πλέω</span> <span class='ocrx_word' id='word_1_575' title='bbox 1133 3309 1154 3348; x_wconf 83' lang='grc' dir='ltr'>ἢ</span> <span class='ocrx_word' id='word_1_576' title='bbox 1170 3309 1225 3342; x_wconf 74' lang='grc' dir='ltr'>δύο</span> <span class='ocrx_word' id='word_1_577' title='bbox 1238 3310 1299 3351; x_wconf 71' lang='grc' dir='ltr'>εἴη,</span> <span class='ocrx_word' id='word_1_578' title='bbox 1314 3313 1370 3344; x_wconf 84' lang='grc' dir='ltr'>πέ-</span> 
     </span>
     <span class='ocr_line' id='line_1_62' title="bbox 320 3348 1370 3400; baseline 0.011 -20"><span class='ocrx_word' id='word_1_579' title='bbox 320 3348 387 3391; x_wconf 82' lang='grc' dir='ltr'>ρατ’</span> <span class='ocrx_word' id='word_1_580' title='bbox 403 3350 442 3382; x_wconf 84' lang='grc' dir='ltr'>ἂν</span> <span class='ocrx_word' id='word_1_581' title='bbox 457 3349 535 3383; x_wconf 82' lang='grc' dir='ltr'>εἶναι</span> <span class='ocrx_word' id='word_1_582' title='bbox 546 3354 644 3383; x_wconf 82' lang='grc' dir='ltr'>ταῦτα</span> <span class='ocrx_word' id='word_1_583' title='bbox 652 3352 727 3394; x_wconf 79' lang='grc' dir='ltr'>πρὸς</span> <span class='ocrx_word' id='word_1_584' title='bbox 746 3353 879 3393; x_wconf 79' lang='grc' dir='ltr'>ἄλληλα·</span> <span class='ocrx_word' id='word_1_585' title='bbox 896 3355 928 3388; x_wconf 85' lang='grc' dir='ltr'>ἓν</span> <span class='ocrx_word' id='word_1_586' title='bbox 938 3355 972 3388; x_wconf 78' lang='grc' dir='ltr'>δὲ</span> <span class='ocrx_word' id='word_1_587' title='bbox 990 3356 1024 3389; x_wconf 81' lang='grc' dir='ltr'>ὃν</span> <span class='ocrx_word' id='word_1_588' title='bbox 1040 3355 1149 3398; x_wconf 82' lang='grc' dir='ltr'>ὅμοιον</span> <span class='ocrx_word' id='word_1_589' title='bbox 1162 3356 1241 3390; x_wconf 80' lang='grc' dir='ltr'>εἶναι</span> <span class='ocrx_word' id='word_1_590' title='bbox 1256 3358 1370 3400; x_wconf 76' lang='grc' dir='ltr'>πάντῃ.</span> 
     </span>
     <span class='ocr_line' id='line_1_63' title="bbox 321 3395 1369 3444; baseline 0.011 -17"><span class='ocrx_word' id='word_1_591' title='bbox 321 3395 347 3427; x_wconf 83' lang='grc' dir='ltr'>εἰ</span> <span class='ocrx_word' id='word_1_592' title='bbox 362 3396 422 3439; x_wconf 81' lang='grc' dir='ltr'>γὰρ</span> <span class='ocrx_word' id='word_1_593' title='bbox 435 3396 595 3438; x_wconf 83' lang='grc' dir='ltr'>ἀνόμοιον,</span> <span class='ocrx_word' id='word_1_594' title='bbox 614 3398 712 3431; x_wconf 84' lang='grc' dir='ltr'>πλείω</span> <span class='ocrx_word' id='word_1_595' title='bbox 727 3399 800 3432; x_wconf 85' lang='grc' dir='ltr'>ὄντα</span> <span class='ocrx_word' id='word_1_596' title='bbox 813 3401 871 3434; x_wconf 83' lang='grc' dir='ltr'>οὐκ</span> <span class='ocrx_word' id='word_1_597' title='bbox 889 3403 927 3434; x_wconf 81' lang='grc' dir='ltr'>ἂν</span> <span class='ocrx_word' id='word_1_598' title='bbox 943 3403 987 3436; x_wconf 75' lang='grc' dir='ltr'>ἔτι</span> <span class='ocrx_word' id='word_1_599' title='bbox 1001 3403 1033 3436; x_wconf 79' lang='grc' dir='ltr'>ἓν</span> <span class='ocrx_word' id='word_1_600' title='bbox 1054 3403 1146 3444; x_wconf 80' lang='grc' dir='ltr'>εἶναι,</span> <span class='ocrx_word' id='word_1_601' title='bbox 1161 3403 1241 3437; x_wconf 78' lang='grc' dir='ltr'>ἀλλὰ</span> <span class='ocrx_word' id='word_1_602' title='bbox 1258 3406 1369 3438; x_wconf 61' lang='lat' dir='ltr'>nonni.</span> 
     </span>
     <span class='ocr_line' id='line_1_64' title="bbox 320 3438 1371 3492; baseline 0.013 -19"><span class='ocrx_word' id='word_1_603' title='bbox 320 3438 418 3474; x_wconf 72' lang='grc' dir='ltr'>ἀΐδιον</span> <span class='ocrx_word' id='word_1_604' title='bbox 434 3442 466 3475; x_wconf 78' lang='grc' dir='ltr'>δὲ</span> <span class='ocrx_word' id='word_1_605' title='bbox 476 3443 511 3476; x_wconf 83' lang='grc' dir='ltr'>ὃν</span> <span class='ocrx_word' id='word_1_606' title='bbox 523 3444 655 3488; x_wconf 73' lang='grc' dir='ltr'>ἄμετρον</span> <span class='ocrx_word' id='word_1_607' title='bbox 665 3457 698 3479; x_wconf 91' lang='grc' dir='ltr'>τε</span> <span class='ocrx_word' id='word_1_608' title='bbox 711 3447 763 3479; x_wconf 84' lang='grc' dir='ltr'>καὶ</span> <span class='ocrx_word' id='word_1_609' title='bbox 776 3447 885 3489; x_wconf 88' lang='grc' dir='ltr'>ὅμοιον</span> <span class='ocrx_word' id='word_1_610' title='bbox 896 3449 1010 3492; x_wconf 77' lang='grc' dir='ltr'>πάντη,</span> <span class='ocrx_word' id='word_1_611' title='bbox 1026 3450 1173 3490; x_wconf 78' lang='grc' dir='ltr'>ἀκίνητον</span> <span class='ocrx_word' id='word_1_612' title='bbox 1189 3451 1267 3486; x_wconf 81' lang='grc' dir='ltr'>εἶναι</span> <span class='ocrx_word' id='word_1_613' title='bbox 1277 3454 1341 3486; x_wconf 80' lang='grc' dir='ltr'>τὸ”</span> <span class='ocrx_word' id='word_1_614' title='bbox 1327 3465 1371 3487; x_wconf 83' lang='grc' dir='ltr'>εν.</span> 
     </span>
    </p>
   </div>
   <div class='ocr_carea' id='block_1_6' title="bbox 1419 349 2488 545">
    <p class='ocr_par' dir='ltr' id='par_1_7' title="bbox 1419 349 2488 545">
     <span class='ocr_line' id='line_1_65' title="bbox 1422 349 2484 428; baseline 0.001 -14"><span class='ocrx_word' id='word_1_615' title='bbox 1422 377 1527 428; x_wconf 80' lang='grc' dir='ltr'>ρῆσαι</span> <span class='ocrx_word' id='word_1_616' title='bbox 1544 372 1579 413; x_wconf 82' lang='grc' dir='ltr'>δὲ</span> <span class='ocrx_word' id='word_1_617' title='bbox 1601 372 1758 426; x_wconf 78' lang='grc' dir='ltr'>ἀνάγκην</span> <span class='ocrx_word' id='word_1_618' title='bbox 1779 366 1956 422; x_wconf 73' lang='grc' dir='ltr'>εἷναιῆτοι</span> <span class='ocrx_word' id='word_1_619' title='bbox 1974 373 2023 419; x_wconf 79' lang='grc' dir='ltr'>εἷς</span> <span class='ocrx_word' id='word_1_620' title='bbox 2039 374 2171 427; x_wconf 76' lang='grc' dir='ltr'>πλῆρες</span> <span class='ocrx_word' id='word_1_621' title='bbox 2188 374 2252 423; x_wconf 75' lang='grc' dir='ltr'>ἰόν,</span> <span class='ocrx_word' id='word_1_622' title='bbox 2267 372 2290 423; x_wconf 71' lang='grc' dir='ltr'>ἢ</span> <span class='ocrx_word' id='word_1_623' title='bbox 2311 349 2359 422; x_wconf 48' lang='lat' dir='ltr'>tte</span> <span class='ocrx_word' id='word_1_624' title='bbox 2370 375 2484 416; x_wconf 75' lang='grc' dir='ltr'>κενόν.</span> 
     </span>
     <span class='ocr_line' id='line_1_66' title="bbox 1421 431 2486 488; baseline 0.001 -14"><span class='ocrx_word' id='word_1_625' title='bbox 1421 432 1564 474; x_wconf 81' lang='grc' dir='ltr'>Τούτων</span> <span class='ocrx_word' id='word_1_626' title='bbox 1586 431 1622 472; x_wconf 76' lang='grc' dir='ltr'>δὲ</span> <span class='ocrx_word' id='word_1_627' title='bbox 1642 432 1762 485; x_wconf 76' lang='grc' dir='ltr'>τὸμὲν</span> <span class='ocrx_word' id='word_1_628' title='bbox 1793 434 1857 472; x_wconf 80' lang='grc' dir='ltr'>οὐκ</span> <span class='ocrx_word' id='word_1_629' title='bbox 1886 432 1928 472; x_wconf 80' lang='grc' dir='ltr'>ἂν</span> <span class='ocrx_word' id='word_1_630' title='bbox 1949 432 2134 482; x_wconf 72' lang='grc' dir='ltr'>δέξασθαι,</span> <span class='ocrx_word' id='word_1_631' title='bbox 2157 432 2198 472; x_wconf 74' lang='grc' dir='ltr'>τὶ)</span> <span class='ocrx_word' id='word_1_632' title='bbox 2222 434 2371 488; x_wconf 75' lang='grc' dir='ltr'>πλῆρες,</span> <span class='ocrx_word' id='word_1_633' title='bbox 2388 435 2467 475; x_wconf 77' lang='grc' dir='ltr'>τὸ</span> <span class='ocrx_word' id='word_1_634' title='bbox 2448 434 2486 475; x_wconf 71' lang='grc' dir='ltr'>οἱ</span> 
     </span>
     <span class='ocr_line' id='line_1_67' title="bbox 1419 486 2488 545; baseline 0.005 -14"><span class='ocrx_word' id='word_1_635' title='bbox 1419 493 1483 532; x_wconf 63' lang='lat' dir='ltr'>oon</span> <span class='ocrx_word' id='word_1_636' title='bbox 1505 486 1593 532; x_wconf 73' lang='grc' dir='ltr'>εἶναι</span> <span class='ocrx_word' id='word_1_637' title='bbox 1609 492 1724 545; x_wconf 80' lang='grc' dir='ltr'>οὐδέν,</span> <span class='ocrx_word' id='word_1_638' title='bbox 1746 492 1787 533; x_wconf 85' lang='grc' dir='ltr'>τὸ</span> <span class='ocrx_word' id='word_1_639' title='bbox 1805 492 1917 534; x_wconf 84' lang='grc' dir='ltr'>κενόν.</span> <span class='ocrx_word' id='word_1_640' title='bbox 1975 495 2127 535; x_wconf 85' lang='grc' dir='ltr'>Τοιουτο</span> <span class='ocrx_word' id='word_1_641' title='bbox 2147 492 2184 533; x_wconf 80' lang='grc' dir='ltr'>δὲ</span> <span class='ocrx_word' id='word_1_642' title='bbox 2210 492 2248 533; x_wconf 84' lang='grc' dir='ltr'>ὂν</span> <span class='ocrx_word' id='word_1_643' title='bbox 2268 495 2309 534; x_wconf 80' lang='grc' dir='ltr'>τὸ</span> <span class='ocrx_word' id='word_1_644' title='bbox 2329 494 2365 534; x_wconf 78' lang='grc' dir='ltr'>ἓν</span> <span class='ocrx_word' id='word_1_645' title='bbox 2386 495 2488 536; x_wconf 76' lang='grc' dir='ltr'>ἀνώ-</span> 
     </span>
    </p>
   </div>
   <div class='ocr_carea' id='block_1_7' title="bbox 1421 539 2605 606">
    <p class='ocr_par' dir='ltr' id='par_1_8' title="bbox 1421 539 2605 606">
     <span class='ocr_line' id='line_1_68' title="bbox 1421 539 2605 606; baseline 0.003 -15"><span class='ocrx_word' id='word_1_646' title='bbox 1421 551 1519 591; x_wconf 84' lang='grc' dir='ltr'>δυνόν</span> <span class='ocrx_word' id='word_1_647' title='bbox 1534 567 1572 591; x_wconf 82' lang='grc' dir='ltr'>τε</span> <span class='ocrx_word' id='word_1_648' title='bbox 1591 567 1653 591; x_wconf 79' lang='grc' dir='ltr'>και</span> <span class='ocrx_word' id='word_1_649' title='bbox 1669 551 1868 605; x_wconf 77' lang='grc' dir='ltr'>ἀνάλγητον</span> <span class='ocrx_word' id='word_1_650' title='bbox 1888 553 1981 606; x_wconf 76' lang='grc' dir='ltr'>ὑγιές</span> <span class='ocrx_word' id='word_1_651' title='bbox 1998 567 2037 592; x_wconf 84' lang='grc' dir='ltr'>τε</span> <span class='ocrx_word' id='word_1_652' title='bbox 2056 552 2159 592; x_wconf 67' lang='lat' dir='ltr'>xvii*</span> <span class='ocrx_word' id='word_1_653' title='bbox 2135 568 2260 593; x_wconf 86' lang='grc' dir='ltr'>ανοσον</span> <span class='ocrx_word' id='word_1_654' title='bbox 2281 546 2390 604; x_wconf 68' lang='grc' dir='ltr'>εἶναι,</span> <span class='ocrx_word' id='word_1_655' title='bbox 2405 555 2484 596; x_wconf 73' lang='grc' dir='ltr'>οὔτε</span> <span class='ocrx_word' id='word_1_656' title='bbox 2503 565 2542 600; x_wconf 56' lang='lat' dir='ltr'>a</span> <span class='ocrx_word' id='word_1_657' title='bbox 2592 539 2605 591; x_wconf 11' lang='grc' dir='ltr'>,Ἰ</span> 
     </span>
    </p>
   </div>
   <div class='ocr_carea' id='block_1_8' title="bbox 1421 610 2490 725">
    <p class='ocr_par' dir='ltr' id='par_1_9' title="bbox 1421 610 2490 725">
     <span class='ocr_line' id='line_1_69' title="bbox 1421 610 2486 667; baseline 0.005 -16"><span class='ocrx_word' id='word_1_658' title='bbox 1421 610 1756 664; x_wconf 81' lang='grc' dir='ltr'>μετακοσμούμενον</span> <span class='ocrx_word' id='word_1_659' title='bbox 1782 611 1891 665; x_wconf 80' lang='grc' dir='ltr'>Θέσει,</span> <span class='ocrx_word' id='word_1_660' title='bbox 1913 611 1993 652; x_wconf 80' lang='grc' dir='ltr'>οὔτε</span> <span class='ocrx_word' id='word_1_661' title='bbox 2015 613 2276 667; x_wconf 80' lang='grc' dir='ltr'>ἐτεροιούμενον</span> <span class='ocrx_word' id='word_1_662' title='bbox 2293 613 2390 664; x_wconf 76' lang='grc' dir='ltr'>εἴδει,</span> <span class='ocrx_word' id='word_1_663' title='bbox 2407 615 2486 656; x_wconf 81' lang='grc' dir='ltr'>οὔτι</span> 
     </span>
     <span class='ocr_line' id='line_1_70' title="bbox 1421 670 2490 725; baseline 0.006 -16.006"><span class='ocrx_word' id='word_1_664' title='bbox 1421 670 1632 723; x_wconf 83' lang='grc' dir='ltr'>μιγνύμενον</span> <span class='ocrx_word' id='word_1_665' title='bbox 1654 670 1767 725; x_wconf 86' lang='grc' dir='ltr'>ἄλλῳ.</span> <span class='ocrx_word' id='word_1_666' title='bbox 1801 671 1905 711; x_wconf 77' lang='grc' dir='ltr'>Κατὰ</span> <span class='ocrx_word' id='word_1_667' title='bbox 1919 670 2038 712; x_wconf 81' lang='grc' dir='ltr'>πάντα</span> <span class='ocrx_word' id='word_1_668' title='bbox 2056 671 2125 725; x_wconf 81' lang='grc' dir='ltr'>γὰρ</span> <span class='ocrx_word' id='word_1_669' title='bbox 2148 689 2262 713; x_wconf 80' lang='grc' dir='ltr'>ταυτα</span> <span class='ocrx_word' id='word_1_670' title='bbox 2278 673 2426 714; x_wconf 83' lang='grc' dir='ltr'>πολ&gt;’</span> <span class='ocrx_word' id='word_1_671' title='bbox 2403 690 2428 714; x_wconf 91' lang='grc' dir='ltr'>α</span> <span class='ocrx_word' id='word_1_672' title='bbox 2450 690 2490 715; x_wconf 78' lang='grc' dir='ltr'>τι</span> 
     </span>
    </p>
   </div>
   <div class='ocr_carea' id='block_1_9' title="bbox 1421 784 2500 3500">
    <p class='ocr_par' dir='ltr' id='par_1_10' title="bbox 1421 784 2500 3066">
     <span class='ocr_line' id='line_1_71' title="bbox 1423 784 2486 827; baseline 0.005 -11.107"><span class='ocrx_word' id='word_1_673' title='bbox 1423 796 1481 816; x_wconf 75' lang='grc' dir='ltr'>ουκ</span> <span class='ocrx_word' id='word_1_674' title='bbox 1497 785 1535 816; x_wconf 82' lang='grc' dir='ltr'>ἂν</span> <span class='ocrx_word' id='word_1_675' title='bbox 1525 784 1712 824; x_wconf 78' lang='grc' dir='ltr'>δέξασθαι,</span> <span class='ocrx_word' id='word_1_676' title='bbox 1732 784 1768 817; x_wconf 86' lang='grc' dir='ltr'>τὸ</span> <span class='ocrx_word' id='word_1_677' title='bbox 1784 784 1866 827; x_wconf 80' lang='grc' dir='ltr'>πλῆο</span> <span class='ocrx_word' id='word_1_678' title='bbox 1868 795 1911 825; x_wconf 75' lang='grc' dir='ltr'>ες,</span> <span class='ocrx_word' id='word_1_679' title='bbox 1928 785 1964 818; x_wconf 84' lang='grc' dir='ltr'>τὸ</span> <span class='ocrx_word' id='word_1_680' title='bbox 1980 785 2013 819; x_wconf 72' lang='grc' dir='ltr'>δὲ</span> <span class='ocrx_word' id='word_1_681' title='bbox 2034 785 2092 818; x_wconf 80' lang='grc' dir='ltr'>οὐκ</span> <span class='ocrx_word' id='word_1_682' title='bbox 2108 786 2186 818; x_wconf 67' lang='grc' dir='ltr'>εἶναι</span> <span class='ocrx_word' id='word_1_683' title='bbox 2207 786 2307 821; x_wconf 77' lang='grc' dir='ltr'>οὐδέν.</span> <span class='ocrx_word' id='word_1_684' title='bbox 2332 788 2369 820; x_wconf 83' lang='grc' dir='ltr'>τὸ</span> <span class='ocrx_word' id='word_1_685' title='bbox 2384 787 2486 822; x_wconf 79' lang='grc' dir='ltr'>κενόν.</span> 
     </span>
     <span class='ocr_line' id='line_1_72' title="bbox 1423 831 2489 872; baseline 0.006 -9"><span class='ocrx_word' id='word_1_686' title='bbox 1423 832 1548 870; x_wconf 85' lang='lat' dir='ltr'>Quibus</span> <span class='ocrx_word' id='word_1_687' title='bbox 1574 831 1681 864; x_wconf 85' lang='lat' dir='ltr'>verbis</span> <span class='ocrx_word' id='word_1_688' title='bbox 1707 831 1778 864; x_wconf 84' lang='lat' dir='ltr'>haec</span> <span class='ocrx_word' id='word_1_689' title='bbox 1796 831 1943 872; x_wconf 84' lang='lat' dir='ltr'>subjecta</span> <span class='ocrx_word' id='word_1_690' title='bbox 1963 832 2127 867; x_wconf 85' lang='lat' dir='ltr'>sententia</span> <span class='ocrx_word' id='word_1_691' title='bbox 2155 836 2230 866; x_wconf 67' lang='lat' dir='ltr'>est:</span> <span class='ocrx_word' id='word_1_692' title='bbox 2256 835 2361 867; x_wconf 87' lang='lat' dir='ltr'>omne</span> <span class='ocrx_word' id='word_1_693' title='bbox 2376 838 2489 869; x_wconf 84' lang='lat' dir='ltr'>autem</span> 
     </span>
     <span class='ocr_line' id='line_1_73' title="bbox 1423 879 2492 922; baseline 0.006 -11"><span class='ocrx_word' id='word_1_694' title='bbox 1423 879 1584 913; x_wconf 83' lang='lat' dir='ltr'>inlinitum</span> <span class='ocrx_word' id='word_1_695' title='bbox 1610 888 1712 912; x_wconf 89' lang='lat' dir='ltr'>unum</span> <span class='ocrx_word' id='word_1_696' title='bbox 1725 888 1816 921; x_wconf 79' lang='lat' dir='ltr'>esse3</span> <span class='ocrx_word' id='word_1_697' title='bbox 1840 880 1866 913; x_wconf 89' lang='lat' dir='ltr'>si</span> <span class='ocrx_word' id='word_1_698' title='bbox 1881 879 1968 913; x_wconf 87' lang='lat' dir='ltr'>enim</span> <span class='ocrx_word' id='word_1_699' title='bbox 1987 879 2081 921; x_wconf 81' lang='lat' dir='ltr'>plura</span> <span class='ocrx_word' id='word_1_700' title='bbox 2100 879 2165 913; x_wconf 87' lang='lat' dir='ltr'>sint</span> <span class='ocrx_word' id='word_1_701' title='bbox 2183 883 2242 914; x_wconf 75' lang='lat' dir='ltr'>aut</span> <span class='ocrx_word' id='word_1_702' title='bbox 2261 881 2343 922; x_wconf 85' lang='lat' dir='ltr'>duo,</span> <span class='ocrx_word' id='word_1_703' title='bbox 2360 890 2399 916; x_wconf 78' lang='lat' dir='ltr'>ea</span> <span class='ocrx_word' id='word_1_704' title='bbox 2411 881 2492 917; x_wconf 79' lang='lat' dir='ltr'>lines</span> 
     </span>
     <span class='ocr_line' id='line_1_74' title="bbox 1422 927 2492 970; baseline 0.003 -9"><span class='ocrx_word' id='word_1_705' title='bbox 1422 929 1506 961; x_wconf 91' lang='lat' dir='ltr'>inter</span> <span class='ocrx_word' id='word_1_706' title='bbox 1521 937 1556 961; x_wconf 88' lang='lat' dir='ltr'>se</span> <span class='ocrx_word' id='word_1_707' title='bbox 1578 937 1648 960; x_wconf 88' lang='lat' dir='ltr'>esse</span> <span class='ocrx_word' id='word_1_708' title='bbox 1668 927 1734 969; x_wconf 86' lang='lat' dir='ltr'>(vel</span> <span class='ocrx_word' id='word_1_709' title='bbox 1753 929 1868 961; x_wconf 89' lang='lat' dir='ltr'>mutuo</span> <span class='ocrx_word' id='word_1_710' title='bbox 1885 936 1957 960; x_wconf 83' lang='lat' dir='ltr'>sese</span> <span class='ocrx_word' id='word_1_711' title='bbox 1976 928 2178 970; x_wconf 80' lang='lat' dir='ltr'>terminare),</span> <span class='ocrx_word' id='word_1_712' title='bbox 2193 928 2250 961; x_wconf 86' lang='lat' dir='ltr'>sed</span> <span class='ocrx_word' id='word_1_713' title='bbox 2265 937 2370 962; x_wconf 86' lang='lat' dir='ltr'>unum</span> <span class='ocrx_word' id='word_1_714' title='bbox 2385 930 2492 964; x_wconf 85' lang='lat' dir='ltr'>simile</span> 
     </span>
     <span class='ocr_line' id='line_1_75' title="bbox 1421 973 2488 1018; baseline 0.004 -12"><span class='ocrx_word' id='word_1_715' title='bbox 1421 974 1482 1007; x_wconf 88' lang='lat' dir='ltr'>sibi</span> <span class='ocrx_word' id='word_1_716' title='bbox 1501 973 1542 1007; x_wconf 91' lang='lat' dir='ltr'>ab</span> <span class='ocrx_word' id='word_1_717' title='bbox 1557 974 1646 1007; x_wconf 91' lang='lat' dir='ltr'>omni</span> <span class='ocrx_word' id='word_1_718' title='bbox 1664 975 1754 1016; x_wconf 88' lang='lat' dir='ltr'>parte</span> <span class='ocrx_word' id='word_1_719' title='bbox 1769 983 1851 1015; x_wconf 89' lang='lat' dir='ltr'>esse,</span> <span class='ocrx_word' id='word_1_720' title='bbox 1870 973 1991 1008; x_wconf 85' lang='lat' dir='ltr'>idcirco</span> <span class='ocrx_word' id='word_1_721' title='bbox 2006 974 2084 1017; x_wconf 87' lang='lat' dir='ltr'>quia</span> <span class='ocrx_word' id='word_1_722' title='bbox 2103 974 2131 1007; x_wconf 87' lang='lat' dir='ltr'>si</span> <span class='ocrx_word' id='word_1_723' title='bbox 2151 974 2200 1007; x_wconf 86' lang='lat' dir='ltr'>sui</span> <span class='ocrx_word' id='word_1_724' title='bbox 2218 974 2374 1010; x_wconf 74' lang='lat' dir='ltr'>dissimile</span> <span class='ocrx_word' id='word_1_725' title='bbox 2388 979 2488 1018; x_wconf 80' lang='lat' dir='ltr'>esset,</span> 
     </span>
     <span class='ocr_line' id='line_1_76' title="bbox 1424 1022 2489 1077; baseline 0.002 -23"><span class='ocrx_word' id='word_1_726' title='bbox 1424 1023 1554 1064; x_wconf 88' lang='lat' dir='ltr'>propter</span> <span class='ocrx_word' id='word_1_727' title='bbox 1568 1022 1710 1077; x_wconf 84' lang='lat' dir='ltr'>plurium</span> <span class='ocrx_word' id='word_1_728' title='bbox 1727 1030 1901 1054; x_wconf 87' lang='lat' dir='ltr'>numerum</span> <span class='ocrx_word' id='word_1_729' title='bbox 1912 1031 1976 1055; x_wconf 87' lang='lat' dir='ltr'>non</span> <span class='ocrx_word' id='word_1_730' title='bbox 1986 1022 2054 1063; x_wconf 84' lang='lat' dir='ltr'>jam</span> <span class='ocrx_word' id='word_1_731' title='bbox 2069 1022 2154 1055; x_wconf 78' lang='lat' dir='ltr'>foret</span> <span class='ocrx_word' id='word_1_732' title='bbox 2169 1030 2287 1063; x_wconf 87' lang='lat' dir='ltr'>unum,</span> <span class='ocrx_word' id='word_1_733' title='bbox 2298 1022 2356 1055; x_wconf 77' lang='lat' dir='ltr'>sed</span> <span class='ocrx_word' id='word_1_734' title='bbox 2374 1023 2489 1057; x_wconf 80' lang='lat' dir='ltr'>mulin.</span> 
     </span>
     <span class='ocr_line' id='line_1_77' title="bbox 1424 1069 2492 1111; baseline 0.002 -8"><span class='ocrx_word' id='word_1_735' title='bbox 1424 1072 1532 1103; x_wconf 89' lang='lat' dir='ltr'>Unum</span> <span class='ocrx_word' id='word_1_736' title='bbox 1558 1071 1668 1103; x_wconf 85' lang='lat' dir='ltr'>autem</span> <span class='ocrx_word' id='word_1_737' title='bbox 1695 1069 1802 1111; x_wconf 88' lang='lat' dir='ltr'>ipsum</span> <span class='ocrx_word' id='word_1_738' title='bbox 1819 1078 1921 1111; x_wconf 87' lang='lat' dir='ltr'>quum</span> <span class='ocrx_word' id='word_1_739' title='bbox 1947 1070 2109 1102; x_wconf 84' lang='lat' dir='ltr'>aeternum</span> <span class='ocrx_word' id='word_1_740' title='bbox 2127 1069 2171 1103; x_wconf 89' lang='lat' dir='ltr'>sit</span> <span class='ocrx_word' id='word_1_741' title='bbox 2186 1071 2222 1102; x_wconf 89' lang='lat' dir='ltr'>et</span> <span class='ocrx_word' id='word_1_742' title='bbox 2240 1069 2436 1104; x_wconf 85' lang='lat' dir='ltr'>immensum</span> <span class='ocrx_word' id='word_1_743' title='bbox 2457 1071 2492 1105; x_wconf 81' lang='lat' dir='ltr'>et</span> 
     </span>
     <span class='ocr_line' id='line_1_78' title="bbox 1423 1118 2489 1162; baseline 0.002 -12"><span class='ocrx_word' id='word_1_744' title='bbox 1423 1118 1483 1150; x_wconf 87' lang='lat' dir='ltr'>sibi</span> <span class='ocrx_word' id='word_1_745' title='bbox 1501 1118 1646 1159; x_wconf 88' lang='lat' dir='ltr'>undique</span> <span class='ocrx_word' id='word_1_746' title='bbox 1667 1118 1787 1158; x_wconf 88' lang='lat' dir='ltr'>simile,</span> <span class='ocrx_word' id='word_1_747' title='bbox 1806 1118 1979 1151; x_wconf 86' lang='lat' dir='ltr'>immotum</span> <span class='ocrx_word' id='word_1_748' title='bbox 1998 1118 2097 1152; x_wconf 83' lang='lat' dir='ltr'>etiam</span> <span class='ocrx_word' id='word_1_749' title='bbox 2111 1125 2191 1159; x_wconf 87' lang='lat' dir='ltr'>esse,</span> <span class='ocrx_word' id='word_1_750' title='bbox 2210 1121 2383 1160; x_wconf 77' lang='lat' dir='ltr'>propterea</span> <span class='ocrx_word' id='word_1_751' title='bbox 2399 1119 2489 1162; x_wconf 81' lang='lat' dir='ltr'>quod</span> 
     </span>
     <span class='ocr_line' id='line_1_79' title="bbox 1423 1163 2490 1207; baseline 0.002 -9"><span class='ocrx_word' id='word_1_752' title='bbox 1423 1166 1545 1199; x_wconf 89' lang='lat' dir='ltr'>moveri</span> <span class='ocrx_word' id='word_1_753' title='bbox 1561 1174 1625 1198; x_wconf 90' lang='lat' dir='ltr'>non</span> <span class='ocrx_word' id='word_1_754' title='bbox 1643 1166 1754 1206; x_wconf 88' lang='lat' dir='ltr'>possit,</span> <span class='ocrx_word' id='word_1_755' title='bbox 1770 1164 1831 1197; x_wconf 92' lang='lat' dir='ltr'>nisi</span> <span class='ocrx_word' id='word_1_756' title='bbox 1845 1164 1872 1197; x_wconf 89' lang='lat' dir='ltr'>si</span> <span class='ocrx_word' id='word_1_757' title='bbox 1886 1173 1953 1206; x_wconf 87' lang='lat' dir='ltr'>quo</span> <span class='ocrx_word' id='word_1_758' title='bbox 1972 1163 2197 1198; x_wconf 85' lang='lat' dir='ltr'>concesserit·</span> <span class='ocrx_word' id='word_1_759' title='bbox 2214 1165 2365 1207; x_wconf 80' lang='lat' dir='ltr'>oportere</span> <span class='ocrx_word' id='word_1_760' title='bbox 2378 1167 2490 1200; x_wconf 80' lang='lat' dir='ltr'>autem</span> 
     </span>
     <span class='ocr_line' id='line_1_80' title="bbox 1424 1212 2486 1254; baseline 0.002 -9"><span class='ocrx_word' id='word_1_761' title='bbox 1424 1213 1455 1245; x_wconf 86' lang='lat' dir='ltr'>id</span> <span class='ocrx_word' id='word_1_762' title='bbox 1473 1213 1562 1254; x_wconf 89' lang='lat' dir='ltr'>quod</span> <span class='ocrx_word' id='word_1_763' title='bbox 1579 1212 1735 1246; x_wconf 87' lang='lat' dir='ltr'>concedat</span> <span class='ocrx_word' id='word_1_764' title='bbox 1749 1215 1806 1244; x_wconf 86' lang='lat' dir='ltr'>aut</span> <span class='ocrx_word' id='word_1_765' title='bbox 1819 1212 1852 1244; x_wconf 92' lang='lat' dir='ltr'>in</span> <span class='ocrx_word' id='word_1_766' title='bbox 1867 1212 1998 1254; x_wconf 90' lang='lat' dir='ltr'>plenum</span> <span class='ocrx_word' id='word_1_767' title='bbox 2014 1212 2120 1246; x_wconf 81' lang='lat' dir='ltr'>autin</span> <span class='ocrx_word' id='word_1_768' title='bbox 2133 1220 2275 1246; x_wconf 84' lang='lat' dir='ltr'>vacuum</span> <span class='ocrx_word' id='word_1_769' title='bbox 2286 1212 2486 1247; x_wconf 75' lang='lat' dir='ltr'>concedere.</span> 
     </span>
     <span class='ocr_line' id='line_1_81' title="bbox 1424 1260 2490 1303; baseline 0.003 -10"><span class='ocrx_word' id='word_1_770' title='bbox 1424 1261 1540 1293; x_wconf 90' lang='lat' dir='ltr'>horum</span> <span class='ocrx_word' id='word_1_771' title='bbox 1563 1260 1718 1299; x_wconf 79' lang='lat' dir='ltr'>alterum,</span> <span class='ocrx_word' id='word_1_772' title='bbox 1737 1260 1800 1293; x_wconf 91' lang='lat' dir='ltr'>hoc</span> <span class='ocrx_word' id='word_1_773' title='bbox 1822 1263 1870 1293; x_wconf 90' lang='lat' dir='ltr'>est</span> <span class='ocrx_word' id='word_1_774' title='bbox 1891 1260 2037 1301; x_wconf 88' lang='lat' dir='ltr'>plenum,</span> <span class='ocrx_word' id='word_1_775' title='bbox 2059 1260 2094 1293; x_wconf 86' lang='lat' dir='ltr'>id</span> <span class='ocrx_word' id='word_1_776' title='bbox 2114 1269 2180 1293; x_wconf 87' lang='lat' dir='ltr'>non</span> <span class='ocrx_word' id='word_1_777' title='bbox 2196 1260 2382 1303; x_wconf 75' lang='lat' dir='ltr'>admittere,</span> <span class='ocrx_word' id='word_1_778' title='bbox 2405 1261 2490 1296; x_wconf 81' lang='lat' dir='ltr'>alte-</span> 
     </span>
     <span class='ocr_line' id='line_1_82' title="bbox 1424 1307 2492 1351; baseline 0.002 -11"><span class='ocrx_word' id='word_1_779' title='bbox 1424 1317 1508 1349; x_wconf 90' lang='lat' dir='ltr'>rum,</span> <span class='ocrx_word' id='word_1_780' title='bbox 1523 1308 1585 1340; x_wconf 92' lang='lat' dir='ltr'>hoc</span> <span class='ocrx_word' id='word_1_781' title='bbox 1604 1310 1653 1340; x_wconf 86' lang='lat' dir='ltr'>est</span> <span class='ocrx_word' id='word_1_782' title='bbox 1672 1316 1825 1348; x_wconf 88' lang='lat' dir='ltr'>vacuum,</span> <span class='ocrx_word' id='word_1_783' title='bbox 1843 1316 1973 1350; x_wconf 91' lang='lat' dir='ltr'>prorsus</span> <span class='ocrx_word' id='word_1_784' title='bbox 1988 1307 2069 1340; x_wconf 93' lang='lat' dir='ltr'>nihil</span> <span class='ocrx_word' id='word_1_785' title='bbox 2087 1317 2168 1342; x_wconf 66' lang='lat' dir='ltr'>esse.</span> <span class='ocrx_word' id='word_1_786' title='bbox 2213 1308 2310 1341; x_wconf 85' lang='lat' dir='ltr'>Initio</span> <span class='ocrx_word' id='word_1_787' title='bbox 2325 1309 2492 1351; x_wconf 73' lang='lat' dir='ltr'>posuimus</span> 
     </span>
     <span class='ocr_line' id='line_1_83' title="bbox 1425 1354 2493 1399; baseline 0.002 -11"><span class='ocrx_word' id='word_1_788' title='bbox 1425 1359 1485 1388; x_wconf 84' lang='grc' dir='ltr'>πᾶν</span> <span class='ocrx_word' id='word_1_789' title='bbox 1508 1357 1540 1388; x_wconf 79' lang='grc' dir='ltr'>δὲ</span> <span class='ocrx_word' id='word_1_790' title='bbox 1557 1356 1684 1398; x_wconf 85' lang='grc' dir='ltr'>ἄπειρον</span> <span class='ocrx_word' id='word_1_791' title='bbox 1701 1356 1733 1387; x_wconf 87' lang='grc' dir='ltr'>ἓν</span> <span class='ocrx_word' id='word_1_792' title='bbox 1748 1355 1826 1387; x_wconf 83' lang='grc' dir='ltr'>εἶναι</span> <span class='ocrx_word' id='word_1_793' title='bbox 1841 1363 1899 1397; x_wconf 83' lang='lat' dir='ltr'>pro</span> <span class='ocrx_word' id='word_1_794' title='bbox 1919 1355 2005 1396; x_wconf 84' lang='lat' dir='ltr'>vulg.</span> <span class='ocrx_word' id='word_1_795' title='bbox 2026 1357 2088 1387; x_wconf 84' lang='grc' dir='ltr'>πᾶν</span> <span class='ocrx_word' id='word_1_796' title='bbox 2101 1354 2135 1389; x_wconf 60' lang='grc' dir='ltr'>δὲ</span> <span class='ocrx_word' id='word_1_797' title='bbox 2147 1355 2200 1388; x_wconf 74' lang='grc' dir='ltr'>καὶ</span> <span class='ocrx_word' id='word_1_798' title='bbox 2216 1355 2345 1399; x_wconf 76' lang='grc' dir='ltr'>ἄπειρον</span> <span class='ocrx_word' id='word_1_799' title='bbox 2360 1355 2396 1388; x_wconf 83' lang='grc' dir='ltr'>ὃν</span> <span class='ocrx_word' id='word_1_800' title='bbox 2411 1356 2493 1390; x_wconf 74' lang='grc' dir='ltr'>εἶναι</span> 
     </span>
     <span class='ocr_line' id='line_1_84' title="bbox 1427 1402 2492 1445; baseline 0.003 -11"><span class='ocrx_word' id='word_1_801' title='bbox 1427 1404 1475 1436; x_wconf 80' lang='lat' dir='ltr'>vel</span> <span class='ocrx_word' id='word_1_802' title='bbox 1497 1404 1557 1436; x_wconf 85' lang='lat' dir='ltr'>ut&#39;</span> <span class='ocrx_word' id='word_1_803' title='bbox 1550 1413 1580 1435; x_wconf 85' lang='lat' dir='ltr'>tn</span> <span class='ocrx_word' id='word_1_804' title='bbox 1594 1403 1668 1435; x_wconf 80' lang='lat' dir='ltr'>cod.</span> <span class='ocrx_word' id='word_1_805' title='bbox 1687 1402 1771 1443; x_wconf 81' lang='lat' dir='ltr'>Lips.</span> <span class='ocrx_word' id='word_1_806' title='bbox 1788 1404 1836 1435; x_wconf 79' lang='lat' dir='ltr'>est</span> <span class='ocrx_word' id='word_1_807' title='bbox 1851 1406 1912 1435; x_wconf 78' lang='grc' dir='ltr'>πᾶν</span> <span class='ocrx_word' id='word_1_808' title='bbox 1926 1403 1985 1445; x_wconf 77' lang='grc' dir='ltr'>γὰρ</span> <span class='ocrx_word' id='word_1_809' title='bbox 2002 1403 2131 1445; x_wconf 82' lang='grc' dir='ltr'>ἄπειρον</span> <span class='ocrx_word' id='word_1_810' title='bbox 2149 1402 2184 1435; x_wconf 83' lang='grc' dir='ltr'>ὃν</span> <span class='ocrx_word' id='word_1_811' title='bbox 2207 1402 2239 1436; x_wconf 81' lang='grc' dir='ltr'>ἓν</span> <span class='ocrx_word' id='word_1_812' title='bbox 2252 1403 2343 1437; x_wconf 80' lang='grc' dir='ltr'>εἶναι.</span> <span class='ocrx_word' id='word_1_813' title='bbox 2388 1405 2492 1438; x_wconf 69' lang='lat' dir='ltr'>Bran-</span> 
     </span>
     <span class='ocr_line' id='line_1_85' title="bbox 1424 1450 2496 1493; baseline 0.001 -10"><span class='ocrx_word' id='word_1_814' title='bbox 1424 1451 1472 1483; x_wconf 91' lang='lat' dir='ltr'>di</span> <span class='ocrx_word' id='word_1_815' title='bbox 1476 1452 1527 1483; x_wconf 84' lang='lat' dir='ltr'>ius</span> <span class='ocrx_word' id='word_1_816' title='bbox 1551 1451 1688 1491; x_wconf 86' lang='lat' dir='ltr'>conjecit</span> <span class='ocrx_word' id='word_1_817' title='bbox 1705 1454 1768 1482; x_wconf 85' lang='grc' dir='ltr'>πᾶν</span> <span class='ocrx_word' id='word_1_818' title='bbox 1791 1450 1819 1483; x_wconf 78' lang='grc' dir='ltr'>δ’</span> <span class='ocrx_word' id='word_1_819' title='bbox 1840 1450 1903 1492; x_wconf 83' lang='grc' dir='ltr'>ἄρ’,</span> <span class='ocrx_word' id='word_1_820' title='bbox 1922 1450 2076 1491; x_wconf 84' lang='lat' dir='ltr'>Bergkius</span> <span class='ocrx_word' id='word_1_821' title='bbox 2097 1450 2198 1492; x_wconf 83' lang='grc' dir='ltr'>πάντῃ</span> <span class='ocrx_word' id='word_1_822' title='bbox 2217 1450 2250 1483; x_wconf 78' lang='grc' dir='ltr'>δὲ</span> <span class='ocrx_word' id='word_1_823' title='bbox 2271 1451 2475 1493; x_wconf 56' lang='lat' dir='ltr'>incipe-‘dv‘</span> <span class='ocrx_word' id='word_1_824' title='bbox 2462 1462 2496 1484; x_wconf 71' lang='grc' dir='ltr'>ει</span> 
     </span>
     <span class='ocr_line' id='line_1_86' title="bbox 1425 1497 2494 1540; baseline 0.001 -9"><span class='ocrx_word' id='word_1_825' title='bbox 1425 1499 1519 1531; x_wconf 68' lang='lat' dir='ltr'>eivzi:</span> <span class='ocrx_word' id='word_1_826' title='bbox 1536 1502 1651 1532; x_wconf 88' lang='lat' dir='ltr'>neutra</span> <span class='ocrx_word' id='word_1_827' title='bbox 1668 1497 1761 1529; x_wconf 90' lang='lat' dir='ltr'>nobis</span> <span class='ocrx_word' id='word_1_828' title='bbox 1774 1497 1894 1530; x_wconf 82' lang='lat' dir='ltr'>arridet</span> <span class='ocrx_word' id='word_1_829' title='bbox 1912 1498 2113 1537; x_wconf 80' lang='lat' dir='ltr'>conjectura.</span> <span class='ocrx_word' id='word_1_830' title='bbox 2158 1499 2243 1535; x_wconf 78' lang='lat' dir='ltr'>Quae</span> <span class='ocrx_word' id='word_1_831' title='bbox 2258 1502 2443 1540; x_wconf 82' lang='lat' dir='ltr'>sequuntur</span> <span class='ocrx_word' id='word_1_832' title='bbox 2461 1499 2494 1532; x_wconf 91' lang='lat' dir='ltr'>in</span> 
     </span>
     <span class='ocr_line' id='line_1_87' title="bbox 1426 1544 2494 1587; baseline 0.001 -9"><span class='ocrx_word' id='word_1_833' title='bbox 1426 1547 1490 1578; x_wconf 83' lang='lat' dir='ltr'>vul</span> <span class='ocrx_word' id='word_1_834' title='bbox 1484 1546 1565 1587; x_wconf 63' lang='lat' dir='ltr'>gatis</span> <span class='ocrx_word' id='word_1_835' title='bbox 1583 1545 1822 1587; x_wconf 80' lang='lat' dir='ltr'>exemplaribus</span> <span class='ocrx_word' id='word_1_836' title='bbox 1834 1544 1880 1577; x_wconf 89' lang='lat' dir='ltr'>sic</span> <span class='ocrx_word' id='word_1_837' title='bbox 1895 1553 1930 1578; x_wconf 90' lang='lat' dir='ltr'>se</span> <span class='ocrx_word' id='word_1_838' title='bbox 1943 1545 2091 1578; x_wconf 87' lang='lat' dir='ltr'>habent.</span> <span class='ocrx_word' id='word_1_839' title='bbox 2083 1545 2132 1577; x_wconf 82' lang='grc' dir='ltr'>·εἶ</span> <span class='ocrx_word' id='word_1_840' title='bbox 2142 1546 2203 1587; x_wconf 85' lang='grc' dir='ltr'>γὰρ</span> <span class='ocrx_word' id='word_1_841' title='bbox 2216 1546 2312 1578; x_wconf 83' lang='grc' dir='ltr'>πλέον</span> <span class='ocrx_word' id='word_1_842' title='bbox 2324 1546 2374 1585; x_wconf 79' lang='grc' dir='ltr'>ἢ</span> <span class='ocrx_word' id='word_1_843' title='bbox 2358 1546 2415 1579; x_wconf 70' lang='lat' dir='ltr'>ooo</span> <span class='ocrx_word' id='word_1_844' title='bbox 2431 1546 2494 1587; x_wconf 77' lang='grc' dir='ltr'>ιῑη,</span> 
     </span>
     <span class='ocr_line' id='line_1_88' title="bbox 1426 1591 2495 1634; baseline 0.003 -10"><span class='ocrx_word' id='word_1_845' title='bbox 1426 1593 1480 1625; x_wconf 83' lang='grc' dir='ltr'>ιιΙ)ἰ</span> <span class='ocrx_word' id='word_1_846' title='bbox 1498 1592 1616 1625; x_wconf 88' lang='lat' dir='ltr'>rectius</span> <span class='ocrx_word' id='word_1_847' title='bbox 1631 1592 1711 1624; x_wconf 89' lang='lat' dir='ltr'>liber</span> <span class='ocrx_word' id='word_1_848' title='bbox 1726 1591 1898 1633; x_wconf 88' lang='lat' dir='ltr'>Lipsiensis</span> <span class='ocrx_word' id='word_1_849' title='bbox 1917 1593 2015 1625; x_wconf 86' lang='grc' dir='ltr'>πλέω.</span> <span class='ocrx_word' id='word_1_850' title='bbox 2061 1591 2215 1634; x_wconf 77' lang='lat' dir='ltr'>Bergkius</span> <span class='ocrx_word' id='word_1_851' title='bbox 2231 1593 2330 1626; x_wconf 81' lang='lat' dir='ltr'>scribi</span> <span class='ocrx_word' id='word_1_852' title='bbox 2345 1592 2446 1634; x_wconf 77' lang='lat' dir='ltr'>jussit</span> <span class='ocrx_word' id='word_1_853' title='bbox 2466 1594 2495 1627; x_wconf 75' lang='lat' dir='ltr'>el</span> 
     </span>
     <span class='ocr_line' id='line_1_89' title="bbox 1424 1639 2495 1684; baseline 0.002 -12"><span class='ocrx_word' id='word_1_854' title='bbox 1424 1641 1484 1684; x_wconf 82' lang='grc' dir='ltr'>γὰρ</span> <span class='ocrx_word' id='word_1_855' title='bbox 1499 1641 1586 1673; x_wconf 75' lang='grc' dir='ltr'>πλέω</span> <span class='ocrx_word' id='word_1_856' title='bbox 1605 1641 1625 1680; x_wconf 88' lang='grc' dir='ltr'>ἢ</span> <span class='ocrx_word' id='word_1_857' title='bbox 1644 1641 1698 1673; x_wconf 70' lang='grc' dir='ltr'>καὶ</span> <span class='ocrx_word' id='word_1_858' title='bbox 1720 1641 1775 1672; x_wconf 79' lang='grc' dir='ltr'>δυο</span> <span class='ocrx_word' id='word_1_859' title='bbox 1798 1639 1861 1678; x_wconf 77' lang='grc' dir='ltr'>εἴη,</span> <span class='ocrx_word' id='word_1_860' title='bbox 1880 1639 1913 1671; x_wconf 91' lang='lat' dir='ltr'>in</span> <span class='ocrx_word' id='word_1_861' title='bbox 1937 1649 2003 1681; x_wconf 87' lang='lat' dir='ltr'>quo</span> <span class='ocrx_word' id='word_1_862' title='bbox 2027 1639 2236 1681; x_wconf 84' lang='lat' dir='ltr'>acquiescere</span> <span class='ocrx_word' id='word_1_863' title='bbox 2251 1649 2375 1682; x_wconf 81' lang='lat' dir='ltr'>posses,</span> <span class='ocrx_word' id='word_1_864' title='bbox 2396 1641 2425 1674; x_wconf 86' lang='lat' dir='ltr'>si</span> <span class='ocrx_word' id='word_1_865' title='bbox 2439 1642 2495 1674; x_wconf 75' lang='grc' dir='ltr'>καὶ</span> 
     </span>
     <span class='ocr_line' id='line_1_90' title="bbox 1426 1687 2494 1731; baseline 0.001 -11"><span class='ocrx_word' id='word_1_866' title='bbox 1426 1688 1618 1721; x_wconf 76' lang='lat' dir='ltr'>particulam</span> <span class='ocrx_word' id='word_1_867' title='bbox 1633 1687 1806 1720; x_wconf 82' lang='lat' dir='ltr'>omisisset.</span> <span class='ocrx_word' id='word_1_868' title='bbox 1853 1688 1948 1725; x_wconf 90' lang='lat' dir='ltr'>Quod</span> <span class='ocrx_word' id='word_1_869' title='bbox 1969 1687 2011 1720; x_wconf 83' lang='lat' dir='ltr'>ad</span> <span class='ocrx_word' id='word_1_870' title='bbox 2032 1696 2115 1728; x_wconf 90' lang='lat' dir='ltr'>rem,</span> <span class='ocrx_word' id='word_1_871' title='bbox 2139 1687 2181 1720; x_wconf 87' lang='lat' dir='ltr'>de</span> <span class='ocrx_word' id='word_1_872' title='bbox 2196 1695 2263 1729; x_wconf 78' lang='lat' dir='ltr'>qua</span> <span class='ocrx_word' id='word_1_873' title='bbox 2279 1687 2494 1731; x_wconf 82' lang='lat' dir='ltr'>disceptatur.</span> 
     </span>
     <span class='ocr_line' id='line_1_91' title="bbox 1425 1734 2497 1779; baseline 0.003 -11"><span class='ocrx_word' id='word_1_874' title='bbox 1425 1738 1541 1769; x_wconf 83' lang='lat' dir='ltr'>attinet</span> <span class='ocrx_word' id='word_1_875' title='bbox 1552 1736 1595 1769; x_wconf 78' lang='lat' dir='ltr'>cs</span> <span class='ocrx_word' id='word_1_876' title='bbox 1608 1735 1742 1770; x_wconf 88' lang='lat' dir='ltr'>tertium</span> <span class='ocrx_word' id='word_1_877' title='bbox 1755 1734 1872 1768; x_wconf 85' lang='lat' dir='ltr'>Melissi</span> <span class='ocrx_word' id='word_1_878' title='bbox 1888 1735 2003 1776; x_wconf 77' lang='lat' dir='ltr'>fragm.</span> <span class='ocrx_word' id='word_1_879' title='bbox 2015 1736 2042 1768; x_wconf 87' lang='grc' dir='ltr'>εἰ</span> <span class='ocrx_word' id='word_1_880' title='bbox 2055 1735 2091 1768; x_wconf 84' lang='grc' dir='ltr'>δὲ</span> <span class='ocrx_word' id='word_1_881' title='bbox 2101 1735 2275 1779; x_wconf 66' lang='grc' dir='ltr'>ἄπειρονκ.</span> <span class='ocrx_word' id='word_1_882' title='bbox 2290 1747 2321 1770; x_wconf 82' lang='grc' dir='ltr'>τ.</span> <span class='ocrx_word' id='word_1_883' title='bbox 2332 1738 2362 1771; x_wconf 94' lang='grc' dir='ltr'>λ.</span> <span class='ocrx_word' id='word_1_884' title='bbox 2373 1737 2497 1772; x_wconf 82' lang='lat' dir='ltr'>Deinde</span> 
     </span>
     <span class='ocr_line' id='line_1_92' title="bbox 1426 1783 2497 1828; baseline 0.005 -13"><span class='ocrx_word' id='word_1_885' title='bbox 1426 1784 1512 1825; x_wconf 86' lang='lat' dir='ltr'>quod</span> <span class='ocrx_word' id='word_1_886' title='bbox 1532 1784 1695 1817; x_wconf 78' lang='lat' dir='ltr'>Bekkerus</span> <span class='ocrx_word' id='word_1_887' title='bbox 1712 1783 1857 1825; x_wconf 81' lang='lat' dir='ltr'>vulgavit</span> <span class='ocrx_word' id='word_1_888' title='bbox 1876 1783 1937 1816; x_wconf 89' lang='grc' dir='ltr'>ἓν</span> <span class='ocrx_word' id='word_1_889' title='bbox 1922 1783 1955 1816; x_wconf 84' lang='grc' dir='ltr'>οὲ</span> <span class='ocrx_word' id='word_1_890' title='bbox 1968 1783 2108 1826; x_wconf 58' lang='grc' dir='ltr'>ὅμοιον..</span> <span class='ocrx_word' id='word_1_891' title='bbox 2092 1784 2171 1817; x_wconf 81' lang='grc' dir='ltr'>εἶναι</span> <span class='ocrx_word' id='word_1_892' title='bbox 2187 1783 2302 1828; x_wconf 81' lang='grc' dir='ltr'>πάντα,</span> <span class='ocrx_word' id='word_1_893' title='bbox 2319 1785 2413 1827; x_wconf 81' lang='lat' dir='ltr'>eujus</span> <span class='ocrx_word' id='word_1_894' title='bbox 2426 1786 2497 1820; x_wconf 78' lang='lat' dir='ltr'>loco</span> 
     </span>
     <span class='ocr_line' id='line_1_93' title="bbox 1425 1831 2495 1874; baseline 0.004 -10"><span class='ocrx_word' id='word_1_895' title='bbox 1425 1833 1551 1874; x_wconf 84' lang='lat' dir='ltr'>aliquot</span> <span class='ocrx_word' id='word_1_896' title='bbox 1565 1832 1667 1866; x_wconf 85' lang='lat' dir='ltr'>codd</span> <span class='ocrx_word' id='word_1_897' title='bbox 1683 1832 1701 1865; x_wconf 89' lang='grc' dir='ltr'><strong>ὃ</strong></span> <span class='ocrx_word' id='word_1_898' title='bbox 1721 1832 1815 1874; x_wconf 84' lang='grc' dir='ltr'>μόνον</span> <span class='ocrx_word' id='word_1_899' title='bbox 1839 1831 1977 1872; x_wconf 87' lang='lat' dir='ltr'>habent,</span> <span class='ocrx_word' id='word_1_900' title='bbox 1999 1831 2034 1864; x_wconf 88' lang='lat' dir='ltr'>id</span> <span class='ocrx_word' id='word_1_901' title='bbox 2055 1832 2286 1866; x_wconf 85' lang='lat' dir='ltr'>correximuse</span> <span class='ocrx_word' id='word_1_902' title='bbox 2304 1833 2495 1868; x_wconf 77' lang='lat' dir='ltr'>membrana</span> 
     </span>
     <span class='ocr_line' id='line_1_94' title="bbox 1427 1879 2497 1924; baseline 0.004 -11"><span class='ocrx_word' id='word_1_903' title='bbox 1427 1880 1603 1921; x_wconf 88' lang='lat' dir='ltr'>Lipsiensi,</span> <span class='ocrx_word' id='word_1_904' title='bbox 1629 1879 1724 1920; x_wconf 85' lang='lat' dir='ltr'>cujus</span> <span class='ocrx_word' id='word_1_905' title='bbox 1753 1879 1826 1912; x_wconf 60' lang='lat' dir='ltr'>haec</span> <span class='ocrx_word' id='word_1_906' title='bbox 1849 1882 1898 1912; x_wconf 87' lang='lat' dir='ltr'>est</span> <span class='ocrx_word' id='word_1_907' title='bbox 1925 1879 2107 1922; x_wconf 87' lang='lat' dir='ltr'>scriptura.</span> <span class='ocrx_word' id='word_1_908' title='bbox 2132 1880 2165 1913; x_wconf 84' lang='grc' dir='ltr'>ἓν</span> <span class='ocrx_word' id='word_1_909' title='bbox 2181 1880 2216 1913; x_wconf 81' lang='grc' dir='ltr'>δὲ</span> <span class='ocrx_word' id='word_1_910' title='bbox 2241 1881 2277 1914; x_wconf 81' lang='grc' dir='ltr'>ὃν</span> <span class='ocrx_word' id='word_1_911' title='bbox 2290 1881 2400 1924; x_wconf 85' lang='grc' dir='ltr'>ὅμοιον</span> <span class='ocrx_word' id='word_1_912' title='bbox 2416 1881 2497 1917; x_wconf 78' lang='grc' dir='ltr'>εἶναι</span> 
     </span>
     <span class='ocr_line' id='line_1_95' title="bbox 1426 1927 2498 1972; baseline 0.003 -11"><span class='ocrx_word' id='word_1_913' title='bbox 1426 1929 1540 1972; x_wconf 82' lang='grc' dir='ltr'>πάντῃ.</span> <span class='ocrx_word' id='word_1_914' title='bbox 1556 1931 1597 1962; x_wconf 83' lang='grc' dir='ltr'><em>Ρ)</em></span> <span class='ocrx_word' id='word_1_915' title='bbox 1598 1930 1717 1962; x_wconf 84' lang='lat' dir='ltr'>aeterea</span> <span class='ocrx_word' id='word_1_916' title='bbox 1730 1928 1817 1970; x_wconf 90' lang='lat' dir='ltr'>quod</span> <span class='ocrx_word' id='word_1_917' title='bbox 1835 1928 1998 1961; x_wconf 81' lang='lat' dir='ltr'>Bekkerus</span> <span class='ocrx_word' id='word_1_918' title='bbox 2013 1927 2134 1961; x_wconf 88' lang='lat' dir='ltr'>edidit.</span> <span class='ocrx_word' id='word_1_919' title='bbox 2126 1930 2173 1961; x_wconf 78' lang='grc' dir='ltr'>·εἰ</span> <span class='ocrx_word' id='word_1_920' title='bbox 2184 1929 2244 1971; x_wconf 83' lang='grc' dir='ltr'>γὰρ</span> <span class='ocrx_word' id='word_1_921' title='bbox 2254 1929 2388 1970; x_wconf 68' lang='grc' dir='ltr'>ἀνόμοια</span> <span class='ocrx_word' id='word_1_922' title='bbox 2396 1930 2498 1964; x_wconf 80' lang='grc' dir='ltr'>πλείω</span> 
     </span>
     <span class='ocr_line' id='line_1_96' title="bbox 1427 1975 2497 2016; baseline 0.001 -7"><span class='ocrx_word' id='word_1_923' title='bbox 1427 1977 1512 2012; x_wconf 86' lang='grc' dir='ltr'>ὄντα</span> <span class='ocrx_word' id='word_1_924' title='bbox 1527 1977 1584 2009; x_wconf 81' lang='grc' dir='ltr'>οὐκ</span> <span class='ocrx_word' id='word_1_925' title='bbox 1615 1977 1652 2008; x_wconf 84' lang='grc' dir='ltr'>ἂν</span> <span class='ocrx_word' id='word_1_926' title='bbox 1677 1976 1721 2008; x_wconf 82' lang='grc' dir='ltr'>ἔτι</span> <span class='ocrx_word' id='word_1_927' title='bbox 1749 1976 1780 2007; x_wconf 86' lang='grc' dir='ltr'>ἓν</span> <span class='ocrx_word' id='word_1_928' title='bbox 1806 1977 1901 2007; x_wconf 84' lang='grc' dir='ltr'>θεῖναι</span> <span class='ocrx_word' id='word_1_929' title='bbox 1934 1975 2018 2008; x_wconf 81' lang='lat' dir='ltr'>sacili</span> <span class='ocrx_word' id='word_1_930' title='bbox 2041 1975 2170 2016; x_wconf 81' lang='lat' dir='ltr'>negotio</span> <span class='ocrx_word' id='word_1_931' title='bbox 2188 1976 2357 2009; x_wconf 73' lang='lat' dir='ltr'>emendavi</span> <span class='ocrx_word' id='word_1_932' title='bbox 2383 1977 2497 2010; x_wconf 71' lang='lat' dir='ltr'>cced-</span> 
     </span>
     <span class='ocr_line' id='line_1_97' title="bbox 1429 2023 2497 2067; baseline 0.001 -10"><span class='ocrx_word' id='word_1_933' title='bbox 1429 2024 1514 2067; x_wconf 88' lang='lat' dir='ltr'>Lips.</span> <span class='ocrx_word' id='word_1_934' title='bbox 1534 2025 1588 2057; x_wconf 86' lang='lat' dir='ltr'>ubi</span> <span class='ocrx_word' id='word_1_935' title='bbox 1602 2025 1693 2057; x_wconf 90' lang='lat' dir='ltr'>locus</span> <span class='ocrx_word' id='word_1_936' title='bbox 1707 2024 1752 2056; x_wconf 87' lang='lat' dir='ltr'>sic</span> <span class='ocrx_word' id='word_1_937' title='bbox 1767 2023 2005 2056; x_wconf 88' lang='lat' dir='ltr'>constituitur·</span> <span class='ocrx_word' id='word_1_938' title='bbox 2023 2024 2050 2055; x_wconf 76' lang='grc' dir='ltr'>εἰ</span> <span class='ocrx_word' id='word_1_939' title='bbox 2063 2023 2123 2066; x_wconf 85' lang='grc' dir='ltr'>γὰρ</span> <span class='ocrx_word' id='word_1_940' title='bbox 2136 2023 2246 2065; x_wconf 76' lang='grc' dir='ltr'>ἄνομοι</span> <span class='ocrx_word' id='word_1_941' title='bbox 2248 2035 2294 2062; x_wconf 83' lang='grc' dir='ltr'>ον.</span> <span class='ocrx_word' id='word_1_942' title='bbox 2311 2023 2410 2058; x_wconf 83' lang='grc' dir='ltr'>πλείω</span> <span class='ocrx_word' id='word_1_943' title='bbox 2421 2024 2497 2058; x_wconf 81' lang='grc' dir='ltr'>ὄντα</span> 
     </span>
     <span class='ocr_line' id='line_1_98' title="bbox 1432 2070 2495 2113; baseline 0 -7"><span class='ocrx_word' id='word_1_944' title='bbox 1432 2074 1491 2106; x_wconf 77' lang='grc' dir='ltr'>οὐκ</span> <span class='ocrx_word' id='word_1_945' title='bbox 1504 2074 1542 2105; x_wconf 82' lang='grc' dir='ltr'>ἂν</span> <span class='ocrx_word' id='word_1_946' title='bbox 1559 2073 1632 2106; x_wconf 81' lang='grc' dir='ltr'>ἐτι</span> <span class='ocrx_word' id='word_1_947' title='bbox 1620 2084 1651 2105; x_wconf 85' lang='grc' dir='ltr'>εν</span> <span class='ocrx_word' id='word_1_948' title='bbox 1665 2072 1756 2111; x_wconf 74' lang='grc' dir='ltr'>εἶναι,</span> <span class='ocrx_word' id='word_1_949' title='bbox 1778 2071 1837 2104; x_wconf 93' lang='lat' dir='ltr'>nisi</span> <span class='ocrx_word' id='word_1_950' title='bbox 1855 2070 1942 2113; x_wconf 87' lang='lat' dir='ltr'>quod</span> <span class='ocrx_word' id='word_1_951' title='bbox 1964 2071 1996 2104; x_wconf 87' lang='grc' dir='ltr'>ἓν</span> <span class='ocrx_word' id='word_1_952' title='bbox 2010 2070 2132 2103; x_wconf 84' lang='lat' dir='ltr'>librarii</span> <span class='ocrx_word' id='word_1_953' title='bbox 2150 2081 2260 2105; x_wconf 88' lang='lat' dir='ltr'>errore</span> <span class='ocrx_word' id='word_1_954' title='bbox 2274 2072 2318 2105; x_wconf 88' lang='lat' dir='ltr'>ibi</span> <span class='ocrx_word' id='word_1_955' title='bbox 2336 2073 2495 2106; x_wconf 81' lang='lat' dir='ltr'>omissum</span> 
     </span>
     <span class='ocr_line' id='line_1_99' title="bbox 1428 2118 2496 2163; baseline 0 -9"><span class='ocrx_word' id='word_1_956' title='bbox 1428 2123 1487 2154; x_wconf 88' lang='lat' dir='ltr'>est.</span> <span class='ocrx_word' id='word_1_957' title='bbox 1534 2119 1720 2162; x_wconf 82' lang='lat' dir='ltr'>caeteroqui</span> <span class='ocrx_word' id='word_1_958' title='bbox 1738 2120 1803 2160; x_wconf 88' lang='lat' dir='ltr'>jam</span> <span class='ocrx_word' id='word_1_959' title='bbox 1822 2119 2012 2159; x_wconf 81' lang='lat' dir='ltr'>Sylburgius</span> <span class='ocrx_word' id='word_1_960' title='bbox 2030 2118 2109 2151; x_wconf 82' lang='grc' dir='ltr'>εἶναι</span> <span class='ocrx_word' id='word_1_961' title='bbox 2127 2119 2300 2161; x_wconf 85' lang='lat' dir='ltr'>legendum</span> <span class='ocrx_word' id='word_1_962' title='bbox 2314 2119 2496 2163; x_wconf 69' lang='lat' dir='ltr'>suspicatus</span> 
     </span>
     <span class='ocr_line' id='line_1_100' title="bbox 1429 2167 2494 2210; baseline 0.001 -9"><span class='ocrx_word' id='word_1_963' title='bbox 1429 2171 1492 2210; x_wconf 87' lang='lat' dir='ltr'>est,</span> <span class='ocrx_word' id='word_1_964' title='bbox 1510 2168 1598 2210; x_wconf 91' lang='lat' dir='ltr'>quod</span> <span class='ocrx_word' id='word_1_965' title='bbox 1612 2168 1710 2201; x_wconf 87' lang='lat' dir='ltr'>etiam</span> <span class='ocrx_word' id='word_1_966' title='bbox 1727 2167 1912 2200; x_wconf 82' lang='lat' dir='ltr'>Brandisius</span> <span class='ocrx_word' id='word_1_967' title='bbox 1929 2167 2152 2206; x_wconf 79' lang='lat' dir='ltr'>comprobavit</span> <span class='ocrx_word' id='word_1_968' title='bbox 2162 2168 2362 2200; x_wconf 85' lang='lat' dir='ltr'>Commentt</span> <span class='ocrx_word' id='word_1_969' title='bbox 2375 2167 2494 2202; x_wconf 82' lang='lat' dir='ltr'>Eleatt.</span> 
     </span>
     <span class='ocr_line' id='line_1_101' title="bbox 1429 2213 2494 2258; baseline -0.001 -10"><span class='ocrx_word' id='word_1_970' title='bbox 1429 2226 1460 2258; x_wconf 87' lang='lat' dir='ltr'>p.</span> <span class='ocrx_word' id='word_1_971' title='bbox 1486 2219 1557 2248; x_wconf 82' lang='grc'>188</span> <span class='ocrx_word' id='word_1_972' title='bbox 1603 2216 1685 2253; x_wconf 81' lang='lat' dir='ltr'>Quae</span> <span class='ocrx_word' id='word_1_973' title='bbox 1706 2214 1948 2256; x_wconf 72' lang='lat' dir='ltr'>subiunguntur</span> <span class='ocrx_word' id='word_1_974' title='bbox 1959 2213 2103 2247; x_wconf 82' lang='grc' dir='ltr'>ἀΐδιονδὲ</span> <span class='ocrx_word' id='word_1_975' title='bbox 2121 2214 2156 2246; x_wconf 86' lang='grc' dir='ltr'>ὃν</span> <span class='ocrx_word' id='word_1_976' title='bbox 2173 2213 2306 2258; x_wconf 84' lang='grc' dir='ltr'>ἄμετρόν</span> <span class='ocrx_word' id='word_1_977' title='bbox 2321 2225 2355 2247; x_wconf 85' lang='grc' dir='ltr'>τε</span> <span class='ocrx_word' id='word_1_978' title='bbox 2369 2213 2494 2248; x_wconf 82' lang='lat' dir='ltr'>deben-</span> 
     </span>
     <span class='ocr_line' id='line_1_102' title="bbox 1428 2261 2496 2304; baseline 0 -8"><span class='ocrx_word' id='word_1_979' title='bbox 1428 2268 1481 2296; x_wconf 90' lang='lat' dir='ltr'>tur</span> <span class='ocrx_word' id='word_1_980' title='bbox 1499 2263 1636 2297; x_wconf 78' lang='lat' dir='ltr'>Bekkeri</span> <span class='ocrx_word' id='word_1_981' title='bbox 1652 2262 1840 2301; x_wconf 88' lang='lat' dir='ltr'>codicibus,</span> <span class='ocrx_word' id='word_1_982' title='bbox 1860 2261 1918 2303; x_wconf 90' lang='lat' dir='ltr'>qui</span> <span class='ocrx_word' id='word_1_983' title='bbox 1934 2262 2043 2294; x_wconf 86' lang='lat' dir='ltr'>tamen</span> <span class='ocrx_word' id='word_1_984' title='bbox 2060 2261 2164 2295; x_wconf 86' lang='lat' dir='ltr'>edidit</span> <span class='ocrx_word' id='word_1_985' title='bbox 2177 2263 2312 2304; x_wconf 76' lang='grc' dir='ltr'>μέτριον.</span> <span class='ocrx_word' id='word_1_986' title='bbox 2358 2263 2396 2295; x_wconf 85' lang='lat' dir='ltr'>In</span> <span class='ocrx_word' id='word_1_987' title='bbox 2414 2262 2496 2296; x_wconf 86' lang='lat' dir='ltr'>libro</span> 
     </span>
     <span class='ocr_line' id='line_1_103' title="bbox 1429 2309 2495 2353; baseline 0 -9"><span class='ocrx_word' id='word_1_988' title='bbox 1429 2312 1583 2353; x_wconf 87' lang='lat' dir='ltr'>Lipsiensi</span> <span class='ocrx_word' id='word_1_989' title='bbox 1610 2310 1758 2344; x_wconf 85' lang='lat' dir='ltr'>Olearius</span> <span class='ocrx_word' id='word_1_990' title='bbox 1780 2309 1926 2352; x_wconf 83' lang='grc' dir='ltr'>ἄμετρον,</span> <span class='ocrx_word' id='word_1_991' title='bbox 1954 2309 2091 2343; x_wconf 86' lang='lat' dir='ltr'>Beckius</span> <span class='ocrx_word' id='word_1_992' title='bbox 2120 2310 2269 2352; x_wconf 82' lang='grc' dir='ltr'>εὔμετρον</span> <span class='ocrx_word' id='word_1_993' title='bbox 2290 2309 2405 2349; x_wconf 82' lang='lat' dir='ltr'>legisse</span> <span class='ocrx_word' id='word_1_994' title='bbox 2433 2311 2495 2344; x_wconf 90' lang='lat' dir='ltr'>sibi</span> 
     </span>
     <span class='ocr_line' id='line_1_104' title="bbox 1428 2356 2496 2399; baseline 0 -7"><span class='ocrx_word' id='word_1_995' title='bbox 1428 2360 1520 2392; x_wconf 88' lang='lat' dir='ltr'>visus</span> <span class='ocrx_word' id='word_1_996' title='bbox 1534 2362 1594 2392; x_wconf 90' lang='lat' dir='ltr'>est.</span> <span class='ocrx_word' id='word_1_997' title='bbox 1640 2357 1796 2399; x_wconf 83' lang='lat' dir='ltr'>Bergkius</span> <span class='ocrx_word' id='word_1_998' title='bbox 1821 2357 1931 2390; x_wconf 86' lang='lat' dir='ltr'>locum</span> <span class='ocrx_word' id='word_1_999' title='bbox 1950 2357 1994 2389; x_wconf 86' lang='lat' dir='ltr'>ita</span> <span class='ocrx_word' id='word_1_1000' title='bbox 2011 2357 2122 2391; x_wconf 88' lang='lat' dir='ltr'>studet</span> <span class='ocrx_word' id='word_1_1001' title='bbox 2147 2356 2328 2399; x_wconf 82' lang='lat' dir='ltr'>refingere.</span> <span class='ocrx_word' id='word_1_1002' title='bbox 2345 2357 2410 2391; x_wconf 76' lang='grc' dir='ltr'>ἀΐδ.</span> <span class='ocrx_word' id='word_1_1003' title='bbox 2412 2358 2448 2391; x_wconf 85' lang='grc' dir='ltr'>όν</span> <span class='ocrx_word' id='word_1_1004' title='bbox 2461 2369 2496 2392; x_wconf 80' lang='grc' dir='ltr'>τε</span> 
     </span>
     <span class='ocr_line' id='line_1_105' title="bbox 1427 2404 2498 2449; baseline -0.001 -9"><span class='ocrx_word' id='word_1_1005' title='bbox 1427 2407 1462 2440; x_wconf 87' lang='grc' dir='ltr'>ὃν</span> <span class='ocrx_word' id='word_1_1006' title='bbox 1479 2407 1606 2449; x_wconf 84' lang='grc' dir='ltr'>ἄπειρόν</span> <span class='ocrx_word' id='word_1_1007' title='bbox 1621 2417 1654 2438; x_wconf 90' lang='grc' dir='ltr'>τε</span> <span class='ocrx_word' id='word_1_1008' title='bbox 1671 2406 1725 2438; x_wconf 86' lang='grc' dir='ltr'>καὶ</span> <span class='ocrx_word' id='word_1_1009' title='bbox 1738 2405 1770 2438; x_wconf 85' lang='grc' dir='ltr'>ἓν</span> <span class='ocrx_word' id='word_1_1010' title='bbox 1781 2416 1835 2437; x_wconf 87' lang='grc' dir='ltr'>και</span> <span class='ocrx_word' id='word_1_1011' title='bbox 1849 2405 1922 2446; x_wconf 88' lang='grc' dir='ltr'>ὅμο.</span> <span class='ocrx_word' id='word_1_1012' title='bbox 1925 2416 1959 2438; x_wconf 90' lang='grc' dir='ltr'>ον</span> <span class='ocrx_word' id='word_1_1013' title='bbox 1975 2404 2077 2447; x_wconf 82' lang='grc' dir='ltr'>πάντῃ</span> <span class='ocrx_word' id='word_1_1014' title='bbox 2089 2405 2236 2445; x_wconf 81' lang='grc' dir='ltr'>ἀκίνητον</span> <span class='ocrx_word' id='word_1_1015' title='bbox 2258 2405 2360 2439; x_wconf 72' lang='grc' dir='ltr'>εἶναι.</span> <span class='ocrx_word' id='word_1_1016' title='bbox 2380 2405 2498 2448; x_wconf 84' lang='lat' dir='ltr'>quihus</span> 
     </span>
     <span class='ocr_line' id='line_1_106' title="bbox 1428 2453 2499 2494; baseline 0.001 -7"><span class='ocrx_word' id='word_1_1017' title='bbox 1428 2454 1662 2488; x_wconf 88' lang='lat' dir='ltr'>mutationibus</span> <span class='ocrx_word' id='word_1_1018' title='bbox 1679 2454 1733 2486; x_wconf 83' lang='lat' dir='ltr'>vix</span> <span class='ocrx_word' id='word_1_1019' title='bbox 1754 2461 1838 2494; x_wconf 91' lang='lat' dir='ltr'>opus</span> <span class='ocrx_word' id='word_1_1020' title='bbox 1866 2461 1940 2486; x_wconf 88' lang='lat' dir='ltr'>esse</span> <span class='ocrx_word' id='word_1_1021' title='bbox 1969 2453 2165 2494; x_wconf 81' lang='lat' dir='ltr'>putaverim.</span> <span class='ocrx_word' id='word_1_1022' title='bbox 2210 2453 2307 2492; x_wconf 83' lang='lat' dir='ltr'>Quod</span> <span class='ocrx_word' id='word_1_1023' title='bbox 2323 2454 2434 2487; x_wconf 76' lang='lat' dir='ltr'>autem</span> <span class='ocrx_word' id='word_1_1024' title='bbox 2451 2455 2499 2488; x_wconf 85' lang='lat' dir='ltr'>ait</span> 
     </span>
     <span class='ocr_line' id='line_1_107' title="bbox 1429 2501 2498 2547; baseline -0.002 -10"><span class='ocrx_word' id='word_1_1025' title='bbox 1429 2505 1551 2547; x_wconf 89' lang='grc' dir='ltr'>μέτριον</span> <span class='ocrx_word' id='word_1_1026' title='bbox 1566 2512 1630 2536; x_wconf 93' lang='lat' dir='ltr'>non</span> <span class='ocrx_word' id='word_1_1027' title='bbox 1645 2511 1740 2544; x_wconf 88' lang='lat' dir='ltr'>posse</span> <span class='ocrx_word' id='word_1_1028' title='bbox 1757 2501 1887 2543; x_wconf 82' lang='lat' dir='ltr'>exponi,</span> <span class='ocrx_word' id='word_1_1029' title='bbox 1902 2501 1932 2534; x_wconf 93' lang='lat' dir='ltr'>id</span> <span class='ocrx_word' id='word_1_1030' title='bbox 1948 2501 2029 2535; x_wconf 87' lang='lat' dir='ltr'>bene</span> <span class='ocrx_word' id='word_1_1031' title='bbox 2046 2501 2176 2535; x_wconf 87' lang='lat' dir='ltr'>videtur</span> <span class='ocrx_word' id='word_1_1032' title='bbox 2187 2501 2381 2536; x_wconf 86' lang='lat' dir='ltr'>Brandisius</span> <span class='ocrx_word' id='word_1_1033' title='bbox 2393 2502 2498 2545; x_wconf 75' lang='lat' dir='ltr'>expli·</span> 
     </span>
     <span class='ocr_line' id='line_1_108' title="bbox 1428 2549 2499 2592; baseline -0.001 -9"><span class='ocrx_word' id='word_1_1034' title='bbox 1428 2552 1547 2591; x_wconf 84' lang='lat' dir='ltr'>cuisse,</span> <span class='ocrx_word' id='word_1_1035' title='bbox 1567 2550 1623 2592; x_wconf 90' lang='lat' dir='ltr'>qui</span> <span class='ocrx_word' id='word_1_1036' title='bbox 1641 2550 1752 2590; x_wconf 87' lang='grc' dir='ltr'>ὅμοιον</span> <span class='ocrx_word' id='word_1_1037' title='bbox 1768 2551 1801 2582; x_wconf 91' lang='lat' dir='ltr'>et</span> <span class='ocrx_word' id='word_1_1038' title='bbox 1815 2549 1939 2591; x_wconf 83' lang='grc' dir='ltr'>μέτριον</span> <span class='ocrx_word' id='word_1_1039' title='bbox 1959 2557 2142 2591; x_wconf 83' lang='lat' dir='ltr'>synonyma</span> <span class='ocrx_word' id='word_1_1040' title='bbox 2156 2556 2228 2582; x_wconf 86' lang='lat' dir='ltr'>esse</span> <span class='ocrx_word' id='word_1_1041' title='bbox 2241 2549 2331 2583; x_wconf 85' lang='lat' dir='ltr'>dicit.</span> <span class='ocrx_word' id='word_1_1042' title='bbox 2375 2549 2499 2584; x_wconf 83' lang='lat' dir='ltr'>Nihilo·</span> 
     </span>
     <span class='ocr_line' id='line_1_109' title="bbox 1429 2597 2498 2643; baseline -0.002 -11"><span class='ocrx_word' id='word_1_1043' title='bbox 1429 2601 1536 2633; x_wconf 86' lang='lat' dir='ltr'>minus</span> <span class='ocrx_word' id='word_1_1044' title='bbox 1553 2600 1685 2643; x_wconf 82' lang='grc' dir='ltr'>ἄμετρον</span> <span class='ocrx_word' id='word_1_1045' title='bbox 1713 2599 1856 2639; x_wconf 79' lang='lat' dir='ltr'>praestat.</span> <span class='ocrx_word' id='word_1_1046' title='bbox 1903 2597 2088 2630; x_wconf 87' lang='lat' dir='ltr'>Dolendum</span> <span class='ocrx_word' id='word_1_1047' title='bbox 2119 2599 2259 2638; x_wconf 85' lang='lat' dir='ltr'>tantum,</span> <span class='ocrx_word' id='word_1_1048' title='bbox 2277 2597 2365 2638; x_wconf 86' lang='lat' dir='ltr'>quod</span> <span class='ocrx_word' id='word_1_1049' title='bbox 2391 2605 2498 2640; x_wconf 81' lang='lat' dir='ltr'>neque</span> 
     </span>
     <span class='ocr_line' id='line_1_110' title="bbox 1429 2644 2495 2687; baseline -0.002 -6"><span class='ocrx_word' id='word_1_1050' title='bbox 1429 2649 1491 2681; x_wconf 89' lang='lat' dir='ltr'>hoc</span> <span class='ocrx_word' id='word_1_1051' title='bbox 1504 2647 1689 2680; x_wconf 81' lang='lat' dir='ltr'>Aristotelis</span> <span class='ocrx_word' id='word_1_1052' title='bbox 1705 2646 1790 2686; x_wconf 90' lang='lat' dir='ltr'>loco,</span> <span class='ocrx_word' id='word_1_1053' title='bbox 1809 2653 1914 2686; x_wconf 86' lang='lat' dir='ltr'>neque</span> <span class='ocrx_word' id='word_1_1054' title='bbox 1930 2644 2016 2686; x_wconf 87' lang='lat' dir='ltr'>apud</span> <span class='ocrx_word' id='word_1_1055' title='bbox 2034 2645 2237 2686; x_wconf 82' lang='lat' dir='ltr'>Simplicium</span> <span class='ocrx_word' id='word_1_1056' title='bbox 2259 2645 2428 2687; x_wconf 80' lang='lat' dir='ltr'>perspicua</span> <span class='ocrx_word' id='word_1_1057' title='bbox 2439 2653 2495 2679; x_wconf 84' lang='lat' dir='ltr'>re-</span> 
     </span>
     <span class='ocr_line' id='line_1_111' title="bbox 1430 2692 2497 2738; baseline -0.003 -9"><span class='ocrx_word' id='word_1_1058' title='bbox 1430 2697 1554 2738; x_wconf 88' lang='lat' dir='ltr'>peritur</span> <span class='ocrx_word' id='word_1_1059' title='bbox 1567 2694 1814 2732; x_wconf 85' lang='lat' dir='ltr'>demonstratio,</span> <span class='ocrx_word' id='word_1_1060' title='bbox 1837 2701 1903 2733; x_wconf 86' lang='lat' dir='ltr'>qua</span> <span class='ocrx_word' id='word_1_1061' title='bbox 1926 2701 1983 2725; x_wconf 88' lang='lat' dir='ltr'>ens</span> <span class='ocrx_word' id='word_1_1062' title='bbox 1997 2692 2141 2734; x_wconf 87' lang='lat' dir='ltr'>undique</span> <span class='ocrx_word' id='word_1_1063' title='bbox 2157 2693 2285 2734; x_wconf 80' lang='lat' dir='ltr'>aequale</span> <span class='ocrx_word' id='word_1_1064' title='bbox 2302 2700 2372 2726; x_wconf 83' lang='lat' dir='ltr'>esse</span> <span class='ocrx_word' id='word_1_1065' title='bbox 2388 2692 2497 2726; x_wconf 82' lang='lat' dir='ltr'>vinca-</span> 
     </span>
     <span class='ocr_line' id='line_1_112' title="bbox 1429 2740 2496 2785; baseline -0.003 -9"><span class='ocrx_word' id='word_1_1066' title='bbox 1429 2746 1492 2784; x_wconf 79' lang='lat' dir='ltr'>tui,</span> <span class='ocrx_word' id='word_1_1067' title='bbox 1512 2742 1672 2785; x_wconf 89' lang='lat' dir='ltr'>siquidem</span> <span class='ocrx_word' id='word_1_1068' title='bbox 1691 2750 1728 2774; x_wconf 91' lang='lat' dir='ltr'>ea</span> <span class='ocrx_word' id='word_1_1069' title='bbox 1744 2749 1818 2783; x_wconf 85' lang='lat' dir='ltr'>quae</span> <span class='ocrx_word' id='word_1_1070' title='bbox 1842 2741 1954 2782; x_wconf 82' lang='lat' dir='ltr'>fragm.</span> <span class='ocrx_word' id='word_1_1071' title='bbox 1977 2743 1996 2773; x_wconf 88' lang='grc'>3</span> <span class='ocrx_word' id='word_1_1072' title='bbox 2017 2742 2078 2773; x_wconf 84' lang='lat' dir='ltr'>et4</span> <span class='ocrx_word' id='word_1_1073' title='bbox 2094 2741 2157 2773; x_wconf 88' lang='lat' dir='ltr'>hac</span> <span class='ocrx_word' id='word_1_1074' title='bbox 2175 2740 2217 2773; x_wconf 90' lang='lat' dir='ltr'>de</span> <span class='ocrx_word' id='word_1_1075' title='bbox 2236 2749 2271 2773; x_wconf 88' lang='lat' dir='ltr'>re</span> <span class='ocrx_word' id='word_1_1076' title='bbox 2287 2740 2496 2774; x_wconf 77' lang='lat' dir='ltr'>disseruntur</span> 
     </span>
     <span class='ocr_line' id='line_1_113' title="bbox 1429 2787 2496 2831; baseline -0.002 -8"><span class='ocrx_word' id='word_1_1077' title='bbox 1429 2791 1536 2831; x_wconf 85' lang='lat' dir='ltr'>exigui</span> <span class='ocrx_word' id='word_1_1078' title='bbox 1554 2791 1631 2823; x_wconf 89' lang='lat' dir='ltr'>sunt</span> <span class='ocrx_word' id='word_1_1079' title='bbox 1652 2789 1822 2822; x_wconf 88' lang='lat' dir='ltr'>momenti.</span> <span class='ocrx_word' id='word_1_1080' title='bbox 1869 2787 2017 2829; x_wconf 89' lang='lat' dir='ltr'>Denique</span> <span class='ocrx_word' id='word_1_1081' title='bbox 2041 2788 2074 2820; x_wconf 89' lang='lat' dir='ltr'>in</span> <span class='ocrx_word' id='word_1_1082' title='bbox 2092 2787 2200 2820; x_wconf 86' lang='lat' dir='ltr'>verbis</span> <span class='ocrx_word' id='word_1_1083' title='bbox 2219 2788 2374 2821; x_wconf 81' lang='lat' dir='ltr'>extremis</span> <span class='ocrx_word' id='word_1_1084' title='bbox 2391 2788 2436 2830; x_wconf 80' lang='grc' dir='ltr'><strong>μή</strong></span> <span class='ocrx_word' id='word_1_1085' title='bbox 2453 2789 2496 2827; x_wconf 76' lang='grc' dir='ltr'>εἶς</span> 
     </span>
     <span class='ocr_line' id='line_1_114' title="bbox 1429 2835 2497 2880; baseline -0.003 -9"><span class='ocrx_word' id='word_1_1086' title='bbox 1429 2851 1458 2870; x_wconf 85' lang='grc' dir='ltr'>τι</span> <span class='ocrx_word' id='word_1_1087' title='bbox 1471 2840 1685 2880; x_wconf 76' lang='grc' dir='ltr'>ὑποχωρῆσαν</span> <span class='ocrx_word' id='word_1_1088' title='bbox 1702 2835 1852 2876; x_wconf 86' lang='lat' dir='ltr'>rescripsi</span> <span class='ocrx_word' id='word_1_1089' title='bbox 1870 2844 1888 2868; x_wconf 88' lang='lat' dir='ltr'>e</span> <span class='ocrx_word' id='word_1_1090' title='bbox 1905 2836 1985 2868; x_wconf 89' lang='lat' dir='ltr'>God.</span> <span class='ocrx_word' id='word_1_1091' title='bbox 2004 2835 2092 2876; x_wconf 74' lang='lat' dir='ltr'>LipS.</span> <span class='ocrx_word' id='word_1_1092' title='bbox 2113 2844 2173 2877; x_wconf 90' lang='lat' dir='ltr'>pro</span> <span class='ocrx_word' id='word_1_1093' title='bbox 2190 2835 2235 2868; x_wconf 77' lang='grc' dir='ltr'>ἔτι</span> <span class='ocrx_word' id='word_1_1094' title='bbox 2253 2836 2300 2875; x_wconf 78' lang='grc' dir='ltr'>ῡ.,</span> <span class='ocrx_word' id='word_1_1095' title='bbox 2315 2835 2370 2868; x_wconf 88' lang='lat' dir='ltr'>sed</span> <span class='ocrx_word' id='word_1_1096' title='bbox 2384 2836 2497 2879; x_wconf 75' lang='grc' dir='ltr'>πλῆρές</span> 
     </span>
     <span class='ocr_line' id='line_1_115' title="bbox 1431 2883 2496 2926; baseline -0.002 -7"><span class='ocrx_word' id='word_1_1097' title='bbox 1431 2886 1477 2919; x_wconf 75' lang='grc' dir='ltr'>ἰόν</span> <span class='ocrx_word' id='word_1_1098' title='bbox 1495 2895 1513 2918; x_wconf 91' lang='lat' dir='ltr'>e</span> <span class='ocrx_word' id='word_1_1099' title='bbox 1533 2884 1667 2918; x_wconf 80' lang='lat' dir='ltr'>Bekkeri</span> <span class='ocrx_word' id='word_1_1100' title='bbox 1686 2883 1874 2924; x_wconf 88' lang='lat' dir='ltr'>conjectura</span> <span class='ocrx_word' id='word_1_1101' title='bbox 1888 2891 1946 2923; x_wconf 92' lang='lat' dir='ltr'>pro</span> <span class='ocrx_word' id='word_1_1102' title='bbox 1971 2884 2086 2926; x_wconf 77' lang='grc' dir='ltr'>πλῆρες</span> <span class='ocrx_word' id='word_1_1103' title='bbox 2101 2883 2150 2924; x_wconf 87' lang='grc' dir='ltr'>ὄν,</span> <span class='ocrx_word' id='word_1_1104' title='bbox 2166 2883 2311 2920; x_wconf 79' lang='grc' dir='ltr'>δέξασθαι</span> <span class='ocrx_word' id='word_1_1105' title='bbox 2331 2885 2440 2917; x_wconf 79' lang='lat' dir='ltr'>autem</span> <span class='ocrx_word' id='word_1_1106' title='bbox 2456 2890 2496 2917; x_wconf 80' lang='lat' dir='ltr'>ex</span> 
     </span>
     <span class='ocr_line' id='line_1_116' title="bbox 1434 2930 2498 2973; baseline -0.001 -7"><span class='ocrx_word' id='word_1_1107' title='bbox 1434 2933 1548 2966; x_wconf 89' lang='lat' dir='ltr'>eodem</span> <span class='ocrx_word' id='word_1_1108' title='bbox 1577 2932 1649 2965; x_wconf 86' lang='lat' dir='ltr'>cod.</span> <span class='ocrx_word' id='word_1_1109' title='bbox 1667 2932 1752 2972; x_wconf 86' lang='lat' dir='ltr'>Lips.</span> <span class='ocrx_word' id='word_1_1110' title='bbox 1777 2938 1835 2971; x_wconf 92' lang='lat' dir='ltr'>pro</span> <span class='ocrx_word' id='word_1_1111' title='bbox 1859 2930 2005 2966; x_wconf 75' lang='grc' dir='ltr'>δόξασθαι</span> <span class='ocrx_word' id='word_1_1112' title='bbox 2028 2930 2126 2963; x_wconf 91' lang='lat' dir='ltr'>edidi.</span> <span class='ocrx_word' id='word_1_1113' title='bbox 2173 2931 2340 2963; x_wconf 84' lang='lat' dir='ltr'>Postremo</span> <span class='ocrx_word' id='word_1_1114' title='bbox 2359 2931 2498 2973; x_wconf 85' lang='lat' dir='ltr'>particu-</span> 
     </span>
     <span class='ocr_line' id='line_1_117' title="bbox 1432 2976 2500 3041; baseline 0 -28"><span class='ocrx_word' id='word_1_1115' title='bbox 1432 2981 1496 3013; x_wconf 87' lang='lat' dir='ltr'>lam</span> <span class='ocrx_word' id='word_1_1116' title='bbox 1513 2981 1533 3020; x_wconf 85' lang='grc' dir='ltr'>ἢ</span> <span class='ocrx_word' id='word_1_1117' title='bbox 1553 2979 1637 3013; x_wconf 87' lang='lat' dir='ltr'>inter</span> <span class='ocrx_word' id='word_1_1118' title='bbox 1652 2979 1741 3011; x_wconf 80' lang='grc' dir='ltr'>οὐδὲι</span> <span class='ocrx_word' id='word_1_1119' title='bbox 1760 2979 1793 3010; x_wconf 90' lang='lat' dir='ltr'>et</span> <span class='ocrx_word' id='word_1_1120' title='bbox 1807 2978 1843 3010; x_wconf 77' lang='grc' dir='ltr'>τὸ</span> <span class='ocrx_word' id='word_1_1121' title='bbox 1856 2976 1947 3009; x_wconf 80' lang='grc' dir='ltr'>κενόν</span> <span class='ocrx_word' id='word_1_1122' title='bbox 1963 2977 2129 3018; x_wconf 78' lang='lat' dir='ltr'>insertam,</span> <span class='ocrx_word' id='word_1_1123' title='bbox 2149 2985 2247 3019; x_wconf 86' lang='lat' dir='ltr'>quam</span> <span class='ocrx_word' id='word_1_1124' title='bbox 2261 2977 2354 3011; x_wconf 82' lang='lat' dir='ltr'>uncis</span> <span class='ocrx_word' id='word_1_1125' title='bbox 2367 2977 2500 3041; x_wconf 80' lang='lat' dir='ltr'>inclusit</span> 
     </span>
     <span class='ocr_line' id='line_1_118' title="bbox 1434 3024 2118 3066; baseline -0.006 -6"><span class='ocrx_word' id='word_1_1126' title='bbox 1434 3027 1618 3066; x_wconf 82' lang='lat' dir='ltr'>Bekkerus,</span> <span class='ocrx_word' id='word_1_1127' title='bbox 1642 3034 1718 3059; x_wconf 90' lang='lat' dir='ltr'>cum</span> <span class='ocrx_word' id='word_1_1128' title='bbox 1740 3024 1949 3058; x_wconf 84' lang='lat' dir='ltr'>Fiillebornio</span> <span class='ocrx_word' id='word_1_1129' title='bbox 1964 3025 2118 3066; x_wconf 81' lang='lat' dir='ltr'>expunxi.</span> 
     </span>
    </p>

    <p class='ocr_par' dir='ltr' id='par_1_11' title="bbox 1431 3071 2499 3500">
     <span class='ocr_line' id='line_1_119' title="bbox 1477 3071 2497 3108; baseline 0 0"><span class='ocrx_word' id='word_1_1130' title='bbox 1477 3077 1527 3108; x_wconf 88' lang='grc'>18.</span> <span class='ocrx_word' id='word_1_1131' title='bbox 1553 3073 1749 3108; x_wconf 77' lang='lat' dir='ltr'>Bekkerus·</span> <span class='ocrx_word' id='word_1_1132' title='bbox 1764 3074 1899 3105; x_wconf 88' lang='grc' dir='ltr'>Τοιοῦτο</span> <span class='ocrx_word' id='word_1_1133' title='bbox 1916 3071 1949 3103; x_wconf 88' lang='grc' dir='ltr'>δὲ</span> <span class='ocrx_word' id='word_1_1134' title='bbox 1965 3071 2000 3103; x_wconf 86' lang='grc' dir='ltr'>ὃν</span> <span class='ocrx_word' id='word_1_1135' title='bbox 2018 3072 2055 3104; x_wconf 83' lang='grc' dir='ltr'>τὸ</span> <span class='ocrx_word' id='word_1_1136' title='bbox 2070 3071 2104 3104; x_wconf 82' lang='grc' dir='ltr'>ἓν</span> <span class='ocrx_word' id='word_1_1137' title='bbox 2118 3071 2154 3103; x_wconf 76' lang='grc' dir='ltr'>ἄν</span> <span class='ocrx_word' id='word_1_1138' title='bbox 2157 3072 2320 3106; x_wconf 83' lang='grc' dir='ltr'>ὠδυνόντε</span> <span class='ocrx_word' id='word_1_1139' title='bbox 2333 3075 2387 3107; x_wconf 84' lang='grc' dir='ltr'>καὶ</span> <span class='ocrx_word' id='word_1_1140' title='bbox 2405 3074 2497 3108; x_wconf 74' lang='grc' dir='ltr'>ἀνάλ-</span> 
     </span>
     <span class='ocr_line' id='line_1_120' title="bbox 1431 3118 2497 3163; baseline 0.002 -9"><span class='ocrx_word' id='word_1_1141' title='bbox 1431 3131 1526 3162; x_wconf 88' lang='grc' dir='ltr'>γητον</span> <span class='ocrx_word' id='word_1_1142' title='bbox 1539 3121 1622 3163; x_wconf 81' lang='grc' dir='ltr'>ὑγιές</span> <span class='ocrx_word' id='word_1_1143' title='bbox 1637 3131 1672 3153; x_wconf 85' lang='grc' dir='ltr'>τε</span> <span class='ocrx_word' id='word_1_1144' title='bbox 1689 3120 1744 3152; x_wconf 84' lang='grc' dir='ltr'>καὶ</span> <span class='ocrx_word' id='word_1_1145' title='bbox 1759 3118 1874 3151; x_wconf 80' lang='grc' dir='ltr'>ἄνοσον</span> <span class='ocrx_word' id='word_1_1146' title='bbox 1894 3118 1987 3160; x_wconf 86' lang='grc' dir='ltr'>εἶναι,</span> <span class='ocrx_word' id='word_1_1147' title='bbox 2005 3119 2077 3152; x_wconf 79' lang='grc' dir='ltr'>οὔτε</span> <span class='ocrx_word' id='word_1_1148' title='bbox 2091 3120 2388 3162; x_wconf 60' lang='grc' dir='ltr'>μετακοσμούμενα</span> <span class='ocrx_word' id='word_1_1149' title='bbox 2401 3122 2497 3161; x_wconf 62' lang='grc' dir='ltr'>θέσπιε·Ι</span> 
     </span>
     <span class='ocr_line' id='line_1_121' title="bbox 1432 3165 2499 3212; baseline 0.002 -11"><span class='ocrx_word' id='word_1_1150' title='bbox 1432 3169 1505 3202; x_wconf 76' lang='grc' dir='ltr'>οὔτε</span> <span class='ocrx_word' id='word_1_1151' title='bbox 1515 3168 1746 3212; x_wconf 78' lang='grc' dir='ltr'>ἑτεροιοῦμενον</span> <span class='ocrx_word' id='word_1_1152' title='bbox 1760 3167 1846 3206; x_wconf 69' lang='grc' dir='ltr'>εῖδει,</span> <span class='ocrx_word' id='word_1_1153' title='bbox 1863 3165 1935 3198; x_wconf 81' lang='grc' dir='ltr'>οὔτε</span> <span class='ocrx_word' id='word_1_1154' title='bbox 1948 3167 2134 3209; x_wconf 83' lang='grc' dir='ltr'>μιγνύμενον</span> <span class='ocrx_word' id='word_1_1155' title='bbox 2147 3167 2244 3211; x_wconf 83' lang='grc' dir='ltr'>ἄλλῳ.</span> <span class='ocrx_word' id='word_1_1156' title='bbox 2290 3169 2380 3202; x_wconf 83' lang='grc' dir='ltr'>Κατὰ</span> <span class='ocrx_word' id='word_1_1157' title='bbox 2394 3181 2499 3203; x_wconf 68' lang='grc' dir='ltr'>πάντα</span> 
     </span>
     <span class='ocr_line' id='line_1_122' title="bbox 1432 3213 2498 3260; baseline 0.002 -11"><span class='ocrx_word' id='word_1_1158' title='bbox 1432 3217 1492 3260; x_wconf 79' lang='grc' dir='ltr'>γὰρ</span> <span class='ocrx_word' id='word_1_1159' title='bbox 1504 3228 1552 3249; x_wconf 83' lang='grc' dir='ltr'>τοι·</span> <span class='ocrx_word' id='word_1_1160' title='bbox 1549 3228 1605 3249; x_wconf 64' lang='grc' dir='ltr'>οτα</span> <span class='ocrx_word' id='word_1_1161' title='bbox 1615 3218 1695 3250; x_wconf 82' lang='grc' dir='ltr'>πολ)</span> <span class='ocrx_word' id='word_1_1162' title='bbox 1696 3215 1758 3248; x_wconf 88' lang='grc' dir='ltr'>άτε</span> <span class='ocrx_word' id='word_1_1163' title='bbox 1766 3215 1802 3247; x_wconf 86' lang='grc' dir='ltr'>τὸ</span> <span class='ocrx_word' id='word_1_1164' title='bbox 1811 3215 1843 3246; x_wconf 91' lang='grc' dir='ltr'>ἓν</span> <span class='ocrx_word' id='word_1_1165' title='bbox 1853 3213 1994 3255; x_wconf 76' lang='grc' dir='ltr'>γίνεσθαι</span> <span class='ocrx_word' id='word_1_1166' title='bbox 2003 3227 2057 3248; x_wconf 80' lang='grc' dir='ltr'>και</span> <span class='ocrx_word' id='word_1_1167' title='bbox 2068 3217 2104 3250; x_wconf 87' lang='grc' dir='ltr'>τὸ</span> <span class='ocrx_word' id='word_1_1168' title='bbox 2115 3217 2180 3258; x_wconf 82' lang='grc' dir='ltr'>μὴ</span> <span class='ocrx_word' id='word_1_1169' title='bbox 2166 3228 2200 3249; x_wconf 92' lang='grc' dir='ltr'>ον</span> <span class='ocrx_word' id='word_1_1170' title='bbox 2208 3218 2391 3250; x_wconf 80' lang='grc' dir='ltr'>τεκνοῦσθαι</span> <span class='ocrx_word' id='word_1_1171' title='bbox 2399 3219 2453 3250; x_wconf 69' lang='grc' dir='ltr'>καὶ</span> <span class='ocrx_word' id='word_1_1172' title='bbox 2459 3219 2498 3251; x_wconf 81' lang='grc' dir='ltr'>τὸ</span> 
     </span>
     <span class='ocr_line' id='line_1_123' title="bbox 1433 3262 2498 3307; baseline 0 -9"><span class='ocrx_word' id='word_1_1173' title='bbox 1433 3265 1467 3297; x_wconf 77' lang='grc' dir='ltr'>ὃν</span> <span class='ocrx_word' id='word_1_1174' title='bbox 1483 3265 1660 3307; x_wconf 84' lang='grc' dir='ltr'>φθείρεσθαι</span> <span class='ocrx_word' id='word_1_1175' title='bbox 1675 3262 1918 3305; x_wconf 82' lang='grc' dir='ltr'>ἀναγκάζεσθαι.</span> <span class='ocrx_word' id='word_1_1176' title='bbox 1937 3265 2046 3296; x_wconf 87' lang='grc' dir='ltr'>Ταῦτα</span> <span class='ocrx_word' id='word_1_1177' title='bbox 2061 3264 2087 3297; x_wconf 87' lang='grc' dir='ltr'>δ’</span> <span class='ocrx_word' id='word_1_1178' title='bbox 2100 3265 2237 3298; x_wconf 80' lang='grc' dir='ltr'>ἀδύνατα</span> <span class='ocrx_word' id='word_1_1179' title='bbox 2251 3265 2344 3298; x_wconf 80' lang='grc' dir='ltr'>εἶναι</span> <span class='ocrx_word' id='word_1_1180' title='bbox 2360 3266 2424 3299; x_wconf 81' lang='grc' dir='ltr'>Καὶ</span> <span class='ocrx_word' id='word_1_1181' title='bbox 2435 3266 2498 3307; x_wconf 81' lang='grc' dir='ltr'>γὰρ</span> 
     </span>
     <span class='ocr_line' id='line_1_124' title="bbox 1434 3311 2498 3356; baseline 0.001 -12"><span class='ocrx_word' id='word_1_1182' title='bbox 1434 3323 1461 3345; x_wconf 82' lang='grc' dir='ltr'>ει</span> <span class='ocrx_word' id='word_1_1183' title='bbox 1450 3313 1504 3345; x_wconf 86' lang='grc' dir='ltr'>’τὸ</span> <span class='ocrx_word' id='word_1_1184' title='bbox 1513 3311 1664 3356; x_wconf 85' lang='grc' dir='ltr'>μεμῖχθαί</span> <span class='ocrx_word' id='word_1_1185' title='bbox 1673 3323 1703 3344; x_wconf 89' lang='grc' dir='ltr'>τι</span> <span class='ocrx_word' id='word_1_1186' title='bbox 1711 3313 1744 3345; x_wconf 80' lang='grc' dir='ltr'>ἓν</span> <span class='ocrx_word' id='word_1_1187' title='bbox 1753 3312 1788 3344; x_wconf 81' lang='grc' dir='ltr'>ἐκ</span> <span class='ocrx_word' id='word_1_1188' title='bbox 1795 3313 1837 3344; x_wconf 79' lang='grc' dir='ltr'>π).</span> <span class='ocrx_word' id='word_1_1189' title='bbox 1839 3312 1948 3345; x_wconf 83' lang='grc' dir='ltr'>ειόνων</span> <span class='ocrx_word' id='word_1_1190' title='bbox 1955 3312 2087 3352; x_wconf 84' lang='grc' dir='ltr'>λέγοιτο,</span> <span class='ocrx_word' id='word_1_1191' title='bbox 2097 3314 2151 3345; x_wconf 77' lang='grc' dir='ltr'>καὶ</span> <span class='ocrx_word' id='word_1_1192' title='bbox 2162 3313 2209 3351; x_wconf 81' lang='grc' dir='ltr'>είη</span> <span class='ocrx_word' id='word_1_1193' title='bbox 2218 3313 2318 3345; x_wconf 79' lang='grc' dir='ltr'>πολλὰ</span> <span class='ocrx_word' id='word_1_1194' title='bbox 2329 3313 2498 3355; x_wconf 71' lang='grc' dir='ltr'>κινούμενα</span> 
     </span>
     <span class='ocr_line' id='line_1_125' title="bbox 1434 3359 2496 3402; baseline 0.002 -10"><span class='ocrx_word' id='word_1_1195' title='bbox 1434 3361 1477 3397; x_wconf 75' lang='grc' dir='ltr'>εἰς</span> <span class='ocrx_word' id='word_1_1196' title='bbox 1493 3360 1663 3400; x_wconf 77' lang='grc' dir='ltr'>ἀλληλατὰ</span> <span class='ocrx_word' id='word_1_1197' title='bbox 1678 3359 1858 3402; x_wconf 83' lang='grc' dir='ltr'>πράγματα,</span> <span class='ocrx_word' id='word_1_1198' title='bbox 1872 3360 1927 3392; x_wconf 84' lang='grc' dir='ltr'>καὶ</span> <span class='ocrx_word' id='word_1_1199' title='bbox 1951 3362 1972 3400; x_wconf 87' lang='grc' dir='ltr'><strong>ή</strong></span> <span class='ocrx_word' id='word_1_1200' title='bbox 1993 3362 2071 3400; x_wconf 82' lang='grc' dir='ltr'>μῖξις</span> <span class='ocrx_word' id='word_1_1201' title='bbox 2088 3362 2109 3400; x_wconf 85' lang='grc' dir='ltr'>ἡ</span> <span class='ocrx_word' id='word_1_1202' title='bbox 2129 3362 2172 3398; x_wconf 84' lang='grc' dir='ltr'>ὡς</span> <span class='ocrx_word' id='word_1_1203' title='bbox 2185 3361 2217 3394; x_wconf 82' lang='grc' dir='ltr'>ἐν</span> <span class='ocrx_word' id='word_1_1204' title='bbox 2233 3361 2277 3393; x_wconf 78' lang='grc' dir='ltr'>ἐνὶ</span> <span class='ocrx_word' id='word_1_1205' title='bbox 2292 3361 2434 3399; x_wconf 79' lang='grc' dir='ltr'>σύνθεσις</span> <span class='ocrx_word' id='word_1_1206' title='bbox 2447 3360 2496 3400; x_wconf 80' lang='grc' dir='ltr'>εἴη</span> 
     </span>
     <span class='ocr_line' id='line_1_126' title="bbox 1433 3407 2497 3451; baseline 0 -11"><span class='ocrx_word' id='word_1_1207' title='bbox 1433 3412 1496 3440; x_wconf 85' lang='grc' dir='ltr'>τῶν</span> <span class='ocrx_word' id='word_1_1208' title='bbox 1512 3408 1677 3450; x_wconf 80' lang='grc' dir='ltr'>πλειόνων,</span> <span class='ocrx_word' id='word_1_1209' title='bbox 1693 3409 1714 3448; x_wconf 76' lang='grc' dir='ltr'><strong>ἢ</strong></span> <span class='ocrx_word' id='word_1_1210' title='bbox 1731 3411 1770 3450; x_wconf 77' lang='grc' dir='ltr'>τῇ</span> <span class='ocrx_word' id='word_1_1211' title='bbox 1786 3408 1888 3440; x_wconf 81' lang='grc' dir='ltr'>ἀπαλ)</span> <span class='ocrx_word' id='word_1_1212' title='bbox 1891 3407 1955 3445; x_wconf 81' lang='grc' dir='ltr'>άξει</span> <span class='ocrx_word' id='word_1_1213' title='bbox 1976 3408 2043 3441; x_wconf 75' lang='grc' dir='ltr'>οἷον</span> <span class='ocrx_word' id='word_1_1214' title='bbox 2063 3409 2288 3451; x_wconf 81' lang='grc' dir='ltr'>ἐπιπρόσθησις</span> <span class='ocrx_word' id='word_1_1215' title='bbox 2300 3408 2419 3451; x_wconf 83' lang='grc' dir='ltr'>γίνοιτο</span> <span class='ocrx_word' id='word_1_1216' title='bbox 2428 3411 2497 3441; x_wconf 79' lang='grc' dir='ltr'>τῶν</span> 
     </span>
     <span class='ocr_line' id='line_1_127' title="bbox 1434 3455 2498 3500; baseline 0.002 -13"><span class='ocrx_word' id='word_1_1217' title='bbox 1434 3457 1620 3498; x_wconf 72' lang='grc' dir='ltr'>μιχθέντων,</span> <span class='ocrx_word' id='word_1_1218' title='bbox 1639 3455 1775 3493; x_wconf 77' lang='grc' dir='ltr'>ἐκείνους</span> <span class='ocrx_word' id='word_1_1219' title='bbox 1796 3456 1852 3498; x_wconf 85' lang='grc' dir='ltr'>μὲν</span> <span class='ocrx_word' id='word_1_1220' title='bbox 1875 3457 1914 3488; x_wconf 89' lang='grc' dir='ltr'>ἂν</span> <span class='ocrx_word' id='word_1_1221' title='bbox 1930 3456 1971 3488; x_wconf 86' lang='grc' dir='ltr'>δι’</span> <span class='ocrx_word' id='word_1_1222' title='bbox 1989 3456 2131 3492; x_wconf 78' lang='grc' dir='ltr'>ἀλλήλων</span> <span class='ocrx_word' id='word_1_1223' title='bbox 2150 3456 2348 3500; x_wconf 77' lang='grc' dir='ltr'>χωριζόντων</span> <span class='ocrx_word' id='word_1_1224' title='bbox 2363 3457 2444 3490; x_wconf 78' lang='grc' dir='ltr'>εἶναι</span> <span class='ocrx_word' id='word_1_1225' title='bbox 2456 3455 2498 3489; x_wconf 74' lang='grc' dir='ltr'>τὰ</span> 
     </span>
    </p>
   </div>
   <div class='ocr_carea' id='block_1_10' title="bbox 322 3488 2498 3597">
    <p class='ocr_par' dir='ltr' id='par_1_12' title="bbox 322 3488 2498 3595">
     <span class='ocr_line' id='line_1_128' title="bbox 322 3488 2498 3549; baseline 0.003 -19"><span class='ocrx_word' id='word_1_1226' title='bbox 322 3488 358 3519; x_wconf 69' lang='grc' dir='ltr'>Οὗ</span> <span class='ocrx_word' id='word_1_1227' title='bbox 372 3489 432 3532; x_wconf 67' lang='grc' dir='ltr'>γὰρ</span> <span class='ocrx_word' id='word_1_1228' title='bbox 453 3490 674 3535; x_wconf 57' lang='grc' dir='ltr'>ἃνκ’Νηθῆνιιῑῃ</span> <span class='ocrx_word' id='word_1_1229' title='bbox 699 3495 742 3535; x_wconf 78' lang='grc' dir='ltr'>μὴ</span> <span class='ocrx_word' id='word_1_1230' title='bbox 764 3495 806 3532; x_wconf 77' lang='grc' dir='ltr'>εἷς</span> <span class='ocrx_word' id='word_1_1231' title='bbox 821 3507 850 3528; x_wconf 89' lang='grc' dir='ltr'>τι</span> <span class='ocrx_word' id='word_1_1232' title='bbox 863 3497 1090 3539; x_wconf 66' lang='grc' dir='ltr'>υποχωρνσαν</span> <span class='ocrx_word' id='word_1_1233' title='bbox 1107 3500 1317 3542; x_wconf 74' lang='grc' dir='ltr'>ὑποχωρῆσαι</span> <span class='ocrx_word' id='word_1_1234' title='bbox 1339 3502 1373 3534; x_wconf 82' lang='grc' dir='ltr'>δὲ</span> <span class='ocrx_word' id='word_1_1235' title='bbox 1435 3504 1602 3546; x_wconf 84' lang='grc' dir='ltr'>μιχθέντα,</span> <span class='ocrx_word' id='word_1_1236' title='bbox 1629 3504 1885 3546; x_wconf 77' lang='grc' dir='ltr'>ἐπιπροσθήσεως</span> <span class='ocrx_word' id='word_1_1237' title='bbox 1907 3503 1934 3536; x_wconf 82' lang='grc' dir='ltr'>δ’</span> <span class='ocrx_word' id='word_1_1238' title='bbox 1954 3504 2050 3544; x_wconf 76' lang='grc' dir='ltr'>οὖα-ης</span> <span class='ocrx_word' id='word_1_1239' title='bbox 2077 3505 2108 3538; x_wconf 86' lang='grc' dir='ltr'>ἐν</span> <span class='ocrx_word' id='word_1_1240' title='bbox 2127 3509 2166 3547; x_wconf 81' lang='grc' dir='ltr'>τῇ</span> <span class='ocrx_word' id='word_1_1241' title='bbox 2187 3506 2288 3549; x_wconf 87' lang='grc' dir='ltr'>τρίψει</span> <span class='ocrx_word' id='word_1_1242' title='bbox 2303 3503 2443 3547; x_wconf 81' lang='grc' dir='ltr'>γίνεσθαι</span> <span class='ocrx_word' id='word_1_1243' title='bbox 2458 3505 2498 3537; x_wconf 83' lang='grc' dir='ltr'>ἂν</span> 
     </span>
     <span class='ocr_line' id='line_1_129' title="bbox 324 3535 2498 3597; baseline 0.007 -27"><span class='ocrx_word' id='word_1_1244' title='bbox 324 3535 457 3577; x_wconf 67' lang='grc' dir='ltr'>ἀνάγκην</span> <span class='ocrx_word' id='word_1_1245' title='bbox 469 3539 678 3580; x_wconf 83' lang='grc' dir='ltr'>εἷναιῆτοιεῖς</span> <span class='ocrx_word' id='word_1_1246' title='bbox 687 3543 797 3586; x_wconf 75' lang='grc' dir='ltr'>πλῆρες</span> <span class='ocrx_word' id='word_1_1247' title='bbox 810 3543 867 3580; x_wconf 85' lang='grc' dir='ltr'>ἰὸν,</span> <span class='ocrx_word' id='word_1_1248' title='bbox 878 3545 898 3584; x_wconf 77' lang='grc' dir='ltr'>ἢ</span> <span class='ocrx_word' id='word_1_1249' title='bbox 913 3546 955 3582; x_wconf 79' lang='grc' dir='ltr'>εἰς</span> <span class='ocrx_word' id='word_1_1250' title='bbox 970 3557 1014 3579; x_wconf 84' lang='grc' dir='ltr'>κε</span> <span class='ocrx_word' id='word_1_1251' title='bbox 1014 3546 1071 3579; x_wconf 84' lang='grc' dir='ltr'>όν·</span> <span class='ocrx_word' id='word_1_1252' title='bbox 1086 3558 1203 3580; x_wconf 80' lang='grc' dir='ltr'>τουτων</span> <span class='ocrx_word' id='word_1_1253' title='bbox 1217 3549 1250 3581; x_wconf 83' lang='grc' dir='ltr'>δὲ</span> <span class='ocrx_word' id='word_1_1254' title='bbox 1265 3550 1302 3582; x_wconf 85' lang='grc' dir='ltr'>τὸ</span> <span class='ocrx_word' id='word_1_1255' title='bbox 1317 3549 1372 3591; x_wconf 80' lang='grc' dir='ltr'>μὲν</span> <span class='ocrx_word' id='word_1_1256' title='bbox 1434 3551 1568 3584; x_wconf 80' lang='grc' dir='ltr'>ἕκαστον</span> <span class='ocrx_word' id='word_1_1257' title='bbox 1588 3551 1729 3595; x_wconf 76' lang='grc' dir='ltr'>φανερόν,</span> <span class='ocrx_word' id='word_1_1258' title='bbox 1755 3551 1991 3595; x_wconf 77' lang='grc' dir='ltr'>ἀφαιρουμένων</span> <span class='ocrx_word' id='word_1_1259' title='bbox 2011 3555 2075 3585; x_wconf 87' lang='grc' dir='ltr'>τῶν</span> <span class='ocrx_word' id='word_1_1260' title='bbox 2099 3553 2234 3597; x_wconf 79' lang='grc' dir='ltr'>πρώτων</span> <span class='ocrx_word' id='word_1_1261' title='bbox 2256 3554 2296 3586; x_wconf 83' lang='grc' dir='ltr'>τὰ</span> <span class='ocrx_word' id='word_1_1262' title='bbox 2310 3548 2364 3587; x_wconf 70' lang='grc' dir='ltr'>ὕπ’</span> <span class='ocrx_word' id='word_1_1263' title='bbox 2379 3553 2498 3591; x_wconf 60' lang='lat' dir='ltr'>‹DJ-nh</span> 
     </span>
    </p>
   </div>
   <div class='ocr_carea' id='block_1_11' title="bbox 2543 0 2612 3814">
    <p class='ocr_par' dir='ltr' id='par_1_13' title="bbox 2543 0 2612 3814">
     <span class='ocr_line' id='line_1_130' title="bbox 2543 0 2612 3814; baseline 0 0"><span class='ocrx_word' id='word_1_1264' title='bbox 2543 0 2612 3814; x_wconf 95' lang='lat' dir='ltr'> </span> 
     </span>
    </p>
   </div>
  </div>
 </body>
</html>
