<?xml version="1.0" encoding="UTF-8"?>
<!DOCTYPE html PUBLIC "-//W3C//DTD XHTML 1.0 Transitional//EN"
    "http://www.w3.org/TR/xhtml1/DTD/xhtml1-transitional.dtd">
<html xmlns="http://www.w3.org/1999/xhtml" xml:lang="en" lang="en">
 <head>
  <title>
</title>
<meta http-equiv="Content-Type" content="text/html;charset=utf-8" />
  <meta name='ocr-system' content='tesseract 3.04.00' />
  <meta name='ocr-capabilities' content='ocr_page ocr_carea ocr_par ocr_line ocrx_word'/>
</head>
<body>
  <div class='ocr_page' id='page_1' title='image "./fragmentaphiloso01mulluoft_0612.png"; bbox 0 0 2612 3814; ppageno 0'>
   <div class='ocr_carea' id='block_1_1' title="bbox 270 275 348 308">
    <p class='ocr_par' dir='ltr' id='par_1_1' title="bbox 270 275 348 308">
     <span class='ocr_line' id='line_1_1' title="bbox 270 275 348 308; baseline 0 0"><span class='ocrx_word' id='word_1_1' title='bbox 270 275 348 308; x_wconf 82' lang='lat'><strong>572</strong></span> 
     </span>
    </p>
   </div>
   <div class='ocr_carea' id='block_1_2' title="bbox 267 354 1334 1472">
    <p class='ocr_par' dir='ltr' id='par_1_2' title="bbox 270 354 1334 514">
     <span class='ocr_line' id='line_1_2' title="bbox 270 354 1332 410; baseline -0.001 -14"><span class='ocrx_word' id='word_1_2' title='bbox 270 357 408 408; x_wconf 86' lang='grc' dir='ltr'>ἄνισος,</span> <span class='ocrx_word' id='word_1_3' title='bbox 434 357 495 396; x_wconf 86' lang='grc' dir='ltr'><strong>καὶ</strong></span> <span class='ocrx_word' id='word_1_4' title='bbox 522 363 612 410; x_wconf 85' lang='grc' dir='ltr'>τρεῖς</span> <span class='ocrx_word' id='word_1_5' title='bbox 634 356 828 395; x_wconf 75' lang='grc' dir='ltr'>παλαισται</span> <span class='ocrx_word' id='word_1_6' title='bbox 848 359 891 410; x_wconf 82' lang='grc' dir='ltr'><strong>τῇ</strong></span> <span class='ocrx_word' id='word_1_7' title='bbox 915 354 1111 408; x_wconf 57' lang='grc' dir='ltr'>σπιθαμῇ*</span> <span class='ocrx_word' id='word_1_8' title='bbox 1099 372 1191 403; x_wconf 90' lang='grc' dir='ltr'>ισαι,</span> <span class='ocrx_word' id='word_1_9' title='bbox 1208 358 1270 396; x_wconf 76' lang='grc' dir='ltr'><strong>καὶ</strong></span> <span class='ocrx_word' id='word_1_10' title='bbox 1287 356 1332 395; x_wconf 77' lang='grc' dir='ltr'><strong>τὰ</strong></span> 
     </span>
     <span class='ocr_line' id='line_1_3' title="bbox 271 413 1334 463; baseline 0.001 -11"><span class='ocrx_word' id='word_1_11' title='bbox 271 416 374 453; x_wconf 80' lang='grc' dir='ltr'>πέντε</span> <span class='ocrx_word' id='word_1_12' title='bbox 412 421 483 460; x_wconf 82' lang='grc' dir='ltr'>τοῖς</span> <span class='ocrx_word' id='word_1_13' title='bbox 519 416 604 456; x_wconf 84' lang='grc' dir='ltr'>δέκα</span> <span class='ocrx_word' id='word_1_14' title='bbox 641 415 769 463; x_wconf 84' lang='grc' dir='ltr'>ἄνισα,</span> <span class='ocrx_word' id='word_1_15' title='bbox 802 414 849 454; x_wconf 81' lang='grc' dir='ltr'><strong>τὰ</strong></span> <span class='ocrx_word' id='word_1_16' title='bbox 882 415 918 454; x_wconf 82' lang='grc' dir='ltr'><strong>δὲ</strong></span> <span class='ocrx_word' id='word_1_17' title='bbox 957 414 1007 459; x_wconf 76' lang='grc' dir='ltr'><strong>δὶς</strong></span> <span class='ocrx_word' id='word_1_18' title='bbox 1041 413 1145 453; x_wconf 81' lang='grc' dir='ltr'>πέντε</span> <span class='ocrx_word' id='word_1_19' title='bbox 1174 414 1235 454; x_wconf 83' lang='grc' dir='ltr'><strong>ἴσα</strong></span> <span class='ocrx_word' id='word_1_20' title='bbox 1261 420 1334 459; x_wconf 85' lang='grc' dir='ltr'>τοῖς</span> 
     </span>
     <span class='ocr_line' id='line_1_4' title="bbox 273 476 372 515; baseline -0.012 -1"><span class='ocrx_word' id='word_1_21' title='bbox 273 476 310 514; x_wconf 74' lang='grc' dir='ltr'><strong>δέ</strong></span> <span class='ocrx_word' id='word_1_22' title='bbox 301 491 372 515; x_wconf 82' lang='grc' dir='ltr'><strong>κα.</strong></span> 
     </span>
    </p>

    <p class='ocr_par' dir='ltr' id='par_1_3' title="bbox 327 535 552 587">
     <span class='ocr_line' id='line_1_5' title="bbox 327 535 552 587; baseline 0 -14"><span class='ocrx_word' id='word_1_23' title='bbox 327 535 485 587; x_wconf 80' lang='lat' dir='ltr'><strong>(Scripsi</strong></span> <span class='ocrx_word' id='word_1_24' title='bbox 508 550 517 573; x_wconf 90' lang='lat'>:</span> <span class='ocrx_word' id='word_1_25' title='bbox 537 538 552 556; x_wconf 76' lang='lat'>⁸</span> 
     </span>
    </p>

    <p class='ocr_par' dir='ltr' id='par_1_4' title="bbox 267 587 1334 1472">
     <span class='ocr_line' id='line_1_6' title="bbox 324 587 1334 641; baseline -0.003 -13"><span class='ocrx_word' id='word_1_26' title='bbox 324 588 366 628; x_wconf 87' lang='grc' dir='ltr'><strong>ε’.</strong></span> <span class='ocrx_word' id='word_1_27' title='bbox 399 590 473 628; x_wconf 89' lang='grc' dir='ltr'><strong>Τοῦ</strong></span> <span class='ocrx_word' id='word_1_28' title='bbox 499 588 587 640; x_wconf 88' lang='grc' dir='ltr'>πρός</span> <span class='ocrx_word' id='word_1_29' title='bbox 616 604 651 627; x_wconf 87' lang='grc' dir='ltr'><strong>τι</strong></span> <span class='ocrx_word' id='word_1_30' title='bbox 678 588 714 627; x_wconf 83' lang='grc' dir='ltr'><strong>δὲ</strong></span> <span class='ocrx_word' id='word_1_31' title='bbox 734 588 819 627; x_wconf 85' lang='grc' dir='ltr'>ἴδιον</span> <span class='ocrx_word' id='word_1_32' title='bbox 843 587 883 626; x_wconf 84' lang='grc' dir='ltr'><strong>τὸ</strong></span> <span class='ocrx_word' id='word_1_33' title='bbox 913 588 1075 641; x_wconf 81' lang='grc' dir='ltr'>συνάγειν</span> <span class='ocrx_word' id='word_1_34' title='bbox 1105 588 1151 628; x_wconf 74' lang='grc' dir='ltr'><strong>τὰ</strong></span> <span class='ocrx_word' id='word_1_35' title='bbox 1179 587 1334 626; x_wconf 83' lang='grc' dir='ltr'>ἀντικεί-</span> 
     </span>
     <span class='ocr_line' id='line_1_7' title="bbox 272 646 1333 701; baseline -0.004 -13"><span class='ocrx_word' id='word_1_36' title='bbox 272 664 380 699; x_wconf 86' lang='grc' dir='ltr'>μενα·</span> <span class='ocrx_word' id='word_1_37' title='bbox 399 648 533 701; x_wconf 85' lang='grc' dir='ltr'>πατρὸς</span> <span class='ocrx_word' id='word_1_38' title='bbox 551 648 618 700; x_wconf 85' lang='grc' dir='ltr'>γὰρ</span> <span class='ocrx_word' id='word_1_39' title='bbox 650 647 745 692; x_wconf 81' lang='grc' dir='ltr'>ὄντος</span> <span class='ocrx_word' id='word_1_40' title='bbox 767 648 840 686; x_wconf 80' lang='grc' dir='ltr'>ἐστὶ</span> <span class='ocrx_word' id='word_1_41' title='bbox 872 647 933 686; x_wconf 84' lang='grc' dir='ltr'><strong>καὶ</strong></span> <span class='ocrx_word' id='word_1_42' title='bbox 955 648 1047 696; x_wconf 80' lang='grc' dir='ltr'>υἱός,</span> <span class='ocrx_word' id='word_1_43' title='bbox 1067 648 1128 686; x_wconf 82' lang='grc' dir='ltr'><strong>καὶ</strong></span> <span class='ocrx_word' id='word_1_44' title='bbox 1162 646 1333 685; x_wconf 79' lang='grc' dir='ltr'>δεσπότου</span> 
     </span>
     <span class='ocr_line' id='line_1_8' title="bbox 270 705 1331 758; baseline -0.004 -11"><span class='ocrx_word' id='word_1_45' title='bbox 270 709 367 753; x_wconf 83' lang='grc' dir='ltr'>ὄντος</span> <span class='ocrx_word' id='word_1_46' title='bbox 396 708 471 747; x_wconf 80' lang='grc' dir='ltr'>ἐστὶ</span> <span class='ocrx_word' id='word_1_47' title='bbox 506 709 565 746; x_wconf 81' lang='grc' dir='ltr'><strong>καὶ</strong></span> <span class='ocrx_word' id='word_1_48' title='bbox 588 707 722 750; x_wconf 88' lang='grc' dir='ltr'>δοῦλος.</span> <span class='ocrx_word' id='word_1_49' title='bbox 782 706 854 746; x_wconf 78' lang='grc' dir='ltr'><strong>Καὶ</strong></span> <span class='ocrx_word' id='word_1_50' title='bbox 871 705 1012 758; x_wconf 85' lang='grc' dir='ltr'>λέγεται</span> <span class='ocrx_word' id='word_1_51' title='bbox 1030 712 1091 746; x_wconf 82' lang='grc' dir='ltr'><strong>τοῦ</strong></span> <span class='ocrx_word' id='word_1_52' title='bbox 1111 706 1147 745; x_wconf 82' lang='grc' dir='ltr'><strong>δὲ</strong></span> <span class='ocrx_word' id='word_1_53' title='bbox 1168 709 1235 744; x_wconf 87' lang='grc' dir='ltr'><strong>ποῦ</strong></span> <span class='ocrx_word' id='word_1_54' title='bbox 1267 721 1331 744; x_wconf 87' lang='grc' dir='ltr'><strong>πε-</strong></span> 
     </span>
     <span class='ocr_line' id='line_1_9' title="bbox 272 765 1333 820; baseline -0.002 -15"><span class='ocrx_word' id='word_1_55' title='bbox 272 767 393 820; x_wconf 90' lang='grc' dir='ltr'>ριοχά,</span> <span class='ocrx_word' id='word_1_56' title='bbox 414 771 474 806; x_wconf 88' lang='grc' dir='ltr'><strong>τοῦ</strong></span> <span class='ocrx_word' id='word_1_57' title='bbox 509 766 545 805; x_wconf 82' lang='grc' dir='ltr'><strong>δὲ</strong></span> <span class='ocrx_word' id='word_1_58' title='bbox 577 766 661 806; x_wconf 89' lang='grc' dir='ltr'>πότε</span> <span class='ocrx_word' id='word_1_59' title='bbox 682 765 721 804; x_wconf 83' lang='lat' dir='ltr'><strong>rb</strong></span> <span class='ocrx_word' id='word_1_60' title='bbox 742 765 791 816; x_wconf 80' lang='grc' dir='ltr'><strong>μὴ</strong></span> <span class='ocrx_word' id='word_1_61' title='bbox 825 766 1015 816; x_wconf 83' lang='grc' dir='ltr'>διαμένειν,</span> <span class='ocrx_word' id='word_1_62' title='bbox 1036 770 1096 805; x_wconf 81' lang='grc' dir='ltr'><strong>τοῦ</strong></span> <span class='ocrx_word' id='word_1_63' title='bbox 1119 766 1155 806; x_wconf 81' lang='grc' dir='ltr'><strong>δὲ</strong></span> <span class='ocrx_word' id='word_1_64' title='bbox 1177 765 1288 804; x_wconf 77' lang='grc' dir='ltr'>ποιεῖν</span> <span class='ocrx_word' id='word_1_65' title='bbox 1311 766 1333 804; x_wconf 82' lang='grc' dir='ltr'>ἁ</span> 
     </span>
     <span class='ocr_line' id='line_1_10' title="bbox 269 825 1333 879; baseline -0.002 -14"><span class='ocrx_word' id='word_1_66' title='bbox 269 827 444 879; x_wconf 84' lang='grc' dir='ltr'>ἐνέργεια,</span> <span class='ocrx_word' id='word_1_67' title='bbox 467 830 526 865; x_wconf 87' lang='grc' dir='ltr'><strong>τοῦ</strong></span> <span class='ocrx_word' id='word_1_68' title='bbox 556 826 592 864; x_wconf 80' lang='grc' dir='ltr'><strong>δὲ</strong></span> <span class='ocrx_word' id='word_1_69' title='bbox 620 825 774 878; x_wconf 83' lang='grc' dir='ltr'>πάσχειν</span> <span class='ocrx_word' id='word_1_70' title='bbox 795 826 834 864; x_wconf 85' lang='grc' dir='ltr'><strong>τὸ</strong></span> <span class='ocrx_word' id='word_1_71' title='bbox 856 830 986 875; x_wconf 85' lang='grc' dir='ltr'>πάθος,</span> <span class='ocrx_word' id='word_1_72' title='bbox 1002 829 1062 865; x_wconf 86' lang='grc' dir='ltr'><strong>τοῦ</strong></span> <span class='ocrx_word' id='word_1_73' title='bbox 1093 825 1129 865; x_wconf 86' lang='grc' dir='ltr'><strong>δὲ</strong></span> <span class='ocrx_word' id='word_1_74' title='bbox 1155 829 1292 864; x_wconf 84' lang='grc' dir='ltr'>κεῖσθαι</span> <span class='ocrx_word' id='word_1_75' title='bbox 1311 825 1333 863; x_wconf 88' lang='grc' dir='ltr'>ἆ</span> 
     </span>
     <span class='ocr_line' id='line_1_11' title="bbox 273 884 1333 938; baseline -0.001 -14"><span class='ocrx_word' id='word_1_76' title='bbox 273 886 440 934; x_wconf 82' lang='grc' dir='ltr'>ἐπίθεσις,</span> <span class='ocrx_word' id='word_1_77' title='bbox 460 889 520 924; x_wconf 88' lang='grc' dir='ltr'><strong>τοῦ</strong></span> <span class='ocrx_word' id='word_1_78' title='bbox 541 885 633 938; x_wconf 84' lang='grc' dir='ltr'>ἔχειν</span> <span class='ocrx_word' id='word_1_79' title='bbox 653 884 687 923; x_wconf 84' lang='grc' dir='ltr'><strong>δὲ</strong></span> <span class='ocrx_word' id='word_1_80' title='bbox 708 885 731 923; x_wconf 86' lang='grc' dir='ltr'>ἁ</span> <span class='ocrx_word' id='word_1_81' title='bbox 750 885 939 938; x_wconf 85' lang='grc' dir='ltr'>περίθεσις.</span> <span class='ocrx_word' id='word_1_82' title='bbox 999 885 1209 938; x_wconf 86' lang='grc' dir='ltr'>Προτερεύει</span> <span class='ocrx_word' id='word_1_83' title='bbox 1229 884 1272 924; x_wconf 85' lang='grc' dir='ltr'><strong>τὰ</strong></span> <span class='ocrx_word' id='word_1_84' title='bbox 1292 886 1333 923; x_wconf 80' lang='grc' dir='ltr'><strong>ἐκ</strong></span> 
     </span>
     <span class='ocr_line' id='line_1_12' title="bbox 271 943 1332 992; baseline -0.002 -9"><span class='ocrx_word' id='word_1_85' title='bbox 271 952 333 989; x_wconf 79' lang='grc' dir='ltr'><strong>τᾶς</strong></span> <span class='ocrx_word' id='word_1_86' title='bbox 352 944 469 988; x_wconf 79' lang='grc' dir='ltr'>οὐσίας</span> <span class='ocrx_word' id='word_1_87' title='bbox 487 943 547 983; x_wconf 81' lang='grc' dir='ltr'><strong>καὶ</strong></span> <span class='ocrx_word' id='word_1_88' title='bbox 569 950 629 988; x_wconf 85' lang='grc' dir='ltr'><strong>τᾶς</strong></span> <span class='ocrx_word' id='word_1_89' title='bbox 647 947 662 966; x_wconf 75' lang='lat'>³</span> <span class='ocrx_word' id='word_1_90' title='bbox 683 943 875 992; x_wconf 82' lang='grc' dir='ltr'>ποσότητος</span> <span class='ocrx_word' id='word_1_91' title='bbox 893 947 960 983; x_wconf 82' lang='grc' dir='ltr'><strong>τῶν</strong></span> <span class='ocrx_word' id='word_1_92' title='bbox 982 945 1022 983; x_wconf 81' lang='grc' dir='ltr'><strong>ἐκ</strong></span> <span class='ocrx_word' id='word_1_93' title='bbox 1041 951 1101 989; x_wconf 80' lang='grc' dir='ltr'><strong>τᾶς</strong></span> <span class='ocrx_word' id='word_1_94' title='bbox 1122 944 1242 988; x_wconf 79' lang='grc' dir='ltr'>οὐσίας</span> <span class='ocrx_word' id='word_1_95' title='bbox 1270 943 1332 982; x_wconf 83' lang='grc' dir='ltr'><strong>καὶ</strong></span> 
     </span>
     <span class='ocr_line' id='line_1_13' title="bbox 270 1001 1330 1055; baseline -0.001 -13"><span class='ocrx_word' id='word_1_96' title='bbox 270 1010 333 1047; x_wconf 84' lang='grc' dir='ltr'><strong>τᾶς</strong></span> <span class='ocrx_word' id='word_1_97' title='bbox 349 1004 538 1055; x_wconf 88' lang='grc' dir='ltr'>ποότητος,</span> <span class='ocrx_word' id='word_1_98' title='bbox 560 1002 605 1040; x_wconf 82' lang='grc' dir='ltr'><strong>τὰ</strong></span> <span class='ocrx_word' id='word_1_99' title='bbox 625 1001 662 1041; x_wconf 80' lang='grc' dir='ltr'><strong>δὲ</strong></span> <span class='ocrx_word' id='word_1_100' title='bbox 683 1004 723 1042; x_wconf 83' lang='grc' dir='ltr'><strong>ἐκ</strong></span> <span class='ocrx_word' id='word_1_101' title='bbox 741 1009 803 1047; x_wconf 83' lang='grc' dir='ltr'><strong>τᾶς</strong></span> <span class='ocrx_word' id='word_1_102' title='bbox 822 1003 940 1047; x_wconf 77' lang='grc' dir='ltr'>οὐσίας</span> <span class='ocrx_word' id='word_1_103' title='bbox 956 1004 1062 1042; x_wconf 86' lang='grc' dir='ltr'>πάλιν</span> <span class='ocrx_word' id='word_1_104' title='bbox 1082 1004 1143 1043; x_wconf 83' lang='grc' dir='ltr'><strong>καὶ</strong></span> <span class='ocrx_word' id='word_1_105' title='bbox 1162 1009 1224 1047; x_wconf 82' lang='grc' dir='ltr'><strong>τᾶς</strong></span> <span class='ocrx_word' id='word_1_106' title='bbox 1242 1003 1330 1042; x_wconf 90' lang='grc' dir='ltr'>ποό-</span> 
     </span>
     <span class='ocr_line' id='line_1_14' title="bbox 270 1062 1332 1116; baseline 0 -16"><span class='ocrx_word' id='word_1_107' title='bbox 270 1078 372 1108; x_wconf 82' lang='grc' dir='ltr'>τητος</span> <span class='ocrx_word' id='word_1_108' title='bbox 394 1064 462 1100; x_wconf 84' lang='grc' dir='ltr'><strong>τῶν</strong></span> <span class='ocrx_word' id='word_1_109' title='bbox 484 1064 523 1101; x_wconf 80' lang='grc' dir='ltr'><strong>ἐκ</strong></span> <span class='ocrx_word' id='word_1_110' title='bbox 542 1067 605 1105; x_wconf 81' lang='grc' dir='ltr'><strong>τᾶς</strong></span> <span class='ocrx_word' id='word_1_111' title='bbox 632 1062 753 1106; x_wconf 82' lang='grc' dir='ltr'>οὐσίας</span> <span class='ocrx_word' id='word_1_112' title='bbox 771 1062 832 1101; x_wconf 84' lang='grc' dir='ltr'><strong>καὶ</strong></span> <span class='ocrx_word' id='word_1_113' title='bbox 851 1065 920 1101; x_wconf 85' lang='grc' dir='ltr'><strong>τῶν</strong></span> <span class='ocrx_word' id='word_1_114' title='bbox 940 1062 1026 1116; x_wconf 86' lang='grc' dir='ltr'>πρός</span> <span class='ocrx_word' id='word_1_115' title='bbox 1050 1079 1096 1103; x_wconf 87' lang='grc' dir='ltr'><strong>τι.</strong></span> <span class='ocrx_word' id='word_1_116' title='bbox 1155 1064 1271 1102; x_wconf 87' lang='grc' dir='ltr'>Πάλιν</span> <span class='ocrx_word' id='word_1_117' title='bbox 1291 1062 1332 1101; x_wconf 81' lang='grc' dir='ltr'><strong>τὸ</strong></span> 
     </span>
     <span class='ocr_line' id='line_1_15' title="bbox 268 1120 1329 1175; baseline 0.001 -16"><span class='ocrx_word' id='word_1_118' title='bbox 268 1126 335 1159; x_wconf 84' lang='grc' dir='ltr'><strong>ποῦ</strong></span> <span class='ocrx_word' id='word_1_119' title='bbox 353 1121 556 1175; x_wconf 83' lang='grc' dir='ltr'>προτερεύει</span> <span class='ocrx_word' id='word_1_120' title='bbox 576 1125 638 1160; x_wconf 86' lang='grc' dir='ltr'><strong>τοῦ</strong></span> <span class='ocrx_word' id='word_1_121' title='bbox 658 1121 763 1170; x_wconf 86' lang='grc' dir='ltr'>πότε,</span> <span class='ocrx_word' id='word_1_122' title='bbox 781 1120 835 1161; x_wconf 79' lang='grc' dir='ltr'><strong>ὅτι</strong></span> <span class='ocrx_word' id='word_1_123' title='bbox 854 1122 894 1161; x_wconf 84' lang='lat' dir='ltr'><strong>rb</strong></span> <span class='ocrx_word' id='word_1_124' title='bbox 914 1122 978 1174; x_wconf 80' lang='grc' dir='ltr'><strong>μὲν</strong></span> <span class='ocrx_word' id='word_1_125' title='bbox 994 1125 1062 1162; x_wconf 83' lang='grc' dir='ltr'><strong>ποῦ</strong></span> <span class='ocrx_word' id='word_1_126' title='bbox 1081 1122 1224 1162; x_wconf 87' lang='grc' dir='ltr'>τοπικόν</span> <span class='ocrx_word' id='word_1_127' title='bbox 1240 1123 1329 1169; x_wconf 84' lang='grc' dir='ltr'>ἐστι,</span> 
     </span>
     <span class='ocr_line' id='line_1_16' title="bbox 269 1179 1332 1235; baseline 0 -17"><span class='ocrx_word' id='word_1_128' title='bbox 269 1183 286 1219; x_wconf 80' lang='grc' dir='ltr'><strong>ὁ</strong></span> <span class='ocrx_word' id='word_1_129' title='bbox 308 1179 343 1218; x_wconf 82' lang='grc' dir='ltr'><strong>δὲ</strong></span> <span class='ocrx_word' id='word_1_130' title='bbox 364 1179 467 1224; x_wconf 81' lang='grc' dir='ltr'>τόπος</span> <span class='ocrx_word' id='word_1_131' title='bbox 485 1180 655 1232; x_wconf 86' lang='grc' dir='ltr'>διαμονὴν</span> <span class='ocrx_word' id='word_1_132' title='bbox 673 1179 747 1233; x_wconf 82' lang='grc' dir='ltr'>ἔχει</span> <span class='ocrx_word' id='word_1_133' title='bbox 760 1211 772 1232; x_wconf 94' lang='grc'>,</span> <span class='ocrx_word' id='word_1_134' title='bbox 790 1181 829 1221; x_wconf 82' lang='grc' dir='ltr'><strong>τὸ</strong></span> <span class='ocrx_word' id='word_1_135' title='bbox 849 1181 886 1221; x_wconf 82' lang='grc' dir='ltr'><strong>δὲ</strong></span> <span class='ocrx_word' id='word_1_136' title='bbox 902 1181 986 1221; x_wconf 89' lang='grc' dir='ltr'>πότε</span> <span class='ocrx_word' id='word_1_137' title='bbox 1005 1180 1167 1235; x_wconf 83' lang='grc' dir='ltr'>χρονικόν</span> <span class='ocrx_word' id='word_1_138' title='bbox 1185 1182 1292 1228; x_wconf 86' lang='grc' dir='ltr'>ε’στιν,</span> <span class='ocrx_word' id='word_1_139' title='bbox 1314 1182 1332 1218; x_wconf 86' lang='grc' dir='ltr'>ὁ</span> 
     </span>
     <span class='ocr_line' id='line_1_17' title="bbox 268 1238 1331 1292; baseline 0 -14"><span class='ocrx_word' id='word_1_140' title='bbox 268 1238 304 1278; x_wconf 84' lang='grc' dir='ltr'><strong>δὲ</strong></span> <span class='ocrx_word' id='word_1_141' title='bbox 326 1238 448 1292; x_wconf 86' lang='grc' dir='ltr'>χρόνος</span> <span class='ocrx_word' id='word_1_142' title='bbox 468 1239 530 1278; x_wconf 79' lang='grc' dir='ltr'><strong>οὐκ</strong></span> <span class='ocrx_word' id='word_1_143' title='bbox 558 1239 632 1292; x_wconf 84' lang='grc' dir='ltr'>ἔχει</span> <span class='ocrx_word' id='word_1_144' title='bbox 662 1240 831 1291; x_wconf 83' lang='grc' dir='ltr'>διαμονὴν</span> <span class='ocrx_word' id='word_1_145' title='bbox 863 1240 1057 1286; x_wconf 81' lang='grc' dir='ltr'>ἀεικίνατος</span> <span class='ocrx_word' id='word_1_146' title='bbox 1083 1240 1149 1280; x_wconf 87' lang='grc' dir='ltr'><strong>ὤν.</strong></span> <span class='ocrx_word' id='word_1_147' title='bbox 1206 1240 1260 1280; x_wconf 88' lang='grc' dir='ltr'><strong>Τὸ</strong></span> <span class='ocrx_word' id='word_1_148' title='bbox 1295 1238 1331 1278; x_wconf 83' lang='grc' dir='ltr'><strong>δὲ</strong></span> 
     </span>
     <span class='ocr_line' id='line_1_18' title="bbox 268 1299 1329 1354; baseline 0.001 -16"><span class='ocrx_word' id='word_1_149' title='bbox 268 1299 427 1354; x_wconf 80' lang='grc' dir='ltr'>ἀρεμέειν</span> <span class='ocrx_word' id='word_1_150' title='bbox 444 1300 645 1353; x_wconf 83' lang='grc' dir='ltr'>προτερεύει</span> <span class='ocrx_word' id='word_1_151' title='bbox 661 1305 724 1344; x_wconf 83' lang='grc' dir='ltr'><strong>τᾶς</strong></span> <span class='ocrx_word' id='word_1_152' title='bbox 743 1300 898 1345; x_wconf 87' lang='grc' dir='ltr'>κινάσιος</span> <span class='ocrx_word' id='word_1_153' title='bbox 916 1299 947 1342; x_wconf 79' lang='lat'><strong>¹².</strong></span> <span class='ocrx_word' id='word_1_154' title='bbox 969 1301 1022 1340; x_wconf 90' lang='lat' dir='ltr'><strong>Tb</strong></span> <span class='ocrx_word' id='word_1_155' title='bbox 1041 1299 1078 1339; x_wconf 81' lang='grc' dir='ltr'><strong>δὲ</strong></span> <span class='ocrx_word' id='word_1_156' title='bbox 1094 1305 1205 1339; x_wconf 86' lang='grc' dir='ltr'>ποιεῖν</span> <span class='ocrx_word' id='word_1_157' title='bbox 1222 1299 1329 1339; x_wconf 86' lang='grc' dir='ltr'>πάλιν</span> 
     </span>
     <span class='ocr_line' id='line_1_19' title="bbox 267 1359 1329 1414; baseline -0.002 -16"><span class='ocrx_word' id='word_1_158' title='bbox 267 1363 330 1398; x_wconf 82' lang='grc' dir='ltr'><strong>τοῦ</strong></span> <span class='ocrx_word' id='word_1_159' title='bbox 351 1360 503 1413; x_wconf 83' lang='grc' dir='ltr'>πάσχειν</span> <span class='ocrx_word' id='word_1_160' title='bbox 521 1360 760 1414; x_wconf 83' lang='grc' dir='ltr'>προτέτακται</span> <span class='ocrx_word' id='word_1_161' title='bbox 772 1391 783 1407; x_wconf 84' lang='grc'>,</span> <span class='ocrx_word' id='word_1_162' title='bbox 804 1359 913 1399; x_wconf 82' lang='grc' dir='ltr'>ὅτιτὸ</span> <span class='ocrx_word' id='word_1_163' title='bbox 932 1360 1081 1414; x_wconf 81' lang='grc' dir='ltr'>ἐνεργεῖν</span> <span class='ocrx_word' id='word_1_164' title='bbox 1103 1363 1162 1398; x_wconf 85' lang='grc' dir='ltr'><strong>τοῦ</strong></span> <span class='ocrx_word' id='word_1_165' title='bbox 1178 1359 1329 1411; x_wconf 85' lang='grc' dir='ltr'>πάσχειν</span> 
     </span>
     <span class='ocr_line' id='line_1_20' title="bbox 269 1417 1329 1472; baseline -0.004 -13"><span class='ocrx_word' id='word_1_166' title='bbox 269 1419 343 1459; x_wconf 75' lang='grc' dir='ltr'>ἐστὶ</span> <span class='ocrx_word' id='word_1_167' title='bbox 384 1418 659 1472; x_wconf 83' lang='grc' dir='ltr'>προηγούμενον·</span> <span class='ocrx_word' id='word_1_168' title='bbox 692 1418 731 1457; x_wconf 84' lang='lat' dir='ltr'><strong>rb</strong></span> <span class='ocrx_word' id='word_1_169' title='bbox 765 1419 801 1458; x_wconf 82' lang='grc' dir='ltr'><strong>δὲ</strong></span> <span class='ocrx_word' id='word_1_170' title='bbox 833 1420 970 1458; x_wconf 77' lang='grc' dir='ltr'>κεῖσθαι</span> <span class='ocrx_word' id='word_1_171' title='bbox 1008 1417 1222 1471; x_wconf 84' lang='grc' dir='ltr'>προηγέεται</span> <span class='ocrx_word' id='word_1_172' title='bbox 1268 1421 1329 1457; x_wconf 86' lang='grc' dir='ltr'><strong>τοῦ</strong></span> 
     </span>
    </p>
   </div>
   <div class='ocr_carea' id='block_1_3' title="bbox 865 531 917 556">
    <p class='ocr_par' dir='ltr' id='par_1_5' title="bbox 865 531 917 556">
     <span class='ocr_line' id='line_1_21' title="bbox 865 531 917 556; baseline 0 -8"><span class='ocrx_word' id='word_1_173' title='bbox 865 531 917 556; x_wconf 51' lang='lat' dir='ltr'><strong>bv</strong></span> 
     </span>
    </p>
   </div>
   <div class='ocr_carea' id='block_1_4' title="bbox 571 527 1244 587">
    <p class='ocr_par' dir='ltr' id='par_1_6' title="bbox 571 527 1244 587">
     <span class='ocr_line' id='line_1_22' title="bbox 571 527 1244 587; baseline 0 -13"><span class='ocrx_word' id='word_1_174' title='bbox 571 527 636 584; x_wconf 57' lang='grc' dir='ltr'><strong>ἔνη</strong></span> <span class='ocrx_word' id='word_1_175' title='bbox 659 534 752 574; x_wconf 83' lang='lat' dir='ltr'>libri</span> <span class='ocrx_word' id='word_1_176' title='bbox 773 527 846 573; x_wconf 66' lang='grc' dir='ltr'>οὖν.</span> <span class='ocrx_word' id='word_1_177' title='bbox 904 549 991 583; x_wconf 88' lang='grc' dir='ltr'>ισον;</span> <span class='ocrx_word' id='word_1_178' title='bbox 1010 536 1122 575; x_wconf 88' lang='lat' dir='ltr'><strong>codd.</strong></span> <span class='ocrx_word' id='word_1_179' title='bbox 1136 529 1244 587; x_wconf 72' lang='grc' dir='ltr'>ἶσον.)</span> 
     </span>
    </p>
   </div>
   <div class='ocr_carea' id='block_1_5' title="bbox 267 1481 1328 1651">
    <p class='ocr_par' dir='ltr' id='par_1_7' title="bbox 267 1481 1328 1651">
     <span class='ocr_line' id='line_1_23' title="bbox 269 1481 374 1535; baseline -0.029 -15"><span class='ocrx_word' id='word_1_180' title='bbox 269 1481 374 1535; x_wconf 86' lang='grc' dir='ltr'>ἔχειν.</span> 
     </span>
     <span class='ocr_line' id='line_1_24' title="bbox 323 1536 1328 1592; baseline -0.004 -13"><span class='ocrx_word' id='word_1_181' title='bbox 323 1539 485 1592; x_wconf 83' lang='lat' dir='ltr'><strong>(Scripsi</strong></span> <span class='ocrx_word' id='word_1_182' title='bbox 509 1555 517 1578; x_wconf 90' lang='lat'>:</span> <span class='ocrx_word' id='word_1_183' title='bbox 540 1546 555 1564; x_wconf 76' lang='lat'>⁸</span> <span class='ocrx_word' id='word_1_184' title='bbox 574 1545 658 1587; x_wconf 81' lang='grc' dir='ltr'>τᾶς;</span> <span class='ocrx_word' id='word_1_185' title='bbox 681 1538 794 1577; x_wconf 83' lang='lat' dir='ltr'><strong>codd.</strong></span> <span class='ocrx_word' id='word_1_186' title='bbox 811 1541 889 1586; x_wconf 72' lang='grc' dir='ltr'>τῆς.</span> <span class='ocrx_word' id='word_1_187' title='bbox 912 1536 929 1561; x_wconf 66' lang='lat' dir='ltr'>b</span> <span class='ocrx_word' id='word_1_188' title='bbox 947 1536 1123 1586; x_wconf 85' lang='grc' dir='ltr'>κινάσιος;</span> <span class='ocrx_word' id='word_1_189' title='bbox 1148 1536 1243 1576; x_wconf 81' lang='lat' dir='ltr'>libri</span> <span class='ocrx_word' id='word_1_190' title='bbox 1270 1552 1328 1576; x_wconf 90' lang='grc' dir='ltr'><strong>κι-</strong></span> 
     </span>
     <span class='ocr_line' id='line_1_25' title="bbox 267 1598 432 1651; baseline 0.006 -14"><span class='ocrx_word' id='word_1_191' title='bbox 267 1598 432 1651; x_wconf 81' lang='grc' dir='ltr'>νάσεως.)</span> 
     </span>
    </p>
   </div>
   <div class='ocr_carea' id='block_1_6' title="bbox 491 1700 1096 1740">
    <p class='ocr_par' dir='ltr' id='par_1_8' title="bbox 491 1700 1096 1740">
     <span class='ocr_line' id='line_1_26' title="bbox 491 1700 1096 1740; baseline 0.002 -1"><span class='ocrx_word' id='word_1_192' title='bbox 491 1701 597 1739; x_wconf 84' lang='grc' dir='ltr'><strong>ΤΗΣ</strong></span> <span class='ocrx_word' id='word_1_193' title='bbox 627 1700 818 1740; x_wconf 84' lang='grc' dir='ltr'>ΟΥΣΙΑΣ</span> <span class='ocrx_word' id='word_1_194' title='bbox 847 1701 1018 1740; x_wconf 86' lang='grc' dir='ltr'>ΛΟΓΟΣ</span> <span class='ocrx_word' id='word_1_195' title='bbox 1050 1701 1096 1740; x_wconf 84' lang='grc' dir='ltr'><strong>Α-</strong></span> 
     </span>
    </p>
   </div>
   <div class='ocr_carea' id='block_1_7' title="bbox 254 1796 1329 2030">
    <p class='ocr_par' dir='ltr' id='par_1_9' title="bbox 254 1796 1329 2030">
     <span class='ocr_line' id='line_1_27' title="bbox 319 1796 1329 1852; baseline 0 -14"><span class='ocrx_word' id='word_1_196' title='bbox 319 1798 369 1842; x_wconf 76' lang='grc' dir='ltr'><strong>ς’.</strong></span> <span class='ocrx_word' id='word_1_197' title='bbox 401 1801 597 1852; x_wconf 89' lang='grc' dir='ltr'>Διαιρεῖται</span> <span class='ocrx_word' id='word_1_198' title='bbox 617 1798 640 1838; x_wconf 84' lang='grc' dir='ltr'>ἁ</span> <span class='ocrx_word' id='word_1_199' title='bbox 660 1796 763 1838; x_wconf 77' lang='grc' dir='ltr'>οὐσία</span> <span class='ocrx_word' id='word_1_200' title='bbox 783 1798 831 1843; x_wconf 85' lang='grc' dir='ltr'><strong>εἷς</strong></span> <span class='ocrx_word' id='word_1_201' title='bbox 851 1799 957 1848; x_wconf 84' lang='grc' dir='ltr'>σῶμα</span> <span class='ocrx_word' id='word_1_202' title='bbox 981 1798 1041 1836; x_wconf 76' lang='grc' dir='ltr'><strong>καὶ</strong></span> <span class='ocrx_word' id='word_1_203' title='bbox 1063 1797 1268 1848; x_wconf 85' lang='grc' dir='ltr'>ἀσώματον,</span> <span class='ocrx_word' id='word_1_204' title='bbox 1288 1799 1329 1838; x_wconf 83' lang='grc' dir='ltr'><strong>τὸ</strong></span> 
     </span>
     <span class='ocr_line' id='line_1_28' title="bbox 267 1856 1329 1911; baseline -0.001 -14"><span class='ocrx_word' id='word_1_205' title='bbox 267 1860 372 1909; x_wconf 83' lang='grc' dir='ltr'>σῶμα</span> <span class='ocrx_word' id='word_1_206' title='bbox 394 1859 441 1903; x_wconf 87' lang='grc' dir='ltr'><strong>εἷς</strong></span> <span class='ocrx_word' id='word_1_207' title='bbox 462 1857 619 1911; x_wconf 78' lang='grc' dir='ltr'>ἔμψυχον</span> <span class='ocrx_word' id='word_1_208' title='bbox 637 1857 698 1896; x_wconf 84' lang='grc' dir='ltr'><strong>καὶ</strong></span> <span class='ocrx_word' id='word_1_209' title='bbox 717 1857 870 1911; x_wconf 87' lang='grc' dir='ltr'>ἄψυχον,</span> <span class='ocrx_word' id='word_1_210' title='bbox 888 1856 928 1896; x_wconf 85' lang='grc' dir='ltr'><strong>τὸ</strong></span> <span class='ocrx_word' id='word_1_211' title='bbox 948 1856 1106 1911; x_wconf 82' lang='grc' dir='ltr'>ἔμψυχον</span> <span class='ocrx_word' id='word_1_212' title='bbox 1136 1860 1182 1902; x_wconf 85' lang='grc' dir='ltr'><strong>εἷς</strong></span> <span class='ocrx_word' id='word_1_213' title='bbox 1203 1859 1329 1905; x_wconf 82' lang='grc' dir='ltr'>αἰσθη-</span> 
     </span>
     <span class='ocr_line' id='line_1_29' title="bbox 268 1915 1326 1970; baseline -0.003 -14"><span class='ocrx_word' id='word_1_214' title='bbox 268 1917 326 1956; x_wconf 77' lang='grc' dir='ltr'><strong>τὸν</strong></span> <span class='ocrx_word' id='word_1_215' title='bbox 345 1916 404 1956; x_wconf 79' lang='grc' dir='ltr'><strong>καὶ</strong></span> <span class='ocrx_word' id='word_1_216' title='bbox 422 1916 643 1964; x_wconf 86' lang='grc' dir='ltr'>ἀναίσθητον,</span> <span class='ocrx_word' id='word_1_217' title='bbox 658 1916 699 1955; x_wconf 84' lang='grc' dir='ltr'><strong>τὸ</strong></span> <span class='ocrx_word' id='word_1_218' title='bbox 719 1915 881 1963; x_wconf 74' lang='grc' dir='ltr'>αἰσθητὸν</span> <span class='ocrx_word' id='word_1_219' title='bbox 898 1918 943 1960; x_wconf 84' lang='grc' dir='ltr'><strong>εἷς</strong></span> <span class='ocrx_word' id='word_1_220' title='bbox 957 1918 1043 1967; x_wconf 81' lang='grc' dir='ltr'>ζῷον</span> <span class='ocrx_word' id='word_1_221' title='bbox 1059 1915 1119 1955; x_wconf 77' lang='grc' dir='ltr'><strong>καὶ</strong></span> <span class='ocrx_word' id='word_1_222' title='bbox 1137 1916 1326 1970; x_wconf 83' lang='grc' dir='ltr'>ζῳόφυτον,</span> 
     </span>
     <span class='ocr_line' id='line_1_30' title="bbox 254 1975 1328 2030; baseline -0.001 -14"><span class='ocrx_word' id='word_1_223' title='bbox 254 1978 330 2016; x_wconf 81' lang='grc' dir='ltr'><strong>ὀὐκ</strong></span> <span class='ocrx_word' id='word_1_224' title='bbox 363 1975 682 2030; x_wconf 85' lang='grc' dir='ltr'>ἀντιδιαιρούμενον</span> <span class='ocrx_word' id='word_1_225' title='bbox 715 1975 794 2028; x_wconf 80' lang='grc' dir='ltr'>μέν.</span> <span class='ocrx_word' id='word_1_226' title='bbox 853 1975 1055 2030; x_wconf 85' lang='grc' dir='ltr'>Διαιρέεται</span> <span class='ocrx_word' id='word_1_227' title='bbox 1076 1976 1112 2015; x_wconf 84' lang='grc' dir='ltr'><strong>δὲ</strong></span> <span class='ocrx_word' id='word_1_228' title='bbox 1129 1981 1144 1998; x_wconf 78' lang='lat'>³</span> <span class='ocrx_word' id='word_1_229' title='bbox 1161 1975 1256 2027; x_wconf 78' lang='grc' dir='ltr'>ὅμως</span> <span class='ocrx_word' id='word_1_230' title='bbox 1288 1978 1328 2015; x_wconf 82' lang='grc' dir='ltr'><strong>τὸ</strong></span> 
     </span>
    </p>
   </div>
   <div class='ocr_carea' id='block_1_8' title="bbox 293 2082 509 2090">
    <p class='ocr_par' dir='ltr' id='par_1_10' title="bbox 293 2082 509 2090">
     <span class='ocr_line' id='line_1_31' title="bbox 293 2082 509 2090; baseline 0 1724"><span class='ocrx_word' id='word_1_231' title='bbox 293 2082 509 2090; x_wconf 95' lang='lat' dir='ltr'><strong> </strong></span> 
     </span>
    </p>
   </div>
   <div class='ocr_carea' id='block_1_9' title="bbox 266 2148 1326 2190">
    <p class='ocr_par' dir='ltr' id='par_1_11' title="bbox 266 2148 1326 2190">
     <span class='ocr_line' id='line_1_32' title="bbox 266 2148 1326 2190; baseline 0 -9"><span class='ocrx_word' id='word_1_232' title='bbox 266 2157 344 2182; x_wconf 84' lang='lat' dir='ltr'><strong>vero</strong></span> <span class='ocrx_word' id='word_1_233' title='bbox 366 2148 496 2190; x_wconf 86' lang='lat' dir='ltr'><strong>propria</strong></span> <span class='ocrx_word' id='word_1_234' title='bbox 511 2148 680 2189; x_wconf 85' lang='lat' dir='ltr'><strong>aequalitas</strong></span> <span class='ocrx_word' id='word_1_235' title='bbox 696 2151 727 2181; x_wconf 89' lang='lat' dir='ltr'><strong>et</strong></span> <span class='ocrx_word' id='word_1_236' title='bbox 743 2148 945 2190; x_wconf 77' lang='lat' dir='ltr'><strong>inaequalitas</strong></span> <span class='ocrx_word' id='word_1_237' title='bbox 970 2148 1108 2181; x_wconf 80' lang='lat' dir='ltr'><strong>habetur</strong></span> <span class='ocrx_word' id='word_1_238' title='bbox 1131 2162 1141 2181; x_wconf 67' lang='grc' dir='ltr'><strong>ε</strong></span> <span class='ocrx_word' id='word_1_239' title='bbox 1158 2158 1233 2181; x_wconf 90' lang='lat' dir='ltr'><strong>nam</strong></span> <span class='ocrx_word' id='word_1_240' title='bbox 1259 2149 1326 2190; x_wconf 90' lang='lat' dir='ltr'><strong>pal·</strong></span> 
     </span>
    </p>
   </div>
   <div class='ocr_carea' id='block_1_10' title="bbox 266 2207 1340 2252">
    <p class='ocr_par' dir='ltr' id='par_1_12' title="bbox 266 2207 1340 2252">
     <span class='ocr_line' id='line_1_33' title="bbox 266 2207 1340 2252; baseline 0 -12"><span class='ocrx_word' id='word_1_241' title='bbox 266 2216 338 2240; x_wconf 89' lang='lat' dir='ltr'><strong>mus</strong></span> <span class='ocrx_word' id='word_1_242' title='bbox 356 2207 458 2248; x_wconf 86' lang='lat' dir='ltr'><strong>major</strong></span> <span class='ocrx_word' id='word_1_243' title='bbox 476 2208 580 2248; x_wconf 87' lang='lat' dir='ltr'><strong>impar</strong></span> <span class='ocrx_word' id='word_1_244' title='bbox 591 2209 640 2241; x_wconf 88' lang='lat' dir='ltr'><strong>est</strong></span> <span class='ocrx_word' id='word_1_245' title='bbox 653 2207 756 2246; x_wconf 86' lang='lat' dir='ltr'><strong>ulnae,</strong></span> <span class='ocrx_word' id='word_1_246' title='bbox 773 2209 841 2240; x_wconf 89' lang='lat' dir='ltr'><strong>tres</strong></span> <span class='ocrx_word' id='word_1_247' title='bbox 854 2209 964 2241; x_wconf 85' lang='lat' dir='ltr'><strong>autem</strong></span> <span class='ocrx_word' id='word_1_248' title='bbox 986 2208 1126 2240; x_wconf 89' lang='lat' dir='ltr'><strong>minores</strong></span> <span class='ocrx_word' id='word_1_249' title='bbox 1143 2208 1241 2248; x_wconf 85' lang='lat' dir='ltr'><strong>palmi</strong></span> <span class='ocrx_word' id='word_1_250' title='bbox 1260 2217 1340 2252; x_wconf 26' lang='lat' dir='ltr'><strong>ma·-</strong></span> 
     </span>
    </p>
   </div>
   <div class='ocr_carea' id='block_1_11' title="bbox 264 2267 1327 3253">
    <p class='ocr_par' dir='ltr' id='par_1_13' title="bbox 264 2267 1327 2369">
     <span class='ocr_line' id='line_1_34' title="bbox 264 2267 1327 2309; baseline 0 -9"><span class='ocrx_word' id='word_1_251' title='bbox 264 2267 324 2308; x_wconf 85' lang='lat' dir='ltr'><strong>jori</strong></span> <span class='ocrx_word' id='word_1_252' title='bbox 341 2268 482 2309; x_wconf 83' lang='lat' dir='ltr'><strong>aequales</strong></span> <span class='ocrx_word' id='word_1_253' title='bbox 497 2268 590 2309; x_wconf 87' lang='lat' dir='ltr'><strong>sunt;</strong></span> <span class='ocrx_word' id='word_1_254' title='bbox 608 2267 684 2300; x_wconf 81' lang='lat' dir='ltr'><strong>item</strong></span> <span class='ocrx_word' id='word_1_255' title='bbox 703 2267 872 2309; x_wconf 86' lang='lat' dir='ltr'><strong>quinarius</strong></span> <span class='ocrx_word' id='word_1_256' title='bbox 893 2276 1047 2300; x_wconf 84' lang='lat' dir='ltr'><strong>numerus</strong></span> <span class='ocrx_word' id='word_1_257' title='bbox 1068 2267 1199 2301; x_wconf 90' lang='lat' dir='ltr'><strong>denario</strong></span> <span class='ocrx_word' id='word_1_258' title='bbox 1223 2268 1327 2309; x_wconf 84' lang='lat' dir='ltr'>impar</span> 
     </span>
     <span class='ocr_line' id='line_1_35' title="bbox 265 2326 1251 2369; baseline -0.001 -7"><span class='ocrx_word' id='word_1_259' title='bbox 265 2330 311 2362; x_wconf 84' lang='lat' dir='ltr'><strong>est</strong></span> <span class='ocrx_word' id='word_1_260' title='bbox 323 2351 331 2367; x_wconf 95' lang='lat'><strong><em>‚</em></strong></span> <span class='ocrx_word' id='word_1_261' title='bbox 351 2330 384 2360; x_wconf 89' lang='lat' dir='ltr'><strong>at</strong></span> <span class='ocrx_word' id='word_1_262' title='bbox 401 2327 568 2368; x_wconf 89' lang='lat' dir='ltr'><strong>quinarius</strong></span> <span class='ocrx_word' id='word_1_263' title='bbox 582 2335 738 2360; x_wconf 90' lang='lat' dir='ltr'><strong>numerus</strong></span> <span class='ocrx_word' id='word_1_264' title='bbox 754 2326 935 2368; x_wconf 87' lang='lat' dir='ltr'><strong>duplicatus</strong></span> <span class='ocrx_word' id='word_1_265' title='bbox 956 2327 1090 2361; x_wconf 91' lang='lat' dir='ltr'><strong>denario</strong></span> <span class='ocrx_word' id='word_1_266' title='bbox 1112 2336 1172 2369; x_wconf 89' lang='lat' dir='ltr'><strong>par</strong></span> <span class='ocrx_word' id='word_1_267' title='bbox 1190 2329 1251 2361; x_wconf 85' lang='lat' dir='ltr'><strong>est.</strong></span> 
     </span>
    </p>

    <p class='ocr_par' dir='ltr' id='par_1_14' title="bbox 265 2384 1326 3253">
     <span class='ocr_line' id='line_1_36' title="bbox 306 2384 1326 2433; baseline 0.001 -15"><span class='ocrx_word' id='word_1_268' title='bbox 306 2387 348 2419; x_wconf 88' lang='lat' dir='ltr'><strong>V.</strong></span> <span class='ocrx_word' id='word_1_269' title='bbox 373 2385 547 2418; x_wconf 88' lang='lat' dir='ltr'><strong>Relationis</strong></span> <span class='ocrx_word' id='word_1_270' title='bbox 568 2385 611 2418; x_wconf 85' lang='lat' dir='ltr'><strong>ad</strong></span> <span class='ocrx_word' id='word_1_271' title='bbox 630 2384 753 2433; x_wconf 82' lang='lat' dir='ltr'><strong>aliquid</strong></span> <span class='ocrx_word' id='word_1_272' title='bbox 773 2386 946 2427; x_wconf 83' lang='lat' dir='ltr'><strong>proprium,</strong></span> <span class='ocrx_word' id='word_1_273' title='bbox 958 2389 1006 2419; x_wconf 87' lang='lat' dir='ltr'><strong>est</strong></span> <span class='ocrx_word' id='word_1_274' title='bbox 1024 2386 1220 2428; x_wconf 87' lang='lat' dir='ltr'><strong>conjungere</strong></span> <span class='ocrx_word' id='word_1_275' title='bbox 1246 2395 1326 2419; x_wconf 88' lang='lat' dir='ltr'><strong>con-</strong></span> 
     </span>
     <span class='ocr_line' id='line_1_37' title="bbox 265 2444 1324 2486; baseline 0.001 -9"><span class='ocrx_word' id='word_1_276' title='bbox 265 2444 360 2477; x_wconf 87' lang='lat' dir='ltr'><strong>traria</strong></span> <span class='ocrx_word' id='word_1_277' title='bbox 381 2458 389 2477; x_wconf 90' lang='lat'>:</span> <span class='ocrx_word' id='word_1_278' title='bbox 408 2453 482 2477; x_wconf 89' lang='lat' dir='ltr'><strong>nam</strong></span> <span class='ocrx_word' id='word_1_279' title='bbox 500 2445 599 2486; x_wconf 84' lang='lat' dir='ltr'><strong>patris</strong></span> <span class='ocrx_word' id='word_1_280' title='bbox 617 2447 666 2477; x_wconf 89' lang='lat' dir='ltr'><strong>est</strong></span> <span class='ocrx_word' id='word_1_281' title='bbox 681 2444 777 2478; x_wconf 87' lang='lat' dir='ltr'><strong>etiam</strong></span> <span class='ocrx_word' id='word_1_282' title='bbox 795 2444 880 2477; x_wconf 82' lang='lat' dir='ltr'><strong>iilius</strong></span> <span class='ocrx_word' id='word_1_283' title='bbox 895 2453 934 2477; x_wconf 87' lang='lat' dir='ltr'><strong>ac</strong></span> <span class='ocrx_word' id='word_1_284' title='bbox 948 2446 1070 2478; x_wconf 91' lang='lat' dir='ltr'><strong>domini</strong></span> <span class='ocrx_word' id='word_1_285' title='bbox 1084 2445 1182 2478; x_wconf 89' lang='lat' dir='ltr'><strong>etiam</strong></span> <span class='ocrx_word' id='word_1_286' title='bbox 1196 2455 1324 2479; x_wconf 87' lang='lat' dir='ltr'><strong>servus.</strong></span> 
     </span>
     <span class='ocr_line' id='line_1_38' title="bbox 266 2501 1326 2546; baseline 0.003 -12"><span class='ocrx_word' id='word_1_287' title='bbox 266 2503 365 2535; x_wconf 84' lang='lat' dir='ltr'><strong>Porro</strong></span> <span class='ocrx_word' id='word_1_288' title='bbox 378 2501 531 2535; x_wconf 86' lang='lat' dir='ltr'><strong>finitionis</strong></span> <span class='ocrx_word' id='word_1_289' title='bbox 541 2502 600 2535; x_wconf 79' lang='lat' dir='ltr'><strong>ubi</strong></span> <span class='ocrx_word' id='word_1_290' title='bbox 611 2502 729 2535; x_wconf 86' lang='lat' dir='ltr'><strong>dicitur</strong></span> <span class='ocrx_word' id='word_1_291' title='bbox 736 2511 805 2535; x_wconf 87' lang='lat' dir='ltr'><strong>esse</strong></span> <span class='ocrx_word' id='word_1_292' title='bbox 812 2502 966 2543; x_wconf 88' lang='lat' dir='ltr'><strong>ambitus,</strong></span> <span class='ocrx_word' id='word_1_293' title='bbox 978 2503 1173 2536; x_wconf 82' lang='lat' dir='ltr'><strong>definitionis</strong></span> <span class='ocrx_word' id='word_1_294' title='bbox 1183 2504 1326 2546; x_wconf 82' lang='lat' dir='ltr'><strong>quando</strong></span> 
     </span>
     <span class='ocr_line' id='line_1_39' title="bbox 268 2561 1324 2604; baseline 0.001 -10"><span class='ocrx_word' id='word_1_295' title='bbox 268 2563 356 2594; x_wconf 89' lang='lat' dir='ltr'><strong>nulla</strong></span> <span class='ocrx_word' id='word_1_296' title='bbox 374 2561 569 2603; x_wconf 79' lang='lat' dir='ltr'>permansio,</span> <span class='ocrx_word' id='word_1_297' title='bbox 584 2561 698 2603; x_wconf 85' lang='lat' dir='ltr'><strong>agendi</strong></span> <span class='ocrx_word' id='word_1_298' title='bbox 714 2561 869 2602; x_wconf 79' lang='lat' dir='ltr'><strong>efficacia,</strong></span> <span class='ocrx_word' id='word_1_299' title='bbox 887 2562 1028 2604; x_wconf 85' lang='lat' dir='ltr'><strong>patiendi</strong></span> <span class='ocrx_word' id='word_1_300' title='bbox 1046 2563 1187 2604; x_wconf 77' lang='lat' dir='ltr'><strong>affectio,</strong></span> <span class='ocrx_word' id='word_1_301' title='bbox 1198 2563 1324 2604; x_wconf 88' lang='lat' dir='ltr'><strong>jacendi</strong></span> 
     </span>
     <span class='ocr_line' id='line_1_40' title="bbox 267 2621 1324 2664; baseline 0.001 -11"><span class='ocrx_word' id='word_1_302' title='bbox 267 2622 403 2663; x_wconf 89' lang='lat' dir='ltr'><strong>positio,</strong></span> <span class='ocrx_word' id='word_1_303' title='bbox 421 2621 558 2654; x_wconf 87' lang='lat' dir='ltr'><strong>habendi</strong></span> <span class='ocrx_word' id='word_1_304' title='bbox 579 2621 754 2663; x_wconf 84' lang='lat' dir='ltr'><strong>impositio.</strong></span> <span class='ocrx_word' id='word_1_305' title='bbox 799 2621 1027 2663; x_wconf 86' lang='lat' dir='ltr'><strong>Antegreditur</strong></span> <span class='ocrx_word' id='word_1_306' title='bbox 1055 2630 1133 2656; x_wconf 86' lang='lat' dir='ltr'><strong>vero</strong></span> <span class='ocrx_word' id='word_1_307' title='bbox 1165 2622 1324 2664; x_wconf 90' lang='lat' dir='ltr'><strong>quidquid</strong></span> 
     </span>
     <span class='ocr_line' id='line_1_41' title="bbox 266 2681 1325 2723; baseline 0.002 -10"><span class='ocrx_word' id='word_1_308' title='bbox 266 2681 456 2713; x_wconf 75' lang='lat' dir='ltr'><strong>substantiae</strong></span> <span class='ocrx_word' id='word_1_309' title='bbox 481 2683 514 2714; x_wconf 91' lang='lat' dir='ltr'><strong>et</strong></span> <span class='ocrx_word' id='word_1_310' title='bbox 542 2681 729 2723; x_wconf 80' lang='lat' dir='ltr'><strong>quantitatis</strong></span> <span class='ocrx_word' id='word_1_311' title='bbox 760 2682 924 2723; x_wconf 89' lang='lat' dir='ltr'><strong>proprium</strong></span> <span class='ocrx_word' id='word_1_312' title='bbox 947 2681 1112 2723; x_wconf 51' lang='lat' dir='ltr'><strong>,iudicatur</strong></span> <span class='ocrx_word' id='word_1_313' title='bbox 1134 2682 1325 2716; x_wconf 84' lang='lat' dir='ltr'><strong>substantiae</strong></span> 
     </span>
     <span class='ocr_line' id='line_1_42' title="bbox 266 2739 1324 2784; baseline 0.004 -13"><span class='ocrx_word' id='word_1_314' title='bbox 266 2743 299 2772; x_wconf 87' lang='lat' dir='ltr'><strong>et</strong></span> <span class='ocrx_word' id='word_1_315' title='bbox 318 2739 481 2781; x_wconf 82' lang='lat' dir='ltr'><strong>qualitatis</strong></span> <span class='ocrx_word' id='word_1_316' title='bbox 500 2740 728 2781; x_wconf 81' lang='lat' dir='ltr'><strong>proprietates,</strong></span> <span class='ocrx_word' id='word_1_317' title='bbox 745 2749 857 2774; x_wconf 89' lang='lat' dir='ltr'><strong>rursus</strong></span> <span class='ocrx_word' id='word_1_318' title='bbox 875 2742 983 2774; x_wconf 89' lang='lat' dir='ltr'><strong>autem</strong></span> <span class='ocrx_word' id='word_1_319' title='bbox 999 2742 1155 2784; x_wconf 88' lang='lat' dir='ltr'><strong>quidquid</strong></span> <span class='ocrx_word' id='word_1_320' title='bbox 1171 2742 1324 2776; x_wconf 88' lang='lat' dir='ltr'><strong>substan·</strong></span> 
     </span>
     <span class='ocr_line' id='line_1_43' title="bbox 266 2798 1325 2843; baseline 0.003 -11"><span class='ocrx_word' id='word_1_321' title='bbox 266 2799 321 2832; x_wconf 81' lang='lat' dir='ltr'><strong>tiae</strong></span> <span class='ocrx_word' id='word_1_322' title='bbox 340 2798 566 2840; x_wconf 21' lang='lat' dir='ltr'><strong>ethualitatis</strong></span> <span class='ocrx_word' id='word_1_323' title='bbox 593 2800 759 2841; x_wconf 91' lang='lat' dir='ltr'><strong>proprium</strong></span> <span class='ocrx_word' id='word_1_324' title='bbox 779 2802 913 2843; x_wconf 85' lang='lat' dir='ltr'><strong>apparet</strong></span> <span class='ocrx_word' id='word_1_325' title='bbox 931 2802 1110 2843; x_wconf 76' lang='lat' dir='ltr'><strong>peculiares</strong></span> <span class='ocrx_word' id='word_1_326' title='bbox 1137 2802 1325 2836; x_wconf 87' lang='lat' dir='ltr'><strong>substantiae</strong></span> 
     </span>
     <span class='ocr_line' id='line_1_44' title="bbox 265 2857 1323 2903; baseline 0.004 -12"><span class='ocrx_word' id='word_1_327' title='bbox 265 2861 297 2891; x_wconf 87' lang='lat' dir='ltr'><strong>et</strong></span> <span class='ocrx_word' id='word_1_328' title='bbox 318 2858 479 2890; x_wconf 81' lang='lat' dir='ltr'><strong>relationis</strong></span> <span class='ocrx_word' id='word_1_329' title='bbox 495 2857 536 2890; x_wconf 90' lang='lat' dir='ltr'><strong>ad</strong></span> <span class='ocrx_word' id='word_1_330' title='bbox 554 2857 675 2899; x_wconf 85' lang='lat' dir='ltr'><strong>aliquid</strong></span> <span class='ocrx_word' id='word_1_331' title='bbox 696 2860 845 2894; x_wconf 79' lang='lat' dir='ltr'><strong>rationes.</strong></span> <span class='ocrx_word' id='word_1_332' title='bbox 891 2862 1018 2894; x_wconf 85' lang='lat' dir='ltr'><strong>Rursus</strong></span> <span class='ocrx_word' id='word_1_333' title='bbox 1038 2861 1140 2894; x_wconf 80' lang='lat' dir='ltr'><strong>finitio</strong></span> <span class='ocrx_word' id='word_1_334' title='bbox 1156 2861 1218 2894; x_wconf 86' lang='lat' dir='ltr'><strong>ubi</strong></span> <span class='ocrx_word' id='word_1_335' title='bbox 1241 2871 1323 2903; x_wconf 87' lang='lat' dir='ltr'><strong>prae-</strong></span> 
     </span>
     <span class='ocr_line' id='line_1_45' title="bbox 265 2917 1325 2963; baseline 0.005 -14"><span class='ocrx_word' id='word_1_336' title='bbox 265 2917 410 2959; x_wconf 85' lang='lat' dir='ltr'><strong>greditur</strong></span> <span class='ocrx_word' id='word_1_337' title='bbox 425 2917 644 2950; x_wconf 88' lang='lat' dir='ltr'><strong>definitionem</strong></span> <span class='ocrx_word' id='word_1_338' title='bbox 659 2918 818 2960; x_wconf 82' lang='lat' dir='ltr'><strong>quando,</strong></span> <span class='ocrx_word' id='word_1_339' title='bbox 839 2919 915 2961; x_wconf 91' lang='lat' dir='ltr'><strong>quia</strong></span> <span class='ocrx_word' id='word_1_340' title='bbox 930 2920 992 2954; x_wconf 79' lang='lat' dir='ltr'><strong>ubi</strong></span> <span class='ocrx_word' id='word_1_341' title='bbox 1008 2920 1046 2953; x_wconf 86' lang='lat' dir='ltr'><strong>ad</strong></span> <span class='ocrx_word' id='word_1_342' title='bbox 1068 2921 1175 2953; x_wconf 89' lang='lat' dir='ltr'><strong>locum</strong></span> <span class='ocrx_word' id='word_1_343' title='bbox 1203 2923 1325 2963; x_wconf 85' lang='lat' dir='ltr'><strong>spectat</strong></span> 
     </span>
     <span class='ocr_line' id='line_1_46' title="bbox 266 2976 1324 3021; baseline 0.005 -13"><span class='ocrx_word' id='word_1_344' title='bbox 266 2977 423 3018; x_wconf 87' lang='lat' dir='ltr'><strong>locusque</strong></span> <span class='ocrx_word' id='word_1_345' title='bbox 455 2979 638 3017; x_wconf 83' lang='lat' dir='ltr'><strong>permanet,</strong></span> <span class='ocrx_word' id='word_1_346' title='bbox 659 2976 800 3019; x_wconf 83' lang='lat' dir='ltr'><strong>quando</strong></span> <span class='ocrx_word' id='word_1_347' title='bbox 827 2980 935 3011; x_wconf 86' lang='lat' dir='ltr'><strong>autem</strong></span> <span class='ocrx_word' id='word_1_348' title='bbox 954 2979 994 3011; x_wconf 88' lang='lat' dir='ltr'><strong>ad</strong></span> <span class='ocrx_word' id='word_1_349' title='bbox 1017 2981 1146 3021; x_wconf 89' lang='lat' dir='ltr'><strong>tempus</strong></span> <span class='ocrx_word' id='word_1_350' title='bbox 1165 2981 1324 3021; x_wconf 82' lang='lat' dir='ltr'><strong>pertinet,</strong></span> 
     </span>
     <span class='ocr_line' id='line_1_47' title="bbox 265 3036 1324 3078; baseline 0.006 -11"><span class='ocrx_word' id='word_1_351' title='bbox 265 3036 352 3077; x_wconf 87' lang='lat' dir='ltr'><strong>quod</strong></span> <span class='ocrx_word' id='word_1_352' title='bbox 374 3037 504 3077; x_wconf 83' lang='lat' dir='ltr'><strong>propter</strong></span> <span class='ocrx_word' id='word_1_353' title='bbox 523 3039 649 3069; x_wconf 89' lang='lat' dir='ltr'><strong>motum</strong></span> <span class='ocrx_word' id='word_1_354' title='bbox 671 3036 902 3078; x_wconf 88' lang='lat' dir='ltr'><strong>sempiternum</strong></span> <span class='ocrx_word' id='word_1_355' title='bbox 924 3048 987 3071; x_wconf 89' lang='lat' dir='ltr'><strong>non</strong></span> <span class='ocrx_word' id='word_1_356' title='bbox 1008 3039 1117 3073; x_wconf 89' lang='lat' dir='ltr'><strong>durat.</strong></span> <span class='ocrx_word' id='word_1_357' title='bbox 1164 3041 1324 3073; x_wconf 80' lang='lat' dir='ltr'><strong>Praeterea</strong></span> 
     </span>
     <span class='ocr_line' id='line_1_48' title="bbox 266 3093 1324 3137; baseline 0.003 -12"><span class='ocrx_word' id='word_1_358' title='bbox 266 3094 357 3134; x_wconf 86' lang='lat' dir='ltr'><strong>quies</strong></span> <span class='ocrx_word' id='word_1_359' title='bbox 389 3093 549 3126; x_wconf 86' lang='lat' dir='ltr'><strong>antecedit</strong></span> <span class='ocrx_word' id='word_1_360' title='bbox 578 3093 768 3126; x_wconf 86' lang='lat' dir='ltr'><strong>motionem.</strong></span> <span class='ocrx_word' id='word_1_361' title='bbox 813 3095 938 3127; x_wconf 87' lang='lat' dir='ltr'><strong>Rursus</strong></span> <span class='ocrx_word' id='word_1_362' title='bbox 962 3104 1065 3136; x_wconf 78' lang='lat' dir='ltr'><strong>aqere</strong></span> <span class='ocrx_word' id='word_1_363' title='bbox 1097 3096 1210 3129; x_wconf 87' lang='lat' dir='ltr'><strong>ordine</strong></span> <span class='ocrx_word' id='word_1_364' title='bbox 1235 3096 1324 3137; x_wconf 84' lang='lat' dir='ltr'><strong>prius</strong></span> 
     </span>
     <span class='ocr_line' id='line_1_49' title="bbox 265 3152 1323 3196; baseline 0.004 -12"><span class='ocrx_word' id='word_1_365' title='bbox 265 3156 314 3184; x_wconf 88' lang='lat' dir='ltr'><strong>est</strong></span> <span class='ocrx_word' id='word_1_366' title='bbox 331 3161 429 3193; x_wconf 88' lang='lat' dir='ltr'><strong>quam</strong></span> <span class='ocrx_word' id='word_1_367' title='bbox 443 3154 540 3193; x_wconf 79' lang='lat' dir='ltr'><strong>pati,</strong></span> <span class='ocrx_word' id='word_1_368' title='bbox 557 3152 677 3185; x_wconf 90' lang='lat' dir='ltr'><strong>idcirco</strong></span> <span class='ocrx_word' id='word_1_369' title='bbox 695 3152 771 3194; x_wconf 89' lang='lat' dir='ltr'><strong>quia</strong></span> <span class='ocrx_word' id='word_1_370' title='bbox 790 3152 931 3185; x_wconf 84' lang='lat' dir='ltr'><strong>efficacia</strong></span> <span class='ocrx_word' id='word_1_371' title='bbox 950 3155 1135 3195; x_wconf 87' lang='lat' dir='ltr'><strong>patientiam</strong></span> <span class='ocrx_word' id='word_1_372' title='bbox 1151 3155 1323 3196; x_wconf 79' lang='lat' dir='ltr'><strong>praecedit3</strong></span> 
     </span>
     <span class='ocr_line' id='line_1_50' title="bbox 266 3210 1113 3253; baseline 0.006 -11"><span class='ocrx_word' id='word_1_373' title='bbox 266 3210 405 3252; x_wconf 89' lang='lat' dir='ltr'><strong>denique</strong></span> <span class='ocrx_word' id='word_1_374' title='bbox 415 3210 537 3251; x_wconf 85' lang='lat' dir='ltr'><strong>jacere</strong></span> <span class='ocrx_word' id='word_1_375' title='bbox 552 3211 664 3244; x_wconf 87' lang='lat' dir='ltr'><strong>ordine</strong></span> <span class='ocrx_word' id='word_1_376' title='bbox 680 3211 770 3253; x_wconf 86' lang='lat' dir='ltr'><strong>prius</strong></span> <span class='ocrx_word' id='word_1_377' title='bbox 788 3214 837 3245; x_wconf 89' lang='lat' dir='ltr'><strong>est</strong></span> <span class='ocrx_word' id='word_1_378' title='bbox 856 3220 954 3253; x_wconf 91' lang='lat' dir='ltr'><strong>quam</strong></span> <span class='ocrx_word' id='word_1_379' title='bbox 975 3212 1113 3246; x_wconf 77' lang='lat' dir='ltr'><strong>habere.</strong></span> 
     </span>
    </p>
   </div>
   <div class='ocr_carea' id='block_1_12' title="bbox 519 3288 1071 3322">
    <p class='ocr_par' dir='ltr' id='par_1_15' title="bbox 519 3288 1071 3322">
     <span class='ocr_line' id='line_1_51' title="bbox 519 3288 1071 3322; baseline 0.004 -3"><span class='ocrx_word' id='word_1_380' title='bbox 519 3288 787 3322; x_wconf 81' lang='lat' dir='ltr'>SUBSTANTIAE</span> <span class='ocrx_word' id='word_1_381' title='bbox 809 3289 1023 3322; x_wconf 83' lang='lat' dir='ltr'><strong>DEFINITIO</strong></span> <span class='ocrx_word' id='word_1_382' title='bbox 1045 3290 1071 3321; x_wconf 93' lang='lat'><strong>1.</strong></span> 
     </span>
    </p>
   </div>
   <div class='ocr_carea' id='block_1_13' title="bbox 266 3363 1323 3586">
    <p class='ocr_par' dir='ltr' id='par_1_16' title="bbox 266 3363 1323 3586">
     <span class='ocr_line' id='line_1_52' title="bbox 309 3363 1321 3411; baseline 0.007 -16"><span class='ocrx_word' id='word_1_383' title='bbox 309 3364 367 3395; x_wconf 81' lang='lat' dir='ltr'><strong>VI.</strong></span> <span class='ocrx_word' id='word_1_384' title='bbox 392 3363 556 3396; x_wconf 84' lang='lat' dir='ltr'><strong>Dividitur</strong></span> <span class='ocrx_word' id='word_1_385' title='bbox 585 3365 765 3398; x_wconf 87' lang='lat' dir='ltr'><strong>substantia</strong></span> <span class='ocrx_word' id='word_1_386' title='bbox 796 3366 829 3398; x_wconf 89' lang='lat' dir='ltr'><strong>in</strong></span> <span class='ocrx_word' id='word_1_387' title='bbox 858 3375 982 3408; x_wconf 78' lang='lat' dir='ltr'><strong>corpus</strong></span> <span class='ocrx_word' id='word_1_388' title='bbox 1012 3369 1044 3399; x_wconf 95' lang='lat' dir='ltr'><strong>et</strong></span> <span class='ocrx_word' id='word_1_389' title='bbox 1072 3367 1321 3411; x_wconf 88' lang='lat' dir='ltr'><strong>incorporeum,</strong></span> 
     </span>
     <span class='ocr_line' id='line_1_53' title="bbox 266 3423 1323 3467; baseline 0.008 -13"><span class='ocrx_word' id='word_1_390' title='bbox 266 3430 384 3463; x_wconf 72' lang='lat' dir='ltr'><strong>corpus</strong></span> <span class='ocrx_word' id='word_1_391' title='bbox 400 3423 433 3455; x_wconf 90' lang='lat' dir='ltr'><strong>in</strong></span> <span class='ocrx_word' id='word_1_392' title='bbox 454 3423 630 3457; x_wconf 89' lang='lat' dir='ltr'><strong>animatum</strong></span> <span class='ocrx_word' id='word_1_393' title='bbox 651 3426 682 3458; x_wconf 88' lang='lat' dir='ltr'><strong>et</strong></span> <span class='ocrx_word' id='word_1_394' title='bbox 712 3425 946 3467; x_wconf 87' lang='lat' dir='ltr'><strong>inanimatum,</strong></span> <span class='ocrx_word' id='word_1_395' title='bbox 963 3426 1139 3459; x_wconf 86' lang='lat' dir='ltr'><strong>animatum</strong></span> <span class='ocrx_word' id='word_1_396' title='bbox 1155 3427 1187 3460; x_wconf 93' lang='lat' dir='ltr'><strong>in</strong></span> <span class='ocrx_word' id='word_1_397' title='bbox 1207 3429 1323 3462; x_wconf 86' lang='lat' dir='ltr'><strong>sensile</strong></span> 
     </span>
     <span class='ocr_line' id='line_1_54' title="bbox 266 3473 1321 3528; baseline 0.009 -16"><span class='ocrx_word' id='word_1_398' title='bbox 266 3484 298 3513; x_wconf 89' lang='lat' dir='ltr'><strong>et</strong></span> <span class='ocrx_word' id='word_1_399' title='bbox 322 3481 493 3523; x_wconf 86' lang='lat' dir='ltr'><strong>insensile,</strong></span> <span class='ocrx_word' id='word_1_400' title='bbox 517 3484 633 3516; x_wconf 88' lang='lat' dir='ltr'><strong>sensile</strong></span> <span class='ocrx_word' id='word_1_401' title='bbox 661 3484 693 3516; x_wconf 89' lang='lat' dir='ltr'><strong>in</strong></span> <span class='ocrx_word' id='word_1_402' title='bbox 724 3485 841 3517; x_wconf 89' lang='lat' dir='ltr'><strong>animal</strong></span> <span class='ocrx_word' id='word_1_403' title='bbox 869 3487 901 3518; x_wconf 88' lang='lat' dir='ltr'><strong>et</strong></span> <span class='ocrx_word' id='word_1_404' title='bbox 917 3473 1071 3525; x_wconf 70' lang='lat' dir='ltr'><strong>&#39;plantam</strong></span> <span class='ocrx_word' id='word_1_405' title='bbox 1102 3487 1321 3528; x_wconf 83' lang='lat' dir='ltr'><strong>animantem,</strong></span> 
     </span>
     <span class='ocr_line' id='line_1_55' title="bbox 266 3540 1322 3586; baseline 0.008 -14"><span class='ocrx_word' id='word_1_406' title='bbox 266 3540 355 3573; x_wconf 86' lang='lat' dir='ltr'><strong>nulla</strong></span> <span class='ocrx_word' id='word_1_407' title='bbox 377 3541 536 3575; x_wconf 88' lang='lat' dir='ltr'><strong>divisione</strong></span> <span class='ocrx_word' id='word_1_408' title='bbox 563 3553 604 3577; x_wconf 87' lang='lat' dir='ltr'><strong>ex</strong></span> <span class='ocrx_word' id='word_1_409' title='bbox 633 3543 768 3577; x_wconf 78' lang='lat' dir='ltr'><strong>adverso</strong></span> <span class='ocrx_word' id='word_1_410' title='bbox 801 3545 962 3586; x_wconf 81' lang='lat' dir='ltr'><strong>opposita.</strong></span> <span class='ocrx_word' id='word_1_411' title='bbox 1021 3545 1186 3579; x_wconf 86' lang='lat' dir='ltr'><strong>Dividitur</strong></span> <span class='ocrx_word' id='word_1_412' title='bbox 1213 3550 1322 3581; x_wconf 89' lang='lat' dir='ltr'><strong>autem</strong></span> 
     </span>
    </p>
   </div>
   <div class='ocr_carea' id='block_1_14' title="bbox 1233 266 1494 306">
    <p class='ocr_par' dir='ltr' id='par_1_17' title="bbox 1233 266 1494 306">
     <span class='ocr_line' id='line_1_56' title="bbox 1233 266 1494 306; baseline 0 0"><span class='ocrx_word' id='word_1_413' title='bbox 1233 266 1494 306; x_wconf 76' lang='lat' dir='ltr'><strong>ARCHYTAE</strong></span> 
     </span>
    </p>
   </div>
   <div class='ocr_carea' id='block_1_15' title="bbox 1390 354 2454 889">
    <p class='ocr_par' dir='ltr' id='par_1_18' title="bbox 1390 354 2454 767">
     <span class='ocr_line' id='line_1_57' title="bbox 1392 354 2453 410; baseline 0.007 -17"><span class='ocrx_word' id='word_1_414' title='bbox 1392 358 1478 407; x_wconf 80' lang='grc' dir='ltr'>ζῷον</span> <span class='ocrx_word' id='word_1_415' title='bbox 1501 356 1549 400; x_wconf 85' lang='grc' dir='ltr'><strong>εἷς</strong></span> <span class='ocrx_word' id='word_1_416' title='bbox 1583 354 1723 407; x_wconf 79' lang='grc' dir='ltr'>λογικὸν</span> <span class='ocrx_word' id='word_1_417' title='bbox 1746 354 1807 395; x_wconf 77' lang='grc' dir='ltr'><strong>καὶ</strong></span> <span class='ocrx_word' id='word_1_418' title='bbox 1832 355 1972 410; x_wconf 85' lang='grc' dir='ltr'>ἄλογον,</span> <span class='ocrx_word' id='word_1_419' title='bbox 2005 357 2047 397; x_wconf 89' lang='lat' dir='ltr'><strong>rb</strong></span> <span class='ocrx_word' id='word_1_420' title='bbox 2079 358 2220 410; x_wconf 82' lang='grc' dir='ltr'>λογικὸν</span> <span class='ocrx_word' id='word_1_421' title='bbox 2255 360 2302 404; x_wconf 80' lang='grc' dir='ltr'><strong>εἷς</strong></span> <span class='ocrx_word' id='word_1_422' title='bbox 2329 361 2453 409; x_wconf 80' lang='grc' dir='ltr'>θνητὸν</span> 
     </span>
     <span class='ocr_line' id='line_1_58' title="bbox 1393 413 2454 472; baseline 0.006 -19"><span class='ocrx_word' id='word_1_423' title='bbox 1393 416 1452 453; x_wconf 81' lang='grc' dir='ltr'><strong>καὶ</strong></span> <span class='ocrx_word' id='word_1_424' title='bbox 1486 414 1677 462; x_wconf 84' lang='grc' dir='ltr'>ἀθάνατον,</span> <span class='ocrx_word' id='word_1_425' title='bbox 1701 413 1741 453; x_wconf 78' lang='grc' dir='ltr'><strong>τὸ</strong></span> <span class='ocrx_word' id='word_1_426' title='bbox 1763 415 1888 464; x_wconf 82' lang='grc' dir='ltr'>θνητὸν</span> <span class='ocrx_word' id='word_1_427' title='bbox 1920 417 1968 460; x_wconf 86' lang='grc' dir='ltr'><strong>εἷς</strong></span> <span class='ocrx_word' id='word_1_428' title='bbox 1995 416 2041 456; x_wconf 80' lang='grc' dir='ltr'><strong>τὰ</strong></span> <span class='ocrx_word' id='word_1_429' title='bbox 2061 417 2119 455; x_wconf 82' lang='grc' dir='ltr'><strong>ὑπ’</strong></span> <span class='ocrx_word' id='word_1_430' title='bbox 2140 419 2236 471; x_wconf 80' lang='grc' dir='ltr'>αὐτῷ</span> <span class='ocrx_word' id='word_1_431' title='bbox 2271 421 2322 472; x_wconf 79' lang='grc' dir='ltr'><strong>τῷ</strong></span> <span class='ocrx_word' id='word_1_432' title='bbox 2351 419 2454 467; x_wconf 75' lang='grc' dir='ltr'>εἴδει,</span> 
     </span>
     <span class='ocr_line' id='line_1_59' title="bbox 1392 473 2453 527; baseline 0.006 -15"><span class='ocrx_word' id='word_1_433' title='bbox 1392 474 1587 527; x_wconf 83' lang='grc' dir='ltr'>ἄνθρωπον,</span> <span class='ocrx_word' id='word_1_434' title='bbox 1606 476 1689 527; x_wconf 89' lang='grc' dir='ltr'>βοῦν</span> <span class='ocrx_word' id='word_1_435' title='bbox 1708 473 1770 513; x_wconf 74' lang='grc' dir='ltr'><strong>καὶ</strong></span> <span class='ocrx_word' id='word_1_436' title='bbox 1799 474 1906 514; x_wconf 77' lang='grc' dir='ltr'>ἵππον</span> <span class='ocrx_word' id='word_1_437' title='bbox 1926 475 1987 515; x_wconf 79' lang='grc' dir='ltr'><strong>καὶ</strong></span> <span class='ocrx_word' id='word_1_438' title='bbox 2005 476 2050 516; x_wconf 78' lang='grc' dir='ltr'><strong>τὰ</strong></span> <span class='ocrx_word' id='word_1_439' title='bbox 2077 477 2206 516; x_wconf 84' lang='grc' dir='ltr'>λοιπά·</span> <span class='ocrx_word' id='word_1_440' title='bbox 2226 477 2270 517; x_wconf 80' lang='grc' dir='ltr'><strong>τὰ</strong></span> <span class='ocrx_word' id='word_1_441' title='bbox 2292 479 2328 518; x_wconf 77' lang='grc' dir='ltr'><strong>δὲ</strong></span> <span class='ocrx_word' id='word_1_442' title='bbox 2341 484 2358 510; x_wconf 77' lang='lat' dir='ltr'>b</span> <span class='ocrx_word' id='word_1_443' title='bbox 2377 478 2453 526; x_wconf 81' lang='grc' dir='ltr'>εἴδη</span> 
     </span>
     <span class='ocr_line' id='line_1_60' title="bbox 1392 533 2452 579; baseline 0.004 -6"><span class='ocrx_word' id='word_1_444' title='bbox 1392 535 1440 579; x_wconf 85' lang='grc' dir='ltr'><strong>εἷς</strong></span> <span class='ocrx_word' id='word_1_445' title='bbox 1457 534 1502 574; x_wconf 80' lang='grc' dir='ltr'><strong>τὰ</strong></span> <span class='ocrx_word' id='word_1_446' title='bbox 1516 536 1596 574; x_wconf 84' lang='grc' dir='ltr'>καθ’</span> <span class='ocrx_word' id='word_1_447' title='bbox 1614 533 1747 573; x_wconf 76' lang='grc' dir='ltr'>ἕκαστα</span> <span class='ocrx_word' id='word_1_448' title='bbox 1769 535 1950 576; x_wconf 82' lang='grc' dir='ltr'>οὖτιδανά.</span> <span class='ocrx_word' id='word_1_449' title='bbox 2007 535 2187 577; x_wconf 84' lang='grc' dir='ltr'>Ἕκαστον</span> <span class='ocrx_word' id='word_1_450' title='bbox 2208 537 2245 577; x_wconf 79' lang='grc' dir='ltr'><strong>δὲ</strong></span> <span class='ocrx_word' id='word_1_451' title='bbox 2261 537 2369 579; x_wconf 81' lang='grc' dir='ltr'>πάλιν</span> <span class='ocrx_word' id='word_1_452' title='bbox 2384 541 2452 578; x_wconf 78' lang='grc' dir='ltr'><strong>τῶν</strong></span> 
     </span>
     <span class='ocr_line' id='line_1_61' title="bbox 1392 595 2450 652; baseline 0.003 -19"><span class='ocrx_word' id='word_1_453' title='bbox 1392 595 1521 634; x_wconf 85' lang='grc' dir='ltr'>ἄνωθεν</span> <span class='ocrx_word' id='word_1_454' title='bbox 1545 595 1877 648; x_wconf 80' lang='grc' dir='ltr'>ἄντιδιαιρουμένων</span> <span class='ocrx_word' id='word_1_455' title='bbox 1898 595 1992 640; x_wconf 82' lang='grc' dir='ltr'>ἰδίως</span> <span class='ocrx_word' id='word_1_456' title='bbox 2008 595 2083 649; x_wconf 71' lang='grc' dir='ltr'>ἔχει</span> <span class='ocrx_word' id='word_1_457' title='bbox 2106 595 2321 650; x_wconf 69' lang='grc' dir='ltr'>διαιρέσεις,</span> <span class='ocrx_word' id='word_1_458' title='bbox 2336 614 2450 652; x_wconf 83' lang='grc' dir='ltr'>παρα-</span> 
     </span>
     <span class='ocr_line' id='line_1_62' title="bbox 1390 654 2453 707; baseline 0.004 -13"><span class='ocrx_word' id='word_1_459' title='bbox 1390 654 1550 703; x_wconf 85' lang='grc' dir='ltr'>πλησίως</span> <span class='ocrx_word' id='word_1_460' title='bbox 1582 654 1688 707; x_wconf 83' lang='grc' dir='ltr'>μέχρι</span> <span class='ocrx_word' id='word_1_461' title='bbox 1722 656 1791 693; x_wconf 84' lang='grc' dir='ltr'><strong>τῶν</strong></span> <span class='ocrx_word' id='word_1_462' title='bbox 1823 654 1966 707; x_wconf 84' lang='grc' dir='ltr'>ἀτόμων</span> <span class='ocrx_word' id='word_1_463' title='bbox 1987 656 2049 695; x_wconf 81' lang='grc' dir='ltr'><strong>καὶ</strong></span> <span class='ocrx_word' id='word_1_464' title='bbox 2069 658 2258 697; x_wconf 80' lang='grc' dir='ltr'>οὖτιδανῶν</span> <span class='ocrx_word' id='word_1_465' title='bbox 2290 657 2351 697; x_wconf 76' lang='grc' dir='ltr'><strong>καὶ</strong></span> <span class='ocrx_word' id='word_1_466' title='bbox 2375 661 2453 698; x_wconf 79' lang='grc' dir='ltr'>καθ’</span> 
     </span>
     <span class='ocr_line' id='line_1_63' title="bbox 1390 714 1743 767; baseline 0 -13"><span class='ocrx_word' id='word_1_467' title='bbox 1390 715 1524 755; x_wconf 78' lang='grc' dir='ltr'>ἕκαστα</span> <span class='ocrx_word' id='word_1_468' title='bbox 1541 714 1743 767; x_wconf 86' lang='grc' dir='ltr'>προϊούσας.</span> 
     </span>
    </p>

    <p class='ocr_par' dir='ltr' id='par_1_19' title="bbox 1392 774 2452 889">
     <span class='ocr_line' id='line_1_64' title="bbox 1445 774 2452 832; baseline 0.004 -14"><span class='ocrx_word' id='word_1_469' title='bbox 1445 779 1611 831; x_wconf 83' lang='lat' dir='ltr'><strong>(Scripsi</strong></span> <span class='ocrx_word' id='word_1_470' title='bbox 1634 793 1643 817; x_wconf 69' lang='grc' dir='ltr'><strong>ε</strong></span> <span class='ocrx_word' id='word_1_471' title='bbox 1663 784 1676 802; x_wconf 80' lang='lat'><strong>²¹</strong></span> <span class='ocrx_word' id='word_1_472' title='bbox 1698 779 1733 818; x_wconf 82' lang='grc' dir='ltr'><strong>δὲ</strong></span> <span class='ocrx_word' id='word_1_473' title='bbox 1753 777 1868 831; x_wconf 71' lang='grc' dir='ltr'>ὅμιιις;</span> <span class='ocrx_word' id='word_1_474' title='bbox 1888 779 2001 819; x_wconf 89' lang='lat' dir='ltr'><strong>codd.</strong></span> <span class='ocrx_word' id='word_1_475' title='bbox 2022 780 2057 819; x_wconf 82' lang='grc' dir='ltr'><strong>δὲ</strong></span> <span class='ocrx_word' id='word_1_476' title='bbox 2077 774 2136 820; x_wconf 68' lang='grc' dir='ltr'><strong>οὖν</strong></span> <span class='ocrx_word' id='word_1_477' title='bbox 2155 781 2265 832; x_wconf 80' lang='grc' dir='ltr'>ὅμως.</span> <span class='ocrx_word' id='word_1_478' title='bbox 2286 784 2305 811; x_wconf 79' lang='lat'><strong>1&gt;</strong></span> <span class='ocrx_word' id='word_1_479' title='bbox 2319 781 2365 822; x_wconf 75' lang='grc' dir='ltr'><strong>τὰ</strong></span> <span class='ocrx_word' id='word_1_480' title='bbox 2390 783 2452 831; x_wconf 54' lang='grc' dir='ltr'><strong>δὴ</strong></span> 
     </span>
     <span class='ocr_line' id='line_1_65' title="bbox 1392 838 1645 889; baseline -0.008 -12"><span class='ocrx_word' id='word_1_481' title='bbox 1392 838 1503 878; x_wconf 93' lang='lat' dir='ltr'><strong>codd.</strong></span> <span class='ocrx_word' id='word_1_482' title='bbox 1527 838 1645 889; x_wconf 88' lang='grc' dir='ltr'>τάδε.)</span> 
     </span>
    </p>
   </div>
   <div class='ocr_carea' id='block_1_16' title="bbox 1557 957 2276 1000">
    <p class='ocr_par' dir='ltr' id='par_1_20' title="bbox 1557 957 2276 1000">
     <span class='ocr_line' id='line_1_66' title="bbox 1557 957 2276 1000; baseline 0.007 -5"><span class='ocrx_word' id='word_1_483' title='bbox 1557 957 1660 996; x_wconf 87' lang='grc' dir='ltr'><strong>ΤΗΣ</strong></span> <span class='ocrx_word' id='word_1_484' title='bbox 1691 957 2005 998; x_wconf 86' lang='grc' dir='ltr'>ΠΟΣΟΤΗΤΟΣ</span> <span class='ocrx_word' id='word_1_485' title='bbox 2033 960 2203 999; x_wconf 87' lang='grc' dir='ltr'><strong>ΛΟΓΟΣ</strong></span> <span class='ocrx_word' id='word_1_486' title='bbox 2232 960 2276 1000; x_wconf 90' lang='grc' dir='ltr'><strong>Β.</strong></span> 
     </span>
    </p>
   </div>
   <div class='ocr_carea' id='block_1_17' title="bbox 1386 1082 2454 2029">
    <p class='ocr_par' dir='ltr' id='par_1_21' title="bbox 1386 1082 2454 2029">
     <span class='ocr_line' id='line_1_67' title="bbox 1444 1082 2453 1142; baseline 0.006 -20"><span class='ocrx_word' id='word_1_487' title='bbox 1444 1084 1488 1129; x_wconf 90' lang='grc' dir='ltr'><strong>ζ’.</strong></span> <span class='ocrx_word' id='word_1_488' title='bbox 1518 1082 1572 1123; x_wconf 84' lang='grc' dir='ltr'><strong>Τὸ</strong></span> <span class='ocrx_word' id='word_1_489' title='bbox 1586 1082 1622 1122; x_wconf 82' lang='grc' dir='ltr'><strong>δὲ</strong></span> <span class='ocrx_word' id='word_1_490' title='bbox 1639 1083 1748 1122; x_wconf 83' lang='grc' dir='ltr'>ποσὸν</span> <span class='ocrx_word' id='word_1_491' title='bbox 1760 1087 1776 1106; x_wconf 75' lang='lat'>²</span> <span class='ocrx_word' id='word_1_492' title='bbox 1796 1084 1843 1128; x_wconf 87' lang='grc' dir='ltr'><strong>εἷς</strong></span> <span class='ocrx_word' id='word_1_493' title='bbox 1863 1083 1953 1123; x_wconf 81' lang='grc' dir='ltr'>ἑπτὰ</span> <span class='ocrx_word' id='word_1_494' title='bbox 1971 1085 2157 1138; x_wconf 84' lang='grc' dir='ltr'>διαιρεῖται</span> <span class='ocrx_word' id='word_1_495' title='bbox 2171 1115 2182 1134; x_wconf 96' lang='grc'>,</span> <span class='ocrx_word' id='word_1_496' title='bbox 2203 1087 2252 1131; x_wconf 79' lang='grc' dir='ltr'><strong>εἷς</strong></span> <span class='ocrx_word' id='word_1_497' title='bbox 2268 1089 2453 1142; x_wconf 85' lang='grc' dir='ltr'>γραμμάν,</span> 
     </span>
     <span class='ocr_line' id='line_1_68' title="bbox 1391 1142 2451 1199; baseline 0.005 -17"><span class='ocrx_word' id='word_1_498' title='bbox 1391 1142 1611 1197; x_wconf 72' lang='grc' dir='ltr'>ἐπιφάνειαν,</span> <span class='ocrx_word' id='word_1_499' title='bbox 1636 1145 1763 1194; x_wconf 83' lang='grc' dir='ltr'>σῶμα,</span> <span class='ocrx_word' id='word_1_500' title='bbox 1783 1143 1902 1192; x_wconf 86' lang='grc' dir='ltr'>τόπον,</span> <span class='ocrx_word' id='word_1_501' title='bbox 1923 1143 2064 1197; x_wconf 83' lang='grc' dir='ltr'>χρόνον,</span> <span class='ocrx_word' id='word_1_502' title='bbox 2091 1145 2236 1198; x_wconf 81' lang='grc' dir='ltr'>ἀριθμὸν</span> <span class='ocrx_word' id='word_1_503' title='bbox 2254 1148 2314 1186; x_wconf 79' lang='grc' dir='ltr'><strong>καὶ</strong></span> <span class='ocrx_word' id='word_1_504' title='bbox 2332 1147 2451 1199; x_wconf 86' lang='grc' dir='ltr'>λόγον.</span> 
     </span>
     <span class='ocr_line' id='line_1_69' title="bbox 1394 1202 2452 1259; baseline 0.004 -16"><span class='ocrx_word' id='word_1_505' title='bbox 1394 1203 1465 1243; x_wconf 84' lang='grc' dir='ltr'><strong>Καὶ</strong></span> <span class='ocrx_word' id='word_1_506' title='bbox 1482 1202 1523 1242; x_wconf 96' lang='lat' dir='ltr'><strong>rb</strong></span> <span class='ocrx_word' id='word_1_507' title='bbox 1545 1202 1609 1254; x_wconf 85' lang='grc' dir='ltr'><strong>μέν</strong></span> <span class='ocrx_word' id='word_1_508' title='bbox 1633 1203 1705 1242; x_wconf 81' lang='grc' dir='ltr'>ἐντι</span> <span class='ocrx_word' id='word_1_509' title='bbox 1726 1205 1834 1250; x_wconf 77' lang='grc' dir='ltr'>αὐτῆς</span> <span class='ocrx_word' id='word_1_510' title='bbox 1852 1206 1915 1251; x_wconf 82' lang='grc' dir='ltr'>τ’ῆς</span> <span class='ocrx_word' id='word_1_511' title='bbox 1937 1204 2128 1253; x_wconf 85' lang='grc' dir='ltr'>ποσότητος</span> <span class='ocrx_word' id='word_1_512' title='bbox 2149 1205 2293 1259; x_wconf 84' lang='grc' dir='ltr'>συνεχές</span> <span class='ocrx_word' id='word_1_513' title='bbox 2308 1208 2338 1255; x_wconf 72' lang='lat'><strong>¹³,</strong></span> <span class='ocrx_word' id='word_1_514' title='bbox 2356 1207 2396 1246; x_wconf 81' lang='grc' dir='ltr'><strong>τὸ</strong></span> <span class='ocrx_word' id='word_1_515' title='bbox 2415 1207 2452 1247; x_wconf 81' lang='grc' dir='ltr'><strong>δὲ</strong></span> 
     </span>
     <span class='ocr_line' id='line_1_70' title="bbox 1391 1262 2453 1320; baseline 0.004 -18"><span class='ocrx_word' id='word_1_516' title='bbox 1391 1262 1628 1317; x_wconf 80' lang='grc' dir='ltr'>διωρισμένον·</span> <span class='ocrx_word' id='word_1_517' title='bbox 1651 1262 1711 1301; x_wconf 74' lang='grc' dir='ltr'><strong>καὶ</strong></span> <span class='ocrx_word' id='word_1_518' title='bbox 1731 1267 1897 1316; x_wconf 80' lang='grc' dir='ltr'>συνεχοῦς</span> <span class='ocrx_word' id='word_1_519' title='bbox 1913 1263 1958 1302; x_wconf 86' lang='grc' dir='ltr'><strong>τὰ</strong></span> <span class='ocrx_word' id='word_1_520' title='bbox 1977 1264 2080 1303; x_wconf 83' lang='grc' dir='ltr'>πέντε</span> <span class='ocrx_word' id='word_1_521' title='bbox 2092 1295 2102 1313; x_wconf 95' lang='grc'>,</span> <span class='ocrx_word' id='word_1_522' title='bbox 2121 1269 2179 1303; x_wconf 86' lang='grc' dir='ltr'><strong>τοῦ</strong></span> <span class='ocrx_word' id='word_1_523' title='bbox 2205 1265 2241 1304; x_wconf 86' lang='grc' dir='ltr'><strong>δὲ</strong></span> <span class='ocrx_word' id='word_1_524' title='bbox 2266 1267 2453 1320; x_wconf 87' lang='grc' dir='ltr'>διωρισμέ-</span> 
     </span>
     <span class='ocr_line' id='line_1_71' title="bbox 1389 1320 2454 1375; baseline 0.007 -16"><span class='ocrx_word' id='word_1_525' title='bbox 1389 1337 1448 1360; x_wconf 92' lang='grc' dir='ltr'><strong>νου</strong></span> <span class='ocrx_word' id='word_1_526' title='bbox 1472 1320 1517 1360; x_wconf 79' lang='grc' dir='ltr'><strong>τὰ</strong></span> <span class='ocrx_word' id='word_1_527' title='bbox 1537 1321 1617 1369; x_wconf 83' lang='grc' dir='ltr'>δύο,</span> <span class='ocrx_word' id='word_1_528' title='bbox 1638 1324 1657 1360; x_wconf 81' lang='grc' dir='ltr'>ὁ</span> <span class='ocrx_word' id='word_1_529' title='bbox 1679 1322 1825 1374; x_wconf 80' lang='grc' dir='ltr'>ἀριθμὸς</span> <span class='ocrx_word' id='word_1_530' title='bbox 1843 1322 1904 1362; x_wconf 73' lang='grc' dir='ltr'><strong>καὶ</strong></span> <span class='ocrx_word' id='word_1_531' title='bbox 1929 1325 1948 1362; x_wconf 86' lang='grc' dir='ltr'>ὁ</span> <span class='ocrx_word' id='word_1_532' title='bbox 1972 1323 2088 1375; x_wconf 86' lang='grc' dir='ltr'>λόγος.</span> <span class='ocrx_word' id='word_1_533' title='bbox 2144 1324 2230 1365; x_wconf 87' lang='grc' dir='ltr'><strong>Ἔτι</strong></span> <span class='ocrx_word' id='word_1_534' title='bbox 2262 1341 2326 1374; x_wconf 87' lang='grc' dir='ltr'><strong>της</strong></span> <span class='ocrx_word' id='word_1_535' title='bbox 2345 1327 2454 1366; x_wconf 83' lang='grc' dir='ltr'>ποσό-</span> 
     </span>
     <span class='ocr_line' id='line_1_72' title="bbox 1390 1380 2453 1434; baseline 0.006 -14"><span class='ocrx_word' id='word_1_536' title='bbox 1390 1397 1494 1428; x_wconf 86' lang='grc' dir='ltr'>τητος</span> <span class='ocrx_word' id='word_1_537' title='bbox 1510 1381 1550 1419; x_wconf 87' lang='grc' dir='ltr'><strong>τὸ</strong></span> <span class='ocrx_word' id='word_1_538' title='bbox 1567 1380 1663 1430; x_wconf 78' lang='grc' dir='ltr'>μὲν’</span> <span class='ocrx_word' id='word_1_539' title='bbox 1648 1397 1686 1418; x_wconf 86' lang='grc' dir='ltr'><strong>εκ</strong></span> <span class='ocrx_word' id='word_1_540' title='bbox 1704 1380 1831 1419; x_wconf 83' lang='grc' dir='ltr'>θέσιν’</span> <span class='ocrx_word' id='word_1_541' title='bbox 1816 1397 1830 1419; x_wconf 92' lang='grc' dir='ltr'><strong>ε</strong></span> <span class='ocrx_word' id='word_1_542' title='bbox 1833 1397 1966 1433; x_wconf 66' lang='grc' dir='ltr'>χοντων</span> <span class='ocrx_word' id='word_1_543' title='bbox 1981 1383 2068 1434; x_wconf 82' lang='grc' dir='ltr'>πρὸς</span> <span class='ocrx_word' id='word_1_544' title='bbox 2079 1384 2218 1422; x_wconf 78' lang='grc' dir='ltr'>ἄλλαλα</span> <span class='ocrx_word' id='word_1_545' title='bbox 2233 1387 2304 1423; x_wconf 83' lang='grc' dir='ltr'><strong>τῶν</strong></span> <span class='ocrx_word' id='word_1_546' title='bbox 2317 1387 2453 1431; x_wconf 80' lang='grc' dir='ltr'>ἑαυτοῖς</span> 
     </span>
     <span class='ocr_line' id='line_1_73' title="bbox 1390 1435 2451 1497; baseline 0.006 -18"><span class='ocrx_word' id='word_1_547' title='bbox 1390 1440 1520 1494; x_wconf 82' lang='grc' dir='ltr'>μορίων</span> <span class='ocrx_word' id='word_1_548' title='bbox 1544 1440 1771 1490; x_wconf 85' lang='grc' dir='ltr'>συνέστακεν,</span> <span class='ocrx_word' id='word_1_549' title='bbox 1793 1435 1864 1480; x_wconf 73' lang='grc' dir='ltr'>οἷον</span> <span class='ocrx_word' id='word_1_550' title='bbox 1891 1442 1913 1480; x_wconf 84' lang='grc' dir='ltr'><strong>ἆ</strong></span> <span class='ocrx_word' id='word_1_551' title='bbox 1941 1443 2118 1495; x_wconf 79' lang='grc' dir='ltr'>(ραμμά,</span> <span class='ocrx_word' id='word_1_552' title='bbox 2139 1443 2194 1482; x_wconf 84' lang='grc' dir='ltr'><strong>ἇ’</strong></span> <span class='ocrx_word' id='word_1_553' title='bbox 2181 1444 2390 1497; x_wconf 82' lang='grc' dir='ltr'>επιφάνεια,</span> <span class='ocrx_word' id='word_1_554' title='bbox 2410 1446 2451 1485; x_wconf 82' lang='grc' dir='ltr'><strong>τὸ</strong></span> 
     </span>
     <span class='ocr_line' id='line_1_74' title="bbox 1390 1500 2451 1555; baseline 0.006 -17"><span class='ocrx_word' id='word_1_555' title='bbox 1390 1507 1512 1552; x_wconf 81' lang='grc' dir='ltr'>σᾶμα,</span> <span class='ocrx_word' id='word_1_556' title='bbox 1530 1500 1591 1539; x_wconf 85' lang='grc' dir='ltr'><strong>καὶ</strong></span> <span class='ocrx_word' id='word_1_557' title='bbox 1613 1503 1630 1539; x_wconf 85' lang='grc' dir='ltr'>ὁ</span> <span class='ocrx_word' id='word_1_558' title='bbox 1649 1501 1777 1552; x_wconf 87' lang='grc' dir='ltr'>τόπος,</span> <span class='ocrx_word' id='word_1_559' title='bbox 1799 1516 1839 1540; x_wconf 83' lang='grc' dir='ltr'><strong>το</strong></span> <span class='ocrx_word' id='word_1_560' title='bbox 1859 1501 1895 1541; x_wconf 82' lang='grc' dir='ltr'><strong>δὲ</strong></span> <span class='ocrx_word' id='word_1_561' title='bbox 1916 1500 1951 1546; x_wconf 80' lang='grc' dir='ltr'><strong>ἐξ</strong></span> <span class='ocrx_word' id='word_1_562' title='bbox 1972 1502 2033 1540; x_wconf 83' lang='grc' dir='ltr'><strong>οὔκ</strong></span> <span class='ocrx_word' id='word_1_563' title='bbox 2061 1501 2211 1555; x_wconf 84' lang='grc' dir='ltr'>ἐχόντων</span> <span class='ocrx_word' id='word_1_564' title='bbox 2239 1503 2386 1553; x_wconf 61' lang='grc' dir='ltr'>θεσιν,”</span> <span class='ocrx_word' id='word_1_565' title='bbox 2366 1521 2415 1549; x_wconf 89' lang='grc' dir='ltr'><strong>ως</strong></span> <span class='ocrx_word' id='word_1_566' title='bbox 2433 1507 2451 1544; x_wconf 82' lang='grc' dir='ltr'><strong>ὃ</strong></span> 
     </span>
     <span class='ocr_line' id='line_1_75' title="bbox 1390 1560 2450 1636; baseline 0.005 -38"><span class='ocrx_word' id='word_1_567' title='bbox 1390 1560 1554 1613; x_wconf 86' lang='grc' dir='ltr'>ἀριθμός,</span> <span class='ocrx_word' id='word_1_568' title='bbox 1576 1576 1636 1600; x_wconf 85' lang='grc' dir='ltr'><strong>και</strong></span> <span class='ocrx_word' id='word_1_569' title='bbox 1669 1562 1687 1598; x_wconf 85' lang='grc' dir='ltr'><strong><em>ὃ</em></strong></span> <span class='ocrx_word' id='word_1_570' title='bbox 1716 1560 1840 1613; x_wconf 83' lang='grc' dir='ltr'>λόγος,</span> <span class='ocrx_word' id='word_1_571' title='bbox 1858 1560 1919 1599; x_wconf 85' lang='grc' dir='ltr'><strong>και</strong></span> <span class='ocrx_word' id='word_1_572' title='bbox 1940 1562 1958 1599; x_wconf 82' lang='grc' dir='ltr'>ὁ</span> <span class='ocrx_word' id='word_1_573' title='bbox 1975 1561 2118 1614; x_wconf 86' lang='grc' dir='ltr'>χρόνος·</span> <span class='ocrx_word' id='word_1_574' title='bbox 2140 1564 2175 1601; x_wconf 84' lang='grc' dir='ltr'><strong>εἰ</strong></span> <span class='ocrx_word' id='word_1_575' title='bbox 2198 1561 2267 1636; x_wconf 75' lang='grc' dir='ltr'>γὰρ</span> <span class='ocrx_word' id='word_1_576' title='bbox 2298 1563 2360 1603; x_wconf 75' lang='grc' dir='ltr'><strong>καὶ</strong></span> <span class='ocrx_word' id='word_1_577' title='bbox 2390 1567 2450 1603; x_wconf 86' lang='grc' dir='ltr'><strong>τοῦ</strong></span> 
     </span>
     <span class='ocr_line' id='line_1_76' title="bbox 1390 1619 2448 1692; baseline 0.005 -35"><span class='ocrx_word' id='word_1_578' title='bbox 1390 1623 1554 1692; x_wconf 77' lang='grc' dir='ltr'>συνεχοῦς</span> <span class='ocrx_word' id='word_1_579' title='bbox 1587 1621 1659 1659; x_wconf 86' lang='grc' dir='ltr'>ε’ντι</span> <span class='ocrx_word' id='word_1_580' title='bbox 1691 1622 1710 1658; x_wconf 86' lang='grc' dir='ltr'>ὁ</span> <span class='ocrx_word' id='word_1_581' title='bbox 1738 1619 1876 1673; x_wconf 82' lang='grc' dir='ltr'>χρόνος,</span> <span class='ocrx_word' id='word_1_582' title='bbox 1897 1619 1992 1671; x_wconf 79' lang='grc' dir='ltr'>ὅμως</span> <span class='ocrx_word' id='word_1_583' title='bbox 2013 1620 2106 1659; x_wconf 85' lang='grc' dir='ltr'>θέσιν</span> <span class='ocrx_word' id='word_1_584' title='bbox 2127 1623 2190 1660; x_wconf 82' lang='grc' dir='ltr'><strong>οὐκ</strong></span> <span class='ocrx_word' id='word_1_585' title='bbox 2210 1620 2305 1674; x_wconf 85' lang='grc' dir='ltr'>ἔχει,</span> <span class='ocrx_word' id='word_1_586' title='bbox 2326 1621 2380 1662; x_wconf 78' lang='grc' dir='ltr'><strong>ὅτι</strong></span> <span class='ocrx_word' id='word_1_587' title='bbox 2399 1627 2448 1675; x_wconf 84' lang='grc' dir='ltr'><strong>μὴ</strong></span> 
     </span>
     <span class='ocr_line' id='line_1_77' title="bbox 1389 1677 2452 1733; baseline 0.006 -17"><span class='ocrx_word' id='word_1_588' title='bbox 1389 1679 1565 1730; x_wconf 78' lang='grc' dir='ltr'>διαμένον·</span> <span class='ocrx_word' id='word_1_589' title='bbox 1585 1679 1626 1717; x_wconf 84' lang='grc' dir='ltr'><strong>τὸ</strong></span> <span class='ocrx_word' id='word_1_590' title='bbox 1658 1677 1695 1717; x_wconf 83' lang='grc' dir='ltr'><strong>δὲ</strong></span> <span class='ocrx_word' id='word_1_591' title='bbox 1715 1680 1753 1718; x_wconf 83' lang='grc' dir='ltr'><strong>οὐ</strong></span> <span class='ocrx_word' id='word_1_592' title='bbox 1785 1679 1949 1731; x_wconf 83' lang='grc' dir='ltr'>διαμένον</span> <span class='ocrx_word' id='word_1_593' title='bbox 1970 1682 2045 1723; x_wconf 83' lang='grc' dir='ltr'><strong>πῶς</strong></span> <span class='ocrx_word' id='word_1_594' title='bbox 2068 1679 2109 1718; x_wconf 79' lang='grc' dir='ltr'><strong>ἂν</strong></span> <span class='ocrx_word' id='word_1_595' title='bbox 2132 1679 2207 1733; x_wconf 87' lang='grc' dir='ltr'>ἔχοι</span> <span class='ocrx_word' id='word_1_596' title='bbox 2229 1680 2342 1730; x_wconf 86' lang='grc' dir='ltr'>θεσιν;</span> <span class='ocrx_word' id='word_1_597' title='bbox 2366 1681 2452 1722; x_wconf 81' lang='grc' dir='ltr'><strong>Ἀπὸ</strong></span> 
     </span>
     <span class='ocr_line' id='line_1_78' title="bbox 1389 1737 2450 1794; baseline 0.003 -17"><span class='ocrx_word' id='word_1_598' title='bbox 1389 1739 1424 1777; x_wconf 81' lang='grc' dir='ltr'><strong>δὲ</strong></span> <span class='ocrx_word' id='word_1_599' title='bbox 1444 1742 1504 1778; x_wconf 86' lang='grc' dir='ltr'><strong>τοῦ</strong></span> <span class='ocrx_word' id='word_1_600' title='bbox 1535 1742 1645 1777; x_wconf 87' lang='grc' dir='ltr'>ποσοῦ</span> <span class='ocrx_word' id='word_1_601' title='bbox 1663 1737 1724 1777; x_wconf 74' lang='grc' dir='ltr'><strong>καὶ</strong></span> <span class='ocrx_word' id='word_1_602' title='bbox 1746 1740 1782 1777; x_wconf 79' lang='grc' dir='ltr'><strong>αἱ</strong></span> <span class='ocrx_word' id='word_1_603' title='bbox 1801 1738 1967 1792; x_wconf 83' lang='grc' dir='ltr'>τέσσαρες</span> <span class='ocrx_word' id='word_1_604' title='bbox 1996 1741 2067 1778; x_wconf 86' lang='grc' dir='ltr'><strong>τῶν</strong></span> <span class='ocrx_word' id='word_1_605' title='bbox 2089 1741 2294 1791; x_wconf 83' lang='grc' dir='ltr'>ἔπισταμῶν</span> <span class='ocrx_word' id='word_1_606' title='bbox 2315 1740 2450 1794; x_wconf 77' lang='grc' dir='ltr'>ἔξευρέ·</span> 
     </span>
     <span class='ocr_line' id='line_1_79' title="bbox 1389 1797 2451 1851; baseline 0.004 -14"><span class='ocrx_word' id='word_1_607' title='bbox 1389 1801 1517 1845; x_wconf 88' lang='grc' dir='ltr'>θησαν·</span> <span class='ocrx_word' id='word_1_608' title='bbox 1548 1797 1588 1837; x_wconf 81' lang='grc' dir='ltr'><strong>τὸ</strong></span> <span class='ocrx_word' id='word_1_609' title='bbox 1613 1797 1682 1851; x_wconf 85' lang='grc' dir='ltr'>γὰρ</span> <span class='ocrx_word' id='word_1_610' title='bbox 1714 1797 1856 1851; x_wconf 82' lang='grc' dir='ltr'>συνεχὲς</span> <span class='ocrx_word' id='word_1_611' title='bbox 1874 1797 2040 1846; x_wconf 78' lang='grc' dir='ltr'>ποσόν,ἢ</span> <span class='ocrx_word' id='word_1_612' title='bbox 2071 1799 2251 1848; x_wconf 77' lang='grc' dir='ltr'>ἄκίνατον,</span> <span class='ocrx_word' id='word_1_613' title='bbox 2268 1799 2330 1839; x_wconf 70' lang='grc' dir='ltr'><strong>καὶ</strong></span> <span class='ocrx_word' id='word_1_614' title='bbox 2357 1808 2451 1841; x_wconf 82' lang='grc' dir='ltr'>ποιεῖ</span> 
     </span>
     <span class='ocr_line' id='line_1_80' title="bbox 1387 1854 2450 1913; baseline 0.003 -16"><span class='ocrx_word' id='word_1_615' title='bbox 1387 1857 1451 1905; x_wconf 89' lang='grc' dir='ltr'><strong>τὴν</strong></span> <span class='ocrx_word' id='word_1_616' title='bbox 1472 1857 1709 1910; x_wconf 81' lang='grc' dir='ltr'>γεωμετρίαν,</span> <span class='ocrx_word' id='word_1_617' title='bbox 1727 1857 1750 1905; x_wconf 82' lang='grc' dir='ltr'>ἢ</span> <span class='ocrx_word' id='word_1_618' title='bbox 1770 1857 1909 1897; x_wconf 86' lang='grc' dir='ltr'>κινατὸν</span> <span class='ocrx_word' id='word_1_619' title='bbox 1931 1858 1991 1897; x_wconf 78' lang='grc' dir='ltr'><strong>καὶ</strong></span> <span class='ocrx_word' id='word_1_620' title='bbox 2007 1864 2100 1897; x_wconf 86' lang='grc' dir='ltr'>ποιεῖ</span> <span class='ocrx_word' id='word_1_621' title='bbox 2116 1858 2178 1897; x_wconf 87' lang='grc' dir='ltr'><strong>τὰν</strong></span> <span class='ocrx_word' id='word_1_622' title='bbox 2200 1854 2450 1913; x_wconf 56' lang='grc' dir='ltr'>ἄστρονομίανῖ</span> 
     </span>
     <span class='ocr_line' id='line_1_81' title="bbox 1386 1916 2450 1974; baseline 0.004 -18"><span class='ocrx_word' id='word_1_623' title='bbox 1386 1918 1427 1956; x_wconf 86' lang='grc' dir='ltr'><strong>τὸ</strong></span> <span class='ocrx_word' id='word_1_624' title='bbox 1450 1916 1486 1956; x_wconf 84' lang='grc' dir='ltr'><strong>δὲ</strong></span> <span class='ocrx_word' id='word_1_625' title='bbox 1513 1916 1741 1972; x_wconf 85' lang='grc' dir='ltr'>διωρισμένον</span> <span class='ocrx_word' id='word_1_626' title='bbox 1758 1916 1781 1965; x_wconf 81' lang='grc' dir='ltr'>ἢ</span> <span class='ocrx_word' id='word_1_627' title='bbox 1801 1917 1964 1957; x_wconf 85' lang='grc' dir='ltr'>ἀκίνατόν</span> <span class='ocrx_word' id='word_1_628' title='bbox 1985 1919 2056 1957; x_wconf 81' lang='grc' dir='ltr'>ἐντι</span> <span class='ocrx_word' id='word_1_629' title='bbox 2079 1918 2139 1957; x_wconf 86' lang='grc' dir='ltr'><strong>καὶ</strong></span> <span class='ocrx_word' id='word_1_630' title='bbox 2157 1926 2250 1959; x_wconf 90' lang='grc' dir='ltr'>ποιεῖ</span> <span class='ocrx_word' id='word_1_631' title='bbox 2277 1919 2342 1958; x_wconf 84' lang='grc' dir='ltr'><strong>τὰν</strong></span> <span class='ocrx_word' id='word_1_632' title='bbox 2364 1923 2450 1974; x_wconf 72' lang='grc' dir='ltr'>ἀρι-</span> 
     </span>
     <span class='ocr_line' id='line_1_82' title="bbox 1388 1975 2293 2029; baseline 0.003 -13"><span class='ocrx_word' id='word_1_633' title='bbox 1388 1977 1578 2028; x_wconf 84' lang='grc' dir='ltr'>θμητικάν,</span> <span class='ocrx_word' id='word_1_634' title='bbox 1605 1975 1627 2024; x_wconf 84' lang='grc' dir='ltr'>ἢ</span> <span class='ocrx_word' id='word_1_635' title='bbox 1647 1976 1788 2016; x_wconf 79' lang='grc' dir='ltr'>κινατὸν</span> <span class='ocrx_word' id='word_1_636' title='bbox 1806 1975 1866 2016; x_wconf 73' lang='grc' dir='ltr'><strong>καὶ</strong></span> <span class='ocrx_word' id='word_1_637' title='bbox 1890 1983 1983 2017; x_wconf 87' lang='grc' dir='ltr'>ποιεῖ</span> <span class='ocrx_word' id='word_1_638' title='bbox 2005 1977 2067 2016; x_wconf 79' lang='grc' dir='ltr'><strong>τὰν</strong></span> <span class='ocrx_word' id='word_1_639' title='bbox 2088 1978 2293 2029; x_wconf 44' lang='lat' dir='ltr'><strong>ponamini?</strong></span> 
     </span>
    </p>
   </div>
   <div class='ocr_carea' id='block_1_18' title="bbox 1385 2149 2447 2546">
    <p class='ocr_par' dir='ltr' id='par_1_22' title="bbox 1385 2149 2447 2546">
     <span class='ocr_line' id='line_1_83' title="bbox 1386 2149 2447 2188; baseline 0.004 -7"><span class='ocrx_word' id='word_1_640' title='bbox 1386 2149 1505 2182; x_wconf 90' lang='lat' dir='ltr'><strong>animal</strong></span> <span class='ocrx_word' id='word_1_641' title='bbox 1528 2149 1560 2182; x_wconf 93' lang='lat' dir='ltr'><strong>in</strong></span> <span class='ocrx_word' id='word_1_642' title='bbox 1583 2150 1740 2182; x_wconf 87' lang='lat' dir='ltr'><strong>rationale</strong></span> <span class='ocrx_word' id='word_1_643' title='bbox 1763 2151 1795 2182; x_wconf 90' lang='lat' dir='ltr'><strong>et</strong></span> <span class='ocrx_word' id='word_1_644' title='bbox 1813 2149 2014 2188; x_wconf 88' lang='lat' dir='ltr'><strong>irrationale,</strong></span> <span class='ocrx_word' id='word_1_645' title='bbox 2036 2151 2188 2184; x_wconf 81' lang='lat' dir='ltr'><strong>rationale</strong></span> <span class='ocrx_word' id='word_1_646' title='bbox 2208 2151 2238 2184; x_wconf 89' lang='lat' dir='ltr'><strong>in</strong></span> <span class='ocrx_word' id='word_1_647' title='bbox 2258 2151 2393 2185; x_wconf 88' lang='lat' dir='ltr'><strong>mortale</strong></span> <span class='ocrx_word' id='word_1_648' title='bbox 2415 2154 2447 2186; x_wconf 84' lang='lat' dir='ltr'><strong>et</strong></span> 
     </span>
     <span class='ocr_line' id='line_1_84' title="bbox 1386 2208 2444 2251; baseline 0.004 -11"><span class='ocrx_word' id='word_1_649' title='bbox 1386 2208 1569 2241; x_wconf 90' lang='lat' dir='ltr'><strong>immortale</strong></span> <span class='ocrx_word' id='word_1_650' title='bbox 1581 2233 1590 2249; x_wconf 90' lang='lat'><strong>,</strong></span> <span class='ocrx_word' id='word_1_651' title='bbox 1602 2208 1739 2241; x_wconf 90' lang='lat' dir='ltr'><strong>mortale</strong></span> <span class='ocrx_word' id='word_1_652' title='bbox 1758 2208 1792 2241; x_wconf 91' lang='lat' dir='ltr'><strong>in</strong></span> <span class='ocrx_word' id='word_1_653' title='bbox 1808 2217 1846 2242; x_wconf 88' lang='lat' dir='ltr'><strong>ea</strong></span> <span class='ocrx_word' id='word_1_654' title='bbox 1862 2217 1937 2250; x_wconf 81' lang='lat' dir='ltr'><strong>quac</strong></span> <span class='ocrx_word' id='word_1_655' title='bbox 1953 2209 2014 2241; x_wconf 89' lang='lat' dir='ltr'><strong>sub</strong></span> <span class='ocrx_word' id='word_1_656' title='bbox 2033 2211 2171 2250; x_wconf 86' lang='lat' dir='ltr'><strong>speciem</strong></span> <span class='ocrx_word' id='word_1_657' title='bbox 2195 2210 2338 2251; x_wconf 83' lang='lat' dir='ltr'><strong>subjecta</strong></span> <span class='ocrx_word' id='word_1_658' title='bbox 2355 2215 2444 2251; x_wconf 83' lang='lat' dir='ltr'><strong>sunt,</strong></span> 
     </span>
     <span class='ocr_line' id='line_1_85' title="bbox 1387 2267 2447 2311; baseline 0.004 -12"><span class='ocrx_word' id='word_1_659' title='bbox 1387 2267 1574 2308; x_wconf 85' lang='lat' dir='ltr'><strong>hominem,</strong></span> <span class='ocrx_word' id='word_1_660' title='bbox 1594 2268 1712 2300; x_wconf 83' lang='lat' dir='ltr'><strong>bovem</strong></span> <span class='ocrx_word' id='word_1_661' title='bbox 1735 2270 1768 2301; x_wconf 86' lang='lat' dir='ltr'><strong>et</strong></span> <span class='ocrx_word' id='word_1_662' title='bbox 1792 2276 1911 2308; x_wconf 85' lang='lat' dir='ltr'><strong>equum</strong></span> <span class='ocrx_word' id='word_1_663' title='bbox 1932 2269 1965 2301; x_wconf 91' lang='lat' dir='ltr'><strong>et</strong></span> <span class='ocrx_word' id='word_1_664' title='bbox 1992 2268 2115 2310; x_wconf 87' lang='lat' dir='ltr'><strong>reliqua</strong></span> <span class='ocrx_word' id='word_1_665' title='bbox 2135 2282 2144 2302; x_wconf 71' lang='grc' dir='ltr'><strong>ι</strong></span> <span class='ocrx_word' id='word_1_666' title='bbox 2165 2270 2287 2311; x_wconf 81' lang='lat' dir='ltr'><strong>species</strong></span> <span class='ocrx_word' id='word_1_667' title='bbox 2310 2278 2388 2303; x_wconf 80' lang='lat' dir='ltr'><strong>vero</strong></span> <span class='ocrx_word' id='word_1_668' title='bbox 2415 2271 2447 2303; x_wconf 92' lang='lat' dir='ltr'><strong>in</strong></span> 
     </span>
     <span class='ocr_line' id='line_1_86' title="bbox 1386 2325 2445 2369; baseline 0.003 -11"><span class='ocrx_word' id='word_1_669' title='bbox 1386 2325 1530 2367; x_wconf 86' lang='lat' dir='ltr'><strong>singulas</strong></span> <span class='ocrx_word' id='word_1_670' title='bbox 1548 2326 1733 2367; x_wconf 88' lang='lat' dir='ltr'><strong>particulas.</strong></span> <span class='ocrx_word' id='word_1_671' title='bbox 1779 2327 1903 2359; x_wconf 82' lang='lat' dir='ltr'><strong>Rursus</strong></span> <span class='ocrx_word' id='word_1_672' title='bbox 1922 2334 2127 2369; x_wconf 63' lang='lat' dir='ltr'><strong>unaquaeque</strong></span> <span class='ocrx_word' id='word_1_673' title='bbox 2153 2327 2249 2361; x_wconf 85' lang='lat' dir='ltr'><strong>series</strong></span> <span class='ocrx_word' id='word_1_674' title='bbox 2267 2337 2375 2361; x_wconf 85' lang='lat' dir='ltr'><strong>rerum</strong></span> <span class='ocrx_word' id='word_1_675' title='bbox 2396 2328 2445 2361; x_wconf 88' lang='lat' dir='ltr'><strong>bi·</strong></span> 
     </span>
     <span class='ocr_line' id='line_1_87' title="bbox 1386 2385 2445 2429; baseline 0.003 -12"><span class='ocrx_word' id='word_1_676' title='bbox 1386 2386 1504 2426; x_wconf 88' lang='lat' dir='ltr'><strong>partita</strong></span> <span class='ocrx_word' id='word_1_677' title='bbox 1522 2385 1680 2418; x_wconf 85' lang='lat' dir='ltr'><strong>divisione</strong></span> <span class='ocrx_word' id='word_1_678' title='bbox 1702 2394 1800 2427; x_wconf 88' lang='lat' dir='ltr'><strong>supra</strong></span> <span class='ocrx_word' id='word_1_679' title='bbox 1818 2386 2038 2427; x_wconf 90' lang='lat' dir='ltr'><strong>oppositarum</strong></span> <span class='ocrx_word' id='word_1_680' title='bbox 2057 2386 2201 2428; x_wconf 87' lang='lat' dir='ltr'><strong>proprias</strong></span> <span class='ocrx_word' id='word_1_681' title='bbox 2227 2386 2324 2420; x_wconf 88' lang='lat' dir='ltr'><strong>habet</strong></span> <span class='ocrx_word' id='word_1_682' title='bbox 2348 2388 2445 2429; x_wconf 83' lang='lat' dir='ltr'><strong>parti-</strong></span> 
     </span>
     <span class='ocr_line' id='line_1_88' title="bbox 1385 2444 2446 2488; baseline 0.004 -12"><span class='ocrx_word' id='word_1_683' title='bbox 1385 2444 1510 2485; x_wconf 82' lang='lat' dir='ltr'><strong>tiones,</strong></span> <span class='ocrx_word' id='word_1_684' title='bbox 1527 2445 1675 2478; x_wconf 86' lang='lat' dir='ltr'><strong>similiter</strong></span> <span class='ocrx_word' id='word_1_685' title='bbox 1699 2454 1802 2487; x_wconf 88' lang='lat' dir='ltr'><strong>usque</strong></span> <span class='ocrx_word' id='word_1_686' title='bbox 1824 2445 1864 2478; x_wconf 91' lang='lat' dir='ltr'><strong>ad</strong></span> <span class='ocrx_word' id='word_1_687' title='bbox 1887 2445 2054 2478; x_wconf 89' lang='lat' dir='ltr'><strong>individua</strong></span> <span class='ocrx_word' id='word_1_688' title='bbox 2070 2455 2207 2488; x_wconf 87' lang='lat' dir='ltr'><strong>corpora</strong></span> <span class='ocrx_word' id='word_1_689' title='bbox 2222 2450 2255 2480; x_wconf 86' lang='lat' dir='ltr'><strong>et</strong></span> <span class='ocrx_word' id='word_1_690' title='bbox 2271 2446 2446 2488; x_wconf 81' lang='lat' dir='ltr'><strong>particulas</strong></span> 
     </span>
     <span class='ocr_line' id='line_1_89' title="bbox 1385 2504 1804 2546; baseline 0.002 -9"><span class='ocrx_word' id='word_1_691' title='bbox 1385 2506 1418 2537; x_wconf 87' lang='lat' dir='ltr'><strong>et</strong></span> <span class='ocrx_word' id='word_1_692' title='bbox 1438 2504 1562 2546; x_wconf 78' lang='lat' dir='ltr'><strong>singula</strong></span> <span class='ocrx_word' id='word_1_693' title='bbox 1580 2505 1804 2546; x_wconf 77' lang='lat' dir='ltr'><strong>procedentes.</strong></span> 
     </span>
    </p>
   </div>
   <div class='ocr_carea' id='block_1_19' title="bbox 1617 2583 2204 2621">
    <p class='ocr_par' dir='ltr' id='par_1_23' title="bbox 1617 2583 2204 2621">
     <span class='ocr_line' id='line_1_90' title="bbox 1617 2583 2204 2621; baseline 0.003 -6"><span class='ocrx_word' id='word_1_694' title='bbox 1617 2583 1900 2621; x_wconf 79' lang='lat' dir='ltr'><strong>QUANTITATIS</strong></span> <span class='ocrx_word' id='word_1_695' title='bbox 1921 2584 2141 2617; x_wconf 84' lang='lat' dir='ltr'>DEFINITIO</span> <span class='ocrx_word' id='word_1_696' title='bbox 2161 2585 2204 2617; x_wconf 84' lang='lat'><strong>11.</strong></span> 
     </span>
    </p>
   </div>
   <div class='ocr_carea' id='block_1_20' title="bbox 1382 2659 2456 3592">
    <p class='ocr_par' dir='ltr' id='par_1_24' title="bbox 1382 2659 2456 3592">
     <span class='ocr_line' id='line_1_91' title="bbox 1426 2659 2444 2704; baseline 0.003 -13"><span class='ocrx_word' id='word_1_697' title='bbox 1426 2660 1502 2692; x_wconf 86' lang='lat' dir='ltr'><strong>vll.</strong></span> <span class='ocrx_word' id='word_1_698' title='bbox 1527 2659 1698 2698; x_wconf 82' lang='lat' dir='ltr'><strong>Quantitas</strong></span> <span class='ocrx_word' id='word_1_699' title='bbox 1715 2659 1913 2700; x_wconf 80' lang='lat' dir='ltr'><strong>septifariam</strong></span> <span class='ocrx_word' id='word_1_700' title='bbox 1931 2659 2098 2701; x_wconf 87' lang='lat' dir='ltr'><strong>dividitur,</strong></span> <span class='ocrx_word' id='word_1_701' title='bbox 2116 2661 2149 2693; x_wconf 91' lang='lat' dir='ltr'><strong>in</strong></span> <span class='ocrx_word' id='word_1_702' title='bbox 2173 2660 2310 2700; x_wconf 85' lang='lat' dir='ltr'><strong>lineam,</strong></span> <span class='ocrx_word' id='word_1_703' title='bbox 2327 2670 2444 2704; x_wconf 84' lang='lat' dir='ltr'><strong>snper—</strong></span> 
     </span>
     <span class='ocr_line' id='line_1_92' title="bbox 1386 2716 2444 2759; baseline 0.004 -10"><span class='ocrx_word' id='word_1_704' title='bbox 1386 2716 1510 2758; x_wconf 85' lang='lat' dir='ltr'><strong>ficiem,</strong></span> <span class='ocrx_word' id='word_1_705' title='bbox 1540 2726 1676 2758; x_wconf 78' lang='lat' dir='ltr'><strong>corpuS,</strong></span> <span class='ocrx_word' id='word_1_706' title='bbox 1705 2718 1863 2759; x_wconf 90' lang='lat' dir='ltr'><strong>spatium,</strong></span> <span class='ocrx_word' id='word_1_707' title='bbox 1898 2719 2044 2759; x_wconf 87' lang='lat' dir='ltr'><strong>tempus,</strong></span> <span class='ocrx_word' id='word_1_708' title='bbox 2070 2728 2240 2751; x_wconf 86' lang='lat' dir='ltr'><strong>nnmerum</strong></span> <span class='ocrx_word' id='word_1_709' title='bbox 2267 2720 2300 2752; x_wconf 87' lang='lat' dir='ltr'><strong>et</strong></span> <span class='ocrx_word' id='word_1_710' title='bbox 2320 2728 2444 2753; x_wconf 77' lang='lat' dir='ltr'><strong>aermo-</strong></span> 
     </span>
     <span class='ocr_line' id='line_1_93' title="bbox 1385 2777 2445 2820; baseline 0.004 -12"><span class='ocrx_word' id='word_1_711' title='bbox 1385 2785 1471 2809; x_wconf 87' lang='lat' dir='ltr'><strong>nem.</strong></span> <span class='ocrx_word' id='word_1_712' title='bbox 1518 2778 1623 2818; x_wconf 80' lang='lat' dir='ltr'><strong>Atque</strong></span> <span class='ocrx_word' id='word_1_713' title='bbox 1641 2777 1743 2818; x_wconf 89' lang='lat' dir='ltr'><strong>ipsius</strong></span> <span class='ocrx_word' id='word_1_714' title='bbox 1759 2777 1890 2818; x_wconf 90' lang='lat' dir='ltr'><strong>quidem</strong></span> <span class='ocrx_word' id='word_1_715' title='bbox 1909 2777 2099 2818; x_wconf 89' lang='lat' dir='ltr'><strong>quantitatis</strong></span> <span class='ocrx_word' id='word_1_716' title='bbox 2121 2778 2180 2810; x_wconf 87' lang='lat' dir='ltr'><strong>alia</strong></span> <span class='ocrx_word' id='word_1_717' title='bbox 2199 2787 2273 2820; x_wconf 85' lang='lat' dir='ltr'><strong>pars</strong></span> <span class='ocrx_word' id='word_1_718' title='bbox 2290 2779 2445 2812; x_wconf 79' lang='lat' dir='ltr'><strong>continua</strong></span> 
     </span>
     <span class='ocr_line' id='line_1_94' title="bbox 1384 2836 2444 2880; baseline 0.003 -12"><span class='ocrx_word' id='word_1_719' title='bbox 1384 2839 1453 2876; x_wconf 89' lang='lat' dir='ltr'><strong>est,</strong></span> <span class='ocrx_word' id='word_1_720' title='bbox 1482 2836 1544 2868; x_wconf 88' lang='lat' dir='ltr'><strong>alia</strong></span> <span class='ocrx_word' id='word_1_721' title='bbox 1569 2836 1707 2869; x_wconf 88' lang='lat' dir='ltr'><strong>discreta</strong></span> <span class='ocrx_word' id='word_1_722' title='bbox 1739 2849 1747 2869; x_wconf 89' lang='lat'>:</span> <span class='ocrx_word' id='word_1_723' title='bbox 1768 2845 1864 2877; x_wconf 85' lang='lat' dir='ltr'><strong>porro</strong></span> <span class='ocrx_word' id='word_1_724' title='bbox 1885 2837 2047 2869; x_wconf 87' lang='lat' dir='ltr'><strong>continuae</strong></span> <span class='ocrx_word' id='word_1_725' title='bbox 2074 2836 2171 2876; x_wconf 80' lang='lat' dir='ltr'><strong>partis</strong></span> <span class='ocrx_word' id='word_1_726' title='bbox 2199 2837 2342 2880; x_wconf 86' lang='lat' dir='ltr'><strong>quinque</strong></span> <span class='ocrx_word' id='word_1_727' title='bbox 2367 2840 2444 2871; x_wconf 76' lang='lat' dir='ltr'><strong>sunt</strong></span> 
     </span>
     <span class='ocr_line' id='line_1_95' title="bbox 1385 2895 2444 2937; baseline 0.003 -10"><span class='ocrx_word' id='word_1_728' title='bbox 1385 2895 1526 2937; x_wconf 86' lang='lat' dir='ltr'><strong>species,</strong></span> <span class='ocrx_word' id='word_1_729' title='bbox 1558 2895 1708 2928; x_wconf 82' lang='lat' dir='ltr'><strong>discrelae</strong></span> <span class='ocrx_word' id='word_1_730' title='bbox 1739 2895 1813 2928; x_wconf 87' lang='lat' dir='ltr'><strong>duae</strong></span> <span class='ocrx_word' id='word_1_731' title='bbox 1825 2920 1834 2937; x_wconf 92' lang='lat'>‚</span> <span class='ocrx_word' id='word_1_732' title='bbox 1865 2905 2022 2928; x_wconf 89' lang='lat' dir='ltr'><strong>numerus</strong></span> <span class='ocrx_word' id='word_1_733' title='bbox 2046 2898 2078 2929; x_wconf 91' lang='lat' dir='ltr'><strong>et</strong></span> <span class='ocrx_word' id='word_1_734' title='bbox 2107 2905 2224 2930; x_wconf 85' lang='lat' dir='ltr'><strong>sermo.</strong></span> <span class='ocrx_word' id='word_1_735' title='bbox 2284 2897 2444 2930; x_wconf 83' lang='lat' dir='ltr'><strong>Praeterea</strong></span> 
     </span>
     <span class='ocr_line' id='line_1_96' title="bbox 1384 2954 2444 2997; baseline 0.002 -11"><span class='ocrx_word' id='word_1_736' title='bbox 1384 2954 1577 2997; x_wconf 85' lang='lat' dir='ltr'><strong>quantitatis</strong></span> <span class='ocrx_word' id='word_1_737' title='bbox 1608 2954 1681 2987; x_wconf 80' lang='lat' dir='ltr'><strong>aliae</strong></span> <span class='ocrx_word' id='word_1_738' title='bbox 1704 2955 1817 2987; x_wconf 83' lang='lat' dir='ltr'><strong>sormoe</strong></span> <span class='ocrx_word' id='word_1_739' title='bbox 1836 2963 1877 2987; x_wconf 86' lang='lat' dir='ltr'><strong>ex</strong></span> <span class='ocrx_word' id='word_1_740' title='bbox 1901 2955 2046 2997; x_wconf 84' lang='lat' dir='ltr'><strong>partibus</strong></span> <span class='ocrx_word' id='word_1_741' title='bbox 2071 2956 2219 2988; x_wconf 83' lang='lat' dir='ltr'><strong>constant</strong></span> <span class='ocrx_word' id='word_1_742' title='bbox 2239 2963 2315 2997; x_wconf 77' lang='lat' dir='ltr'><strong>quoe</strong></span> <span class='ocrx_word' id='word_1_743' title='bbox 2343 2955 2444 2989; x_wconf 86' lang='lat' dir='ltr'><strong>situm</strong></span> 
     </span>
     <span class='ocr_line' id='line_1_97' title="bbox 1386 3014 2444 3058; baseline 0.002 -12"><span class='ocrx_word' id='word_1_744' title='bbox 1386 3014 1550 3056; x_wconf 87' lang='lat' dir='ltr'><strong>quendam</strong></span> <span class='ocrx_word' id='word_1_745' title='bbox 1570 3014 1653 3047; x_wconf 88' lang='lat' dir='ltr'><strong>inter</strong></span> <span class='ocrx_word' id='word_1_746' title='bbox 1669 3023 1703 3047; x_wconf 90' lang='lat' dir='ltr'><strong>se</strong></span> <span class='ocrx_word' id='word_1_747' title='bbox 1721 3014 1860 3054; x_wconf 87' lang='lat' dir='ltr'><strong>habent,</strong></span> <span class='ocrx_word' id='word_1_748' title='bbox 1879 3015 1969 3047; x_wconf 87' lang='lat' dir='ltr'><strong>velut</strong></span> <span class='ocrx_word' id='word_1_749' title='bbox 1986 3015 2087 3055; x_wconf 90' lang='lat' dir='ltr'><strong>linea,</strong></span> <span class='ocrx_word' id='word_1_750' title='bbox 2102 3014 2305 3056; x_wconf 85' lang='lat' dir='ltr'><strong>superficies,</strong></span> <span class='ocrx_word' id='word_1_751' title='bbox 2325 3023 2444 3058; x_wconf 87' lang='lat' dir='ltr'><strong>corpus</strong></span> 
     </span>
     <span class='ocr_line' id='line_1_98' title="bbox 1386 3073 2456 3115; baseline 0.003 -9"><span class='ocrx_word' id='word_1_752' title='bbox 1386 3077 1418 3106; x_wconf 92' lang='lat' dir='ltr'><strong>et</strong></span> <span class='ocrx_word' id='word_1_753' title='bbox 1436 3073 1596 3115; x_wconf 90' lang='lat' dir='ltr'><strong>spatium,</strong></span> <span class='ocrx_word' id='word_1_754' title='bbox 1618 3073 1691 3106; x_wconf 82' lang='lat' dir='ltr'><strong>aliae</strong></span> <span class='ocrx_word' id='word_1_755' title='bbox 1717 3082 1755 3106; x_wconf 87' lang='lat' dir='ltr'><strong>ex</strong></span> <span class='ocrx_word' id='word_1_756' title='bbox 1781 3073 1819 3106; x_wconf 93' lang='lat' dir='ltr'><strong>iis</strong></span> <span class='ocrx_word' id='word_1_757' title='bbox 1838 3082 1912 3114; x_wconf 85' lang='lat' dir='ltr'><strong>quae</strong></span> <span class='ocrx_word' id='word_1_758' title='bbox 1933 3083 1997 3106; x_wconf 91' lang='lat' dir='ltr'><strong>non</strong></span> <span class='ocrx_word' id='word_1_759' title='bbox 2018 3073 2156 3115; x_wconf 82' lang='lat' dir='ltr'><strong>liabent,</strong></span> <span class='ocrx_word' id='word_1_760' title='bbox 2179 3075 2214 3106; x_wconf 92' lang='lat' dir='ltr'><strong>ut</strong></span> <span class='ocrx_word' id='word_1_761' title='bbox 2235 3083 2391 3108; x_wconf 82' lang='lat' dir='ltr'><strong>numerus</strong></span> <span class='ocrx_word' id='word_1_762' title='bbox 2409 3079 2456 3111; x_wconf 71' lang='lat' dir='ltr'><strong>et,</strong></span> 
     </span>
     <span class='ocr_line' id='line_1_99' title="bbox 1384 3131 2443 3175; baseline 0.002 -11"><span class='ocrx_word' id='word_1_763' title='bbox 1384 3141 1491 3164; x_wconf 79' lang='lat' dir='ltr'><strong>sermo</strong></span> <span class='ocrx_word' id='word_1_764' title='bbox 1510 3135 1542 3165; x_wconf 89' lang='lat' dir='ltr'><strong>et</strong></span> <span class='ocrx_word' id='word_1_765' title='bbox 1561 3133 1690 3172; x_wconf 88' lang='lat' dir='ltr'><strong>tempus</strong></span> <span class='ocrx_word' id='word_1_766' title='bbox 1710 3142 1718 3164; x_wconf 72' lang='grc' dir='ltr'><strong>ε</strong></span> <span class='ocrx_word' id='word_1_767' title='bbox 1737 3131 1886 3173; x_wconf 78' lang='lat' dir='ltr'><strong>quamvis</strong></span> <span class='ocrx_word' id='word_1_768' title='bbox 1904 3131 1991 3164; x_wconf 90' lang='lat' dir='ltr'><strong>enim</strong></span> <span class='ocrx_word' id='word_1_769' title='bbox 2008 3132 2173 3164; x_wconf 85' lang='lat' dir='ltr'><strong>continuae</strong></span> <span class='ocrx_word' id='word_1_770' title='bbox 2195 3132 2297 3174; x_wconf 86' lang='lat' dir='ltr'><strong>partis</strong></span> <span class='ocrx_word' id='word_1_771' title='bbox 2314 3136 2443 3175; x_wconf 85' lang='lat' dir='ltr'><strong>tempus</strong></span> 
     </span>
     <span class='ocr_line' id='line_1_100' title="bbox 1383 3191 2443 3234; baseline 0.002 -10"><span class='ocrx_word' id='word_1_772' title='bbox 1383 3192 1442 3231; x_wconf 89' lang='lat' dir='ltr'><strong>sit,</strong></span> <span class='ocrx_word' id='word_1_773' title='bbox 1463 3195 1574 3225; x_wconf 90' lang='lat' dir='ltr'><strong>tamen</strong></span> <span class='ocrx_word' id='word_1_774' title='bbox 1601 3191 1700 3224; x_wconf 88' lang='lat' dir='ltr'><strong>situm</strong></span> <span class='ocrx_word' id='word_1_775' title='bbox 1727 3201 1790 3224; x_wconf 87' lang='lat' dir='ltr'><strong>non</strong></span> <span class='ocrx_word' id='word_1_776' title='bbox 1818 3192 1932 3231; x_wconf 83' lang='lat' dir='ltr'><strong>habet,</strong></span> <span class='ocrx_word' id='word_1_777' title='bbox 1952 3191 2027 3233; x_wconf 86' lang='lat' dir='ltr'><strong>qnia</strong></span> <span class='ocrx_word' id='word_1_778' title='bbox 2055 3200 2119 3224; x_wconf 91' lang='lat' dir='ltr'><strong>non</strong></span> <span class='ocrx_word' id='word_1_779' title='bbox 2149 3195 2337 3234; x_wconf 83' lang='lat' dir='ltr'><strong>permanet;</strong></span> <span class='ocrx_word' id='word_1_780' title='bbox 2354 3192 2443 3234; x_wconf 87' lang='lat' dir='ltr'><strong>quod</strong></span> 
     </span>
     <span class='ocr_line' id='line_1_101' title="bbox 1383 3250 2442 3292; baseline 0.002 -10"><span class='ocrx_word' id='word_1_781' title='bbox 1383 3251 1492 3283; x_wconf 91' lang='lat' dir='ltr'><strong>autem</strong></span> <span class='ocrx_word' id='word_1_782' title='bbox 1508 3259 1572 3283; x_wconf 89' lang='lat' dir='ltr'><strong>non</strong></span> <span class='ocrx_word' id='word_1_783' title='bbox 1588 3251 1774 3292; x_wconf 87' lang='lat' dir='ltr'><strong>permanet,</strong></span> <span class='ocrx_word' id='word_1_784' title='bbox 1796 3250 1958 3292; x_wconf 90' lang='lat' dir='ltr'><strong>quomodo</strong></span> <span class='ocrx_word' id='word_1_785' title='bbox 1971 3250 2003 3282; x_wconf 91' lang='lat' dir='ltr'><strong>id</strong></span> <span class='ocrx_word' id='word_1_786' title='bbox 2018 3250 2134 3284; x_wconf 83' lang='lat' dir='ltr'><strong>habeat</strong></span> <span class='ocrx_word' id='word_1_787' title='bbox 2156 3251 2253 3284; x_wconf 88' lang='lat' dir='ltr'><strong>situm</strong></span> <span class='ocrx_word' id='word_1_788' title='bbox 2264 3253 2279 3284; x_wconf 72' lang='grc' dir='ltr'>Ρ</span> <span class='ocrx_word' id='word_1_789' title='bbox 2302 3251 2442 3291; x_wconf 81' lang='lat' dir='ltr'><strong>Quanti-</strong></span> 
     </span>
     <span class='ocr_line' id='line_1_102' title="bbox 1384 3311 2441 3354; baseline 0.002 -11"><span class='ocrx_word' id='word_1_790' title='bbox 1384 3314 1432 3344; x_wconf 85' lang='lat' dir='ltr'><strong>tas</strong></span> <span class='ocrx_word' id='word_1_791' title='bbox 1447 3311 1544 3344; x_wconf 91' lang='lat' dir='ltr'><strong>etiam</strong></span> <span class='ocrx_word' id='word_1_792' title='bbox 1563 3313 1719 3353; x_wconf 86' lang='lat' dir='ltr'><strong>quattuor</strong></span> <span class='ocrx_word' id='word_1_793' title='bbox 1732 3311 1975 3353; x_wconf 84' lang='lat' dir='ltr'><strong>disciplinarum</strong></span> <span class='ocrx_word' id='word_1_794' title='bbox 1993 3312 2157 3344; x_wconf 85' lang='lat' dir='ltr'><strong>inventrix</strong></span> <span class='ocrx_word' id='word_1_795' title='bbox 2172 3312 2231 3346; x_wconf 87' lang='lat' dir='ltr'><strong>fuit</strong></span> <span class='ocrx_word' id='word_1_796' title='bbox 2249 3325 2258 3345; x_wconf 82' lang='lat'>2</span> <span class='ocrx_word' id='word_1_797' title='bbox 2279 3311 2441 3354; x_wconf 83' lang='lat' dir='ltr'><strong>siquidem</strong></span> 
     </span>
     <span class='ocr_line' id='line_1_103' title="bbox 1383 3371 2440 3414; baseline 0.003 -12"><span class='ocrx_word' id='word_1_798' title='bbox 1383 3372 1537 3404; x_wconf 88' lang='lat' dir='ltr'><strong>continua</strong></span> <span class='ocrx_word' id='word_1_799' title='bbox 1553 3371 1718 3413; x_wconf 81' lang='lat' dir='ltr'><strong>quantitas</strong></span> <span class='ocrx_word' id='word_1_800' title='bbox 1734 3371 1792 3404; x_wconf 86' lang='lat' dir='ltr'><strong>aut</strong></span> <span class='ocrx_word' id='word_1_801' title='bbox 1807 3371 1980 3405; x_wconf 91' lang='lat' dir='ltr'><strong>immobilis</strong></span> <span class='ocrx_word' id='word_1_802' title='bbox 1993 3373 2043 3405; x_wconf 89' lang='lat' dir='ltr'><strong>est</strong></span> <span class='ocrx_word' id='word_1_803' title='bbox 2058 3374 2089 3405; x_wconf 89' lang='lat' dir='ltr'><strong>et</strong></span> <span class='ocrx_word' id='word_1_804' title='bbox 2104 3372 2311 3414; x_wconf 87' lang='lat' dir='ltr'><strong>geometriam</strong></span> <span class='ocrx_word' id='word_1_805' title='bbox 2327 3372 2440 3414; x_wconf 83' lang='lat' dir='ltr'><strong>gignit,</strong></span> 
     </span>
     <span class='ocr_line' id='line_1_104' title="bbox 1382 3423 2440 3472; baseline 0.002 -11"><span class='ocrx_word' id='word_1_806' title='bbox 1382 3431 1439 3462; x_wconf 89' lang='lat' dir='ltr'><strong>aut</strong></span> <span class='ocrx_word' id='word_1_807' title='bbox 1457 3423 1586 3463; x_wconf 89' lang='lat' dir='ltr'><strong>mobilis</strong></span> <span class='ocrx_word' id='word_1_808' title='bbox 1598 3431 1630 3462; x_wconf 86' lang='lat' dir='ltr'><strong>et</strong></span> <span class='ocrx_word' id='word_1_809' title='bbox 1639 3430 1868 3463; x_wconf 83' lang='lat' dir='ltr'><strong>astronomiam</strong></span> <span class='ocrx_word' id='word_1_810' title='bbox 1885 3431 1984 3472; x_wconf 88' lang='lat' dir='ltr'><strong>parit,</strong></span> <span class='ocrx_word' id='word_1_811' title='bbox 2000 3431 2136 3464; x_wconf 86' lang='lat' dir='ltr'><strong>discreta</strong></span> <span class='ocrx_word' id='word_1_812' title='bbox 2150 3432 2260 3464; x_wconf 88' lang='lat' dir='ltr'><strong>antem</strong></span> <span class='ocrx_word' id='word_1_813' title='bbox 2274 3431 2440 3472; x_wconf 82' lang='lat' dir='ltr'><strong>quantitas</strong></span> 
     </span>
     <span class='ocr_line' id='line_1_105' title="bbox 1382 3490 2441 3531; baseline 0.002 -9"><span class='ocrx_word' id='word_1_814' title='bbox 1382 3492 1437 3523; x_wconf 89' lang='lat' dir='ltr'><strong>aut</strong></span> <span class='ocrx_word' id='word_1_815' title='bbox 1457 3490 1630 3523; x_wconf 90' lang='lat' dir='ltr'><strong>immobilis</strong></span> <span class='ocrx_word' id='word_1_816' title='bbox 1649 3491 1698 3524; x_wconf 88' lang='lat' dir='ltr'><strong>est</strong></span> <span class='ocrx_word' id='word_1_817' title='bbox 1720 3492 1753 3524; x_wconf 91' lang='lat' dir='ltr'><strong>et</strong></span> <span class='ocrx_word' id='word_1_818' title='bbox 1778 3491 2013 3524; x_wconf 85' lang='lat' dir='ltr'><strong>arithmeticam</strong></span> <span class='ocrx_word' id='word_1_819' title='bbox 2041 3494 2147 3531; x_wconf 86' lang='lat' dir='ltr'><strong>creat,</strong></span> <span class='ocrx_word' id='word_1_820' title='bbox 2169 3493 2224 3525; x_wconf 92' lang='lat' dir='ltr'><strong>aut</strong></span> <span class='ocrx_word' id='word_1_821' title='bbox 2253 3491 2381 3525; x_wconf 86' lang='lat' dir='ltr'><strong>mobilis</strong></span> <span class='ocrx_word' id='word_1_822' title='bbox 2407 3493 2441 3524; x_wconf 85' lang='lat' dir='ltr'><strong>et</strong></span> 
     </span>
     <span class='ocr_line' id='line_1_106' title="bbox 1383 3549 1720 3592; baseline 0.009 -11"><span class='ocrx_word' id='word_1_823' title='bbox 1383 3549 1540 3582; x_wconf 87' lang='lat' dir='ltr'><strong>musicam</strong></span> <span class='ocrx_word' id='word_1_824' title='bbox 1559 3550 1720 3592; x_wconf 85' lang='lat' dir='ltr'><strong>producit.</strong></span> 
     </span>
    </p>
   </div>
   <div class='ocr_carea' id='block_1_21' title="bbox 2565 258 2612 1476">
    <p class='ocr_par' dir='ltr' id='par_1_25' title="bbox 2565 258 2612 1476">
     <span class='ocr_line' id='line_1_107' title="bbox 2565 258 2612 1476; baseline 0 0"><span class='ocrx_word' id='word_1_825' title='bbox 2565 258 2612 1476; x_wconf 95' lang='lat' dir='ltr'><strong> </strong></span> 
     </span>
    </p>
   </div>
  </div>
 </body>
</html>
