2612 3814
943 251 1224 299 HERACLITI
1251 258 1588 299 FRAGMENTA.
2271 266 2347 300 329

188 367 190 370 ·
265 348 378 402 λσγέει
394 348 439 388 τὰ
453 345 848 400 ὃμολογεόμενα-οὔτε
863 346 908 386 τὰ
925 339 1009 401 ὄρθᾶ
1023 346 1103 386 οὔτε
1115 347 1160 386 τὰ
1176 346 1226 400 μὴ

265 407 352 462 ὀρθὰ
363 429 419 439 --
430 406 514 446 αἰεί.
536 406 728 445 Videntur
753 406 833 445 haec
849 420 899 446 ex
917 406 1103 446 Heracliti
1126 407 1232 447 libro

263 476 401 507 sumta.
415 466 546 507 Schol.
563 465 698 505 Venet.
715 465 757 504 in
777 465 889 506 Iliad.
905 464 970 512 IV,
995 472 1017 512 4
1041 479 1052 506 :
1074 467 1233 506 συντελεῖ

263 523 404 564 ἅπαντα
414 526 432 563 ὁ
441 523 515 568 θεὸς
523 523 608 577 πρὸς
619 522 790 576 ἁρμονίαν
807 526 877 564 τῶν
885 523 976 564 ὅλων
990 525 1182 575 οἰκονομῶν
1190 524 1234 564 τὰ

230 587 231 590 ’
265 582 504 637 συμφέροντα,
517 581 604 638 ὅπερ
617 582 679 623 καὶ
697 582 928 637 Ἡράκλειτος
941 583 1036 636 λέγει
1045 586 1092 629 ὣς
1105 586 1156 638 τῷ
1167 583 1231 636 μὲν

264 643 331 695 θεῷ
346 641 441 680 καλὰ
457 640 576 680 πάντα
596 641 658 681 καὶ
676 642 791 694 ἀγαθὰ
813 641 876 681 καὶ
893 641 1026 692 δίκαια,
1051 642 1226 696 ἄνθρωποι

263 698 300 739 δὲ
319 699 343 739 ἃ
359 699 422 751 μὲν
443 700 550 740 ἄδικα.
580 701 815 754 ὑπειλήφασιν
849 701 872 740 ἃ
897 700 934 741 δὲ
961 701 1096 740 δίκαια.
1122 701 1229 741 Idem

261 758 468 799 dicendum
499 761 548 799 de
578 761 668 801 aliis
700 761 949 813 Hippocratei
977 760 1070 813 Περί
1091 762 1227 810 διαίτης

1377 347 1557 400 opusculi
1575 347 1673 386 loeis
1692 347 1734 387 in
1745 346 1889 398 quibus
1903 348 2106 387 manifesta
2116 349 2344 395 ,Heracliteae
2389 380 2394 385 .

1376 407 1562 446 doctrinae
1578 414 1616 445 et
1638 406 1823 445 dictionis
1849 407 2014 457 vestigia
2033 417 2241 459 apparent,
2263 422 2350 460 quae

1376 465 1612 517 Bernaysius
1627 467 1875 505 monstravit.
1889 466 2003 505 Conf.
2019 479 2059 518 p.
2077 467 2169 514 630,
2188 473 2210 512 4
2226 483 2237 515 3
2257 469 2349 514 631,

1380 525 1419 573 6;
1438 525 1532 574 638,
1567 529 1631 572 143
1657 525 1759 575 639,
1795 526 1865 573 133
1894 526 1989 571 643,
2032 538 2096 573 ¹03
2131 526 2225 572 645,
2249 526 2293 563 15
2313 535 2351 564 et
2411 523 2414 526 ’

1380 598 1449 632 123
1472 585 1564 631 632,
1593 598 1661 631 103
1683 585 1776 630 633,
1810 598 1884 632 173
1906 584 2000 631 635,
2029 597 2113 634 quae
2142 586 2274 621 notavi
2307 585 2355 622 ad

1377 643 1514 694 Eragm.
1533 644 1598 688 46.
1618 643 1693 681 Sed
1716 642 1862 694 ubique
1884 642 2111 682 Heracliteis
2139 642 2266 682 aliena
2285 643 2352 680 ad-

1377 702 1620 813 ωἱκιξιῗιιηῑ.
1645 701 1779 753 Itaque
1796 700 1931 739 omnia
1950 700 2019 739 illa
2040 698 2105 738 hic
2135 713 2356 753 proponere

1375 761 1500 800 nolul.
