2612 3814
326 264 400 298 190
1284 254 1529 296 ΟΒΡΒΙΟΔ.

399 335 556 391 Ἰκαρίου
575 336 686 392 κούρη
705 335 833 387 ληνοὺς
851 335 913 376 καὶ
926 335 1095 383 ἄδευκίοις
1114 351 1226 387 οινας,

400 396 589 449 μνωομένη
609 397 675 438 ὅσα
695 396 808 450 λυγρὰ
829 394 1024 437 Διωνύσοιο
1043 395 1146 444 ἕκητι

399 456 555 497 Ἀκταῖον.
575 457 758 510 μήσαντο,
779 455 870 510 μέθῃ
889 455 1102 509 δεδμημένοι
1123 457 1203 510 αἰνῇ

336 530 372 557 25
401 516 558 571 Ἰκάριον
571 546 581 566 ,
603 516 666 557 καί
687 533 747 569 μιν
767 515 956 572 στυφελαῒς
974 515 1142 570 κορύνῃσι
1163 513 1308 567 δάϊξαν,
1375 554 1377 556 .

399 576 638 631 σφαλλόμενοι
657 575 800 630 δώροισι
825 574 1053 630 χοροιμανέος
1071 574 1242 628 Βάκχοιο.

455 653 635 706 (Tzetzes
667 654 768 692 Chil.
798 654 862 700 1v,
888 651 962 690 128
988 662 998 690 :
1025 648 1220 700 Μέμνηται
1247 648 1379 696 ταύτης

399 712 461 752 καὶ
482 712 637 767 Ὀρφεὺς
653 713 687 751 ἐν
711 713 740 752 Γ
743 709 872 764 εωργίᾳ
894 708 1058 764 γράφων·
1081 707 1250 763 Ἀστραίη
1268 707 1379 763 κούρη

399 772 435 813 δὲ
464 774 546 813 κτλ.
580 773 704 811 Iidem
727 785 858 809 versus
883 772 1128 822 reperiuntur
1157 770 1198 807 in
1223 770 1379 808 Maximi

398 835 569 871 carmine
600 834 626 872 l.
648 846 681 872 c.
710 845 770 871 vs,
804 829 997 879 488-496.
1027 830 1216 868 Caeterum
1246 841 1302 868 vs.
1327 840 1378 866 20

398 893 542 944 legitur
562 893 678 930 etiam
698 891 838 942 fragm.
856 887 1062 942 XXXVI.)

775 967 925 1008 LVIII.

398 1045 629 1100 Πρωτόγονος
649 1043 828 1093 Φαέθων,
851 1041 1068 1097 περιμήκεος
1084 1040 1219 1095 αἰθέρος
1233 1041 1324 1091 υἱός,

400 1105 535 1145 ἔκτισεν
556 1103 743 1149 ἀθανάτοις
763 1102 868 1155 δόμον
890 1102 1034 1158 ἄφθιτον
1040 1130 1147 1143 .......

452 1183 696 1235 (Lactantius
714 1183 855 1221 Institt.
875 1183 910 1229 Ι,
931 1181 953 1220 5
974 1194 984 1219 :
1005 1198 1019 1215 α
1035 1181 1214 1231 Orpheus
1232 1180 1299 1230 qui
1317 1186 1374 1217 est

395 1246 671 1283 vetustissimus
702 1250 912 1294 poetarum
941 1250 980 1280 et
1013 1242 1170 1292 aequalis
1202 1241 1379 1291 ipsorum

395 1302 573 1351 deorum,
594 1303 608 1353 (
622 1303 814 1354 siquidem
833 1302 1001 1340 traditur
1017 1302 1119 1338 inter
1137 1302 1380 1350 Argonautas

397 1374 485 1399 cum
505 1362 735 1412 Tyndaridis
751 1369 790 1400 et
805 1362 972 1400 Hercule
990 1361 1204 1410 navigasse,
1221 1359 1234 1409 )
1253 1361 1378 1396 Deum

394 1434 530 1459 verum
557 1430 596 1460 et
624 1434 808 1473 magnum
824 1419 1047 1473 πρωτόγονον
1075 1420 1377 1470 primogenitum

395 1483 580 1533 appellat,
610 1483 718 1532 quod
743 1490 829 1520 ante
848 1483 975 1533 ipsum
992 1481 1090 1518 nihil
1112 1481 1160 1518 sit
1180 1480 1376 1531 genitum,

394 1542 462 1579 sed
496 1543 544 1580 ab
569 1544 654 1592 ipso
685 1543 761 1580 sint
788 1542 919 1580 omnia
951 1548 1144 1592 generata.
1201 1538 1378 1576 Eundem

396 1602 512 1639 etiam
537 1601 693 1650 Φάνητα
721 1603 922 1651 nominat,
944 1600 1071 1651 quod,
1103 1613 1224 1650 quum
1250 1599 1376 1636 adhuc

364 1712 366 1714 Ι
393 1661 492 1697 nihil
515 1669 635 1710 esset,
663 1663 810 1712 primus
835 1675 883 1699 ex
909 1660 1062 1698 infinito
1086 1660 1313 1711 apparuerit
1340 1666 1380 1696 et

311 1807 404 1840 Icarii
425 1807 492 1840 filia
516 1807 694 1841 torcularia
712 1811 745 1842 et
767 1808 843 1841 vina
868 1816 997 1848 amara,

313 1876 438 1900 memor
457 1871 539 1910 quot
560 1868 646 1901 mala
663 1869 797 1910 propter
815 1867 980 1902 Bacchum

311 1927 414 1960 Actaei
427 1927 532 1961 moliti
550 1927 636 1970 sint,
654 1927 802 1961 horriblli
819 1927 998 1961 vinolentia
1017 1926 1168 1970 subigere
1180 1928 1252 1961 ausi

313 1987 455 2021 Icarium
465 1997 482 2029 ‚⁷
494 1997 593 2031 quem
613 1988 704 2022 duris
726 1988 826 2021 clavis
843 1987 1102 2030 obtruncarunt,

311 2046 492 2082 titubantes
508 2048 603 2082 donis
626 2048 737 2082 insane
754 2046 965 2091 tripudiantis
982 2048 1111 2082 Bacchi.

1524 337 1724 376 exstiterit.
1740 336 1855 388 eujus
1872 338 2059 390 originem
2083 345 2201 389 atque
2215 346 2394 378 naturam
2410 341 2502 392 quia
2568 324 2574 347 T

1523 397 1731 447 concipere
1764 398 1894 436 animo
1922 411 2003 435 non
2034 405 2208 450 poterat,
2241 411 2290 437 ex
2318 412 2407 438 aere
2433 401 2503 439 im·
2570 419 2571 422 ¹

1523 469 1658 494 menso
1670 464 1804 494 natum
1817 470 1898 499 esse
1912 457 2011 496 dixit
2026 471 2035 495 :
2051 456 2271 510 πρωτόγονος
2284 458 2365 498 κτλ.
2383 460 2503 499 Aliud
2571 491 2573 493 .

1522 516 1624 552 enim
1657 517 1821 566 amplius
1870 516 1979 567 quod
2019 517 2166 556 diceret
2198 531 2279 555 non
2316 519 2499 560 habebat.

1523 577 1635 613 Hunc
1665 576 1718 612 ait
1751 588 1830 614 esse
1867 577 2040 614 omnium
2079 578 2242 615 deorum
2271 586 2496 629 parentem,

1522 647 1690 685 quorum
1715 647 1826 673 causa
1857 636 1996 673 coelum
2032 637 2255 675 condiderit
2290 638 2499 690 liberisque

1520 695 1763 745 prospexerit
1774 723 1785 744 ,
1804 701 1848 731 ut
1865 695 2056 734 haberent
2073 696 2337 736 habitaculum
2351 697 2503 740 sedem·
2576 720 2580 747 j

1521 766 1597 804 que
1617 766 1863 792 communem
1885 767 1896 792 t
1926 753 2062 794 ἔκτισεν
2083 755 2162 796 κτλ.
2175 756 2220 809 ι)

1521 848 1718 898 Πλουτώνη
1738 863 1778 888 τε
1797 848 1907 902 (καὶ)
1925 848 2134 906 Εὐφροσύνη
2150 850 2273 897 Βένδις
2285 867 2324 892 τε
2333 850 2503 906 κραταιή.

1575 953 1763 1004 (Procius
1785 954 1827 990 in
1858 953 1998 993 Theoi.
2018 967 2061 1004 p.
2095 953 2172 993 353
2195 968 2204 992 z
2227 955 2303 995 Τοῦ
2321 953 2504 1008 Θεολόγου

1523 1014 1616 1063 μετὰ
1640 1015 1710 1052 τῶν
1730 1014 1873 1052 πολλῶν
1891 1015 1953 1061 τῆς
1973 1011 2133 1062 Σελήνης
2158 1012 2340 1066 ὀνομάτων
2358 1013 2421 1055 καὶ
2438 1012 2504 1064 τὴν

1518 1071 1644 1113 Βένδιν
1672 1074 1721 1118 εἷς
1743 1071 1808 1120 τὴν
1834 1072 1913 1112 θεὸν
1943 1071 2226 1125 ἀναπέμποντος.
2251 1075 2467 1125 Hesychius
2490 1084 2503 1115 ἕ

1520 1131 1643 1178 Βένδις
1658 1163 1670 1183 ,
1697 1135 1719 1181 ἡ
1736 1128 1902 1187 Ἄρτεμις
1922 1131 2103 1186 Θρᾳκιστί
2114 1133 2138 1186 ).

1711 1244 1855 1294 Ἀτελής
1873 1245 1938 1299 (τε)
1956 1245 2083 1299 γάμων
2103 1244 2167 1285 καὶ
2179 1244 2323 1300 ἄπειρος
2342 1246 2450 1286 ἰοῦσα

1519 1304 1733 1358 παιδογόνον
1751 1304 1876 1359 λοχίης
1894 1305 2013 1354 πάσης
2034 1303 2101 1344 ἀνὰ
2121 1304 2279 1360 πείρατα
2300 1304 2392 1347 λύει,

1575 1417 1763 1470 (Procius
1790 1419 1831 1456 in
1851 1418 1955 1459 Crat.
1981 1431 2022 1469 p.
2053 1431 2127 1456 ιη
2147 1430 2157 1458 2
2183 1417 2304 1465 Φησὶν
2326 1415 2502 1473 Ὀρφεύς·

1520 1475 1663 1525 Ἆτελὴς
1687 1476 1814 1530 γάμων
1838 1478 1916 1516 κτλ.
1945 1479 2096 1515 Inserui
2126 1492 2165 1516 τε
2187 1491 2277 1516 cum
2305 1479 2506 1517 Lobeckio

1518 1537 1710 1588 Aglaoph.
1730 1550 1769 1587 p.
1793 1535 1891 1584 545,
1914 1538 1981 1586 qui
2000 1544 2104 1574 recte
2121 1544 2254 1575 monet
2271 1538 2398 1588 accipi
2424 1538 2507 1577 haec

1520 1596 1642 1634 verba
1659 1596 1709 1634 de
1727 1597 1852 1634 Diana
1866 1609 1951 1646 quae
1967 1604 2158 1647 perpetua
2171 1597 2392 1648 virginitate
2410 1609 2508 1649 gau-

1520 1656 1588 1695 det
1607 1663 1820 1708 partusque
1838 1655 2004 1708 tuetur.)

1913 1803 2030 1836 LVIII.

1441 1863 1678 1906 primogenitus
1695 1862 1882 1904 Phaethon,
1899 1861 2046 1896 altissimi
2064 1862 2197 1897 aetheris
2228 1862 2333 1905 filius.

1438 1923 1573 1957 domum
1594 1932 1768 1965 perennem
1785 1923 2023 1957 immortalibus
2042 1923 2196 1957 condidit.
2211 1933 2254 1952 -·-

1438 1984 1577 2018 Plutone
1592 1985 1627 2017 et
1640 1983 1854 2026 Euphrosyne
1868 1985 1901 2017 et
1921 1982 2027 2017 valida
2043 1980 2162 2018 Bendis
2172 1979 2223 2026 (s.
2245 1982 2374 2024 Diana).
2389 2001 2432 2011 —

1734 2043 1963 2086 Immunisque
1980 2043 2179 2078 matrimonii
2194 2043 2228 2077 et
2243 2051 2360 2085 expers

1402 2104 1408 2125 Λ
1440 2103 1547 2138 omnis
1567 2103 1729 2147 puerperii
1745 2103 1827 2138 fines
1842 2103 1952 2138 solvit.

2604 3504 2612 3512 ι
2606 3444 2612 3491 -...=
2604 3390 2612 3433 μμ..
2611 3360 2612 3364 Α
2609 3341 2612 3348 .
2604 3261 2612 3328 ,ε’-Ἃ.
2607 3220 2612 3243 ,-.
2604 3151 2612 3167 ι.
