2612 3814
1160 250 1227 291 DE
1255 251 1485 291 ORPHEO.

258 345 525 393 QuumHenr.
561 342 775 392 Stephanus
797 343 838 379 in
863 341 975 379 Poesi
1001 343 1266 392 philosophica

202 406 294 444 satis
313 405 431 442 multa
449 404 714 453 Orphicorum
735 409 958 454 poematum
981 403 1191 454 fragmenta
1208 403 1264 440 di-

204 464 364 514 ligenter
383 463 611 513 collegisset,
627 475 698 512 par
714 469 795 499 erat
808 469 987 512 posteros
1000 463 1100 499 viam
1126 462 1174 499 ab
1197 463 1266 498 illo

204 530 451 560 monstratam
467 523 655 572 ingressos
673 522 826 572 longius
850 535 966 571 quam
984 523 1067 572 ipse
1086 522 1267 559 voluisset

203 582 399 632 progredi.
422 585 473 619 At
495 581 801 618 Eschenbachius
828 581 870 617 in
898 581 1158 631 Orphicorum
1184 580 1268 617 edi-

204 642 308 678 tione
338 640 502 689 Trajecti
532 640 581 677 ad
611 641 790 677 Rhenum
821 653 856 679 a.
899 640 1001 690 1689
1022 640 1268 690 promulgata

202 700 404 737 maximam
420 699 653 749 fragminum
674 700 830 736 illorum
858 707 1008 748 partem
1030 700 1171 746 omisit,
1190 698 1266 737 Ar-

180 764 183 766 '
202 760 429 810 gonaufica,
468 760 638 808 Hymnos
670 766 708 796 et
739 759 888 795 Lithica
913 759 1104 797 lectorum
1137 759 1269 796 studiis

202 818 376 857 sufficere
408 820 604 870 opinatus,
636 831 763 868 neque
794 820 918 855 multo
954 819 1084 868 plures
1122 819 1268 868 Orphei

203 878 388 928 reliquias
407 880 447 915 in
466 881 635 929 Epigene
649 879 875 930 Noribergae
898 891 997 926 1702
1015 878 1119 916 edito
1134 879 1266 928 vulga-

203 940 270 977 vit.
286 938 359 976 Cui
378 940 481 976 malo
498 939 644 976 mederi
664 940 821 988 cupiens
835 937 1026 985 Gesnerus
1046 950 1146 974 anno
1167 951 1179 974 1
1191 938 1265 984 764

205 999 339 1049 Lipsiae
357 999 502 1049 Orphei
519 999 692 1036 carmina
709 999 911 1036 emendata
923 1006 961 1035 et
971 1005 1083 1036 aucta
1098 998 1271 1046 publica-

208 1059 273 1097 vit.
304 1059 380 1107 Qui
419 1059 591 1107 quamvis
629 1071 781 1096 omnem
821 1071 905 1106 quae
936 1057 1009 1106 ipsi
1037 1056 1270 1106 suppetebat

206 1117 512 1167 fragmentorum
551 1117 700 1163 copiam
737 1117 911 1154 consulto
946 1116 1130 1165 Stephani
1167 1115 1267 1151 libro

206 1177 367 1226 aliisque
382 1177 557 1226 plurimis
571 1177 960 1229 voluminibus-novae
985 1176 1148 1213 editioni
1169 1180 1269 1212 insc-

205 1249 290 1274 rere
307 1237 527 1274 destinasset
550 1249 559 1275 :
580 1244 708 1274 tamen
726 1235 876 1285 judicio
894 1237 1021 1286 lapsus
1033 1249 1114 1273 non
1131 1244 1270 1273 cuncta

207 1309 290 1344 quae
310 1296 524 1346 Stephanus
536 1296 685 1345 praebet
703 1296 914 1346 fragmenta
933 1297 1101 1347 repetiit.
1123 1297 1270 1333 Existi-

204 1355 334 1392 mabat
354 1357 469 1402 enim,
490 1363 534 1391 ut
551 1356 626 1393 hoc
643 1363 730 1393 utar
749 1357 940 1405 exemplo,
954 1369 1084 1394 versus
1098 1368 1120 1392 a
1138 1358 1270 1393 Tzetze

204 1428 278 1465 pro
297 1415 476 1465 Orphicis
491 1416 646 1452 habitos
663 1416 729 1465 qui
743 1417 784 1452 in
805 1417 961 1453 Maximi
979 1417 1149 1453 carmine
1164 1416 1270 1465 apud

205 1474 424 1512 Fabricium
453 1475 550 1514 Bibl.
565 1475 688 1514 Graec.
712 1476 791 1515 vol.
814 1477 906 1513 VIII
925 1476 1107 1525 leguntur
1139 1476 1267 1512 exclu-

205 1534 351 1572 dendos
371 1547 463 1573 esse.
498 1535 618 1583 Atqui
642 1535 765 1571 multo
794 1535 1036 1572 verisimilius
1062 1542 1117 1572 est
1147 1536 1268 1572 Maxi-

205 1607 311 1631 mum
338 1595 483 1631 alienos
522 1607 653 1631 versus
685 1595 855 1631 miscello
885 1595 1046 1631 carmini
1076 1595 1265 1641 intulisse,

206 1666 321 1703 quam
340 1656 525 1700 Tzetzem,
549 1654 706 1691 doctum
725 1655 1032 1705 grammaticum,
1057 1654 1096 1690 in
1113 1654 1268 1691 citando

204 1714 344 1751 horum
356 1715 636 1751 versiculorum
649 1722 807 1751 auctore
822 1714 959 1764 saepius
971 1726 1131 1752 errasse.
1145 1715 1269 1751 Porro

205 1773 407 1824 Gesnerus,
430 1773 499 1811 etsi
513 1773 660 1826 profuit
677 1774 852 1823 Orpheo,
872 1782 998 1811 tamen
1019 1787 1138 1823 quum
1156 1775 1270 1812 latine

206 1845 323 1882 quam
346 1846 467 1883 graece
492 1834 649 1871 doctior
679 1841 788 1883 esset,
812 1847 910 1883 opus
938 1835 1047 1883 quod
1076 1847 1271 1885 aggressus

206 1900 288 1929 erat
299 1893 497 1929 inchoavit
512 1893 631 1942 magis
644 1906 759 1942 quam
768 1893 945 1933 absolvit.
959 1895 1094 1942 Itaque
1105 1894 1268 1933 Godofr.

206 1952 449 1988 Hermannus
476 1953 516 1988 in
545 1952 684 1988 eodem
717 1953 905 2002 scriptore
941 1954 1074 2003 Lipsiae
1105 1967 1141 1990 a.
1170 1952 1268 1991 1805

206 2011 440 2061 divulgando
457 2013 733 2061 amplissimum
755 2020 890 2050 nactus
921 2026 1101 2063 campum
1130 2013 1171 2049 in
1191 2026 1269 2062 quo

205 2072 349 2121 ingenii
376 2072 434 2108 vis
458 2078 679 2108 excurreret
702 2072 824 2108 multa
849 2072 950 2109 vidit
984 2086 1067 2121 quae
1088 2073 1268 2123 fugerant

205 2131 413 2168 Gesnerum
426 2159 436 2177 ‚
471 2143 597 2180 neque
619 2131 742 2167 solum
775 2131 921 2180 majora
954 2132 1100 2182 Orphei
1128 2145 1268 2169 monu-

205 2197 334 2227 menta
354 2196 531 2227 accurate
559 2191 764 2239 recensuit,
797 2191 864 2228 sed
890 2192 1001 2228 etiam
1020 2199 1201 2229 contexta
1221 2193 1268 2230 de

207 2257 316 2286 aetate
335 2249 535 2298 scriptoris
559 2250 912 2299 Argonauticorum
933 2250 1196 2289 dissertatione
1221 2253 1271 2290 ad

205 2309 325 2346 libros
356 2310 548 2359 Orphicos
582 2322 629 2346 ex
662 2311 840 2356 veritate,
874 2324 955 2347 non
984 2324 1031 2348 ex
1055 2314 1270 2362 pervagatis

207 2369 454 2417 opinionibus
468 2369 706 2406 aestimandos
721 2370 882 2406 multum
898 2371 1039 2409 attulit.
1053 2371 1128 2407 Sed
1137 2384 1268 2420 quam·

207 2440 323 2476 quam
343 2427 391 2465 de
411 2429 553 2465 caeteris
566 2429 800 2466 carminibus
815 2430 914 2478 bene
931 2431 1111 2468 meruisse
1132 2431 1272 2468 dicen-

208 2486 278 2524 dus
294 2494 360 2533 est,
374 2486 585 2536 fragmenta
599 2495 725 2525 tamen
739 2501 861 2538 prope
873 2490 1050 2539 neglexit.
1065 2491 1191 2537 Quum
1202 2502 1268 2526 au-

209 2553 284 2582 tem
299 2546 421 2594 majus
439 2554 662 2594 poematum
681 2547 988 2596 fragminumque
1012 2549 1272 2597 Orphicorum

209 2617 350 2655 corpus
363 2605 520 2652 deesset,
538 2618 616 2655 quo
629 2614 773 2643 cunctae
788 2606 1052 2656 Orphicorum
1064 2615 1271 2656 poetarum

209 2665 380 2713 reliquiae
406 2665 718 2711 continerentur,
749 2665 816 2702 has
836 2667 982 2715 primus
1007 2667 1188 2717 colligere
1208 2669 1268 2704 in—

208 2723 332 2761 stituit
351 2724 392 2760 C.
412 2724 515 2773 Aug.
543 2723 761 2761 Lobeckius
791 2724 831 2760 in
849 2725 1100 2775 Aglaophami
1126 2727 1206 2763 sive
1224 2727 1271 2764 de

208 2782 409 2832 theologiae
428 2784 596 2831 mysticae
606 2783 828 2821 Graecorum
843 2785 965 2821 causis
982 2785 1081 2821 libro
1099 2786 1269 2823 secundo

212 2840 463 2891 (Regimontii
486 2844 712 2879 Prussorum
743 2842 875 2893 1829).
896 2844 969 2881 Hic
995 2852 1040 2881 ut
1064 2846 1270 2895 colligendi

208 2901 337 2937 studio
354 2902 500 2951 Orphei
517 2902 685 2939 editores
710 2915 842 2940 omnes
855 2905 1050 2952 superavit
1071 2917 1079 2941 :
1097 2905 1149 2941 ita
1168 2905 1271 2942 haud

208 2960 288 2996 scio
308 2972 358 2997 an
374 2962 543 2998 collectis
563 2962 678 2999 etiam
698 2963 793 2999 locis
818 2963 867 2999 ab
887 2964 1058 3013 Orphica
1085 2965 1272 3014 sapientia

208 3020 339 3057 alienis
351 3026 634 3070 supervacanea
649 3023 868 3060 necessariis
886 3023 1142 3062 admiscuerit.
1155 3025 1271 3061 Nam-

209 3091 285 3128 que
302 3079 511 3129 disciplinae
530 3093 771 3131 operuinque
788 3083 1048 3133 Orphicorum
1070 3085 1270 3135 ambiguos

210 3145 248 3175 et
266 3139 434 3176 incertos
450 3153 527 3178 esse
547 3139 642 3177 fines
671 3154 785 3178 nemo
814 3143 979 3192 negabit.
1007 3143 1271 3190 Quemadmo-

170 3233 174 3236 .
214 3197 308 3234 dum
327 3211 421 3236 vero
445 3200 618 3247 Proclus,
637 3202 800 3247 Tzetzes‚
822 3203 844 3238 J
847 3215 886 3238 o.
910 3202 1104 3239 Diaconus
1128 3204 1271 3253 aliique

211 3257 369 3294 istarum
388 3260 640 3308 reliquiarum
659 3261 837 3298 custodes
865 3261 1033 3299 adeundi
1050 3263 1162 3299 nobis
1180 3271 1270 3301 sunt

211 3316 260 3353 ad
277 3317 453 3366 Orphicae
482 3320 607 3369 poesis
637 3320 756 3359 frusta
779 3321 1024 3371 congerenda
1051 3329 1089 3359 et
1112 3323 1270 3361 minima

211 3377 372 3426 vestigia
391 3377 608 3428 indaganda
627 3391 636 3415 ε
659 3379 713 3416 sic
735 3380 890 3416 illorum
911 3381 1117 3418 auctoritas
1144 3394 1216 3431 per
1229 3394 1269 3419 se

211 3435 307 3470 nihil
325 3436 425 3473 valet
444 3437 495 3474 ad
513 3438 727 3475 istiusmodi
748 3439 966 3489 congeriem
986 3447 1024 3476 et
1053 3441 1270 3489 antiquitati

212 3502 250 3531 et
269 3495 444 3542 Orphicae
468 3496 652 3534 doctrinae
675 3497 981 3546 adjudicandam.
996 3500 1185 3537 Nimirum
1203 3513 1270 3538 ve-

2314 259 2387 294 165

1327 350 1453 379 terum
1480 342 1629 379 incuria
1662 341 1904 392 Pythagorea
1925 345 2038 380 etiam
2067 352 2104 381 ct
2132 345 2390 393 Empedoclea

1328 409 1443 451 atque
1474 395 1637 439 aliorum
1665 409 1871 451 poetarum
1898 404 2067 440 carmina
2098 417 2186 441 cuin
2209 405 2388 454 Orphicis

1329 460 1517 507 confudit,
1534 473 1556 497 a
1566 459 1708 509 quibus
1716 460 1912 497 erroribus
1924 473 1971 497 ne
1985 463 2219 499 recentiores
2235 463 2393 513 quidem

1328 521 1516 557 immunes
1537 518 1707 556 fuerunt.
1730 521 1816 568 Quo
1843 520 1882 555 in
1902 532 2041 569 genere
2065 523 2161 558 mire
2181 530 2393 571 peccarunt

1327 580 1525 618 Werferus
1545 580 1632 618 Act.
1650 580 1803 617 Monac.
1822 581 1861 615 ΙΙ
1881 592 1922 629 p.
1951 579 2022 623 134
2041 587 2079 616 et
2103 581 2307 630 Gesnerus,
2327 595 2392 619 ca-

1328 640 1454 689 stigati
1471 652 1493 676 a
1507 639 1703 676 Lobeckio
1720 652 1761 689 p.
1781 638 1858 688 953
1875 651 1982 688 seqq.
1997 641 2047 676 At
2062 640 2278 678 Lobeckius
2295 655 2391 691 quo-

1329 707 1404 747 que
1437 699 1641 748 aliquoties
1667 699 1707 734 in
1729 699 1785 734 his
1807 698 1922 734 rebus
1943 698 2119 751 deliquit.
2142 700 2269 746 Quum
2288 701 2391 736 enim

1327 759 1464 797 suidas
1484 759 1642 809 Orpheo
1657 759 1768 796 etiam
1785 759 1941 795 oracula
1959 755 2165 810 (χρησμούς)
2186 759 2392 806 adscribat,

1329 832 1413 868 quae
1456 819 1507 856 ad
1541 819 1834 857 Onomacritum
1877 825 2077 855 auctorem
2113 818 2392 866 referebantur,

1328 878 1486 915 Proclus
1502 885 1628 915 autem
1646 890 1744 927 saepe
1768 889 1900 914 versus
1921 877 2058 913 afferat
2077 890 2123 914 ex
2155 879 2320 915 oraculis
2345 878 2395 930 (ἐκ

1327 937 1398 974 τῶν
1418 934 1559 989 λογίων)
1590 938 1651 974 vel
1681 950 1729 974 ex
1759 950 1805 974 ea
1839 938 2041 987 disciplina
2063 951 2181 987 quam
2215 937 2394 989 θεολογίαν

1331 998 1409 1035 sive
1440 996 1699 1049 θεοπαράδοτον
1747 997 2002 1048 μυσταγωγίαν
2048 999 2216 1048 appellat
2256 1000 2397 1047 petitos

1331 1069 1474 1106 eosque
1504 1057 1700 1094 interdum
1721 1071 1808 1094 cum
1837 1059 2016 1108 Orphicis
2043 1058 2279 1107 conjungat:
2317 1071 2397 1094 non

1331 1117 1431 1153 male
1452 1118 1571 1154 Henr.
1601 1118 1816 1167 Stephanus
1847 1131 1888 1167 p.
1930 1116 2001 1154 105
2034 1131 2141 1166 seqq.
2175 1115 2397 1166 hujusmodi

1329 1178 1435 1214 locos
1469 1177 1649 1226 Orphicis
1678 1177 1890 1225 subjunxit.
1911 1177 2052 1214 Contra
2078 1175 2299 1214 Lobeckius
2327 1177 2398 1213 hos

1331 1250 1463 1274 omnes
1501 1237 1749 1274 oraculorum
1785 1237 2045 1274 chaldaeorum
2077 1238 2287 1274 versiculos
2318 1250 2397 1274 esse

1329 1297 1537 1346 suspicatus
1552 1309 1599 1333 ex
1620 1296 1796 1346 Orphicis
1814 1297 1965 1334 exemit.
1985 1298 2129 1333 Rursus
2147 1297 2302 1345 Orpheo
2326 1297 2395 1333 do-

1328 1357 1434 1393 navit
1451 1357 1680 1393 versiculum
1706 1368 1728 1392 a
1749 1357 1901 1393 Stobaeo
1924 1357 2054 1395 Floril.
2070 1357 2171 1402 XLI,
2199 1369 2223 1405 9
2250 1355 2394 1405 Pytha-

1329 1429 1431 1466 gorae
1446 1417 1674 1455 attributum
1694 1430 1702 1452 t
1721 1414 1845 1454 Ἀείσω
1863 1416 2052 1461 συνετοῖσι,
2067 1415 2171 1469 θύρας
2189 1416 2218 1453 δ’
2237 1415 2397 1454 ἐπίθεσθε

1331 1473 1494 1525 βέὲηλοι.
1517 1476 1576 1516 Cf.
1594 1477 1847 1527 Aglaopham.
1862 1490 1903 1526 p.
1919 1476 2012 1521 453.
2026 1477 2141 1525 Quod
2161 1490 2396 1526 quamquam

1325 1534 1411 1582 jure
1425 1534 1558 1573 fecisse
1576 1536 1743 1582 videtur,
1763 1536 1955 1585 siquidem
1974 1537 2147 1573 similiter
2170 1537 2322 1574 locutus
2343 1545 2398 1574 est

1329 1594 1505 1644 Orpheus
1524 1594 1662 1645 fragm.
1684 1597 1703 1632 I
1729 1602 1768 1632 et
1789 1597 1828 1632 11
1847 1608 1902 1631 VS.
1927 1608 1942 1632 1
1970 1608 1979 1632 :
2003 1603 2131 1632 tamen
2154 1595 2399 1645 probabilius

1330 1660 1399 1699 est,
1415 1654 1446 1690 si
1468 1652 1640 1700 ejusdem
1672 1653 1743 1690 fuit
1761 1661 1885 1703 poetae
1910 1667 2054 1704 versus,
2088 1667 2169 1691 non
2204 1655 2397 1692 diversum

1330 1712 1444 1749 fuisse
1461 1713 1509 1749 ab
1536 1713 1610 1750 hoc
1635 1726 1643 1749 :
1670 1711 1901 1763 Φθέγξομαι,
1926 1705 1975 1756 οἷς
2001 1712 2099 1763 θέμις
2128 1712 2219 1751 ἐστί·
2239 1712 2342 1766 θύρας
2364 1715 2395 1751 δ’

1331 1770 1489 1810 ἐπίθεσθε
1527 1771 1691 1823 βέὸηλον
1731 1774 1762 1810 si
1794 1774 1840 1809 ab
1869 1773 1944 1809 alio
1976 1775 2211 1823 compositus
2248 1781 2322 1820 est,
2346 1775 2396 1811 ad

1330 1833 1490 1881 Orphici
1524 1833 1812 1869 similitudinem
1841 1845 1919 1869 esse
1951 1833 2109 1871 factum.
2140 1834 2244 1870 Nihil
2273 1842 2397 1872 autem

1330 1891 1570 1940 frequentius
1591 1892 1633 1928 in
1652 1900 1826 1929 veterum
1845 1893 1996 1942 scriptis
2015 1894 2232 1930 istiusmodi
2248 1901 2394 1931 senten-

1330 1952 1468 1988 tiarum
1485 1952 1778 1991 mutationibus.
1793 1954 1867 2003 Ita,
1886 1953 1916 1989 si
1927 1953 2072 2003 Orphei
2089 1953 2162 1990 fuit
2174 1954 2395 2000 versiculus,

1331 2011 1599 2049 emendatione
1618 2019 1727 2062 eget,
1749 2012 1781 2049 si
1796 2013 1890 2049 alius
1907 2020 2045 2062 poetae,
2068 2026 2150 2050 non
2170 2021 2225 2051 cst
2246 2022 2396 2051 mutan-

1330 2071 1415 2108 dus.
1438 2070 1555 2109 Scdsi
1566 2072 1651 2121 quis
1668 2072 1742 2109 hac
1758 2073 1906 2109 ratione
1923 2071 2070 2123 Orphei
2090 2074 2395 2124 apophthegma-

1330 2138 1370 2167 ta
1397 2143 1537 2180 augere
1558 2132 1672 2176 velit,
1709 2132 1831 2182 possit
1859 2145 1976 2181 quam
2009 2133 2197 2183 plurimos
2227 2147 2356 2172 versus
2375 2147 2396 2171 e

1330 2188 1489 2226 Maximi
1519 2189 1710 2236 carmine,
1739 2203 1760 2227 e
1790 2191 1942 2228 Stobaeo
1975 2199 2013 2228 et
2034 2193 2113 2229 aliis
2140 2194 2395 2243 scriptoribus

1330 2251 1558 2299 depromtos
1577 2251 1769 2299 Apollinis
1788 2250 1869 2288 filio
1886 2253 2090 2301 assignare.
2112 2253 2271 2302 Ubique
2291 2255 2395 2291 enim

1329 2311 1464 2347 similia
1486 2310 1587 2347 dicta
1607 2312 1867 2360 reperiuntur.
1901 2311 1982 2349 Etsi
2004 2313 2122 2361 igitur
2141 2326 2255 2349 nemo
2284 2315 2395 2364 plura

1327 2375 1504 2406 veterum
1525 2369 1742 2406 testimonia
1768 2370 1818 2406 ad
1839 2370 1983 2419 Orphei
2002 2372 2227 2408 memoriam
2250 2373 2395 2422 plenis-

1330 2429 1423 2464 sime
1448 2427 1714 2465 renovandam
1737 2428 1927 2476 adhibuit,
1948 2442 2064 2467 nemo
2093 2438 2298 2480 poetarum
2321 2433 2394 2469 Or-

1329 2486 1537 2536 phicorum
1564 2488 1746 2536 reliquias
1773 2489 2025 2527 minutissima
2051 2491 2251 2540 scripturae
2271 2493 2394 2529 varic-

1332 2554 1407 2583 tate
1423 2546 1608 2583 adnotata
1621 2545 1841 2596 diligentius
1856 2549 2010 2598 collegit
2022 2562 2136 2598 quam
2151 2550 2387 2593 Lobeckiu53

1332 2613 1459 2642 tamen
1473 2605 1639 2642 aliorum
1661 2606 1788 2644 studia
1814 2609 1982 2656 mysticae
2001 2610 2195 2659 sapientiae
2214 2618 2395 2660 penetra-

1329 2666 1428 2702 libus
1452 2665 1607 2702 reclusis
1635 2679 1716 2703 non
1744 2674 1823 2704 tam
1842 2667 2020 2705 restinxit
2054 2682 2171 2719 quam
2195 2671 2387 2707 excitavit.

1330 2726 1461 2762 Omnis
1481 2733 1606 2762 autem
1622 2739 1740 2776 opera
1758 2728 1798 2764 in
1819 2728 1877 2764 his
1893 2728 2112 2779 fragmentis
2127 2731 2254 2779 posita
2274 2743 2295 2768 a
2310 2744 2390 2767 ma-

1326 2783 1459 2831 jorum
1481 2786 1693 2822 carminum
1717 2800 1800 2836 quae
1831 2789 1988 2838 Orpheo
2009 2789 2234 2826 tribuuntur
2256 2803 2388 2839 perve-

1330 2844 1533 2894 stigatione
1544 2844 1740 2894 proficisci
1749 2847 1875 2886 debet.
1888 2848 1948 2885 Sic
1961 2851 2062 2885 enim
2070 2849 2249 2886 facillime
2262 2850 2393 2886 dictio-

1329 2905 1388 2941 nis
1407 2912 1444 2941 et
1466 2905 1677 2943 similitudo
1702 2914 1740 2944 et
1762 2907 2033 2945 dissimilitudo
2059 2909 2389 2946 animadvertitur.

1330 2964 1370 3001 Si
1395 2965 1480 3013 quis
1498 2977 1592 3002 vero
1630 2966 1778 3017 singula
1810 2967 1930 3006 verba
1962 2975 1999 3005 et
2029 2969 2215 3018 loquendi
2252 2981 2393 3019 genera

1330 3025 1566 3074 compararit
1589 3038 1849 3076 versuumque
1873 3028 2129 3077 proprietates
2149 3029 2358 3071 attenderit
2381 3043 2389 3065 ε

1327 3097 1504 3134 magnam
1532 3086 1773 3135 reliquorum
1806 3087 1999 3124 librorum
2032 3087 2217 3137 fragmina
2251 3090 2393 3139 partim

1330 3157 1417 3180 cum
1435 3146 1727 3194 Argonauticis,
1740 3147 1880 3196 partim
1901 3160 1988 3183 cum
2004 3148 2183 3196 Hymnis,
2208 3161 2287 3184 non
2301 3149 2392 3184 item

1330 3216 1418 3240 cum
1447 3205 1608 3241 Lithicis
1634 3206 1950 3243 necessitudinem
1971 3213 2008 3244 et
2035 3209 2304 3257 cognationem
2324 3207 2392 3244 ha-

1328 3263 1421 3302 bcre
1432 3265 1609 3301 inveniet.
1622 3266 1705 3303 Hac
1711 3265 1790 3314 jam
1807 3267 1959 3316 pridem
1973 3275 2190 3317 perspecta,
2202 3275 2389 3316 quantum

1329 3324 1368 3360 in
1399 3324 1550 3361 lubrico
1580 3327 1745 3362 versanti
1764 3326 1905 3363 licebat
1925 3327 2048 3363 aliena
2067 3327 2115 3363 ab
2137 3327 2315 3375 Orphicis
2335 3340 2389 3363 se-

1329 3383 1481 3432 gregavi
1495 3411 1506 3430 ,
1527 3395 1807 3433 supervacanea
1825 3386 1954 3432 omisi,
1972 3392 2158 3433 corrupta
2179 3396 2262 3432 quae
2277 3396 2388 3433 supe-

1330 3442 1453 3478 riores
1485 3442 1652 3479 editores
1698 3443 1840 3480 intacta
1885 3444 2121 3492 reliquerant
2165 3443 2388 3489 emendavi,

1332 3512 1463 3537 omnes
1479 3500 1644 3550 denique
1661 3514 1791 3538 versus
1811 3503 1946 3538 latinos
1963 3502 2048 3539 feci.
