2612 3814
397 283 1126 388 HPAKAEITOY
1195 300 2116 384 ΑΠΟΣΠΑΣΜΑΤΙΑ.

209 579 239 607 Ι.
262 567 295 605 Τ
297 567 336 603 οῦ
355 563 457 615 λόγου
476 564 576 603 τοῦδε
588 562 707 607 ’ἐόντος
731 562 800 601 αἰεὶ
826 561 982 608 ἀξύνετοι
998 561 1153 615 γίνονται
1174 561 1233 601 ἄν·

261 629 411 677 θρωποι,
431 622 492 663 καὶ
523 622 671 676 πρόσθεν
698 621 721 670 ἢ
753 624 921 679 ἀκοῦσαι,
942 621 1003 661 καὶ
1023 620 1234 664 ἀκούσαντες

263 684 303 722 τὸ
317 685 469 736 πρῶτον.
486 681 684 732 Γινομένων
702 680 769 734 γὰρ
785 680 925 720 πάντων
945 678 1035 718 κατὰ
1050 680 1108 720 τὸν
1131 678 1233 731 λόγον

259 743 376 790 τόνδε,
398 740 572 794 ἀπείροισι
603 740 758 788 ἐοίκασι,
792 740 1001 792 πειρώμενοι
1034 738 1094 778 καὶ
1123 738 1233 778 ἐπέων

258 801 319 840 καὶ
351 800 460 854 ἔργων
486 800 680 848 τοιουτέων,
700 800 798 839 ὁκοῖα
829 799 897 851 ἐγὼ
919 800 1126 851 διηγεῗὶμαι,
1145 800 1232 837 διαι·

260 861 346 915 ρέων
366 859 457 900 κατὰ
478 859 580 914 φύσιν
599 859 659 898 καὶ
686 860 825 913 φράζων
861 858 950 904 ὅκως
969 858 1057 912 ἔχει.
1078 857 1170 901 Τοὺς
1200 858 1234 896 δὲ

260 919 386 964 ἄλλους
438 920 639 972 ἀνθρώπους
682 918 845 958 λανθάνει
888 915 996 955 ὁκόσα
1043 915 1236 968 ἓγερθέντες

259 977 438 1027 ποιέουσι,
479 978 642 1030 ὅκωσπερ
690 977 798 1016 ὁκόσα
842 974 994 1019 εὕδοντες
1046 974 1236 1012 ἐπιλανθά-

259 1053 396 1078 νονται.

315 1097 506 1147 (Clemens
522 1095 667 1134 Strom.
684 1094 731 1143 V,
756 1100 799 1140 14
819 1108 857 1146 p.
883 1094 959 1142 716
985 1100 1022 1131 et
1045 1090 1237 1130 Eusebius

259 1157 383 1208 Praep.
407 1156 552 1205 Evang.
568 1153 683 1202 Xlll;
707 1155 799 1192 item
827 1152 1063 1205 Hippolytus
1093 1151 1235 1191 Haeres.

262 1216 386 1257 Refut.
403 1230 444 1267 p.
462 1217 537 1253 280
549 1214 608 1252 ed.
623 1213 765 1253 Miller.
783 1227 791 1251 :
808 1213 874 1266 qui
894 1224 1027 1253 omnes
1041 1211 1155 1248 initio
1170 1210 1236 1248 ha-

261 1274 355 1313 bent
373 1275 458 1326 (τοῦ)
476 1273 580 1325 λόγου
594 1277 654 1312 τοῦ
667 1272 813 1315 δέοντος.
832 1272 984 1310 Rectam
1005 1271 1236 1321 scripturam

267 1333 426 1371 exhibet
453 1332 683 1371 Aristoteles
715 1331 825 1369 Rhet.
850 1330 929 1378 111,
951 1330 991 1380 5,
1021 1329 1090 1380 qui
1121 1329 1236 1367 simul

260 1392 496 1430 Heraclitum
523 1403 622 1442 opus
650 1403 762 1429 suum
793 1390 840 1427 ab
861 1389 923 1427 his
951 1387 1084 1427 verbis
1103 1401 1236 1426 orsum

258 1463 343 1489 esse
388 1458 563 1488 testatur.
609 1449 655 1487 In
697 1449 951 1500 sequentibus
1001 1447 1238 1499 Hippolytus

260 1509 399 1562 ἄπειροι
419 1508 506 1547 εἰσὶν
535 1508 689 1556 ἐοίκασι,
710 1508 889 1547 Clemens
918 1507 1056 1560 ἄπειροι
1079 1507 1236 1554 ἐοίκασι,

259 1569 327 1607 sed
348 1568 563 1620 requiritur
587 1566 764 1619 ἀπείροισι
784 1566 919 1605 ἐοίκασι
944 1565 1050 1617 quod
1071 1565 1238 1616 conjecit

263 1627 499 1678 Bernaysius
519 1626 621 1664 Mus.
644 1625 715 1666 Rh.
734 1623 786 1662 lX
803 1638 844 1677 p.
865 1629 956 1669 242.
972 1625 1149 1675 Denique
1163 1637 1236 1675 pro

262 1689 431 1734 ποιοῦσιν,
451 1693 493 1724 ut
513 1694 570 1723 est
589 1684 692 1736 apud
713 1683 949 1721 Clementem
967 1691 1004 1720 et
1026 1681 1235 1721 Eusebium

262 1746 331 1796 qui
349 1745 425 1783 soli
445 1753 658 1782 extremam
677 1742 907 1781 sententiam
926 1740 1026 1793 stobe:
1055 1740 1091 1780 δὲ
1112 1741 1238 1784 ἄλλους

262 1804 352 1854 κτλ.)
377 1807 604 1850 servarunt,
627 1803 786 1854 reposui
806 1801 992 1852 ποιέουσι.)

206 1877 236 1902 2.
260 1861 428 1912 Ἀμαθίην
444 1862 512 1915 γὰρ
531 1862 687 1913 ἄμεινον,
703 1860 749 1905 ὥς
769 1876 873 1914 φησιν
890 1859 1139 1912 εΗροίκλειτος,
1157 1857 1237 1912 κρύ·

262 1938 372 1960 πτειν·
392 1920 492 1974 ἔργον
510 1920 545 1959 δὲ
566 1922 601 1959 ἐν
623 1920 737 1959 ἀνέσει
752 1919 812 1958 καὶ
832 1919 918 1973 παρ’
935 1913 1037 1957 οἶνον.

316 1981 561 2034 (Plutarchus
589 1980 795 2019 Convival.
820 1979 931 2031 Disp.
959 1978 1029 2017 lib.
1058 1978 1117 2016 111
1151 1978 1237 2016 init.

262 2041 343 2079 vol.
371 2039 422 2078 XI
456 2052 545 2091 pag.
587 2045 673 2084 ιο4.
698 2038 885 2077 Similiter
923 2037 1098 2076 Stobaeus
1131 2036 1234 2077 Flor.

260 2099 406 2150 XVlH,
424 2100 472 2137 32
491 2113 499 2137 :
521 2097 690 2150 ἀμαθίην,
715 2097 762 2142 ὥς
782 2112 887 2153 φησιν
907 2095 1159 2150 Ἡράκλειτος,
1180 2095 1240 2134 καὶ

263 2157 378 2202 ἄλλως
391 2157 557 2211 κρύπτειν
565 2155 667 2210 ἔργον
676 2155 782 2205 ἐστίν,
794 2158 827 2195 ἐν
837 2154 918 2207 οἴνῳ
930 2154 966 2194 δὲ
978 2155 1238 2208 χαλεπώτερον.

264 2218 387 2256 Aliter
397 2215 631 2255 Plutarchus
642 2217 690 2255 de
701 2216 911 2254 Auditione
925 2228 1010 2267 cap.
1029 2229 1065 2263 7,
1076 2215 1155 2253 vol.
1170 2213 1240 2252 Vll

265 2290 306 2328 p.
337 2278 408 2321 143
431 2290 438 2314 :
463 2275 557 2328 τάχα
579 2274 643 2327 μὲν
677 2274 745 2327 γὰρ
774 2274 851 2313 οὐδὲ
891 2273 1045 2324 ἀμαθίην
1074 2275 1240 2326 κρύπτειν

263 2335 421 2387 ἄμεινον,
445 2333 493 2379 ὥς
524 2350 628 2388 φησιν
662 2333 914 2386 Ἡράκλειτος,
948 2334 1026 2373 ἀλλ’
1053 2333 1100 2378 εἷς
1135 2331 1241 2384 μέσον

263 2394 396 2434 τιθέναι
428 2393 487 2433 καὶ
507 2392 726 2444 Θεραπεύειν,
749 2392 817 2431 sed
843 2392 965 2443 magis
995 2393 1122 2431 ionice
1151 2391 1240 2429 Sto-

263 2454 369 2494 baeus
385 2454 490 2496 Flor.
508 2453 582 2502 lll,
601 2454 648 2491 82
668 2465 678 2492 :
696 2452 860 2504 κρύπτειν
881 2452 1034 2502 ἀμαθίην
1054 2451 1201 2505 κρέσσον
1219 2450 1241 2498 ἢ

267 2514 300 2555 ἐς
316 2512 355 2551 τὸ
379 2511 484 2562 μέσον
507 2511 637 2564 φέρειν.
667 2511 844 2550 Priorem
872 2511 1069 2550 sententiae
1092 2519 1239 2562 partem

266 2573 387 2611 solam
408 2571 520 2609 affert
536 2571 765 2610 Plutarchus
785 2571 879 2611 virt.
902 2571 988 2610 doc.
1021 2584 1123 2622 poss.
1153 2584 1239 2623 cap.

1374 575 1410 609 2,
1425 561 1505 600 vol.
1523 559 1575 598 IX
1588 574 1626 612 p.
1643 561 1716 608 387
1737 572 1747 599 ε
1765 559 1919 611 ἀμαθίαν
1937 560 2004 612 γὰρ
2022 559 2249 613 Ἡράκλειτός
2264 576 2348 614 φησι

1373 619 1538 672 κρύπτειν
1558 618 1728 671 ἄμεινον.)

1319 694 1350 721 3.
1373 681 1427 720 Οὐ
1447 679 1514 732 γὰρ
1534 679 1717 732 φρονέουσι
1743 680 1889 717 τοιαῦτα
1921 676 2044 716 πολλοὶ
2073 675 2203 716 τούτων
2233 676 2349 716 ὁκόσοι

1372 738 1532 777 ἐκείνοισι
1552 736 1818 791 ἐγκυρσεύουσι,
1832 735 1910 776 οὐδὲ
1931 736 2098 787 μαθόντες
2117 734 2349 789 γινώσκουσι,

1375 798 1530 836 ἑαυτοῖσι
1563 796 1598 836 δὲ
1633 795 1809 844 δοκέουσι,
1829 796 1922 835 κατὰ
1956 795 2015 835 τὸν
2050 797 2207 847 γενναῖον
2237 793 2352 847 Ἡρά-

1374 858 1524 896 κλειτον.

1430 917 1618 966 (Clemens
1649 916 1792 955 Strom.
1833 915 1890 962 ll,
1929 928 1951 953 2
1990 928 2031 966 p.
2074 915 2165 959 432.
2200 915 2353 953 Inserui

1376 974 1506 1014 τούτων
1538 984 1576 1014 et
1595 974 1776 1023 ἐκείνοισι;
1797 974 1909 1013 codd.
1932 972 2057 1013 πολλοὶ
2088 972 2203 1013 ὁκόσοι
2225 975 2353 1026 ἐγκυρ-

1377 1034 1566 1087 σεύουσιν,)

1323 1105 1354 1133 4.
1377 1092 1484 1131 Ἀλλὰ
1507 1093 1575 1145 γὰρ
1597 1095 1773 1146 ἀτεχνῶς,
1792 1086 1916 1143 οἶμαι,
1940 1090 2107 1144 ἁρμόττει
2132 1092 2202 1136 τοῖς
2228 1090 2354 1142 ὁμοίως

1377 1154 1458 1203 ὑμῖν
1493 1153 1742 1204 ἀντιλέγουσιν,
1777 1152 1866 1204 ἅπερ
1896 1150 2125 1203 Ἡράκλειτος
2152 1153 2170 1189 ὁ
2195 1151 2354 1204 Ἐφέσιος

1378 1212 1528 1262 εἴρηκεν,
1550 1229 1567 1245 «
1591 1210 1760 1255 Ἀξύνετοι
1792 1210 2003 1253 ἀκούσαντες
2035 1215 2164 1263 κωφοῖς
2199 1209 2354 1249 ἐοίκασι·

1379 1270 1477 1322 φάτις
1497 1270 1631 1308 αὐτοῖσι
1655 1269 1845 1323 μαρτυρέει
1862 1268 2055 1319 παρεόντας
2082 1270 2239 1308 ἀπεῖναι.
2259 1288 2273 1303 1·

1434 1329 1717 1380 (Theodoretus
1739 1330 1820 1369 vol.
1842 1327 1892 1366 lv
1914 1342 1952 1379 p.
1981 1342 2055 1376 712
2091 1328 2155 1367 ed.
2181 1328 2265 1367 Hal.
2292 1328 2351 1368 Cf.

1378 1388 1557 1426 Clemens
1587 1388 1731 1428 Strom.
1756 1387 1824 1426 lib.
1852 1386 1895 1435 V,
1925 1392 1968 1431 ι4
1998 1401 2040 1438 p.
2068 1387 2164 1438 7¹3,
2188 1386 2258 1425 ubi
2282 1401 2355 1438 pro

1378 1448 1521 1486 ἀπεῖναι
1554 1448 1653 1486 male
1694 1447 1836 1497 legitur
1868 1444 2021 1485 ἀπιέναι.
2059 1446 2254 1485 Caeterum
2284 1441 2354 1484 *co-

1377 1505 1508 1543 dicum
1542 1505 1747 1543 lectionem
1791 1506 1963 1558 μαρτυρεῖ
2002 1505 2150 1543 mutavi
2185 1505 2227 1543 in
2260 1519 2357 1557 μαρ-

1376 1563 1516 1616 τυρέει.)

1324 1635 1354 1663 5.
1377 1621 1560 1666 Ἀπίστους
1574 1622 1670 1667 τινὰς
1687 1615 1775 1661 εἶναι
1789 1622 1991 1676 ,ἐπιστύφων
2004 1621 2234 1675 ἹΙρᾶκλειτός
2251 1638 2355 1677 φησιν

1378 1699 1393 1715 «
1407 1682 1555 1719 ἀκοῦσαι
1574 1683 1636 1720 οὐκ
1658 1681 1884 1732 ἐπιστάμενοι
1898 1680 1969 1720 οὐδ’
1986 1682 2110 1730 εἰπεῖν,
2133 1700 2148 1717 u
2165 1681 2357 1735 ὠφεληθεὶς

1378 1738 1548 1786 δήπουθεν
1571 1738 1668 1791 παρὰ
1687 1741 1933 1791 Σολομῶντος.

1431 1798 1623 1851 (Clemens
1643 1799 1788 1838 Strom.
1809 1799 1854 1844 11,
1881 1800 1902 1837 5
1925 1813 1964 1851 p.
1992 1803 2099 1845 442.)

1323 1871 1355 1897 ο.
1380 1856 1490 1902 Κύνες
1504 1858 1572 1912 γὰρ
1588 1856 1756 1910 βαΰζουσι
1773 1858 1808 1897 ὃν
1825 1857 1866 1896 ἂν
1885 1859 1934 1908 μὴ
1945 1857 2231 1909 γινώσκωσικαθ’
2247 1857 2358 1911 Ἡρά-

1379 1918 1530 1958 κλειτον.

1431 1977 1679 2028 (Plutarchus
1708 1990 1757 2015 an
1790 1977 1875 2015 seni
1908 1979 1959 2015 sit
1978 1990 2058 2027 ger.
2077 1989 2182 2028 resp.
2203 1990 2288 2028 cap.
2323 1991 2358 2024 7,

1378 2036 1459 2074 vol.
1488 2035 1561 2074 XlI
1590 2049 1678 2088 pag.
1707 2050 1795 2076 110.
1818 2036 1943 2074 Omisi
1963 2035 2023 2075 καὶ
2055 2044 2143 2088 post
2171 2034 2238 2088 γὰρ
2271 2048 2358 2073 cum

1383 2094 1565 2147 Reiskio.)

1324 2169 1356 2195 7.
1379 2156 1495 2194 Τοῦτο
1514 2155 1574 2194 καὶ
1600 2154 1835 2209 Ἡράκλειτος
1855 2158 1873 2195 ὃ
1893 2153 2055 2208 Ἐφέσιος
2086 2155 2126 2194 τὸ
2152 2154 2268 2207 λόγιον
2289 2172 2359 2194 πα-

1383 2215 1562 2268 ραφρᾶσας
1582 2214 1718 2267 εἴρηκεν
1736 2233 1751 2250 «
1769 2214 1858 2254 Ἐὰν
1879 2216 1929 2267 μὴ
1955 2215 2128 2266 ἔλπησθε,
2150 2214 2358 2255 ἀνέλπιστον

1380 2276 1443 2314 οὐκ
1461 2274 1664 2327 ἐξευρήσετε
1684 2274 1902 2329 ἀνεξεύρετον
1923 2274 1978 2315 ἐὸν
1992 2275 2052 2314 καὶ
2072 2275 2215 2328 ἄπορον.
2236 2293 2252 2310 »³

1438 2334 1631 2387 (Clemens
1644 2334 1789 2375 Strom.
1810 2335 1862 2382 ll,
1886 2341 1908 2380 4
1930 2349 1970 2387 p.
1992 2336 2066 2383 437
2087 2343 2126 2373 et
2141 2335 2359 2374 Theodore-

1380 2402 1442 2432 tus
1474 2394 1553 2434 vol.
1586 2393 1634 2432 lv
1663 2408 1750 2447 pag.
1782 2396 1873 2443 716.
1898 2394 2012 2433 Edidi
2042 2392 2218 2442 ἔλπησθε,
2237 2408 2359 2446 quum

1382 2452 1485 2504 apud
1529 2453 1766 2492 Clementem
1809 2453 1960 2504 legatur
2004 2451 2158 2501 ἔλπηται
2186 2462 2224 2492 et
2257 2454 2360 2505 apud

1383 2511 1672 2551 Theodoretum
1703 2512 1881 2559 ἐλπίζητε.
1903 2513 2052 2551 Deinde
2078 2514 2235 2566 reposui
2263 2513 2360 2558 ἐξεύ-

1387 2571 1530 2624 ρήσετε,
1560 2571 1673 2623 cujus
1694 2573 1781 2611 loco
1812 2572 1991 2611 Clemens
2021 2572 2134 2611 habet
2163 2571 2359 2625 ἐξευρήσει,

216 2743 258 2774 ’1.
281 2741 385 2781 Hujus
398 2749 471 2781 quae
483 2741 534 2772 est
554 2740 686 2772 rationis
702 2749 831 2781 semper
857 2739 955 2781 ignari
974 2739 1125 2772 homines
1144 2742 1240 2781 sunt,

184 2801 217 2834 et
235 2799 424 2842 priusquam
447 2798 487 2832 de
506 2808 543 2831 ea
572 2798 784 2840 audiverunt,
803 2799 835 2832 et
852 2807 954 2840 quum
983 2798 1123 2840 primum
1149 2798 1241 2831 audi·

140 2877 142 2879 >
186 2860 313 2892 verunt.
340 2858 495 2897 Quamvis
520 2858 605 2890 enim
635 2858 744 2890 omnia
773 2858 848 2890 huic
873 2857 988 2890 rationi
1015 2857 1242 2891 convenienter

185 2918 280 2959 liant,
297 2917 433 2959 impetiti
449 2918 555 2950 tamen
573 2917 736 2958 videntur,
753 2920 907 2950 conantes
923 2917 1021 2950 verba
1036 2917 1070 2950 et
1085 2925 1135 2950 res
1147 2925 1188 2949 ex
1204 2926 1242 2950 eo

185 2986 301 3018 genere
316 2976 402 3018 quod
417 2985 476 3018 ego
491 2985 624 3016 enarro,
641 2975 746 3018 qualis
761 2985 818 3009 sua
834 2975 992 3018 cujusque
1010 2976 1054 3009 rei
1069 2979 1183 3009 natura
1200 2977 1241 3010 sit

179 3044 350 3078 exponens
363 3037 396 3069 et
412 3044 681 3070 commemorans.
701 3036 827 3078 Reliqui
845 3045 921 3070 vero
936 3035 1082 3069 homines
1097 3036 1141 3070 ita
1157 3036 1240 3076 iguo-

185 3098 274 3135 rant,
292 3104 366 3137 quae
385 3095 556 3137 vigilantes
581 3096 715 3137 saciant,
746 3097 782 3129 ut
809 3096 1042 3130 obliviscuntur
1069 3105 1142 3138 quae
1163 3096 1240 3128 dor-

185 3153 323 3186 mientes
342 3153 482 3186 fecerint.

229 3216 260 3244 2.
284 3212 410 3246 Etenim
433 3212 612 3255 inscitiam,
629 3217 665 3247 ut
684 3214 729 3247 ait
749 3214 951 3256 Heraclitus,
969 3214 1135 3247 occultare
1158 3223 1240 3255 prae-

185 3272 268 3312 state
285 3279 398 3303 verum
415 3271 477 3304 hoc
492 3272 619 3307 difficile
631 3275 682 3307 est
695 3274 725 3306 in
746 3274 927 3307 animorum
941 3274 1128 3307 remissione
1143 3275 1241 3315 atque

186 3330 269 3362 inter
284 3329 470 3364 hibendum.

231 3394 262 3424 3.
287 3391 356 3423 Non
378 3391 464 3423 enim
489 3393 532 3424 lta
560 3393 703 3426 sentiunt
727 3394 822 3427 mulli
842 3403 954 3427 eorum
972 3394 1027 3436 qui
1045 3393 1190 3426 incidunt
1209 3394 1241 3426 in

187 3450 257 3491 illa,
278 3458 382 3492 neque
401 3451 505 3484 edocti
534 3451 657 3493 sciunt,
682 3453 738 3486 sed
763 3453 823 3487 sibi
852 3453 1004 3487 videntur
1020 3453 1122 3494 scire,
1143 3454 1179 3487 ut
1197 3453 1242 3485 ait

189 3507 361 3550 praeclarus
378 3509 430 3543 ille
447 3511 637 3545 Heraclitus.

1345 2743 1376 2773 4.
1401 2742 1461 2774 Sed
1490 2742 1575 2774 enim
1603 2751 1749 2784 prorsus,
1772 2743 1898 2784 opinor,
1922 2744 2119 2776 conveniunt
2148 2744 2181 2776 in
2213 2744 2289 2776 istos
2305 2743 2359 2785 qui

1304 2800 1394 2832 vobis
1408 2800 1553 2832 similiter
1569 2801 1789 2843 obloquuntur
1806 2802 1959 2834 Heracliti
1976 2803 2103 2844 Ephesii
2125 2802 2221 2835 verba
2239 2813 2247 2834 :
2262 2816 2278 2831 «
2291 2805 2359 2835 lm-

1303 2859 1394 2901 perili
1420 2860 1651 2894 auscultatores
1677 2861 1782 2894 surdis
1810 2862 2015 2903 comparandi
2042 2865 2134 2903 sunl;
2155 2862 2204 2894 his
2237 2862 2359 2894 dictum

1302 2919 1382 2951 illud
1407 2920 1553 2953 veritalis
1569 2921 1789 2954 testimonium
1805 2921 1878 2962 dat,
1895 2922 1993 2954 etiam
2014 2924 2187 2963 praesentes
2200 2922 2322 2955 abesse.
2343 2934 2358 2950 υ

1345 2982 1375 3010 5.
1402 2979 1555 3012 Homines
1571 2979 1728 3022 quosdam
1745 2989 1808 3013 non
1826 2980 1903 3013 satis
1921 2982 2025 3013 certos
2044 2981 2202 3021 castigans
2216 2980 2358 3013 Heracli-

1302 3039 1354 3070 tus
1367 3038 1411 3071 ait
1431 3047 1440 3071 ς
1462 3051 1479 3068 «
1500 3039 1533 3071 hi
1554 3048 1660 3081 neque
1675 3039 1788 3073 audire
1806 3041 1913 3073 sciunt
1926 3049 2031 3082 neque
2049 3040 2153 3081 loqui,
2175 3054 2190 3069 a
2206 3040 2359 3073 nimirum

1301 3105 1320 3129 a
1335 3098 1505 3133 salomone
1522 3098 1662 3140 adjutus.

1343 3161 1374 3190 6.
1399 3158 1503 3191 canes
1521 3158 1607 3191 enim
1633 3159 1752 3192 latratu
1771 3159 1939 3200 excipiunt
1961 3168 2058 3204 quem
2079 3168 2142 3191 non
2164 3162 2358 3200 agnoscunt,

1302 3219 1338 3250 ut
1356 3217 1401 3251 ait
1413 3218 1604 3251 Heraclitus.

1344 3279 1374 3310 7.
1401 3279 1470 3311 Hoc
1485 3278 1654 3312 oraculum
1671 3278 1853 3312 Heraclitus
1869 3278 2027 3320 Ephesius
2046 3278 2233 3320 explicatius
2249 3282 2281 3311 et
2302 3286 2358 3310 co-

1304 3336 1426 3377 piosius
1457 3338 1602 3371 elocutus
1631 3338 1715 3371 dixit
1745 3348 1753 3371 :
1788 3339 1854 3371 Nisi
1883 3338 2035 3380 speratis,
2070 3338 2267 3379 insperatum
2293 3346 2358 3370 non

1302 3395 1608 3438 invenietis,quum
1642 3397 1776 3431 inveniri
1806 3407 1869 3430 nou
1901 3397 2001 3438 possit
2032 3399 2128 3439 atque
2156 3397 2352 3431 inaccessum

1302 3456 1352 3489 δη.
1373 3469 1389 3485 i»

1252 3575 1322 3606 315
