2612 3814
287 205 2421 303 aefflsaeffimmffaewmmffifflfflfflffi

697 428 816 503 DE
874 422 1278 500 DIOGENE
1326 358 2019 510 'APOLLONIATR

340 723 610 776 Diogenes(1),
633 718 953 774 Apollothemidis
974 718 1098 764 filins,
1124 716 1325 769 physicus,

288 785 623 838 Apolloniaenatus
634 790 705 829 est,
718 779 964 819 nobilissimo
977 778 1097 817 Cretae
1106 775 1328 828 oppido(2),

286 844 389 884 unde
410 841 675 895 Apolloniates
689 838 737 878 ab
757 837 925 889 antiquis
941 834 1198 887 scriptoribus
1217 847 1330 872 voca·

287 904 323 942 ri
360 902 472 941 solet.
496 900 606 938 Hunc
637 897 863 947 Simplicius
882 895 933 946 (3)
955 903 1128 932 veterum
1158 892 1330 944 philoso-

286 961 453 1014 phorum
477 959 544 1010 qui
573 958 613 995 in
643 964 788 994 naturae
820 953 1056 992 obscuritate
1078 952 1221 990 versati
1244 960 1333 990 sunt

286 1032 396 1072 paene
412 1017 667 1056 novissimum
682 1013 874 1052 exstitisse
890 1011 998 1050 dicit.
1020 1011 1125 1049 Idem
1147 1023 1233 1048 eum
1256 1019 1331 1048 tam

287 1078 536 1124 Anaxagorea
570 1085 682 1124 quam
723 1071 941 1122 Leucippea
968 1069 1120 1107 decreta
1160 1076 1332 1107 secutum

288 1135 428 1173 bonam
450 1132 636 1171 doctrinae
663 1138 811 1182 partem
842 1128 890 1167 ab
910 1128 997 1166 aliis
1016 1135 1230 1166 mutuatum
1251 1139 1335 1165 esse

287 1201 457 1232 testatur.
486 1190 559 1229 Sed
580 1197 765 1241 quantum
785 1201 807 1227 e
828 1187 1053 1238 fragmentis
1067 1186 1201 1236 colligi
1221 1186 1327 1230 licet,

288 1251 540 1290 Anaximenis
565 1248 706 1301 placita
732 1248 786 1286 ita
809 1246 1028 1293 exornavit,
1048 1253 1090 1284 ut
1115 1245 1183 1283 illa
1201 1253 1335 1282 contra

289 1311 557 1360 Anaxagoram
578 1316 763 1346 tueretur.
785 1306 879 1352 Quae
898 1318 959 1344 res
978 1318 1060 1343 eam
1076 1305 1155 1342 vim
1174 1304 1310 1342 habuit
1323 1332 1334 1348 ‚

287 1378 330 1408 ut
349 1368 593 1408 Antisthenes
612 1366 884 1418 Apolloniaten
914 1363 1168 1404 Anaximenis
1184 1364 1335 1401 audito-

288 1427 398 1466 ribus
418 1434 686 1466 annumeraret
699 1424 766 1478 (4)
787 1425 934 1464 Verum
956 1437 1074 1475 quum
1097 1423 1337 1472 Anaxagorae

289 1495 464 1538 tempore
483 1485 626 1524 vixerit
651 1497 695 1522 ac
722 1491 810 1535 post
829 1482 1115 1520 Clazomenium
1138 1481 1337 1532 sapientiae

289 1546 483 1584 doctorem
505 1542 801 1596 philosophatus
829 1542 903 1589 sit,
926 1555 974 1580 ne
997 1541 1157 1592 juvenis
1178 1540 1335 1591 quidem

288 1617 416 1643 senem
432 1603 707 1643 Anax'imenem
723 1600 934 1639 convenire
947 1599 1226 1652 potuit.Neque
1242 1612 1337 1636 vero

288 1672 476 1715 perpetuo
506 1660 725 1713 Apolloniae
760 1667 1017 1697 commoratus
1049 1666 1126 1704 est,
1158 1657 1225 1696 sed
1264 1656 1337 1696 ali-

290 1721 462 1773 quandiu
477 1719 637 1759 Athenis
650 1717 866 1764 habitavit,
882 1717 951 1756 ubi
968 1716 1185 1755 Demetrius
1201 1715 1335 1755 Phale-

289 1795 377 1820 reus
412 1779 635 1820 doctissimo
662 1777 814 1816 homini
846 1776 998 1815 invidia
1032 1788 1168 1828 presso
1195 1788 1338 1827 prope-

290 1840 445 1879 modum
468 1839 606 1890 capitis
626 1836 842 1889 periculum
866 1836 1016 1874 illatum
1034 1848 1117 1873 esse
1131 1835 1249 1873 tradit
1268 1835 1336 1885 (5).

343 1898 390 1937 ln
424 1897 666 1950 explicandis
699 1894 817 1934 rebus
844 1893 1087 1932 naturalibus
1111 1894 1263 1931 locutus
1282 1902 1339 1931 est

294 1957 412 1995 etiam
450 1956 498 1994 de
528 1955 657 2007 lapide
685 1954 754 2005 qui
797 1952 1029 2005 Olympiade
1060 1951 1340 2003 septuagesima

294 2023 431 2054 octava
442 2015 488 2053 ad
496 2014 609 2064 AEgos
629 2012 770 2051 flumen
781 2013 882 2050 coelo
893 2011 1052 2058 decidit,
1063 2010 1174 2062 cujus
1187 2011 1338 2062 lapsum

291 2075 520 2128 praedixisse
532 2074 652 2112 fertur
667 2072 916 2122 Anaxagoras
930 2073 1000 2122 (6).
1016 2070 1145 2109 Unum
1160 2083 1209 2108 an
1229 2071 1341 2122 plura

291 2134 492 2172 volumina
508 2131 709 2184 scripserit
729 2143 807 2168 non
825 2139 986 2169 constat.
1022 2129 1118 2167 Nam
1147 2130 1219 2168 etsi
1243 2129 1338 2167 Dio-

292 2205 406 2243 genes
441 2191 614 2230 Laertius
642 2188 715 2230 lib.
742 2189 810 2237 lx,
842 2190 889 2237 57
925 2192 974 2240 (7)
1009 2202 1131 2227 unum
1167 2188 1203 2226 ei
1242 2201 1341 2239 opus

293 2251 469 2290 attribuit
483 2249 644 2302 ejusque
663 2248 820 2287 initium
837 2247 969 2294 affert,
995 2256 1121 2286 tamen
1142 2259 1341 2285 commen-

294 2312 432 2349 tarium
450 2310 497 2348 de
510 2322 639 2347 rerum
652 2316 791 2346 natura
807 2315 939 2346 auctor
954 2307 995 2346 in
1010 2307 1143 2358 plures
1155 2306 1342 2345 diviserat

294 2367 430 2415 libros,
448 2381 611 2420 quorum
623 2367 833 2406 secundum
843 2367 935 2404 citat
943 2365 1067 2404 Rufus
1083 2364 1276 2417 Ephesius
1288 2363 1339 2418 (8)

295 2426 395 2476 apud
415 2426 603 2465 Galenum
636 2439 658 2463 α
678 2425 721 2463 in
742 2424 792 2462 vl
820 2423 994 2476 Epidem.
1015 2432 1108 2463 tom.
1128 2423 1159 2461 V
1178 2437 1217 2475 p.
1250 2424 1341 2471 [073.

297 2478 378 2516 Hoc
400 2488 523 2518 autem
539 2479 662 2517 solum
677 2478 825 2528 ingenii
846 2486 1137 2516 monumentum
1152 2476 1225 2515 sub
1247 2477 1342 2514 Dio-

297 2537 406 2584 genis
429 2537 684 2588 Apolloniatae
713 2536 871 2574 nomine
892 2536 1086 2587 Simplicii
1122 2535 1344 2573 aetate-sere-

298 2593 411 2633 batur
429 2596 493 2645 (9),
507 2595 574 2646 qui
591 2595 667 2632 alia
688 2594 772 2644 ejus
792 2595 935 2645 scripta
952 2595 1116 2646 periisse
1133 2594 1196 2632 his
1211 2592 1343 2631 verbis

299 2653 493 2690 memoriae
506 2652 637 2704 prodit
649 2652 690 2689 in
710 2652 925 2690 Aristotelis
938 2653 1052 2703 Phys.
1068 2652 1093 2690 s.
1107 2653 1154 2689 32
1164 2651 1191 2690 b
1208 2665 1216 2689 ε
1230 2649 1343 2689 ἰστέον

1392 716 1437 759 ὡς
1454 714 1803 766 γέγραπταιπλείονα
1811 717 1861 768 τῷ
1875 715 2150 772 Διογένειτούτῳ
2165 720 2444 772 συγγράμματα,

1392 775 1439 817 ὡς
1454 772 1556 817 αὐτὸς
1572 773 1607 811 ἕν
1626 775 1677 828 τῷ
1704 773 1784 827 περὶ
1801 772 1935 828 φύσεως
1954 774 2111 825 ἐμνήσθη
2123 805 2134 824 ,
2146 776 2207 816 καὶ
2226 777 2312 831 πρὸς
2329 794 2451 833 φυσιο·

1392 831 1516 882 λόγους
1535 832 1777 886 ἀντειρηκέναι
1804 834 1933 886 λέγων,
1955 833 2013 878 οὓς
2032 835 2136 874 καλεῖ
2153 836 2212 876 καὶ
2229 836 2329 883 αὐτὸς
2344 852 2448 892 copi,-

1394 890 1498 939 στάς,
1521 892 1581 931 καὶ
1597 892 1871 946 μετεωρολογίας
1891 892 1978 946 (leg.
2008 893 2299 949 μετεωρολογίαν)
2321 911 2450 949 γεγρα-

1395 949 1510 1003 φέναι,
1534 951 1569 989 ἐν
1591 945 1614 1004 ᾖ
1630 950 1724 1004 λέγει
1742 951 1896 1002 καὶπερὶ
1915 953 2026 1005 ἀρχῆς
2054 950 2232 1004 εἰρηκέναι
2250 952 2312 991 καὶ
2331 953 2450 1003 μέντοι

1396 1009 1455 1048 καὶ
1471 1009 1551 1063 περὶ
1565 1009 1748 1064 ἀνθρώπου
1762 1009 1908 1064 φύσεως.
1927 1011 1977 1049 At
1993 1011 2155 1050 fortasse
2165 1024 2244 1050 non
2253 1011 2449 1063 integrum

1396 1069 1444 1108 de
1472 1082 1602 1109 rerum
1634 1079 1773 1109 natura
1794 1071 1982 1111 volumen
2015 1070 2242 1123 Simplicius
2266 1071 2383 1125 vidit,
2408 1082 2450 1112 ut

1396 1130 1609 1182 putandum
1631 1131 1682 1170 sit
1694 1130 1896 1183 deperdita
1912 1130 1982 1169 illa
1998 1131 2145 1183 scripta
2159 1130 2334 1183 ejusdem
2353 1145 2454 1185 ope-

1398 1189 1453 1227 ris
1469 1199 1595 1241 partes
1610 1190 1703 1229 olim
1721 1190 1854 1231 fuisse.
1878 1190 2067 1230 Caeterum
2088 1191 2270 1243 quamvis
2291 1191 2452 1231 Creten-

1398 1261 1459 1286 ses
1479 1249 1601 1288 Dores
1617 1257 1760 1300 essent,
1779 1250 1974 1300 Diogenes
1994 1259 2121 1289 tamen
2138 1250 2181 1290 in
2200 1249 2316 1290 libris
2330 1252 2452 1290 confi·

1399 1307 1548 1346 ciendis
1558 1321 1635 1346 non
1644 1308 1776 1347 dorica
1785 1308 1851 1347 sed
1871 1309 2002 1348 ionica
2014 1309 2180 1349 dialecto
2194 1309 2452 1362 philosopho·
2497 1339 2508 1346 .

1400 1380 1486 1405 rum
1507 1368 1723 1407 ionicorum
1740 1381 1848 1408 more
1862 1377 1900 1408 et
1912 1370 2091 1421 exemplo
2107 1383 2202 1409 usus
2219 1378 2292 1411 est.
2306 1368 2393 1416 Qua
2410 1371 2454 1409 in

1401 1440 1442 1465 re
1473 1436 1516 1466 ut
1554 1428 1826 1478 Anaxagoram
1858 1429 2049 1479 elegantia
2083 1429 2306 1481 superavit,
2341 1428 2396 1468 ita
2431 1442 2454 1467 a

1400 1486 1699 1537 posterioribus,
1728 1486 1912 1538 inprimis
1944 1500 1967 1526 a
1993 1488 2218 1526 Democrito
2249 1496 2456 1540 superatus

1400 1554 1470 1583 est.
1494 1545 1649 1598 Quippe
1678 1546 1879 1598 paullatim
1896 1545 2009 1585 Iones
2037 1547 2079 1585 in
2099 1546 2235 1585 solutae
2265 1546 2456 1585 orationis

1401 1604 1614 1656 scriptione
1651 1605 1914 1657 profecerunt.
1947 1604 2044 1644 Jure
2089 1605 2211 1657 igitur
2246 1605 2454 1644 cultiorem

1401 1664 1588 1714 Diogenis
1609 1677 1825 1704 sermonem
1857 1678 1931 1717 pro
1956 1657 2330 1704 recentioris'aeiatis
2348 1664 2453 1704 indi-

1402 1724 1463 1762 cio
1483 1722 1668 1763 habentes
1694 1724 1966 1776 Apolloniaten
1987 1724 2120 1776 paullo
2144 1723 2344 1776 juniorem
2366 1725 2454 1765 Cla·

1402 1784 1581 1822 zomenio
1602 1783 1839 1836 philosopho
1859 1783 1978 1822 fuisse
1996 1783 2280 1824 existimamus.
2299 1783 2456 1823 Confir-

1403 1852 1528 1881 matur
1563 1843 1638 1882 hoc
1669 1843 1824 1882 Sidonii
1849 1843 2092 1895 Apollinaris
2121 1842 2349 1883 testimonio
2385 1845 2458 1895 qui

1402 1916 1522 1942 carm.
1539 1902 1605 1940 XV
1621 1916 1679 1941 vs.
1711 1903 1761 1954 89
1777 1915 1896 1954 seqq.>
1909 1905 1960 1941 ait
1981 1916 1991 1941 ι

1458 2034 1472 2049 ·‹
1493 2017 1662 2062 Quartus
1681 2015 1928 2066 Anaxagoras
1946 2014 2148 2054 Thaletica
2171 2014 2354 2066 dogmata
2375 2028 2459 2056 ser·

2348 2073 2458 2130 [vat‚
2516 2075 2518 2077 ’

1458 2136 1524 2175 sed
1544 2134 1722 2174 divinum
1741 2134 1912 2172 animum
1935 2134 2051 2172 sentit
2065 2134 2134 2185 qui
2150 2134 2450 2173 feceritorbem.

1457 2196 1592 2236 Jum‘or
1618 2195 1704 2231 huic
1724 2198 1878 2242 junctus
1896 2193 2041 2231 residet
2060 2193 2228 2243 collega,
2257 2193 2325 2232 sed
2349 2194 2453 2232 idem

1458 2254 1657 2293 materiam
1677 2252 1826 2291 cunctis
1845 2253 2034 2290 creaturis
2052 2265 2141 2290 aera
2157 2251 2318 2291 credens

1454 2312 1706 2365 judicatinde
1718 2311 1848 2358 deum,
1867 2310 2007 2349 faceret
2021 2324 2099 2362 quo
2114 2319 2266 2357 cuncta,
2282 2311 2430 2351 tulisse.
2442 2329 2461 2346 ι

1404 2410 1490 2449 Jam
1522 2417 1564 2448 ut
1593 2409 1772 2458 dogmata
1806 2407 1892 2459 ejus
1919 2407 2052 2459 paucis
2080 2420 2294 2459 exponam,
2330 2420 2460 2446 aerem

1406 2482 1539 2507 rerum
1570 2468 1770 2506 materiam
1801 2480 1885 2506 esse
1914 2467 2034 2515 dixit,
2056 2480 2078 2505 e
2112 2480 2189 2518 qua
2220 2466 2356 2505 omnia
2384 2467 2457 2506 fie-

1406 2537 1507 2575 rent,
1543 2527 1609 2565 sed
1638 2539 1721 2565 esse
1760 2534 1978 2578 compotem
2011 2526 2152 2564 mentis
2178 2527 2264 2565 sine
2287 2539 2365 2577 qua
2395 2527 2461 2565 ni·

1406 2587 1462 2625 hil
1493 2600 1542 2626 ex
1569 2599 1616 2624 eo
1646 2585 1732 2624 fieri
1760 2593 1902 2637 posset.
1925 2585 2119 2631 Quocirca
2142 2598 2209 2623 aer
2241 2593 2380 2623 cuncta
2398 2597 2458 2623 re·

1408 2648 1464 2698 git
1484 2656 1520 2685 et
1551 2646 1599 2684 ad
1627 2646 1760 2684 omnia
1783 2653 1978 2696 penetrat,
2011 2657 2137 2694 neque
2168 2644 2382 2695 quidquam
2403 2651 2462 2682 est

342 2791 387 2833 (1)
407 2792 561 2832 Diogenes
579 2792 724 2823 Laertius
737 2791 792 2823 lib.
812 2794 869 2831 lx,
889 2796 924 2826 57
944 2805 952 2825 ε
972 2794 1117 2834 Διογένης
1127 2792 1347 2831 Ἀπολλοθέμι-

300 2838 351 2874 δος
371 2838 623 2878 Ἀπολλωνιάτης,
634 2839 708 2880 ἀνὴρ
722 2839 850 2880 φυσικὸς
865 2841 919 2872 καὶ
935 2840 1012 2881 ἄγαν
1027 2841 1197 2882 ἐλλόγιμος.
1213 2840 1263 2872 Cf.
1277 2842 1345 2872 Eu-

301 2884 394 2917 docia
410 2885 531 2918 Violar.
552 2893 622 2926 pag.
641 2888 710 2918 137.

332 2932 388 2971 -(2)
414 2933 596 2973 Stephanus
614 2932 786 2973 Byzantius
808 2941 841 2966 v.
867 2933 1056 2966 Ἀπολλωνία
1079 2947 1087 2966 t
1113 2935 1238 2973 εἰκοστὴ
1261 2934 1348 2976 τρίτη

301 2979 436 3019 Κρήτης,
455 2982 475 3017 ἠ
488 2980 582 3012 πάλαι
594 2979 787 3022 Ἐλεύθερνα,
809 2981 903 3012 Λίνου
920 2982 1038 3023 πατρίς.
1054 2982 1089 3013 ἐκ
1104 2983 1216 3020 ταύτης
1230 2983 1247 3014 ὁ
1260 2994 1348 3020 φυσι-

301 3025 355 3062 κὸς
369 3027 526 3066 Διογένης.
542 3028 645 3059 Fuere
661 3030 766 3058 autem
782 3027 893 3067 viginti
904 3028 1045 3069 quinque
1056 3029 1196 3068 ejusdem
1214 3028 1350 3061 nominis

302 3071 417 3112 oppida
430 3080 503 3112 quoe
520 3075 666 3105 recenset
680 3073 870 3113 Stephanus.

346 3118 391 3159 (3)
408 3119 591 3160 Simplicius
606 3119 638 3151 in
653 3120 783 3152 Aristot.
803 3121 901 3161 Phys.
925 3121 977 3154 fol.
997 3126 1015 3154 6
1029 3131 1047 3153 a
1062 3134 1071 3154 ι
1084 3122 1137 3154 καὶ
1158 3123 1302 3162 Διογένης
1318 3122 1351 3155 δὲ

307 3165 325 3197 ὁ
339 3165 581 3204 Ἀπολλωνιάτης
608 3167 720 3208 σχεδὸν
743 3167 894 3205 νεώτατος
918 3170 1054 3208 γεγονὼς
1075 3171 1136 3201 τῶν
1163 3170 1231 3210 περὶ
1255 3173 1351 3202 ταῦτα

305 3211 359 3254 [τὰ
374 3212 503 3254 φυσικὰ]
528 3213 750 3254 σχολασάντων
766 3215 804 3246 τὰ
831 3214 886 3255 μὲν
914 3217 1046 3248 πλεῖστα
1071 3217 1351 3258 συμπεφορημένοις

298 3260 447 3300 τέγραφε,
454 3259 493 3291 τὰ
506 3258 559 3299 μὲν
570 3259 650 3291 κατὰ
659 3260 859 3302 Ἀναξαγόραν
868 3261 907 3293 τὰ
917 3262 948 3293 δὲ
957 3262 1038 3294 κατὰ
1048 3263 1226 3295 Λεύκιππον
1239 3264 1350 3303 λέγων.

347 3305 393 3345 (4)
416 3305 571 3346 Diogenes
593 3306 734 3338 Laertius
755 3307 809 3339 lib.
827 3309 883 3347 IX,
898 3309 1080 3347 57τῆκουσε
1096 3309 1128 3341 δὲ
1146 3309 1247 3349 (φησὶν
1260 3313 1354 3343 Ἀντι-

304 3352 428 3391 σθένης)
442 3352 660 3394 Ἀναξιμένους.
677 3353 715 3392 ἦν
732 3353 764 3385 δὲ
776 3353 807 3386 ἑν
820 3357 881 3392 τοῖς
905 3355 1025 3397 χρόνοις
1049 3355 1130 3388 κατὰ
1141 3356 1350 3399 Ἀναξαγόραν.

346 3400 392 3440 (5)
407 3399 563 3445 Diogenes
579 3400 720 3432 Laertius
736 3401 792 3433 lib.
812 3403 871 3442 lx,
889 3404 927 3436 57
947 3413 956 3435 :
973 3403 1092 3436 Τοῦτόν
1109 3415 1200 3444 φησιν
1215 3404 1232 3436 ὁ
1245 3405 1352 3443 Φαλη-

305 3445 372 3486 ρεὺς
387 3446 559 3487 Δημήτριος
583 3447 614 3477 ἐν
639 3449 675 3487 τῇ
692 3447 874 3488 Σωκράτους
886 3447 1042 3490 ἀπολογίᾳ
1060 3448 1112 3482 διὰ
1128 3450 1224 3491 μέγαν
1240 3449 1350 3492 φθόνον

306 3494 416 3534 μικροῦ
429 3493 623 3525 κινδυνεῦσαι
638 3494 810 3532 Ἀθήνησιν.

1450 2790 1496 2831 (6)
1519 2789 1667 2821 Stoboeus
1685 2788 1793 2827 Eclog.
1813 2787 1907 2827 Phys.
1922 2786 1977 2818 lib.
1993 2787 2008 2818 1
2022 2795 2092 2826 cap.
2109 2788 2146 2818 24
2164 2794 2196 2826 p.
2210 2789 2269 2818 508
2285 2785 2337 2817 ed.
2351 2786 2459 2823 Heer.;

1409 2841 1486 2870 tom.
1507 2841 1518 2869 1
1538 2846 1567 2876 p.
1592 2838 1651 2869 198
1669 2837 1723 2870 ed.
1736 2835 1835 2868 Gaisf.
1852 2847 1862 2867 :
1879 2835 2025 2875 Διογένης
2045 2834 2246 2875 κισσηροειδῆ
2271 2833 2311 2865 τὰ
2335 2833 2436 2874 ἄστρα
2448 2858 2463 2874 ‚

1408 2885 1567 2921 διαπνοίας
1582 2884 1615 2916 δὲ
1630 2884 1710 2915 αὐτὰ
1723 2883 1837 2922 νομίζει
1855 2885 1910 2914 τοῦ
1926 2882 2060 2922 κόσμου,
2076 2882 2154 2913 εἶναι
2167 2881 2200 2913 δὲ
2216 2880 2362 2922 διάπυρα.
2379 2882 2465 2921 Συμ·

1408 2933 1621 2974 περιφέρεσθαι
1640 2931 1672 2963 δὲ
1687 2934 1750 2966 τοῖς
1764 2933 1902 2972 φανεροῖς
1914 2929 2038 2971 ἄστροις
2059 2929 2182 2969 ἀφανεῖς
2198 2927 2299 2963 λίθους
2313 2927 2365 2959 καὶ
2381 2930 2456 2970 παρ’

1409 2980 1486 3012 αὐτὸ
1511 2978 1597 3011 τοῦτ’
1614 2978 1812 3020 ἀνωνύμους·
1836 2978 2004 3013 πίπτοντας
2033 2976 2065 3008 δὲ
2081 2975 2229 3011 πολλάκις
2256 2974 2308 3007 ἐπὶ
2328 2977 2383 3013 τῆς
2402 2979 2460 3016 γῆς

1410 3028 1594 3059 σὸέννυσθαι
1604 3052 1613 3068 ,
1624 3026 1762 3068 καθάπερ
1771 3026 1824 3057 τὸν
1837 3025 1869 3056 ἐν
1884 3024 1977 3065 Αἰγὸς
1989 3026 2140 3064 ποταμοῖς
2161 3023 2313 3064 πυρωδῶς
2333 3031 2463 3055 κατενεο

1409 3074 1523 3115 χθέντα
1536 3074 1651 3114 ἀστέρα
1660 3074 1812 3114 πέτρινον.
1828 3072 1878 3105 Gi.
1891 3071 2081 3104 Plutarchus
2096 3070 2136 3102 de
2151 3070 2237 3102 Plac.
2251 3069 2330 3110 phil.
2343 3069 2398 3102 lib.
2418 3073 2461 3109 li,

1413 3124 1458 3153 ¹3.
1476 3123 1615 3154 Marmor
1632 3121 1762 3152 Parium
1786 3119 1899 3160 epoch.
1928 3121 1965 3151 57
1990 3127 2021 3158 p.
2046 3121 2106 3150 550
2125 3119 2157 3149 et
2177 3120 2238 3149 585
2252 3116 2304 3149 ed.
2324 3117 2465 3156 Mulier;

1411 3168 1498 3208 Diog.
1518 3169 1621 3201 Laert.
1635 3167 1691 3200 lib.
1710 3169 1755 3207 ΙΙ,
1778 3166 1928 3204 ίοςῐἾίη.
1948 3164 2031 3196 Hist.
2048 3167 2114 3197 nat.
2126 3164 2182 3196 lib.
2200 3165 2241 3203 11,
2262 3167 2312 3197 58.

1452 3215 1498 3255 (7)
1514 3215 1604 3255 Diog.
1619 3216 1725 3247 Laert.
1748 3216 1802 3253 IX,
1819 3216 1855 3246 57
1870 3223 1878 3244 ε
1896 3212 1988 3254 Ἀρχὴ
2002 3212 2034 3243 δὲ
2049 3213 2134 3253 αὐτῷ
2149 3215 2205 3244 τοῦ
2221 3210 2461 3253 συγγράμματος

1409 3262 1465 3300 ἥδε
1477 3271 1486 3279 ·
1503 3263 1596 3301 λόγου
1609 3262 1723 3298 παντὸς
1735 3263 1803 3294 κτλ.
1818 3261 1912 3293 Conl.
1937 3261 1991 3293 lib.
2014 3262 2071 3299 Vi,
2088 3262 2145 3292 81.

1453 3307 1496 3349 (8)
1512 3310 1653 3342 Galenus
1672 3314 1690 3341 2
1710 3308 1742 3340 in
1764 3309 1808 3340 Vl
1826 3307 1972 3348 Epidem.
1994 3309 2072 3339 tom.
2089 3308 2118 3338 V
2138 3315 2169 3347 p.
2183 3307 2244 3338 473
2263 3329 2272 3338 .
2285 3305 2416 3347 Ῥοῦφος
2428 3305 2460 3336 δέ
2514 3325 2528 3332 -

1409 3365 1496 3392 φησι,
1511 3357 1642 3397 Διογένη
1654 3356 1707 3388 τὸν
1721 3353 1965 3392 Ἀπολλωνιάτην
1977 3353 2070 3396 μόνον
2083 3352 2228 3389 ἐναντίως
2241 3352 2459 3395 ἀποφήνασθαι

1409 3402 1490 3434 κατὰ
1506 3403 1543 3435 τὸ
1559 3404 1627 3446 περὶ
1646 3403 1766 3444 φύσεως
1782 3401 1934 3444 δεύτερον.

1452 3447 1497 3490 (9)
1520 3450 1703 3492 Simplicius
1731 3449 1766 3481 in
1789 3448 1884 3481 Arist.
1913 3447 2012 3490 Phys.
2034 3447 2089 3480 fol.
2117 3451 2156 3480 32
2178 3446 2198 3479 b
2221 3460 2229 3480 ε
2249 3447 2280 3479 ἐν
2299 3446 2332 3479 δέ
2353 3456 2390 3486 γε
2413 3447 2463 3485 τῷ

1410 3496 1479 3538 περὶ
1494 3497 1632 3539 φύσεως,
1647 3498 1665 3530 ὃ
1680 3500 1742 3530 τῶν
1756 3497 1852 3529 αὐτοῦ
1869 3494 1962 3538 μόνον
1976 3496 2018 3533 εἰς
2030 3495 2083 3537 ἐμὲ
2097 3495 2182 3536 ἦλθε.

1359 3559 1431 3592 252
