2612 3814
718 277 772 317 IN
804 273 1131 315 EMPEDOCLIS
1161 263 1444 313 CARMINUM
1476 271 1776 320 RELIQUIAS.
2287 279 2336 313 27

160 372 294 423 Neque
310 378 436 408 tamen
452 379 672 420 supremam
694 364 926 417 sapientiam
949 377 1021 414 par
1039 370 1096 402 est
1121 361 1216 401 irri-

158 430 246 469 deri
270 428 320 467 ab
340 441 387 467 eo
415 427 484 479 qui
503 427 622 479 paulo
642 434 730 464 ante
748 425 796 464 de
819 422 1082 475 cognoscendi
1110 421 1215 461 diffi-

157 490 302 528 cultate
320 501 364 526 ac
380 486 428 526 de
447 499 631 525 sensuum
651 484 842 535 angustiis
864 492 901 522 et
923 482 1088 521 fallaciis
1111 483 1218 534 (στει-

158 548 269 589 νωποὶ
285 547 348 600 μὲν
361 546 431 600 γὰρ
447 545 615 596 παλάμαι
633 545 731 594 κτλ.)
749 552 988 595 conquestus
1008 544 1079 594 sit,
1096 555 1215 594 quum

158 622 183 647 a
205 609 349 660 pietate
363 607 560 659 profectus
575 605 686 644 Musa
701 604 800 643 duce
814 604 856 642 in
871 603 1072 656 sapientiae
1089 614 1216 641 arcem

157 666 273 705 evehi
295 665 406 705 velit.
431 665 522 703 Haec
537 663 638 702 bene
663 663 766 701 inter
780 675 821 701 se
842 662 1052 701 cohaerent.
1082 661 1219 712 ltaque

157 738 234 777 ego
252 725 526 777 imperativum
544 723 668 775 θάρσει
685 732 815 770 teneo,
831 721 1052 760 imitatione
1065 733 1220 772 expres-

160 799 247 825 sum
270 784 319 823 ab
339 785 447 823 aurei
467 783 655 822 carminis
676 783 880 821 conditore
895 796 931 819 v.
953 781 1001 819 63

217 867 310 907 ἀλλὰ
332 866 372 906 σὺ
393 867 515 920 θάρσει
536 866 612 906 ἐπεὶ
641 868 730 905 θεῖον
751 865 848 917 γένος
865 864 939 903 ἐστὶ
962 866 1151 916 βροτοῖσιν,

217 921 266 971 οἷς
284 926 362 980 ἱερὰ
379 927 601 980 προφέρουσα
621 925 722 977 φύσις
746 925 920 964 δείκνυσιν
938 923 1084 971 ἕκαστα,

162 1015 233 1055 ubi
259 1017 462 1055 Hierocles
478 1029 568 1068 pag.
594 1016 666 1064 157
687 1015 748 1055 ed.
770 1023 895 1053 nostr.
909 1012 944 1051 τί
962 1005 1021 1051 οῧν
1041 1010 1081 1050 τὸ
1101 1009 1229 1051 λειπό-

167 1090 269 1126 μενον
283 1105 292 1123 ,
311 1074 333 1122 ἢ
355 1074 495 1119 τούτους
509 1073 632 1125 μόνους
648 1077 778 1126 χρῆναι
801 1074 940 1126 θαῤῥεῒν
961 1069 1040 1116 τοὺς
1059 1072 1221 1124 προσιόν·

166 1150 228 1179 τας
251 1137 295 1187 τῇ
322 1133 560 1189 ἀναφαινούσῃ
582 1133 626 1173 τὰ
645 1134 757 1172 οἰκεῖα
778 1135 863 1183 ἡμῖν
880 1131 994 1183 ἀγαθὰ
1019 1130 1220 1184 ἐπιστήμῃ;

163 1194 246 1232 κτλ.
579 1202 586 1207 ’

220 1253 285 1292 Vs.
311 1253 373 1292 53.
396 1253 496 1290 Ante
516 1252 619 1290 hunc
644 1263 805 1303 quoque
834 1263 994 1289 versum
1026 1249 1219 1287 nonnulla.

164 1312 389 1351 desiderant
409 1312 637 1350 Karstenius
651 1341 661 1359 ,
685 1311 875 1361 Bergkius
888 1339 899 1358 ,
916 1309 1009 1358 alii,
1032 1309 1099 1348 sed
1121 1309 1221 1347 nihil

163 1372 354 1411 omissum
388 1384 472 1410 esse
492 1371 578 1423 ipse
606 1373 888 1410 sententiarum
925 1369 1023 1407 ordo
1055 1369 1219 1408 evincit.

570 1431 577 1439 .
636 1431 644 1439 .
690 1431 700 1445 ,
750 1429 759 1443 ,

166 1491 416 1538 Karstenius3
449 1489 530 1528 ἀλλ’
563 1489 662 1542 ἄθρει
696 1488 1042 1536 Panzerbieterus3
1078 1488 1224 1526 rectius

166 1550 354 1600 Bergkius
384 1550 462 1588 ἀλλ’
483 1548 540 1601 ἄγ’
561 1549 660 1601 ἄθρει
686 1548 783 1601 πάσῃ
801 1548 967 1600 παλάμῃ.
987 1569 1041 1576 -
1063 1546 1127 1585 Vs.
1155 1547 1218 1593 54.

167 1608 256 1658 μήτε
288 1609 415 1656 codd.;
449 1608 899 1658 uncis’panzerbieterus.
938 1609 1003 1646 τιν’
1024 1606 1159 1654 codd.,
1191 1621 1224 1644 τι

169 1668 372 1719 Bergkius.
404 1669 597 1707 Praeterea
629 1672 755 1708 πιστοῦ
793 1682 881 1706 cum
918 1666 1224 1706 Panzerbietero

167 1728 284 1779 posui
303 1741 376 1779 pro
398 1727 715 1767 membranarum
745 1728 942 1779 scriptura
961 1725 1080 1764 πίστει
1107 1739 1222 1777 quam

168 1786 351 1824 intactam
382 1788 627 1838 reliquerant
655 1789 915 1839 interpretes,
944 1786 1224 1838 imperativum

167 1844 280 1884 verbi
300 1840 447 1898 suescio
483 1846 595 1898 cujus
627 1846 762 1886 πιστέω
792 1860 876 1886 esse
907 1845 1075 1898 opinati.
1104 1845 1155 1883 At
1179 1859 1226 1884 eo

166 1918 283 1944 sensu
328 1906 506 1945 πιστεύειν
539 1907 602 1945 vel
633 1909 847 1946 πιστοῦσθαι
883 1906 964 1944 dici
1000 1904 1222 1957 oportebat.

169 1966 356 2017 Bergkius
373 1967 581 2018 proposuit
597 1965 744 2015 πιστὴν,
761 1967 828 2006 sed
845 1965 962 2005 πίστιν
980 1964 1226 2004 Steinhartus

168 2024 298 2063 Melet.
322 2025 422 2064 Plot.
444 2039 484 2077 p.
510 2026 575 2076 59.
598 2025 704 2064 Idem
727 2025 833 2077 quod
854 2026 896 2064 in
919 2026 997 2063 fine
1012 2037 1150 2063 versus
1170 2033 1227 2063 est

168 2085 251 2123 κατ’
274 2083 405 2132 ἀκουήν
432 2086 598 2123 mutavit
630 2085 672 2123 in
693 2084 787 2123 κατὰ
813 2084 966 2137 κούρην,
1000 2092 1082 2122 toto
1109 2097 1227 2122 versu

167 2144 227 2183 sic
245 2143 393 2195 scripto
411 2158 420 2182 τ
437 2143 528 2194 μήτε
547 2144 612 2183 τιν’
627 2144 705 2199 ὄψιν
724 2143 814 2197 ἔχων
837 2144 955 2183 πίστιν
973 2142 1079 2182 πλέον
1100 2140 1226 2190 ἢκατὰ

169 2202 313 2255 κούρην.
337 2202 418 2254 Ego
439 2217 514 2256 pro
540 2203 619 2242 κατ’
641 2203 770 2252 ἀκουὴν
793 2204 946 2243 restitui
968 2202 1063 2242 κατὰ
1083 2201 1225 2254 κούρας.

166 2284 223 2292 —
241 2262 305 2302 Vs.
328 2263 394 2301 55.
413 2261 436 2310 ἢ
459 2263 521 2303 ed.
541 2263 708 2311 Genev.,
732 2264 816 2315 μήτ’
834 2263 947 2302 codd.
972 2261 1080 2309 ἀκοὴν
1099 2275 1227 2301 mem-

172 2320 324 2370 branae,
349 2321 480 2369 ἀκουὴν
505 2322 567 2361 ed.
594 2322 742 2361 Genev.
774 2323 854 2361 Pro
885 2323 1046 2372 vulgato
1065 2321 1228 2373 γλώσσης

170 2380 287 2420 codd.
309 2381 486 2420 Cizensis
500 2391 537 2421 et
565 2382 871 2433 Regimontanus
890 2396 976 2421 cum
989 2382 1051 2422 ed.
1073 2381 1224 2421 GeneV.

167 2440 357 2479 exhibent
382 2442 557 2493 γλώττης.
579 2464 635 2472 -
668 2442 732 2482 Vs.
761 2443 826 2480 56.
850 2441 941 2492 μηδὲ
971 2442 1033 2481 ed.
1058 2441 1227 2491 Genev.,

173 2498 263 2546 μήτε
290 2500 426 2550 vulgo.
448 2498 546 2553 ὅππῃ
575 2501 804 2539 Karstenius
834 2501 943 2539 dedit
969 2514 1043 2552 pro
1066 2500 1227 2550 vulgato

175 2557 290 2609 ὁπόση
309 2560 415 2610 quod
434 2559 531 2598 alibi
561 2574 641 2598 non
660 2561 816 2610 legitur.
834 2560 912 2599 Sed
931 2569 1033 2598 recte
1053 2573 1094 2598 se
1112 2559 1228 2598 habet

170 2617 270 2669 ὅππῃ
282 2626 324 2656 ut
339 2631 398 2658 vs.
419 2619 492 2663 [405
511 2618 580 2666 ὅπη
595 2619 681 2671 πρὸς
694 2620 814 2670 κέρδος
828 2619 996 2672 ἀταρπός.
1012 2619 1148 2670 ltaque
1165 2633 1228 2658 su·-

172 2689 427 2727 pervacaneae
443 2686 534 2716 sunt
554 2677 766 2716 Steinharti
782 2687 821 2716 et
839 2678 979 2717 Steinii
994 2682 1229 2729 conjecturae

171 2734 194 2782 ἢ
221 2734 302 2775 ὅσον
322 2745 360 2775 et
379 2736 531 2777 ὁπόσων.
555 2737 746 2776 Caeterum
767 2740 836 2776 τῶν
854 2737 970 2776 ἄλλων
991 2738 1046 2775 ita
1065 2737 1225 2788 dicitur,

171 2803 214 2833 ut
234 2796 339 2846 γυίων
360 2810 534 2835 sensuum
563 2796 835 2836 subaudiatur.
865 2796 945 2835 Nec
984 2804 1112 2833 tamen
1139 2810 1226 2834 cum

173 2854 349 2894 Prellero
387 2856 551 2909 Ephem.
577 2857 698 2908 antiq.
737 2858 836 2905 1837
860 2870 923 2895 nr.
958 2857 1004 2894 18
1030 2856 1230 2907 interpun-

172 2914 340 2963 gendum
363 2917 432 2953 τῶν
455 2915 574 2954 ἄλλων
595 2914 694 2964 ὅππη
723 2916 829 2969 πόρος
857 2915 933 2954 ἐστὶ
957 2917 1084 2962 νοῆσαι
1103 2915 1226 2966 γυίων.

173 2971 290 3011 πίστιν
315 2973 415 3027 ἔρυκε
443 2976 525 3015 κτλ.
551 2975 795 3014 Vocabulum
819 2975 1000 3027 ἐρίδουπος
1019 2975 1149 3019 simile
1173 2985 1229 3014 est

171 3031 209 3070 ei
228 3045 307 3083 quo
328 3034 451 3072 utitur
465 3034 720 3074 Parmenides
738 3049 797 3074 vs.
823 3036 871 3074 55
893 3035 1072 3087 ἠχήεσσα.
1091 3035 1229 3086 τρανώ-

174 3106 271 3141 ματα
305 3092 467 3143 γλώσσης
497 3108 576 3132 non
607 3103 711 3133 recte
739 3095 1000 3133 Schneiderus
1035 3094 1129 3134 Lex.
1166 3108 1226 3145 gr.

174 3150 360 3201 intelligit
376 3163 533 3202 gustum,
563 3167 684 3205 quum
702 3155 781 3193 sint
801 3157 913 3195 verba
932 3157 1037 3192 clare
1053 3169 1227 3205 pronun-

174 3215 285 3251 tiata.
299 3211 563 3257 Quamobrem
580 3213 706 3253 locum
719 3215 776 3253 sic
789 3215 1093 3266 interpretamur
1110 3228 1118 3252 :
1133 3232 1147 3248 «ι
1161 3214 1229 3253 sed

177 3283 248 3320 age
263 3299 273 3318 ,
296 3280 484 3322 quantum
508 3281 640 3325 potes,
659 3286 775 3312 cerne
799 3287 876 3325 qua
896 3273 1071 3325 quidque
1097 3274 1231 3312 mani-

178 3327 315 3365 festum
337 3330 410 3376 sit,
444 3343 544 3368 neve
563 3330 660 3369 visis
684 3332 807 3381 magis
833 3331 947 3369 crede
963 3344 1080 3382 quam
1102 3344 1230 3382 quan-

177 3394 256 3424 tum
278 3388 440 3438 pupillae
457 3388 618 3440 docent,
639 3403 737 3428 neve
758 3390 908 3428 auditui
929 3389 1072 3428 obtuso
1090 3390 1227 3440 magis,

175 3443 294 3496 quam
319 3456 508 3498 quantum
525 3456 560 3487 te
577 3449 683 3488 clara
702 3450 847 3500 linguae
868 3448 1141 3502 pronuntiatio
1160 3449 1231 3486 do·

176 3515 247 3546 set.
274 3524 289 3541 υ

1330 360 1396 399 Vs.
1426 360 1492 409 57.
1524 358 1632 412 γυίων
1660 359 1778 404 πίστις
1799 360 1996 410 significat
2014 375 2191 399 sensuum
2211 363 2337 412 fidem

1277 420 1364 459 sive
1382 423 1666 470 persuasionem
1684 432 1708 455 a
1722 420 1895 455 sensibus
1913 421 2081 456 (luceam.
2105 421 2175 459 νόει
2193 421 2221 458 δ’
2243 422 2342 460 scri-

1278 479 1356 531 psit
1378 478 1629 524 Karstenius,
1643 490 1764 528 quum
1788 478 1909 527 vulgo
1927 477 1997 516 νόει
2013 479 2042 516 θ’
2066 478 2233 528 legatur.
2253 479 2341 518 Jam

1278 540 1371 577 licet
1392 538 1503 576 facile
1523 537 1612 588 quis
1627 537 1761 575 credat
1779 537 1882 575 illud
1901 537 1990 575 νοεῖν
2007 538 2114 588 quod
2132 551 2189 576 vs.
2208 540 2255 586 57
2274 553 2342 591 po·

1279 598 1395 637 situm
1413 606 1471 636 est
1486 597 1541 635 ita
1555 596 1681 649 accipi
1703 605 1888 648 oportere
1898 626 1908 645 ,
1931 605 1974 635 ut
1991 598 2009 635 ὁ
2023 594 2110 642 νοῦςι
2120 598 2196 641 ταῖς
2211 598 2345 647 αἰσθή-

1279 672 1374 696 σεσιν
1389 670 1439 696 ex
1460 656 1582 695 altera
1599 665 1711 708 parte
1732 656 1990 709 respondeat,
2010 658 2342 709 quemadmodum

1281 717 1323 755 fit
1345 730 1404 755 vs.
1430 717 1478 754 82
1495 714 1559 763 τὴν
1577 715 1620 755 σὺ
1645 715 1713 769 νόῳ
1735 715 1857 767 δέρκευ
1876 717 1959 768 μηδ’
1978 715 2136 767 ὄμμασιν
2156 711 2223 764 ἧσο
2239 721 2345 766 τεθη-

1280 776 1370 827 κώς,
1402 785 1531 815 tamen
1564 775 1613 814 de
1643 775 1717 814 hac
1749 775 1965 814 verborum
1996 776 2346 827 comprehensione

1281 835 1502 875 accuratius
1519 833 1635 873 nobis
1657 835 1931 874 disserendum
1954 844 2025 874 est.
2051 836 2208 875 Etenim
2224 850 2344 887 quum

1281 907 1340 934 vs.
1359 894 1408 932 56
1426 897 1553 942 νοῆσαι
1574 893 1622 932 de
1637 907 1822 932 sensuum
1839 893 2164 946 perceptionibus
2185 907 2348 946 usurpe-

1282 962 1360 1001 tur,
1375 961 1419 992 ut
1434 953 1539 1005 apud
1554 954 1768 992 Homerum
1784 953 1904 993 Iliad.
1924 946 1996 992 lib.
2012 952 2093 1001 XV,
2111 949 2347 1006 422“Emwp

1282 1011 1312 1051 δ’
1331 1015 1377 1057 ὡς
1396 1013 1536 1061 ἐνόησεν
1556 1013 1699 1066 ἀνεψιὸν
1723 1013 1960 1066 ὀφθαλμοῖσιν
1983 1014 2018 1052 ἐν
2034 1012 2172 1065 κονίῃσι
2194 1012 2347 1052 πεσόντα

1282 1082 1319 1110 et
1340 1072 1460 1122 alibi,
1479 1073 1741 1111 nihilominus
1755 1071 1826 1111 νόει
1847 1085 1909 1111 vs.
1935 1073 1982 1121 57
2009 1072 2269 1124 Empedocles
2299 1073 2347 1110 ad

1285 1132 1426 1171 mentis
1460 1132 1583 1171 aciem
1621 1133 1842 1180 transtulit,
1871 1140 1915 1170 ut
1957 1132 2061 1171 idem
2091 1131 2256 1174 verbum
2301 1133 2350 1171 de

1284 1192 1486 1247 communi
1508 1192 1773 1242 cognoscendi
1801 1192 1981 1230 facultate
2002 1193 2149 1230 dictum
2175 1205 2259 1231 esse
2279 1205 2349 1245 ap-

1284 1260 1430 1303 pareat.
1454 1248 1550 1298 Quae
1572 1264 1634 1290 res
1658 1264 1784 1303 nuper
1814 1251 1972 1289 induxit
1995 1251 2208 1290 Henricum
2237 1251 2349 1291 Stei-

1285 1314 1416 1363 nium‚
1435 1321 1478 1350 ut
1497 1312 1627 1364 posita
1641 1320 1731 1363 post
1744 1314 1870 1359 νοῆσαι
1888 1310 2157 1350 distinctionis
2176 1311 2347 1362 virgula,

1285 1373 1468 1423 quamvis
1491 1371 1559 1410 alii
1582 1372 1742 1422 gravius
1762 1370 2119 1422 interpungendum
2131 1379 2349 1424 putassent,

1285 1432 1510 1483 proximum
1532 1444 1691 1470 versum
1714 1444 1802 1469 cum
1823 1430 1899 1468 hoc
1919 1431 2066 1469 arctius
2084 1439 2349 1482 connecteret,

1286 1500 1394 1530 ratus
1413 1491 1716 1543 haudquaquam
1748 1490 1797 1529 ab
1820 1490 2054 1543 Empedocle
2076 1491 2243 1541 singulis
2264 1504 2350 1529 sen-

1286 1550 1396 1589 sibus
1417 1551 1533 1589 fidem
1554 1550 1736 1600 derogari
1760 1563 1888 1601 neque
1909 1550 2024 1588 aliam
2046 1563 2130 1589 esse
2151 1551 2234 1589 vim
2253 1551 2345 1589 infi-

1286 1609 1405 1647 nitivi
1431 1612 1557 1656 νοῆσαι
1578 1617 1616 1646 et
1635 1608 1864 1660 imperativi
1893 1608 1978 1646 νόει.
2010 1609 2070 1647 Ad
2090 1608 2166 1647 hoc
2188 1609 2350 1648 demon-

1287 1668 1489 1706 strandum
1536 1667 1829 1706 inconsiderate
1880 1667 1972 1706 citat
2009 1668 2262 1707 Aristotelem
2304 1669 2352 1707 de

1288 1728 1409 1766 anim.
1434 1727 1506 1775 ΙΙΙ,
1530 1728 1551 1765 3
1574 1741 1611 1779 p.
1644 1733 1735 1776 [¹27-
1761 1741 1794 1765 a.
1817 1727 1864 1765 23
1887 1727 1949 1766 ed.
1984 1728 2147 1766 Bekker.
2173 1728 2230 1766 sic
2259 1729 2352 1766 scri-

1287 1788 1440 1826 bentem
1462 1801 1470 1825 :
1494 1787 1554 1826 καὶ
1571 1786 1605 1825 οἵ
1620 1802 1660 1839 γε
1681 1788 1825 1840 ἀρχαῖοι
1842 1786 1882 1825 τὸ
1898 1792 2035 1840 φρονεῖν
2051 1786 2111 1825 καὶ
2129 1787 2168 1825 τὸ
2186 1786 2351 1827 αἰσθάνε-

1288 1851 1370 1886 σθαι
1387 1846 1511 1885 ταύτὸν
1522 1839 1611 1884 εἶναί
1626 1861 1744 1899 φασιν,
1760 1844 1880 1898 ὥσπερ
1893 1845 2213 1897 καὶἸΞμπεδοκλ-ἧς
2232 1845 2350 1900 εἴρηκε

1289 1928 1303 1942 τι
1323 1908 1408 1961 πρὸς
1421 1906 1552 1959 παρεὸν
1566 1906 1633 1960 γὰρ
1651 1909 1756 1958 μῆτις
1771 1904 1909 1952 ἀέξεται
1929 1906 2180 1958 ἀνθρώποισιν,
2202 1924 2218 1940 ³»
2240 1905 2301 1945 καὶ
2317 1908 2351 1945 ἐν

1287 1969 1406 2012 ἄλλοις
1426 1985 1442 2003 α
1462 1966 1537 2006 ὅθεν
1565 1965 1684 2020 σφίσιν
1707 1966 1776 2005 αἰεὶ
1794 1965 1854 2005 καὶ
1874 1965 1914 2004 τὸ
1935 1967 2072 2019 φρονεῖν
2095 1965 2220 2004 ἀλλοῖοι
2241 1965 2351 2019 παρί-

1289 2043 1417 2067 σταται
1439 2045 1454 2061 »ι
1474 2027 1554 2065 κτλ.
1580 2034 1618 2064 et
1638 2025 1806 2078 Metaph.
1827 2025 1902 2073 Ill,
1924 2026 1945 2063 5
1968 2038 2059 2077 pag.
2084 2039 2184 2077 1009
2200 2024 2240 2063 b.
2263 2039 2353 2063 ean-

1289 2087 1375 2126 dem
1399 2100 1480 2125 rem
1496 2086 1570 2125 hoc
1587 2086 1705 2124 modo
1726 2086 1988 2137 explicantem
2011 2099 2019 2122 :
2042 2084 2102 2124 καὶ
2123 2084 2191 2137 γὰρ
2212 2084 2351 2135 Ἐμπε-

1289 2148 1416 2194 δοκλῆς
1433 2145 1724 2198 μεταὸάλλοντας
1745 2145 1807 2193 τὴν
1823 2144 1892 2191 ἕξιν
1912 2145 2151 2196 μεταὸάλλειν
2180 2144 2266 2197 φησὶ
2287 2144 2351 2192 τὴν

1289 2204 1456 2259 φρόνησιν
1479 2223 1494 2239 ι
1515 2205 1602 2258 πρὸς
1627 2203 1758 2257 παρεὸν
1786 2204 1855 2257 γὰρ
1878 2207 1982 2255 μῆτις
2004 2203 2185 2249 ἐναύξεται
2214 2204 2350 2257 ἀνθρώ-

1288 2280 1421 2305 ποισιν.
1445 2282 1461 2300 »
1487 2264 1549 2303 καὶ
1571 2266 1605 2303 ἓν
1628 2263 1760 2319 ἑτέροις
1793 2263 1829 2302 δὲ
1848 2263 1942 2315 λέγει
1962 2263 2015 2301 ὅτι
2047 2281 2064 2299 ι
2092 2262 2195 2303 ὅσσον
2217 2263 2351 2302 ἀλλοῖοι

1290 2323 1459 2377 μετέφυν,
1480 2323 1582 2363 τόσον
1604 2323 1647 2374 ἄρ
1672 2338 1789 2376 σφισιν
1819 2322 1888 2361 αἰεὶ
1917 2321 2038 2361 καὶτὸ
2064 2327 2201 2375 φρονεῖν
2225 2323 2352 2362 ἀλλοῖα

1290 2383 1500 2439 παρίστατο.
1520 2400 1536 2418 ι»
1553 2383 1667 2421 Talia
1686 2383 1802 2421 etiam
1820 2382 1868 2420 de
1883 2382 2120 2420 Pan-menide
2139 2390 2178 2420 et
2198 2383 2351 2421 Anaxa-

1290 2456 1386 2493 gora
1416 2442 1556 2494 adjicit
1582 2441 1827 2481 Aristoteles,
1858 2441 2036 2479 Priorem
2066 2441 2196 2479 locum
2235 2442 2353 2492 longa

1289 2502 1626 2553 argumentatione
1652 2502 1824 2540 illustrat
1845 2501 2094 2553 Philoponus
2111 2502 2177 2541 fol.
2211 2516 2226 2539 1
2240 2507 2283 2546 14
2305 2504 2352 2542 A.

1290 2562 1333 2599 Β.
1361 2561 1420 2600 Cf.
1444 2561 1675 2613 Simplicius
1706 2560 1754 2598 ad
1776 2561 1939 2601 Aristot.
1963 2560 2011 2598 de
2032 2561 2154 2599 anim.
2190 2560 2248 2599 Ill
2281 2562 2349 2602 fol.

1292 2621 1341 2660 56
1363 2622 1406 2659 Β.
1430 2620 1505 2659 Sed
1526 2634 1603 2658 non
1626 2632 1784 2671 possum
1812 2633 1892 2657 non
1913 2619 2096 2658 assentiri
2120 2620 2253 2660 Herm.
2277 2620 2353 2659 Bo-

1293 2681 1392 2718 nitio
1413 2693 1555 2719 comm.
1582 2679 1630 2717 ad
1657 2679 1778 2718 Arist.
1808 2678 1978 2730 Metaph.
2004 2679 2031 2717 l.
2055 2693 2090 2719 c.
2121 2693 2160 2731 p.
2199 2694 2274 2717 202
2298 2681 2352 2719 ita

1286 2739 1482 2791 judicanti
1505 2753 1514 2777 z
1538 2756 1555 2774 «
1578 2739 1759 2778 Ceterum
1778 2738 1883 2790 quod
1902 2738 2133 2777 Aristoteles
2159 2739 2354 2791 Empedo-

1291 2799 1388 2837 clem
1403 2829 1413 2847 ,
1433 2798 1707 2837 Parmenidem
1723 2828 1733 2847 ,
1759 2800 2030 2848 Anaxagoram
2047 2797 2151 2837 idem
2170 2799 2353 2837 statuisse

1291 2858 1387 2896 dicit
1407 2856 1568 2905 αἴσθησιν
1592 2866 1630 2896 et
1645 2858 1832 2911 φρόνησιν,
1852 2871 2037 2897 sensuum
2058 2858 2350 2910 perceptionem

1291 2926 1329 2955 et
1345 2917 1610 2967 cognitionem
1629 2917 1877 2964 rationalem,
1894 2917 2112 2955 cavendum
2129 2926 2187 2955 est
2201 2930 2249 2955 ne
2266 2917 2353 2968 ejus

1291 2977 1514 3015 auctoritati
1536 2977 1704 3015 nimium
1724 2977 1815 3015 fidei
1840 2976 2067 3015 habeamus.
2097 2994 2112 3011 α
2135 2975 2233 3015 Nam
2254 2990 2352 3028 prae-

1292 3043 1466 3088 terquam
1487 3035 1594 3088 quod
1615 3036 1675 3074 illi
1696 3035 1799 3087 epici
1820 3036 2014 3074 sermonis
2044 3049 2239 3074 memores
2262 3049 2352 3074 ver-

1291 3093 1432 3133 borum
1465 3094 1556 3133 νοεῒν
1578 3103 1616 3133 et
1640 3100 1777 3149 φρονεῖν
1799 3094 2063 3145 significatum
2086 3095 2204 3133 latius
2235 3107 2351 3146 quam

1292 3154 1411 3204 vulgo
1438 3154 1481 3192 fit
1498 3163 1631 3206 patere
1651 3154 1881 3201 voluerunt,
1910 3154 2137 3193 Aristotelis
2154 3153 2351 3205 judicium

1291 3213 1380 3251 aliis
1422 3214 1636 3252 eorundem
1669 3214 2000 3266 philosophorum
2033 3214 2161 3252 effatis
2198 3213 2353 3252 abunde

1292 3273 1496 3314 refutatur.
1526 3274 1609 3312 Huc
1646 3273 1795 3312 accedit
1838 3273 1944 3324 quod
1978 3274 2221 3323 Anaxagorae
2253 3266 2353 3310 illud

1292 3331 1598 3384 μνημονευόμενον
1627 3332 1840 3385 ἀπόφθεγμα
1869 3332 1973 3384 apud
1995 3331 2245 3370 Aristotelem
2271 3343 2352 3369 non

1291 3406 1313 3431 e
1334 3393 1491 3444 scriptis
1508 3393 1609 3443 viri,
1626 3392 1693 3430 sed
1711 3405 1732 3429 e
1757 3391 2008 3430 sermonibus
2028 3391 2230 3429 hominum
2249 3390 2351 3441 peti-

1292 3461 1372 3490 tum
1397 3452 1497 3490 nihil
1518 3451 1672 3503 probat.
1693 3451 1942 3490 Parmenidis
1959 3459 2086 3489 autem
2113 3462 2249 3488 versus
2267 3449 2350 3500 (vs.

1301 3513 1471 3562 1A6-149
1493 3525 1532 3563 p.
1562 3525 1630 3548 121
1656 3512 1716 3551 ed.
1736 3519 1860 3550 nostr.
1876 3511 1902 3562 ),
1922 3510 2117 3562 depromti
2135 3522 2182 3546 ex
2201 3521 2246 3546 ea
2264 3521 2348 3546 car-
