2612 3814
1028 267 1093 308 DE
1121 265 1454 306 EMPEDOCLE.

285 360 375 400 τόνδ’
393 358 657 407 Ἀσκληπιάδην
674 357 802 412 πατρὶς
820 357 942 411 ἔθρεψε
959 356 1054 397 Γέλα
1066 387 1077 405 ,

230 426 266 471 ὃς
280 420 432 470 ίπολλοὺς
460 430 639 478 μογεροῖσι
676 420 954 476 μαραινομένους
979 421 1173 473 καμάτοισι

285 494 405 545 φῶτας
428 489 645 543 ἀπέστρεψεν
662 487 887 542 Περσεφόνης
905 487 1075 539 θαλάμων
1100 486 1172 541 (1).

175 592 337 633 Accedit
355 591 493 631 Galeni
506 592 716 630 auctoritas
732 591 800 640 qui
813 589 1049 638 Therapeut.
1068 588 1088 627 I
1108 592 1138 627 t.
1155 585 1226 638 IV,

175 669 214 708 p.
240 663 289 698 35
309 657 371 696 ed.
388 656 508 695 Basil.
522 655 756 695 Pausaniam
774 665 927 694 summa
940 656 1044 692 inter
1060 650 1230 693 medicos

175 723 299 774 gloria
317 722 492 762 floruisse
517 725 683 760 testatur
710 733 720 759 ι
743 718 804 758 καὶ
830 718 980 773 πρόσθεν
1007 716 1071 769 μὲν
1094 717 1164 771 ἔρις
1179 712 1223 766 ἦν

174 786 213 824 οὗ
238 785 395 838 σμικρά,
416 787 559 833 νικῆσαι
578 786 628 837 τῷ
645 783 772 830 πλήθει
791 784 859 821 τῶν
877 781 1086 838 εὑρημάτων
1110 780 1224 830 ἀλλή-

173 851 254 894 λους
285 848 530 903 ὀριγνωμένων
551 850 620 887 τῶν
646 849 680 887 ἐν
702 849 768 902 Κῷ
788 847 850 887 καὶ
874 845 1005 899 Κνίδῳ.
1027 845 1142 886 διττὸν
1158 845 1228 900 γὰρ

174 913 225 952 ἔτι
247 915 351 952 τοῦτο
373 912 413 952 τὸ
438 913 536 965 γένος
554 907 597 962 ἧν
624 914 693 951 τῶν
713 911 771 951 ἐπὶ
789 914 853 959 τῆς
877 909 995 962 Ἀσίας
1011 909 1228 958 Ἀσκληπια-

173 978 263 1026 δῶν,
291 977 517 1023 ἐπιλιπόντος
541 980 620 1017 τῶν
638 977 732 1017 κατὰ
744 977 882 1017 Ῥόδον.
902 975 1021 1029 ἤριζον
1054 974 1082 1014 δ’
1111 976 1229 1020 αὐτοῖς

172 1041 237 1091 τὴν
257 1042 392 1094 ἀγαθὴν
413 1041 487 1095 ἔριν
508 1042 645 1090 ἐκείνην
659 1071 672 1094 ,
702 1041 745 1089 ἣν
761 1040 923 1084 Ἡσίοδος
951 1040 1091 1092 ἐπῄνει,
1115 1039 1177 1079 καὶ
1197 1041 1229 1079 οἱ

173 1107 213 1146 ἐκ
231 1108 296 1154 τῆς
322 1106 476 1151 Ἰταλίας
504 1106 620 1161 ἰατροί
629 1136 640 1156 ,
662 1105 857 1146 Φιλιστίων
891 1104 952 1144 καὶ
980 1104 1228 1156 Ἐμπεδοκλῆς

172 1170 233 1211 καὶ
252 1172 461 1216 Παυσανίας
481 1172 542 1211 καὶ
558 1173 589 1211 οἱ
609 1170 742 1211 τούτων
757 1172 903 1224 ἑταῖροι.
921 1170 1138 1211 Anchitum
1158 1182 1228 1221 pa-

171 1240 296 1283 trem,
316 1238 384 1286 qui
405 1237 446 1275 in
469 1238 751 1287 epigrammate
771 1229 1028 1287 memoratur,
1059 1233 1225 1272 eundem

170 1311 253 1339 esse
270 1304 460 1351 putarunt
478 1302 552 1339 viri
572 1300 695 1347 docti,
716 1311 834 1350 quem
864 1298 1108 1338 lamblichus
1134 1298 1228 1337 Em-

168 1365 343 1416 pedoclis
364 1366 560 1417 hospitem
588 1366 707 1405 fuisse
727 1370 845 1416 atque
878 1364 929 1404 ab
958 1375 1004 1403 eo
1026 1375 1047 1403 e
1073 1375 1227 1403 summo

169 1431 341 1480 periculo
359 1436 536 1482 ereptum
556 1431 676 1470 refert
696 1432 739 1470 in
757 1432 839 1470 vita
858 1429 1092 1481 Pythagorae
1116 1434 1189 1469 113
1214 1441 1224 1468 ε

170 1492 417 1544 Ἐμπεδοκλῆς
444 1493 480 1533 δὲ
502 1494 734 1544 σπασαμένου
765 1496 825 1532 τοῦ
848 1492 964 1547 ξίφους
985 1494 1085 1544 (leg.
1109 1493 1151 1531 τὸ
1171 1492 1224 1538 ξί-

169 1558 252 1610 φος)
276 1557 346 1606 ἤδη
366 1559 502 1598 νεανίου
519 1557 609 1604 τινὸς
623 1558 683 1597 ἐπὶ
702 1558 761 1597 τὸν
776 1559 880 1596 αὑτοῦ
903 1556 1084 1610 ξενοδόχον
1104 1556 1227 1610 Ἀγχι-

167 1637 248 1674 τον,
268 1622 346 1662 ἐπεὶ
377 1621 521 1668 δικάσας
549 1622 704 1676 δημοσίᾳ
733 1621 792 1662 τὸν
828 1625 891 1661 τοῦ
922 1620 1061 1660 νεανίου
1089 1621 1226 1674 πατέρα

167 1685 366 1725 ἐθανάτωσε
376 1716 386 1737 ,
396 1686 456 1726 καὶ
474 1685 617 1740 ᾄξαντος
627 1716 639 1738 ,
654 1687 701 1730 ὡς
715 1679 788 1738 εἶχε
806 1684 1012 1737 συγχύσεως
1025 1684 1085 1724 καὶ
1100 1688 1225 1736 θυμοῦ,

169 1749 331 1804 ξιφήρους
346 1756 476 1791 παῖσαι
494 1750 554 1790 τὸν
570 1754 630 1790 τοῦ
648 1749 781 1805 πατρὸς
794 1748 1059 1797 καταδικαστήν
1071 1779 1082 1799 ,
1097 1749 1225 1789 ὡσανεὶ

169 1814 277 1868 φονέα
295 1814 481 1869 Ἄγχιτον,
513 1815 830 1869 μεθαρμοσάμενος
856 1813 953 1859 εὐθὺς
986 1814 1226 1868 ἀνεκρούσατο

166 1878 206 1918 τὸ
233 1878 399 1928 νηπενθές
418 1881 450 1919 τ’
485 1879 615 1934 ἄχολόν
641 1896 679 1919 τε
699 1881 818 1919 κακῶν
837 1879 1003 1926 ἐπίληθον
1031 1878 1223 1927 ἁπάντων,

165 1942 258 1983 κατὰ
275 1942 336 1983 τὸν
365 1943 517 1992 ποιητήν
531 1974 543 1994 ,
568 1943 630 1983 καὶ
647 1943 706 1984 τόν
723 1960 762 1984 τε
782 1945 911 1983 ἑαυτοῦ
931 1942 1112 1996 ξενοδόχον
1131 1941 1221 1995 Ἄγε

164 2006 437 2060 χιτονχθανᾶτου
468 1999 643 2062 ἐρρύσατο
660 2007 720 2047 καὶ
740 2007 799 2047 τὸν
818 2007 960 2047 νεανίαν
976 2006 1220 2061 ἀνδροφονίας.

164 2073 311 2122 Quodsi
327 2085 416 2114 cum
431 2074 599 2115 Anchito
613 2079 721 2126 patre
734 2079 773 2115 et
783 2074 980 2114 Pausania
994 2074 1077 2112 filio
1089 2074 1223 2112 eodem

164 2139 347 2178 amicitiai
378 2140 534 2178 vinculo
565 2141 798 2190 conjunctus
829 2138 906 2178 fuit
941 2138 1198 2188 Empedocles
1210 2167 1221 2185 ‚

163 2212 243 2241 non
277 2207 337 2242 est
363 2203 470 2253 quod
491 2205 678 2243 miremur
708 2202 987 2253 philosophum
1021 2203 1224 2241 Pausaniae

164 2265 235 2306 hos
253 2267 302 2306 de
320 2278 448 2306 rerum
468 2272 611 2307 natura
634 2267 751 2306 libros
770 2267 985 2306 dedicasse.
1009 2266 1125 2315 Quod
1154 2278 1222 2306 au-

163 2337 243 2371 tem
262 2332 456 2384 Bergkius
472 2333 647 2383 pluribus
662 2333 908 2383 argumentis
923 2331 1077 2370 efficere
1093 2342 1224 2382 aggre-

166 2396 286 2446 ditur,
310 2398 591 2448 Empedoclem
619 2409 701 2437 non
721 2398 798 2436 hoc
814 2401 972 2437 tantum
993 2396 1223 2447 poema‚sed

164 2466 339 2506 lustralia
368 2467 486 2504 etiam
513 2465 689 2503 carmina
709 2464 761 2503 ad
790 2464 960 2503 eundem
984 2460 1222 2502 Pausaniam

163 2537 282 2582 atque
301 2530 353 2568 ad
373 2530 584 2580 Telaugem
602 2558 612 2576 ,
630 2529 865 2580 Pythagorae
880 2529 1006 2569 filium
1019 2557 1030 2576 ,
1054 2530 1222 2579 misisse,

164 2600 208 2635 ut
225 2595 326 2635 duos
344 2596 448 2634 vIros
465 2595 657 2644 sapientia
672 2594 797 2633 claros
811 2596 853 2633 in
870 2596 1077 2644 utriusque
1095 2595 1223 2644 operis

162 2661 294 2703 fronte
316 2660 609 2711 compellaverit
629 2671 639 2698 ε
659 2660 699 2699 id
718 2659 931 2699 admodum
946 2659 1142 2699 incertum
1161 2660 1222 2697 vi-

162 2726 291 2775 detur,
306 2728 477 2766 rationes
496 2730 629 2765 autem
648 2736 748 2776 quas
767 2725 908 2777 affert,
926 2736 1066 2775 parum
1085 2724 1222 2775 proba·

162 2792 258 2832 biles
279 2795 387 2834 sunt.
407 2791 498 2831 Jam
517 2791 692 2843 singulas
711 2792 1060 2842 argumentationis
1089 2795 1221 2841 partes

161 2856 374 2896 videamus.
390 2856 587 2895 Lustralia
604 2857 782 2895 carmina
794 2857 849 2895 ita
864 2866 978 2895 orsus
997 2859 1056 2894 est
1071 2855 1221 2905 Empe-

159 2920 311 2972 docles,
328 2924 374 2960 ut
400 2921 548 2960 amicos
565 2950 575 2970 ,
606 2931 706 2970 quos
725 2919 934 2971 Agrigenti
954 2919 1139 2969 haberet,
1162 2919 1220 2958 al-

163 2985 388 3035 loqueretur
427 2984 480 3036 (2)
511 2984 589 3035 (cf.
625 2985 742 3036 Diog.
776 2984 906 3024 Laert.
942 2983 1062 3031 VIII,
1095 2989 1146 3022 54
1180 2987 1220 3022 et

162 3046 235 3101 62)
260 3060 270 3087 :

212 3128 267 3176 Ὦ
283 3137 376 3190 φίλοι
396 3135 431 3175 οἳ
454 3136 545 3190 μέγα
563 3137 651 3176 ἄστυ
671 3137 763 3177 κατὰ
778 3136 900 3184 ξανθοῦ
921 3136 1156 3191 Ἀκράγαντος

205 3331 236 3373 1)
268 3332 386 3364 confer
415 3340 490 3373 quae
520 3332 630 3365 notavi
659 3332 700 3365 ad
732 3342 800 3366 vss.
831 3335 979 3366 473-476.
1012 3331 1217 3373 Epigramma

162 3379 235 3420 hoc,
256 3387 275 3411 a
295 3379 437 3420 Diogene
462 3380 648 3421 Empedocli
665 3381 862 3422 ascriptum,
883 3381 915 3412 in
934 3379 1128 3420 Anthotogia
1148 3379 1215 3411 Pla·

159 3427 266 3460 nudea
287 3427 416 3460 incertis
436 3426 682 3468 adnumeratur,
702 3428 735 3461 in
757 3428 855 3461 Palat.
874 3429 951 3468 VII,
978 3430 1039 3459 508
1068 3426 1216 3458 librario-

161 3483 248 3514 rum,
267 3476 304 3508 ut
318 3474 457 3516 videtur,
474 3484 583 3508 errore
600 3475 640 3508 ad
656 3475 857 3508 Simonidem
874 3478 1042 3507 auctorem
1061 3474 1212 3506 refertur.

162 3523 212 3555 Cf.
233 3522 438 3556 Schneidew.
469 3522 626 3556 Simonid.
648 3523 717 3556 rell.
746 3531 778 3564 p.
803 3527 874 3556 225.
908 3525 970 3555 Pro
1001 3522 1108 3564 ἔθρεψε
1125 3520 1211 3562 quod

2258 276 2341 303 XXV

1345 354 1452 393 ναίετ’
1467 355 1520 392 ἀν’
1543 353 1635 406 ἄκρα
1656 351 1784 397 πόλευς
1801 353 1941 404 ἀγαθῶν
1965 351 2203 404 μελεδήμονες
2233 351 2290 406 έρ-

1345 418 1463 465 ξείνων
1485 418 1609 458 αἰδοῖοι
1624 416 1765 469 λιμένες
1777 445 1789 465 ,
1804 416 1998 465 κακότητος
2016 415 2166 469 ἄπειροι,
2179 417 2267 469 [γων
2279 446 2291 468 ,

1343 483 1500 538 χαίρετ’·
1523 482 1593 535 ἐγὼ
1606 483 1638 522 δ’
1653 481 1766 533 ὔμμιν
1783 480 1856 525 θεὸς
1874 480 2071 534 ἄμὸροτος,
2088 479 2343 531 οὔκέτιθνητός,

1344 550 1532 599 πωλεῦμαι
1547 546 1638 599 μετὰ
1651 552 1740 585 πᾶσι
1762 544 1964 597 τετιμένος,
1979 544 2102 596 ὥσπερ
2124 543 2235 593 ἔοικε,

1343 613 1492 658 ταινίαις
1510 629 1547 653 τε
1565 612 1795 668 περίστεπτος
1813 609 1976 665 στέφεσίν
1994 625 2033 650 τε
2052 608 2219 654 θαλείοις.

1343 680 1465 718 Τοῖσιν
1482 676 1548 731 ἅμ’
1566 671 1637 717 εἶτ’
1655 676 1697 716 ἂν
1714 675 1850 728 ἵκωμαι
1866 676 1900 720 ἐς
1917 674 2025 715 ἄστεα
2044 674 2282 722 τηλεθόωντα,

1343 745 1474 798 ἀνδράσ
1488 760 1516 783 ιν
1529 740 1592 793 ἠδὲ
1605 740 1739 794 γυναιξὶ
1750 740 1953 793 σεὸίζομαν
1965 742 1996 795 οἳ
2010 738 2267 791 δ’ἅμ’ἕ’πονται

1345 808 1482 862 μυρίοι,
1502 807 1690 862 ἐξερέοντες
1705 806 1777 856 ὅπη
1798 807 1885 861 πρὸς
1902 805 2022 860 κέρδος
2042 804 2219 859 ἀταρπός,

1342 875 1373 912 οἱ
1389 872 1453 926 μὲν
1466 872 1711 925 μαντοσυνέων
1727 870 1964 926 κεχρημένοι,
1986 873 2017 910 οἳ
2034 871 2065 908 δ’
2081 869 2139 909 ἐπὶ
2159 869 2292 908 νούσων

1345 938 1475 991 (δηρὸν
1496 938 1538 986 δὴ
1557 939 1738 991 χαλεπῇσι
1753 936 1973 989 πεπαρμένοι
2012 936 2100 989 ἀμφ’
2115 933 2291 988 ὀδύνῃσιν)

1342 1002 1518 1042 παντοίων
1540 1002 1707 1043 ἐπύθοντο
1724 1001 1842 1042 κλύειν
1860 1001 1989 1049 εὐηκέα
2012 998 2126 1054 βάξιν.

1290 1108 1422 1158 Longe
1435 1108 1631 1146 diversam
1651 1117 1738 1145 esse
1758 1109 1920 1156 apparet
1934 1105 2127 1143 rationem
2150 1102 2255 1142 Illius
2274 1104 2344 1143 loci

1288 1175 1356 1224 qui
1376 1184 1400 1211 a
1415 1174 1588 1222 Diogene
1604 1170 1761 1210 Laertio
1774 1169 1889 1218 VIII,
1912 1174 1961 1207 59
1984 1168 2147 1206 affertur
2170 1165 2224 1220 (3)
2247 1179 2257 1205 ε

1344 1267 1533 1320 Φάρμακα
1547 1266 1578 1305 δ’
1588 1266 1676 1306 ὅσσα
1691 1270 1816 1318 γεγᾶσι
1832 1265 1951 1303 κακῶν
1966 1262 2026 1302 καὶ
2037 1262 2168 1316 γήραος
2186 1262 2300 1315 ἄλκαρ

1342 1330 1458 1384 πεύσῃ
1470 1362 1479 1380 ,
1497 1330 1574 1370 ἐπεὶ
1596 1330 1713 1383 μούνῳ
1733 1344 1787 1368 σοι
1804 1328 1873 1380 ἐγὼ
1886 1327 2025 1381 κρανέω
2044 1327 2128 1366 τάδε
2148 1326 2266 1366 πάντα
2281 1339 2291 1350 ·

1340 1395 1488 1440 παύσεις
1503 1396 1532 1434 δ’
1553 1394 1747 1446 ἀκαμάτων
1764 1392 1902 1444 ἀνέμων
1921 1390 2039 1443 μένος,
2067 1389 2102 1430 οἵ
2115 1393 2147 1430 τ’
2166 1391 2223 1430 ἐπὶ
2241 1393 2346 1443 γαῖαν

1340 1462 1521 1517 ὀρνύμενοι
1542 1466 1697 1501 πνοιαῖσι
1714 1456 2028 1513 καταφθινύθουσιν
2044 1456 2209 1511 ἄρουραν,
2265 1465 2267 1467 “

1341 1527 1402 1567 καὶ
1445 1527 1569 1574 πάλιν,
1613 1519 1684 1564 εἶτ’
1724 1523 1913 1576 ἐθέλῃσθα,
1945 1521 2136 1560 παλίντιτα
2174 1520 2346 1572 πνεύματ’

2161 1584 2174 1640 [
2190 1585 2325 1631 ἐπάξεις
2338 1602 2346 1610 ·

1342 1655 1458 1704 θήσεις
1479 1656 1510 1693 δ’
1532 1653 1566 1698 ἐξ
1587 1653 1736 1706 ὄμίροιο
1763 1653 1926 1692 κελαινοῦ
1943 1650 2078 1704 καίριον
2101 1651 2238 1703 αὖχμὸν

1342 1719 1538 1774 ἀνθρώποις
1549 1750 1559 1767 ,
1577 1718 1692 1767 θήσεις
1713 1717 1748 1757 δὲ
1763 1717 1824 1756 καὶ
1845 1716 1879 1763 ἐξ
1894 1718 2046 1770 αὐχμοῖο
2062 1717 2193 1770 θερείου

1342 1786 1501 1841 ῥεύματα
1520 1783 1807 1837 δενδρεόθρεπτα,
1823 1782 1929 1821 καλὸν
1948 1782 2046 1835 θέρος
2061 1782 2289 1835 ἀρδεύσοντα,

1340 1850 1431 1896 ἄξεις
1452 1850 1482 1889 δ’
1505 1848 1540 1895 ἐξ
1554 1848 1674 1889 Ἀΐδαο
1691 1847 1954 1903 καταφθιμένου
1976 1847 2078 1900 μένος
2099 1847 2234 1899 ἀνδρός.

1284 1966 1330 2004 In
1348 1976 1428 2016 quo
1446 1975 1570 2015 quum
1588 1964 1640 2004 ad
1660 1975 1784 2003 unum
1802 1967 2003 2003 convertat
2019 1964 2239 2003 orationem
2255 1962 2347 2001 Em-

1285 2030 1484 2081 pedocles,
1508 2039 1657 2068 errasse
1681 2029 1820 2079 opinor
1841 2028 2044 2067 Sturzium
2065 2032 2104 2067 et
2130 2027 2344 2078 Bergkium

1284 2097 1351 2145 qui
1365 2095 1450 2134 haec
1473 2093 1595 2133 verba
1611 2093 1715 2131 inter
1733 2090 1936 2144 καθαρμοὺς
1964 2094 2092 2143 posita
2110 2092 2232 2131 fuisse
2252 2102 2341 2131 cen-

1284 2159 1584 2209 suerunt..lpsa
1612 2162 1743 2198 autem
1765 2158 1815 2197 de
1841 2170 1918 2209 qua
1940 2157 2198 2209 philosophus
2220 2158 2346 2207 loqui-

1283 2230 1348 2265 tur
1367 2225 1532 2264 materia
1551 2223 1776 2262 testimonio
1803 2227 1862 2262 est
1882 2223 1955 2262 hos
1975 2222 2190 2262 versiculos
2212 2233 2233 2260 e
2261 2232 2342 2260 me-

1282 2293 1369 2331 dico
1406 2294 1579 2331 carmine
1607 2292 1618 2342 (
1638 2292 1678 2329 ἐκ
1711 2291 1782 2329 τῶν
1819 2288 2014 2341 ἰατρικῶν)
2050 2298 2133 2326 esse
2170 2291 2342 2333 sumtos,

1282 2352 1389 2408 quod
1403 2369 1526 2396 unum
1541 2357 1748 2396 Karstenio
1761 2356 1879 2394 etiam
1892 2353 2100 2392 verborum
2112 2356 2345 2407 argumento

1282 2424 1492 2462 convenire
1513 2422 1734 2461 videbatur.
1760 2419 1874 2459 Adde
1893 2417 2000 2469 quod
2020 2419 2063 2456 in
2090 2417 2223 2456 codice
2243 2427 2342 2466 quo-

1282 2486 1375 2525 dam
1413 2486 1655 2535 Matritensi,
1700 2495 1780 2535 quo
1806 2483 1925 2523 iidem
1955 2493 2094 2521 versus
2136 2486 2344 2520 servantur

1284 2549 1403 2601 <teste
1438 2550 1579 2589 Iriarte
1609 2549 1782 2599 Catalog.
1816 2559 1856 2598 p.
1894 2546 1998 2596 450)
2034 2546 2116 2585 haec
2147 2546 2343 2595 adscripta

1281 2621 1406 2656 sunt:
1439 2614 1688 2667 Ἐμπεδοκλῆς
1720 2611 1913 2665 Παυσανίᾳ
1945 2609 2153 2666 ὑφηγήσατο
2179 2610 2219 2650 τὸ
2241 2610 2343 2662 (περὶ

1280 2680 1366 2733 τὴν)
1384 2679 1532 2720 ἄπνουν.
1555 2680 1650 2728 Quae
1670 2682 1893 2731 congruunt
1921 2689 2011 2717 cum
2038 2679 2085 2716 iis
2105 2689 2192 2727 quae
2218 2677 2341 2715 Hera-

1280 2746 1400 2784 clides
1434 2746 1537 2796 apud
1564 2744 1784 2795 Diogenem
1809 2742 1923 2790 VIII,
1947 2748 1996 2781 60
2021 2742 2173 2780 rettulit
2195 2752 2205 2781 :
2229 2739 2342 2793 Ἦρα-

1280 2809 1419 2857 κλείδης
1435 2810 1471 2848 δὲ
1489 2810 1523 2848 ἐν
1540 2811 1590 2863 τῷ
1605 2807 1685 2861 περὶ
1705 2807 1816 2847 νόσων
1836 2806 1942 2861 φησί,
1963 2805 2024 2845 καὶ
2037 2804 2231 2858 Παυσανίᾳ
2250 2807 2339 2858 ὑφη-

1279 2875 1460 2929 γήσασθαι
1485 2873 1589 2913 αὐτὸν
1628 2872 1674 2912 τὰ
1692 2871 1774 2926 περὶ
1790 2871 1855 2919 τὴν
1877 2870 2023 2911 ἄπνουν.
2046 2871 2149 2913 Hinc
2180 2870 2340 2910 fuerunt

1279 2942 1348 2991 qui
1370 2941 1617 2991 colligerent,
1637 2939 1874 2978 Pausaniam
1887 2938 2078 2987 scriptum
2093 2936 2141 2974 de
2153 2935 2340 2982 Panthea‚

1279 3006 1441 3045 muliere
1469 3005 1747 3055 Agrigentina,
1771 3002 1959 3048 edidisse,
1988 3011 2074 3050 quae
2094 3011 2214 3050 quum
2235 3010 2340 3038 mor-

1279 3075 1347 3109 tua
1366 3071 1448 3108 visa
1466 3072 1585 3119 atque
1604 3079 1628 3107 a
1648 3067 1812 3106 medicis
1829 3066 2006 3116 deposita
2024 3066 2107 3114 jam
2132 3074 2177 3103 ac
2204 3063 2339 3113 despe-

1278 3139 1363 3174 rata
1395 3138 1518 3184 esset,
1552 3133 1799 3183 Empedoclis
1834 3135 1918 3170 arte
1942 3132 1983 3169 in
2011 3132 2135 3169 vitam
2157 3133 2339 3168 revocata

1276 3329 1426 3362 Laertius
1452 3327 1654 3370 suppeditat,
1680 3327 1714 3359 in
1740 3324 1935 3367 Anthologia
1958 3324 2007 3357 est
2034 3324 2142 3363 ἔθαψε.
2167 3321 2228 3354 Sed
2251 3322 2334 3352 Pau-

1277 3377 1403 3410 saniam
1416 3371 1611 3419 'Empedocli
1634 3374 1839 3416 superstitem
1858 3373 1958 3405 ruisse
1976 3371 2073 3404 tradit
2090 3372 2251 3410 Diogenes
2270 3367 2329 3399 lib.

1281 3426 1373 3464 VIII,
1393 3428 1432 3458 68
1451 3429 1483 3458 et
1503 3429 1556 3458 69.

1317 3474 1347 3514 2)
1372 3473 1445 3505 vid.
1468 3481 1534 3505 vss.
1554 3474 1706 3505 397-408.

1316 3522 1346 3561 3)
1372 3520 1421 3553 Cf.
1444 3528 1507 3553 vss.
1524 3521 1670 3552 462-470.
