2612 3814
23 2814 31 2822 ἢ
10 2595 47 2778 ,εᾼϊῑκπὶζέζψ
15 2520 46 2584 {⁴1⁷3-
17 2380 39 2416 -.·
14 2355 28 2363 ³

47 2780 49 2782 ¹
43 2643 53 2735 *um*
45 2594 48 2598 '
45 2336 60 2370 “1

977 260 1265 300 DEMOCRITI
1289 258 1624 298 FRAGMENTA.
2296 275 2369 308 377

208 369 243 393 τι
259 357 318 393 τοῦ
337 343 434 407 βοός,
455 354 505 406 (οὗ
523 351 590 404 γὰρ
608 350 650 390 ἂν
670 349 705 396 ἐξ
726 349 875 402 αἵματος
891 350 1033 397 κυηθείη
1051 353 1073 396 ἦ
1091 345 1257 402 μέλισσα,

209 415 285 458 ταῖς
305 412 460 467 πρωταις
484 412 635 463 πληγαῖς
664 409 714 462 μὴ
746 409 867 463 βιαίως
899 410 1120 459 ἐμπεσόντες.
1145 410 1167 459 5
1192 416 1255 448 25.

212 471 323 515 Εὖθυς
356 471 392 510 δὲ
425 470 688 522 ἀποπεφράχθω
720 475 789 513 πᾶς
810 472 870 507 τοῦ
895 468 972 521 βοὸς
999 469 1104 522 πόρος
1125 467 1259 512 ὀθόναις

208 536 377 584 καθαραῖς
407 530 467 569 καὶ
498 535 645 572 λεπταῖς
678 528 788 580 πίσσῃ
819 527 1085 581 κεχρισμέναις·
1103 521 1212 566 οἱον”
1193 543 1258 578 ομ-

209 606 327 643 ματα,
349 589 409 628 καὶ
438 591 543 642 ῥῖνες,
567 603 627 626 και
661 587 803 638 στόμα,
824 587 884 625 καὶ
907 587 971 626 ὅσα
998 590 1041 640 τῇ
1065 586 1166 637 φύσει
1189 602 1260 624 πε-

208 651 352 696 ποίηται
372 650 419 692 εἷς
434 647 579 686 κένωσιν
597 646 808 698 ἀναγκαίαν.
832 648 855 697 5
879 653 943 686 26.
966 644 1120 686 Ἔπειτα
1152 644 1258 696 θύμον

209 707 496 760 ὃποστρώσαντες
514 705 623 745 πολὺν
643 705 703 744 καὶ
724 704 843 745 ὕπτιον
862 707 917 744 ἐπ’
931 706 1034 744 αὐτοῦ
1053 703 1259 748 καταθέντες

209 766 266 806 τὸν
288 769 384 819 βοῦν,
402 764 595 810 ἐξελθόντες
613 768 672 802 τοῦ
690 763 784 803 οἴκου
804 763 899 807 εὐθυς
914 764 976 811 τὴν
994 763 1099 817 θύραν
1119 765 1179 802 καὶ
1197 763 1259 807 τὰς

209 824 354 898 θυρίδας
367 823 652 876 ἐπιχρισάτωσαν
670 824 774 875 πηλῳ
790 824 967 874 στεγανῷ,
988 824 1047 864 ὡς
1050 821 1139 871 μήτε
1158 820 1257 881 ἀέρι,

210 883 302 933 μήτε
335 881 454 935 ἀνέμῳ
489 881 642 920 εἴσδυσιν
676 878 699 927 ἢ
727 880 926 920 διάπνευσιν
954 882 1135 926 ἡντιναοῦν
1157 882 1258 919 εἰναι.

187 942 233 992 5
256 949 320 981 27.
343 940 456 994 Τρίτῃ
486 940 522 979 δὲ
553 939 719 991 ἑὸδομᾶδι
742 938 813 992 χρὴ
839 939 1009 977 πάντοθεν
1040 936 1260 983 ἐξανοίξαντα

210 995 368 1039 εἶσεασαι
397 1002 468 1053 φῶς
495 1014 535 1038 ’τε
554 999 612 1037 καὶ
642 998 727 1050 ἀέρα
756 997 924 1049 καθαρόν,
944 996 1037 1044 πλὴν
1066 996 1188 1035 ὁπόθεν
1219 996 1259 1034 ἂν

210 1059 313 1111 κατίῃ
336 1059 482 1111 σφοδρὸν
512 1061 671 1107 πνεῦμα·
691 1059 721 1095 εἷ
754 1056 823 1110 γὰρ
850 1050 916 1094 ὧδε
947 1055 1043 1107 ἔχοι,
1075 1054 1138 1103 τὴν
1169 1055 1261 1093 κατὰ

209 1121 312 1159 τοῦτο
331 1117 461 1156 εἴσοδον
475 1115 725 1167 κεκλεισμένην
743 1115 846 1168 χρὴ’
831 1121 944 1153 εᾶσαι.
964 1117 986 1166 5
1006 1121 1070 1154 28.
1090 1113 1203 1152 Ἐπὰν
1226 1114 1260 1152 δὲ

210 1175 351 1221 δόξωσιν
373 1177 614 1251 ἐμψυχοῦσθαι
635 1177 670 1213 αἱ
690 1169 772 1212 ὗλαι
789 1178 961 1225 ,πνεῦμα
993 1171 1162 1224 αὔταρκες
1181 1174 1261 1210 ἐπι-

210 1235 460 1285 σπασάμεναι,
482 1229 578 1278 αυθις
606 1234 676 1287 χρὴ
710 1234 914 1283 συγκλεῖσαι
947 1235 997 1284 τῴ
1032 1233 1136 1283 πηλῳ
1168 1231 1260 1269 κατα

209 1293 270 1340 τὴν
291 1293 463 1346 προτέραν
483 1308 612 1345 χρισιν.
633 1294 656 1344 5
676 1300 741 1333 29.
757 1291 952 1342 Ἑνδεκοίιῃ
970 1291 1005 1330 δὲ
1026 1291 1115 1342 μετὰ
1129 1291 1260 1338 ταύτην

207 1353 271 1399 τὴν
291 1350 426 1405 ἡμέραν
447 1351 583 1397 ἀνοίξας
599 1352 756 1404 εὑρήσεις
767 1351 886 1403 πλήρη
902 1353 1077 1402 μελισσῶν
1096 1351 1260 1403 βοτρυδὸν

209 1413 264 1450 ἐπ’
286 1412 456 1458 ἀλλήλαις
483 1410 718 1461 συνηγμένων,
736 1410 797 1449 καὶ
818 1415 877 1449 τοῦ
900 1410 978 1463 βοὸς
1004 1411 1196 1460 λειπόμενα
1216 1410 1260 1449 τὰ

207 1470 339 1523 κέρατα
357 1470 419 1509 καὶ
438 1469 483 1508 τὰ
512 1471 621 1517 ὀστᾶ,
639 1469 700 1508 καὶ
726 1469 787 1513 τὰς
806 1469 951 1522 τρίχας,
973 1469 1059 1508 ἄλλο
1079 1468 1114 1509 δὲ
1136 1468 1258 1519 μηδέν.

207 1530 229 1580 5
251 1537 314 1570 30.
338 1529 438 1569 Φασὶ
455 1528 490 1567 δὲ
516 1530 555 1567 ἐκ
570 1532 630 1567 τοῦ
655 1529 847 1581 ἐγκεφάλου
863 1528 1020 1579 γίνεσθαι
1050 1526 1128 1571 τοὺς
1155 1530 1260 1579 βασι-

207 1588 308 1635 λέας,
332 1589 371 1627 ἐκ
390 1586 427 1626 δὲ
445 1591 514 1626 τῶν
535 1589 675 1640 σαρκῶν
695 1586 757 1631 τὰς
777 1587 884 1631 ἄλλας
905 1586 1071 1639 μελίσσας
1094 1587 1261 1640 (γίνονται

208 1646 243 1686 δὲ
263 1647 324 1686 καὶ
344 1648 383 1686 ἐκ
402 1650 462 1685 τοῦ
481 1646 643 1686 νωτιαίου
665 1647 794 1698 μυελοῦ
810 1648 1000 1699 βασιλεῖς)·
1021 1645 1259 1698 κρατιστεύειν

210 1706 327 1757 μέντοι
345 1705 425 1750 τοὺς
446 1708 486 1744 ἐκ
508 1710 567 1745 τοῦ
595 1706 787 1758 ἐγκεφάλου
820 1704 956 1756 μεγέθει
976 1720 1013 1744 τε
1035 1703 1095 1743 καὶ
1114 1706 1260 1751 κάλλει,

204 1766 268 1803 καὶ
290 1764 391 1819 ῥώμῃ
410 1767 478 1818 τῶν
500 1764 629 1804 ἄλλων.
660 1765 683 1816 5
707 1771 772 1803 31.

207 1824 268 1862 καὶ
301 1823 500 1876 μεταὸολὴν
526 1826 596 1863 τῶν
616 1839 755 1876 σαρκων
777 1826 823 1867 εἰς
842 1825 914 1868 ζῶα
934 1823 994 1862 καὶ
1014 1823 1116 1862 οἱονει
1137 1823 1260 1871 κύησίν

206 1899 284 1921 τινα
304 1883 364 1922 καὶ
387 1882 540 1956 γένεσινω
548 1881 811 1935 καθιστορήσεις
831 1884 997 1922 ἐντεῦθεν.
1017 1883 1039 1940 5
1066 1890 1131 1924 32.
1151 1883 1256 1921 Ἀνω-

207 1942 374 1993 κισμένου
394 1941 461 1995 γὰρ
481 1945 540 1980 τοῦ
560 1940 676 1990 οἴκου,
709 1941 818 1994 μικρὰ
849 1957 910 1980 και
933 1942 1040 1980 λευκὰ
1071 1942 1112 1980 τὸ
1146 1934 1234 1981 esto:
1227 1972 1255 1989 ,

208 2001 268 2039 καὶ
290 2001 452 2048 ἀλλήλοις
473 2000 596 2050 ὅμοια,
625 1999 686 2038 καὶ
713 2003 751 2039 οὐ
777 1999 912 2047 τέλεια,
932 2000 1010 2039 οὔτε
1041 2000 1109 2048 ἤδη
1141 2001 1258 2048 πάντη

208 2148 293 2180 enim
306 2156 346 2180 ex
361 2147 514 2187 sanguine
527 2147 594 2188 apis
606 2146 781 2188 nascatur),
792 2147 900 2188 prirnIs
918 2147 1016 2188 plagis
1033 2157 1093 2178 non
1108 2147 1265 2179 violenter

208 2206 241 2239 in
260 2215 335 2238 eum
354 2206 523 2238 irruentes.
545 2206 660 2238 Statim
682 2214 758 2238 vero
775 2206 966 2238 obturentur
985 2206 1093 2237 omnia
1109 2206 1199 2238 bovis
1219 2206 1262 2237 so-

211 2266 333 2298 ramina
352 2265 456 2297 linteis
471 2264 560 2306 puris
576 2273 614 2296 ac
634 2263 784 2297 tenuibus
802 2265 871 2305 pice
894 2264 1023 2304 oblitis,
1042 2264 1133 2297 velut
1159 2265 1262 2305 oculi,

210 2333 304 2357 nares
323 2327 355 2356 et
375 2333 431 2363 os,
449 2325 482 2356 et
503 2332 576 2365 quae
594 2332 612 2355 a
627 2324 741 2355 natura
760 2324 851 2355 factae
865 2326 939 2355 sunt
953 2325 1060 2364 partes
1077 2322 1116 2355 ad
1132 2323 1264 2363 egestio-

211 2392 283 2415 nem
303 2382 526 2415 necessariam.
542 2381 665 2414 Deinde
684 2381 788 2413 multo
806 2381 917 2422 thymo
936 2381 1098 2413 substrato
1120 2380 1266 2422 boveque

212 2442 327 2481 supino
351 2440 380 2472 ei
411 2439 634 2480 superposito,
662 2440 758 2471 domo
778 2440 915 2480 egressi,
940 2440 1048 2471 statim
1076 2440 1209 2480 januam
1235 2442 1266 2471 et

212 2500 366 2531 fenestras
382 2498 453 2531 luto
477 2498 575 2531 denso
601 2499 763 2539 oblinam,
783 2507 824 2531 ne
847 2499 912 2531 aeri
931 2501 1091 2540 ventoque
1111 2499 1197 2531 ullus
1213 2498 1265 2530 in-

211 2566 341 2598 gressus
365 2559 422 2589 aut
444 2556 598 2598 perflandi
622 2557 713 2590 locus
732 2557 786 2590 sit.
807 2557 916 2590 Tertia
932 2561 1040 2589 aulem
1068 2557 1267 2590 hebdomade

213 2617 354 2657 undique
372 2616 504 2648 domurn
519 2616 632 2657 aperiri
650 2618 682 2648 et
697 2616 804 2648 lumen
821 2624 992 2656 aeremque
1007 2625 1123 2656 purum
1138 2616 1267 2648 admitti

212 2677 359 2717 oportet,
377 2677 511 2716 excepta
527 2684 565 2707 ea
583 2678 693 2716 parte,
711 2674 797 2706 unde
814 2674 987 2706 vehemens
1010 2677 1126 2706 ventus
1144 2675 1265 2715 spirat3

212 2735 326 2776 quodsi
345 2736 388 2766 ita
407 2743 442 2767 se
461 2734 577 2774 habet,
595 2734 721 2766 aditum
751 2742 790 2766 ex
811 2743 847 2765 ea
866 2734 954 2774 parte
970 2733 1117 2765 clausum
1132 2733 1267 2774 relinqui

212 2802 293 2835 opus
312 2796 371 2826 est.
392 2794 434 2825 At
462 2794 634 2834 postquam
660 2792 804 2825 materiae
831 2793 910 2824 visae
938 2791 1056 2824 fuerint
1081 2791 1214 2823 animari
1236 2794 1269 2824 et

212 2852 360 2893 spiritum
376 2851 588 2883 sufficientem
610 2851 767 2890 hausisse,
790 2859 900 2882 rursus
917 2849 1148 2882 domunculam
1161 2850 1266 2881 claudi

213 2912 245 2943 et
269 2910 335 2942 luto
362 2911 445 2942 sicut
474 2910 561 2951 prius
577 2909 675 2941 oblini
693 2909 854 2942 convenit.
877 2909 1054 2942 Undecimo
1069 2908 1183 2940 deinde
1200 2910 1270 2949 post

215 2968 302 2999 huuc
320 2964 404 3000 diem
423 2967 476 2999 ubi
490 2967 651 3009 aperueris
673 2968 820 3007 domum,
841 2967 982 2999 invenies
1011 2967 1136 3008 plenam
1156 2966 1270 3007 apibus

216 3035 353 3058 uvarum
371 3027 470 3058 instar
487 3026 569 3059 inter
590 3035 624 3059 se
646 3026 895 3067 coagmentatis,
917 3029 950 3058 et
973 3035 1013 3058 ex
1040 3026 1123 3057 bove
1150 3034 1269 3057 cornua

217 3085 338 3126 reliqua
354 3087 385 3118 et
401 3094 471 3117 ossa
491 3094 528 3117 ac
545 3085 646 3126 pilos,
666 3085 720 3117 sed
737 3089 888 3125 practerea
904 3085 993 3117 nihil.
1011 3085 1108 3124 Aiunt
1125 3093 1162 3116 ex
1181 3093 1266 3116 cere-

219 3144 275 3176 bro
295 3144 378 3185 gigni
398 3153 503 3185 reges,
522 3153 560 3176 ex
577 3144 727 3176 carnibus
742 3154 819 3176 vero
833 3147 966 3176 caeteras
986 3153 1059 3185 apes
1080 3143 1270 3184 (nascuntur

217 3205 326 3235 autem
342 3206 373 3235 et
388 3212 427 3235 ex
443 3203 582 3235 medulla
602 3203 712 3244 spinali
729 3203 850 3245 reges);
869 3206 1020 3244 praestare
1042 3204 1148 3235 tamen
1164 3203 1268 3234 omni-

217 3261 277 3294 bus
291 3261 358 3294 aliis
374 3270 412 3294 ex
432 3261 562 3294 cerebro
579 3263 670 3295 natos
692 3264 724 3295 et
741 3263 958 3303 magnitudine
983 3265 1015 3296 et
1032 3262 1269 3302 pulchritudine

217 3321 249 3353 et
279 3320 403 3352 robore.
433 3320 571 3352 Primam
600 3330 694 3361 porro
720 3322 963 3353 conversionem
993 3322 1269 3362 mutationemque

218 3380 364 3411 carnium
387 3380 419 3411 in
444 3380 593 3412 animalia
615 3383 647 3413 et
676 3381 766 3422 quasi
789 3381 1030 3421 conceptionem
1054 3380 1215 3422 quandam
1232 3390 1270 3413 ae

218 3438 454 3477 generationem
485 3437 559 3470 inde
589 3448 769 3480 cognosces.
800 3440 926 3472 Etenim
960 3439 1068 3472 statim
1098 3442 1268 3481 postquam

216 3498 380 3529 exstructa
400 3496 515 3529 domus
530 3499 596 3536 est,
618 3506 715 3538 parva
732 3498 882 3540 quaedam
900 3500 933 3531 et
957 3498 1029 3531 alba
1047 3499 1169 3539 specie,
1187 3499 1268 3531 inter

804 1764 880 1810 Τὴν
899 1763 935 1802 δὲ
955 1763 1099 1816 πρώτην
1128 1764 1268 1817 τροπὴν

1318 350 1389 394 ζῶα
1408 347 1488 399 περὶ
1514 347 1572 386 τὸν
1605 346 1738 398 μόσχον
1768 346 1987 394 πληθύνοντα
2017 349 2111 403 ὄψει·
2135 352 2284 401 ἀκίνητα
2305 355 2368 403 μὲν

1318 407 1434 445 πάντα
1449 435 1459 453 ,
1479 405 1571 444 κατὰ
1588 405 1711 457 μικρὸν
1733 405 1768 443 δὲ
1787 406 2018 457 αὐξανόμενα.
2035 411 2057 459 5
2078 417 2141 449 33.
2159 410 2262 455 Ἵδοις
2280 415 2310 451 δ’
2328 414 2370 452 ἂν

1319 466 1379 504 καὶ
1396 464 1460 512 τὴν
1477 464 1713 517 πτεροφύησιν
1730 464 1798 512 ἤδη
1815 465 2100 518 διαρθρουμένην,
2114 468 2176 515 τήν
2191 486 2227 508 τε
2242 472 2371 510 οἰκείαν

1318 525 1443 577 χροιὰν
1462 523 1712 575 λαμὸανούσας
1727 523 1788 561 καὶ
1804 525 2117 576 περικαθεζομένας
2132 528 2189 565 τὸν
2210 531 2371 580 βασιλέα,

1318 583 1378 622 καὶ
1398 583 1712 635 προσπετωμένας·
1733 582 1948 635 βραχύτερον
1967 583 2003 624 δὲ
2022 585 2082 624 καὶ
2096 588 2373 640 ὑποτρεμούσαις

1319 648 1396 686 ταῖς
1415 641 1557 695 πτέρυξι
1591 641 1648 680 διὰ
1668 641 1732 688 τὴν
1766 641 1909 689 ἀήθειαν
1937 645 1998 690 τῆς
2026 643 2186 691 πτήσεως
2219 646 2280 684 καὶ
2310 647 2373 693 τὴν

1319 704 1389 740 τῶν
1410 701 1524 751 μελῶν
1545 700 1699 741 ἀτονίαν.
1716 702 1814 752 534.
1835 702 2090 754 Προσιζάνουσι
2115 704 2149 742 δὲ
2169 709 2244 748 ταῖς
2263 705 2375 758 θυρίσι

1322 758 1490 813 ῥοιζηδόν,
1515 759 1669 798 ὠθοῦσαι
1689 759 1750 798 καὶ
1771 759 1976 812 βιαζόμεναι
1998 761 2170 809 ἀλλήλας,
2191 762 2286 815 πόθῳ
2316 767 2375 802 τοῦ

1321 819 1444 873 φωτός.
1476 820 1498 869 5
1521 825 1584 859 35.
1605 817 1768 869 Ἄμεινον
1786 818 1822 857 δὲ
1842 819 1903 862 τὰς
1926 819 2068 864 ἀνοίξεις
2087 820 2149 859 καὶ
2168 822 2378 874 ἀποφράξεις

1321 881 1390 917 τῶν
1408 878 1566 930 θυρίδων,
1585 877 1702 921 καθὼς
1729 876 1884 931 εἴρηται,
1904 878 1987 931 παρ’
2013 879 2151 932 ἡμέραν
2180 881 2376 919 ποιεῖσθαι·

1322 936 1396 980 δέος
1415 937 1496 989 γάρ,
1518 937 1567 987 μὴ
1589 936 1881 987 μεταὸάλλωνται
1909 937 1978 985 ἤδη
2010 938 2073 983 τὴν
2100 940 2169 976 τῶν
2198 940 2376 989 μελισσῶν

1322 996 1424 1048 φύσιν
1447 996 1503 1035 διὰ
1521 996 1585 1043 τὴν
1604 995 1716 1035 πλείω
1736 996 1947 1047 σύγκλεισιν.
1966 998 1988 1048 5
2021 1004 2083 1036 36.
2104 999 2177 1036 Τοῦ
2198 997 2265 1049 γὰρ
2288 1012 2378 1035 στα-

1324 1053 1423 1095 &Nou
1443 1055 1534 1094 κατὰ
1554 1055 1675 1107 καιρὸν
1696 1054 1755 1093 τὸν
1777 1056 1864 1107 ἀέρα
1897 1055 1946 1105 μὴ
1977 1055 2238 1107 λαμὸοίνοντος,
2258 1055 2376 1108 ὥσπερ

1322 1117 1464 1166 πνιγμῷ
1486 1115 1699 1154 διόλλυνται.
1729 1115 1752 1165 5
1784 1122 1848 1154 37.
1881 1117 1958 1156 Τοῦ
1982 1115 2017 1154 δὲ
2040 1115 2135 1154 οἴκου
2157 1118 2175 1153 ὁ
2200 1114 2375 1165 μελισσὼν

1324 1174 1424 1226 ἐγγὺς
1444 1173 1555 1220 ἔστω,
1580 1173 1640 1212 καὶ
1661 1174 1743 1211 ὅταν
1771 1175 2012 1213 ἐκπετάσωσιν
2043 1174 2282 1226 ἀνοιγομέναις
2301 1177 2378 1218 ταῖς

1321 1233 1468 1287 θυρίσιν,
1488 1233 1665 1284 ὑποθυμία
1681 1233 1790 1282 θύμου
1806 1250 1843 1273 τε
1858 1234 1918 1273 καὶ
1934 1234 2098 1287 κνεώρου.
2117 1237 2138 1285 5
2157 1242 2220 1275 38.
2236 1237 2293 1287 Τῇ
2311 1233 2378 1286 γὰρ

1321 1295 1415 1347 ὀσμῇ
1433 1291 1589 1337 ἑλκύσεις
1608 1292 1715 1335 αὐτὰς
1735 1294 1782 1337 εἷς
1800 1292 1857 1331 τὸν
1877 1295 2078 1344 μελισσῶνα
2094 1324 2104 1343 ,
2126 1295 2379 1346 τεθεραπευμέ-

1322 1367 1382 1396 νας
1411 1353 1539 1400 ὀσμαῖς
1566 1353 1691 1391 ἀνθῶν.
1713 1354 1836 1391 Ταῦτα
1867 1352 1934 1405 γὰρ
1969 1355 2102 1403 θυμιῶν
2137 1355 2199 1392 οὔκ
2224 1353 2378 1399 ἀκούσας

1323 1410 1529 1454 εἷσελάσεις.
1552 1410 1725 1464 Χαίρουσι
1742 1411 1810 1464 γὰρ
1829 1411 1998 1461 μέλισσαι
2014 1414 2058 1463 τῇ
2085 1411 2212 1463 εὐωδίᾳ
2237 1412 2296 1450 καὶ
2319 1413 2379 1451 ἄν·

1323 1474 1431 1517 θεσιν,
1450 1472 1494 1513 ὥς
1509 1470 1650 1513 εἰκότως
1665 1464 1752 1508 εἶναι
1769 1469 1907 1519 μέλιτος
1921 1470 2163 1522 δημιουργούς.
2180 1470 2374 1522 (Geopon.

1323 1529 1393 1569 lib.
1416 1528 1480 1567 XV
1500 1529 1660 1581 cap.‚ll,
1683 1529 1848 1580 21-38.)

1380 1602 1423 1628 ια.
1455 1588 1677 1640 Δημόκριτος
1710 1587 1746 1626 δὲ
1770 1587 1972 1641 ἐρωτηθείς,
1994 1591 2067 1632 πῶς
2099 1587 2140 1626 ἂν
2173 1582 2291 1627 ἄνοσοι
2318 1587 2379 1626 καὶ

1323 1647 1541 1700 μακραίωνες
1569 1646 1741 1698 γίγνοιντο
1769 1649 1800 1685 οἱ
1830 1646 2026 1697 ἄνθρωποι,
2049 1641 2160 1695 εἶπεν,
2186 1649 2228 1687 Εἰ
2253 1647 2295 1686 τὰ
2317 1646 2380 1698 μὲν

1323 1705 1444 1750 ἔξωθεν
1464 1709 1523 1743 τοῦ
1550 1705 1712 1755 σώματος
1731 1705 1859 1756 ἐλαίῳ,
1874 1704 1918 1743 τὰ
1940 1706 1975 1744 δὲ
1997 1705 2130 1745 ἔνδοθεν
2154 1707 2270 1756 μέλιτι
2300 1706 2379 1759 χρί-

1322 1781 1457 1804 σαιντο.
1481 1764 1674 1818 (Geopon.
1696 1764 1768 1804 lib.
1788 1764 1854 1802 XV
1871 1778 1957 1817 cap.
1978 1765 2064 1813 Vll,
2084 1765 2138 1817 6.)

1379 1838 1426 1865 13.
1459 1823 1550 1876 Περὶ
1579 1825 1742 1875 λαγωῶν.
1772 1822 1859 1863 εὈτι
1880 1827 1898 1863 ὃ
1928 1825 2029 1868 αὐτὸς
2057 1825 2141 1864 ποτὲ
2170 1824 2232 1876 μὲν
2254 1825 2378 1879 ἅῤῥην,

1321 1882 1405 1921 ποτὲ
1421 1882 1456 1921 δὲ
1472 1885 1576 1929 θῆλυς
1592 1882 1749 1933 γίνεται,
1766 1881 1827 1921 καὶ
1845 1882 2059 1933 μεταὸάλλει
2081 1883 2141 1928 τὰς
2164 1883 2281 1936 φύσεις
2292 1913 2302 1931 ,
2321 1884 2381 1922 καὶ

1321 1942 1405 1981 ποτὲ
1425 1941 1487 1994 μὲν
1505 1945 1552 1986 ὣς
1570 1941 1682 1996 ἄῤῥην
1699 1948 1893 1992 γονοποιεῖ,
1911 1942 1993 1980 ποτὲ
2013 1944 2048 1981 δὲ
2069 1945 2114 1987 ὡς
2137 1945 2241 1990 θῆλυς
2258 1943 2380 1982 τίκτει.

1323 2001 1515 2053 (Geopon.
1539 2000 1610 2039 lib.
1634 2000 1724 2039 XIX
1740 2014 1826 2053 cap.
1845 2001 1923 2054 lv.)

1326 2156 1424 2187 seque
1438 2147 1572 2187 similIa,
1591 2151 1622 2179 et
1639 2156 1702 2179 non
1722 2148 1880 2188 perses-ta,
1901 2157 2006 2188 neque
2029 2148 2094 2188 iam
2112 2149 2244 2180 omu'no
2260 2149 2382 2180 anima-

1326 2206 1384 2246 lia,
1411 2206 1495 2238 circa
1523 2206 1664 2238 vitulum
1701 2206 1840 2247 plurima
1868 2206 2010 2247 videbis,
2041 2206 2218 2239 immobilia
2251 2207 2382 2249 quidem

1325 2265 1451 2305 omnia,
1481 2265 1633 2306 paulatim
1663 2274 1740 2297 vero
1768 2267 1985 2307 augescentia3
2011 2266 2246 2299 animadvertes
2286 2267 2382 2300 etiam

1326 2324 1447 2356 alarum
1460 2327 1650 2365 proventum
1660 2324 1725 2364 iam
1737 2325 1878 2357 articulis
1888 2325 2074 2357 distinctum
2086 2327 2117 2357 et
2129 2334 2205 2366 apes
2217 2327 2381 2367 proprium

1326 2384 1463 2415 colorem
1479 2383 1669 2423 accipientes
1682 2408 1690 2423 ,
1708 2383 2043 2425 circumsedentesque
2060 2378 2214 2425 regem'et
2227 2385 2383 2417 advolan—

1328 2445 1391 2482 tes,
1409 2442 1463 2474 sed
1482 2442 1611 2474 brevius
1629 2446 1659 2474 et
1675 2443 1840 2483 paululum
1855 2443 2069 2475 trementibus
2093 2443 2150 2475 alis
2171 2445 2301 2485 propter
2321 2453 2381 2476 vo·

1328 2501 1412 2533 tandi
1440 2501 1643 2533 insolonuam
1671 2503 1704 2534 et
1730 2501 1949 2533 membrorum
1979 2502 2206 2534 infirmitatem.
2235 2502 2384 2535 Assident

1329 2560 1435 2591 autem
1455 2560 1599 2591 nnc-stris
1614 2568 1688 2591 cum
1710 2569 1894 2599 murmure,
1915 2560 2113 2600 impellentes
2130 2564 2163 2593 et
2186 2564 2338 2602 urgentes
2351 2572 2385 2595 se

1327 2618 1487 2658 invicem,
1507 2617 1586 2650 lucis
1600 2617 1757 2650 desiderio
1776 2620 1891 2659 captae.
1915 2620 2051 2651 Praestat
2076 2620 2185 2651 tamen
2214 2620 2335 2661 aperire
2352 2622 2385 2652 et

1327 2678 1479 2709 obturare
1500 2678 1671 2717 fsnestras,
1685 2687 1723 2709 eo
1742 2686 1807 2718 quo
1827 2677 2014 2710 dictumest
2032 2678 2149 2720 modo,
2161 2679 2300 2711 interdiu
2320 2689 2327 2711 ι
2345 2688 2385 2712 ne

1329 2735 1409 2766 sorte
1433 2743 1529 2774 apum
1561 2736 1672 2766 natura
1692 2735 1734 2767 ob
1762 2735 1936 2776 longiorem
1958 2736 2196 2769 conclusionem
2229 2738 2383 2770 mutetur.

1329 2793 1462 2825 Stabulo
1479 2793 1564 2825 enim
1581 2793 1613 2825 in
1632 2797 1776 2834 tempore
1789 2803 1894 2826 aerem
1917 2803 1982 2826 non
2002 2795 2198 2836 excipiente,
2213 2796 2302 2828 velut
2321 2797 2387 2829 sus-

1330 2851 1488 2884 l'ocatione
1509 2855 1652 2893 pereunt.
1675 2855 1836 2885 Caeterum
1856 2862 1954 2895 prope
1976 2853 2111 2886 domum
2138 2855 2180 2887 sit
2206 2855 2382 2896 apiarium,

1329 2912 1361 2942 et
1379 2919 1482 2952 quum
1500 2911 1644 2944 fenestris
1662 2911 1780 2952 apertis
1794 2911 1936 2954 (volandi
1953 2921 2051 2944 causa
2063 2913 2141 2954 alas)
2156 2914 2385 2953 extenderunt,

1328 2969 1435 3002 suffito
1448 2970 1559 3011 thymo
1577 2972 1675 3012 atque
1692 2979 1820 3003 cneoro.
1844 2971 1950 3004 Odore
1967 2972 2054 3004 enim
2078 2973 2242 3012 pertrahas
2256 2973 2339 3013 ipsas
2353 2973 2385 3005 in

1329 3029 1506 3070 apiarlum,
1523 3030 1654 3062 allectas
1679 3030 1833 3063 odoribus
1853 3031 1976 3063 tlorum.
2001 3032 2128 3073 Quippe
2151 3031 2200 3064 liis
2228 3032 2386 3064 suftiendo

1329 3096 1395 3119 non
1411 3087 1528 3120 invitas
1544 3088 1629 3120 intro
1649 3088 1801 3130 penicles.
1816 3091 1963 3131 Namque
1976 3090 2083 3122 odoris
2099 3090 2256 3123 suavitate
2276 3092 2309 3123 et
2329 3092 2384 3123 tlo-

1330 3146 1419 3178 ribus
1431 3146 1570 3187 gaudent
1585 3156 1680 3188 apes,
1695 3148 1732 3181 ut
1744 3149 1859 3181 merito
1872 3148 1936 3181 sint
1950 3148 2054 3182 mellis
2070 3148 2212 3190 opifices.

1374 3210 1422 3238 12.
1448 3207 1653 3239 Democritus
1675 3207 1912 3248 interrogatus,
1938 3208 2102 3249 quomodo
2125 3208 2270 3241 homines
2294 3209 2386 3242 nullo

1330 3264 1443 3296 morbo
1457 3265 1562 3297 affecti
1579 3265 1763 3306 longissima
1777 3267 1845 3299 vita
1859 3267 1977 3308 perfrui
1995 3270 2126 3308 possent
2145 3277 2152 3299 ε
2172 3267 2203 3300 Si
2221 3270 2382 3307 externas,

1329 3323 1454 3364 inquit,
1470 3325 1614 3365 corporis
1632 3327 1739 3366 partes
1750 3326 1839 3366 oleo,
1858 3325 1998 3358 internas
2013 3327 2107 3358 melle
2124 3327 2296 3358 illinerent.

1374 3378 1422 3408 13.
1449 3378 1494 3408 De
1513 3376 1561 3417 lep
1563 3377 1679 3408 oribus.
1703 3377 1791 3409 Idem
1819 3379 1908 3418 lepus
1933 3379 2106 3419 aliquando
2133 3378 2261 3418 quidem
2289 3386 2382 3418 mas,

1329 3416 1500 3457 aliquando
1528 3427 1603 3449 vero
1632 3419 1749 3450 semina
1778 3420 1813 3450 tit
1838 3422 1872 3451 et
1903 3423 2035 3452 naturas
2060 3421 2258 3459 commutat,
2284 3422 2382 3459 atque

1329 3458 1489 3532 intent-dum
1523 3462 1561 3492 ut
1601 3460 1762 3492 masculus
1799 3463 1950 3499 genervit,
1987 3461 2146 3492 interdum
2190 3463 2225 3492 ut
2265 3460 2380 3493 semina

1330 3508 1394 3540 pari
