2612 3814
223 305 301 339 534

223 389 347 443 τριὸᾶς
364 394 427 433 τᾶς
446 387 529 440 περὶ
554 387 594 428 τὸ
616 387 813 441 βασιλεύεν.
872 387 910 427 ‘A
942 386 1005 439 μὲν
1026 385 1094 440 γὰρ
1117 387 1289 437 σεμνότας

224 448 391 500 θεόμιμον
406 449 609 502 ὑπάρχοισα
619 454 769 501 πρᾶγμα
785 447 930 487 δύναται
946 446 1214 497 θαυμαζόμενον
1228 446 1289 485 καὶ

226 507 427 558 τιμώμενον
449 508 552 547 αὐτὸν
571 507 792 562 παρέχεσθαι
806 512 877 552 τοῖς
892 506 1064 546 πλάθεσιν
1077 536 1086 554 ,
1103 506 1125 544 ἁ
1142 505 1179 544 δὲ
1199 521 1290 558 χρη-

226 568 354 612 στότας
374 568 581 622 φιλεύμενον
615 569 678 607 καὶ
701 567 994 620 ἀγαπαζόμενον,
1021 566 1043 603 ἆ
1076 565 1111 604 δὲ
1136 565 1291 609 δεινότας

226 627 373 681 φοὸερὸν
390 627 453 679 μὲν
472 629 531 667 καὶ
547 627 711 667 ἀνίκατον
728 626 809 667 ποτὶ
826 625 1004 678 πολεμίως
1017 655 1027 674 ,
1044 625 1290 678 μεγαλόψυχον

228 687 264 727 δὲ
287 688 347 728 καὶ
372 688 567 741 θαρσαλέον
587 688 671 727 ποτὶ
695 687 818 741 φίλως.
877 688 939 726 Δεῖ
954 683 990 724 δὲ
1008 685 1072 724 τὰν
1089 684 1291 735 σεμνότατα

229 749 471 788 καθεστάσθαι
495 748 577 801 περὶ
600 747 703 787 αὐτὸν
723 746 833 799 μηδὲν
853 745 1018 785 ταπεινὸν
1037 743 1291 789 ἕπιταδεύοντα

228 809 320 861 μηδὲ
343 811 413 847 τῶν
434 809 575 848 πολλῶν
596 805 776 854 ἀντάξιον,
793 805 885 844 ἀλλὰ
906 806 975 842 τῶν
998 801 1291 854 θαυμαινομένων

226 869 289 909 καὶ
311 872 381 908 τῶν
413 865 585 919 ἁγεμονίᾳ
606 866 666 905 καὶ
695 863 922 918 σκαπτουχίᾳ
943 861 1141 916 ποτιφυέων
1154 893 1163 910 ,
1183 862 1291 913 ἁμιλ-

227 928 386 979 λώμενον
406 928 459 966 ἀεὶ
481 926 530 978 μὴ
550 928 620 969 τοῖς
636 924 782 976 μῃόνεσι
798 923 888 974 μηδὲ
903 929 974 967 τοῖς
987 921 1093 969 ἴσοις,
1116 921 1206 960 ἀλλὰ
1223 926 1294 965 τοῖς

229 987 407 1037 μεζόνεσι,
440 986 501 1025 καὶ
532 984 640 1023 καττὸ
677 982 823 1036 μέγεθος
853 988 916 1026 τᾶς
951 980 1140 1033 ἇγεμονίας
1167 979 1293 1026 ἄδονὰς

227 1046 528 1097 ὑπολαμὸάνοντα
560 1044 730 1097 μεγίστας
765 1038 854 1094 ἦμεν
891 1042 955 1087 τὰς
988 1042 1045 1080 ἐπὶ
1074 1044 1145 1086 τοῖς
1173 1042 1294 1085 καλοῖς

228 1106 341 1161 ἔργοις
361 1105 422 1145 καὶ
449 1105 616 1157 μεγάλοις
634 1133 644 1152 ,
674 1102 766 1143 ἀλλὰ
792 1102 842 1154 μὴ
864 1101 925 1159 τὰς
952 1101 1009 1140 ἐπὶ
1043 1106 1116 1145 τοῖς
1136 1099 1293 1139 ἀπολαύ-

227 1183 341 1214 στοις,
374 1164 572 1218 χωρίζοντα
605 1163 669 1215 μὲν
703 1162 826 1203 ἑαυτὸν
856 1162 926 1201 ἀπὸ
956 1164 1024 1200 τῶν
1064 1159 1293 1213 ἀνθρωπίνων

227 1225 367 1265 παθέων
389 1224 638 1276 συνεγγίζοντα
657 1222 693 1263 δὲ
708 1226 779 1267 τοῖς
799 1224 908 1273 θεοῖς,
924 1221 1002 1261 οὐδὲ
1027 1220 1069 1259 δι’
1098 1222 1288 1273 ὑπεράφα-

227 1284 303 1322 νίαν
319 1283 410 1322 ἀλλὰ
430 1283 487 1322 διὰ
502 1281 816 1337 μεγαλοφροσύναν
833 1280 894 1321 καὶ
913 1280 1057 1333 μέγεθος
1075 1282 1200 1333 ἀρετᾶς
1215 1280 1295 1318 ἀνυ-

228 1342 427 1395 πέρὸλατον
445 1343 611 1383 τοιαύταν
633 1345 732 1396 αὑτῷ
750 1341 974 1396 ἐπιπρέπῃαν
992 1340 1054 1380 καὶ
1073 1341 1294 1393 προστασίαν

228 1402 539 1456 ἀμφιὸαλλόμενον
560 1402 620 1442 καὶ
637 1401 772 1442 καττὰν
789 1402 868 1456 ὄψιν
888 1401 948 1441 καὶ
963 1400 1102 1445 καττὼς
1114 1400 1295 1453 λογισμὼς

227 1462 290 1501 καὶ
309 1462 424 1501 καττὰ
446 1462 679 1515 ἐνθυμάματα
697 1462 758 1501 καὶ
778 1460 888 1501 καττὸ
915 1456 998 1510 ἦθος
1017 1466 1080 1505 τᾶς
1099 1462 1218 1514 ψυχᾶς
1233 1461 1295 1500 καὶ

227 1521 361 1566 καττὰς
381 1521 532 1575 πράξιας
557 1521 616 1560 καὶ
639 1520 775 1560 καττὰν
805 1519 944 1559 κίνασιν
963 1519 1024 1558 καὶ
1043 1519 1176 1559 καττὰν
1199 1520 1293 1559 θέσιν

227 1583 278 1620 τῶ
298 1581 485 1632 σώματος,
514 1579 608 1620 ὥστε
634 1579 703 1625 τὼς
730 1579 1031 1633 ποταυγασμένως
1053 1579 1155 1619 αὐτὸν
1181 1596 1293 1619 κατα-

227 1644 463 1693 κοσμαθῆμεν
492 1639 849 1692 καταπεπλαγμένως
880 1640 972 1678 αἰδοῖ
992 1639 1053 1678 καὶ
1081 1639 1292 1694 σωφροσύνᾳ

227 1717 265 1739 τε
294 1702 355 1740 καὶ
384 1699 519 1740 διαθέσι
539 1707 584 1754 τᾷ
602 1700 684 1753 περὶ
698 1700 761 1738 τὰν
783 1698 1027 1752 ἐπιπρέπῃαν·
1049 1699 1087 1737 οὐ
1107 1699 1176 1753 γὰρ
1203 1703 1293 1752 μῇον

228 1761 326 1799 αὖλῶ
346 1759 405 1798 καὶ
428 1761 597 1814 ἁρμονίας
615 1759 638 1798 ἆ
658 1762 710 1798 τῶ
728 1761 849 1811 ἀγαθῶ
874 1757 1049 1812 βασιλέως
1074 1759 1294 1812 ποταύγασις

226 1896 312 1929 nitas
327 1895 360 1928 in
375 1893 524 1927 irritabili
545 1893 646 1926 animi
664 1895 774 1935 parte,
790 1892 947 1934 quoniam
969 1893 1041 1925 haec
1058 1893 1161 1925 animi
1182 1893 1290 1926 fervo-

228 1966 298 1990 rem
326 1958 359 1990 et
392 1955 494 1989 robur
514 1955 661 1988 continet
683 1963 692 1987 ι
724 1954 904 1996 voluptatis
921 1963 999 1987 vero
1026 1963 1119 1987 amor
1141 1954 1175 1987 in
1200 1956 1292 1997 parte

227 2015 460 2058 cupiditatibus
477 2015 594 2048 affecta
622 2023 697 2056 quae
722 2016 773 2048 est
792 2014 979 2047 effeminata
997 2015 1030 2046 et
1058 2014 1166 2047 mollis
1189 2014 1290 2047 animi

228 2087 301 2120 pars
321 2086 329 2107 ε
356 2077 515 2118 injustitia
533 2076 672 2118 denique
689 2085 792 2118 quum
809 2085 978 2109 summum
994 2075 1108 2108 vitium
1134 2076 1177 2109 sit
1194 2076 1294 2118 idque

227 2139 448 2180 compositum
477 2138 511 2171 in
540 2139 610 2171 toto
626 2137 737 2170 animo
760 2137 917 2170 nascitur.
964 2135 1125 2175 Quocirca
1143 2136 1223 2178 lyrae
1244 2136 1293 2169 in-

230 2200 300 2232 star
327 2198 562 2241 rempublicam
590 2198 684 2231 bonis
713 2198 838 2240 legibus
857 2199 1071 2240 temperatam
1101 2197 1295 2231 concinnare

227 2261 326 2299 debet
342 2269 398 2293 rex
412 2283 422 2300 ‚
439 2259 495 2292 ubi
515 2259 603 2300 prius
619 2259 651 2291 in
674 2267 708 2291 se
731 2258 800 2300 ipso
818 2258 1035 2299 justissimum
1062 2258 1239 2291 terminum
1263 2259 1295 2291 et

228 2321 308 2363 legis
327 2320 479 2353 ordinem
509 2318 739 2358 constituerit,
762 2318 868 2351 sciens
898 2318 1010 2360 populi
1040 2318 1292 2351 concinnitatem

227 2382 324 2422 cnjus
345 2380 517 2421 imperium
542 2379 625 2412 deus
649 2379 678 2412 ei
699 2378 883 2420 commisit,
903 2378 943 2411 ad
977 2378 1085 2419 ipsum
1105 2387 1293 2410 accommo—

227 2441 367 2474 dandam
387 2449 468 2473 esse.
515 2438 580 2472 Sed
596 2439 622 2471 si
646 2438 688 2470 ab
713 2437 765 2470 liis
785 2447 860 2480 quae
885 2437 973 2470 dicta
995 2441 1071 2470 sunt
1087 2436 1293 2477 discesseris,

227 2502 357 2541 oportet
374 2500 497 2532 bonum
511 2507 620 2540 regem
634 2499 791 2539 praeterea
806 2497 839 2529 id
859 2506 991 2539 operam
1006 2497 1102 2537 dare,
1121 2500 1157 2529 ut
1174 2497 1205 2529 in
1222 2504 1294 2528 cor·

231 2561 316 2602 poris
346 2560 411 2592 situ
431 2561 465 2592 et
488 2558 602 2591 babitu
624 2558 775 2590 decorem
795 2558 921 2597 servet,
950 2557 1055 2589 civilis
1083 2557 1116 2589 et
1135 2556 1293 2598 negotiosi

229 2619 373 2653 hominis
389 2619 423 2651 in
449 2627 574 2651 morem
595 2627 629 2651 se
653 2617 819 2659 gerendo,
841 2621 878 2650 ut
894 2626 1002 2659 neque
1027 2625 1121 2657 asper
1143 2616 1295 2649 videatur

231 2680 338 2723 plebi,
357 2688 463 2720 neque
483 2679 651 2712 contemtu
668 2679 785 2720 dignus
796 2703 804 2719 ,
820 2678 877 2711 sed
891 2678 1001 2711 suavis
1016 2679 1048 2710 et
1067 2676 1182 2711 facilis.
1206 2679 1294 2710 Con-

233 2740 387 2781 sequetur
404 2740 515 2771 autem
535 2738 603 2770 baec
619 2761 628 2778 ‚
646 2738 672 2770 si
688 2738 830 2779 primum
854 2737 986 2779 quidem
1009 2737 1107 2771 suerit
1132 2738 1296 2770 verendus

231 2795 299 2832 tam
321 2800 455 2838 aspectu
468 2821 477 2837 ,
492 2805 592 2838 quam
610 2796 721 2829 auditu
733 2821 742 2837 ‚
756 2799 790 2830 et
808 2797 924 2838 dignus
933 2797 1121 2839 apparuerit
1135 2796 1294 2839 imperio:

234 2857 352 2891 deinde
373 2856 532 2897 benignus
556 2856 588 2888 in
607 2856 789 2897 colloquio,
813 2857 904 2902 vultu
921 2859 953 2890 et
970 2856 1177 2889 conferendis
1200 2856 1294 2889 bene·

234 2918 317 2951 ficiis
339 2930 348 2950 :
369 2920 440 2950 tum
468 2925 547 2949 vero
570 2924 704 2949 severus
730 2918 763 2948 et
783 2916 995 2949 formidabilis
1024 2916 1057 2949 in
1077 2915 1295 2958 improbitatis

231 2977 327 3019 odio,
344 2978 379 3010 in
397 2975 501 3019 poenis
519 2976 561 3009 ab
576 2984 615 3009 ea
632 2975 813 3017 repetendis
828 2978 926 3017 atque
940 2976 971 3008 in
993 2975 1109 3017 agendi
1122 2975 1289 3009 celeritate

206 3039 211 3045 ”
234 3038 434 3079 omninoque
450 3036 483 3069 in
503 3035 645 3069 civitatis
657 3035 922 3068 administrandae
937 3035 1072 3069 scientia
1085 3037 1118 3069 et
1136 3045 1211 3068 usu.
1236 3035 1296 3068 llla

232 3099 320 3132 enim
356 3096 539 3130 veneranda
569 3095 732 3137 gravitas,
759 3104 810 3128 res
841 3095 883 3128 ad
914 3095 1051 3128 deorum
1078 3093 1296 3129 imitationem

234 3158 424 3199 comparata
437 3181 447 3197 ‚
478 3156 584 3198 potest
619 3164 694 3188 eum
726 3154 954 3187 admirandum
983 3157 1016 3189 et
1063 3156 1294 3189 honorandum

233 3217 320 3260 plebi
340 3216 516 3257 exhibere,
538 3215 720 3256 benignitas
741 3223 819 3248 vero
846 3223 959 3247 carum
978 3216 1011 3247 et
1028 3215 1220 3257 amabilem,
1244 3225 1295 3249 se·

234 3277 356 3310 veritas
377 3275 520 3317 denique
542 3273 720 3307 terribilem
741 3276 774 3306 et
791 3274 951 3307 invictum
978 3273 1144 3315 hostibus,
1167 3284 1295 3316 magna-

233 3337 361 3370 nimum
382 3338 493 3368 autem
515 3335 548 3367 et
562 3334 714 3366 fidentem
746 3333 873 3366 amicis.
920 3336 1057 3374 Oportet
1081 3337 1190 3367 autem
1221 3343 1296 3376 gra-

234 3396 371 3429 vitatem
396 3395 483 3428 circa
506 3403 614 3436 regem
635 3393 778 3436 conspici
800 3392 881 3426 nihil
908 3401 1014 3434 neque
1047 3393 1172 3426 humile
1190 3403 1297 3436 neque

234 3457 369 3497 vulgare
385 3455 573 3488 molientem
584 3479 594 3495 ,
613 3453 668 3488 sed
683 3453 872 3486 admiranda
885 3454 984 3495 atque
1004 3453 1140 3495 imperio
1154 3454 1187 3486 et
1207 3455 1294 3495 prin-

235 3515 357 3557 cipatui
381 3514 623 3556 convenientia,
653 3523 822 3556 nunquam
843 3522 920 3546 cum
954 3512 1136 3546 minoribns
1165 3518 1293 3547 certan-

235 3574 322 3614 tem,
340 3582 446 3616 neque
466 3582 543 3607 cum
562 3573 761 3614 aequalibus,
780 3572 837 3607 sed
854 3581 931 3605 cum
968 3572 1162 3613 majoribus,
1183 3574 1215 3606 et
1239 3582 1297 3614 pro

1319 402 1326 490 1

1080 295 1553 336 PYTHAGOREORUM

1351 385 1483 440 ὀφείλει
1500 384 1628 439 τρέπεν
1657 384 1720 430 τὰς
1737 385 1854 439 ψυχὰς
1871 387 1942 426 τῶν
1959 387 2281 439 ποταυγασμένων.
2342 389 2424 430 Καὶ·

1352 447 1434 499 περὶ
1453 445 1517 498 μὲν
1535 444 1750 498 σεμνότατος
1769 447 1846 492 ἅλις
1867 446 2021 500 εἰρήσθω
2034 463 2042 472 ·
2064 447 2199 500 περὶ’δὲ
2219 449 2418 501 χρηστότα·

1354 522 1410 551 τος
1426 509 1486 545 νῦν
1504 505 1694 546 ὑποθέσθαι
1711 510 1971 560 πειρασοῧμαι.
2035 507 2201 560 Χραστὸς
2217 507 2287 561 γὰρ
2306 510 2420 549 ἐσσεῖ-

1354 582 1414 605 ται
1446 570 1517 609 πᾶς
1545 563 1710 618 βασιλεὺς
1737 565 1778 604 τὸ
1811 564 1875 616 μὲν
1908 565 2049 605 καθόλω
2080 566 2213 612 δίκαιός
2233 582 2269 606 τε
2288 566 2337 606 ὢν
2357 568 2421 607 καὶ

1354 624 1510 672 ἐπιεικὴς
1535 624 1595 664 καὶ
1613 624 1819 676 εὐγνώμων.
1877 622 1982 665 ’Έντι
2001 625 2072 679 γὰρ
2096 627 2118 665 ἆ
2140 627 2322 672 δικαιότας
2350 643 2422 668 κοι-

1353 684 1480 730 νωνίας
1502 683 1700 724 συνακτικὰ
1720 684 1782 724 καὶ
1797 686 2006 734 συνεκτικά,
2024 685 2084 725 καὶ
2099 686 2189 738 μόνα
2206 703 2246 739 γε
2265 680 2313 726 ὧν
2333 687 2420 741 πρὸς

1355 743 1423 789 τὼς
1443 743 1595 782 πλατίον
1618 743 1641 782 ἆ
1662 743 1811 783 τοιαύτα
1836 743 1990 788 διάθεσις
2007 743 2188 797 ἅρμοσται
2207 752 2268 789 τᾶς
2286 748 2419 800 ψυχᾶς.

1354 802 1421 842 Ὃν
1443 801 1546 853 λόγον
1568 801 1639 856 γὰρ
1671 802 1746 855 ἔχει
1770 801 1900 855 ῥυθμὸς
1922 804 2002 842 ποτὶ
2022 802 2158 843 κίνασιν
2178 804 2239 843 καὶ
2266 805 2420 858 ἁρμονία

1354 862 1436 902 ποτὶ
1464 861 1582 916 φωνάν
1598 893 1609 912 ,
1637 866 1762 901 τοῦτον
1801 862 1876 916 ἔχει
1907 863 1966 902 τὸν
1998 862 2100 916 λόγον
2133 862 2311 909 δικαιότας
2338 865 2421 905 ποτὶ

1358 921 1543 961 κοινωνίαν
1556 937 1564 946 ·
1585 921 1700 961 κοινὸν
1718 921 1787 975 γὰρ
1815 921 1944 974 ἀγαθόν
1967 924 2038 962 ἐντι
2058 923 2120 963 καὶ
2146 923 2329 977 ἀρχόντων
2355 926 2417 965 καὶ

1356 983 1563 1037 ἀρχομένων
1578 1013 1587 1031 ,
1610 982 1683 1035 εἴγε
1702 983 1744 1030 δὴ
1768 983 2036 1036 συναρμοστικά
2052 985 2124 1023 ἐντι
2143 983 2327 1030 κοινωνίας
2347 1000 2418 1025 πο-

1354 1045 1508 1088 λιτικᾶς.
1567 1042 1604 1082 ‘A
1641 1041 1677 1081 δὲ
1708 1042 1875 1096 ἐπιείκῃα
1895 1043 1955 1082 καὶ
1981 1042 2232 1095 εὖγνωμοσύνα
2253 1042 2423 1098 πάρεδροί

1355 1104 1445 1147 τινές
1474 1104 1547 1142 ἐντι
1567 1108 1630 1147 τᾶς
1658 1103 1904 1151 δικαιοσύνας,
1941 1102 1963 1141 ἆ
1992 1102 2055 1155 μὲν
2091 1104 2132 1143 τὸ
2160 1103 2340 1156 ἀπότομον
2361 1109 2424 1150 τᾶς

1359 1162 1495 1215 βλάὸας
1526 1162 1780 1214 μαλθαίνοισα,
1805 1162 1827 1201 ἆ
1851 1161 1888 1201 δὲ
1921 1164 1993 1207 τοῖς
2022 1162 2081 1204 ἐπὶ
2106 1163 2215 1203 ποσὸν
2236 1164 2423 1215 ἀμπλακί-

1357 1238 1479 1261 σκουσι
1502 1221 1719 1276 συγγνώμας
1740 1221 2011 1275 ἀπομερίζοισα.
2070 1223 2135 1262 Δεῖ
2151 1221 2188 1261 δὲ
2205 1221 2263 1261 τὸν
2291 1222 2424 1275 ἀγαθὸν

1359 1282 1507 1335 βασιλέα
1531 1282 1744 1335 βοηθατικόν
1759 1298 1798 1321 τε
1823 1277 1913 1334 ἦμεν
1938 1283 2008 1320 τῶν
2036 1282 2212 1334 δεομένων
2233 1283 2296 1323 καὶ
2315 1283 2426 1337 εὖχά-

1359 1358 1474 1396 ριστον
1498 1341 1560 1394 δέ,
1587 1342 1745 1396 βοήθῃαν
1765 1341 1802 1381 δὲ
1823 1340 1874 1393 μὴ
1906 1344 1987 1381 καθ’
2016 1340 2078 1380 ἕνα
2098 1340 2316 1390 ποιήσασθαι
2343 1342 2425 1395 τρό-

1356 1419 1421 1441 πον
1435 1433 1444 1449 ,
1475 1402 1553 1442 ἀλλ’
1572 1401 1668 1446 ὅπως
1689 1402 1731 1442 ἂν
1753 1402 1900 1441 δυνατὸν
1920 1396 1963 1455 ᾗ·
1985 1401 2195 1456 εὐχάριστον
2215 1403 2245 1443 δ’
2263 1396 2354 1454 ἧμιν
2372 1402 2426 1442 δεῖ

1357 1462 1408 1515 μὴ
1429 1462 1539 1501 ποττὸ
1555 1462 1701 1515 μέγεθος
1723 1461 1977 1502 ἀποὸλέποντα
1999 1468 2063 1508 τᾶς
2076 1468 2184 1514 τιμᾶς
2197 1493 2208 1512 ,
2226 1462 2319 1502 ἀλλὰ
2337 1478 2424 1502 ποτ-

1355 1522 1414 1561 τὸν
1437 1521 1564 1576 τρόπον
1591 1521 1652 1561 καὶ
1675 1521 1738 1560 τὰν
1764 1521 1972 1575 προαίρεσιν
1988 1523 2039 1560 τῶ
2061 1520 2264 1573 τιμέοντος·
2283 1521 2424 1576 ἀὸαρέα

1357 1580 1393 1619 δὲ
1415 1581 1466 1619 δεῖ
1486 1575 1577 1633 ἦμεν
1598 1579 1681 1620 ποτὶ
1703 1580 1841 1625 πάντας
1857 1578 2072 1633 ἀνθρώπως,
2094 1579 2253 1632 μάλιστα
2273 1581 2310 1620 δὲ
2336 1595 2425 1620 ποτ-

1355 1639 1424 1685 τὼς
1445 1640 1579 1693 μῇονας
1595 1640 1656 1679 καὶ
1679 1639 1963 1692 καταδεεστέρως
1975 1645 2053 1684 ταῖς
2073 1639 2199 1693 τύχαις
2211 1655 2221 1665 ·
2239 1634 2336 1680 οὗτοι
2354 1639 2425 1694 γὰρ

1357 1700 1480 1754 ὥσπερ
1501 1700 1554 1740 τοὶ
1574 1699 1749 1745 νοσίοντες
1768 1707 1839 1745 τοῖς
1859 1699 2025 1751 σώμασιν
2046 1701 2144 1740 οὖδὲν
2168 1699 2343 1751 ὓπομένεν
2363 1700 2422 1740 δύ·

1358 1775 1483 1799 νανται
1517 1762 1585 1798 τῶν
1637 1759 1790 1814 βαρέων.
1850 1758 2002 1813 Ἔχοντι
2042 1759 2111 1813 γὰρ
2146 1759 2209 1805 τὰς
2246 1760 2426 1805 διαθέσιας

1358 1893 1582 1939 magnitudine
1602 1895 1729 1936 imperii
1750 1894 1996 1928 existimantem
2014 1903 2069 1928 eas
2099 1903 2171 1928 esse
2187 1895 2351 1928 maximas
2370 1903 2426 1928 vo·

1364 1944 1524 1996 luptates,
1539 1963 1619 1996 quas
1640 1954 1778 1987 honesta
1791 1956 1824 1988 et
1841 1963 1957 1996 magna
1978 1954 2119 1987 facinora
2132 1979 2142 1995 ,
2159 1963 2223 1987 non
2241 1963 2323 1997 quas
2342 1954 2424 1988 deli-

1359 2014 1418 2046 ciae
1445 2014 1581 2046 asserant
1594 2037 1604 2055 ,
1624 2017 1831 2056 separantem
1848 2013 1981 2056 quidem
2008 2022 2042 2047 se
2065 2013 2105 2047 ab
2122 2013 2274 2047 humanis
2293 2015 2423 2056 pertur-

1360 2072 1565 2113 bationibus,
1595 2072 1638 2105 ad
1675 2072 1754 2105 deos
1794 2075 1906 2106 autem
1939 2072 2074 2114 propius
2102 2071 2330 2112 accedentem,
2363 2081 2426 2106 nec

1358 2131 1511 2173 superbia
1542 2132 1601 2165 sed
1622 2132 1722 2165 animi
1756 2132 1952 2174 virtutisque
1971 2131 2093 2165 invicta
2109 2131 2334 2173 magnitudine
2358 2132 2425 2166 talc

1358 2192 1418 2225 sibi
1436 2193 1536 2225 decus
1556 2195 1587 2225 et
1608 2192 1773 2234 fastigium
1797 2193 2040 2233 comparantem
2063 2193 2135 2224 tum
2157 2192 2252 2233 visu,
2275 2194 2345 2224 turn
2369 2200 2418 2224 ra-

1359 2252 1568 2285 tiocinatione
1579 2275 1588 2292 ,
1604 2255 1676 2285 tum
1696 2251 1950 2293 cogitationibus
1961 2275 1971 2292 ,
1986 2254 2056 2284 tum
2069 2251 2168 2284 animi
2185 2251 2287 2295 figura
2305 2252 2339 2284 et
2352 2259 2422 2284 mo·

1360 2312 1470 2354 ribus,
1511 2313 1584 2345 tum
1618 2312 1822 2353 actionibus,
1859 2313 1933 2345 tum
1963 2310 2108 2353 corporis
2138 2312 2230 2344 motu
2265 2312 2300 2345 et
2331 2313 2423 2352 gestu

1358 2372 1494 2413 nixum,
1518 2375 1555 2404 ut
1577 2371 1635 2413 qui
1650 2380 1725 2404 eum
1738 2371 1904 2404 intuentur
1923 2373 2075 2404 ornatum
2088 2371 2250 2413 accipiant
2268 2379 2426 2404 verecun-

1358 2431 1412 2464 dia
1429 2431 1584 2473 completi
1601 2432 1634 2464 et
1655 2432 1868 2473 temperantia
1888 2432 1922 2464 et
1938 2430 2067 2464 decoris
2094 2439 2192 2469 sensu
2221 2440 2230 2463 :
2249 2439 2314 2463 non
2336 2430 2423 2464 enim

1359 2492 1467 2526 minus
1483 2501 1583 2534 quam
1600 2491 1680 2524 tibia
1696 2494 1730 2524 et
1750 2494 1928 2524 concentus
1941 2491 2019 2524 boni
2031 2491 2113 2532 regis
2126 2492 2280 2533 aspectus
2293 2491 2423 2524 intuen-

1360 2554 1443 2586 tium
1465 2552 1593 2585 animos
1613 2552 1646 2584 in
1666 2560 1701 2585 se
1721 2552 1916 2584 convertere
1930 2550 2038 2584 debet.
2083 2551 2124 2583 Et
2143 2550 2214 2584 haec
2237 2549 2369 2592 quidem
2383 2549 2426 2584 de

1359 2612 1543 2645 veneranda
1559 2611 1614 2644 illa
1636 2611 1797 2652 gravitate
1818 2607 1906 2643 dicta
1934 2610 2100 2642 sufficiant
2119 2619 2128 2642 :
2155 2609 2196 2642 de
2222 2609 2424 2651 benignitate

1358 2682 1438 2705 vero
1469 2680 1557 2704 nunc
1585 2671 1764 2713 praecipere
1804 2670 1958 2703 conabor.
2004 2669 2135 2702 Etenim
2172 2669 2331 2711 benignus
2358 2669 2423 2702 erit

1358 2728 1469 2770 quivis
1495 2737 1572 2769 rex,
1590 2728 1622 2760 in
1644 2727 1834 2760 universum
1859 2726 2012 2769 quidem,
2040 2726 2067 2759 si
2081 2725 2190 2767 justus
2203 2729 2237 2758 et
2258 2733 2374 2768 aequus
2388 2726 2424 2758 et

1358 2788 1500 2821 clemens
1518 2787 1628 2820 fuerit.
1675 2788 1731 2820 Est
1750 2786 1836 2820 enim
1858 2785 1984 2827 justitia
2010 2785 2061 2818 vis
2088 2785 2241 2827 quaedam
2272 2791 2423 2818 commu-

1359 2848 1489 2880 nionem
1507 2847 1684 2880 concilians
1701 2847 1734 2880 et
1752 2846 1922 2880 continens
1934 2872 1943 2886 ‚
1973 2847 2007 2879 et
2021 2845 2109 2878 solus
2134 2848 2223 2878 certe
2240 2845 2294 2878 liic
2315 2843 2418 2878 animi

1359 2907 1496 2940 affectus
1526 2906 1599 2939 aliis
1626 2905 1813 2939 bominibus
1847 2914 1918 2938 sese
1947 2904 2187 2938 accommodat.
2231 2904 2316 2941 Quae
2333 2902 2422 2941 enim

1360 2970 1411 3001 est
1428 2967 1511 3000 ratio
1542 2966 1689 3009 rhythmi
1714 2965 1756 2999 ad
1785 2966 1913 2999 motum
1937 2967 1970 2999 et
1999 2964 2179 2998 harmoniae
2206 2963 2249 2995 ad
2280 2967 2422 3004 vocem,

1359 3028 1495 3062 eandem
1518 3027 1615 3060 babet
1629 3026 1757 3068 justitia
1772 3025 1813 3059 ad
1832 3025 2124 3058 communionem:
2141 3032 2216 3056 nam
2244 3030 2422 3056 commune

1360 3090 1407 3122 est
1424 3087 1654 3130 imperantium
1674 3087 1709 3120 et
1739 3085 1963 3127 subiectorum
1994 3083 2134 3123 bonum,
2157 3082 2423 3124 quandoquidem

1359 3149 1489 3182 civilem
1522 3146 1787 3180 communionem
1823 3144 1964 3186 colligat.
2010 3145 2176 3176 caeterum
2207 3143 2347 3185 aequitas
2387 3142 2423 3176 et

1359 3209 1531 3243 clementia
1551 3208 1646 3250 quasi
1668 3208 1805 3240 comites
1827 3204 1979 3248 quaedam
1996 3207 2073 3237 sunt
2091 3193 2249 3251 justitiae,
2270 3203 2326 3236 illa
2346 3202 2422 3246 qui·

1361 3270 1435 3303 dem
1449 3277 1548 3302 noxae
1563 3267 1715 3300 duritiam
1729 3265 1897 3306 molliens,
1911 3265 1983 3297 haec
1998 3273 2076 3297 vero
2093 3264 2131 3297 iis
2143 3263 2201 3306 qui
2217 3263 2423 3306 aliquatenus

1360 3329 1555 3371 delinquunt
1589 3328 1715 3360 veniam
1748 3325 1840 3358 dans.
1885 3327 2013 3358 Bonum
2049 3325 2161 3357 autem
2192 3331 2299 3364 regem
2327 3322 2423 3356 decet

1359 3391 1528 3433 egentibus
1545 3389 1693 3422 auxiliari
1711 3391 1745 3422 et
1760 3390 1887 3430 gratum
1904 3394 1974 3420 esse
1986 3410 1995 3427 ,
2007 3386 2106 3427 atque
2122 3384 2272 3418 auxiliari
2287 3383 2420 3426 quidem

1365 3461 1431 3485 non
1445 3460 1510 3485 una
1526 3450 1669 3491 ratione,
1689 3448 1744 3482 sed
1765 3455 1962 3490 quocunque
1978 3446 2079 3480 modo
2098 3445 2164 3479 lieri
2183 3444 2302 3487 poterit
2320 3456 2329 3477 z
2350 3452 2421 3486 gra·

1364 3514 1434 3545 tum
1454 3520 1532 3544 vero
1545 3519 1616 3544 esse
1631 3509 1760 3551 oportet
1774 3517 1838 3541 non
1856 3507 2003 3549 inspecta
2021 3506 2153 3539 honoris
2176 3503 2420 3545 magnitudine,

1362 3573 1417 3606 sed
1439 3571 1566 3614 ingenio
1582 3571 1616 3604 et
1641 3569 1809 3603 voluntate
1825 3567 2017 3600 honorantis
2036 3576 2044 3598 :
2069 3565 2250 3599 molestiam
2279 3564 2422 3605 denique

2576 2906 2599 2971 &49:va
2586 2864 2599 2894 Ay:

2574 3291 2598 3314 ⁴<
2579 3273 2581 3278 ·
2572 3072 2599 3260 ‘'sassa-mit
2574 3003 2596 3057 π
2575 2979 2599 2996 a:
