2612 3814
262 215 339 248 500
943 201 1414 244 PYTHAGOBEORUM
1447 203 1512 242 ΕΤ
1540 201 1788 242 ALIORUM

386 371 604 423 ΑΛΛΑΙ
659 367 1189 421 ΠΥΘΑΓΟΡΕΙΩΝ

655 491 910 536 ΓΝΩΜΑΙ.

262 659 288 686 1.
337 644 549 697 Ἀμέτρητος
571 638 659 683 οὖσα
679 644 740 683 καὶ
760 643 946 696 ἀκόρεστος
961 645 984 690 ἡ
1007 640 1112 694 ἀργία
1133 639 1196 689 τὴν
1225 656 1311 691 μω-

339 703 414 756 ρίαν
436 704 672 755 ἀπεργάζεται
687 702 708 749 ἢ
725 702 838 750 κακὴν
854 701 1041 755 πονηρίαν.

394 763 560 814 (Anton.
583 763 727 802 Meliss.
749 776 833 814 cap.
854 763 917 801 53.
936 763 949 812 )

258 835 289 862 2.
339 820 379 860 Ἃ
402 821 452 871 μὴ
471 822 523 860 δεῖ
542 825 679 867 ποιεῖν,
704 822 795 871 μηδὲ
812 823 963 860 ὑπονοοῧ
984 824 1110 860 ποιεῖν.

395 880 595 933 (Stobaeus
627 880 732 918 Flor.
764 880 796 929 1,
828 894 877 917 20
897 877 1147 930 Πυθαγόρου.)

261 951 291 978 3.
343 937 486 986 Ἀσεὸἡς
501 938 579 982 ὅς’
545 955 608 978 ουκ
626 938 831 991 ἐπῃσγύνθη
849 937 1040 990 πρόσωπον
1053 936 1193 986 ἐντίμου
1205 965 1215 984 ,
1233 936 1311 976 οὐδὲ

340 990 410 1035 οἶδε
431 996 537 1047 τιμὴν
558 996 678 1035 θέσθαι
708 996 837 1049 τούτῳ.

392 1057 563 1107 (Anton.
587 1056 732 1095 Meliss.
747 1069 832 1108 cap.
857 1056 905 1094 53
924 1055 1144 1107 Πυθαγόρου.
1161 1055 1310 1107 Scripsi

336 1107 408 1153 οἶδε
435 1129 509 1167 pro
543 1115 692 1154 codicis
724 1115 891 1154 lectione
921 1108 1005 1155 εἶδε.
1041 1114 1100 1154 Cf.
1135 1114 1307 1155 Hierocl.

335 1184 543 1214 comment.
569 1176 617 1214 ad
639 1188 761 1214 carm.
784 1189 866 1214 atu.
887 1188 949 1214 vs.
975 1189 1008 1215 1.
1024 1175 1036 1224 )

252 1250 283 1276 4.
331 1235 515 1275 Βέλτιστοι
551 1237 684 1274 ἑαυτῶν
706 1235 862 1286 γίνονται
887 1233 1085 1287 ἄνθρωποι,
1113 1234 1196 1272 ὅταν
1226 1231 1312 1286 πρὸς

339 1293 417 1337 τοὺς
433 1294 527 1338 θεοὺς
550 1294 754 1346 βαδίζωσιν.

391 1354 642 1404 (Plutarchus
675 1355 722 1393 de
754 1354 893 1394 defect.
929 1366 1034 1392 orac.
1056 1366 1097 1404 p.
1132 1353 1230 1401 1833
1262 1353 1309 1390 cf.

335 1414 438 1453 idem
460 1415 508 1453 de
528 1415 729 1466 superstit.
757 1429 797 1466 p.
825 1427 915 1461 ¹023
933 1412 1071 1451 Cicero
1085 1411 1133 1450 de
1150 1412 1251 1463 legg.
1276 1412 1309 1459 1,

335 1487 421 1524 cap.
450 1488 519 1522 ιι,
549 1474 696 1512 Seneca
716 1474 830 1525 epist.
859 1470 957 1522 94.)

254 1546 281 1572 5.
330 1534 360 1572 Γ
361 1532 500 1580 λώσσης
516 1533 584 1586 πρὸ
601 1536 668 1572 τῶν
688 1532 803 1571 ἄλλων
821 1533 957 1583 κροίτει.

389 1591 652 1642 (Jambliehus
671 1592 744 1631 lib.
765 1591 802 1629 ΙΙ
819 1603 902 1642 cap.
926 1589 1019 1640 21.)

253 1663 283 1691 6.
334 1649 543 1704 Ἐλεύθερον
566 1650 739 1689 ἀδύνατον
759 1645 849 1688 εἶναι
873 1649 1002 1690 πάθεσι
1029 1648 1251 1689 δουλεύοντα.

392 1711 604 1763 (Maximus
624 1725 709 1763 cap.
737 1711 795 1762 3.)

253 1783 282 1810 7.
335 1769 440 1810 Ἑλοῧ
466 1769 541 1822 βίον
576 1770 736 1823 ἄριστον
757 1769 844 1819 ἠδυν
879 1768 914 1808 δὲ
952 1769 1056 1809 αὐτὸν
1084 1772 1107 1817 ἡ
1140 1769 1307 1817 συνήθεια

338 1829 490 1876 ποιήσει.

387 1890 645 1943 (Plutarchus
673 1890 720 1928 de
750 1889 892 1928 exsilio
930 1903 972 1941 p.
1000 1889 1099 1938 3253
1135 1891 1308 1929 stobaeus

334 1949 489 1996 F101·.1,
513 1963 563 2000 29
582 1948 823 2002 Πυθαγόρου.)

253 2023 284 2050 ⁸.
334 2008 416 2049 Ἡ’
402 2007 582 2059 επιστήμη
599 2011 659 2056 τῆς
681 2007 897 2055 τελειότητος
916 2009 983 2046 τῶν
1002 2008 1134 2060 ἀρετῶν
1154 2011 1217 2055 τῆς
1240 2010 1308 2062 ψυ-

332 2072 401 2122 χ’ἧς
415 2067 629 2119 εὖδαιμονία.

391 2128 639 2179 (Heraclides
680 2127 870 2166 Ponticus
919 2140 983 2178 ap.
1025 2126 1148 2166 Clem.
1196 2126 1305 2164 Alex.

333 2189 560 2229 Strom.lib.
583 2189 619 2228 II
636 2203 724 2242 pag.
748 2204 822 2240 179
842 2189 905 2228 ed.
927 2188 1064 2241 Sylb.)

253 2263 284 2291 9.
332 2249 377 2289 ἹΙ
402 2250 490 2299 μέθη
521 2249 648 2301 μανίας
668 2247 813 2300 μελέτη.

383 2425 492 2456 ALIAE
517 2425 898 2457 PYTHAGOREORUM
919 2426 1174 2458 SENTENTIAE.

300 2510 330 2540 1.
355 2509 473 2540 inertia
495 2509 709 2541 immoderata
726 2511 758 2542 et
779 2509 969 2543 insatiabilis
983 2513 1041 2542 aut
1059 2511 1230 2544 stultitiam
1254 2514 1312 2544 aut

255 2566 410 2607 insignem
426 2567 667 2609 improbitatem
685 2569 803 2610 gignit.

297 2630 328 2658 2.
349 2628 432 2664 Quae
450 2627 552 2660 tacere
572 2628 660 2660 nefas
676 2630 743 2669 est,
761 2637 799 2661 ea
818 2629 921 2662 facere
940 2637 979 2661 ne
999 2630 1168 2671 suspectus
1178 2629 1309 2671 quidem

255 2684 412 2718 habearis.

297 2746 330 2776 3.
353 2743 479 2785 Impius
493 2745 606 2786 estqui
622 2754 795 2787 personam
815 2747 874 2780 viri
895 2748 1042 2781 honorati
1061 2758 1126 2782 non
1146 2750 1311 2782 reveretur

255 2803 288 2835 et
310 2802 357 2835 illi
377 2802 534 2836 honorem
549 2803 665 2837 habere
682 2806 795 2838 nescit.
1105 2813 1110 2818 '

297 2863 328 2894 4.
350 2861 499 2895 Meliores
510 2862 631 2904 seipsis
644 2863 792 2897 homines
806 2866 967 2908 evadunt,
984 2876 1086 2908 quum
1098 2867 1177 2901 deos
1190 2868 1311 2901 adeunt

257 2929 435 2962 eorumque
454 2922 576 2962 templa
589 2922 822 2963 ingrediuntur.

298 2984 328 3013 5.
354 2980 511 3020 Linguam
532 2984 608 3013 ante
624 2982 735 3014 omnia
755 2983 932 3017 contineto.

297 3043 327 3071 6.
352 3039 436 3072 Fieri
456 3048 521 3072 non
537 3041 661 3081 potest,
678 3042 714 3074 ut
729 3041 807 3074 liber
818 3043 860 3075 sit
881 3044 936 3085 qui
955 3044 1125 3078 affectibus
1150 3046 1311 3079 serviliter

255 3097 409 3139 indulget.

297 3159 328 3190 7.
353 3157 523 3198 optimum
551 3158 628 3191 vitae
656 3167 757 3199 genus
785 3160 905 3202 deligas
940 3163 1000 3195 eid
1023 3164 1223 3198 consuetudo
1251 3166 1308 3199 tibi

255 3223 355 3249 suave
367 3219 400 3249 et
416 3215 600 3256 jucundum
613 3218 743 3251 efficiet.

298 3278 331 3308 8.
356 3275 496 3308 Scientia
518 3276 724 3317 perfectionis
745 3278 902 3311 virtutum
925 3279 1025 3313 animi
1055 3281 1222 3316 beatitudo
1245 3286 1307 3316 est.

297 3339 328 3367 9.
353 3334 500 3367 Ebrietas
520 3334 655 3369 insaniae
676 3337 868 3371 exercitatio
890 3340 950 3372 est.

299 3394 347 3423 10.
372 3392 488 3425 Animo
505 3382 604 3435 qu'am
621 3403 758 3436 corpore
781 3397 889 3430 valere
909 3400 1063 3439 proeopta.

301 3454 349 3485 11.
374 3455 420 3486 Ne
438 3454 549 3487 multis
568 3455 675 3489 verbi-s
699 3465 800 3498 pauca
821 3457 924 3498 dieas,
946 3459 1001 3492 sed
1021 3461 1132 3500 paucis
1149 3462 1262 3496 multa.

1514 292 1737 342 (Maximus
1762 306 1847 345 cap.
1868 294 1961 345 30.)

1379 364 1424 390 ιο.
1457 349 1608 402 Ἰσχύειν
1626 353 1670 403 τῇ
1691 353 1790 404 ψυχῇ
1811 353 1910 403 αἱροῦ
1933 353 2068 403 μᾶλλον
2090 351 2114 399 ἢ
2127 355 2177 407 τῷ
2194 353 2349 405 σώματι.

1513 407 1717 459 (Stobaeus
1740 408 1841 451 Flor.
1863 410 1896 458 1,
1921 424 1972 448 22
1991 411 2211 464 Πυθαγόρου.
2230 422 2240 465 1

1378 482 1423 507 11.
1458 469 1520 515 Μὴ
1539 468 1574 506 ἐν
1597 468 1740 512 πολλοῖς
1764 467 1868 521 ὀλίγα
1882 470 1964 519 λέγε
1977 499 1988 516 ,
2005 470 2084 508 ἀλλ’
2107 471 2142 509 ἐν
2157 471 2286 523 ὀλίγοις
2303 473 2431 514 πολλά.

1512 525 1710 578 (Stobaeus
1729 526 1835 566 Flor.
1853 527 2005 577 XXXV,
2025 530 2049 567 8
2067 530 2292 583 Πυθαγόρου.
2311 532 2326 584 )

1378 599 1423 625 12.
1456 587 1598 624 Μοῦσαι
1616 585 1795 638 Σειρήνων
1816 586 1946 634 ἡδίους.

1511 644 1710 693 (Clemens
1735 645 1846 685 Alex.
1871 646 2019 687 Strom.
2042 647 2084 695 1,
2109 662 2180 697 ¹²7
2204 662 2243 701 p.
2268 655 2344 702 294
2364 650 2430 691 ed.

1454 702 1660 754 Sylburg.;
1710 703 1745 741 T
1748 703 1946 744 heodoret.
1990 706 2112 754 ἑλλην.
2164 711 2252 748 παθ.
2302 711 2431 761 θεραπ.

1455 761 1582 807 Serm.
1599 763 1622 799 8
1642 764 1862 815 Πυθαγόρου.
1881 763 1892 816 )

1374 833 1420 859 13.
1450 820 1498 860 Οἱ
1520 819 1591 858 θεοὶ
1610 822 1678 858 τῶν
1701 824 1822 860 κακῶν
1846 822 1933 862 εἰσιν
1956 822 2124 865 ἀναίτιοι.

1509 879 1778 932 (Jamblichus
1814 883 1864 920 de
1897 883 1969 922 vit.
2011 883 2177 935 Pythag.
2213 899 2248 925 c.
2279 887 2354 936 323
2381 893 2431 928 ct.

1456 940 1659 979 Hierocles
1679 941 1783 992 apud
1812 941 1922 981 Stob.
1951 941 2034 981 Ecl.
2059 943 2171 995 phys.
2192 944 2263 985 lib.
2287 945 2324 984 11
2344 961 2429 1000 cap.

1457 1013 1477 1046 7
1500 1007 1594 1038 tom.
1619 999 1655 1037 11
1684 1013 1724 1051 p.
1748 1000 1826 1049 678
1852 1000 2161 1054 ed.Gaisf01-d.)

1376 1070 1420 1096 tt.
1450 1060 1498 1098 Οἱ
1521 1058 1571 1110 μὴ
1593 1059 1801 1105 κολάζοντες
1826 1059 1905 1105 τους
1925 1058 2054 1106 κακους
2081 1061 2267 1114 βούλονται
2297 1064 2432 1104 ἀδικεῖ-

1454 1121 1535 1156 σθαι
1551 1134 1629 1162 τους
1652 1117 1813 1171 ἀγαθους.

1507 1177 1709 1230 (Stobaeus
1723 1178 1828 1218 Flor.
1847 1177 1981 1227 XLVI,
2006 1193 2078 1217 112
2097 1180 2350 1235 Πυθαγόρου.)

1376 1250 1420 1276 ιε.
1451 1237 1529 1276 Οὐκ
1546 1236 1600 1275 ἀει
1617 1237 1725 1276 καλὸν
1741 1238 1995 1291 αἰθερολογεῖν,
2017 1238 2214 1290 μελεδωνὸν
2229 1238 2265 1278 δὲ
2280 1234 2367 1280 εἶναι
2387 1245 2432 1296 τῇ

1454 1296 1600 1348 πατρίδι
1617 1295 1775 1335 κάλλιον.

1508 1355 1734 1407 (Pythagor
1737 1369 1778 1395 as
1799 1355 1921 1408 Epist.
1946 1356 1997 1395 ad
2021 1357 2205 1398 Anaxim.
2229 1371 2291 1411 ap.
2311 1359 2425 1412 Diog.

1454 1413 1585 1454 Laert.
1603 1414 1676 1454 lib.
1698 1414 1807 1464 Vlll,
1827 1415 1920 1467 50.)

1377 1486 1423 1512 16.
1456 1474 1619 1518 Πλοῦτος
1651 1473 1798 1521 ἀσθενὴς
1817 1474 1976 1527 ἄγκυρα,
1999 1474 2081 1520 δόξα
2101 1474 2153 1513 ἔτι
2179 1476 2431 1530 ἀσθενεστέρα·

1453 1531 1493 1571 τὸ
1512 1534 1618 1583 σῶμα
1634 1532 1782 1607 ὁμοίως,
1801 1534 1836 1571 αἱ
1857 1532 1985 1585 ἀρχαί,
2002 1535 2038 1572 αἱ
2053 1535 2176 1584 τιμαί·
2190 1534 2308 1574 πάντα
2320 1541 2431 1576 ταῦτα

1456 1594 1583 1639 ἀσθενῆ
1603 1593 1663 1630 καὶ
1685 1594 1853 1632 ἀδύνατα.
1882 1593 1985 1637 Τίνες
2007 1587 2066 1632 οὗν
2091 1595 2243 1648 ἄγκυραι
2265 1596 2430 1644 δυναταί;

1454 1651 1640 1704 φρόνησις,
1665 1652 1934 1728 μεγαλοψυχία,
1959 1652 2123 1706 ἀνδρεία·
2160 1654 2292 1699 ταύτας
2323 1655 2433 1701 οὐδεὶς

1451 1709 1587 1763 χειμὼν
1613 1710 1768 1751 σαλεύει.
1795 1705 1909 1755 Ουτος
1931 1715 2010 1750 θεου
2028 1711 2158 1763 νόμος,
2191 1715 2317 1766 ἀρετὴν
2338 1708 2431 1754 εἶναι

1452 1770 1491 1809 τὸ
1513 1770 1657 1823 ἰσχυρὸν
1682 1770 1743 1810 καὶ
1766 1770 1907 1823 βέὸαιον
1927 1770 2054 1822 μόνον,
2074 1772 2118 1811 τὰ
2139 1774 2169 1812 δ’
2191 1774 2283 1814 ἄλλα
2303 1777 2426 1830 λῆρον.

1510 1830 1711 1879 (Stobaeus
1729 1830 1832 1871 Flor.
1850 1831 1882 1879 l,
1907 1846 1957 1882 ²9
1979 1831 2224 1886 Πυθαγόρου.)

1377 1904 1420 1930 17.
1451 1891 1533 1943 Οὐχ
1559 1890 1650 1930 οὕτω
1681 1890 1837 1942 χαλεπὸν
1858 1891 2094 1943 ἁμαρτάνειν,
2117 1894 2165 1937 ὥς
2191 1891 2231 1931 τὸ
2261 1890 2424 1944 ἁμαρτά-

1454 1965 1557 1989 νοντα
1581 1949 1631 2000 μὴ
1653 1949 1862 2002 ἐξελέγχειν.

1510 2009 1524 2060 (
1539 2009 1714 2048 Stobaeus
1737 2010 1839 2049 Flor.
1859 2009 1971 2058 XIII,
1996 2009 2046 2056 34
2068 2010 2321 2065 Πυθαγόρου.)

1375 2084 1422 2109 1⁹.
1456 2069 1607 2108 Πάντων
1638 2069 1893 2123 χαλεπώτατόν
1928 2072 2022 2110 ἐστιν
2053 2070 2350 2124 ἑγκρατευμάτων
2387 2071 2426 2111 τὸ

1453 2128 1617 2181 γλώσσης
1632 2135 1784 2180 κρατεῖν.

1510 2188 1781 2239 (Jamblichus
1801 2188 1849 2227 de
1862 2198 1936 2229 ,nt
1956 2189 2123 2240 Pythag.
2149 2203 2234 2240 cap.
2259 2190 2320 2227 31.
2336 2193 2346 2242 )

1371 2261 1416 2287 19.
1436 2246 1583 2297 Ῥώμην
1595 2247 1762 2298 μεγίστην
1776 2263 1836 2285 και
1846 2249 1992 2286 πλοῦτον
1999 2249 2062 2296 τὴν
2072 2248 2278 2302 ἐγκράτειαν
2288 2252 2429 2296 κτῆσαι.

1420 2372 1469 2399 12.
1494 2369 1596 2399 Musae
1616 2368 1781 2400 Sirenibus
1799 2371 1875 2400 suut
1888 2368 2109 2409 Jucundiores.

1420 2429 1469 2459 13.
1495 2426 1546 2459 Dii
1565 2427 1727 2459 malorum
1744 2436 1808 2459 non
1824 2429 1900 2460 sunt
1916 2430 2075 2460 auctores.

1425 2489 1470 2517 14.
1495 2485 1558 2523 Qui
1583 2485 1686 2518 malos
1717 2495 1780 2518 nou
1803 2486 1963 2528 puniunt,
1986 2486 2089 2519 bonos
2115 2487 2201 2520 affici
2229 2487 2345 2528 injuria
2373 2496 2414 2520 vo

1372 2544 1455 2576 lunt.
2059 2582 2062 2584 v

1417 2607 1465 2636 15.
1491 2605 1563 2636 Non
1582 2611 1711 2644 semper
1739 2604 1904 2636 astrorum
1928 2606 1961 2637 et
1977 2604 2051 2636 coeli
2076 2605 2214 2638 rationes
2230 2605 2426 2647 investigare

1376 2663 1530 2696 convenit
1557 2672 1565 2692 z
1585 2663 1752 2696 interdum
1772 2664 1938 2705 pulchrius
1957 2665 1990 2697 et
2007 2664 2122 2698 melius
2138 2669 2186 2698 est
2206 2674 2301 2699 curas
2320 2667 2354 2699 et
2369 2675 2427 2699 ce-

1372 2723 1544 2764 gitationes
1562 2722 1601 2755 ad
1627 2723 1740 2764 patriae
1756 2723 1892 2755 salutem
1908 2726 2109 2757 convertere.

1418 2786 1466 2815 16.
1488 2782 1616 2815 Divitiae
1629 2790 1748 2814 ancora
1767 2784 1843 2816 sunt
1859 2782 1987 2815 infirma
2003 2807 2011 2823 ‚
2029 2784 2128 2825 gloria
2151 2784 2247 2817 etiam
2261 2784 2423 2826 infirmior,

1371 2850 1489 2882 corpus
1509 2841 1634 2882 itidem,
1653 2842 1874 2882 magistratus,
1889 2842 2046 2882 honores,
2066 2843 2174 2875 omnia
2186 2843 2256 2876 liaec
2272 2844 2428 2877 imbecilla

1371 2903 1403 2933 et
1424 2900 1546 2932 viribus
1561 2899 1731 2933 destituta.
1778 2902 1859 2938 Quae
1877 2909 1953 2941 ergo
1969 2903 2046 2934 sunt
2062 2911 2188 2934 ancoroe
2210 2902 2427 2936 fi1·mae?Pru·

1373 2959 1505 2999 denna,
1536 2959 1804 3000 magnanimitas,
1834 2960 1989 2992 fortitudo
2017 2973 2024 2993 ε
2054 2969 2110 2993 eas
2138 2961 2226 2993 nulla
2257 2963 2428 3003 tempestus

1371 3018 1481 3059 agitat.
1527 3019 1607 3050 Haec
1623 3017 1676 3050 dei
1695 3018 1746 3050 lex
1768 3019 1836 3058 est,
1852 3020 1888 3051 ut
1905 3019 1973 3051 sola
1995 3019 2097 3052 virtus
2116 3021 2229 3061 potens
2250 3029 2288 3052 ac
2304 3020 2427 3055 stabilis

1369 3076 1430 3118 sit,
1446 3079 1564 3110 eaetera
1579 3077 1689 3109 omnia
1707 3085 1800 3117 nugae
1816 3078 1849 3110 et
1866 3077 2007 3118 ineptiae.

1415 3137 1465 3168 17.
1488 3137 1559 3168 Non
1581 3140 1647 3168 tam
1676 3135 1806 3168 difficile
1838 3137 1887 3169 est
1914 3145 2068 3178 peccare,
2103 3147 2202 3179 quam
2234 3141 2422 3181 peccantem

1369 3196 1470 3229 alium
1492 3205 1559 3229 non
1574 3196 1778 3238 redarguere.

1416 3260 1463 3290 18.
1490 3257 1644 3290 Omnium
1665 3257 1873 3290 continentiae
1896 3257 2170 3292 documentorum
2196 3260 2422 3293 difficillimum
2441 3278 2445 3281 -

1369 3318 1417 3348 est
1439 3316 1605 3348 continere
1619 3315 1775 3357 linguam.

1419 3377 1468 3408 19.
1491 3375 1734 3408 continentiam
1754 3375 1812 3407 tibi
1826 3376 1860 3408 ut
1878 3376 2054 3409 maximum
2069 3377 2167 3409 robur
2181 3386 2321 3418 opesque
2335 3385 2422 3409 com·

1371 3434 1495 3473 parato.

2588 3572 2596 3587 ο
2580 3119 2601 3514 s:2,›*⁴—:4‘2?222J2-ffla2..w-·
2582 3064 2598 3102 ἔνθ’»
2584 3026 2594 3036 ⁴
2594 2991 2595 2994 „
2593 2962 2597 2971 κ
