2612 3814
355 282 428 316 1¹0

343 361 514 407 Namque
531 356 799 406 Anaximenes,
821 356 880 392 cui
902 355 995 391 nihil
1026 368 1110 391 cum
1148 355 1400 391 lilcnticorum

342 418 492 455 ratione
512 428 717 453 commune
731 422 805 462 est,
826 415 1100 452 Anaximandri
1119 414 1274 451 auditor
1291 414 1403 450 fuisse

341 479 512 516 creditus
525 505 536 525 ‚
556 485 621 515 aut
639 478 749 528 prior
770 476 994 513 parmenide
1014 484 1079 512 aut
1096 476 1251 525 aequalis
1265 476 1299 512 ei
1316 475 1400 521 suit,

343 538 505 574 inferior
525 544 627 574 certe
653 544 759 573 aetate
781 548 859 572 non
883 535 966 572 suit.
991 536 1143 572 Eusebii
1175 533 1276 586 (ιο),
1308 535 1399 583 Syn-

342 597 426 634 celli
449 596 482 648 (1
495 597 529 644 1)
545 597 784 645 aliorumque
805 607 954 631 errores
973 594 1202 643 redarguere
1219 605 1400 643 superva-

340 668 500 692 cuneum
514 654 746 703 judicamus.
775 655 969 690 Platonem
992 654 1107 702 igitur
1123 654 1242 690 secuti
1262 653 1401 689 statui-

342 727 425 751 mus
467 722 613 763 tempus
645 727 723 763 quo
756 712 887 750 ssoruit
914 712 1157 748 Parmenides
1189 712 1267 748 fere
1302 712 1402 747 intra

341 775 496 824 Olymp.
523 774 648 821 70—80
668 786 744 810 esse
769 771 1006 822 ponendum.
1031 770 1087 808 Ad
1110 770 1184 807 hoc
1217 771 1400 819 temporis

342 833 509 882 spatium
530 846 594 870 eos
612 845 767 882 quoque
787 829 920 867 referri
937 836 1093 879 oportet
1110 830 1176 877 qui
1197 842 1282 865 cum
1306 829 1399 865 Par-

344 893 497 930 menide
522 906 544 930 a
563 893 753 929 veteribus
775 899 954 939 tanquam
983 890 1072 925 huic
1099 890 1198 924 aetati
1218 901 1401 938 suppares

341 952 523 1002 conjungi
547 953 683 989 solent.
701 951 811 989 Tales
831 949 982 986 fuerunt
1000 948 1254 997 Xenophanes
1266 976 1276 994 ,
1294 949 1403 985 Elea-

344 1012 509 1048 ticorum
528 1023 678 1060 parens,
701 1011 805 1046 circa
825 1010 976 1058 Olymp.
997 1007 1046 1044 60
1069 1008 1211 1055 clarus,
1232 1009 1402 1044 Heracli-

343 1078 419 1116 tus,
453 1070 672 1108 Parmenidi
704 1081 829 1118 prope
867 1069 1045 1117 oequalis,
1082 1067 1310 1116 Olympiade
1349 1067 1399 1116 69

342 1129 518 1177 illustris,
536 1129 640 1167 Zeno
662 1128 740 1176 ejus
760 1128 990 1177 discipuluS,
1014 1126 1168 1175 aequalis
1190 1125 1268 1162 fere
1298 1128 1398 1163 Ana-

341 1200 508 1237 xagorae,
522 1187 748 1236 Olympiade
768 1199 816 1235 79
833 1198 983 1222 summo
999 1184 1094 1221 flore
1114 1186 1357 1234 conspicuus.

392 1246 705 1287 De,Parmenidis
725 1246 803 1282 vita
821 1253 857 1282 et
877 1245 1010 1282 studiis
1025 1258 1146 1294 pauca
1160 1253 1249 1282 sunt
1264 1245 1312 1281 ab
1327 1257 1374 1281 an
1385 1267 1399 1274 ·

340 1308 456 1357 tiquis
466 1306 619 1356 prodita
634 1334 643 1352 ,
664 1318 684 1342 e
701 1305 839 1354 quibus
857 1312 979 1341 tamen
995 1303 1136 1351 conjici
1154 1304 1261 1350 licet,
1280 1305 1400 1353 qualis

341 1372 582 1415 quantusque
600 1363 716 1401 fucrit
731 1364 803 1410 vir,
823 1376 902 1412 quo
921 1364 1073 1412 ingenio
1091 1363 1292 1411 praeditus,
1313 1364 1400 1412 qui-

340 1426 411 1462 bus
427 1425 562 1461 litteris
577 1425 786 1471 institutus,
803 1423 1004 1471 quomodo
1021 1423 1189 1471 denique
1203 1423 1399 1472 paullatim

340 1485 392 1521 ad
403 1497 591 1521 summum
603 1484 640 1519 in
652 1483 897 1532 philosophia
907 1483 1140 1532 pervenerit.
1153 1482 1270 1518 Natus
1282 1482 1399 1520 Veliae

340 1544 485 1580 audivit
504 1543 782 1592 Xenophanem
801 1540 885 1592 (12)
902 1541 1144 1591 grandaevum
1163 1541 1398 1587 adolescens,

340 1603 449 1651 cujus
469 1603 619 1652 placitis
644 1602 834 1651 perceptis
853 1602 991 1650 procul
1015 1601 1135 1638 dubio
1156 1601 1400 1638 fundamenta

333 1661 428 1710 jecit
445 1661 645 1707 doctrinae,
656 1673 770 1709 quam
785 1660 964 1709 deinceps
980 1661 1147 1697 excoluit
1161 1669 1198 1697 et
1210 1660 1402 1709 professus

339 1727 404 1756 est.
425 1720 515 1758 Fuit
538 1721 572 1757 ei
600 1720 714 1756 etiarn
746 1732 833 1756 cum
860 1720 1109 1769 Pythagoreis
1141 1719 1397 1769 quibusdam,

336 1779 564 1817 eruditionis
584 1787 622 1816 et
649 1779 814 1815 scientiae
841 1779 941 1815 fama
968 1778 1209 1829 florentibus,
1231 1791 1401 1816 consue-

341 1837 434 1874 tudo
458 1837 557 1888 (13),
580 1850 600 1874 e
621 1838 760 1887 quibus
793 1838 870 1874 duo
891 1846 1170 1889 memorantur,
1200 1851 1297 1887 quos
1324 1845 1402 1874 stu-

341 1896 496 1932 diorum
517 1897 633 1934 duces
655 1905 693 1933 et
723 1897 987 1934 moderatores
1006 1899 1186 1935 habuerit
1200 1927 1210 1946 ,
1232 1899 1401 1936 Aminias

340 1964 379 1993 et
399 1956 624 1995 Diochaetes.
640 1958 792 1994 Horum
806 1957 868 1994 ille
883 1958 1163 1995 adolescentem
1178 1959 1225 1994 ab
1241 1959 1399 1994 aliarum

341 2028 471 2052 rerum
491 2028 583 2053 cura
614 2016 663 2052 ad
686 2015 829 2053 litteras
858 2023 973 2066 atque
995 2017 1044 2054 ad
1073 2018 1195 2053 otium
1220 2024 1258 2054 et
1285 2024 1399 2054 tran-

342 2076 569 2124 quillitatem
590 2075 783 2123 traduxit,
810 2077 871 2113 hic
890 2089 1038 2126 pauper
1053 2077 1119 2114 sed
1138 2090 1290 2114 morum
1304 2090 1401 2127 pro-

341 2134 461 2171 bitate
493 2135 719 2171 nobilitatus
748 2134 847 2172 adeo
870 2136 904 2172 ei
937 2148 1047 2172 carus
1068 2135 1161 2182 fuit,
1183 2143 1225 2172 ut
1244 2144 1400 2173 mortuo

339 2193 521 2231 sacellum
539 2193 800 2244 dedicaverit,
819 2199 862 2234 ut
880 2196 932 2231 ait
950 2196 1086 2232 Sotion
1119 2196 1222 2245 apud
1257 2197 1402 2247 Dioge-

340 2265 442 2290 nem.
466 2253 737 2290 Parmenidem
765 2254 921 2304 ejusque
945 2254 1178 2304 discipulum
1207 2257 1401 2293 Zenonem

341 2311 604 2363 Pythagoreos
626 2312 704 2365 (14)
727 2315 838 2350 multi
856 2315 1106 2351 nominarunt
1134 2316 1213 2352 sive
1239 2323 1402 2366 propter

341 2370 672 2422 Pythagoreorum
686 2375 1017 2412 conversationem
1038 2383 1076 2412 et
1090 2375 1401 2427 familiaritatem,

340 2443 424 2478 quae
462 2439 589 2468 tamen
618 2433 765 2470 nullam
795 2433 1005 2483 disciplinae
1026 2435 1313 2471 similitudinem
1332 2448 1400 2484 pe-

340 2491 458 2538 perit,
481 2492 555 2528 sive
584 2499 746 2542 propter
765 2493 922 2530 illorum
951 2494 1089 2530 famam
1122 2502 1160 2530 et
1190 2495 1403 2531 claritatem

344 2619 508 2659 Μιλήσιος,
535 2621 669 2659 ἤκουσεν
691 2619 926 2664 Ἀναξιμάνδρου
939 2632 946 2640 ·
972 2622 1047 2655 ἔνιοι
1069 2623 1103 2655 δὲ
1127 2624 1182 2655 καὶ
1199 2624 1400 2666 Παρμενίδου

343 2667 435 2708 φασὶν
449 2666 584 2699 ἀκοῦσαι
599 2667 705 2700 αὐτόν.

386 2713 452 2755 (10)
472 2714 631 2746 Eusebius
651 2717 775 2748 Canon.
798 2715 909 2748 chron.
931 2717 971 2749 ad
991 2718 1122 2760 olymp.
1145 2720 1200 2760 (80
1217 2732 1226 2752 ε
1243 2721 1275 2760 4)
1302 2720 1334 2752 π’
1361 2721 1398 2753 δ’·

341 2759 551 2801 Ἐμπεδοκλῆς
568 2763 620 2793 καὶ
639 2762 835 2804 Παρμενίδης
854 2763 1016 2806 φιλόσοφοι
1036 2769 1162 2807 φυσικοὶ
1185 2767 1398 2810 ἐγνωρίζοντο.

345 2809 454 2846 Ζήνων
469 2809 522 2840 καὶ
541 2809 740 2850 Ἡράκλειτος
757 2810 775 2841 ὁ
792 2812 950 2848 σκοτεινὸς
966 2813 1117 2855 ἤκμαζον.

385 2857 450 2898 (11)
474 2856 640 2896 syncellus
659 2856 837 2898 chronogr.
863 2867 896 2899 p.
927 2863 999 2901 253,
1029 2863 1069 2901 D,
1096 2862 1265 2895 manifesto
1292 2872 1401 2896 errore

344 2903 591 2945 Empedoclem,
611 2904 851 2945 Parmenidem,
867 2907 1047 2948 Zenonem,
1072 2910 1268 2942 Heraclitum
1287 2913 1320 2943 et
1340 2913 1399 2944 De-

344 2951 516 2983 mocritum
532 2954 683 2990 regnante
702 2953 878 2985 Artaxerxe
891 2953 947 2994 qui
964 2955 1179 2995 Longimanus
1199 2958 1397 3000 nominatur,

344 2999 429 3031 intra
445 2998 653 3038 Olympiades
673 3003 769 3031 82-91
790 2999 934 3033 floruisse
951 3003 985 3035 et
1000 3002 1087 3035 circa
1099 3004 1184 3037 idem
1199 3007 1328 3047 tempus
1342 3016 1400 3039 na-

345 3044 414 3072 tum
434 3048 504 3072 esse
522 3040 685 3072 Socratem
707 3040 764 3072 ait.

388 3088 454 3127 (12)
477 3086 665 3120 Aristoteles
686 3087 828 3129 Metaph.
850 3090 874 3128 1,
890 3093 908 3122 5
924 3102 933 3122 ι
948 3090 986 3122 Ὀ
1003 3090 1063 3133 γὰρ
1075 3092 1271 3134 Παρμενίδης
1286 3095 1399 3128 τούτου

346 3134 415 3173 (τοῦ
431 3133 636 3176 Ξενοφάνους)
651 3135 772 3174 λέγεται
787 3137 936 3177 μαθητής.
953 3138 1131 3172 Alexander
1144 3141 1400 3181 Aphrodisiensis

345 3183 376 3213 in
394 3182 572 3214 Aristotelis
592 3183 732 3223 Metaph.
757 3192 788 3224 p.
805 3186 844 3216 24
867 3184 917 3227 ed,
934 3186 1060 3219 Bonitz.
1085 3199 1093 3219 :
1111 3190 1186 3230 Περὶ
1203 3191 1399 3232 Παρμενίδου

345 3230 399 3261 καὶ
415 3233 468 3268 τῆς
487 3229 575 3267 δόξης
592 3230 688 3262 αὑτοῦ
702 3232 756 3263 καὶ
776 3232 972 3273 Θεόφραστος
990 3234 1020 3266 ἐν
1035 3237 1082 3276 τῷ
1104 3237 1220 3279 πρώτῳ
1238 3239 1311 3280 Περὶ
1336 3244 1399 3272 τῶν

344 3279 495 3309 Φυσικῶν
525 3278 623 3313 οὕτως
652 3279 752 3320 λέγει·
774 3279 875 3321 τούτῳ
904 3280 937 3313 δὲ
965 3281 1179 3325 ἐπιγενόμενος
1207 3287 1399 3328 Παρμενίδης

348 3325 486 3366 ΙΙύρητος
501 3325 520 3357 ὁ
535 3323 681 3364 Ἐλεάτης
705 3327 798 3368 (λέγει
823 3328 855 3360 δὲ
871 3329 924 3360 καὶ
945 3329 1135 3372 Ξενοφάνην)
1161 3332 1211 3365 ἐπ’
1227 3333 1398 3378 ἀμφοτέρας

344 3372 418 3411 ἦλθε
432 3372 487 3409 τὰς
502 3373 604 3409 ὁδούς.
620 3373 777 3414 Diogenes
790 3376 936 3408 Laertius
949 3377 1003 3411 lib.
1019 3379 1076 3418 lx,
1092 3382 1128 3411 21
1145 3391 1153 3411 :
1166 3381 1358 3420 Ξενοφάνους
1367 3386 1399 3418 δὲ

345 3420 491 3458 δ.ήκουσε
507 3420 715 3462 Παρμενίδης.
736 3422 786 3455 Cf.
804 3422 997 3457 Plutarchus
1008 3425 1092 3466 apud
1108 3427 1283 3461 Eusebium
1296 3431 1398 3473 Praep.

348 3468 436 3499 Ev.I
461 3476 491 3508 p.
509 3469 562 3508 23,
588 3469 632 3507 C;
648 3468 805 3501 Eusebius
821 3469 899 3503 ibid.
916 3473 945 3503 X
969 3481 999 3513 p.
1019 3475 1091 3513 504,
1114 3475 1154 3514 D;
1175 3476 1249 3508 X¹v
1271 3486 1300 3517 p.
1323 3481 1396 3519 755,

347 3517 389 3554 Α;
410 3514 593 3555 Simplicius
611 3515 709 3556 Phys.
729 3517 751 3548 s.
771 3521 800 3558 2,
817 3526 848 3559 a;
869 3520 984 3552 suidas
1000 3529 1027 3552 v.
1045 3522 1250 3564 Παρμενίδης.

1266 271 1334 311 DE
1363 269 1687 310 PARMENJDE.

1468 367 1552 403 quae
1574 352 1640 389 diu
1661 359 1765 388 tanta
1797 352 1887 400 fuit,
1917 361 1961 390 ut
1987 367 2102 391 nemo
2125 354 2202 392 sere
2224 362 2319 391 esset
2337 355 2531 405 sapientia!

1468 412 1597 449 studio
1618 411 1777 458 nobilis,
1806 413 1901 461 quin
1926 413 2014 449 huic
2035 414 2174 450 scholae
2195 414 2530 456 adnumeraretur.

1470 471 1724 520 Pythagorica
1756 483 1851 508 vero
1885 471 2076 510 institutio
2104 474 2226 524 magis
2255 473 2305 510 ad
2336 475 2533 525 ingenium

1467 530 1546 578 ejus
1559 529 1815 579 philosophiae
1832 531 1949 568 initiis
1964 532 2215 569 imbuendum
2228 561 2238 580 ,
2255 546 2370 582 quam
2386 533 2436 572 ad
2450 547 2535 585 per-

1467 589 1669 626 ficiendam
1690 589 1772 636 ejus
1792 589 2008 628 doctrinam
2025 592 2186 629 valuisse
2206 592 2370 631 videtur.

1520 648 1640 685 Cebes
1662 645 1741 698 (15)
1762 648 1918 697 quidem
1936 648 2176 702 Πυθαγόρειον
2193 649 2254 688 καὶ
2275 649 2534 703 Παρμενίδειον

1468 706 1542 759 βίον
1564 707 1769 757 praedicat,
1792 720 1872 744 non
1893 716 2040 746 certum
2063 711 2263 759 quoddam
2283 711 2439 749 vivendi
2467 724 2533 764 ge·

1465 779 1557 813 nus,
1578 765 1645 802 sed
1665 766 1782 802 vitam
1800 778 1820 803 e
1841 767 2093 818 philosophiae
2113 769 2278 807 decretis
2299 783 2387 807 cum
2407 770 2534 821 digni-

1466 833 1540 862 tate
1562 833 1600 862 et
1619 825 1807 862 modestia
1825 833 1950 863 actam
1969 827 2196 878 intelligens.
2220 828 2406 868 Similiter
2423 829 2533 868 Plato

1464 885 1605 924 Theaet.
1625 896 1666 934 p.
1693 883 1779 930 183,
1796 882 1849 922 E:
1869 883 2096 936 Παρμενίδης
2113 884 2150 923 δέ
2167 900 2227 936 μοι
2241 884 2456 940 φαίνεταιτὸ
2473 890 2534 926 τοῦ

1467 941 1630 995 Ὁμήρου
1650 942 1776 986 αἰδοῖός
1797 958 1834 981 τε
1854 942 1929 992 ἅμα
1945 942 2054 988 δεινός
2073 959 2111 983 τε
2116 973 2214 986 ......
2237 943 2298 984 καί
2329 960 2389 996 μοι
2420 944 2534 1000 ἐφάνη

1467 1003 1571 1055 βάθος
1602 1018 1638 1041 τι
1671 1004 1765 1055 ἔχειν
1798 1003 2007 1043 παντάπασι
2034 1008 2206 1055 γενναῖον,
2235 1014 2274 1043 et
2293 1006 2461 1057 Sophist.
2489 1020 2532 1058 p.

1465 1062 1556 1110 237,
1576 1065 1608 1100 A
1628 1074 1637 1100 :
1659 1061 1888 1115 Παρμενίδης
1904 1062 1940 1101 δὲ
1961 1064 1979 1101 δ
2000 1062 2122 1115 μέγας.
2144 1066 2233 1103 Huc
2253 1067 2370 1103 etiam
2388 1073 2536 1116 spectat

1463 1123 1573 1158 Timo
1605 1123 1790 1160 Phliasius
1810 1123 1917 1174 apud
1937 1125 2151 1174 Diogenem
2172 1126 2366 1163 Laertium
2386 1125 2458 1173 IX,
2478 1125 2528 1164 23

1463 1194 1698 1233 exaggerans
2408 1184 2409 1189 ’

1517 1269 1744 1323 Παρμενίδου
1766 1286 1803 1310 τε
1825 1269 1906 1323 βίην
1924 1271 2171 1326 μεγαλόφρονα
2190 1270 2254 1319 τὴν
2269 1270 2474 1318 πολύδοξον,

1516 1362 1561 1397 ln
1572 1361 1817 1410 philosophia
1828 1362 2073 1405 Parmenides
2090 1363 2264 1412 quamvis
2276 1362 2533 1413 Xenophanis

1462 1421 1640 1469 exemplo
1660 1427 1807 1456 naturae
1830 1422 1988 1470 verique
2008 1423 2262 1473 interpretem
2296 1435 2334 1460 se
2356 1435 2433 1460 esse
2451 1430 2530 1460 stu·

1463 1480 1590 1525 deret,
1615 1492 1682 1516 sua
1704 1487 1831 1516 tamen
1847 1482 1998 1518 ratione
2020 1494 2153 1518 verum
2173 1489 2364 1520 scrutatus
2383 1490 2439 1519 est
2461 1494 2534 1520 ne·
2577 1481 2580 1484 ⁴

1463 1551 1537 1588 que
1558 1541 1731 1588 magistri
1753 1540 1899 1590 placitis
1919 1547 2121 1578 contentus
2154 1541 2226 1578 fuit
2249 1541 2345 1593 (16).
2369 1543 2534 1579 Littera·

1463 1612 1549 1634 rum
1570 1599 1696 1635 studia
1717 1599 1773 1635 ita
1795 1599 1931 1646 coluit,
1947 1607 1991 1636 ut
2007 1612 2028 1637 a
2046 1601 2269 1650 reipublicae
2290 1601 2534 1638 administra·

1464 1658 1570 1694 tione
1592 1670 1673 1694 non
1693 1665 1863 1697 vacaret.
1884 1659 2003 1709 Leges
2023 1672 2117 1708 quas
2133 1660 2274 1697 Eleatis
2287 1661 2440 1711 scripsit
2457 1667 2533 1698 tam

1464 1717 1576 1753 bonae
1596 1717 1752 1754 suerunt
1765 1746 1775 1764 ,
1796 1725 1840 1754 ut
1854 1719 2096 1768 magistratus
2116 1720 2321 1769 quotannis
2335 1721 2437 1757 cives
2451 1719 2532 1757 adi-

1463 1784 1597 1826 gerent
1612 1777 1887 1826 jurejurando,
1909 1791 1949 1815 se
1970 1779 2208 1817 Parmenidis
2227 1780 2329 1830 leges
2349 1779 2534 1818 observa-

1464 1844 1570 1873 turos
1601 1836 1693 1889 (17).
1717 1838 1915 1875 Habitasse
1945 1839 2103 1888 quidem
2136 1839 2290 1877 videtur
2324 1840 2443 1888 Eleae,
2466 1839 2535 1878 sed

1464 1909 1745 1946 nonnunquam
1762 1898 1802 1933 in
1823 1904 1969 1934 exteras
1986 1899 2162 1948 regiones
2178 1899 2404 1939 excurrisse.
2420 1899 2535 1939 Certe

1465 1957 1629 1993 Athenas
1650 1969 1737 1992 eum
1760 1956 1970 2005 aliquando
1989 1957 2134 1994 venisse
2154 1965 2270 2007 atque
2289 1949 2330 1994 in
2355 1957 2533 1996 erudito-

1463 2029 1550 2052 rum
1563 2016 1764 2052 hominum
1782 2028 1960 2053 consessu
1975 2016 2023 2054 de
2039 2017 2155 2054 rebus
2168 2017 2299 2055 arduis
2321 2016 2535 2068 disputasse

1463 2076 1634 2125 locuples
1666 2083 1801 2112 auctor
1830 2076 1960 2123 Plato,
1994 2083 2038 2113 ut
2069 2077 2259 2125 vidimus,
2291 2078 2529 2117 testificatur.

1466 2136 1593 2184 Quare
1621 2148 1703 2172 non
1731 2136 1872 2171 mirum
1893 2142 2038 2172 tantam
2066 2136 2179 2174 fuisse
2200 2137 2281 2186 ejus
2301 2138 2463 2189 gloriam
2496 2146 2535 2176 et

1464 2196 1672 2245 disciplinae
1697 2195 1987 2243 auctoritatem,
2007 2204 2051 2233 ut
2071 2196 2331 2235 Eleaticorum
2350 2199 2533 2248 princeps

1464 2255 1512 2291 ab
1533 2254 1711 2291 omnibus
1731 2255 1952 2294 haberetur.
1975 2256 2087 2293 Multi
2112 2257 2179 2294 illa
2198 2263 2308 2294 aetate
2327 2258 2399 2294 viri
2420 2258 2532 2308 inge-

1465 2316 1530 2350 nio
1552 2322 1590 2351 et
1610 2313 1830 2351 eruditione
1851 2322 2071 2366 praestantes
2087 2314 2243 2354 suerunt
2260 2319 2326 2366 qui
2343 2318 2534 2355 nascentis

1465 2373 1591 2410 adhuc
1611 2374 1864 2423 philosophiae
1883 2375 2027 2411 semina
2045 2387 2118 2425 per
2135 2377 2286 2412 Ioniam
2306 2383 2424 2426 atque
2442 2377 2530 2413 uni·

1465 2447 1612 2472 versam
1632 2435 1820 2472 Graeciam
1845 2443 2066 2485 spargentes
2091 2435 2138 2472 ad
2157 2449 2287 2472 rerum
2314 2436 2532 2474 divinarum

1463 2495 1798 2545 humanarumque
1817 2495 2105 2545 intelligentiam
2126 2508 2258 2534 omnes
2278 2497 2533 2546 cogitationes

1508 2623 1573 2664 (13)
1588 2624 1746 2664 Diogenes
1758 2624 1908 2656 Laertius
1923 2623 1978 2656 lib.
1990 2626 2044 2664 lx,
2056 2629 2089 2657 21
2108 2637 2117 2657 t
2132 2624 2343 2662 Ἐκοινώνησε
2355 2623 2389 2656 δὲ
2401 2622 2432 2666 [ὁ
2446 2616 2531 2666 ’Παρ-

1466 2671 1603 2714 μενίδης]
1617 2673 1671 2704 καὶ
1692 2671 1829 2714 Ἀμεινίᾳ
1851 2672 1904 2704 καὶ
1928 2673 2082 2714 Διοχαίτῃ
2095 2675 2142 2714 τῷ
2159 2673 2370 2714 Πυθαγορικῷ
2391 2673 2447 2711 (ὡς
2472 2671 2530 2713 ἔφη

1465 2719 1606 2760 Σωτίων)
1620 2720 1704 2762 ἀνδρὶ
1725 2721 1832 2759 πένητι
1849 2720 1917 2760 μὲν,
1934 2721 2023 2762 καλῷ
2037 2721 2069 2752 δὲ
2085 2721 2139 2752 καὶ
2158 2720 2279 2761 ἀγαθῷ,
2299 2719 2327 2762 ᾧ
2343 2720 2399 2752 καὶ
2413 2719 2531 2761 μᾶλλον

1463 2769 1659 2807 ἠκολούθησε
1669 2793 1677 2809 ,
1691 2769 1745 2799 καὶ
1759 2767 1969 2804 ἀποθανόντος
1985 2769 2088 2809 ἡρῷον
2105 2767 2264 2809 ἱδρύσατο.

1507 2815 1572 2856 (14)
1597 2815 1817 2848 Callimachus
1833 2814 1920 2856 apud
1946 2816 2096 2847 Proetum
2116 2814 2149 2846 in
2180 2817 2287 2847 Parm.
2309 2816 2347 2847 T.
2369 2816 2416 2848 lv
2430 2824 2461 2856 p.
2483 2819 2526 2848 5:

1463 2861 1607 2894 Ἐλεᾶται
1621 2863 1647 2894 δ’
1665 2863 1779 2904 ἄμφω,
1795 2863 1850 2894 καὶ
1867 2862 1905 2894 οὐ
1923 2866 2017 2895 τοῦτο
2035 2862 2142 2904 μόνον,
2164 2862 2243 2894 ἀλλὰ
2262 2863 2316 2894 καὶ
2344 2865 2401 2895 τοῦ
2420 2864 2526 2897 Πυθα-

1462 2913 1592 2951 γορικοῦ
1615 2909 1836 2942 διδασκαλείου
1857 2910 2079 2951 μεταλαὸὁντε.
2107 2909 2308 2942 lamblichus
2334 2910 2401 2942 vit.
2429 2909 2526 2952 Pyth.

1463 2966 1490 2989 s.
1515 2961 1585 2997 166,
1599 2959 1672 2989 267.
1690 2959 1884 2997 Anonymus
1900 2957 2039 2998 scriptor
2051 2958 2118 2990 Vit.
2134 2957 2232 2998 Pyth.
2249 2966 2275 2990 s.
2292 2962 2310 2990 8
2324 2957 2376 2989 ed.
2392 2959 2526 2991 Kuster.

1465 3005 1580 3037 Strabo
1595 3005 1650 3037 lib.
1668 3006 1713 3037 Vl
1729 3004 1787 3036 init.
1803 3014 1811 3036 ε
1827 3005 1868 3037 Οἱ
1882 3004 1915 3036 δὲ
1929 3008 1982 3037 νῦν
1995 3004 2105 3038 Ἐλέαν
2118 3004 2336 3046 ὀνομάζουσιν,
2350 3005 2381 3043 ἐξ
2392 3004 2430 3046 ἧς
2442 3006 2526 3048 Παρ-

1463 3052 1587 3094 μενίδης
1603 3053 1657 3084 καὶ
1676 3052 1784 3091 Ζήνων
1805 3051 1965 3093 ἐγένοντο,
1983 3053 2088 3095 ἄνδρες
2110 3053 2330 3094 Πυθαγόρειοι.

1505 3100 1572 3141 (15)
1589 3100 1693 3132 Cebes
1708 3100 1789 3133 Tab.
1809 3109 1856 3141 pr.
1874 3101 1983 3142 εἈνὴρ
1999 3100 2125 3143 ἔμφρων
2142 3101 2195 3133 καὶ
2207 3101 2306 3139 δεινὸς
2316 3101 2385 3144 περὶ
2400 3101 2526 3143 σοφίαν,

1462 3148 1546 3190 λόγῳ
1563 3149 1595 3181 δὲ
1612 3149 1665 3181 καὶ
1685 3148 1766 3191 ἔργῳ
1782 3148 1998 3191 Πυθαγόρειόν
2014 3161 2083 3182 τινα
2101 3150 2156 3182 καὶ
2173 3150 2398 3192 Παρμενίδειον
2412 3150 2526 3190 ἐζηλω·

1462 3197 1526 3232 κὼς
1548 3196 1631 3238 βίον.

1504 3244 1571 3284 (ιῦ)
1594 3243 1782 3276 Plutarchus
1800 3244 1886 3285 apud
1903 3244 2077 3277 Eusebium
2106 3247 2210 3286 Praep.
2238 3248 2297 3279 Ev.
2315 3247 2374 3286 lp.
2389 3249 2441 3278 23.
2465 3246 2493 3278 C
2516 3258 2525 3278 t
2587 3266 2597 3269 -=

1464 3290 1657 3333 Παρμενίδης
1673 3290 1698 3323 δ’
1714 3292 1732 3323 ὁ
1748 3291 1896 3331 Ἐλεάτης
1906 3317 1915 3333 ,
1937 3294 2058 3334 ἑταῖρος
2074 3293 2286 3336 Ξενοφάνους,
2301 3293 2370 3334 ἅμα
2397 3293 2455 3334 μὲν
2470 3294 2525 3325 καὶ

1461 3342 1524 3370 τῶν
1552 3338 1666 3371 τούτου
1689 3339 1786 3376 δοξῶν
1815 3339 2065 3381 ἀντεποιήσατο,
2085 3341 2152 3382 ἅμα
2169 3342 2200 3374 δὲ
2227 3342 2281 3373 καὶ
2300 3342 2358 3380 τὴν
2384 3340 2525 3373 ἐναντίαν

1461 3385 1680 3428 ἐνεχειρήσατο
1692 3386 1815 3419 στάσιν.
1826 3387 1983 3428 Diogenes
1995 3390 2099 3420 Laert.
2113 3389 2134 3420 Ι.
2147 3398 2188 3421 c.:
2201 3389 2313 3430 Ὅμως
2326 3388 2355 3421 δ’
2363 3387 2418 3421 οὖν
2430 3387 2524 3421 ἀκού-

1462 3445 1520 3471 σας
1539 3434 1593 3466 καὶ
1611 3434 1824 3474 Ξενοφάνους,
1842 3435 1900 3467 οὐκ
1917 3435 2130 3474 ἠκολούθησεν
2150 3437 2248 3477 αὐτῷ.

1506 3482 1573 3523 (17)
1597 3483 1796 3524 speusippus
1811 3492 1864 3523 ap.
1883 3483 1975 3524 Diog.
1992 3486 2096 3516 Laert.
2113 3486 2171 3524 lx,
2191 3488 2244 3524 23;
2261 3483 2425 3517 Plutarch.
2447 3481 2524 3516 adv.
2587 3494 2591 3497 ·

1462 3530 1568 3562 Colot.
1587 3539 1618 3571 p.
1642 3533 1734 3571 11263
1753 3531 1868 3562 Strabo
1886 3531 1913 3563 l.
1932 3540 1962 3564 c.
