2612 3814
45 1448 55 1463 ι

34 1514 61 1535 >⁰3

23 1578 55 1634 ἶ

29 1846 56 1880 «1²5.

30 1895 57 1921 ᾗ

30 1919 62 2011 1}

36 2053 51 2067 ε

28 2078 58 2132 ἐξ

144 2867 210 2911 οὐ.
226 2868 324 2901 Basil.
342 2880 350 2901 ε
369 2866 378 2878 ’

1015 265 1085 304 DE
1113 264 1451 305 ANAXAGORA.

147 356 305 409 denda,
330 356 407 394 alia
434 354 700 408 prominentia
729 367 814 394 esse
838 354 1046 394 videantur
1068 355 1172 406 (14).
1198 372 1212 389 υ

156 416 285 463 Quare
305 416 412 454 Plato
435 414 515 467 (15)
537 415 655 467 Apol.
682 414 791 454 Socr.
817 429 858 467 p.
888 416 937 453 26
959 414 1007 453 de
1034 415 1217 468 pluribus

157 477 398 526 Anaxagorae
415 474 531 514 libris
551 475 746 526 loquitur.

210 535 322 574 Haud
352 533 473 573 dubie
500 534 682 573 diveasus
708 547 730 572 a
757 533 1009 573 Clazomenio
1044 534 1117 572 fuit
1150 534 1219 573 ille

155 595 406 645 Anaxagoras
439 593 551 646 cujus
582 594 631 633 de
668 594 803 644 Regno
848 595 1215 633 commentationem

155 654 246 694 citat
260 654 434 694 AElianus
457 655 538 706 (16)
556 653 650 694 Var.
668 654 765 693 Hist.
781 653 847 701 IV,
875 659 936 699 14.
955 654 1106 693 Etenim
1127 654 1215 692 Cla-

154 714 375 761 zomenius,
393 723 437 752 ut
458 727 578 766 supra
593 713 790 762 vidimus,
812 722 959 752 aetatem
978 713 1055 752 sibi
1079 714 1215 765 procul

153 787 175 812 a
206 772 410 825 republica
455 773 676 812 habendam
720 774 906 812 decrevit.
947 773 1075 819 Quid?
1110 775 1216 824 quod

154 845 336 883 magnum
357 833 528 871 studium
551 834 790 884 multamque
809 846 967 885 operam
986 835 1026 870 in
1050 846 1111 871 res
1138 847 1215 871 non

153 891 270 930 modo
307 891 512 940 difficiles,
553 892 619 931 sed
650 894 767 931 etiam
807 892 994 931 obscuras
1034 893 1214 932 contulit.

152 950 300 1003 Nempe
310 951 358 990 de
377 952 557 990 universi
576 961 682 1002 ortu,
702 953 749 990 de
768 951 850 990 sole
870 960 907 988 et
923 951 1016 988 luna
1034 951 1217 1001 reliquis-

153 1025 230 1063 que
257 1011 456 1051 sideribus
482 1012 699 1064 disputavit
712 1041 723 1059 ,
742 1024 786 1049 ac
806 1011 839 1049 si
856 1010 1009 1050 Platoni
1032 1011 1111 1060 (17)
1133 1024 1214 1048 cre-

152 1071 283 1110 dimus
297 1100 308 1118 ,
325 1072 366 1109 in
385 1072 632 1122 geometricis
652 1083 810 1122 quoque
829 1069 1113 1121 quaestionibus
1127 1083 1214 1108 ver-

153 1139 260 1170 satus
280 1139 351 1171 est.

206 1190 313 1229 ldem
330 1190 484 1243 primus
495 1190 708 1228 Homerum
719 1189 881 1247 heroum
896 1189 993 1228 facta
1007 1203 1216 1241 moresque

151 1250 340 1288 cecinisse
374 1257 502 1296 ratus,
538 1258 582 1287 ut
619 1258 700 1288 tum
740 1249 901 1288 virtutis
937 1259 1019 1287 tum
1050 1249 1215 1300 justitiae

150 1309 330 1361 exempla
348 1308 577 1348 hominibus
595 1317 860 1362 proponeret,
879 1308 1053 1347 carmina
1068 1308 1153 1361 ejus
1173 1311 1213 1348 in

151 1369 315 1407 alienam
355 1368 586 1406 sententiam
622 1367 786 1406 detorsit
823 1376 1037 1418 auctorque
1068 1370 1216 1407 exstitit

151 1428 367 1479 allegoricae
385 1427 718 1480 interpretationis
734 1441 822 1479 quae
841 1426 1128 1479 posterioribus
1150 1442 1216 1466 sae-

151 1488 250 1526 culis
269 1487 451 1527 invaluit.
472 1486 548 1525 Sed
564 1486 645 1539 jam
664 1496 745 1525 tum
771 1486 944 1536 ejusdem
966 1486 1086 1524 studii
1105 1501 1214 1524 com·

151 1549 338 1587 munione
358 1562 446 1586 cum
465 1548 688 1587 Metrodoro
702 1547 970 1600 Lampsaceno
981 1546 1214 1597 conjunctus

126 1616 231 1645 *erat
253 1607 346 1659 (18).
374 1607 504 1654 Quum
536 1607 659 1658 igitur
687 1607 752 1645 vir
774 1607 963 1658 praeclara
993 1606 1216 1645 eruditione

151 1675 266 1718 atque
288 1667 467 1706 doctrina
482 1675 602 1714 esset,
625 1666 728 1705 inter
748 1674 901 1704 veteres
922 1665 1215 1717 Theophrastus

151 1726 199 1764 ‹le
230 1726 462 1777 Anaxagora
489 1734 771 1765 commentatus
806 1734 915 1772 erat,
946 1724 1058 1776 cujus
1088 1732 1215 1762 tamen

151 1784 245 1823 libri
258 1784 344 1836 πρὸς
360 1784 594 1837 Ἀναξαγόραν
610 1794 648 1824 et
665 1785 832 1837 περὶτῶν
847 1782 1081 1837 Ἀναξαγόρου
1100 1783 1215 1822 Laer-

152 1844 206 1881 tio
228 1842 298 1883 lib.
319 1843 365 1891 V,
398 1849 446 1889 42
475 1853 512 1882 et
532 1844 674 1884 Suidae.
695 1858 736 1884 v.
767 1846 902 1897 Θεοφρ.
927 1843 1005 1898 (19)
1045 1849 1217 1882 comme-

151 1903 291 1941 morati
308 1903 386 1952 jam
409 1903 560 1956 pridem
581 1903 880 1942 interciderunt.

193 2110 257 2148 (14)
284 2110 447 2143 Montucla
461 2111 550 2143 msc.
566 2109 676 2143 math.
691 2111 718 2149 Ι,
735 2119 766 2151 ρ.
787 2113 842 2143 10-7
857 2122 865 2143 :
884 2123 898 2138 r«
911 2110 971 2151 Ily
985 2110 1071 2142 avait
1087 2118 1126 2142 en
1144 2109 1220 2142 esset

153 2157 255 2200 parmi
270 2157 316 2190 les
331 2166 490 2197 ouvrages
504 2157 726 2198 d'Anaxagore
742 2166 786 2189 un
799 2157 894 2190 traite
912 2155 1039 2190 intitul&
1055 2169 1062 2189 τ
1077 2159 1219 2190 Actino-

153 2204 306 2246 yraphia
323 2213 366 2237 ou
382 2204 568 2237 radiorum
591 2205 793 2245 descriptio,
818 2204 873 2246 qui
900 2208 950 2238 est
974 2204 1219 2246 probablement

145 2252 236 2285 'celui
254 2252 334 2285 dont
349 2253 438 2293 pzrle
456 2252 655 2285 l’arehitecte
672 2253 766 2285 latin.
787 2266 802 2281 ν

195 2301 256 2341 (15)
280 2300 371 2332 Plato
396 2300 488 2341 Apol.
517 2302 607 2333 socr.
629 2310 660 2342 p.
685 2306 726 2333 26
750 2311 758 2333 z
780 2302 863 2334 ὥστε
883 2302 942 2333 οὐκ
963 2302 1077 2334 εἰδέναι
1104 2301 1151 2333 ὄτι
1180 2300 1219 2333 τὰ

155 2347 358 2390 Ἀναξαγόρου
398 2348 504 2390 βιὸλία
541 2352 597 2381 τοῦ
634 2349 847 2390 Κλαζομενίου
876 2350 966 2391 γέμει
1002 2351 1122 2383 τούτων
1155 2354 1219 2382 τῶν

155 2406 269 2436 λογων.

197 2442 264 2482 (16)
277 2441 422 2475 AElianus
431 2443 510 2474 Van.
522 2442 606 2475 Hist.
617 2443 676 2483 IV,
689 2444 724 2475 14
740 2454 748 2475 2
764 2444 826 2476 Καὶ
835 2443 1039 2486 Ἀναξαγόρας
1052 2444 1082 2475 ἐν
1093 2446 1139 2484 τῷ
1150 2444 1218 2486 περὶ

157 2489 318 2530 βασιλείας
331 2489 420 2532 φησί,
431 2490 567 2531 χαλεπὸν
581 2491 727 2532 χρήματα
736 2492 991 2532 συναγείρασθαι,
1002 2492 1219 2533 χαλεπώτερον

155 2537 188 2568 δὲ
203 2536 341 2577 φυλακὴν
356 2537 476 2574 τούτοις
488 2538 667 2579 περιθεῖναι,
685 2538 737 2571 Cf.
751 2540 876 2580 Menag.
888 2539 929 2570 ad
946 2539 1035 2580 Diog.
1057 2541 1159 2571 Laeti..
1176 2540 1218 2579 ΙΙ,

157 2586 175 2616 7
193 2586 226 2616 et
250 2588 297 2617 15.

199 2635 263 2672 (17)
285 2632 379 2665 Plato
398 2631 543 2664 Amator.
561 2641 594 2673 p.
614 2635 684 2671 132,
699 2635 726 2665 Α
745 2632 996 2675 εἘτυγχανέτην
1011 2632 1064 2665 οὗν
1082 2633 1137 2666 δύο
1157 2637 1220 2666 τῶν

157 2679 327 2722 μειρακίων
350 2678 497 2720 ἐρίζοντε·
525 2680 594 2722 περὶ
619 2680 692 2712 ὅτου
713 2680 765 2720 δέ,
781 2680 818 2721 ού
835 2680 953 2721 σφόδρα
978 2681 1167 2718 κατήκουον.
1191 2683 1218 2714 ἐ·

157 2728 323 2770 φαινέσθην
338 2727 442 2769 μέντοι
456 2727 476 2765 ἢ
493 2728 562 2769 περὶ
575 2726 778 2770 Ἀναξαγόρου
796 2728 816 2767 ἢ
832 2728 902 2770 περὶ
919 2728 1090 2760 Οἰνοπίδου
1101 2728 1218 2769 ἐρίζειν.

157 2775 289 2811 κύκλους
317 2776 392 2814 γοῦν
421 2774 588 2815 γράφοντες
617 2775 797 2815 ἑφαινέσθην
813 2775 867 2807 καὶ
886 2775 1039 2815 ἐγκλίσεις
1055 2775 1139 2812 τινὰς
1156 2776 1222 2817 ἐμι-

159 2825 274 2862 μοῦντο
291 2824 359 2853 τοῖν
375 2824 482 2864 χεροῖν
497 2821 700 2854 ἐπικλίνοντε.
717 2823 850 2854 Procius
866 2822 906 2854 ad
928 2822 1050 2854 Euclid.
1077 2824 1107 2855 11
1130 2831 1160 2864 p.
1183 2826 1221 2856 19

373 2867 570 2911 Αναξαγόρας
585 2869 603 2900 ὁ
622 2869 828 2910 Κλαζομένιος
842 2870 966 2902 πολλῶν
979 2869 1118 2912 ἐφήψατο
1140 2871 1222 2903 κατὰ

158 2915 359 2957 γεωμετρίαν.

202 2957 266 2998 (18)
287 2958 443 2997 Diogenes
467 2957 610 2990 Laertius
627 2957 682 2990 lib.
702 2959 742 2999 Π,
764 2962 795 2991 11
819 2972 826 2992 :
846 2962 940 2992 Δοκεῖ
955 2960 987 2992 δὲ
1011 2964 1133 3002 πρῶτος
1153 2960 1223 3001 (κα·

147 3003 200 3042 ,θά
208 3016 283 3046 φησι
295 3005 478 3047 Φαὸωρῖνος
490 3005 521 3037 ἐν
534 3006 718 3047 παντοδαπῇ
729 3007 862 3049 ἱστορίᾳ)
874 3008 929 3046 τὴν
942 3007 1082 3050 Ὀμήρου
1096 3007 1223 3046 ποίησιν

161 3051 377 3091 ἀποφήνασθαι
396 3052 475 3084 εἶναι
491 3052 560 3093 περὶ
580 3053 689 3095 ἀρετῆς
705 3054 759 3086 καὶ
775 3055 987 3094 δικαιοσύνης·
1002 3056 1052 3088 ἐπὶ
1067 3057 1174 3088 πλεῖον
1191 3057 1223 3089 δὲ

161 3103 331 3140 προστῆναι
343 3103 400 3132 τοῦ
416 3099 511 3141 λόγου
528 3100 738 3144 Μητρόδωρον
750 3102 804 3134 τὸν
821 3102 1051 3144 Λαμψακηνόν.
1067 3103 1224 3144 γνώριμον

162 3145 238 3178 ὂντα
255 3147 370 3188 αὐτοῦ,
388 3147 423 3180 ὃν
438 3148 492 3180 καὶ
509 3151 635 3190 πρῶτον
651 3148 830 3181 σπουδάσαι
845 3152 901 3182 τοῦ
926 3151 1059 3188 ποιητοῦ
1083 3150 1152 3191 περὶ
1167 3150 1224 3189 τὴν

162 3194 295 3234 φυσικὴν
310 3195 536 3237 πραγματείαν.
557 3197 712 3229 'tatianus
724 3198 799 3229 adv,
820 3199 924 3230 Graec.
951 3210 958 3230 ε
975 3198 1039 3230 Καὶ
1056 3198 1223 3240 Μητρόὸω·

146 3283 147 3286 ¹
163 3251 216 3298 ρος
232 3241 266 3274 δὲ
283 3242 301 3274 ὁ
316 3244 535 3285 Λαμψακηνὸς
553 3244 585 3276 ἐν
610 3248 656 3286 τῷ
674 3257 713 3278 π-
716 3246 743 3287 ρὶ
762 3245 927 3288 Ὁμήρου
918 3246 985 3278 Λίαν
1011 3246 1128 3284 ευήθως
1153 3247 1224 3279 διεί-

163 3290 289 3327 λεκται,
305 3290 409 3322 πάντα
430 3291 473 3327 εἰς
490 3292 676 3334 ἀλληγορίαν
699 3293 853 3335 μετάγων.
873 3293 945 3326 οὔτε
963 3293 1022 3335 γὰρ
1035 3294 1135 3336 Ἦραν
1154 3295 1224 3326 οὗτε

164 3333 303 3375 Ἀθηνᾶν,
317 3337 388 3369 οὔτε
403 3338 463 3370 Δία
477 3339 562 3371 τοῦτ’
580 3340 659 3372 εἷναί
675 3352 780 3381 φησιν,
801 3341 877 3384 ὅπερ
893 3343 922 3374 οἱ
947 3341 1019 3378 τοὺς
1043 3341 1224 3383 περιὸὸλους

165 3382 270 3419 αὐτοῖς
286 3384 339 3416 καὶ
360 3386 472 3425 τεμένη
494 3387 735 3429 καθιδρύσαντες
760 3389 939 3430 νομίζουσι,
957 3389 1078 3431 φύσεως
1099 3389 1161 3421 δὲ
1148 3401 1224 3422 υπο-

166 3430 292 3468 στάσεις
305 3431 358 3464 καὶ
373 3433 539 3475 στοιχείων
564 3435 800 3476 διακοσμήσεις.
818 3437 872 3469 καὶ
890 3448 942 3468 τον
958 3437 1098 3479 Ἕκτορα
1124 3437 1156 3469 δὲ
1172 3437 1225 3469 καὶ

166 3488 219 3509 τον
233 3477 372 3519 Ἀχιλλέα
387 3480 504 3520 δηλαδὴ
519 3482 572 3514 καὶ
599 3483 652 3515 τὸν
667 3484 877 3540 Αγαμέμνονα
895 3485 948 3516 καὶ
970 3484 1086 3522 πάντας
1106 3486 1226 3522 ἁπαξα-

144 3526 251 3563 >ἰῑλῶς
267 3526 417 3565 ’Έὶληνάς
434 3539 468 3560 τε
490 3530 543 3561 καὶ
570 3530 742 3572 βαρὸάριυς
758 3532 814 3563 σὺν
835 3536 870 3572 τῇ
888 3533 955 3563 ”·’..έ1)
956 3544 993 3572 νῃ
1020 3544 1071 3564 και
1091 3545 1136 3564 τι)
1161 3533 1225 3565 1Ιοὶ-

2270 279 2346 314 24⁵

1337 354 1544 405 Reliquum
1576 364 1634 394 est
1667 365 1710 394 ut
1744 356 1984 396 Clazomenii
2015 359 2242 412 philosophi
2279 361 2348 400 do·

1279 423 1406 464 gmata
1423 415 1645 454 summatim
1662 428 1868 467 exponam.
1888 417 2093 469 Principia
2107 432 2237 458 rerum
2256 435 2349 473 par-

1279 474 1418 512 ticulas
1452 474 1760 514 innumerabiles
1789 485 1827 514 et
1859 477 2068 515 admodum
2099 492 2241 530 parvas
2263 494 2347 520 esse

1278 533 1395 573 dixit.
1427 535 1498 574 Hae
1521 544 1613 573 sunt
1644 535 1939 574 homoeomeriae
1970 550 2068 587 quas
2094 539 2345 588 Aristoteles,

1281 593 1485 633 Lucretius
1519 595 1666 647 aliique
1702 595 1945 646 Anaxagorae
1989 596 2207 638 ascribunt.
2260 599 2348 650 lpse

1278 667 1409 693 rerum
1442 654 1593 693 semina
1625 654 1835 707 (χρημάτων
1862 654 2068 708 σπέρματα)
2091 658 2306 709 appellavit
2325 672 2346 697 e

1280 713 1427 764 quibus
1449 714 1681 752 universum
1705 723 1747 752 ut
1764 727 1865 765 aqua
1886 727 1908 753 e
1930 715 2049 764 guttis
2067 724 2133 754 aut
2163 729 2303 755 aurum
2325 731 2346 755 e

1277 773 1465 812 ramentis
1486 782 1636 812 constat
1661 773 1752 826 (20).
1776 773 1885 812 Mens
1915 782 2041 812 autem
2069 783 2217 813 motum
2239 776 2348 814 dedit

1280 833 1443 872 immoto
1459 834 1552 871 olim
1568 842 1794 873 cunctarum
1816 847 1948 872 rerum
1966 848 2123 883 acerv0,
2141 835 2349 887 effecitque

1279 901 1322 930 ut
1341 893 1543 944 paullatim
1570 893 1654 932 haec
1682 894 1921 932 universitas
1954 903 2261 934 converteretur.
2292 897 2349 932 Ac

1277 953 1449 1003 primum
1468 953 1627 1003 quidem
1653 952 1702 991 ab
1722 953 1876 1003 exiguis
1897 954 2023 993 initiis
2044 955 2250 993 conversio
2271 969 2350 992 σα·-

1277 1012 1354 1062 pit,
1380 1011 1521 1049 deinde
1543 1012 1675 1063 plures
1695 1013 1869 1051 materiae
1890 1022 2020 1065 partes
2041 1014 2247 1066 complexa
2267 1028 2350 1052 cre-

1277 1070 1348 1116 vit,
1366 1070 1406 1108 in
1420 1080 1614 1121 posterum
1631 1084 1726 1110 vero
1744 1072 1860 1110 etiam
1879 1073 2043 1111 ulterius
2058 1073 2347 1125 progredietur.

1278 1132 1361 1168 Hac
1385 1130 1646 1168 conversione
1663 1144 1685 1168 a
1704 1131 1794 1169 rudi
1815 1141 1852 1170 et
1871 1132 2066 1182 indigesta
2085 1133 2213 1180 mole,
2236 1133 2348 1184 cujus

1276 1198 1406 1240 partes
1442 1189 1667 1228 indiscretae
1702 1199 1740 1228 et
1776 1191 1945 1229 confusae
1985 1192 2154 1239 fuerant,
2193 1193 2350 1243 singula

1278 1248 1515 1300 procedente
1549 1257 1724 1301 tempore
1756 1259 1959 1300 segregata
1988 1260 2093 1290 sunt.
2123 1253 2182 1291 Ita
2206 1252 2346 1290 factum

1276 1316 1350 1355 est,
1381 1317 1423 1346 ut
1448 1321 1469 1346 a
1491 1309 1591 1347 raris
1611 1310 1755 1355 densa,
1779 1322 1801 1347 a
1823 1309 1976 1360 frigidis
1998 1310 2149 1358 calida,
2173 1324 2194 1349 a
2214 1311 2349 1361 caligf-

1276 1368 1386 1405 nosis
1420 1367 1588 1406 illustria
1603 1397 1613 1416 ,
1640 1367 1689 1406 ab
1708 1368 1884 1407 humidis
1905 1370 2008 1407 sicca
2031 1379 2344 1412 semoverentur,

1275 1426 1399 1465 Simul
1426 1427 1482 1465 sol
1505 1436 1543 1465 et
1577 1428 1670 1466 luna
1693 1437 1730 1466 et
1760 1429 1915 1480 reliqua
1947 1430 2077 1468 sidera
2109 1439 2195 1468 orta
2228 1439 2342 1479 sunt,

1276 1495 1391 1537 atque
1411 1500 1479 1526 aer
1498 1496 1536 1525 et
1558 1488 1678 1527 aether
1694 1497 1860 1527 secretas
1878 1489 1989 1528 sedes
2016 1498 2226 1528 tenuerunt
2247 1488 2345 1543 (21).

1330 1546 1523 1585 Nimirum
1546 1547 1666 1586 densa
1683 1557 1720 1586 et
1739 1548 1902 1586 humida
1916 1578 1926 1595 ‚
1953 1549 2096 1599 frigida
2115 1558 2153 1588 et
2177 1549 2348 1589 obscura

1276 1605 1319 1644 in
1342 1606 1567 1645 inferiorem
1590 1607 1718 1645 locum
1750 1617 1984 1658 congregata
2013 1618 2104 1647 sunt
2129 1623 2209 1661 quo
2238 1623 2343 1649 nunc

1277 1674 1379 1703 terra
1398 1674 1456 1703 est
1486 1680 1495 1703 ε
1530 1668 1567 1704 'at
1589 1679 1677 1704 rara
1702 1675 1740 1705 et
1762 1666 1908 1714 caIIda,
1934 1668 2037 1706 sicca
2069 1676 2108 1706 et
2140 1669 2349 1720 splendida

1278 1727 1319 1763 in
1342 1725 1599 1777 longinquam
1621 1726 1776 1764 aetheris
1798 1740 1908 1764 oram
1933 1736 2189 1766 secesserunt.
2226 1728 2348 1766 Deni-

1275 1797 1353 1835 que
1384 1798 1485 1835 aqua
1506 1794 1543 1823 et
1564 1799 1631 1823 aer
1651 1786 1693 1823 in
1725 1786 1854 1824 media
1883 1787 2017 1824 mundi
2039 1787 2201 1837 regione
2223 1787 2349 1825 locata

1278 1853 1370 1883 sunt
1391 1843 1487 1897 (22).
1512 1843 1644 1896 Neque
1673 1854 1801 1883 tamen
1833 1846 1903 1884 illa
1922 1859 2053 1884 rerum
2076 1849 2321 1898 separatione
2337 1877 2346 1894 ,

1277 1913 1461 1956 tanquam
1495 1905 1648 1952 securi,
1677 1905 1803 1943 calida
1834 1918 1857 1943 a
1889 1905 2043 1957 frigidis
2063 1907 2125 1944 vel
2159 1907 2305 1958 frigida
2326 1921 2347 1944 a

1281 2111 1340 2152 ριόι
1365 2115 1420 2149 τῆς
1449 2112 1543 2149 αὐτῆς
1571 2111 1692 2151 φύσεως
1721 2111 1939 2153 ὑπάρχοντας,
1960 2111 2052 2154 χάριν
2078 2112 2262 2155 οἰκονομίας
2281 2113 2349 2145 εἶπε

1279 2160 1511 2200 παρεισῆχθαι,
1539 2159 1662 2195 οὐδενὸς
1690 2159 1776 2196 ὄντος
1807 2163 1871 2191 τῶν
1901 2160 2134 2202 προειρημένων
2163 2160 2349 2202 ἀνθρώπων.

1281 2205 1372 2237 Conf.
1385 2207 1500 2246 Georg.
1514 2206 1653 2246 Syncess.
1667 2206 1786 2238 ebron.
1798 2215 1829 2247 p.
1849 2208 1905 2238 149
1920 2205 1971 2238 ed.
1992 2206 2092 2239 Paris.
2106 2206 2197 2240 Adde
2210 2207 2349 2241 Lobevlt.

1280 2252 1440 2292 Aglaopb.
1462 2261 1491 2293 p.
1517 2255 1575 2284 156
1594 2262 1662 2293 seq.

1324 2301 1390 2340 (19)
1414 2301 1463 2332 Cf.
1482 2300 1626 2340 Simplic.
1648 2301 1679 2332 in
1694 2300 1793 2333 Arist.
1811 2300 1908 2341 Phys.
1933 2300 1986 2333 fol.
2006 2304 2025 2333 6
2043 2299 2082 2341 b;
2100 2303 2152 2334 35:
2170 2300 2204 2333 b.

1324 2347 1390 2387 (20)
1413 2347 1600 2379 Atistoleles
1619 2347 1760 2388 Melaph.
1783 2350 1807 2387 1,
1826 2350 1845 2380 3
1867 2361 1875 2380 :
1892 2347 2093 2390 Ἀναξαγόρας
2107 2348 2141 2380 δὲ
2157 2349 2174 2380 ὁ
2190 2348 2347 2388 Κλαζομέ-

1280 2405 1344 2430 νιος
1360 2396 1398 2429 τῆ
1417 2394 1471 2434 μὲν
1488 2395 1594 2435 ἡλικίᾳ
1610 2395 1756 2436 πρότερος
1774 2395 1818 2427 ὢν
1833 2395 1946 2427 τούτου
1966 2394 2002 2436 [ἰ.
2020 2403 2049 2427 e.
2067 2395 2327 2435 Ἐμπεδοκλέουςῐ
2338 2420 2348 2436 ,

1280 2445 1343 2476 τοῖς
1360 2439 1387 2471 δ’
1401 2441 1501 2483 ἔργοις
1518 2441 1663 2484 ὕστερος,
1685 2442 1830 2484 ἀπείρους
1851 2442 1928 2474 εἶναί
1943 2453 2017 2484 φησι
2031 2441 2086 2478 τὰς
2102 2441 2219 2484 ἀρχάςὸ
2236 2444 2350 2483 σχεδέν

1281 2489 1340 2530 γὰρ
1355 2487 1480 2520 ἅπαντα
1495 2488 1535 2520 τὰ
1552 2490 1725 2532 ὁμοιομερῆ
1738 2514 1747 2530 ,
1765 2489 1904 2531 καθάπερ
1917 2489 2001 2530 ὕδωρ
2017 2490 2036 2529 ἢ
2053 2493 2132 2533 πῦρ,
2150 2489 2234 2522 οὕτω
2246 2489 2351 2530 γίγνε-

1282 2536 1353 2566 σθαι
1381 2535 1435 2567 καὶ
1465 2535 1661 2568 ἀπόλλυσθαί
1686 2548 1761 2577 φησι
1787 2537 1949 2578 συγκρίσει
1977 2537 2031 2569 καὶ
2062 2537 2217 2580 διακρίσει
2242 2537 2349 2578 μόνον·

1281 2582 1381 2618 ἄλλως
1410 2582 1438 2614 δ’
1465 2582 1536 2615 οὔτε
1567 2583 1726 2623 γίγνεσθαι
1751 2582 1817 2616 οὔτ’
1845 2584 2061 2624 ἀπόλλυσθαι,
2090 2584 2170 2617 ἀλλὰ
2194 2585 2350 2624 διαμένειν

1282 2629 1379 2662 ἀΐδια.
1412 2629 1462 2661 Id.
1493 2630 1533 2662 de
1566 2630 1656 2662 Coelo
1688 2633 1747 2671 ῘΙῘ,
1765 2635 1783 2664 3
1811 2645 1819 2664 ε
1851 2632 2053 2674 Ἀναξαγόρας
2086 2631 2113 2664 δ’
2141 2633 2351 2674 Ἐμπεδοκλεῖ

1282 2677 1426 2714 ἐναντίως
1444 2678 1525 2718 λέγει
1545 2679 1613 2720 περὶ
1629 2681 1693 2711 τῶν
1720 2680 1900 2722 στοιχείων.
1930 2681 1947 2712 ὁ
1976 2680 2031 2721 μὲν
2056 2681 2116 2722 γὰρ
2138 2685 2200 2723 πῦρ
2220 2682 2273 2713 καὶ
2291 2685 2349 2720 γῆν

1282 2725 1335 2756 καὶ
1358 2725 1398 2756 τὰ
1421 2725 1577 2766 σύστοιχα
1594 2726 1716 2763 τούτοις
1733 2727 1879 2769 στοιχεῖά
1901 2740 1994 2768 φησιν
2012 2728 2090 2760 εἶναι
2107 2731 2172 2760 τῶν
2188 2727 2350 2769 σωμάτμν

1283 2772 1336 2804 καὶ
1355 2773 1539 2812 συγκεῖσθαι
1555 2773 1647 2805 πάντ’
1665 2773 1702 2805 ἐκ
1725 2774 1859 2815 τούτων,
1877 2775 2080 2817 Ἀναξαγόρας
2105 2775 2138 2808 δὲ
2159 2775 2349 2807 τούναντίον·

1283 2820 1322 2852 τὰ
1337 2820 1398 2862 γὰρ
1414 2822 1586 2862 ὁμοιομερῆ
1600 2824 1743 2862 στοιχεῖα
1770 2822 1864 2862 (λέγω
1887 2823 1914 2854 δ’
1939 2823 2005 2855 οἷον
2024 2823 2129 2864 σάρκα
2156 2823 2210 2854 καὶ
2239 2823 2351 2855 ὀστοῦν

1283 2869 1336 2900 καὶ
1360 2871 1423 2900 τῶν
1446 2869 1597 2901 τοιούτων
1620 2868 1782 2910 ἕκαστον),
1799 2870 1875 2912 ἀέρα
1904 2870 1937 2903 δὲ
1959 2871 2014 2902 καὶ
2034 2874 2095 2911 πῦρ
2116 2874 2216 2912 μῖγμα
2231 2871 2351 2903 τούτων

1283 2916 1336 2948 καὶ
1351 2919 1414 2948 τῶν
1428 2916 1531 2949 ἄλλων
1549 2916 1736 2959 σπερμάτων
1752 2917 1890 2950 πάντων“
1909 2919 1989 2951 εἶναι
2003 2918 2063 2960 γὰρ
2077 2918 2223 2960 ἑκάτερον
2245 2918 2350 2951 αὐτῶν

1284 2964 1315 3001 ἐξ
1328 2963 1469 3006 ἀοράτων
1488 2965 1684 3006 ὁμοιομερῶν
1698 2964 1824 2997 πάντων
1837 2966 2054 3007 ἠθροισμένον.
2074 2967 2251 3006 (Caeterum
2269 2969 2353 2998 Ana·

1285 3019 1421 3051 xagoras
1448 3011 1630 3052 promi-cue
1656 3011 1823 3054 σπέρματα
1848 3013 1897 3045 vel
1927 3013 2078 3056 χρήματα
2104 3014 2155 3045 vel
2183 3013 2351 3055 χρημάτων

1285 3059 1449 3100 σπέρματα
1473 3058 1583 3100 dixit.)
1604 3058 1662 3091 His
1678 3061 1893 3092 consentanea
1917 3061 2012 3092 habet
2037 3060 2226 3093 Aristoteles
2254 3062 2305 3092 eti·
2321 3070 2351 3092 m

1286 3105 1326 3138 de
1346 3107 1462 3138 Gener.
1478 3107 1510 3139 et
1525 3107 1676 3147 corrupt.
1692 3107 1752 3147 1,1
1776 3115 1785 3138 τ
1807 3108 1824 3139 ὁ
1842 3107 1896 3148 μὲν
1921 3107 1982 3149 γὰρ
2007 3107 2048 3139 τὰ
2076 3109 2247 3150 ὁμοιομερῆ
2266 3120 2353 3140 στω-

1286 3155 1358 3193 χεῖα
1371 3151 1505 3194 τίθησιν,
1521 3153 1588 3185 οἷον
1601 3153 1716 3186 ὀστοῦν
1728 3153 1782 3185 καὶ
1796 3154 1899 3196 σάρκα
1914 3154 1968 3186 καὶ
1983 3153 2095 3196 μυελὸν
2108 3155 2161 3186 καὶ
2176 3158 2260 3187 τῶν
2253 3155 2326 3186 ἄλλ(
2330 3167 2352 3185 ν

1286 3200 1330 3232 ὦν
1344 3199 1478 3233 ἑκάστου
1494 3201 1678 3243 συνώνυμον
1703 3202 1739 3233 τὸ
1764 3202 1855 3243 μέρος
1877 3202 1973 3234 ἐστίν.
2003 3202 2053 3234 Cf.
2077 3202 2190 3242 fnagm.
2218 3206 2246 3242 1;
2277 3203 2352 3235 inm

1289 3242 1452 3279 Plutatch.
1468 3247 1509 3280 de
1529 3248 1610 3288 plac.
1631 3248 1952 3289 ph.1,3et1,ucret.
1972 3251 1999 3289 Ι,
2019 3251 2079 3282 830
2096 3258 2168 3290 seq.

1329 3295 1398 3336 (21)
1420 3296 1471 3330 ef.
1488 3297 1598 3337 fragm.
1613 3301 1644 3330 6.

1895 3344 2139 3356 ......

1286 3390 1426 3434 καθάπερ
1443 3391 1502 3433 γὰρ
1516 3391 1552 3424 ἐκ
1565 3395 1628 3424 τῶν
1651 3392 1825 3434 ψηγμάτων
1845 3393 2023 3433 λεγομένων
2047 3392 2101 3424 τὸν
2124 3392 2239 3433 χρυσὸν
2269 3403 2355 3422 συνε-

1288 3437 1400 3470 στάναι
1413 3463 1422 3477 ,
1437 3439 1536 3476 οὕτως
1549 3440 1584 3472 ἐκ
1597 3443 1660 3472 τῶν
1677 3441 1871 3482 ὁμοιτμερῶν
1903 3443 2021 3481 μικρῶν
2047 3439 2205 3479 σωμάτων
2229 3438 2265 3470 τὸ
2293 3442 2354 3470 πᾶν

1288 3485 1525 3526 συγκεκρίσθαι.
1545 3487 1598 3518 καὶ
1617 3490 1693 3518 νοῦν
1707 3487 1761 3528 μὲν
1777 3487 1876 3528 ἀρχὴν
1891 3487 2059 3525 κινήσεως·
2075 3489 2138 3518 τῶν
2152 3486 2184 3518 δὲ
2197 3486 2354 3528 σωμάτων

1289 3534 1328 3565 τὰ
1343 3534 1397 3575 μὲν
1413 3534 1509 3575 βαρέα
1528 3534 1580 3567 τὸν
1597 3534 1686 3566 κάτω
1705 3534 1815 3575 τόπον,
1834 3537 1875 3572 ὡς
1890 3535 1947 3573 τὴν
1964 3538 2034 3576 γῆν·
2059 3534 2099 3566 τὰ
2125 3534 2157 3566 δὲ
2183 3531 2284 3575 κοῦροι
2302 3535 2354 3566 ττζν
