2612 3814
898 307 994 346 LlB.
1028 304 1096 346 DE
1126 306 1369 347 UNIVERSI
1399 308 1630 352 NATURA.

186 402 250 449 τὴν
269 401 370 455 φύσιν
386 402 448 440 οὐκ
466 399 633 444 αὐτοτελῆ
656 395 782 449 ἔχοντα
802 394 1034 447 συνέστηκεν,
1058 395 1137 434 ἀλλ’
1158 395 1233 432 ἔπι-

188 463 239 500 δεῖ
258 464 321 509 τῆς
341 460 424 512 πρὸς
451 457 493 497 τὰ
513 456 609 500 ἐκτὸς
629 455 783 507 ἐχόμενα
812 456 1054 505 συναρμογῆς·
1079 455 1151 499 ζῶα
1171 451 1234 504 μὲν

185 521 271 574 πρὸς
282 518 457 565 ἀναπνοήν
468 547 478 566 ,
493 516 568 569 ὄψις
584 514 619 553 δὲ
633 513 719 567 πρὸς
731 512 771 552 τὸ
785 516 868 567 φῶς,
889 515 925 552 αἱ
945 512 980 551 δὲ
996 512 1100 551 ἄλλαι
1114 511 1234 559 αἰσθή-

187 595 256 624 σεις
275 578 361 632 πρὸς
390 576 429 615 τὸ
459 578 584 614 οἰκεῖον
606 572 791 620 αἰσθητόν·
814 571 858 611 τὰ
891 571 927 610 δὲ
959 571 1051 624 φυτὰ
1076 570 1161 624 πρὸς
1194 571 1234 610 τὸ

186 637 350 690 φύεσθαι·
370 635 467 682 ἥλιος
484 633 518 672 δὲ
541 631 601 672 καὶ
624 630 753 678 σελήνη
785 630 845 670 καὶ
873 631 904 670 οἳ
923 629 1097 677 πλάνητες
1116 627 1177 667 καὶ
1204 631 1234 667 οἱ

187 698 351 739 ἀπλανεῖς
369 692 461 733 κατὰ
486 692 527 732 τὸ
543 691 644 743 μέρος
666 689 728 742 μὲν
748 692 810 736 τῆς
838 692 953 737 κοινῆς
972 686 1236 738 διακοσμήσεως

187 755 291 793 αὐτοῦ
308 769 316 778 ·
341 752 442 796 αὐτὸς
463 751 497 790 δὲ
531 750 617 802 πρὸς
635 751 730 789 οὐδὲν
767 748 902 803 ἕτερον,
929 748 1006 786 ἀλλ’
1029 746 1130 790 αὐτὸς
1149 746 1235 799 πρὸς

188 811 304 852 αὑτόν.
330 813 362 862 S
385 817 421 850 9.
445 807 530 849 Ἔτι
555 809 591 847 δὲ
620 808 680 847 καὶ
703 807 811 850 οὕτως
841 806 1032 858 εὔγνωστον
1065 805 1163 844 ἔσται
1195 804 1236 844 τὸ

185 870 371 922 λεγόμενον
389 868 442 908 ὅτι
460 867 585 916 ἀληθές
610 868 703 905 ἔστι·
723 865 763 904 τό
790 881 827 904 τε
846 865 914 918 γὰρ
933 867 1015 918 πῦρ,
1034 863 1142 916 ἑτέρῳ
1159 866 1231 915 θερ-

188 928 353 979 μαντικὸν
373 927 409 966 ὄν
427 959 436 976 ,
460 926 542 965 αὐτὸ
560 924 594 970 ἐξ
613 926 736 963 ἑαυτοῦ
756 922 881 976 θερμόν
903 924 997 971 ἐστι,
1018 921 1079 961 καὶ
1097 920 1137 960 τὸ
1155 920 1235 970 μέλι

186 986 412 1040 γλυκαντικὸν
431 985 613 1037 γενόμενον
637 982 722 1022 αὐτὸ
742 981 777 1028 ἐξ
794 984 917 1020 ἑαυτοῦ
937 979 1046 1032 γλυκύ
1064 981 1138 1019 ἔστι
1150 1009 1160 1030 ,
1173 977 1233 1017 καὶ

188 1049 224 1085 αἱ
256 1045 364 1100 ἀρχαὶ
395 1047 463 1084 τῶν
485 1042 695 1088 ἀποδείξεων
707 1073 717 1091 ,
749 1043 818 1080 τῶν
849 1041 989 1094 ἀφανῶν
1019 1037 1233 1090 σημαντικαὶ

186 1100 308 1153 οὖσαι,
328 1104 431 1143 αὐταὶ
451 1103 484 1149 ἐξ
502 1104 632 1141 ἑαυτῶν
649 1103 812 1154 ἐμφανεῖς
826 1115 862 1138 τε
881 1099 942 1138 καὶ
960 1097 1116 1150 γνωσταί
1129 1098 1231 1135 εἰσιν·

186 1164 294 1208 οὕτως
306 1157 363 1203 οῧν
381 1162 440 1203 καὶ
458 1162 498 1201 τὸ
513 1167 581 1205 τοῖς
599 1161 717 1204 ἄλλοις
731 1159 839 1198 αἴτιον
854 1157 1035 1210 γινόμενον
1051 1159 1113 1204 τῆς
1129 1157 1233 1195 αὖτο-

186 1222 320 1267 τελείας
352 1221 438 1260 αὐτὸ
467 1220 502 1266 ἐξ
530 1222 655 1258 ἑαυτοῦ
687 1216 873 1262 αὖτοτελές
887 1218 980 1265 ἔστι,
1009 1215 1069 1255 καὶ
1093 1214 1132 1254 τὸ
1162 1217 1234 1259 τοῖς

187 1282 304 1325 ἄλλοις
334 1280 444 1320 αἴτιον
467 1278 644 1332 γινόμενον
683 1279 746 1325 τῆς
775 1275 949 1329 σωτηρίας
972 1274 1032 1314 καὶ
1064 1275 1232 1323 διαμονῆς

189 1339 274 1379 αὐτὸ
297 1338 331 1384 ἐξ
354 1341 477 1376 ἑαυτοῦ
500 1337 695 1387 σωζόμενον
723 1335 784 1374 καὶ
806 1333 967 1386 διαμένον
986 1332 1080 1382 ἔστί,
1100 1332 1161 1371 καὶ
1192 1332 1233 1372 τὸ

185 1399 256 1442 τοῖς
283 1397 400 1441 ἄλλοις
418 1397 527 1435 αἴτιον
556 1395 735 1446 γινόμενον
754 1397 815 1442 τῆς
835 1395 1057 1446 συναρμογῆς
1079 1392 1163 1431 αὐτὸ
1195 1391 1230 1437 ἐξ

186 1458 312 1496 ἑαυτοῦ
334 1454 619 1508 συνηρμοσμένον
645 1452 753 1493 ἐστίν.
809 1451 855 1492 Ὁ
881 1452 919 1491 δέ
944 1467 983 1502 γε
1014 1450 1145 1502 κόσμος
1172 1449 1229 1488 αἴ-

184 1515 255 1560 τιός
270 1517 344 1555 ἐστι
361 1514 431 1558 τοῖς
449 1513 566 1556 ἄλλοις
581 1511 640 1551 καὶ
658 1515 718 1550 τοῦ
733 1504 820 1551 εἶναι
835 1510 895 1550 καὶ
907 1514 967 1549 τοῦ
986 1509 1157 1555 σώζεσθαι
1171 1508 1231 1548 καὶ

186 1578 247 1614 τοῦ
274 1573 443 1619 αὐτοτελῆ
473 1565 582 1609 εἶναι·
602 1569 704 1613 αὐτὸς
735 1569 803 1623 ἄρα
825 1568 858 1614 ἐξ
885 1571 1007 1607 ἑαυτοῦ
1030 1564 1136 1611 ἀΐδιός
1157 1569 1230 1606 ἐστι

186 1631 247 1670 καὶ
266 1630 454 1678 αὐτοτελής
465 1660 474 1678 ,
489 1628 552 1668 καὶ
569 1628 740 1680 διαμένων
754 1628 812 1668 τὸν
830 1627 946 1667 πάντα
963 1628 1096 1678 αἰῶνα,
1112 1625 1172 1665 καὶ
1190 1625 1232 1664 δι’

188 1689 272 1730 αὐτὸ
291 1694 392 1729 τοῦτο
410 1689 480 1732 τοῖς
501 1689 619 1732 ἄλλοις
634 1687 818 1740 παραίτιος
838 1686 1016 1739 γινόμενος
1028 1688 1091 1733 τῆς
1111 1686 1234 1735 διαμο-

186 1751 261 1795 νῆς.
290 1750 311 1798 S
335 1756 392 1788 to.
408 1746 536 1791 ῗΌλως
556 1745 592 1784 δὲ
607 1748 636 1785 εἷ
655 1746 716 1784 καὶ
735 1745 913 1785 διαλύεται
932 1744 972 1783 τὸ
991 1750 1079 1793 πᾶν,
1096 1743 1173 1791 ἤτοι
1188 1744 1235 1787 εἷς

186 1806 227 1845 τὸ
246 1804 283 1844 ὃν
300 1805 322 1852 ἢ
344 1807 390 1849 εἷς
410 1805 449 1843 τὸ
474 1805 524 1855 μὴ
552 1802 588 1843 ὂν
611 1803 874 1852 διαλυθήσεται·
892 1803 952 1842 καὶ
969 1804 1017 1846 εἷς
1047 1801 1110 1854 μὲν
1124 1803 1162 1840 τὸ
1179 1801 1231 1851 ὄν,

188 1863 357 1902 ἀδύνατον
373 1879 381 1887 ·
395 1864 433 1902 οὗ
452 1862 519 1915 γὰρ
541 1864 638 1903 ἔσται
657 1866 719 1902 τοῦ
746 1862 874 1907 παντὸς
894 1861 1026 1915 φθορά,
1047 1860 1106 1900 ἐὰν
1128 1863 1175 1904 εἷς
1193 1859 1233 1899 τὸ

188 1922 225 1961 ὂν
243 1922 431 1970 διαλύηται
446 1939 453 1947 ·
475 1923 513 1961 τὸ
533 1922 602 1975 γὰρ
621 1920 657 1961 ὂν
677 1921 756 1970 ἤτοι
774 1922 815 1962 τὸ
843 1927 914 1960 πᾶν
935 1920 959 1969 ἢ
979 1921 1081 1974 μέρος
1108 1919 1142 1959 τί
1161 1923 1233 1960 ἔστι

185 1985 246 2019 τοῦ
266 1980 413 2024 παντός·
435 1980 494 2019 καὶ
516 1981 584 2032 μὴν
601 1980 678 2019 οὖδὲ
693 1982 740 2024 εἷς
759 1980 798 2019 τὸ
815 1979 863 2030 μὴ
880 1979 938 2028 ὅν,
956 1978 1140 2031 ἀμήχανον
1165 1977 1233 2031 γὰρ

185 2146 236 2178 καὶ
267 2145 363 2186 legit,
394 2144 481 2185 quod
515 2145 545 2176 in
573 2140 762 2176 contextum
788 2142 1006 2184 recipiendum
1033 2140 1229 2173 existimavi.

224 2190 387 2231 πλάνητες]
408 2190 502 2222 codd.
528 2191 618 2222 Parr.
645 2190 781 2229 calens,
814 2188 1029 2229 Dargensius,
1050 2187 1229 2220 Battaesius.

185 2239 226 2270 At
243 2238 413 2270 Vizzanius
428 2239 459 2269 et
473 2237 695 2269 commelinus
706 2237 870 2274 πλανῆται.

225 2287 254 2317 οἱ
270 2283 426 2325 ἀπλανεῖς]
443 2283 536 2315 codd.
556 2285 621 2316 tres
636 2285 741 2323 Parr.;
759 2284 787 2314 οἱ
802 2286 849 2320 est
863 2281 1020 2314 inclusum
1034 2281 1119 2323 apud
1138 2281 1233 2313 Com-

185 2330 259 2363 mel.
279 2330 348 2363 Gal.
366 2331 518 2369 Dargens.

225 2377 307 2410 κατὰ
329 2377 364 2408 τὸ
390 2376 491 2418 μέρος]
517 2377 568 2408 lta
589 2376 688 2410 codd.
719 2378 809 2409 Parr.
830 2377 868 2408 A.
895 2377 926 2407 el.
944 2376 1000 2414 C.;
1020 2375 1056 2407 τὸ
1076 2374 1232 2407 omittitur

184 2423 216 2454 in
230 2423 300 2454 cod.
316 2423 350 2454 B.
373 2426 468 2461 atque
493 2422 524 2453 in
545 2421 617 2453 cod.
637 2422 710 2454 Vat.
732 2423 812 2454 teste
833 2420 1064 2454 Siebenkeesio.

225 2471 279 2507 τῆς
295 2471 397 2505 κοινῆς
416 2467 668 2509 διακοσμήσεως]
693 2467 766 2500 cod.
793 2469 866 2500 Par.
894 2469 932 2499 A.
951 2469 982 2499 et
999 2468 1052 2507 C.;
1079 2466 1111 2498 in
1129 2468 1231 2507 poste-

186 2514 268 2547 riore
292 2514 436 2554 sequitur
457 2514 554 2546 αὐτοῦ
575 2514 608 2546 δὲ
633 2514 708 2556 πρὸς
733 2514 851 2547 omisso
880 2513 986 2551 αὐτός.
1030 2515 1067 2546 In
1093 2512 1164 2545 cod.
1194 2514 1231 2545 B.

674 2572 696 2593 α

185 2603 291 2636 exstat
303 2605 358 2640 τῆς
387 2602 625 2642 διακοσμήσεως
649 2605 754 2640 κοινῆς
770 2571 865 2634 ‹azotos›
880 2614 887 2634 ι
902 2601 977 2634 sunt
992 2601 1099 2633 autem
1115 2600 1231 2633 litterae

185 2661 219 2690 α,
233 2649 263 2691 β,
283 2660 303 2688 γ
325 2648 442 2689 quibus
465 2648 544 2680 ordo
560 2648 733 2680 verborum
749 2647 919 2686 indicatur,
945 2647 1070 2679 rubrica
1090 2647 1229 2688 scriptae.

186 2696 365 2729 Lectionem
390 2698 460 2727 Par.
485 2698 522 2728 A.
553 2696 708 2736 praeterea
733 2694 886 2727 exhibent
903 2693 997 2727 codd.
1020 2695 1109 2726 Vatt.
1135 2697 1232 2734 atque

185 2742 258 2775 edd.
273 2745 392 2775 Lovan.
413 2742 539 2774 vizzau.
555 2744 638 2774 Batt.
659 2741 757 2782 Rud.;
773 2745 875 2780 κοινῆς
888 2741 976 2774 deest
989 2741 1022 2773 in
1031 2742 1155 2774 Veneta
1169 2743 1232 2774 No-

185 2789 322 2832 garolae3
353 2792 546 2831 quapropter
570 2790 691 2822 inclusa
708 2792 756 2822 est
772 2789 843 2822 haec
870 2797 933 2822 vox
961 2789 1046 2830 apud
1072 2789 1231 2821 Commel.

185 2837 257 2871 Gal.
280 2839 435 2878 Dargens.

227 2886 317 2922 αὐτὸς
340 2886 371 2918 δὲ
385 2885 471 2927 πρὸς]
494 2885 566 2917 cod.
595 2887 666 2918 Par.
698 2886 750 2925 C.;
777 2884 969 2917 omittuntur
994 2884 1064 2917 haec
1087 2884 1184 2917 verba
1200 2885 1231 2916 in

187 2933 261 2966 Par.
282 2935 319 2966 Α.
363 2935 400 2966 In
419 2934 490 2965 cod.
512 2934 547 2965 B.
567 2932 701 2973 margini
718 2933 858 2964 secunda
875 2941 971 2964 manu
990 2932 1142 2973 inscripta
1158 2933 1233 2964 sunt

186 2979 285 3013 verba
300 2980 390 3016 αὐτὸς
406 2980 470 3021 μὲν.

227 3027 294 3059 ἀλλ’
318 3027 408 3063 αὐτὸς
440 3027 516 3068 πρὸς
546 3026 654 3068 αὑτὸν]
681 3026 754 3058 cod.
775 3029 850 3058 vat.
883 3027 965 3059 teste
989 3024 1232 3066 Siebenkeesio;

189 3073 284 3106 codd.
304 3077 367 3106 tres
385 3074 575 3106 parisienses
584 3073 701 3106 liabent
716 3073 781 3105 ἀλλ’
795 3074 885 3110 αὐτὸς
903 3074 976 3115 πρὸς
987 3072 1091 3106 αὐτόν.
1114 3072 1232 3104 Eadem

188 3119 282 3153 lectio
301 3122 464 3161 comparet
482 3122 515 3153 in
531 3121 604 3153 edd.
618 3122 736 3153 Lovan.
747 3122 779 3153 et
795 3118 931 3154 ⁴Vizzan.
976 3121 1060 3153 Male
1073 3120 1233 3160 Nogarola

189 3166 266 3198 ἀλλὰ
281 3167 356 3209 πρὸς
377 3167 482 3198 αὐτοῦ.
525 3168 636 3208 Inepte
662 3167 829 3200 Baltaesius
846 3180 853 3200 :
871 3168 961 3204 αὐτὸς
984 3168 1016 3199 δὲ
1044 3167 1119 3208 πρὸς
1147 3166 1233 3198 οὐδὲν

189 3213 305 3254 ἔτερον,
322 3213 400 3245 ἀλλὰ
412 3214 550 3250 αὐτὸςδὲ
565 3214 638 3256 πρὸς
661 3215 756 3246 αὐτοῦ
774 3215 834 3247 hac
851 3214 1055 3247 adnotatione
1081 3213 1205 3252 adjecta
1224 3226 1231 3246 :

193 3271 209 3287 ιι
225 3258 255 3291 le
267 3261 444 3292 manuscrit
461 3260 503 3291 du
520 3260 577 3292 Roi
599 3269 649 3294 nr.
676 3264 756 3294 1928
779 3263 866 3294 ornet
887 3262 978 3297 αὐτὸς
996 3261 1039 3300 δὲ,
1060 3262 1092 3292 et
1106 3260 1235 3300 l'ajoute

189 3307 282 3348 apres
298 3307 385 3339 ἀλλά.
403 3320 418 3335 υ
443 3307 504 3340 Sed
518 3308 692 3342 oscitanter
708 3309 853 3342 codicem
869 3308 1017 3350 inspexit.
1041 3308 1234 3350 Rudolplius

190 3354 352 3396 exemplar
369 3355 440 3387 Vat.
460 3357 590 3388 secutus
606 3358 664 3388 est.

232 3400 251 3441 ᾗ
267 3405 298 3433 9.
317 3401 392 3433 αὐτὸ
406 3402 436 3439 ἐξ
452 3402 563 3434 ἑαυτοῦ
581 3402 690 3444 θερμόν
703 3404 735 3436 et
755 3403 850 3444 paulo
875 3404 947 3444 post
963 3402 1038 3435 αὐτὸ
1065 3402 1095 3439 ἐξ
1123 3402 1234 3433 ἑαυτοῦ

189 3447 299 3488 γλυκύ]
314 3449 364 3479 lta
389 3457 502 3480 omnes
521 3448 615 3480 codd.
645 3451 715 3482 Par.
733 3453 765 3482 et
785 3452 869 3482 Vatt.
887 3452 983 3490 atque
1010 3449 1083 3481 edd.
1110 3451 1232 3481 Lovan.

190 3494 321 3527 Yizzan.
338 3496 421 3527 Batt.
466 3495 526 3528 Sed
540 3495 615 3528 αὐτὸ
628 3496 658 3533 ἐξ
671 3497 766 3529 αὐτοῦ
778 3499 857 3538 Nog.
872 3496 1025 3529 Commel.
1040 3495 1109 3528 Gal.
1125 3496 1235 3528 Priore

190 3538 259 3572 loco
268 3541 351 3582 apud
370 3543 575 3583 Dan-gensiuin
584 3540 615 3576 et
622 3544 878 3577 Rolermundum
889 3545 964 3577 αὐτὸ
981 3544 1011 3581 ἐξ
1024 3543 1230 3576 desideratur.

2263 322 2334 356 391

1295 396 1377 427 Nam
1405 395 1529 437 reliqua
1561 397 1669 429 omnia
1693 397 1739 430 ita
1768 402 1843 431 sunt
1863 400 2061 441 composita,
2083 404 2119 433 ιιι
2141 403 2256 434 natura
2278 413 2343 436 non

1295 451 1433 491 perfecta
1448 451 1582 492 praedita
1604 451 1687 492 siut,
1706 452 1761 484 sed
1785 455 1898 493 egeant
1921 454 2058 494 quadam
2073 463 2145 487 cum
2166 457 2261 490 rebus
2284 467 2343 490 ex-

1294 506 1395 539 ternis
1412 506 1513 548 iisque
1527 507 1681 548 proximis
1694 508 1938 549 conjunctione,
1957 510 2106 542 animalia
2122 511 2252 551 quidem
2269 522 2342 545 cum

1294 561 1407 601 spiritu
1425 571 1521 603 quem
1539 561 1579 594 de
1599 562 1679 594 coelo
1699 563 1847 603 ducunt,
1865 564 1949 596 oculi
1971 573 2046 595 cum
2076 564 2212 605 lumine,
2234 567 2344 600 caeteri

1294 622 1407 647 sensus
1423 622 1497 646 cum
1510 623 1543 646 re
1561 615 1591 646 et
1612 623 1647 646 ea
1661 614 1791 655 quidem
1810 615 1937 656 propria
1952 624 2025 656 quae
2041 616 2212 658 unicuique
2230 626 2342 651 eorum

1295 665 1477 706 subjicitur,
1498 666 1615 707 plantae
1643 675 1716 698 cum
1742 666 1930 699 incrementi
1947 667 2078 700 causis:
2110 668 2157 700 sol
2183 669 2341 710 denique,

1296 719 1370 751 luna
1389 722 1421 752 et
1437 719 1538 753 steuae
1560 722 1627 752 tam
1644 727 1733 760 vagae
1752 728 1848 761 quam
1871 719 2049 752 inerrantes
2065 724 2100 753 ut
2120 723 2226 761 partes
2253 731 2343 755 com-

1296 773 1402 805 munis
1421 782 1527 806 rerum
1554 774 1716 814 compagis
1746 773 1816 814 ipso
1840 773 1960 806 mundo
1980 775 2091 815 egent,
2118 775 2173 807 sed
2200 777 2344 809 mundus

1295 834 1370 857 cum
1394 825 1480 858 nulla
1496 825 1557 857 alia
1575 834 1628 866 re,
1645 834 1742 866 quam
1758 834 1832 858 cum
1852 834 1886 858 se
1901 825 1972 867 ip'so
1996 827 2189 866 conjunctus
2211 828 2343 869 copula-

1295 880 1412 918 tusque
1428 878 1487 910 est.
1506 877 1525 919 ς
1542 881 1575 910 9.
1591 879 1751 910 Praeterea
1770 886 1812 910 ex
1831 877 1882 910 his
1901 878 1993 911 facile
2013 877 2144 920 intelligi
2177 881 2293 920 poterit
2309 880 2341 912 id

1295 941 1364 965 esse
1380 941 1492 965 verum
1507 932 1594 974 quod
1611 932 1767 973 dicimus;
1786 941 1861 964 nam
1875 935 1907 965 et
1931 932 2014 973 ignis
2031 941 2132 973 quum
2152 932 2223 965 aliis
2247 933 2344 965 rebus

1297 984 1458 1026 impertire
1480 985 1618 1017 calorem
1638 987 1755 1025 queat,
1776 984 1845 1025 ipse
1873 993 1928 1026 per
1944 993 1979 1017 se
1998 984 2120 1016 calidus
2136 985 2206 1026 est,
2225 987 2257 1017 et
2279 985 2343 1017 mel

1296 1047 1397 1079 quum
1428 1037 1467 1070 ad
1502 1046 1594 1070 suam
1623 1037 1828 1070 dulcedinem
1856 1037 1927 1070 aliis
1949 1037 2182 1070 conciliandam
2218 1037 2343 1078 valeat,

1296 1093 1409 1131 suapte
1422 1091 1537 1122 natura
1557 1089 1651 1122 dulce
1667 1091 1733 1129 est,
1754 1090 1786 1122 et
1802 1089 2117 1122 demonstrationum
2131 1097 2255 1129 causae,
2271 1089 2343 1130 qui-

1297 1141 1355 1173 bus
1375 1149 1426 1172 res
1443 1140 1580 1172 occultae
1599 1139 1814 1179 declarantur,
1831 1140 1910 1181 ipsae
1931 1149 1985 1180 per
2001 1149 2034 1172 se
2052 1140 2231 1180 perspicuae
2247 1142 2344 1181 atque

1296 1193 1440 1226 omnium
1465 1192 1573 1233 captui
1597 1192 1852 1225 accommodatae
1881 1193 1956 1224 sunt
1986 1205 1994 1224 :
2020 1191 2171 1224 similiter
2200 1193 2232 1225 id
2258 1192 2345 1234 quod

1296 1245 1368 1277 aliis
1386 1244 1615 1287 perlectionem
1632 1243 1721 1276 addit
1747 1252 1803 1276 sua
1827 1244 1860 1275 vi
1877 1244 2054 1285 perrectum
2074 1245 2116 1276 sit
2136 1253 2266 1277 necesse
2284 1247 2343 1283 ast.

1295 1300 1328 1332 et
1349 1297 1435 1339 qnod
1456 1300 1488 1330 in
1514 1306 1613 1330 causa
1632 1298 1702 1337 est,
1731 1297 1768 1329 ut
1788 1297 1850 1329 alia
1878 1298 2045 1330 serventur
2063 1299 2096 1330 et
2119 1298 2343 1338 permaneant,

1296 1354 1400 1393 ipsum
1420 1360 1478 1384 sua
1495 1353 1608 1392 sponte
1627 1351 1752 1382 salvum
1775 1359 1812 1382 ac
1831 1359 2024 1391 permanens
2040 1354 2108 1390 est,
2127 1352 2159 1383 et
2174 1349 2262 1391 quod
2275 1350 2346 1383 aliis

1296 1404 1393 1436 rebus
1406 1404 1513 1444 aptam
1537 1401 1797 1443 conjunctionem
1814 1401 1937 1443 praebet
1949 1426 1957 1442 ,
1971 1410 2031 1434 sua
2049 1404 2165 1434 natura
2190 1403 2263 1442 apte
2274 1403 2345 1443 jun-

1296 1458 1386 1488 ctum
1419 1456 1461 1488 sit
1478 1456 1615 1496 oportet.
1659 1453 1802 1487 Mundus
1825 1455 1933 1487 autem
1959 1454 1994 1486 in
2012 1463 2110 1487 causa
2128 1457 2194 1496 est,
2222 1457 2256 1487 ut
2283 1455 2345 1487 alia

1296 1519 1362 1542 non
1385 1508 1483 1541 modo
1504 1508 1585 1549 sint,
1607 1516 1721 1540 verum
1736 1507 1833 1540 etiam
1861 1508 2030 1540 serventur
2055 1508 2346 1549 perfectionemque

1297 1563 1438 1596 habeant
1455 1572 1464 1592 t
1485 1562 1554 1603 ipse
1566 1561 1662 1602 igitur
1679 1569 1739 1594 sua
1755 1560 1788 1593 vi
1816 1561 2029 1603 sempiternus
2049 1561 2275 1602 perfectusque
2297 1563 2346 1594 est

1295 1618 1483 1657 aeternoque
1498 1622 1689 1655 permanens
1715 1614 1861 1654 tempore
1874 1637 1885 1653 ‚
1913 1615 2011 1654 atque
2027 1613 2070 1646 ob
2095 1622 2166 1647 eam
2187 1614 2345 1646 rationem

1294 1668 1430 1701 aliorum
1460 1665 1681 1708 perpetuitatis
1708 1668 1818 1697 auctor
1850 1674 1920 1698 esse
1948 1665 2125 1699 censendus
2154 1667 2213 1698 est.
2245 1665 2264 1708 §
2294 1668 2343 1699 10.

1297 1722 1438 1755 Omnino
1459 1722 1567 1752 autem
1587 1720 1612 1751 si
1630 1718 1763 1751 intereat
1779 1718 1982 1758 universum,
2001 1722 2057 1751 aut
2072 1719 2103 1751 in
2122 1719 2153 1751 id
2170 1719 2258 1761 quod
2274 1721 2342 1760 est,

1295 1775 1352 1807 aut
1373 1774 1405 1806 in
1427 1772 1459 1805 id
1477 1771 1563 1813 quod
1583 1780 1648 1803 non
1665 1772 1713 1803 est
1739 1771 1865 1811 oportet
1887 1770 2094 1803 dissolvatur.
2138 1773 2179 1803 At
2199 1771 2267 1804 fieri
2287 1781 2343 1804 ne-

1295 1828 1384 1869 quit,
1400 1829 1435 1859 ut
1451 1826 1483 1858 iu
1500 1825 1530 1857 id
1549 1824 1633 1865 quod
1647 1825 1694 1856 est
1709 1823 1916 1864 dissolvatur,
1936 1833 2040 1865 neque
2054 1825 2138 1856 enim
2157 1825 2344 1857 universita-

1295 1881 1336 1913 tis
1361 1879 1422 1912 erit
1444 1877 1610 1916 interitus,
1633 1875 1687 1908 ubi
1707 1876 1739 1908 in
1765 1875 1797 1907 id
1816 1875 1904 1915 quod
1919 1878 1968 1907 est
1986 1876 2069 1907 l'acta
2092 1876 2187 1908 suerit
2205 1875 2345 1909 dissolu-
2369 1900 2377 1905 .

1295 1934 1361 1972 tio,
1387 1930 1546 1972 siquidem
1570 1928 1603 1961 id
1626 1928 1712 1969 quod
1736 1929 1785 1960 est
1817 1929 1874 1959 aut
1907 1927 2092 1960 universum
2112 1929 2168 1960 aut
2205 1928 2345 1961 universi

1295 1994 1368 2028 pars
1388 1985 1449 2016 est.
1471 1984 1582 2023 Neque
1604 1989 1681 2013 vero
1698 1979 1737 2011 ad
1757 1979 1891 2012 nihilum
1910 1979 2045 2020 recidet,
2069 1988 2170 2020 quum
2194 1979 2260 2012 lieri
2279 1989 2344 2012 non

1336 2137 1490 2179 ἐμφανεῖς]
1510 2135 1604 2168 codd.
1628 2137 1717 2167 Vatt.
1742 2134 1774 2166 et
1789 2135 1854 2166 tres
1879 2133 2082 2166 parisienses.
2128 2133 2216 2165 Idem
2230 2134 2346 2174 legitur

1294 2184 1324 2216 iu
1343 2184 1415 2216 edd.
1437 2186 1560 2217 Comm.
1580 2185 1698 2215 Lovan.
1713 2181 1800 2213 Vizz.
1822 2182 1918 2222 atque
1931 2181 2009 2213 aliis.
2057 2182 2174 2213 Contra
2188 2183 2344 2223 Nogarola

1294 2233 1326 2264 et
1349 2231 1472 2263 Patric.
1499 2231 1583 2264 Disc.
1599 2228 1701 2269 Pei-ip.
1717 2230 1754 2261 T.
1775 2229 1818 2260 11.
1837 2230 1872 2261 L.
1890 2230 1915 2263 Ι,
1936 2237 1966 2268 p.
1989 2232 2045 2261 193
2060 2227 2231 2268 vulgarunt
2249 2230 2344 2272 ἐκφα-

1293 2282 1367 2316 νεῖς,
1386 2278 1472 2319 quod
1490 2277 1627 2310 eundem
1645 2283 1744 2316 prope
1760 2283 1890 2307 sensum
1907 2274 2016 2307 habet.

1335 2325 1487 2367 γνωσταὶ]
1500 2323 1621 2356 correxi
1649 2332 1706 2363 pro
1720 2331 1759 2354 eo
1773 2322 1859 2363 quod
1874 2322 1906 2354 in
1922 2322 2015 2354 codd.
2031 2322 2080 2354 cst
2093 2324 2280 2363 γνωστικαί.

1336 2373 1433 2409 οὕτως
1452 2371 1506 2404 οὖν
1520 2371 1572 2403 καὶ
1591 2371 1627 2402 τὸ
1647 2373 1713 2406 τοῖς
1735 2369 1836 2406 ἄλλοις
1855 2369 1953 2401 αἴτιον
1974 2369 2147 2411 γινόμενον]
2167 2371 2239 2404 eod.
2269 2374 2341 2404 Par.

1295 2422 1347 2461 C.;
1365 2424 1396 2451 at
1412 2419 1445 2452 in
1474 2419 1551 2452 cod.
1578 2419 1616 2450 A.
1640 2416 1753 2457 legitur
1771 2417 1867 2453 οὕτως
1887 2415 1940 2448 οὖν
1960 2417 2012 2448 καὶ
2037 2420 2103 2454 τοῖς
2126 2418 2229 2455 ἄλλοις
2245 2419 2344 2452 αἴτιόν

1292 2479 1321 2499 τι
1334 2467 1513 2507 γιγνόμενον
1529 2466 1647 2498 omisso
1666 2465 1701 2495 τὸ
1717 2464 1749 2496 et
1763 2463 1880 2495 inserto
1895 2474 1924 2494 τι
1938 2464 1969 2495 et
1984 2463 2016 2494 in
2033 2463 2105 2496 cod.
2119 2464 2152 2495 B.
2173 2465 2269 2502 οὕτως
2290 2465 2344 2498 οὗν

1294 2515 1347 2545 καὶ
1365 2515 1401 2546 τὸ
1417 2517 1480 2550 τοῖς
1501 2513 1601 2548 ἄλλοις
1614 2510 1774 2552 γινόμενον
1791 2510 1908 2541 omisso
1926 2509 2036 2541 αἴτιον.
2081 2511 2254 2545 Battaesius
2272 2521 2342 2554 per-

1294 2569 1403 2601 peram
1423 2559 1542 2592 codicis
1562 2561 1598 2591 A.
1616 2558 1809 2598 scripturam
1823 2556 2022 2597 approbavit.

1335 2607 1434 2639 αἷτιον
1450 2606 1609 2647 γινόμενον
1628 2608 1682 2642 τῆς
1696 2603 1863 2645 σωτηρίας]
1881 2603 1952 2635 cod.
1970 2605 2040 2636 Par·
2057 2603 2108 2642 C.;
2125 2604 2158 2636 at
2171 2604 2203 2636 in
2213 2605 2286 2637 cod.
2305 2610 2341 2638 A.

1293 2657 1400 2686 exstat
1414 2654 1593 2694 γιγνόμενον
1607 2652 1705 2684 α’ίτιον
1715 2663 1743 2683 τ.
1761 2662 1793 2683 σ.
1839 2653 1876 2683 lu
1890 2650 1962 2683 cod.
1981 2652 2017 2683 Β.
2033 2648 2233 2684 desideratur
2246 2653 2343 2686 αἴτιον

1293 2703 1330 2732 ιιι
1346 2700 1378 2732 in
1401 2699 1496 2732 codd.
1514 2701 1601 2731 Vatt.
1618 2699 1701 2731 teste
1723 2698 1887 2730 Vizzanio.

1334 2747 1409 2779 αὐτὸ
1426 2747 1455 2783 ἐξ
1475 2747 1586 2778 ἑαυτοῦ
1609 2745 1860 2786 συνηρμοσμένον
1880 2744 1976 2786 ἐστίν]
1998 2746 2047 2777 lta
2067 2745 2162 2778 codd.
2192 2749 2279 2779 Parr.
2302 2751 2339 2781 A.

1293 2797 1326 2826 et
1348 2795 1450 2835 B.;.in
1466 2793 1538 2825 cod.
1568 2794 1606 2825 C.
1628 2792 1729 2824 verba
1752 2792 1782 2829 ἐξ
1798 2792 1910 2824 ἑαυτοῦ
1927 2792 2058 2832 margini
2086 2793 2226 2826 secunda
2245 2804 2341 2828 manu

1295 2841 1446 2882 inscripta
1468 2842 1552 2872 sunt.

1335 2887 1430 2923 αἷτιὸς
1444 2886 1509 2919 ἐστι
1520 2888 1582 2922 τοῖς
1593 2885 1694 2922 ἄλλοις
1706 2885 1759 2917 καὶ
1771 2889 1826 2918 τοῦ
1841 2886 1981 2918 εἶναικαὶ
1998 2889 2052 2918 τοῦ
2066 2886 2232 2929 σώζεσθαι]
2246 2887 2339 2920 codd.

1296 2935 1382 2965 Parr.
1403 2935 1440 2965 A.
1467 2933 1499 2965 et
1526 2934 1562 2965 B.
1607 2934 1676 2965 Non
1705 2932 1795 2965 aliter
1822 2934 1908 2966 Vatt.
1936 2934 2014 2965 teste
2041 2934 2205 2966 vizzanio.
2251 2937 2292 2966 At
2309 2935 2340 2967 in

1294 2981 1367 3012 cod.
1388 2983 1459 3013 Par.
1484 2981 1519 3012 C.
1540 2979 1659 3011 librarii
1679 2987 1789 3013 errore
1805 2979 1875 3012 haec
1897 2979 2070 3019 leguntur:
2088 2981 2105 3012 ὁ
2119 2981 2151 3012 δέ
2167 2991 2203 3021 γε
2224 2981 2340 3022 κόσμος

1295 3027 1390 3064 α’ίτιός
1407 3027 1474 3059 ἐστι
1489 3029 1551 3063 τοῖς
1565 3026 1666 3063 ἄλλοις
1687 3025 1784 3059 α’ίτιον
1798 3027 1957 3067 γινόμενον
1972 3030 2026 3066 τῆς
2042 3031 2249 3068 συναρμογῆς,
2265 3028 2341 3061 αὐτὸ

1296 3076 1325 3112 ἐξ
1344 3076 1455 3107 ἑαυτοῦ
1476 3074 1728 3115 συνηρμοσμένον
1746 3074 1844 3107 ἐστίν.
1858 3075 1875 3106 ὁ
1891 3075 1922 3106 δέ
1935 3085 1970 3115 γε
1984 3074 2101 3115 κόσμος
2113 3085 2148 3105 κ.
2167 3085 2196 3104 τ.
2221 3075 2248 3106 λ.
2268 3077 2339 3107 Jam

1297 3123 1476 3162 sequuntur
1488 3130 1524 3153 ea
1537 3130 1609 3162 quae
1623 3121 1654 3152 in
1667 3120 1797 3162 reliquis
1813 3121 2007 3153 membranis
2026 3121 2223 3161 comparent,
2234 3122 2341 3162 priora

1294 3165 1414 3209 aulem,
1430 3170 1582 3209 tanquam
1596 3168 1712 3209 deleta,
1726 3171 1794 3200 alra
1807 3168 1890 3201 linea
1903 3169 2010 3200 notata
2020 3170 2107 3201 sunt.
2151 3168 2256 3208 Vulgo
2269 3168 2341 3209 legi-

1295 3217 1349 3247 tur
1364 3215 1463 3251 αἲτιὸς
1487 3215 1552 3248 ἐστι
1568 3219 1633 3253 τοῖς
1647 3216 1749 3253 ἄλλοις
1758 3219 1812 3248 τοῦ
1821 3216 1904 3248 ἐἶναι
1922 3216 1973 3247 καὶ
1991 3218 2047 3247 τοῦ
2061 3215 2230 3253 σώζεσθαι.

1335 3261 1497 3302 αὐτοτελῆ]
1513 3261 1608 3294 codd.
1630 3264 1718 3294 Parr.
1737 3263 1774 3293 Α.
1788 3263 1820 3293 et
1832 3262 1882 3301 B.;
1901 3261 1931 3292 in
1948 3260 2021 3292 cod.
2041 3262 2077 3293 C.
2097 3262 2144 3292 est
2164 3261 2339 3299 αὐτοτελεῖ,

1295 3307 1350 3341 sed
1366 3308 1503 3340 secunda
1517 3317 1632 3340 manus
1646 3308 1676 3340 in
1698 3308 1841 3349 margine
1851 3308 1999 3346 αὐτοτελῆ
2017 3308 2169 3340 corz-exit.

1335 3355 1493 3397 γινόμενος
1505 3359 1558 3394 τῆς
1580 3355 1743 3397 διαμονῆς]
1764 3355 1836 3388 cod.
1858 3357 1930 3387 Par.
1947 3356 1998 3394 C.;
2015 3354 2130 3394 reliqui
2151 3353 2215 3385 duo
2237 3353 2341 3393 γιγνό-

1296 3413 1396 3442 μενος.
1411 3404 1489 3435 Post
1508 3403 1654 3444 διαμονῆς
1668 3404 1698 3434 in
1720 3403 1825 3435 tribus
1841 3402 1902 3434 illis
1923 3402 2087 3435 codicibus
2110 3402 2292 3442 pariterque
2308 3400 2340 3431 iu

1295 3451 1388 3482 Vatt.
1411 3449 1565 3482 Vizzanio
1589 3451 1668 3481 teste
1696 3449 1859 3482 adduntur
1882 3449 1980 3481 verba
1995 3451 2058 3480 τῶν
2076 3448 2166 3486 ὅλων,
2183 3455 2256 3486 quae
2274 3447 2339 3478 sor-

1296 3497 1379 3528 tasse
1399 3504 1417 3528 e
1441 3496 1552 3536 primis
1572 3497 1736 3537 sequentis
1755 3495 1941 3537 paragraphi
1972 3495 2080 3527 verbis
2108 3495 2187 3529 ὅλως
2209 3493 2240 3525 δὲ
2269 3494 2338 3525 orta

1295 3551 1369 3575 cum
1388 3542 1558 3584 Rudolplio
1572 3543 1706 3576 delenda
1726 3543 1850 3584 putavi.
1896 3541 2159 3575 additamentum
2176 3540 2235 3571 lioc
2249 3539 2339 3571 uncis
