2612 3814
271 257 346 293 186

347 338 497 391 προόδου
518 337 613 378 κατὰ
631 337 711 383 τοὺς
733 336 918 394 χρησμοὺς
935 339 998 387 τῆς
1018 338 1176 388 Νυκτός,
1198 338 1271 379 ἔστ’
1287 339 1328 379 ἂν

348 398 450 448 Ῥείη
471 400 548 440 κτλ.
567 398 796 452 συμπαράγει
817 398 854 438 δὲ
875 401 926 452 τῷ
950 398 1009 439 Διὶ
1026 397 1090 447 τὴν
1115 398 1242 452 τριάδα
1259 401 1329 439 τῶν

348 457 488 511 Ὡρῶν.
513 460 746 510 Transposui
767 459 887 497 verba
906 473 994 497 cum
1016 460 1257 508 Hermanno3
1275 460 1329 498 le-

347 521 514 572 gebatur
537 521 639 558 enim
659 516 756 559 τέκοι
774 519 918 571 παῖδα.)

349 616 423 658 Καὶ
443 615 522 657 τότε
545 615 588 664 δὴ
607 615 764 665 Ἑκάτην
787 613 873 664 Δηὼ
891 615 991 655 τέκεν
1013 615 1262 669 εὐπατέρειαν.

403 701 545 756 (Schol.
563 703 695 752 Apoll.
716 701 791 746 Ill,
806 701 881 749 467
906 700 1115 754 εΠερσηίδα
1135 700 1199 748 τὴν
1220 698 1332 741 Ἑκά-

348 776 413 812 την
432 758 548 811 λέγει·
570 759 659 804 τινὲς
681 757 717 798 δὲ
741 757 851 806 αὐτήν
871 774 958 812 φασι
977 759 1059 804 Διὸς
1088 752 1176 799 εἶναι
1197 759 1330 799 παῖδα·

349 819 384 857 ἐν
405 818 442 857 δὲ
466 819 538 863 τοῖς
557 818 738 872 Ὀρφικοῖς
758 817 947 872 Δήμητρος
969 820 1248 872 γενεαλογεῑται·
1271 818 1332 858 καὶ

347 877 427 918 τότε
449 877 490 927 δὴ
513 878 604 930 κτλ.)

348 966 472 1021 Ἄὸρὸς
487 966 607 1020 Ἔρως
623 965 684 1005 καὶ
706 968 823 1015 Μῆτις
842 966 1104 1012 ἀτάσθαλος....

347 1020 435 1066 οἶσιν
452 1023 685 1078 ε’πεμὸεὸαὼς
700 1025 847 1078 Δαίμων
869 1027 942 1068 αἰὲν
957 1027 1112 1082 ἐπίσχει.

401 1119 575 1167 (Proclus
598 1119 638 1155 in
658 1119 782 1157 Alcib.
798 1132 840 1169 p.
866 1119 942 1158 233
957 1120 1021 1159 ed.
1041 1120 1200 1167 Creuz.;
1217 1133 1260 1171 p.
1281 1120 1331 1159 88

348 1184 375 1214 t.
393 1176 452 1215 111
475 1177 534 1214 ed.
553 1177 708 1218 Cousin.
731 1190 741 1218 ε
757 1175 824 1217 Ἐν
847 1179 897 1231 τῷ
914 1178 971 1218 Διὶ
988 1180 1007 1217 6
1025 1176 1146 1232 Ἔρως
1165 1178 1251 1220 ἐστί·
1271 1179 1332 1218 καὶ

345 1234 415 1289 γὰρ
434 1235 555 1283 Μῆτίς
571 1237 647 1276 ἐστι
666 1239 804 1291 πρῶτος
817 1236 971 1294 γενέτωρ
997 1237 1059 1278 καὶ
1079 1235 1202 1291 Ἔρως
1222 1239 1332 1277 πολυ-

346 1293 493 1348 τερπής,
509 1295 570 1335 καὶ
587 1298 606 1334 ὁ
623 1295 742 1349 Ἔρως
757 1296 914 1350 πρόεισιν
934 1299 974 1336 ἐκ
989 1302 1051 1338 τοῦ
1070 1298 1151 1344 Διὸς
1170 1298 1232 1338 καὶ
1252 1314 1333 1337 συν-

347 1356 482 1405 υπέστη
503 1357 554 1409 τῷ
578 1355 636 1395 Διὶ
662 1357 811 1407 πρώτως
832 1358 866 1396 ἐν
895 1358 965 1402 τοῖς
989 1361 1144 1406 νοητοῖς·
1172 1361 1245 1398 ε’κεῖ
1264 1358 1333 1412 γὰρ

348 1418 367 1454 6
382 1413 469 1459 Ζεὺς
487 1416 505 1453 6
524 1417 708 1464 πανόπτης
724 1416 798 1456 ἐστὶ
817 1415 879 1455 καὶ
900 1416 1007 1470 ἁδρὸς
1025 1416 1160 1471 Ἔρως,
1182 1419 1230 1464 ὡς
1245 1417 1334 1471 Ὀρ-

349 1475 430 1528 φεύς
445 1490 562 1529 φησιν.
583 1479 630 1514 Et
650 1490 780 1515 rursus
796 1491 837 1527 p.
857 1478 908 1515 66
928 1479 1023 1518 ibid.
1045 1487 1073 1518 t.
1094 1479 1134 1518 ΙΙ
1150 1492 1192 1529 p.
1224 1479 1293 1516 181
1321 1492 1331 1519 τ

349 1533 423 1574 Καί
447 1549 507 1585 μοι
536 1535 631 1574 δοκεῖ
651 1534 712 1574 καὶ
740 1537 758 1574 6
783 1535 936 1575 Πλάτων
958 1535 1068 1590 εὑρὼν
1092 1539 1178 1591 παρ’
1208 1536 1336 1592 Ὀρφεῖ

347 1592 406 1632 τὸν
428 1592 532 1632 αὐτὸν
559 1597 681 1632 τοῦτον
702 1593 777 1633 Θεὸν
807 1593 867 1633 καὶ
896 1593 1045 1648 Ἔρωτα
1078 1595 1138 1635 καὶ
1171 1596 1333 1648 Δαίμονα

349 1651 462 1703 μέγαν
480 1651 783 1704 ἀποκαλούμενον,
797 1655 985 1706 ἀγαπῆσαι
1006 1654 1067 1694 καὶ
1082 1655 1185 1700 αὐτὸς
1197 1657 1256 1695 ἐπὶ
1273 1660 1332 1696 τοῦ

348 1709 510 1764 Ἔρωτος
542 1710 600 1750 τὸν
629 1716 785 1753 τοιοῦτον
821 1712 950 1765 ὕμνον·
982 1715 1063 1767 περὶ
1094 1715 1157 1767 μὲν
1184 1715 1253 1771 γὰρ
1274 1720 1335 1756 τοῦ

346 1773 474 1817 νοητοῦ
497 1773 559 1809 νοῦ
578 1770 692 1823 λέγων
729 1773 748 1810 6
772 1771 951 1824 θεολόγος·
985 1773 1092 1827 ἆὸρὸς
1111 1773 1233 1828 Ἔρως
1251 1777 1331 1815 κτλ.

350 1829 424 1868 Καὶ
440 1829 548 1869 πάλιν
562 1845 571 1855 ·
589 1823 678 1869 οἶσιν
693 1831 929 1882 ε’πεμὸεὸαὼς
945 1834 1026 1873 κτλ.
1043 1834 1091 1873 In
1111 1834 1187 1873 fine
1206 1849 1335 1873 versus

350 1890 503 1928 codices
522 1893 696 1941 praebent
713 1894 775 1930 vel
795 1892 947 1946 ἐπίσχνῃ
962 1894 1023 1932 vel
1037 1895 1091 1932 ἐπ’
1109 1895 1206 1947 ἴχνη,
1230 1899 1334 1935 etsie
1382 1943 1385 1947 ⁴

348 1957 540 1998 praeeunte
554 1951 725 2000 Bentlejo
743 1953 783 1988 in
798 1954 960 2003 epistola
975 1953 1025 1991 ad
1040 1956 1204 1992 Minium
1221 1958 1336 1994 Creu·

349 2021 457 2046 zerus
483 2010 689 2060 legendum
718 2023 796 2049 esse
828 2013 895 2052 ait.
930 2014 982 2050 At
1009 2026 1139 2052 sensus
1171 2016 1337 2066 requirit

350 2064 502 2119 ἐπίσχει,
523 2069 630 2118 quod
645 2068 831 2122 reposui.)

767 2157 834 2198 LI.

353 2238 460 2291 Κριοῦ
481 2237 542 2277 καὶ
556 2238 685 2293 ταύρου
701 2238 746 2288 τ’,
763 2238 874 2294 ὄφιος,
894 2246 1055 2295 χαροποῦ
1071 2259 1109 2282 τε
1126 2243 1277 2290 λέοντος.

403 2320 575 2374 (Proclus
592 2325 632 2361 in
649 2324 879 2376 Tim.111p.
903 2325 977 2364 130
999 2329 1028 2365 B
1051 2341 1061 2365 ε
1085 2328 1246 2367 Τοιαῦτα
1266 2327 1334 2383 γὰρ

349 2380 428 2434 περὶ
446 2382 554 2421 αὐτοῦ
571 2382 632 2422 καὶ
651 2382 802 2437 Ὀρφεὺς
821 2385 1037 2425 ἐνδείκνυται
1058 2387 1141 2442 περὶ
1158 2392 1218 2427 τοῦ
1239 2389 1336 2429 (bd-⁴

349 2454 452 2486 νητος
481 2441 664 2495 θεολογῶν.
695 2445 843 2496 Πρῶτος
871 2448 953 2497 γοῦν
974 2447 993 2484 6
1026 2447 1100 2492 θεὸς
1123 2448 1209 2501 παρ’
1238 2450 1334 2504 αὐτῷ

352 2496 449 2551 ζῴων
483 2500 640 2554 κεφαλὰς
663 2502 761 2556 φέρει
787 2503 921 2549 πολλὰς
946 2504 1007 2544 καὶ
1048 2505 1103 2551 ἴας
1136 2507 1222 2561 (leg.
1246 2524 1334 2549 cum

352 2559 534 2598 Schneid.
560 2559 713 2614 κριίας),
741 2562 932 2616 ταυρείους,
961 2564 1062 2619 ὀφίας
1082 2568 1171 2618 (leg.
1193 2567 1331 2621 ὄφείας)

352 2620 513 2669 χαροποῦ
529 2633 569 2658 τε
586 2619 724 2681 λέονὲος
745 2621 807 2660 καὶ
834 2622 992 2676 πρόεισιν
1015 2625 1085 2665 ἀπὸ
1106 2630 1169 2666 τοῦ
1190 2643 1334 2681 πρωτο-

352 2678 472 2724 γενοῦς
495 2676 578 2726 ὠοῦ,
600 2679 634 2716 ἐν
654 2682 682 2732 ᾧ
706 2684 955 2732 σπερματικῶς
979 2683 1018 2722 τὸ
1052 2685 1139 2738 ζῷόν
1166 2689 1255 2726 ἐστι.
1288 2691 1335 2727 Et

350 2747 442 2785 pag.
474 2736 545 2773 131
577 2739 608 2774 E
631 2750 640 2777 :
662 2738 726 2777 Διὸ
745 2740 806 2779 καὶ
827 2741 1040 2782 ὁλικώτατον
1061 2746 1148 2797 ζῷον
1172 2748 1190 2785 6
1216 2748 1333 2787 θεολό-

351 2807 410 2843 γος
427 2794 644 2835 ἀναπλάττει
664 2802 762 2851 κριοῦ
795 2799 854 2838 καὶ
881 2802 1011 2856 ταύρου
1042 2804 1102 2843 καὶ
1121 2803 1258 2852 λέοντος
1272 2807 1334 2847 καὶ

352 2852 539 2904 δράκοντος
557 2857 652 2909 αὐτῷ
671 2858 822 2910 περιθεὶς
842 2861 1010 2914 κεφαλάς.
1032 2865 1089 2903 Ex
1102 2866 1161 2904 his
1181 2867 1335 2906 duobus

351 2913 446 2950 locis
465 2914 542 2951 viri
562 2915 668 2953 docti
701 2931 1003 2970 composuerunt
1029 2937 1181 2963 versum
1215 2941 1331 2978 quem

352 2972 471 3012 edidi.
516 2974 629 3014 Conf.
666 2976 839 3017 Lobeck.
876 2982 1067 3032 Aglaoph.
1103 2998 1145 3035 p.
1185 2992 1262 3037 490
1295 2997 1334 3027 et

1240 251 1485 292 ORPHICA.

1474 340 1598 388 Θῆλυς
1607 338 1670 380 καὶ
1684 339 1837 394 γενέτωρ
1855 339 2024 396 κρατερὸς
2043 340 2117 386 θεὸς
2131 340 2376 396 Ἤρικεπαῖος.

1529 394 1704 445 (Proclus
1733 397 1774 433 in
1803 396 1903 434 Tim.
1932 409 2023 448 pag.
2060 397 2130 435 131
2163 399 2193 436 F
2217 410 2227 436 z
2251 397 2323 437 Καὶ
2341 398 2378 437 ἐν
2393 397 2460 437 αὔ-

1471 455 1522 506 τῷ
1538 452 1669 507 πρώτῳ
1685 453 1726 494 τὸ
1748 455 1836 502 θῆλυ
1851 454 1912 494 καὶ
1937 455 1978 495 τὸ
2002 454 2106 510 ἄρῤεν
2135 456 2182 501 ὡς
2201 455 2281 511 ζῴῳ
2299 455 2433 512 πρώτῳ
2446 472 2458 484 ·

1472 513 1579 561 θῆλυς
1592 513 1653 553 καὶ
1671 512 1824 569 γενέτωρ
1844 516 1925 557 κτλ.
1949 515 2055 570 φησὶν
2081 517 2100 555 6
2121 516 2312 570 θεολόγος.)

1457 602 1523 655 Τῷ
1540 597 1699 656 λαμπρῷ
1720 595 1912 655 βλέπομεν,
1932 604 2004 650 τοῖς
2020 605 2051 644 δ’
2064 603 2226 658 ὄμμασιν
2246 604 2346 645 οὐδὲν
2363 606 2458 722 [6963-

2380 681 2458 718 μεν.

1530 749 1717 802 (stobaeus
1731 752 1865 803 Eclog.
1889 754 2002 803 Phys.
2016 756 2035 792 1
2056 768 2142 806 cap.
2162 754 2254 804 415,
2280 761 2346 805 44,
2367 769 2459 808 pag.

1475 814 1551 858 4⁰7
1583 810 1647 850 ed.
1675 811 1868 852 Gaisford.
1901 826 1911 851 ε
1939 810 2008 852 ἔνθ’
2031 812 2193 868 Ὀρφεύς·
2215 816 2268 869 τῷ
2305 816 2463 870 λαμπρῷ

1473 869 1564 923 κτλ.)
1591 885 1594 888 ·

1885 951 1970 991 LII.

1477 1025 1668 1078 Χρυσείαις
1687 1025 1902 1080 πτερύγεσσι
1927 1026 2141 1081 φορεύμενος
2161 1027 2243 1069 ἔνθα
2259 1020 2321 1068 καὶ.
2341 1028 2440 1069 ἔνθα.

1533 1103 1720 1154 (Hermias
1748 1104 1790 1142 in
1820 1104 1915 1144 Plat.
1933 1106 2081 1146 Phaedr.
2099 1120 2139 1158 p.
2164 1106 2237 1156 137
2258 1107 2320 1146 ed.
2341 1108 2426 1148 Ast.
2449 1120 2461 1148 τ

1476 1161 1619 1216 Πρώτῳ
1633 1161 1702 1217 γὰρ
1719 1163 1864 1219 τούτῳὴ
1881 1165 2042 1219 θεολογία
2051 1164 2200 1219 παρέχει
2211 1164 2462 1215 τοὺςῖππους...

1477 1222 1572 1275 αὐτῷ
1611 1221 1649 1261 δὲ
1676 1221 1790 1278 τούτῳ
1820 1223 1953 1278 πρώτῳ
1984 1227 2035 1278 τῷ
2057 1225 2212 1278 δεσπότῃ
2234 1224 2379 1275 Φάνητι
2401 1225 2464 1265 καὶ

1477 1281 1653 1335 πτέρυγας
1673 1282 1816 1324 δίδωσι·
1843 1284 2012 1338 χρυσέαις
2031 1284 2245 1339 πτερύγεσσι
2263 1286 2341 1325 κτλ.
2361 1287 2464 1326 Scri-

1478 1342 1651 1380 bendum
1666 1342 1849 1397 χρυσείαις
1859 1358 1947 1382 cum
1960 1346 2159 1384 Lobeckio
2173 1346 2426 1398 Aglaopham.
2443 1347 2464 1387 1

1474 1416 1518 1453 p.
1542 1403 1648 1455 491.)

1475 1484 1650 1539 Τέτρασιν
1671 1487 1905 1541 ὀφθαλμοῖσιν
1919 1487 2098 1543 ὁρώμενος
2118 1488 2200 1529 ἔνθα
2219 1489 2281 1528 καὶ
2304 1487 2403 1530 ἔνθα.

1535 1571 1725 1624 (Hermias
1743 1575 1784 1611 in
1805 1573 1906 1614 Plat.
1935 1576 2100 1615 Phaedr.
2129 1590 2170 1627 p.
2199 1576 2272 1615 135
2299 1578 2363 1618 ed.
2379 1581 2462 1620 Ast.

1477 1630 1616 1685 Τετρὰς
1638 1631 1674 1671 δὲ
1700 1634 1718 1671 ὁ
1739 1631 1890 1685 Φάνης,
1915 1635 1963 1678 ὥς
1985 1633 2139 1690 Ὀρφεύς
2163 1651 2268 1690 φησι·
2297 1636 2463 1691 τέτρασιν

1477 1691 1708 1744 ὀφθαλμοῖσιν
1724 1692 1805 1732 κτλ.
1822 1693 1933 1731 Idem
1948 1708 1987 1745 p.
2005 1708 2078 1746 109
2106 1696 2154 1734 de
2183 1697 2341 1747 Orpheo
2360 1710 2370 1737 :
2387 1698 2463 1737 Καὶ

1476 1754 1570 1802 τρεῖς
1588 1749 1625 1789 δὲ
1655 1749 1821 1803 λέγονται
1856 1751 1998 1808 Ὀρφεῒς
2031 1753 2131 1808 παρὰ
2152 1747 2267 1810 Θρᾳξὶ
2286 1755 2461 1809 γενέσθαι.

1479 1811 1589 1849 Idem
1607 1825 1649 1861 p.
1669 1810 1742 1849 105
1758 1825 1766 1849 :
1780 1811 1921 1852 Οὐδένα
1931 1811 2000 1866 γὰρ
2013 1806 2275 1867 ’ἐνθουσιασμὸν
2298 1814 2381 1855 ἄνευ
2399 1820 2464 1865 τῆς

1498 1872 1649 1922 ρωτικῆς
1660 1870 1843 1915 ἐπιπνοίας
1858 1871 2049 1924 συμὸαίνει
2068 1873 2242 1928 γίνεσθαι.
2260 1870 2375 1929 ’Ὁρᾶς
2389 1877 2464 1921 πῶς

1479 1931 1497 1968 6
1518 1929 1670 1984 Ὀρφεὺς
1698 1930 1818 1976 πάσας
1844 1930 2077 1980 ἐπιτηδεύσας
2106 1933 2290 1987 φαίνεται,
2318 1938 2366 1981 ὡς
2386 1935 2464 1976 δεο-

1481 1987 1588 2039 μένας
1606 1989 1667 2028 καὶ
1681 1989 1855 2042 ἐχομένας
1875 1991 2060 2039 ἀλλήλων·
2079 1992 2379 2034 τελεστικώτατον
2397 1993 2463 2046 μὲν

1480 2047 1549 2102 γὰρ
1568 2049 1673 2087 αὐτὸν
1704 2049 1764 2088 καὶ
1785 2050 2052 2101 μαντικώτατον
2085 2053 2374 2107 παρειλήφαμεν,
2400 2053 2463 2093 καὶ

1479 2107 1547 2147 ὑπὸ
1562 2111 1623 2147 τοῦ
1641 2108 1858 2154 Ἀπόλλωνος
1871 2109 2087 2162 κινούμενον,
2100 2111 2152 2151 ἔτι
2162 2111 2461 2164 ποιητικώτατον,

1479 2166 1519 2206 ὅν
1538 2183 1580 2220 γε
1608 2167 1653 2207 δι’
1672 2168 1759 2208 αὐτὸ
1777 2173 1880 2209 τοῦτο
1898 2170 1959 2209 καὶ
1978 2172 2187 2220 Καλλιόπης
2205 2171 2280 2213 υἱὸν
2301 2173 2464 2225 γενέσθαι

1477 2227 1597 2281 φασίν.
1631 2227 1925 2282 Ἐρωτικώτατός
1956 2229 1996 2269 τέ
2024 2233 2134 2284 ἐστιν,
2155 2233 2202 2276 ὡς
2222 2231 2327 2277 αὐτὸς
2348 2233 2461 2285 λέγων

1476 2285 1637 2338 φαίνεται
1657 2287 1743 2341 πρὸς
1762 2288 1821 2328 τὸν
1847 2292 2030 2330 Μουσαῖον
2060 2291 2122 2330 καὶ
2147 2291 2340 2344 προτείνων
2365 2293 2464 2347 αὐτῷ

1476 2344 1521 2383 τὰ
1539 2347 1615 2384 θεῖα
1633 2347 1761 2399 ἀγαθά,
1769 2348 1830 2387 καὶ
1841 2350 1982 2389 τελειῶν
1999 2350 2118 2392 αὐτόν.
2131 2353 2241 2390 Idem
2254 2366 2346 2404 pag.
2363 2366 2436 2401 107
2449 2367 2461 2391 ε

1476 2406 1513 2444 οὗ
1530 2408 1669 2459 πρῶτος
1689 2407 1726 2446 δὲ
1746 2410 1765 2447 6
1785 2408 1940 2449 Πλάτων
1960 2410 2101 2464 ἡνίοχον
2122 2411 2184 2450 καὶ
2203 2409 2334 2456 ἵππους
2351 2411 2463 2464 παρέ-

1476 2464 1598 2515 λαὸεν,
1620 2465 1713 2505 ἀλλὰ
1747 2469 1818 2522 πρὸ
1844 2470 1951 2508 αὐτοῦ
1975 2471 2007 2510 οἱ
2038 2469 2148 2511 ἔνθεοι
2179 2473 2249 2511 τῶν
2286 2474 2461 2522 ποιητῶν,

1474 2522 1653 2580 Ὅμηρος,
1674 2525 1844 2581 Ὀρφεὺς,
1867 2529 2126 2584 Παρμενίδης.)

1876 2618 1982 2662 LIII·

1477 2705 1713 2755 Μαντοσύνην
1738 2707 1777 2748 δέ
1795 2709 1827 2748 οἱ
1848 2710 1958 2750 δῶκεν
1979 2709 2074 2764 ἔχειν
2097 2711 2252 2767 ἀψευδέα
2272 2711 2404 2763 πάντη.

1532 2790 1723 2845 (Hermias
1742 2796 1781 2832 in
1812 2798 1909 2835 Plat.
1930 2798 2080 2836 Phaedr.
2099 2812 2141 2849 p.
2169 2804 2243 2844 140
2263 2800 2327 2839 ed.
2345 2799 2427 2839 Ast.
2448 2814 2458 2840 :

1479 2851 1498 2888 6
1517 2850 1587 2904 γάρ
1618 2868 1672 2891 τοι
1692 2853 1844 2908 Ὀρφεὺς
1862 2855 1944 2910 περὶ
1967 2859 2030 2904 τῆς
2051 2856 2188 2901 Νυκτὸς
2215 2857 2341 2909 λέγων,
2371 2861 2460 2899 θεῶν

1475 2908 1544 2963 γὰρ
1565 2908 1660 2964 ἔχει,
1695 2913 1798 2966 φησί·
1829 2914 1892 2953 καὶ
1919 2914 2139 2966 μαντοσύνην
2162 2915 2199 2954 δέ
2221 2918 2253 2955 οἱ
2283 2917 2364 2956 κτλ.
2388 2917 2461 2958 Καὶ

1479 2967 1568 3018 αὕτη
1589 2969 1731 3022 λέγεται
1749 2971 1934 3022 μαντεύειν
1951 2978 2021 3018 τοῖς
2037 2975 2156 3026 θεοῖς.)

350 3031 573 3072 sehneider·
592 3033 643 3071 ad
667 3036 847 3074 PPOClum
862 3052 904 3088 P·
926 3040 1034 3092 307·)
1475 3051 1599 3098 Δεῖξαί
1613 3054 1646 3092 τ’
1666 3053 1702 3100 ἐξ
1723 3055 1865 3109 ἀφανῶν
1886 3057 2071 3111 φανερούς,
2086 3055 2169 3097 οἵτ’
2191 3060 2260 3098 εἶσὶ
2278 3056 2461 3110 γενέθλην.

818 3120 1970 3145 Ἢ

270 3142 317 3173 Ac
332 3140 403 3173 tum
413 3141 546 3176 demum
562 3144 661 3177 ceres
678 3146 824 3181 Hecaten
839 3147 916 3181 boni
932 3151 1032 3191 patris
1043 3155 1226 3195 progeniem
1238 3158 1334 3191 enixa
1395 3163 1482 3196 Luce
1496 3163 1658 3207 videmus,
1672 3166 1778 3200 oculis
1798 3167 1877 3200 nihil
1893 3168 2068 3202 cernimus·

271 3259 458 3294 —Pulcher
475 3270 568 3296 amor
582 3266 615 3297 et
634 3265 729 3298 Metis
742 3266 907 3309 improbus
911 3293 976 3303 .....
1258 3216 1332 3256 [εει.
1396 3265 1510 3298 Aureis
1531 3266 1591 3299 alis
1602 3266 1667 3300 huc
1685 3268 1719 3301 et
1736 3267 1813 3302 illuc
1827 3220 1975 3304 volifflss-
1995 3291 2037 3298 —-
2605 3247 2612 3298 32

271 3328 347 3362 <1¹¹oe
369 3321 530 3363 ingressus
544 3333 679 3366 magnus
694 3328 780 3361 Deus
796 3337 923 3372 semper
940 3332 1096 3373 reprimit.
1397 3317 1545 3354 Q⁰³t¹¹⁰f
1559 3317 1664 3351 ⁰0⁰¹5³
1678 3318 1741 3352 ¹¹⁰⁰
1754 3321 1853 3362 at‘1¹¹3
1870 3320 2121 3405 flfflflspecssans·
2602 3318 2612 3333 ⁴¹

775 3389 828 3421 LI.
1961 3395 1970 3404 ⁶

1398 3417 1637 3452 Divinationem
1655 3419 1748 3462 p1ane
1764 3429 1909 3454 veracem
1929 3423 2153 3462 possidendam
2170 3424 2199 3458 ei
2216 3424 2317 3457 dedit.
2335 3445 2377 3454 .-

1398 3469 1444 3500 Ac
1463 3467 1687 3504 demonstrare
1707 3480 1773 3513 quo
1785 3480 1901 3514 genere
1910 3473 1977 3506 nati
1999 3474 2064 3508 sint
2085 3474 2140 3516 qui
2154 3484 2195 3507 ex
2214 3475 2350 3508 occultis
2361 3475 2458 3509 mani·

2110 3525 2199 3568 [festi
2217 3530 2400 3560 evaserunt.
2415 3545 2457 3554 -

273 3438 390 3472 Arietis
406 3441 438 3473 et
461 3442 561 3484 tauri,
585 3445 743 3486 serpentis
765 3447 1097 3490 coesiiqueleonis.—

274 3499 406 3533 Femina
418 3501 451 3534 et
467 3502 592 3543 genitor
609 3504 700 3538 fortis
720 3505 800 3539 deus
817 3507 1010 3551 Ericepaeus.
1023 3527 1064 3535 -
