2612 3814
289 253 352 287 156

281 346 445 397 (fragm.
478 358 534 384 vs.
559 345 608 383 26
627 344 655 396 )
677 343 851 382 Eundem
886 342 1021 380 dicunt
1046 342 1135 379 solis
1165 341 1340 388 lunaeque

282 418 435 443 cursum
447 405 620 442 versibus
637 410 879 455 persecutum
894 415 971 439 esse
989 414 1032 438 ac
1052 401 1100 438 de
1119 399 1339 437 animalium

281 466 580 516 plantarumque
609 464 856 514 generatione
876 462 1083 511 scripsisse,
1106 471 1339 509 quamquam

281 537 361 561 non
382 524 589 561 defuerunt
610 524 676 573 qui
696 535 821 572 neque
842 522 1031 572 Apollinis
1050 532 1172 569 neque
1189 518 1341 556 Ismenii

282 583 405 621 filium
433 583 646 634 quidquam
675 582 868 632 scripsisse
891 580 1104 630 proderent
1125 586 1190 615 aut
1209 578 1341 615 saltem

283 644 378 681 nihil
400 643 449 680 ab
470 643 544 680 illis
564 644 750 693 scriptum
771 649 917 679 exstare
946 639 1239 677 contenderent.
1266 639 1342 674 Ve-

284 717 370 741 rum
392 716 414 740 a
433 704 548 741 Sexto
568 703 764 753 Empirico
784 700 873 739 adv.
895 701 1014 737 Math.
1035 701 1066 749 1,
1089 702 1162 742 204
1184 698 1342 746 aliisque

284 764 384 801 inter
400 776 465 800 eos
485 770 708 800 numeratur
723 774 820 811 quos
838 767 925 798 ante
948 760 1157 797 Homerum
1174 757 1341 795 carmina

286 823 544 873 composuisse
565 822 666 858 sama
694 818 827 857 fuerit.
848 818 1048 856 Diodorus
1070 816 1122 868 (5)
1149 830 1236 855 eum
1262 816 1342 865 pri-

284 895 390 918 mum
403 892 651 919 numerorum
670 887 708 917 et
722 879 962 916 canticorum
975 879 1215 914 inventorem
1233 875 1345 912 fuisse

284 942 506 990 litterasque
527 954 547 976 a
569 939 714 979 Cadmo
730 952 750 975 e
770 939 965 975 Phoenicia
981 938 1110 974 allatas
1126 949 1255 986 graecae
1272 936 1345 971 lin-

286 1013 367 1050 guae
388 999 700 1037 accommodasse
729 1005 865 1035 auctor
884 1004 962 1045 est,
983 997 1035 1033 ita
1053 1003 1098 1032 nt
1124 1008 1235 1032 suum
1257 995 1346 1031 cui-

287 1072 361 1108 que
396 1061 529 1096 litterae
549 1071 691 1096 nomen
715 1059 932 1108 imponeret
964 1068 1174 1106 earumque
1204 1055 1346 1092 formas

287 1119 549 1158 constitueret.
580 1118 801 1156 Carminum
821 1116 1147 1167 pulchritudinem
1168 1122 1206 1152 et
1226 1114 1345 1163 maje-

285 1185 420 1215 statem
438 1185 627 1227 spectasse
646 1177 801 1214 videtur
814 1177 996 1227 Virgilius
1010 1176 1202 1226 Eclog.V‚
1221 1173 1344 1222 55-57

284 1250 337 1274 s1c
361 1249 499 1274 canens
522 1249 532 1274 ε

368 1312 441 1344 Non
462 1320 515 1344 me
537 1311 732 1344 carminibus
758 1310 868 1344 vincet
879 1319 940 1343 nec
952 1309 1110 1343 Thracius
1121 1309 1268 1351 Orpheus
1278 1334 1287 1349 ,

1171 248 1279 288 LlNl
1290 246 1559 306 ‚CARMINA

1485 342 1547 367 nec
1574 334 1672 367 Linus
1702 343 1710 363 ε
1735 334 1811 368 huic
1838 335 1942 368 mater
1970 333 2120 377 quamvis
2147 335 2246 376 atque
2274 333 2351 368 huic
2372 334 2465 378 pater

1486 381 1605 424 Orphei
1624 381 1810 424 Calliopea,
1827 382 1910 415 Lino
1929 381 2092 416 formosus
2110 381 2237 424 Apollo.
2347 380 2465 425 [adsit.

1395 462 1654 514 ·Hippobotus
1673 462 1777 513 apud
1795 464 2010 514 Diogenem
2043 464 2239 502 Laertium
2261 462 2294 510 Ι,
2323 467 2373 507 42
2402 476 2465 502 se-

1401 531 1507 573 ptem
1527 523 1685 561 Graeciae
1699 524 1890 573 sapientes
1911 525 1964 561 ila
1983 524 2023 560 in
2044 523 2220 561 ordinem
2242 523 2405 573 redigit,
2424 530 2468 562 ut

1404 584 1532 633 primo
1553 583 1642 621 loco
1657 583 1855 632 Orpheum
1875 590 1914 621 et
1930 584 2072 621 Linum
2085 591 2219 634 ponat.
2239 584 2467 621 Poematum

1404 656 1489 692 quae
1511 642 1561 680 ad
1580 643 1720 680 Linum
1741 649 1939 680 auctorem
1958 644 2137 681 nonnulli
2156 643 2376 681 referebant
2394 643 2468 680 ini·

1403 704 1498 740 tium
1519 714 1597 739 esse
1612 702 1695 739 vult
1717 700 1949 740 lamblichus
1963 702 2012 740 de
2032 703 2107 741 Vit.
2126 703 2286 754 Pythag.
2304 715 2391 753 cap.
2416 702 2467 740 28

1403 763 1424 813 §
1448 763 1522 813 139
1540 777 1581 814 p.
1605 776 1620 800 1
1633 776 1676 810 17
1706 775 1787 813 seq.
1810 762 1911 800 duos
1939 764 2150 802 versiculos
2171 776 2269 813 quos
2289 775 2310 800 e
2330 763 2469 800 Stobaei

1403 824 1538 862 Floril.
1558 822 1662 868 CIX,
1683 835 1698 859 1
1725 822 1953 872 depromtos
1972 823 2196 874 fragmentis
2212 823 2367 860 inserui.
2382 821 2470 861 vid.

1405 895 1459 921 vs.
1486 896 1500 919 1
1513 895 1616 919 1-12.
1638 883 1772 931 Neque
1789 888 1919 919 tamen
1938 882 2020 932 ipse
2039 881 2251 919 dissimulat
2271 881 2470 931 Pythago-

1406 955 1494 979 reos
1527 941 1629 980 Lino
1664 941 1835 978 carmina
1868 941 2125 991 supposuisse.
2157 942 2215 978 Ex
2247 941 2326 978 hoc
2351 941 2471 991 igitur

1408 1001 1515 1039 fonte
1531 1002 1612 1038 sine
1632 1000 1753 1037 dubio
1777 1012 1909 1038 omnes
1925 1007 2132 1037 manarunt
2156 1011 2291 1039 versus
2307 1001 2375 1049 qui
2387 999 2471 1037 ho-

1409 1061 1471 1098 die
1501 1061 1600 1098 Lino
1631 1061 1856 1097 tribuuntur
1885 1059 1955 1110 (6).
1975 1061 2079 1108 Quos
2109 1072 2229 1109 quum
2257 1071 2397 1110 magna
2424 1071 2471 1096 ex

1407 1128 1518 1170 parte
1544 1118 1625 1168 J'am
1658 1120 1872 1170 collegisset
1902 1120 2021 1157 Henr.
2043 1119 2258 1169 Stephanus
2293 1119 2334 1156 in
2363 1118 2473 1156 Poesi

1409 1180 1678 1230 philosophica
1691 1209 1702 1229 ‚
1722 1181 1890 1229 reliquos
1907 1180 1974 1229 qui
1992 1179 2041 1216 ad
2057 1186 2228 1216 nostram
2245 1178 2472 1216 memoriam

1411 1241 1616 1290 propagati
1652 1247 1741 1277 sunt
1783 1240 1941 1289 adjunxi
1980 1252 2190 1289 omnesque
2225 1238 2400 1277 recensui
2435 1244 2474 1275 et

1413 1300 1598 1336 converti.

302 1373 2460 1383 ffl——ss

286 1412 349 1444 Τὸν
369 1411 402 1444 δὲ
420 1412 514 1444 Λίνον
533 1412 717 1451 τελευτῆσαι
735 1412 766 1443 ἐν
780 1411 900 1453 Εὐδοίᾳ
915 1410 1097 1447 τοξευθέντα
1115 1410 1178 1442 ὑπὸ
1193 1409 1347 1442 Ἀπόλλω-

285 1469 353 1499 νος,
373 1460 426 1491 καὶ
443 1459 529 1501 αὐτῷ
552 1459 790 1501 ἐπιγεγράφθαι·

375 1522 452 1556 Ὧδε
471 1524 565 1557 Λίνον
580 1524 719 1562 Θηὸαῖον
735 1524 858 1561 ἐδέξατο
875 1525 953 1564 γαῖα
967 1522 1100 1555 θανόντα
1114 1546 1124 1564 ,

411 1571 541 1609 Μούσης
558 1571 712 1613 Οὐρανίης
726 1572 793 1603 υἱὸν
806 1571 1006 1613 ἐϋστέφανον.

330 1640 375 1681 (ὁ)
397 1642 559 1675 Diodorus
588 1642 645 1675 lib.
678 1644 733 1683 llI,
765 1644 805 1675 67
835 1654 844 1675 :
867 1643 954 1681 Φησὶ
985 1642 1088 1674 τοίνυν
1116 1642 1191 1685 παρ’
1215 1643 1347 1683 Ἕλλησι

285 1690 409 1729 πρῶτον
428 1691 554 1731 εὑρετὴν
579 1690 725 1730 γενέσθαι
746 1689 842 1723 Λίνον
872 1690 996 1732 ῥυθμῶν
1013 1691 1067 1722 καὶ
1098 1692 1228 1732 μέλους,
1246 1691 1291 1723 ἔτι
1315 1692 1348 1724 δὲ

288 1738 418 1779 Κάδμου
449 1737 639 1780 κομίσαντος
662 1738 698 1770 ἐκ
729 1738 879 1776 Φοινίκης
909 1739 950 1771 τὰ
975 1738 1156 1780 καλούμενα
1178 1738 1348 1781 γράμματα

285 1789 409 1828 πρῶτον
429 1786 475 1822 εἰς
497 1787 553 1824 τὴν
581 1786 766 1824 Ἑλληνικὴν
799 1787 976 1827 μεταθεῖναι
999 1786 1182 1826 διάλεκτον,
1209 1789 1263 1819 καὶ
1293 1788 1348 1825 τὰς

286 1833 498 1875 προσηγορίας
515 1832 641 1875 ἑκάστῳ
656 1833 746 1871 τάξαι
763 1835 817 1866 καὶ
836 1834 907 1871 τοὺς
923 1838 1125 1877 χαρακτῆρας
1135 1835 1346 1868 διατυπῶσαι.

287 1881 385 1922 Κοινῇ
406 1880 461 1921 μὲν
474 1879 529 1912 οὗν
547 1881 588 1913 τὰ
607 1879 779 1922 γράμματα
791 1882 959 1914 Φοινίκεια
980 1884 1132 1922 κληθῆναι
1143 1884 1196 1916 διὰ
1212 1885 1248 1917 τὸ
1261 1885 1348 1926 παρὰ

286 1927 358 1964 τοὺς
374 1928 525 1966 ’Έλληνας
545 1928 581 1960 ἐκ
599 1928 758 1961 Φοινίκων
772 1930 1011 1972 μετενεχθῆναι,
1030 1930 1095 1972 ἰδίᾳ
1110 1931 1143 1963 δὲ
1162 1935 1226 1964 τῶν
1243 1932 1348 1964 Πελα-

289 1979 376 2013 σγῶν
411 1976 545 2017 πρώτων
576 1978 785 2019 χρησαμένων
816 1981 880 2015 τοῖς
927 1980 1121 2020 μετατεθεῖσι
1149 1985 1346 2023 χαρακτῆρσι

1408 1411 1595 1452 Πελασγικὰ
1609 1412 1911 1454 προσαγορευθῆναι.
1931 1412 1995 1444 Τὸν
2012 1411 2044 1444 δὲ
2062 1411 2159 1444 Λίνον
2176 1411 2226 1444 ἐπὶ
2243 1414 2392 1453 ποιητικῇ
2407 1410 2463 1444 καὶ

1411 1460 1551 1502 μελῳδίᾳ
1574 1460 1794 1502 θαυμασθέντα
1812 1460 1952 1501 μαθητὰς
1965 1463 2054 1502 σχεῖν
2076 1460 2226 1500 πολλούς,
2259 1457 2470 1501 ἐπιφανεστά·

1413 1519 1484 1544 τους
1501 1508 1534 1539 δὲ
1551 1511 1652 1548 τρεῖς,
1675 1504 1856 1548 Ἡρακλέα,
1877 1508 2030 1550 Θαμύραν
2056 1508 2110 1540 καὶ
2129 1508 2260 1550 Ὀρφέα.
2282 1507 2414 1540 Τούτων
2437 1507 2471 1541 δὲ

1411 1554 1465 1586 τὸν
1487 1555 1545 1595 μὲν
1564 1554 1724 1596 Ἡρακλέα
1748 1555 1917 1596 κιθαρίζειν
1944 1554 2142 1596 μανθάνοντα
2157 1555 2210 1587 διὰ
2226 1555 2284 1594 τὴν
2298 1558 2352 1594 τῆς
2369 1555 2475 1596 ψυχῆς

1412 1601 1591 1643 βραδύτητα
1608 1602 1650 1642 μή
1674 1601 1826 1634 δύνασθαι
1856 1602 2001 1640 δέξασθαι
2026 1603 2083 1641 τὴν
2116 1602 2273 1644 μάθησιν,
2298 1601 2394 1635 ἔπειθ’
2411 1602 2475 1635 ὑπὸ

1410 1652 1467 1680 τοῦ
1480 1649 1581 1682 Λίνου
1601 1650 1735 1690 πληγαῖς
1756 1650 1979 1691 ἐπιτιμηθέντα
1995 1651 2211 1692 διοργισθῆναι
2226 1651 2282 1682 καὶ
2298 1653 2338 1692 τῇ
2360 1649 2475 1691 κιθάρᾳ

1408 1697 1462 1729 τὸν
1487 1696 1678 1729 διδάσκαλον
1708 1697 1890 1734 πατάξαντα
1919 1698 2124 1733 ἀποκτεῖναι,
2149 1697 2300 1740 Θαμύραν
2329 1697 2363 1730 δὲ
2384 1697 2476 1739 φύσει

1407 1745 1544 1787 διαφόρῳ
1560 1746 1812 1788 κεχορηγημένον
1828 1746 2004 1785 ἐκπονῆσαι
2020 1746 2060 1779 τὰ
2076 1746 2142 1789 περὶ
2160 1746 2217 1786 τήν
2231 1745 2402 1787 μουσικήν,
2419 1745 2476 1778 καὶ

1407 1792 1490 1824 κατὰ
1502 1793 1558 1831 τὴν
1573 1793 1606 1825 ἐν
1621 1796 1666 1834 τῷ
1685 1793 1834 1834 μελῳδεῖν
1849 1794 2006 1837 ὑπεροχὴν
2023 1792 2154 1835 φάσκειν
2170 1793 2282 1827 ἑαυτὸν
2296 1797 2361 1827 τῶν
2381 1794 2472 1826 Μου-

1407 1842 1474 1872 σῶν
1490 1840 1713 1882 ἐμμελέστερον
1730 1840 1827 1882 ᾅδειν.
2242 1873 2250 1879 ,

1455 1887 1499 1928 (6)
1517 1890 1598 1920 Nam
1612 1888 1766 1928 Origenes
1781 1889 1895 1921 contra
1916 1889 2000 1922 Cels.
2022 1889 2078 1921 lib.
2093 1890 2109 1922 1
2125 1898 2157 1931 p.
2184 1891 2222 1922 14
2237 1889 2284 1922 ait
2302 1897 2311 1917 τ
2338 1889 2403 1921 Καὶ
2416 1886 2474 1921 Δί·

1372 1937 1378 2000 Ι
1412 1946 1468 1968 νου
1487 1936 1558 1976 μὲν,
1575 1936 1611 1968 ὃν
1624 1936 1791 1977 προέταξεν
1807 1937 1838 1968 ἐν
1857 1936 1904 1973 οἷς
1917 1937 2083 1978 ὠνόμασεν
2097 1938 2115 1969 ὁ
2139 1937 2259 1974 Κέλσος
2270 1961 2280 1978 ,
2301 1936 2373 1969 οὔτε
2383 1935 2476 1977 νόμοι

1411 1983 1482 2015 οὗτε
1502 1983 1590 2025 λόγοι
1610 1984 1753 2026 φέρονται
1764 2007 1774 2024 ,
1792 1985 2033 2026 ἐπιστρέψαντες
2048 1985 2103 2017 καὶ
2114 1985 2363 2026 θεραπεύσαντες
2383 1983 2474 2021 ἔθνη.

1091 2190 1388 2265 ΛΙΝΟΥ
1442 2193 1567 2254 ΕΠ
1583 2195 1671 2258 Η.

370 2315 512 2367 Φράζεο
532 2315 599 2365 δή,
618 2315 775 2365 σπουδὴν
793 2317 1021 2369 ἐντυνάμενος
1042 2319 1086 2357 δι’
1113 2320 1243 2367 ἀκουῆς

373 2374 490 2426 μύθων
510 2374 690 2429 ἡμετέρων
703 2407 714 2429 ‚
734 2376 891 2430 ἀτραπὸν
908 2377 990 2430 περὶ
1012 2378 1144 2423 παντὸς
1161 2381 1296 2429 ἀληθῆ,

372 2435 485 2487 κῆρας
513 2433 747 2486 ἀπωσάμενος
767 2435 1046 2488 πολυπήμονας,
1069 2436 1164 2477 αἵτε
1188 2439 1350 2492 βεὸήλων

371 2490 476 2544 ὄχλον
499 2494 685 2532 ἀϊστοῖἱσαι
705 2493 804 2539 ἄταις
817 2496 898 2548 περὶ
917 2495 1036 2535 πάντα
1053 2498 1189 2538 πεδῶσι

317 2564 334 2589 5
370 2551 573 2601 παντοίαις,
596 2555 739 2607 μορφῶν
762 2555 931 2607 χαλεπῶν
953 2555 1164 2608 ἀπατήματ’
1186 2557 1348 2613 ἔχουσαι.

370 2609 445 2672 Τὲς
462 2609 523 2661 μὲν
542 2610 612 2650 ἀπὸ
627 2613 743 2665 ψυχῆς
760 2611 885 2666 εἴργειν
903 2615 1096 2668 φυλακαῖσι
1110 2615 1216 2658 νόοιο.

372 2671 485 2714 Οὗτος
507 2669 575 2723 γάρ
595 2686 635 2710 σε
655 2673 834 2725 καθαρμὸς
851 2674 993 2727 ἀκήριος
1006 2673 1055 2714 ὢν
1069 2676 1233 2730 ὁσιώσει,

371 2727 404 2767 εἴ
421 2744 480 2768 κεν
504 2729 650 2784 ἀληθείῃ
672 2734 778 2785 μισῇς
797 2733 895 2773 ὀλοὸν
915 2733 1012 2786 γένος
1031 2736 1165 2776 αὗτῶν·

372 2787 478 2836 νηδὺν
505 2787 569 2839 μὲν
590 2789 761 2842 πρώτιστ’
788 2793 946 2845 αἰσχρῶν
972 2793 1141 2848 δώτειραν
1164 2796 1351 2845 ἁπάντων,

295 2859 329 2886 10
372 2846 414 2894 ἣν
437 2848 605 2902 ἐπιθυμία
621 2851 755 2902 ἡνιοχεῖ
779 2850 946 2904 μάργοισι
965 2854 1135 2906 χαλινοῖς.

430 2923 624 2974 (Stobaeus
652 2927 783 2965 Floril.
818 2930 861 2973 V,
894 2942 959 2968 22.
990 2933 1053 2968 Vs.
1085 2938 1106 2977 4
1136 2933 1353 2986 ἀῖστοῦσαι]

1491 2325 1626 2373 posui3
1660 2325 1776 2374 vulgo
1815 2324 2025 2364 ἀνιστῶσαι.
2058 2328 2119 2364 Vs.
2153 2340 2174 2374 7
2214 2324 2359 2379 ἀκήριος
2395 2325 2475 2377 ὧν]

1490 2383 1644 2432 scripsi;
1674 2382 1793 2422 codd.
1814 2381 1922 2428 ὅντως
1937 2382 2094 2428 δικαίως.
2115 2387 2178 2424 Vs.
2200 2384 2223 2422 8
2238 2386 2346 2438 μισῇς
2361 2386 2469 2425 edidi

1461 2449 1468 2456 ·
1491 2455 1578 2479 cum
1597 2443 1816 2490 Bruncki03
1838 2445 2069 2482 membranae
2089 2444 2265 2498 μισέεις.)

1490 2526 1692 2566 ’Έλπεσθαι
1708 2527 1780 2580 χρὴ
1797 2528 1916 2578 πάντ’,
1937 2529 2015 2568 ἐπεὶ
2030 2531 2094 2568 οὐκ
2109 2529 2180 2569 ἔστ’
2195 2529 2293 2570 οὐδὲν
2307 2530 2474 2573 ἄελπτον.

1489 2584 1618 2640 Ῥᾴδια
1637 2586 1754 2625 πάντα
1775 2590 1843 2642 θεῷ
1861 2588 2003 2628 τελέσαι
2023 2590 2084 2629 καὶ
2102 2589 2271 2638 ἀνήνυτον
2287 2590 2400 2633 οὖδέν.

1547 2672 1747 2725 (Stobaeus
1761 2678 1899 2717 Floril.
1920 2677 2026 2726 CIX,
2052 2677 2113 2730 1.)

1491 2756 1558 2803 Ὡς
1577 2758 1658 2798 κατ’
1680 2758 1751 2812 ἔριν
1778 2759 1987 2800 συνάπαντα
2005 2760 2220 2814 κυὸερνᾶται
2237 2760 2297 2800 διὰ
2318 2762 2472 2807 παντός·

1492 2819 1531 2856 ἐκ
1551 2818 1682 2863 παντὸς
1701 2819 1738 2858 δὲ
1757 2819 1802 2858 τὰ
1822 2819 1938 2858 πάντα
1952 2850 1962 2868 ,
1981 2819 2042 2859 καὶ
2063 2822 2103 2860 ἐκ
2123 2820 2265 2860 πάντων
2285 2826 2356 2860 πᾶν
2376 2822 2470 2863 ἐστι.

1413 2890 1445 2916 15
1496 2876 1623 2916 Πάντα
1644 2879 1674 2916 δ’
1705 2877 1740 2916 ἕν
1762 2879 1876 2927 ἐστιν,
1912 2878 2059 2918 ἕκαστον
2090 2879 2164 2923 ἑνὸς
2191 2879 2318 2933 μέρος,
2352 2874 2396 2929 ἧν
2430 2881 2469 2920 ἓν

2278 2939 2446 2992 [ἅπαντα
2461 2953 2471 2962 ·

295 2999 1895 3026 Ἣ-

669 3048 756 3080 LlNl
778 3050 981 3083 CARMINA.

293 3103 443 3143 prospice
466 3104 544 3147 tibi,
557 3105 597 3138 ad
614 3106 760 3140 studium
780 3109 961 3143 concitatus
977 3111 1141 3146 auditione

295 3163 400 3195 nostri
421 3166 598 3207 sermonis,
614 3167 699 3200 viam
718 3177 784 3210 prae
799 3170 952 3203 omnibus
968 3180 1098 3213 veram,

297 3221 432 3263 repulsis
448 3223 588 3258 sortibus
608 3225 794 3269 damnosis,
814 3238 889 3270 qllae
909 3230 1119 3271 profanorum

294 3279 410 3321 vulgus
423 3280 649 3317 subvertentes
673 3286 768 3318 malis
789 3296 1024 3330 usquequaque
1040 3289 1210 3331 implicant

294 3338 408 3380 variis,
427 3340 636 3375 molestarum
660 3343 835 3378 formarum
853 3347 994 3380 fallacias
1012 3348 1196 3383 induentes.

297 3398 362 3429 Has
377 3399 411 3431 tn
431 3401 580 3433 custodia
600 3403 719 3436 mentis
736 3404 776 3436 ab
794 3405 899 3438 anima
914 3410 1034 3440 arceto.

298 3457 374 3490 llaec
389 3459 475 3492 enim
498 3461 641 3503 expiatio
658 3472 733 3505 quac
754 3464 944 3499 immortalis
958 3470 1006 3499 est
1024 3470 1057 3501 te
1074 3469 1244 3510 purgabit,

296 3515 369 3549 sire
389 3517 456 3559 ipsa
472 3519 579 3554 oderis
596 3521 769 3557 exitiosum
788 3523 914 3558 illarum
937 3535 1037 3568 genus
1055 3536 1064 3556 τ

1413 3059 1559 3091 ventrem
1574 3059 1706 3101 quidem
1727 3061 1886 3102 imprimis
1904 3061 2046 3102 turpium
2059 3062 2206 3094 omnium
2224 3062 2390 3107 datorem,

1411 3126 1508 3159 quem
1532 3119 1650 3161 cupido
1671 3119 1793 3161 aurigae
1806 3119 1911 3152 instar
1928 3120 2009 3162 regit
2028 3120 2155 3154 stolidis
2173 3122 2280 3155 frenis.
2293 3138 2336 3148 ·—

1412 3178 1577 3219 Speranda
1593 3180 1670 3211 sunt
1683 3179 1791 3211 omnia
1804 3203 1813 3219 ,
1827 3180 1904 3221 quia
1921 3179 2002 3212 nilnil
2015 3180 2063 3213 est
2076 3180 2163 3222 quod
2181 3183 2305 3223 sperari
2319 3185 2471 3225 nequeat.

1414 3236 1532 3270 Omnia
1545 3237 1613 3269 Deo
1636 3235 1738 3268 facilia
1764 3234 1805 3267 ad
1831 3234 2059 3276 perficiendum
2077 3237 2151 3269 sunt
2164 3245 2270 3278 neque
2289 3237 2467 3280 quidquam

1414 3292 1494 3325 Nam
1507 3289 1712 3324 contentione
1727 3287 1837 3321 omnia
1851 3297 1977 3329 semper
1987 3288 2231 3330 gubernantur:
2247 3290 2473 3334 [infectum.—

1411 3361 1452 3385 ex
1471 3353 1622 3386 universo
1643 3353 1752 3386 autem
1769 3352 1916 3386 universa
1929 3353 2029 3395 atque
2042 3361 2081 3387 ex
2098 3353 2259 3388 universis
2274 3355 2464 3389 universum

2314 3412 2467 3455 [constat.

1418 3471 1576 3504 Universa
1593 3480 1670 3505 vero
1686 3479 1787 3504 unum
1801 3471 1894 3512 sunt,
1918 3470 2042 3513 singula
2061 3471 2158 3505 unius
2175 3471 2344 3512 membra;
2362 3471 2472 3505 omnia

2208 3531 2334 3573 [unum
2353 3531 2444 3564 erant
2460 3543 2470 3550 ·
