2612 3814
808 269 1031 309 TIMONIS
1061 269 1292 309 PHLIASII
1323 268 1644 309 FRAGMENTA
1655 301 1665 310 .
2275 285 2326 321 85

221 353 378 406 σχέτλιοι
398 352 593 404 ἄνθρωποι,
613 352 694 390 κάκ’
712 349 862 404 ἐλέγχεα
874 381 884 399 ,
906 350 1074 403 γαστέρες
1102 344 1172 390 οἷον
1188 381 1199 402 ,

156 439 174 445 ⁴>
222 413 304 452 οἵων
323 412 365 452 ἔκ
377 413 407 454 τ’
424 412 546 465 ἐρίδων
567 410 608 450 ἔκ
626 426 664 450 τε
686 413 868 464 στοναχῶν
889 411 1091 451 πέπλασθεῐ

227 472 404 526 ἄνθρωποι
418 473 541 518 κενεῆς
557 468 689 518 οἷήσιος
709 468 860 522 ἔμπλεοι
881 470 999 510 ἀσκοί.

666 575 682 593 ἡ
901 576 918 593 θ

171 663 203 691 ῐο
222 643 309 690 Οῗον
330 647 554 701 Δημόκριτόν
575 662 613 686 τε
637 646 829 701 περίφρονα
843 677 854 699 ,
872 647 1025 699 ποιμένα
1058 647 1175 698 μύθων
1188 678 1200 702 7

222 708 391 762 ἀμφίνοον
407 707 566 762 λέσχηνα
582 708 672 759 μετὰ
689 707 882 761 πρώτοισιν
898 708 1065 760 ἀνέγνων.

408 814 447 846 ω..
662 835 674 842 ««
899 813 919 845 '2

158 921 161 923 .
221 881 307 927 Οἶόν
329 886 360 925 θ’
374 886 465 926 ἑπτὰ
478 885 633 934 Θάλητα
654 888 769 939 σοφῶν
792 886 896 940 σοφὸν
917 885 1184 938 ἀστρονόμημα.

422 990 439 1007 ff
663 991 679 1008 ὑ

223 1064 434 1116 Πυθαγόρην
456 1078 494 1102 τε
515 1060 640 1115 γόητος
664 1061 891 1102 ἀποκλίναντ’
911 1061 969 1101 ἐπὶ
992 1061 1092 1107 δόξαν
1147 1090 1150 1093 -

222 1123 310 1176 θήρῃ
327 1124 384 1162 ἐπ’
408 1121 602 1176 ἀνθρώπων
613 1150 624 1170 ,
645 1121 879 1175 σεμνηγορίης
896 1122 1079 1176 ὀαριστήν.

421 1229 437 1246 ἢ
656 1227 672 1244 ἡ

192 1345 430 1389 Ὺ55.’12-ι4.
460 1343 617 1396 σχέτλιοι
642 1342 996 1396 ἄνθρωποι-ἀσκοί]
1029 1345 1202 1382 servavit

139 1405 331 1445 Eusebius
347 1404 476 1456 Praep.
493 1417 634 1454 evang.
654 1402 726 1443 lib.
746 1403 833 1442 XIV
854 1417 896 1456 p.
915 1404 990 1452 763
1020 1412 1058 1442 et
1073 1403 1202 1442 Theo·

131 1467 296 1506 doretus
326 1466 384 1503 De
410 1464 596 1504 curandis
627 1463 803 1514 gentium
831 1462 983 1502 morbis
1014 1462 1140 1503 Serm.
1162 1478 1198 1503 2.

137 1526 199 1577 (Γ.
230 1525 281 1564 lv
305 1540 348 1578 p.
383 1525 490 1577 489).
515 1524 581 1564 Vs.
609 1538 655 1563 12
677 1537 751 1576 pro
771 1515 844 1564 οἷον
876 1522 981 1574 quod
1013 1524 1204 1562 sententia

137 1587 354 1633 desiderat,
391 1585 633 1638 Stephanus
643 1585 685 1623 in
721 1584 825 1622 notis
859 1584 907 1621 ad
943 1583 1051 1622 Sext.
1089 1583 1201 1635 E.mp

136 1638 276 1698 Pyr.rh
295 1646 391 1698 hyp.
408 1659 449 1698 p.
478 1658 550 1682 211
573 1643 636 1684 ed.
660 1642 775 1681 Fabr.
806 1635 894 1692 οἷον,
914 1642 981 1681 sed
1010 1642 1052 1680 in
1083 1642 1201 1680 Poesi

70 1738 74 1742 .
137 1696 626 1759 philosophica1·ecte⁴*ozov.
646 1702 778 1742 —Vs.
806 1704 851 1741 13
871 1701 953 1742 οἴων
977 1700 1016 1741 ἔκ
1032 1701 1063 1741 τ’
1079 1701 1202 1755 ἐρίδων

136 1765 227 1805 dedi
251 1780 323 1818 pio
345 1765 524 1804 codicum
553 1764 722 1803 lectione
740 1762 844 1801 τοίων
865 1762 969 1815 apud
990 1761 1201 1801 Eusebium

136 1835 174 1864 et
191 1825 301 1865 ποίων
328 1825 433 1878 apud
452 1824 756 1863 Theodmmetum
782 1821 1011 1861 Praeterea’
993 1837 1033 1861 εκ
1062 1837 1100 1860 τε
1121 1837 1203 1861 στο-

135 1887 255 1938 ναχῶν
272 1886 456 1925 πέπλασθε
478 1883 639 1923 exhibet
660 1881 862 1929 Eusebius,
884 1882 945 1922 καὶ
961 1883 1203 1935 λεσχομάχων

136 1944 365 1992 πεπλάνησθε
381 1944 667 1983 Theodoretus.
693 1942 867 1981 Retinuit
892 1950 1008 1995 poeta
1040 1941 1202 1980 Hesiodi

137 2016 305 2055 versum,
325 2013 514 2056 quantum
534 2002 691 2041 licebat.
709 2001 776 2040 Est
795 2002 899 2040 enim
923 2002 965 2040 in
989 2001 1022 2039 Γ
1026 2001 1194 2052 heogon

134 2078 193 2104 vs.
217 2066 266 2103 26
290 2079 299 2103 t

189 2150 360 2202 Ποιμένες
382 2149 569 2203 ἄγραυλοι,
586 2148 667 2188 κάκ’
687 2148 855 2201 ἐλέγχεα,
874 2146 1042 2201 γαστέρες
1062 2140 1146 2196 οἷον,

135 2257 250 2298 quem
267 2243 522 2294 Goettlingius
536 2242 701 2281 contulit
718 2255 805 2280 cum
823 2241 981 2279 Homer.
1000 2239 1043 2277 Il.
1061 2240 1130 2278 lib.
1151 2240 1198 2286 V,

138 2304 212 2351 787
239 2317 248 2339 2

188 2394 321 2444 Αἰδώς,
340 2393 510 2448 Ἀργεῖοι,
531 2394 614 2434 κάκ’
628 2393 793 2447 ἐλέγχεα,
812 2409 981 2446 γαστερες
998 2386 1086 2443 οἷον,

135 2495 174 2526 et
193 2486 416 2538 Lennepius
430 2500 518 2525 cum
538 2485 785 2538 Epimenidis
805 2485 1001 2524 versiculo
1023 2485 1065 2523 in
1087 2484 1199 2522 Pauli

137 2547 315 2599 Apostoli
333 2546 404 2598 Ep.
427 2547 476 2585 ad
490 2546 571 2584 Tit.
594 2546 628 2594 1,
656 2560 700 2584 12
722 2560 731 2584 :

190 2642 330 2694 Κρῆτες
347 2639 401 2678 ἀεὶ
417 2639 588 2694 ψευσταί,
611 2638 706 2678 κακὰ
727 2639 850 2693 θηρία,
882 2638 1051 2693 γαστέρες
1077 2637 1198 2692 ἀργαί.

135 2733 326 2773 Caeterum
347 2732 516 2786 γαστέρες
529 2725 601 2772 οἷον
629 2732 848 2784 Hesychius
880 2732 1051 2784 explicat
1070 2735 1201 2784 τροφῆς

137 2792 241 2844 μόνον
269 2792 558 2843 ἐπιμελούμενοι·
592 2794 638 2837 ὡς
668 2791 832 2836 Ἡσίοδος
873 2794 908 2831 ἐν
938 2794 983 2843 τῇ
1014 2792 1200 2845 Θεογονίᾳ.

135 2852 326 2892 Similiter
347 2852 509 2891 Hesiodi
528 2853 659 2891 Schol.
675 2852 765 2890 Par.
785 2852 829 2891 C.
850 2850 955 2902 μόνον
976 2850 1020 2890 τὰ
1039 2854 1099 2899 τῆς
1119 2868 1200 2905 τρο-

137 2915 201 2966 φῆς
217 2915 442 2966 φρονοῦντες,
462 2921 500 2950 et
519 2911 651 2950 Schol.
673 2911 758 2951 Vat.
791 2910 896 2962 μόνον
919 2909 1197 2963 γαστρίμαργοι.

137 2971 246 3011 Adde
276 2972 382 3024 quod
411 2970 675 3023 sillographus
706 2971 781 3008 hoc
807 2971 895 3009 loco
926 2970 1198 3022 Empedoclem

137 3032 302 3072 intuitus
318 3040 375 3070 est
391 3045 450 3070 vs.
472 3033 515 3069 31
536 3031 590 3069 ita
604 3039 804 3069 canentem
821 3044 830 3068 τ
849 3029 947 3070 Οἵων
964 3029 999 3075 ἐξ
1019 3029 1142 3082 ἐρίδων
1163 3031 1200 3069 ἔκ

128 3094 360 3144 τιστοναχῶν
372 3090 643 3144 ἐγένεσθεΝἰιὶ.
653 3091 742 3130 adn.
753 3091 801 3129 ad
815 3090 1038 3143 Empedocl.
1058 3104 1116 3130 vs.
1135 3097 1198 3136 14.

79 3159 86 3170 ”
137 3149 332 3205 Ἄνθρωποι
346 3155 468 3199 κενεῆς
478 3151 611 3199 οἷήσιος
628 3150 777 3201 ἔμπλεοι
796 3150 900 3190 ἀσκοί
913 3151 1103 3202 spectavit
1119 3151 1199 3188 for-

139 3217 238 3249 tasse
258 3209 443 3249 Horatius
461 3209 540 3250 Sat.
558 3209 612 3257 11,
632 3209 672 3257 5,
703 3210 755 3259 98
782 3209 915 3248 eadem
943 3208 1200 3248 translatione

138 3268 272 3309 dicens
292 3284 300 3308 ε
339 3288 354 3305 a
378 3270 624 3309 Crescentem
656 3269 818 3308 tumidis
837 3269 931 3307 infla
950 3268 1199 3308 sermonibus

139 3337 261 3368 utrem
286 3347 321 3376 »‚
343 3329 413 3368 ubi
432 3329 564 3369 Schol.
587 3328 693 3381 Cruq
718 3343 727 3368 ι
754 3346 770 3363 «
795 3328 1029 3377 Praeconiis,
1051 3329 1196 3379 inquit,

139 3386 234 3426 effen·
247 3397 284 3426 et
306 3388 412 3427 falsis
434 3387 618 3428 laudibus
638 3388 747 3427 velut
764 3397 892 3426 utrem
915 3388 1043 3426 ventis
1063 3388 1200 3425 inflare

141 3440 340 3487 contende.
365 3465 381 3482 »

193 3505 274 3544 Vss.
295 3506 427 3544 15-16.
443 3505 643 3557 Diog.1X,
665 3511 714 3552 4ο
728 3505 776 3544 de
793 3505 1018 3544 Democrito
1037 3519 1045 3542 :
1066 3501 1138 3544 “Ov
1159 3519 1198 3556 γε

1270 357 1347 389 Duri
1367 356 1514 388 homines
1527 380 1535 395 ,
1558 357 1710 396 ignavum
1731 366 1833 398 genus
1844 384 1853 398 ,
1868 361 1996 393 ventres
2011 363 2116 394 solum
2127 387 2138 402 ,

1265 415 1385 456 quibus
1402 424 1421 447 e
1438 415 1549 448 litibus
1572 417 1603 447 et
1619 416 1768 457 suspiriis
1785 418 1916 450 connati
1938 420 2030 452 eslisl

1268 474 1417 506 homines
1435 482 1528 506 vanae
1545 475 1705 517 opinionis
1722 475 1805 517 pleni
1827 479 1927 511 utres.

1539 576 1555 593 ί
1778 577 1795 595 ί
2040 581 2057 596 ⁴*

1271 654 1314 685 Ut
1328 655 1552 686 Democritum
1571 655 1742 688 cordatum
1758 680 1766 695 ‚
1789 655 1917 689 dicendi
1935 658 2093 690 artificem
2107 683 2116 696 ,

1268 712 1420 745 subtilem
1438 712 1780 755 disputatorem'inter
1797 716 1917 757 primos
1932 718 2058 758 agnovi.

1538 818 1555 846 V
1785 820 1807 845 t

1268 895 1309 926 Ul
1325 893 1492 927 Thaletem
1512 896 1637 937 septem
1651 895 1831 937 sapientum
1845 897 2028 937 ‘sapientem
2049 901 2285 947 astronomum.

1539 998 1557 1016 st
1783 998 1802 1017 ἡ

1273 1074 1557 1116 Pytliagoramque
1576 1076 1616 1108 ad
1641 1076 1882 1117 praestigiatoris
1897 1076 2015 1109 samam
2031 1077 2240 1110 inclinantem
2256 1101 2265 1116 ‚

1268 1134 1447 1167 alliciendis
1466 1135 1654 1167 hominibus
1666 1160 1676 1175 ,
1699 1123 1943 1177 magniloquum
1961 1135 2119 1169 sodalem.

1792 1235 1807 1252 fl·

1267 1344 1327 1383 καὶ
1367 1344 1493 1395 Τίμων
1524 1349 1646 1383 τοῦτον
1674 1344 1862 1388 ἐπαινέσας
1891 1344 1950 1383 τὸν
1979 1346 2109 1399 τρόπον
2137 1344 2230 1397 ἔχει·
2261 1338 2331 1384 οἷον

1266 1403 1492 1456 Δημόκριτόν
1510 1418 1547 1443 τε
1567 1404 1646 1443 κτλ.

1320 1462 1384 1502 Vs.
1427 1465 1472 1501 16
1503 1464 1645 1516 scripsi
1678 1462 1838 1517 λέσχηνα
1874 1477 1948 1516 pro
1978 1464 2087 1513 vulg.
2118 1461 2268 1516 λέσχην,
2294 1462 2329 1510 ἃ,

1266 1523 1484 1562 Meinekius
1506 1523 1641 1562 Exere.
1661 1524 1702 1562 in
1716 1523 1805 1562 Ath.
1828 1522 1845 1561 1
1867 1537 1906 1575 p.
1924 1524 2134 1575 6λεοχῆνα.
2156 1522 2329 1561 Dubium

1268 1590 1398 1620 utrum
1417 1582 1549 1635 λέσχην
1568 1595 1616 1620 an
1636 1582 1769 1635 λεσχήν
1793 1582 1909 1621 fuerit
1923 1595 2067 1620 nomen
2087 1595 2167 1619 non
2189 1581 2330 1620 lectum

1267 1639 1378 1691 alibi,
1390 1641 1496 1679 unde
1514 1640 1720 1694 λεσχηνεύω
1731 1641 1860 1691 fluxit,
1874 1654 1994 1692 quum
2012 1641 2207 1680 vocabula
2220 1641 2331 1693 εἴρην,

1266 1700 1425 1751 πυθμήν,
1453 1699 1567 1752 αὐχήν
1586 1709 1626 1739 et
1642 1700 1718 1739 alia
1737 1700 1785 1738 de
1805 1699 1951 1752 quibus
1975 1701 2067 1739 vide
2090 1700 2330 1739 Lobeckium

1267 1759 1396 1798 Paral.
1419 1774 1458 1813 p.
1485 1774 1555 1811 191
1575 1773 1686 1813 seqq.
1711 1760 1919 1812 utriusque
1941 1761 2133 1811 analogiae
2152 1762 2332 1812 exempl-a

1267 1818 1478 1871 praebeant.
1501 1819 1676 1858 Pertinet
1695 1819 1760 1858 hic
1786 1819 1896 1857 loeus
1914 1833 2002 1857 cum
2022 1819 2071 1857 iis
2091 1833 2178 1870 quae
2195 1819 2243 1858 de
2259 1820 2332 1859 Ze-

1267 1893 1369 1919 none
1400 1880 1587 1927 Citiensi‚
1615 1879 1828 1926 Archelao,
1857 1879 2043 1928 Platone,
2068 1879 2325 1922 Anaxarcho.

1267 1938 1480 1987 Heraclito,
1496 1939 1748 1991 Empedoele,
1761 1939 2008 1987 Parmenide,
2018 1940 2175 1978 Zenone
2184 1940 2331 1988 Eleata,

1267 1998 1449 2047 Melisso,
1474 2000 1700 2051 Pythagora
1734 2000 1899 2049 aliisque
1928 1999 2178 2051 philosophis
2199 2000 2242 2038 in
2266 2014 2334 2039 se-

1267 2058 1480 2109 quentibus
1509 2059 1695 2097 dicuntur
1730 2059 1777 2097 ad
1813 2059 1985 2099 Νεκυίαν.
2015 2059 2233 2098 Memoravi
2260 2060 2333 2099 hos

1266 2130 1402 2156 versus
1417 2119 1460 2156 in
1480 2118 1697 2157 Democrit.
1721 2118 1858 2168 fragm.
1874 2116 1946 2155 lib.
1971 2117 2007 2156 II
2025 2132 2065 2169 p.
2086 2123 2154 2167 94.

1319 2177 1382 2217 Vs.
1410 2193 1469 2227 17.
1487 2178 1684 2228 Diogenes
1704 2177 1883 2216 Laertius
1901 2177 1943 2224 1,
1965 2179 2013 2223 34
2039 2192 2047 2215 :
2071 2171 2159 2217 Οἶδε
2178 2177 2208 2216 δ’
2225 2178 2331 2216 αὐτὸν

1267 2238 1594 2290 ἀστρονομούμενον
1612 2238 1674 2277 καὶ
1689 2238 1828 2289 Τίμων,
1850 2236 1911 2276 καὶ
1933 2238 1967 2275 ἐν
1984 2242 2055 2281 τοῖς
2070 2238 2214 2282 Σίλλοις
2234 2238 2333 2277 ἐπαι-

1265 2297 1318 2334 νεῖ
1331 2298 1436 2337 αὐτὸν
1457 2298 1583 2349 λέγων·
1603 2290 1674 2336 οἶόν
1698 2296 1729 2334 θ’
1746 2296 1839 2335 ἑπτὰ
1865 2295 2019 2343 Θάλητα
2048 2297 2128 2335 κτλ.
2152 2296 2223 2335 ubi
2244 2307 2332 2335 ante

1265 2356 1540 2396 casaubonum
1565 2355 1767 2407 legebatur
1783 2349 1853 2393 οἶον
1872 2354 1994 2394 ἔπειτα
2008 2355 2178 2403 Θάλητα.
2201 2355 2331 2395 Mena·

1265 2418 1353 2467 gius
1371 2415 1626 2470 ἀστρονόμημα
1646 2424 1749 2454 recte
1768 2415 1939 2467 explicat
1954 2414 2180 2466 ἀστρολόγος.
2228 2455 2233 2457 ,

1318 2479 1405 2514 Vss.
1428 2477 1561 2525 18-19.
1583 2475 1779 2525 Diogenes
1790 2474 1968 2512 Laertius
1983 2473 2092 2521 VIII,
2111 2475 2160 2511 36
2175 2487 2184 2512 ι
2199 2473 2277 2523 Τὴν
2295 2475 2331 2515 δὲ

1266 2536 1547 2588 σεμνοπρέπειαν
1569 2537 1629 2572 τοῦ
1652 2533 1861 2586 Πυθαγόρου
1877 2532 1938 2572 καὶ
1955 2533 2082 2586 Τίμων
2104 2535 2140 2573 ἐν
2161 2539 2231 2579 τοῖς
2245 2535 2331 2575 Σίλ-

1264 2595 1349 2641 λοις,
1373 2595 1510 2632 δάκνων
1542 2591 1665 2640 αὐτόν,
1696 2590 1791 2643 ὅμως
1818 2593 1856 2631 οὐ
1875 2592 2072 2645 παρέλιπεν
2092 2592 2200 2631 εἰπὼν
2221 2592 2331 2632 οὕτω·

1265 2653 1478 2706 Πυθαγόρην
1498 2668 1535 2691 τε
1555 2652 1680 2703 γόητος
1694 2653 1773 2690 κτλ.
1794 2652 1875 2691 Cur
1888 2652 1937 2691 ad
1960 2653 2256 2704 praestigiatoris
2274 2654 2331 2692 fa·

1266 2726 1366 2750 mam
1394 2711 1656 2763 Pythagoram
1682 2711 1894 2750 inclinasse
1919 2712 2123 2764 scripserit
2148 2712 2332 2763 sillogra-

1264 2773 1365 2823 phus
1385 2770 1643 2821 intelligimus
1669 2783 1690 2808 e
1717 2769 1919 2808 Plutarchi
1949 2769 2075 2808 Numa
2102 2784 2188 2822 cap.
2209 2772 2247 2812 8.
2269 2771 2330 2810 lbi

1264 2831 1369 2869 enim
1384 2830 1467 2868 haec
1477 2829 1725 2883 produntur:
1744 2829 1816 2870 Καὶ
1833 2828 1901 2882 γὰρ
1918 2830 2048 2874 ἐκεῖνος
2063 2830 2163 2868 ἀετόν
2181 2845 2218 2868 τε
2237 2831 2331 2870 δοκεῖ

1264 2891 1419 2944 πραῧναι
1439 2892 1570 2944 φωναῖς
1586 2905 1676 2928 τισιν
1694 2889 1892 2938 ἐπιστήσας
1910 2888 1972 2928 καὶ
1993 2888 2207 2941 καταγαγὼν
2222 2892 2329 2944 ὓπερ-

1266 2951 1474 3002 ιπτοίμενον,
1495 2949 1554 2989 τόν
1574 2965 1611 2989 τε
1632 2948 1745 3003 μηρὸν
1765 2951 1942 3003 ἀποφῆναι
1959 2953 2112 3002 χρυσοῦν
2125 2949 2329 3002 Ὀλυμπία-

1264 3027 1299 3050 σι
1317 3011 1607 3064 διαπορευόμενος
1627 3009 1692 3059 τὴν
1722 3009 1936 3064 πανήγυριν.
1957 3006 2088 3054 Ἀλλας
2113 3025 2151 3048 τε
2174 3011 2327 3062 τερατώ-

1264 3072 1332 3115 δεις
1353 3069 1518 3123 μηχανὰς
1536 3071 1644 3109 αὐτοῦ
1661 3069 1722 3108 καὶ
1738 3068 1883 3123 πράξεις
1900 3068 2189 3121 ἀναγγέλλουσιν·
2208 3069 2260 3123 ἐφ’
2275 3064 2329 3113 αἷς

1262 3130 1323 3169 καὶ
1343 3129 1469 3182 Τίμων
1486 3133 1504 3171 ὁ
1524 3129 1698 3174 Φλιάσιος
1716 3127 1868 3182 ἔγραψε·

1315 3230 1531 3283 Πυθαγόρην
1551 3229 1587 3268 δὲ
1602 3229 1714 3282 γόητα
1733 3228 1955 3268 ἀποκλίνοντ’
1969 3228 2028 3269 ἐπὶ
2042 3228 2156 3276 δόξας,

1316 3290 1405 3344 θήρῃ
1427 3292 1480 3329 ἐπ’
1499 3290 1709 3344 ἀνθρώπων,
1729 3289 1963 3342 σεμνηγορίης
1987 3289 2170 3342 ὀαριστήν.

1262 3385 1379 3424 Prior
1398 3398 1535 3424 versus
1546 3385 1660 3424 etiam
1677 3384 1718 3422 in
1733 3384 1878 3422 Laertii
1898 3383 2101 3423 codicibus
2113 3390 2324 3432 corruptus

1261 3454 1331 3485 est.
1347 3445 1477 3483 Editio
1491 3444 1738 3484 Frobeniana
1758 3459 1766 3482 :
1781 3443 1994 3497 Πυθαγόρην
2007 3459 2044 3495 τε
2058 3441 2219 3494 γοητείας
2235 3443 2323 3479 ἀπο-

1262 3503 1379 3543 κλειὸν
1414 3503 1583 3551 ἐπίδοξον,
1622 3503 1688 3542 sed
1726 3502 1912 3555 Stephani
1941 3503 2161 3554 exemplum
2193 3501 2321 3550 γόητας
