2612 3814
266 306 343 338 520

316 388 440 427 lleR.
463 389 567 436 Quid
590 397 646 425 εει
667 390 953 437 longissimum?
973 409 1026 416 —-
1048 387 1179 427 Emer.
1203 387 1315 438 Spes.

315 448 438 484 llum.
463 449 565 496 Quid
593 456 648 484 εει
679 448 803 497 Spes?
821 469 872 475 —
893 446 1021 486 Emer.
1051 446 1239 497 vigilanti
1262 460 1320 485 so-

261 520 373 545 mnus
387 537 398 558 ,
421 506 661 558 exspectanti
678 505 822 544 dubius
842 515 1018 546 eventus,

315 566 439 604 lima.
462 568 568 615 Quicl
584 575 656 612 εει,
681 568 783 616 quod
796 567 908 603 lcomo
926 568 1055 603 videre
1079 580 1152 603 non
1167 574 1290 616 potest
1298 568 1318 602 ‚³

258 649 312 654 —-
331 626 460 664 Emer.
483 625 655 664 Alterius
670 625 854 665 animam.
888 664 891 668 ,

313 685 438 723 ΗΑοκ.
462 686 548 734 Qua
564 698 604 721 re
612 693 777 735 peccant
795 685 966 722 homines
976 686 997 720 ,³
1018 706 1073 714 —
1092 683 1223 723 Emer.
1247 684 1319 722 Cu-

258 745 436 797 piditate.

312 806 437 845 Hann.
455 807 560 854 Quid
571 814 625 842 εει
640 806 839 842 Libertas?
855 826 907 832 -
922 803 1055 842 Emer.
1074 802 1316 843 Innocentia.

313 865 438 903 llum.
465 867 567 914 Quid
591 868 675 913 regi
706 873 744 901 ει
763 868 899 901 misero
923 876 1118 900 commune
1148 872 1204 900 εει
1213 865 1233 899 ,³
1264 884 1319 892 -——

257 924 384 963 Emer.
417 924 532 962 Nasci
553 932 590 961 et
611 923 728 960 mori.
954 930 959 936 ·

311 982 437 1021 Ilann.
451 983 553 1031 Quid
562 990 617 1019 εει
626 985 807 1031 optimum
822 985 1071 1031 etpessimum
1083 983 1104 1017 Ρ
1115 1001 1170 1009 -
1182 979 1315 1018 Emer.

255 1040 442 1081 Verbum.

311 1100 433 1138 HADR.
463 1101 568 1148 Quid
583 1109 653 1146 εει,
682 1101 783 1149 (μισεῖ
795 1101 868 1136 alii
879 1101 1016 1149 placet
1033 1109 1071 1137 ει
1086 1102 1159 1138 alii
1175 1102 1318 1150 displi—

254 1161 337 1195 cet?
364 1180 415 1187 ——
437 1158 568 1198 Emer.
589 1157 690 1196 Vita.

308 1218 432 1258 llum.
460 1220 565 1268 Quid
589 1227 646 1256 εει
673 1223 816 1270 optima
848 1220 964 1256 vita?
983 1240 1036 1248 —
1057 1218 1188 1259 Emer.
1216 1219 1316 1257 Bre-

253 1277 430 1317 vissima.

308 1337 432 1377 Hann.
460 1339 564 1385 Quid
590 1346 645 1374 εει
665 1340 942 1374 certissimum?
961 1359 1016 1366 —-
1035 1336 1166 1376 Emc‘r.
1193 1337 1314 1377 Mors.

308 1397 429 1436 Huni.
450 1399 555 1446 Quid
571 1406 627 1434 εει
645 1399 752 1434 Mors
762 1400 782 1434 Ρ
802 1419 858 1427 —
884 1396 1014 1435 Emc'r.
1039 1396 1233 1447 Perpetua
1253 1411 1316 1435 se-

253 1457 412 1495 cui-itas.

308 1517 433 1557 Humi.
476 1518 579 1565 Quitl
611 1526 669 1554 est
700 1518 804 1557 Mors
813 1519 834 1554 Ρ
868 1538 922 1546 —
953 1516 1083 1556 Emer.
1123 1517 1157 1555 T
1161 1518 1316 1556 imenda

254 1576 377 1623 nulli,
397 1577 431 1615 si
464 1577 621 1627 sapiens
654 1575 770 1626 degat
804 1590 812 1613 :
846 1576 1009 1614 inimica
1028 1577 1143 1626 vitae,
1170 1590 1315 1616 numen

253 1636 468 1674 amantium
483 1666 492 1683 ,
514 1644 641 1674 metus
661 1644 867 1687 parentum
884 1666 895 1685 ‚
923 1635 1143 1675 liberorum
1165 1637 1312 1689 praeda,

256 1695 475 1734 testamenti
498 1694 644 1745 gratia,
674 1703 763 1746 post
781 1694 932 1733 obitum
951 1708 1102 1746 sermo,
1124 1710 1316 1748 supremae

251 1753 462 1805 lachrymae
475 1782 487 1802 ,
509 1762 600 1804 post
614 1753 843 1791 memoriam
862 1753 1014 1792 oblivio
1028 1784 1038 1802 ,
1058 1754 1120 1792 fax
1136 1756 1240 1805 rogi,
1265 1757 1313 1794 ti-

253 1811 358 1850 tulus
378 1812 647 1860 monumenti,
671 1825 778 1851 mors
791 1813 969 1851 omnium
991 1814 1184 1852 malorum
1206 1815 1311 1855 finis.

306 1871 431 1910 timu.
468 1874 596 1921 Quare
627 1882 793 1910 mortuus
821 1876 1047 1911 coronatur?
1085 1896 1140 1904 —
1177 1874 1310 1915 Emer.

252 1933 427 1982 Agonem
449 1945 490 1971 se
506 1932 597 1971 vitae
616 1932 852 1982 transegisse
866 1940 1040 1973 testatur.

306 1990 433 2030 Ilum.
484 1993 616 2041 Quare
660 2000 805 2030 mortuo
831 1994 996 2043 pollices
1033 1994 1230 2041 ligantur?
1261 2016 1315 2022 —-

251 2048 384 2090 Emer.
405 2049 458 2089 Ut
478 2063 611 2102 parem
632 2058 722 2102 post
743 2049 895 2089 obitum
923 2063 1007 2090 esse
1030 2064 1072 2090 se
1092 2052 1202 2090 sciat.

308 2109 434 2148 Hmn.
475 2111 577 2159 Quid
609 2119 667 2147 est
703 2112 904 2162 Vespillo?
937 2133 991 2140 -—
1007 2110 1153 2149 Emer.
1189 2111 1311 2157 Quem

252 2170 366 2207 multi
388 2169 590 2219 devitant,
613 2178 651 2207 et
668 2182 784 2208 nemo
805 2169 958 2220 effugit.

304 2228 430 2268 Hum.
466 2231 569 2278 Quid
591 2239 646 2267 εει
673 2231 830 2280 Rogusi’
861 2251 912 2259 —
942 2230 1078 2269 Eric‘r.
1105 2229 1312 2269 Contentio

251 2289 414 2338 crediti,
430 2289 651 2342 persolutio
669 2289 809 2331 debiti.

303 2349 430 2389 Hans.
458 2350 563 2398 Quid
577 2358 636 2387 εει
663 2351 799 2387 Tuba?
818 2371 873 2379 —
891 2348 1023 2387 Emer.
1050 2348 1150 2387 Belli
1171 2349 1312 2388 incita-

250 2421 338 2447 men
357 2409 456 2460 (leg.
476 2409 815 2460 incitamentum),
836 2409 955 2447 castri
979 2408 1135 2458 signum
1152 2437 1162 2458 ,
1185 2420 1312 2446 arenae

248 2467 466 2507 admonitio
480 2497 491 2517 ,
530 2481 657 2508 scenae
693 2468 943 2519 commissio,
982 2468 1132 2506 funeris
1173 2467 1304 2519 deplo-

250 2528 366 2568 ratio.
774 2555 781 2561 .

303 2587 430 2626 Hann.
451 2589 556 2636 Quid
571 2597 627 2625 est
650 2590 966 2626 Monumentum?
983 2609 1039 2618 —
1058 2586 1192 2627 Emer.
1210 2587 1311 2626 Saxa

250 2646 458 2695 stigmosa,
481 2646 600 2685 otiosi
617 2646 782 2685 viatoris
804 2647 1010 2699 spectatio,

303 2704 429 2742 Hmn.
448 2707 554 2754 Quid
564 2714 621 2742 εει
631 2707 752 2743 Homo
769 2709 947 2757 pauper?
960 2729 1015 2735 -—
1033 2705 1167 2745 Emer.
1185 2704 1309 2752 Quem

249 2773 292 2804 ut
320 2773 481 2816 puteum
511 2764 706 2802 desertum
743 2778 880 2804 omnes
907 2765 1156 2818 adspiciunt,
1179 2773 1216 2803 et
1238 2778 1310 2803 suo

250 2824 337 2862 loco
352 2823 463 2861 illum
486 2823 731 2874 relinquunt.

303 2883 426 2921 Hmn.
448 2884 549 2931 Quid
562 2891 617 2919 εει
640 2883 789 2921 Homo?
802 2905 858 2913 —
872 2883 1007 2924 Emer.
1030 2884 1175 2922 Balneo
1193 2884 1304 2923 simi—

249 2938 313 2982 lis'.
349 2942 484 2980 Prima
508 2941 607 2979 cella
643 2942 854 2993 tepidaria,
888 2944 1095 2982 unctuaria
1134 2958 1142 2981 :
1180 2944 1309 2982 infans

249 3010 362 3040 natus
383 3002 631 3053 perungitur.
652 3001 830 3040 Secunda
843 3002 942 3040 cella
955 3002 1160 3041 sudatoria
1176 3003 1308 3064 pueri-

249 3061 304 3100 tia
322 3070 394 3100 est.
417 3059 553 3099 Tertia
572 3060 671 3098 cella
692 3073 805 3109 assa,
827 3062 1111 3112 pei-ferentaria
1123 3092 1134 3111 ,
1161 3061 1307 3113 juven·

250 3130 325 3161 tus.
349 3120 497 3167 Quarta
528 3119 627 3158 cella
663 3119 868 3170 frigidaria
895 3130 1096 3171 senectus,
1121 3121 1308 3161 omnibus

248 3188 376 3231 aequat
391 3180 636 3220 sententiam.

303 3239 429 3278 Hans.
447 3241 548 3288 Quid
561 3249 619 3277 εει
634 3242 753 3279 Homo
761 3243 782 3278 ‚³
800 3264 852 3270 —
870 3241 997 3280 Emer.
1009 3242 1134 3281 Pomo
1150 3242 1302 3283 similis.

247 3299 371 3338 Poma
391 3308 436 3338 ut
454 3300 497 3338 in
515 3299 729 3338 arboribus
755 3301 950 3353 pendent,
970 3302 1027 3341 sic
1050 3310 1142 3340 sunt
1158 3311 1196 3340 et
1216 3316 1307 3341 cor-

247 3372 347 3409 pora
366 3368 500 3398 nostra
522 3373 531 3397 :
551 3367 618 3398 aut
634 3368 786 3399 matura
806 3360 970 3412 cadunt,
987 3370 1053 3399 aut
1072 3361 1150 3399 cito
1166 3361 1308 3400 acerba

249 3428 383 3461 ruunt.

303 3478 427 3519 Hmn.
451 3479 554 3528 Quid
573 3485 629 3514 εει
646 3479 763 3518 Homo
773 3482 794 3518 Ρ
813 3502 868 3511 —
885 3479 1011 3520 Emer.
1026 3480 1136 3519 Sicut
1148 3479 1308 3518 lucerna

251 3536 292 3574 in
308 3546 426 3577 vento
445 3537 589 3591 posita.

1181 296 1511 337 ALTERCATIO

1436 385 1562 424 Ilion.
1591 387 1694 434 Quid
1706 394 1762 423 εει
1787 388 1935 425 Homo?
1953 407 2004 416 —
2024 386 2153 427 Emc'r.
2174 386 2268 426 Loci
2284 386 2441 440 hospes,

1383 445 1481 495 legis
1496 446 1626 494 imago
1638 473 1648 492 ,
1665 445 1896 484 calamitatis
1911 445 2042 484 fabula
2053 475 2063 493 ‚
2081 447 2321 498 mancipium
2339 460 2442 486 mor-

1384 505 1456 551 tis,
1479 505 1572 542 vitae
1599 517 1710 542 mora
1741 517 1750 542 :
1780 516 1860 555 quo
1883 503 2057 543 Fortuna
2084 518 2186 558 saepe
2215 519 2305 545 suos
2323 505 2441 546 ludos

1384 564 1485 601 facit.

1436 622 1563 662 lhos.
1589 624 1692 671 Quid
1703 632 1759 660 est
1773 625 1967 661 Fortuna?
1983 645 2034 653 —-
2046 624 2179 662 Emer.
2194 623 2247 662 Ut
2264 631 2444 664 matrona

1383 682 1554 731 nobilis,
1576 695 1664 733 quae
1685 682 1727 721 in
1748 695 1885 722 servos
1909 695 1950 721 se
1965 682 2165 735 impingit.

1437 741 1563 781 Hmn.
1587 743 1692 790 Quid
1709 751 1767 779 εει
1790 744 1989 780 Fortuna?
2007 763 2062 772 —
2080 742 2209 781 Emer.
2230 741 2324 781 Sine
2335 740 2444 794 judi·

1382 800 1443 838 cio
1476 800 1657 852 proxima
1682 809 1804 851 meta,
1839 800 2061 839 alienorum
2086 801 2285 840 bonorum
2316 815 2444 843 casus.

1381 860 1441 898 Ad
1463 873 1580 910 quem
1602 859 1734 908 venit,
1747 855 2012 912 'splendorem
2029 862 2223 910 ostendit3
2243 874 2266 900 a
2286 875 2367 914 quo
2382 875 2445 901 re-

1383 920 1503 968 cedit,
1525 919 1708 959 umbram
1728 920 1832 958 facit.

1437 979 1562 1017 Halm.
1601 981 1706 1028 Quot
1731 988 1818 1016 sunt
1835 988 1961 1017 autem
1990 981 2199 1019 Fortunae?
2224 1001 2278 1010 —
2310 982 2442 1022 Emer.

1381 1038 1478 1077 Tres
1508 1053 1517 1077 t
1542 1052 1620 1077 una
1652 1051 1774 1086 caeca,
1797 1051 1885 1090 quae
1906 1037 2078 1077 ubilibet
2099 1052 2140 1077 se
2171 1039 2382 1091 impingit3
2405 1049 2446 1079 et

1381 1098 1459 1136 alia
1487 1100 1643 1147 insana,
1673 1111 1762 1149 quae
1789 1097 1989 1149 concedit,
2032 1098 2110 1136 cito
2140 1098 2289 1147 aufert;
2328 1099 2444 1138 tertia

1381 1157 1521 1208 surda,
1544 1171 1631 1210 quae
1661 1158 1897 1196 miserorum
1918 1171 2054 1209 preces
2075 1171 2154 1196 non
2180 1158 2357 1198 exaudit.

1435 1217 1557 1255 HADR.
1589 1219 1699 1266 Quid
1726 1226 1813 1254 sunt
1852 1218 1919 1257 Dii
1928 1219 1949 1254 ,Ρ
1976 1238 2031 1246 —
2061 1216 2190 1255 Emer.
2228 1216 2442 1258 Oculorum

1380 1275 1512 1326 signa,
1534 1276 1675 1314 mentis
1695 1275 1859 1314 numina
1879 1290 1888 1314 ε
1919 1276 1952 1314 si
1975 1276 2118 1314 metuis
2132 1306 2143 1325 ‚
2171 1276 2290 1315 tImor
2311 1286 2388 1326 est,
2408 1277 2443 1317 si

1382 1335 1559 1374 contines
1573 1365 1584 1383 ,
1610 1335 1753 1385 religio
1767 1343 1844 1385 est.
2028 1379 2030 1382 .

1434 1393 1558 1432 lima.
1579 1395 1685 1441 Quid
1698 1394 1854 1431 εειδοί.ρ
1875 1415 1930 1423 -
1951 1392 2083 1432 Emer.
2104 1393 2300 1446 Splendor
2313 1393 2443 1447 orbis,

1380 1452 1449 1502 qui
1480 1452 1585 1490 tollit
1609 1461 1647 1490 et
1668 1453 1784 1504 ponit
1807 1452 1934 1501 diem,
1961 1465 2033 1504 per
2058 1465 2175 1504 quem
2203 1453 2305 1493 scire
2324 1453 2441 1493 nobis

1379 1525 1536 1550 cursum
1554 1512 1740 1550 horarum
1759 1512 1889 1551 datur.

1433 1571 1558 1612 mnu.
1586 1573 1693 1620 Quid
1718 1581 1776 1609 εει
1810 1572 1986 1609 Coelum?
2021 1593 2077 1601 —
2110 1571 2242 1610 Ertc'r.
2276 1571 2443 1612 Culmen

1378 1631 1629 1670 immensum.

1433 1690 1557 1728 Hinn.
1578 1691 1682 1738 Quid
1695 1699 1751 1728 est
1767 1691 1909 1728 Coelum
1921 1692 1942 1728 P
1954 1711 2006 1720 ——
2021 1689 2152 1729 Eric‘r.
2166 1691 2246 1730 Aer
2259 1692 2441 1732 mundus.

1433 1750 1556 1789 llum.
1576 1752 1678 1799 Quid
1704 1759 1794 1788 sunt
1812 1751 1975 1788 Stellae?
2010 1772 2064 1780 -
2094 1750 2228 1792 Emc‘r.
2251 1751 2343 1791 Fata
2369 1751 2441 1792 ho·

1380 1809 1544 1850 minum.

1432 1872 1555 1910 llum.
1582 1874 1686 1921 Quid
1714 1881 1803 1910 sunt
1829 1873 1995 1910 Stelloe?
2029 1894 2083 1903 —
2116 1871 2250 1912 Emer.
2289 1871 2442 1913 Littora

1378 1930 1704 1981 gubernatorum.

1433 1991 1558 2028 timu.
1593 1992 1696 2039 Quid
1720 1999 1778 2028 εει
1811 1993 1963 2028 Terra?
1996 2012 2051 2021 —
2079 1993 2208 2030 Emc'r.
2245 1993 2439 2030 Horreum

1377 2050 1548 2090 Cereris.

1430 2109 1555 2149 lima.
1579 2110 1686 2158 Quid
1702 2117 1759 2146 εει
1787 2110 1935 2146 Terra?
1965 2130 2021 2138 —
2054 2108 2184 2150 Eric-r.
2221 2109 2435 2150 Cellarium

1377 2171 1480 2209 vitae.

1431 2230 1558 2269 HAnn.
1581 2230 1684 2278 Quid
1694 2237 1751 2266 εει
1763 2230 1878 2266 Mare
1890 2231 1910 2265 Ρ
1927 2251 1980 2257 —
1998 2227 2126 2267 Eme-r.
2142 2227 2222 2266 lter
2233 2228 2439 2268 incertum.

1429 2289 1556 2327 Bana.
1581 2290 1687 2338 Quid
1702 2296 1756 2326 est
1785 2291 1904 2327 Navis
1916 2290 1938 2325 ἱ)
1956 2283 2011 2317 ·—'
2036 2287 2166 2327 Emer.
2198 2288 2351 2328 Domus
2377 2303 2440 2328 er-

1378 2349 1516 2389 ratica.

1429 2407 1554 2446 Hmn.
1583 2409 1689 2457 Quid
1699 2415 1756 2444 εει
1771 2408 1916 2445 Navis?
1936 2427 1992 2436 —
2010 2405 2143 2447 Emer.
2163 2405 2344 2446 Ubilibet
2367 2405 2439 2445 ho-

1375 2468 1554 2520 spitium.

1428 2527 1554 2567 Ihm.
1586 2528 1692 2575 Quid
1713 2534 1771 2564 εει
1794 2527 1941 2563 Navis?
1965 2546 2020 2554 —
2038 2524 2171 2563 Emer.
2195 2522 2341 2564 Nuntia
2358 2525 2434 2566 Ne-

1373 2588 1509 2638 ptuni,
1529 2587 1623 2625 anni
1643 2597 1827 2624 cursuum
1846 2583 2111 2623 tabellarium.

1429 2647 1553 2684 Hmn.
1578 2647 1686 2694 Quid
1702 2646 1863 2683 Nautai’
1883 2665 1938 2673 —
1954 2643 2081 2682 Emer.
2104 2645 2266 2692 Amator
2289 2643 2434 2696 pelagi,

1375 2707 1481 2745 firmi
1500 2706 1693 2754 desertor,
1716 2712 1939 2743 contemtor
1961 2703 2051 2742 vitae
2073 2704 2305 2755 morti-sque,
2323 2703 2438 2743 undae

1377 2766 1517 2804 cliens.

1427 2825 1555 2864 Hann.
1595 2825 1702 2873 Quid
1725 2832 1783 2861 εει
1813 2823 2004 2860 Somnus?
2037 2844 2090 2851 —-
2122 2821 2257 2862 Emer.
2295 2820 2437 2860 Mortis

1375 2886 1523 2936 imago.

1425 2945 1549 2983 HADR.
1573 2945 1681 2993 Quid
1693 2952 1751 2981 εει
1768 2945 1890 2981 Nox?
1907 2964 1962 2972 —
1984 2941 2117 2980 Enc‘r.
2136 2940 2351 2979 Laboranti
2369 2953 2435 2979 re-

1374 3004 1488 3056 quies
1502 3035 1512 3055 ,
1536 3003 1732 3055 grassanti
1750 3003 1914 3041 lucrum.

1429 3065 1554 3102 Hmn.
1579 3064 1686 3112 Quid
1702 3070 1761 3100 εει
1790 3062 1985 3099 Culciera?
2004 3083 2052 3090 ·-—
2071 3058 2200 3097 Emer.
2223 3057 2270 3097 ln
2287 3059 2436 3098 somnis

1372 3122 1668 3163 volutatorium.
2231 3121 2244 3132 '

1425 3183 1551 3222 flaua.
1577 3183 1707 3230 Quare
1738 3182 1865 3216 Venus
1882 3179 1986 3216 nuda
2001 3180 2202 3228 pingitur?
2226 3198 2280 3207 —
2298 3176 2432 3216 Emer.

1370 3242 1482 3282 Nuda
1498 3241 1628 3280 Venus
1649 3240 1752 3292 picta
1776 3240 1789 3291 (
1807 3241 1883 3288 leg.
1903 3238 2008 3290 picta
2028 3247 2086 3276 est
2099 3242 2123 3288 ),
2142 3237 2238 3276 nudi
2259 3237 2435 3290 pingun-

1370 3312 1436 3342 tur
1457 3305 1631 3341 Amores.

1422 3361 1577 3409 Quibus
1601 3360 1700 3412 (leg.
1722 3360 1793 3396 sed
1809 3358 1918 3410 quoe)
1939 3357 2044 3396 nuda
2059 3358 2207 3409 placet,
2233 3355 2360 3395 nudos
2380 3355 2434 3394 di-

1374 3424 1500 3460 mittat
1520 3427 1688 3473 oportet.

1430 3481 1555 3518 Hann.
1595 3481 1723 3528 Quare
1755 3478 1883 3514 Venus
1917 3478 2088 3514 Vulcano
2110 3485 2228 3527 nupta
2261 3484 2318 3513 est
2327 3477 2349 3512 ἱ)
2378 3494 2433 3503 —

1373 3540 1504 3579 Eme-r.
1525 3538 1704 3579 Ostendit
1720 3549 1892 3575 amorem
1914 3535 2054 3575 ardore
2071 3534 2243 3575 incendi.
