2612 3814
1071 487 1190 562 DE
1246 481 1779 562 CLEANTHE.

1231 669 1620 692 -Ομ-

384 826 601 871 Cleanthes‚
622 823 758 861 Phanii
781 821 831 875 (1)
848 821 970 870 filius,
995 821 1124 859 Assius
1143 819 1219 872 (α),
1260 819 1390 856 adole·

329 899 437 924 scens
455 886 623 924 Athenas
642 885 765 929 venit,
787 883 855 918 ubi
870 881 1125 932 philosophiae
1159 892 1295 916 amore
1330 879 1392 914 in-

330 959 463 984 census
491 957 563 994 per
590 943 830 993 undeviginti
862 954 983 978 annos
1009 941 1202 979 Zenonem
1231 939 1396 977 Citieum

333 1006 495 1042 audivit.
517 1003 593 1041 Sed
611 1016 731 1053 quum
747 1003 876 1038 subito
897 1014 918 1038 e
934 1001 1067 1050 pugile
1087 1000 1283 1049 sapientiae
1312 1005 1395 1035 stu-—

331 1065 462 1101 diosus
482 1063 604 1100 factus
623 1063 743 1098 vitam
767 1062 935 1110 primum
958 1060 997 1096 in
1025 1066 1190 1109 egestate
1215 1058 1394 1108 degeret,

330 1131 450 1160 noctu
468 1135 488 1159 e
505 1129 623 1173 puteo
638 1134 776 1170 aquam
790 1120 944 1156 haurire
962 1132 1005 1156 ac
1019 1131 1203 1155 manuum
1219 1118 1397 1155 mercede

330 1183 503 1231 inopiam
524 1181 691 1218 tolerare
711 1181 871 1217 solebat.
893 1179 985 1228 Quae
1016 1191 1077 1216 res
1101 1186 1338 1215 contemtum
1363 1178 1398 1214 ei

331 1242 482 1287 attulit,
505 1248 549 1276 ut
565 1253 639 1290 pro
661 1240 844 1277 Cleanthe
863 1237 1087 1275 Plireantlcs
1104 1245 1322 1276 vocaretur.
1346 1239 1397 1275 At

331 1301 453 1337 multo
485 1300 631 1348 majore
667 1300 791 1345 malo,
815 1299 959 1349 ingenii
986 1298 1165 1335 tarditate
1185 1296 1264 1349 (3),
1287 1298 1397 1334 labo-

335 1361 464 1407 rabat,
497 1372 612 1409 quam
640 1360 855 1397 studiorum
889 1359 1088 1395 laboribus
1119 1366 1156 1395 et
1184 1358 1399 1395 meditandi

334 1420 588 1456 diuturnitate
613 1419 767 1456 tandem
784 1420 837 1455 ita
856 1419 972 1469 vicit,
993 1426 1037 1454 ut
1053 1420 1236 1468 magistro
1252 1419 1291 1453 in
1305 1431 1398 1467 por-

334 1480 411 1516 ticu
428 1479 653 1516 Atheniensi
673 1479 910 1517 succederet.
947 1480 1083 1527 Itaque
1119 1478 1399 1527 discipulorum

333 1539 446 1574 ctiam
479 1538 696 1587 frequentia
728 1538 941 1574 celebratus
977 1545 1053 1584 est,
1085 1550 1253 1586 quorum
1284 1550 1398 1573 nemo

333 1597 476 1633 clarior
493 1597 566 1634 fuit
583 1610 694 1646 quam
710 1597 953 1645 Chrysippus.
967 1598 1101 1645 Neque
1118 1609 1212 1633 vero
1232 1597 1399 1646 publicis

332 1657 457 1692 solum
481 1656 808 1706 disputationibus
824 1656 1006 1705 prodesse
1021 1656 1219 1706 discipulis
1232 1656 1397 1704 studuit,

331 1715 399 1752 sed
426 1717 659 1765 scriptorum
697 1717 812 1754 etiam
838 1715 1085 1752 multitudine
1118 1728 1162 1752 ac
1193 1716 1395 1764 varietate,

332 1788 416 1824 quae
433 1788 454 1812 a
474 1777 649 1825 Diogene
672 1776 822 1814 Laertio
839 1775 928 1822 VII,
952 1774 1127 1823 174-175
1149 1776 1307 1824 aliisque
1331 1789 1399 1813 ve-

332 1842 456 1871 terum
468 1843 745 1872 memorantur.
755 1837 802 1872 In
811 1836 953 1871 horum
967 1836 1085 1872 titulis
1097 1836 1164 1885 qui
1176 1843 1263 1871 sunt
1274 1849 1399 1885 prope

332 1898 530 1946 sexaginta
563 1903 742 1932 accurate
779 1896 1022 1932 recensendis
1063 1908 1223 1945 operam
1252 1908 1398 1945 ponere

331 1963 420 2005 post
451 1958 486 1994 J.
514 1956 604 1994 Alb.
635 1956 857 1993 Fabricium
889 1957 988 1994 Bibl.
1019 1956 1140 1993 Graec.
1173 1954 1231 1992 Ill
1254 1969 1292 2005 p.
1319 1955 1391 1992 551

332 2028 409 2064 seq.
419 2016 480 2054 ed.
493 2017 601 2053 Harl.
620 2016 815 2063 nolumus,
826 2015 1016 2065 siquidem
1027 2015 1140 2063 hujus
1155 2016 1396 2064 aliorumque

333 2076 505 2112 virorum
525 2075 732 2112 doctorum
753 2075 954 2126 diligentia
973 2075 1069 2111 nihil
1095 2075 1175 2112 fere
1195 2075 1308 2111 nobis
1334 2087 1394 2111 re-

331 2135 480 2184 liquum
500 2135 572 2172 hac
594 2136 632 2171 in
652 2148 695 2172 re
711 2135 814 2172 fecit.

385 2196 467 2231 Jam
479 2195 509 2230 si
520 2196 742 2245 quaerimus,
755 2195 878 2244 qualis
891 2201 1133 2243 quantusque
1144 2194 1397 2244 philosophus

376 2362 420 2404 (1)
445 2362 603 2403 Diogenes
620 2363 767 2396 Laertius
789 2365 862 2404 vn,
885 2367 942 2396 168
963 2374 971 2396 :
992 2363 1151 2402 Κλεάνθης
1168 2363 1311 2404 Φανίου,
1327 2363 1399 2396 Ἀσ-

332 2421 410 2446 σιος.
430 2410 530 2447 Οὗτος
543 2414 667 2453 πρῶτον
686 2411 724 2451 ἦν
741 2410 862 2449 πύκτης
874 2435 882 2451 ,
904 2412 945 2449 ὥς
962 2423 1056 2453 φησιν
1078 2411 1271 2450 Ἀντισθένης
1287 2411 1318 2445 ἐν
1335 2413 1400 2443 διοι-

333 2458 453 2498 δοχαῖς.
476 2457 673 2499 Ἀφικόμενος
696 2459 728 2491 δὲ
747 2460 790 2496 εἰς
805 2459 950 2499 Ἀθήνας,
964 2461 1120 2502 τέσσαρας
1153 2460 1237 2502 ἔχων
1259 2460 1400 2502 δραχμάς

335 2505 435 2543 (καθά
464 2505 539 2546 φασί
555 2508 651 2546 τινες)
680 2508 733 2539 καὶ
751 2508 870 2545 Ζήνωνι
889 2509 1081 2551 παραὸαλὼν
1106 2508 1313 2550 ἐφιλοσόφησε
1332 2519 1398 2548 γεν-

333 2551 486 2583 ναιότατα
497 2576 506 2591 ,
521 2553 575 2584 καὶ
593 2553 642 2585 ἐπὶ
659 2557 722 2586 τῶν
740 2554 845 2587 αὐτῶν
863 2554 965 2596 ἔμεινε
993 2555 1171 2597 δογμάτων.
1194 2556 1350 2595 Διεὸοήθη
1369 2556 1402 2588 δὲ

335 2600 384 2630 ἐπὶ
416 2601 600 2642 φιλοπονίᾳ,
620 2601 653 2637 ὅς
681 2613 717 2642 γε
743 2602 836 2640 πένης
863 2604 907 2635 ὢν
927 2603 1007 2645 ἄγαν
1035 2605 1164 2645 ὥρμησε
1187 2605 1401 2646 μισθοφορεῖν’

335 2647 388 2678 καὶ
404 2647 527 2688 νύκτωρ
546 2649 600 2688 μὲν
619 2648 650 2680 ἐν
667 2651 730 2685 τοῖς
753 2650 864 2688 κήποις
879 2651 999 2692 ἤντλει,
1016 2653 1082 2693 μεθ’
1097 2652 1215 2692 ἡμέραν
1238 2651 1271 2684 δὲ
1290 2652 1321 2684 ἐν
1338 2654 1402 2688 τοῖς

334 2694 439 2734 λόγοις
465 2694 670 2735 ἐγυμνάζετο·
701 2696 769 2728 ὅθεν
794 2698 847 2729 καὶ
880 2698 1057 2740 Φρεάντλης
1086 2699 1214 2738 ἐκλήθη.
1245 2699 1362 2732 Suidas
1393 2711 1401 2732 ε

338 2741 506 2782 Κλεάνθης,
521 2742 655 2783 Φανίου,
668 2743 788 2780 Ἄσσιος
798 2768 807 2784 ,
823 2746 960 2786 μαθητὴς
975 2746 1149 2788 Κράτητος,
1164 2747 1233 2779 εἶτα
1246 2747 1402 2786 Ζήνωνος.

337 2789 374 2821 οὗ
402 2790 457 2821 καὶ
477 2789 621 2832 διάδοχος
641 2791 769 2832 γέγονε,
785 2792 971 2831 διδάσκαλος
989 2795 1021 2826 δὲ
1046 2798 1103 2827 τοῦ
1131 2795 1300 2836 φιλοσόφου
1322 2797 1402 2837 Χρυ-

337 2838 470 2869 σίππου.
495 2836 596 2874 Οὗτος
623 2838 771 2880 πρότερον
800 2839 838 2879 ἦν
869 2841 1005 2882 πύκτης,
1025 2842 1120 2874 ἐλθὼν
1147 2843 1181 2875 δὲ
1204 2844 1246 2880 εἰς
1278 2843 1404 2881 Ἀθήνας

336 2884 457 2925 ἠράσθη
477 2884 658 2925 φιλοσοφίας
675 2887 729 2917 καὶ
747 2890 898 2919 τοσοῦτον
914 2889 1023 2930 γέγονε
1039 2890 1222 2931 φιλόπονος,
1241 2891 1324 2922 ὥστε
1337 2891 1404 2922 δεύ-

336 2942 421 2972 τερος
437 2932 593 2973 Ἡρακλῆς
610 2933 772 2971 κληθῆναι·
793 2934 836 2974 μή
853 2934 935 2976 ἔχων
949 2936 1008 2977 γὰρ
1022 2936 1092 2968 ὅθεν
1116 2937 1245 2979 τραφείη
1257 2961 1266 2976 ,
1279 2938 1335 2974 τὰς
1349 2938 1404 2979 μὲν

336 2980 450 3016 νύκτας
468 2980 570 3018 ἤντλει
598 2980 682 3020 ὕδωρ
709 2982 829 3021 μισθῷ,
845 2984 899 3014 καὶ
918 2983 984 3024 μεθ’
1000 2984 1118 3025 ἡμέραν
1144 2988 1208 3022 τοῖς
1239 2986 1403 3026 μαθήμασι

336 3027 390 3105 uzi
417 3029 481 3064 τοῖς
507 3027 637 3069 βιὸλὶοις
665 3028 843 3069 ἐσχόλαζεν·
870 3030 937 3062 ὅθεν
963 3031 1173 3073 ἐπωνομάσθη
1198 3033 1253 3065 καὶ
1281 3033 1403 3074 Φρεάν-

338 3085 356 3104 τ
376 3085 423 3112 ης.

381 3122 427 3162 (2)
452 3122 634 3163 Stephanus
650 3123 824 3165 Byzantius
840 3133 866 3158 s,
889 3134 921 3157 ν.
936 3125 1052 3164 Ἀσσός
1063 3151 1073 3167 ,
1092 3128 1180 3165 πόλις
1196 3129 1314 3167 Λυδίας
1335 3130 1403 3162 κτλ.

338 3168 397 3200 Ἐκ
422 3169 455 3201 δὲ
477 3173 532 3208 τῆς
558 3169 669 3203 Ἀσσοῦ
694 3171 851 3210 Κλεάνθης
876 3172 914 3213 ἦν
939 3175 956 3206 ὁ
982 3175 1117 3212 στωικὸς
1137 3175 1320 3217 φιλόσοφος,
1339 3177 1404 3209 διά·

339 3216 432 3258 ὃοχος
461 3220 515 3256 τῆς
543 3219 660 3259 σχολῆς
688 3219 830 3257 Ζήνωνος
861 3224 918 3252 τοῦ
947 3223 1099 3262 Κιτιέως,
1128 3224 1167 3261 ἢν
1197 3224 1405 3258 καταλέλοιπε

338 3263 594 3344 Χρυσίππὲ).(’31“ὸ
611 3266 730 3299 ἐθνικὸν
745 3266 868 3305 Ἄσσιος
890 3269 944 3300 καὶ
960 3269 1097 3308 Ἀσσεύς-
1126 3271 1177 3304 Cf.
1201 3272 1306 3304 Strab.
1327 3274 1404 3305 XIII

342 3319 372 3352 p.
394 3313 455 3343 610
470 3320 486 3344 e
514 3337 520 3344 .
565 3320 611 3345 as.

385 3359 430 3399 (3)
456 3359 614 3401 Diogenes
629 3361 706 3401 Vll,
727 3363 785 3394 170
804 3375 812 3395 ε
828 3361 891 3395 Ἦν
914 3363 952 3402 δὴ
969 3365 1096 3404 πονικὸς
1116 3365 1185 3408 μὲν,
1202 3367 1353 3409 ἀφύσικος
1371 3369 1404 3402 δὲ

308 3451 311 3454 ¹
342 3406 394 3438 καὶ
416 3407 528 3448 βραδὺς
543 3407 810 3450 ὑπερὸαλλόντως.

386 3455 431 3495 (4)
452 3455 611 3496 Diogenes
631 3457 776 3490 Laertius
799 3457 855 3491 lib.
881 3460 956 3499 VII,
978 3463 1016 3493 37
1051 3474 1059 3493 :
1090 3460 1264 3502 Κλεάνθης,
1283 3463 1405 3495 Φανίου

343 3505 486 3544 Ἀσσιος,
507 3503 524 3535 ὁ
540 3503 756 3546 διαδεξάμενος
785 3506 841 3544 τήν
871 3507 1002 3548 σχολήν·
1020 3508 1055 3541 ὃν
1078 3511 1133 3542 καὶ
1153 3510 1318 3552 ἀφωμοίου
1338 3517 1405 3549 ταῖς

1455 818 1656 856 Cleanthes
1678 815 1819 865 suerit,
1839 813 1997 851 difficile
2014 820 2090 860 est,
2113 812 2294 850 omnibus
2315 811 2395 861 ejus
2414 813 2524 850 libris

1456 879 1600 916 arnissis
1613 906 1623 924 ,
1643 890 1690 914 ex
1711 889 1821 926 aequo
1839 883 1876 913 et
1897 875 2006 912 bono
2022 874 2069 912 de
2088 885 2135 910 eo
2154 873 2345 922 judicare.
2373 873 2421 910 Id
2438 880 2525 910 tan-

1458 947 1538 978 tum
1563 944 1724 987 apparet
1747 936 1944 980 hominem
1960 963 1970 982 ,
1996 933 2103 982 cujus
2129 933 2247 970 animi
2277 933 2377 970 acies
2403 932 2523 982 paulo

1457 997 1633 1033 obtusior
1650 1002 1746 1032 esset
1767 993 1819 1047 (4)
1831 1022 1841 1041 ,
1869 995 1910 1031 in
1927 994 2096 1044 magistri
2115 992 2278 1030 decretis
2297 993 2522 1042 perstitisse,

1456 1069 1582 1105 neque
1615 1055 1780 1091 multum
1810 1054 1861 1091 ad
1893 1055 2116 1092 Stoicorum
2156 1052 2374 1089 doctrinam
2403 1050 2522 1106 perti·

1459 1116 1633 1154 ciendam
1652 1116 1835 1154 attulisse.
1861 1115 1906 1153 ln
1932 1114 2041 1150 libris
2061 1126 2159 1163 quos
2187 1113 2236 1150 de
2256 1113 2328 1150 diis
2347 1112 2524 1150 confece-

1457 1185 1518 1213 rat
1539 1175 1609 1226 (5),
1629 1183 1721 1213 teste
1754 1175 1940 1213 Cicerone
1963 1173 2043 1225 (6),
2067 1181 2148 1211 tum
2181 1174 2310 1224 ipsium
2336 1173 2523 1210 mundum

1459 1237 1575 1274 deum
1590 1249 1669 1274 esse
1686 1236 1861 1283 dicebat,
1880 1243 1959 1272 tum
1973 1236 2092 1272 totius
2105 1241 2251 1272 naturae
2270 1234 2390 1271 menti
2407 1240 2523 1284 atque

1458 1298 1585 1334 animo
1604 1297 1681 1334 hoc
1704 1308 1849 1333 nomen
1866 1295 2062 1333 tribuebat
2085 1308 2094 1334 :
2120 1303 2202 1332 tum
2217 1295 2397 1331 ultimum
2413 1301 2451 1331 et
2467 1294 2524 1331 al·

1460 1358 1643 1394 tissimum
1654 1364 1770 1406 atque
1782 1355 1953 1405 undique
1965 1355 2241 1392 circumfusum
2254 1361 2292 1391 et
2305 1361 2520 1391 extremum

1460 1418 1666 1466 omniaque
1706 1417 1924 1466 cingentem
1965 1423 2003 1452 et
2047 1416 2292 1465 complexum
2323 1414 2523 1462 ardorem,

1460 1490 1573 1526 quem
1593 1477 1773 1513 aetherem
1789 1476 2056 1527 nominarent,
2074 1476 2325 1514 certissimum
2341 1474 2456 1512 deum
2467 1474 2524 1524 ju-

1460 1536 1627 1572 dicabat.

1515 1595 1621 1632 ldem
1639 1607 1734 1631 vero
1754 1595 1861 1643 quasi
1882 1594 2048 1631 delirans
2063 1595 2103 1630 in
2118 1593 2226 1630 libris
2244 1595 2524 1644 Epicureorum

1458 1654 1650 1704 voluptati
1672 1653 1726 1703 (7)
1746 1654 1938 1703 oppositis
1957 1653 2076 1690 modo
2091 1653 2255 1690 formam
2269 1653 2474 1702 quamdam
2489 1659 2527 1691 et

1458 1715 1624 1764 speciem
1646 1713 1808 1750 deorum
1828 1712 1958 1761 finxit,
1974 1708 2093 1750 modo
2110 1725 2264 1750 omnem
2285 1712 2525 1750 divinitatem

1459 1775 1567 1810 astris
1598 1774 1759 1820 tribuit,
1793 1774 1914 1811 niodo
1936 1774 2032 1810 nihil
2062 1774 2214 1811 ratione
2245 1773 2415 1810 divinius
2446 1785 2527 1811 esse

1459 1836 1666 1872 arbitratus
1685 1843 1753 1872 est.
1779 1835 1905 1880 Quid?
1922 1835 2030 1884 quod
2047 1836 2130 1872 aliis
2144 1835 2240 1872 locis
2257 1835 2378 1871 solem
2398 1833 2527 1871 domi-

1459 1897 1543 1932 nari
1569 1903 1607 1932 et
1625 1908 1755 1932 rerum
1783 1896 1904 1945 potiri
1932 1896 2065 1932 statuit
2085 1894 2159 1945 (8).
2186 1894 2262 1932 Sed
2280 1895 2417 1931 melius
2437 1905 2524 1931 eum

1460 1955 1508 1991 de
1523 1955 1684 1992 deorum
1703 1956 1865 1991 numine·
1873 1955 2031 1991 sensisse
2045 1961 2273 2004 argumento
2291 1960 2347 1990 est
2358 1954 2526 2004 hymnus
2574 1946 2580 1950 ⁶

1459 2015 1500 2050 in
1518 2016 1539 2051 J
1543 2027 1655 2051 ovem
1671 2015 1837 2064 scriptus
1857 2013 1964 2064 apud
1980 2013 2177 2050 Stobaeum
2197 2014 2331 2063 Eclog.
2354 2011 2470 2063 Phys.
2489 2012 2523 2060 Ι,

1431 2064 1436 2080 '
1462 2089 1501 2125 2,
1521 2088 1580 2122 12,
1601 2087 1718 2123 quem
1739 2074 1839 2111 infra
1859 2075 1989 2124 posui.
2012 2074 2199 2111 Caeterum
2216 2085 2296 2110 esse
2314 2075 2440 2110 Deum
2461 2072 2526 2110 di-

1459 2136 1621 2185 ligenter
1661 2135 1922 2172 demonstrare
1967 2134 2196 2183 conabatur,
2231 2132 2526 2170 dialecticorum

1460 2207 1568 2231 more
1587 2195 1818 2231 ratiocinans
1842 2194 1920 2231 sive
1939 2194 2184 2244 interrogans
2209 2193 2463 2245 (ouveporct‘iiv),
2483 2199 2529 2230 ut

1461 2364 1686 2406 σκληροκήροις
1695 2364 1835 2405 δέλτοις,
1855 2365 1888 2397 αἳ
1905 2364 1992 2406 μόλις
2009 2364 2065 2406 μὲν
2082 2363 2271 2406 γράφονται,
2284 2365 2467 2406 διατηροῦσι
2493 2366 2527 2399 δὲ

1461 2413 1500 2445 τὰ
1513 2414 1679 2455 γραφέντα.
1694 2413 1891 2445 Plutarchus
1906 2413 1988 2445 libro
2003 2412 2081 2454 Περὶ
2091 2415 2148 2444 τοῦ
2161 2411 2288 2445 ἀκούειν
2301 2412 2397 2453 paulo
2413 2413 2527 2447 aliter:

1461 2459 1586 2501 Ὥσπερ
1610 2460 1628 2492 ὁ
1651 2459 1808 2498 Κλεάνθης
1830 2461 1883 2493 καὶ
1904 2461 1921 2492 ὁ
1942 2459 2139 2503 Ξενοκράτης
2159 2460 2340 2502 βραδύτεροι
2365 2460 2529 2498 δοκοῦντες

1462 2506 1539 2538 εἶναι
1556 2510 1619 2538 τῶν
1639 2508 1885 2549 συσχολαστῶν,
1904 2509 1964 2540 οὐκ
1977 2507 2206 2551 ἀπεδίδρασκον
2226 2509 2262 2541 ἐκ
2276 2511 2333 2541 τοῦ
2351 2508 2528 2551 μανθάνειν,

1462 2554 1526 2587 οὐδ’
1543 2554 1738 2597 ἀπέκαμνον,
1756 2556 1835 2588 ἀλλὰ
1851 2556 2014 2598 φθάνοντες
2028 2558 2072 2594 εἰς
2089 2556 2221 2595 ἑαυτοὺς
2238 2556 2377 2596 ἔπαιζον,
2391 2555 2530 2598 ἀγγείοις

1461 2613 1495 2635 τε
1512 2603 1744 2645 βραχυστόμοις
1761 2605 1815 2637 καὶ
1831 2604 1973 2638 πινακίσι
1987 2605 2121 2648 χαλκαῖς
2134 2604 2370 2645 ἀπεικάζοντες,
2385 2606 2428 2642 ὡς
2441 2604 2530 2647 μόλις

1463 2652 1518 2693 μὲν
1535 2652 1787 2694 παραδεχόμενοι
1804 2654 1875 2691 τοὺς
1889 2653 2001 2694 λόγους
2011 2678 2020 2694 ,
2035 2653 2184 2695 ἀσφαλῶς
2200 2653 2234 2686 δὲ
2253 2653 2308 2686 καὶ
2323 2653 2459 2695 βεὸαίως
2474 2664 2528 2692 τη·

1463 2712 1598 2743 ρουντες.

1505 2750 1550 2790 (5)
1569 2750 1729 2790 Diogenes
1746 2750 1894 2783 Laertius
1909 2750 1966 2783 lib.
1983 2751 2059 2791 VII,
2078 2752 2137 2784 175
2150 2750 2226 2792 Περὶ
2242 2750 2333 2782 Θεῶν.
2350 2752 2530 2791 Harpocra-

1464 2798 1532 2831 tion
1540 2807 1572 2830 v.
1583 2799 1720 2840 Αέσχαι.
1732 2798 1923 2831 Plutarchus
1933 2798 2113 2831 devitando
2122 2806 2187 2830 οπο
2195 2798 2298 2831 alieno
2312 2806 2341 2830 e.
2358 2801 2376 2832 7
2390 2811 2398 2830 :
2413 2797 2529 2831 Κλεάν-

1464 2847 1518 2885 θην
1536 2847 1569 2878 δὲ
1587 2847 1732 2887 βασιλεὺς
1751 2846 1923 2887 Ἀντίγονος
1938 2846 2066 2887 ἠρώτα,
2085 2846 2137 2879 διὰ
2155 2845 2271 2888 χρόνον
2290 2844 2482 2888 θεασάμενος
2497 2846 2530 2879 ἐν

1463 2897 1530 2931 ταῖς
1548 2894 1703 2933 Ἀθήναις·
1719 2895 1801 2931 ἀλεῖς
1819 2894 1862 2926 ἔτι
1883 2893 2054 2935 Κλέανθες;
2077 2894 2163 2933 ἀλῶ,
2182 2893 2289 2935 φησίν,
2303 2893 2330 2926 ὦ
2352 2894 2497 2936 βασιλεῦ,
2510 2893 2529 2927 ὃ

1463 2945 1546 2974 ποιῶ
1565 2942 1657 2974 ἕνεκα
1687 2945 1743 2974 τοῦ
1771 2945 1837 2984 ζῇν,
1867 2941 1962 2973 μόνον
1993 2942 2027 2974 δὲ
2047 2942 2224 2979 ἀποστῆναι
2248 2941 2326 2982 μηδὲ
2348 2940 2530 2982 φιλοσοφίας

1465 2989 1664 3033 βουλόμενος.
1684 2989 1786 3022 ''Oa-ov
1811 2994 1848 3022 τό
1876 2990 2017 3031 φρόνημα
2038 2992 2095 3021 τοῦ
2112 2988 2241 3030 ἀνδρός,
2262 2988 2326 3022 ἀπὸ
2351 2991 2408 3021 τοῦ
2429 2988 2528 3033 μύλου

1463 3040 1517 3071 καὶ
1543 3043 1597 3078 τῆς
1626 3037 1765 3080 μάκτρας
1782 3037 1948 3077 πεπτούσῃ
1973 3037 2052 3079 χειρὶ
2073 3036 2128 3069 καὶ
2156 3036 2277 3077 ἀλούσῃ
2305 3035 2432 3078 γράφειν
2459 3036 2530 3078 περὶ

1464 3088 1553 3125 θεῶν,
1569 3086 1624 3118 καὶ
1643 3084 1793 3124 σελήνης,
1810 3083 1864 3116 καὶ
1881 3083 2005 3125 ἄστρων
2022 3084 2075 3115 καὶ
2089 3082 2190 3122 ἡλίου.

1508 3135 1554 3176 (ο)
1578 3134 1689 3166 Cicero
1704 3132 1745 3165 de
1759 3133 1830 3165 Nat.
1853 3131 1942 3163 deor.
1959 3131 2015 3163 lib.
2031 3133 2058 3170 I,
2077 3134 2128 3164 14.

1507 3182 1553 3225 (7)
1579 3182 1736 3222 Diogenes
1762 3179 1909 3213 Laertius
1936 3179 1992 3213 lib.
2013 3180 2089 3220 VII,
2116 3183 2154 3213 87
2175 3179 2207 3211 et
2229 3181 2288 3212 175
2308 3179 2386 3222 Περὶ
2405 3179 2527 3218 ἡδονῆς.

1466 3230 1593 3263 citatur
1610 3228 1782 3262 Cleanthes
1797 3236 1817 3260 a
1833 3227 2001 3261 Clemente
2018 3228 2185 3260 Strom.11
2208 3235 2240 3268 p.
2259 3229 2318 3260 417
2339 3227 2371 3259 ἐν
2393 3229 2440 3268 τῷ
2462 3226 2528 3259 δευ-

1464 3278 1545 3319 τέρῳ
1566 3277 1636 3319 περὶ
1654 3277 1778 3315 ἡδονῆς.
1798 3274 1911 3308 Libros
1928 3277 2051 3307 contra
2070 3275 2289 3316 voluptatem
2308 3274 2446 3316 scriptos
2470 3282 2529 3316 ap-

1465 3326 1563 3366 pellat
1579 3325 1692 3357 Cicero
1708 3323 1749 3356 de
1767 3325 1880 3356 Natur.
1897 3321 1986 3355 deor.
2003 3323 2030 3362 Ι,
2054 3325 2102 3355 14.
2122 3322 2198 3354 Vid.
2216 3323 2292 3354 adn.
2310 3325 2360 3355 13.

1509 3373 1554 3413 (8)
1580 3371 1694 3405 Cicero
1719 3373 1843 3409 Quaest.
1865 3369 1964 3403 Acad.
1990 3371 2033 3410 11,
2051 3373 2103 3402 41.
2126 3369 2285 3409 Diogenes
2307 3369 2452 3402 Laertius
2472 3368 2517 3402 lib

1466 3422 1538 3461 vn,
1564 3423 1622 3454 139
1644 3419 1716 3453 τΤὸ
1731 3418 1918 3462 ἡγεμονικὸν
1951 3420 2008 3451 τοῦ
2039 3418 2164 3460 κόσμου
2195 3418 2351 3456 Κλεάνθης
2379 3416 2454 3458 φησὶ
2476 3416 2530 3449 τὸν

1464 3470 1564 3509 ἥλιον.

1406 3581 1485 3617 148
