2612 3814
1043 275 1110 314 DE
1138 274 1463 314 EPICHAssMo.

165 362 350 408 Caeteruin
387 380 432 404 ex
466 367 685 416 Epicharmi
716 365 935 414 fragmentis
971 366 1213 413 intelligitur,

164 430 370 478 plerasque
400 426 482 475 ejus
503 425 712 463 comoedias
744 432 1014 474 argumentum
1046 425 1223 461 habuisse

165 489 404 533 fabulosum,
436 486 543 535 quod
590 486 643 522 ita
679 485 819 534 procul
853 485 972 521 dubio
1024 485 1224 521 exornavit

165 555 299 597 poeta,
323 555 366 583 ut
386 545 493 582 fictas
513 545 562 581 de
584 545 654 581 diis
670 545 973 580 narratiunculas
998 545 1057 580 vel
1076 544 1223 580 refuta-

163 614 224 644 ret
251 606 312 643 vel
331 607 372 642 in
390 606 552 642 alienam
570 605 794 640 sententiam
809 604 1058 653 detorqueret
1073 616 1224 641 earum-

168 678 244 715 que
275 666 316 701 in
347 666 479 701 locum
505 663 658 701 decreta
684 656 933 712 'Pythagorea
961 663 1222 700 substitueret.

165 726 224 762 De
243 737 405 761 numero
429 723 645 760 fabularum
669 735 689 759 e
718 735 882 771 quarum
913 722 1226 772 inscriptionibus

166 783 392 831 conjicimus
406 783 672 832 duodeviginti
687 782 767 820 fere
782 782 954 819 dramata
967 781 1016 818 ad
1027 781 1226 818 historiam

167 843 382 879 fabularem
397 843 457 878 vel
479 842 757 878 commentitias
776 842 859 877 illas
879 841 925 877 de
943 841 1016 877 diis
1035 842 1226 876 narratio-

167 914 232 938 nes
262 902 491 951 pertinuisse
528 908 636 937 vetus
669 901 933 936 controversia
969 907 1038 937 est.
1078 901 1227 936 Etenim

166 962 444 999 Grammaticus
465 959 514 1010 (8)
540 960 588 996 de
609 960 801 997 comoedia
820 960 977 1008 antiqua
996 958 1102 1008 apud
1124 960 1225 996 Din-

168 1020 269 1059 dors.
291 1033 333 1070 p.
355 1021 434 1056 XII
455 1018 708 1068 quadraginta
731 1018 902 1055 dramata
927 1019 962 1055 ei
978 1018 1127 1064 tribuit,
1148 1020 1229 1056 Sui-

169 1080 235 1116 das
274 1079 325 1130 (9)
357 1079 639 1128 quinquaginta
665 1079 767 1125 duo,
796 1080 928 1128 Lycon
957 1090 1050 1114 vero
1080 1078 1128 1115 ab
1154 1079 1229 1115 hoc

169 1141 305 1182 citatus
328 1140 486 1189 triginta
517 1137 713 1188 quinque,
744 1139 799 1174 ita
832 1145 875 1174 ut
894 1139 1062 1187 reliquas
1082 1138 1230 1176 fabulas

167 1212 239 1249 pro
250 1200 387 1249 spuriis
398 1196 474 1249 (10)
495 1198 689 1234 habuerit.
704 1199 734 1234 F.
751 1198 1028 1247 recentioribus
1043 1199 1230 1236 Meursius

170 1257 427 1307 quadraginta
453 1256 669 1293 fabularum
702 1256 1043 1306 Epicharmearum
1072 1259 1231 1294 nomina

168 1315 323 1366 collegit
338 1317 378 1353 in
395 1316 710 1354 adnotationibus
723 1317 773 1354 ad
789 1318 1008 1355 Helladium
1026 1331 1068 1368 p.
1089 1318 1228 1365 61-64,

169 1375 410 1425 totidemque
448 1376 649 1412 Fabricius
670 1376 788 1413 habet
823 1377 1011 1417 Biblioth.
1035 1378 1158 1415 Graec.
1191 1378 1230 1416 II

168 1446 258 1484 pag.
278 1434 449 1472 300-302
472 1435 535 1473 ed.
562 1435 685 1480 Harl..
700 1436 772 1472 nisi
792 1435 899 1484 quod
914 1436 953 1472 in
971 1436 1231 1473 discernendis

171 1495 402 1544 quibusdam
422 1494 625 1532 comoediis
649 1495 797 1544 duplici
829 1496 940 1531 titulo
970 1495 1164 1533 instructis
1182 1496 1230 1533 ab

167 1556 234 1592 illo
255 1555 441 1593 dissentit.
471 1554 547 1591 Sed
572 1554 624 1590 ad
648 1555 812 1604 Lyconis
831 1555 1022 1591 rationem
1054 1556 1232 1604 proxime

166 1615 318 1652 accessit
332 1613 533 1664 ‘Bergkius
568 1613 616 1650 de
645 1615 801 1663 Reliqq.
840 1627 941 1661 com.
987 1616 1106 1654 Attic.
1147 1624 1227 1655 ant.

166 1686 256 1724 pag.
287 1677 361 1724 149
388 1675 544 1723 triginta
562 1685 628 1710 sex
657 1673 806 1729 fabulas
831 1674 1107 1724 Epicharmum
1132 1677 1231 1712 scri-

168 1734 283 1782 psisse
319 1734 553 1771 existimans.
597 1733 789 1782 Equidem
823 1733 876 1770 ad
922 1735 1231 1784 componendam

167 1793 265 1830 hanc
285 1793 392 1830 litem
412 1793 540 1830 deesse
558 1793 672 1829 nobis
690 1794 778 1830 satis
791 1806 968 1844 magnam
988 1796 1232 1832 testimonio-

167 1864 255 1888 rum
283 1858 321 1888 et
353 1852 658 1901 fragmentorum
690 1853 769 1888 vim
798 1860 915 1902 atque
945 1856 1094 1904 copiam
1125 1864 1231 1892 ratus

167 1923 293 1960 neque
324 1910 480 1949 Meursii
500 1924 628 1961 neque
649 1912 819 1948 Fabricii
844 1915 1073 1950 sententiam
1103 1915 1233 1964 impu—

166 1971 316 2021 gnabo,
350 1971 417 2008 sed
450 1971 618 2020 probato
654 1973 859 2009 maximam
889 1980 1038 2022 partem
1077 1973 1233 2024 Bergkii

162 2030 315 2077 judicio
337 2030 387 2066 ad
404 2031 573 2079 Lyconis
588 2044 792 2068 numerum
821 2032 973 2071 redibo,
994 2034 1090 2070 Sunt
1108 2034 1227 2083 igitur

167 2089 208 2124 hi
227 2090 383 2139 triginta
398 2091 571 2139 quinque
590 2091 869 2128 comoediarum
886 2093 986 2129 tituli
1010 2105 1018 2129 ι
1039 2091 1234 2144 Ἀγρωστῒ-

168 2162 250 2198 νος,
272 2145 451 2195 Ἄλκυών,
478 2148 654 2199 Ἄμυκος,
678 2147 876 2201 Ἅρπαγαί,
906 2151 1076 2203 Βάκχαι,
1101 2152 1229 2191 Βούσι-

169 2222 241 2259 ρις,
256 2208 312 2247 Γᾶ
329 2206 391 2248 καὶ
410 2207 591 2247 Θάλασσα
604 2239 614 2256 ,
646 2207 832 2258 Διόνυσοι,
854 2209 982 2255 Ἐλπὶς
1000 2209 1023 2258 ἢ
1047 2212 1229 2264 Πλοῦτος,

173 2264 306 2319 Ἱίορτὰ
325 2265 387 2305 καὶ
409 2267 551 2315 Νᾶσοι,
577 2266 793 2317 Ἐπινίκιος,
813 2266 933 2316 ’Ἢὸης
957 2268 1094 2322 γάμος,
1112 2270 1231 2325 Ἡρα-

171 2326 258 2374 κλῆς
276 2325 480 2380 παράφορος
503 2327 649 2379 (quum
681 2330 746 2366 alii
772 2329 969 2379 duplicem
990 2331 1038 2369 de
1066 2334 1232 2371 Hercule

167 2384 360 2433 fabulam,
394 2399 560 2435 quarum
592 2387 714 2425 altera
746 2386 930 2441 Ἡρακλῆς
961 2388 1060 2442 παρὰ
1096 2390 1229 2444 Φόλῳ,

169 2445 286 2482 altera
303 2443 489 2497 Ἡρακλῆς
510 2445 569 2484 ἐπὶ
588 2445 647 2485 τὸν
665 2447 831 2499 ζωστῆρα
855 2450 1041 2500 inscripta
1059 2451 1155 2498 fuit,
1176 2453 1231 2489 di·

167 2504 406 2554 stinguant),
425 2503 581 2557 Θεαροί,
607 2504 791 2558 Κύκλωψ,
821 2506 1066 2558 Κωμασταὶῆ
1096 2507 1228 2562 ’Ἥφαι-

169 2575 249 2605 στος
264 2590 276 2612 ,
297 2559 412 2613 Λόγος
432 2561 493 2600 καὶ
514 2561 688 2614 Λογίννας
702 2593 713 2615 ,
746 2564 907 2619 Μεγαρίς
920 2596 931 2616 ,
955 2567 1097 2616 Μῆνες,
1126 2569 1232 2608 Μοῦ-

171 2634 254 2667 σαι,
274 2619 468 2667 Ὀδυσσεὺς
488 2620 701 2672 αὐτόμολος,
718 2622 912 2669 Ὀδυσσεὺς
922 2625 1087 2679 ναυαγός,
1103 2626 1230 2680 Ὀρύα,

170 2678 394 2733 Περίαλλος,
434 2678 595 2732 Πέρσαι,
619 2681 763 2734 Πίθων,
785 2682 915 2737 Πύῤῥα
938 2682 962 2732 ἢ
994 2686 1228 2738 Προμαθεύς,

168 2739 356 2792 Σειρῆνες,
376 2738 540 2792 Σκίρων,
558 2739 694 2793 Σφίγξ,
715 2743 916 2795 Τριακάδες
928 2774 939 2792 ,
961 2745 1103 2797 Τρῶες,
1118 2746 1230 2785 Φιλο-

167 2797 324 2846 κτήτης,
347 2798 560 2852 Χορεύοντες
580 2802 660 2838 sive
683 2802 866 2854 Χορευταί
885 2804 989 2851 (vid.
1011 2805 1227 2845 Herodian.

167 2857 247 2910 περὶ
267 2858 441 2911 μονήρους
454 2858 579 2905 λέξεως
602 2875 644 2911 p.
670 2876 729 2911 12,
757 2863 831 2914 7),
855 2863 1012 2918 Χύτραι.

222 2919 279 2955 Ex
299 2920 390 2968 ipsis
410 2932 503 2957 vero
524 2922 802 2959 comoediarum
822 2925 994 2974 reliquiis
1012 2932 1119 2975 patet
1136 2915 1230 2975 Epi-

166 2978 366 3016 charmum
386 2981 425 3016 in
445 2981 527 3017 aliis
549 2981 688 3019 fabulis
706 2996 767 3020 res
791 2983 939 3022 divinas
968 2993 1006 3022 et
1035 2988 1229 3036 sapientiae

167 3040 344 3086 mysteria
380 3041 564 3089 attigisse,
585 3042 626 3077 in
645 3043 727 3079 aliis
754 3056 815 3080 res
845 3045 1029 3082 humanas
1050 3054 1088 3082 et
1113 3047 1229 3083 vitam

173 3109 418 3135 communem
448 3099 703 3140 adumbrasse.
752 3104 839 3150 Quo
875 3105 914 3140 in
953 3117 1092 3154 genere
1135 3107 1230 3142 nihil

2266 283 2340 318 133

1284 365 1508 413 praeclarius
1532 371 1587 400 est
1618 364 1879 414 descriptione
1916 368 2071 415 parasiti
2091 367 2198 416 apud
2229 367 2350 405 Athe-

1284 436 1407 460 naeum
1427 425 1492 469 VI,
1514 423 1605 470 236,
1633 425 1662 460 F
1693 423 1802 474 (vid.
1823 437 1880 463 vs.
1919 426 2068 475 29-43)
2106 435 2143 462 et
2172 428 2350 464 Herculis

1284 483 1434 518 voracis
1450 482 1556 531 apud
1572 483 1750 519 eumdem
1764 484 1814 530 X,
1834 489 1879 527 [01
1891 497 1923 521 1.
1939 487 1973 521 A
1991 484 2093 535 (vid.
2108 498 2163 523 vs,
2187 500 2200 522 1
2212 486 2347 536 3-16).

1286 545 1331 579 In
1351 555 1395 579 ea
1415 543 1544 579 fabula
1558 556 1642 591 quae
1658 541 1780 589 υΗὸης
1791 542 1906 595 γάμος
1924 545 2206 582 inscribebatur
2221 548 2349 583 omnia

1294 601 1496 648 ciborum,
1516 603 1704 651 imprimis
1723 603 1889 651 piscium
1908 611 1945 640 et
1967 605 2179 640 volatilium
2207 606 2353 642 bestia-

1287 673 1373 696 rum
1401 672 1543 709 genera
1565 669 1932 711 commemorantur,
1965 669 2007 698 ut
2031 675 2156 712 prope
2184 664 2280 698 nihil
2308 665 2349 699 in

1290 726 1412 766 terra,
1431 720 1527 755 nihil
1549 721 1589 756 in
1623 722 1743 770 mari,
1773 721 1869 756 nihil
1897 723 1938 757 in
1958 734 2046 758 aere
2078 734 2155 758 esse
2175 722 2353 759 videatur

1290 779 1524 815 esculentum
1537 806 1548 825 ‚
1571 780 1678 828 quod
1696 793 1777 816 non
1800 780 2018 817 coelestibus
2039 782 2211 817 convivis
2229 782 2267 817 in
2291 795 2353 818 ce-

1290 838 1486 875 lebrandis
1519 841 1734 876 Juventatis
1759 841 2012 889 Herculisque
2039 840 2141 877 inter
2162 841 2273 878 divos
2292 855 2353 879 re-

1289 898 1357 934 lati
1381 900 1526 948 nuptiis
1545 901 1765 949 appositum
1783 901 1899 938 fuisse
1921 908 2038 950 poeta
2056 900 2188 950 fingat.
2225 901 2353 949 Quum

1290 965 1416 994 autem
1437 959 1685 1008 Epicharmus
1704 960 1880 997 Ciceroni
1897 959 1931 1011 (1
1943 961 1976 1012 1)
1990 962 2110 998 homo
2132 969 2265 999 acutus
2281 976 2353 1000 nec

1290 1017 1452 1054 insulsus
1466 1047 1475 1064 ‚
1502 1027 1546 1055 ut
1573 1018 1745 1069 Siculus,
1764 1021 1865 1057 visus
1885 1022 1933 1057 sit
1945 1048 1955 1066 ,
1979 1022 2072 1070 quia
2086 1034 2217 1058 omnes
2233 1023 2351 1059 Siculi

1291 1077 1415 1122 faceti,
1429 1078 1558 1114 lascivi
1575 1086 1613 1115 et
1629 1079 1780 1116 dicaces
1793 1087 1901 1116 erant
1921 1078 2015 1131 (12),
2032 1093 2158 1129 operae
2179 1083 2347 1131 pretium

1291 1142 1347 1171 est
1361 1163 1371 1181 ,
1393 1137 1486 1173 sales
1502 1138 1615 1173 etiam
1639 1145 1676 1174 et
1695 1137 1871 1184 facetias,
1890 1140 2031 1187 quibus
2053 1140 2155 1177 dicta
2179 1141 2356 1189 quaedam

1292 1206 1497 1244 conspersa
1524 1203 1612 1232 sunt
1632 1197 1887 1236 considerare.
1909 1199 1997 1234 Huc
2024 1200 2193 1248 pertinet
2210 1201 2357 1249 amphi-

1290 1254 1397 1290 bolia
1430 1254 1641 1291 verborum
1664 1253 1811 1306 γέρανον
1833 1263 1871 1293 et
1888 1255 1920 1306 γ’
1957 1255 2079 1309 ἔρανον
2098 1258 2204 1306 apud
2234 1259 2359 1295 Athe-

1291 1326 1416 1350 naeum
1443 1316 1536 1352 VIII
1555 1328 1595 1364 p.
1619 1315 1709 1361 338,
1727 1317 1762 1352 D
1785 1314 1797 1368 (
1817 1316 1900 1354 vid.
1918 1329 1975 1354 vs.
2000 1316 2191 1361 123-125)
2211 1344 2221 1362 ,
2243 1319 2359 1355 alter-

1291 1375 1392 1410 catio
1414 1374 1462 1411 de
1483 1375 1647 1424 tripodis
1667 1376 1825 1412 nomine
1848 1376 1953 1425 apud
1973 1376 2148 1414 eumdem
2165 1378 2216 1423 II,
2239 1381 2304 1426 49,
2331 1378 2360 1414 C

1294 1432 1371 1483 (vs.
1403 1434 1578 1471 228-231
1599 1434 1635 1486 ),
1654 1448 1774 1484 porro
1793 1435 1899 1473 haud
1913 1435 2086 1473 inficetus
2103 1450 2244 1473 vocum
2265 1450 2358 1473 con-

1293 1495 1495 1531 trariarum
1523 1508 1636 1542 usus,
1665 1503 1709 1532 ut
1739 1497 1782 1532 in
1813 1497 1941 1533 verbis
1959 1494 2046 1534 τόκα
2082 1493 2146 1546 μὲν
2185 1497 2219 1534 ἐν
2245 1495 2360 1543 τήνοις

1294 1551 1382 1604 ἐγὼν
1405 1546 1471 1601 ἦν,
1503 1552 1592 1592 τόκα
1617 1552 1653 1592 δὲ
1676 1553 1775 1607 παρὰ
1796 1554 1914 1602 τήνοις
1945 1553 2015 1606 ἐγώ
2047 1556 2154 1606 apud
2184 1558 2357 1595 Demetr.

1293 1613 1341 1649 de
1361 1614 1470 1650 Eloe.
1495 1619 1543 1658 24
1565 1614 1646 1665 (vs.
1667 1614 1740 1651 261
1759 1614 1786 1665 )‚
1800 1604 1838 1652 et
1857 1613 1981 1652 πολλοὶ
2005 1613 2202 1665 στατῆρες,
2227 1614 2359 1653 ἀποδο-

1293 1670 1396 1724 τήρες
1411 1671 1487 1711 οὐδὲ
1506 1666 1554 1716 εἷς
1573 1675 1615 1710 in
1629 1676 1757 1723 Etym.
1782 1676 1914 1725 Magn.
1944 1674 2034 1722 725,
2054 1674 2103 1711 25
2125 1674 2205 1725 (vs.
2241 1673 2359 1725 151),

1292 1735 1481 1784 imprimis
1504 1743 1633 1773 autem
1665 1739 1864 1788 egregium
1883 1738 2121 1788 gradationis
2141 1739 2360 1787 exemplum

1294 1795 1334 1832 ἐκ
1355 1793 1418 1843 μὲν
1439 1793 1560 1838 θυσίας
1594 1794 1715 1847 θοίνα,
1747 1797 1787 1835 ἐκ
1806 1795 1844 1834 δὲ
1865 1796 1982 1840 θοίνας
2009 1795 2112 1841 πόσις
2131 1795 2284 1848 ἐγένετο.
2312 1798 2357 1835 Β.

1292 1853 1442 1906 χαρίεν,
1458 1851 1506 1898 ὥς
1524 1856 1557 1907 γ’
1579 1853 1658 1904 ἐμὶν
1682 1855 1792 1895 δοκεῖ.
1822 1858 1870 1896 Α.
1890 1857 1932 1894 ἐκ
1954 1855 1990 1894 δὲ
2009 1855 2131 1899 πόσιος
2152 1858 2274 1907 κῶμος
2290 1885 2301 1903 ,
2321 1858 2360 1895 ἐκ

1294 1913 1416 1964 κώμου
1432 1915 1462 1952 δ’
1486 1913 1616 1965 ἐγένεθ’
1631 1913 1756 1964 ὑανία,
1776 1916 1817 1954 ἐκ
1833 1915 1863 1954 δ’
1886 1915 2006 1960 ὑανίας
2021 1914 2122 1964 δίκα,
2146 1914 2179 1953 ’κ
2209 1914 2308 1959 δίκας
2322 1914 2353 1954 δ’

1294 1972 1430 2024 ἐγένετο
1450 1975 1628 2013 καταδίκα
1643 2004 1654 2023 ,
1677 1976 1716 2013 ἐκ
1731 1974 1767 2014 δὲ
1783 1975 1978 2019 καταδίκας
1997 1974 2103 2014 πέδαι
2122 1990 2159 2013 τε
2180 1975 2240 2013 καὶ
2261 1990 2355 2027 σφα-

1292 2032 1350 2076 λὸς
1377 2032 1439 2071 καὶ
1462 2032 1572 2084 ζαμία
1605 2036 1710 2085 apud
1744 2037 1883 2080 Athen.
1905 2038 1958 2083 11,
1990 2037 2053 2084 36,
2083 2037 2112 2074 C
2144 2035 2228 2086 (vs,
2259 2036 2359 2074 223-

1295 2105 1369 2140 227
1387 2093 1414 2143 ).
1436 2094 1520 2131 Alia
1540 2095 1580 2132 in
1598 2095 1703 2132 hisce
1720 2095 1976 2145 fragminibus
1995 2096 2046 2133 ad
2063 2096 2264 2132 hominum
2281 2108 2361 2132 mo-

1293 2166 1353 2190 res
1372 2161 1568 2203 spectant,
1583 2155 1690 2192 velut
1710 2168 1764 2192 vs.
1789 2155 1867 2192 268
1893 2155 1933 2192 οὐ
1953 2154 2067 2206 λέγειν
2085 2153 2163 2206 τόγ’
2185 2153 2262 2193 ἐσσὶ
2289 2155 2357 2192 δει·

1293 2211 1367 2258 νός,
1387 2211 1481 2251 ἀλλὰ
1502 2215 1605 2264 σιγῆν
1625 2212 1819 2262 ἀδύνατος,
1841 2228 1897 2254 vs.
1930 2216 2007 2253 262
2040 2215 2080 2252 οὗ
2115 2214 2361 2267 φιλάνθρωπος

1292 2271 1368 2323 τόγ’
1389 2272 1480 2324 ἐπ’,
1501 2272 1595 2325 ἔχεις
1620 2272 1740 2323 νόσον,
1759 2274 1899 2327 χαίρεις
1927 2273 2054 2318 διδούς.
2079 2276 2138 2315 Cf.
2160 2289 2234 2315 vss.
2262 2281 2352 2324 274,

1294 2338 1384 2384 294.
1407 2336 1546 2372 Insunt
1567 2336 1684 2372 etiam
1704 2337 1790 2373 vitae
1810 2336 2023 2385 prudenter
2039 2337 2195 2386 agendae
2210 2349 2359 2386 praece-

1293 2400 1358 2442 pta
1376 2392 1388 2443 (
1404 2393 1456 2432 cf.
1477 2407 1551 2434 VSS.
1574 2394 1668 2442 254,
1696 2396 1790 2445 269,
1810 2409 1883 2444 271
1908 2396 2052 2447 )atque
2075 2399 2148 2435 alia
2167 2411 2251 2447 quae
2274 2399 2359 2434 sin-

1292 2454 1379 2502 gula
1394 2455 1574 2504 persequi
1590 2455 1684 2491 mihi
1698 2468 1778 2492 non
1796 2456 1905 2494 libet.
1925 2456 2076 2494 Incerta
2090 2470 2167 2494 esse
2181 2465 2359 2506 putamus

1293 2513 1404 2550 effata
1431 2526 1516 2562 quae
1544 2527 1565 2551 a
1600 2515 1796 2553 Clemente
1825 2517 1964 2553 Strom.
1999 2517 2048 2554 lV
2076 2530 2118 2565 p.
2154 2517 2232 2559 640
2258 2524 2296 2553 et
2327 2519 2357 2554 V

1291 2586 1329 2622 p.
1349 2573 1425 2620 708
1444 2571 1536 2625 (vss.
1556 2573 1728 2625 295-296
1746 2582 1785 2612 et
1797 2588 1871 2614 vss.
1895 2576 2098 2626 297-298)
2122 2576 2355 2624 afferuntur,

1291 2633 1359 2669 sed
1385 2634 1541 2670 obelum
1571 2635 1616 2671 iis
1634 2647 1834 2685 apponere
1856 2649 1937 2672 non
1964 2637 2043 2672 ausi
2074 2649 2215 2673 sumus.
2236 2637 2356 2684 Paro-

1292 2692 1443 2728 diarum
1471 2693 1613 2741 quibus
1643 2706 1734 2731 raro
1765 2707 1854 2731 usus
1883 2702 1938 2731 est
1977 2696 2229 2744 Epicharmus
2264 2703 2357 2733 teste

1291 2751 1474 2788 Athenaeo
1493 2753 1565 2790 XV
1583 2765 1673 2803 pag.
1706 2753 1800 2803 698,
1823 2755 1863 2799 C,
1879 2755 2028 2791 nullum
2053 2756 2095 2791 in
2117 2756 2174 2791 his
2198 2756 2265 2804 qui
2291 2768 2356 2792 ex·-

1290 2819 1390 2847 stant
1411 2812 1585 2849 versibus
1618 2815 1820 2864 vestigium
1853 2815 2031 2851 relictum
2071 2827 2149 2852 esse
2183 2823 2355 2864 apparet.

1293 2871 1480 2907 Versuum
1514 2871 1661 2922 duplex
1691 2874 1791 2910 ratio
1817 2881 1895 2919 est,
1932 2874 2122 2923 siquidem
2158 2875 2223 2910 alii
2248 2877 2355 2923 quasi

1290 2929 1368 2965 leni
1388 2930 1558 2979 quodam
1578 2939 1615 2968 et
1650 2933 1830 2982 aequabili
1855 2933 2066 2970 verborum
2095 2932 2254 2970 flumine
2283 2934 2355 2985 de-

1292 2997 1475 3037 currunt,
1497 2991 1560 3027 alii
1586 3004 1765 3042 asperum
1793 2993 1888 3042 quid
1917 3001 1955 3030 et
1973 2995 2117 3044 pingue
2136 3001 2293 3041 sonant,
2313 3002 2357 3030 ut

1291 3060 1399 3096 paene
1418 3050 1637 3088 inconditos
1651 3064 1729 3088 esse
1746 3052 1963 3102 perhibeas.
1982 3054 2117 3101 Itaque
2136 3054 2355 3102 promiscue

1294 3108 1372 3145 fere
1404 3110 1444 3151 in
1483 3112 1741 3148 trochaeornm
1779 3113 1908 3148 locum
1946 3114 2146 3162 anapaesti,
2188 3113 2352 3161 dactyli,
2378 3112 2385 3120 '

165 3182 2341 3209 -Ἢ

209 3229 254 3271 (8)
271 3232 512 3264 Grammaticus
535 3233 574 3265 de
593 3235 732 3267 comoed.
754 3237 856 3278 antiq.
876 3246 928 3278 ap.
950 3238 1045 3269 Dind.
1075 3247 1107 3279 p.
1129 3241 1193 3272 XII
1219 3250 1227 3272 ε

165 3278 303 3315 Σώζεται
326 3279 359 3311 δὲ
377 3280 474 3313 αὐτοῦ
492 3281 637 3323 δράματα
662 3282 708 3324 μ’,
728 3284 773 3315 ὧν
797 3285 1009 3325 ἀντιλέγονται
1024 3285 1058 3318 δ’.

210 3326 256 3366 (9)
285 3326 402 3359 Suidas
425 3337 455 3368 p.
481 3331 561 3361 1415
577 3329 630 3361 ed.
654 3331 754 3364 Gaisf.
774 3344 782 3364 z
810 3332 1170 3375 Ἐπίχαρμος-ἐδίδαξε
1194 3336 1227 3368 δὲ

165 3372 309 3414 δράματα
324 3375 383 3414 ν6’,
401 3376 443 3412 ὡς
459 3375 492 3407 δὲ
509 3377 624 3409 Λύκων
642 3378 738 3418 φησί,
752 3379 919 3421 τριάκοντα
933 3382 1035 3412 πέντε.

1289 3246 1390 3275 ταῦτα
1403 3246 1617 3284 πεποιήκασιν
1633 3246 1738 3288 ἄνδρες
1759 3246 1895 3286 ἔνδοξοι,
1907 3247 2106 3289 Χρυσόγονός
2118 3258 2152 3278 τε
2170 3248 2187 3278 ὁ
2204 3246 2350 3284 αὐλητής,

1290 3291 1333 3327 ὥς
1351 3302 1444 3332 φησιν
1462 3292 1668 3332 Ἀριστόξενος
1689 3294 1721 3326 ἐν
1743 3293 1848 3336 ὀγδόῳ
1865 3295 2039 3327 πολιτικῶν
2059 3295 2183 3335 νόμων,
2206 3295 2261 3332 τήν
2283 3295 2351 3325 Ilo»

1293 3338 1408 3371 λιτείαν
1427 3339 1689 3382 ἐπιγραφομένην.
1711 3342 1887 3383 Φιλόχορος
1905 3341 1931 3374 δ’
1951 3343 1982 3374 ἐν
2012 3345 2075 3378 τοῖς
2100 3343 2167 3383 περὶ
2200 3344 2348 3382 μαντικῆς

1287 3385 1480 3422 Ἀξιόπιστον
1497 3388 1551 3419 τὸν
1571 3388 1634 3420 εἴτε
1654 3389 1778 3429 Λοκρὸν
1797 3391 1884 3430 γένος
1909 3390 1929 3428 ἢ
1948 3390 2119 3421 Σικυώνιον
2138 3390 2190 3420 τὸν
2222 3387 2347 3419 Κανόνα

209 3420 277 3461 (10)
294 3422 505 3463 supposititia
515 3424 668 3465 quaedam
685 3426 807 3468 scripta
829 3428 926 3461 fuisse
950 3437 1089 3468 quorum
1112 3430 1227 3462 auctor
1286 3433 1340 3465 καὶ
1357 3434 1413 3470 τὰς
1434 3435 1567 3476 Γνώμας
1588 3436 1796 3474 πεποιηκέναι
1819 3436 1925 3478 φησίν.

166 3468 262 3507 vulgo
285 3469 497 3508 Epicharmus
515 3471 701 3512 haberetur,
725 3476 835 3514 aperte
859 3474 937 3506 dicit
956 3475 1130 3508 Athenaeus
1147 3476 1224 3509 XIV

166 3523 197 3555 p.
216 3516 290 3556 648,
310 3518 336 3547 Ι)
358 3526 365 3547 :
382 3517 450 3556 Τὴν
473 3519 529 3559 μὲν
545 3519 660 3560 ἡμίναν
683 3523 713 3553 οἱ
731 3523 772 3554 τὰ
790 3523 833 3560 εἰς
851 3521 1048 3565 Ἐπίχαρμον
1071 3524 1222 3567 ἀναφερό-

163 3571 244 3600 μενα
265 3563 429 3604 ποιήματα
438 3566 646 3604 πεποιηκότες
657 3568 762 3601 οἴδασι
768 3593 843 3602 ......
847 3568 887 3602 τὰ
902 3570 934 3602 δὲ
950 3571 1223 3613 ψευδεπιχάρμεια

1328 3480 1395 3521 (11)
1411 3482 1514 3514 Cicer.
1529 3483 1660 3515 Tuscut.
1677 3485 1704 3521 Ι,
1721 3487 1751 3515 8.

1327 3529 1393 3569 (12)
1407 3529 1525 3562 Caelius
1536 3538 1589 3571 ap.
1606 3530 1794 3568 Quintilian.
1813 3531 1871 3570 VI,
1886 3534 1916 3570 3,
1932 3533 1983 3562 41.
