2612 3814
321 262 414 305 434,

1034 255 1306 295 fluissocms
1335 256 1759 298 COMMENTARIUS

317 345 441 393 θνητὸν
467 347 571 392 σῶμα
594 344 762 396 μετουσία
781 360 833 389 τις
851 346 919 384 τῶν
948 346 1080 398 ἀρετῶν
1103 344 1261 397 ἔρχεται,
1285 345 1376 388 ὅπως
1437 344 1473 382 δὲ
1488 346 1624 392 ἀπῆλθε
1639 375 1648 393 ,
1669 345 1762 385 κατά
1778 362 1875 392 τινας
1894 348 2095 401 ὡρισμένας
2110 349 2224 394 αἰτίας
2236 379 2246 397 ,
2273 344 2328 396 αἷς
2345 352 2503 393 ‹iv-nul.

316 405 358 443 ἂν
379 405 438 445 καὶ
457 404 502 444 τὰ
517 405 770 459 συμπεφυκότα
782 407 827 459 τῇ
846 406 972 457 λογικῇ
986 404 1087 457 οὐσίᾳ
1111 405 1376 457 εὐσχημοσύνης

315 464 375 504 καὶ
399 466 625 518 μετριότητος
643 466 828 519 πληρωθῇ.
885 466 938 505 Τὸ
959 464 994 504 δὲ
1012 467 1082 502 τῶν
1112 464 1211 503 θείων
1234 466 1373 516 ἀγαθῶν

313 528 509 577 ἡγεμονοῦν
545 529 567 574 ἡ
602 525 766 580 φρόνησις
799 524 887 573 αὕτη
900 554 911 575 ,
945 526 1062 568 καλῶς
1087 525 1302 577 ἕνιδρυθεῒσα
1329 526 1373 574 τῇ

314 586 438 639 λογικῇ
458 588 579 639 ψυχῇ,
600 586 722 624 δίδωσι
735 584 816 637 περὶ
837 583 980 623 πάντων
996 579 1032 623 εὖ
1052 584 1292 636 βουλεύεσθαι,
1312 582 1372 621 καὶ

312 645 372 684 τὸν
392 644 455 696 μὲν
473 646 619 684 θάνατον
638 644 801 697 ἀνδρείως
821 643 956 698 φέρειν,
972 642 1036 691 τὴν
1053 643 1088 682 δὲ
1107 642 1286 691 ἀποὸολὴν
1303 645 1371 680 τῶν

311 704 509 757 χρημάτων
532 703 654 758 πράως
673 703 734 743 καὶ
753 704 930 754 ἐμμελῶς.
993 702 1118 746 Πάσας
1134 701 1202 755 γὰρ
1219 700 1281 746 τὰς
1308 717 1373 752 με-

1436 419 1506 443 νειν
1530 405 1732 458 ἀὸέλτερον.
1790 408 1874 446 Τῶν
1892 407 1960 460 γὰρ
1985 409 2050 447 οὐκ
2075 410 2129 463 ἐφ’
2153 411 2238 459 ἡμῖν
2258 412 2321 457 τῆς
2340 410 2498 459 κτήσεως

1435 464 1537 514 ἡμεῖς
1551 465 1591 503 οὐ
1601 463 1728 517 κύριοι.
1785 468 1863 506 Οὐκ
1883 468 1935 520 ἐφ’
1946 471 2033 517 ἡμῖν
2044 468 2081 506 δὲ
2102 468 2142 508 τὸ
2153 471 2258 519 σῶμα
2273 470 2335 508 καὶ
2353 469 2398 509 τὰ
2408 471 2502 525 χρή-

1437 539 1533 573 ματα
1546 538 1554 548 ·
1575 523 1635 562 καὶ
1655 524 1777 570 ἁπλῶς
1790 555 1801 573 ,
1830 524 1896 564 ὅσα
1915 530 1979 574 τ’ἥς
1997 528 2142 579 λογικῆς
2162 530 2265 579 ἡμῶν
2287 528 2407 574 οὐσίας
2425 529 2501 575 ἔξω

1435 585 1560 631 κεῖται,
1571 582 1650 622 οὔτε
1661 583 1726 631 τὴν
1741 583 1854 638 ἀρχὴν
1868 584 2067 633 κτήσασθαι
2079 586 2133 639 ἐφ’
2145 587 2245 637 ἡμῖν,
2258 586 2337 626 οὔτε
2345 588 2500 641 φυλάξαι

1433 641 1486 695 ἐφ’
1502 642 1583 681 ὅσον
1605 643 1823 695 βουλόμεθα·
1837 644 1879 684 τὸ
1904 643 1956 694 δέ,
1976 645 2260 698 προσγινομένων
2284 647 2345 687 καὶ
2366 648 2498 702 ἀπογι-

1436 702 1588 751 νομένων
1620 704 1756 751 αὐτῶν,
1777 702 1867 754 μετὰ
1888 705 2014 756 ἀρετῆς
2038 706 2276 758 ἀποδέχεσθαι
2297 707 2390 746 αὐτά
2405 736 2416 755 ,
2434 707 2501 747 καὶ

311 762 466 809 ταὸολὰς
488 767 549 812 τῆς
579 767 707 812 θνητῆς
733 762 889 816 φύσεως,
921 760 1064 808 καὶτῆς
1091 761 1264 811 ἑπομένης
1283 762 1373 813 αὐτῇ
1399 753 1404 817 Ι
1435 761 1682 812 ἀποτίθεσθαι,
1699 766 1803 802 τοῦτο
1829 757 1873 811 ἦν
1894 764 1948 817 ἐφ’
1966 767 2075 815 ἡμῖν,
2104 767 2164 804 καὶ
2185 768 2247 813 τῆς
2262 767 2407 818 λογικῆς
2436 769 2498 806 οὗ·

311 822 439 876 τύχης,
461 823 648 876 σωφρόνως
677 821 738 861 καὶ
759 819 1012 868 ἀνεκπλήκτως
1031 820 1216 870 ὑπομένειν
1245 823 1267 867 ἡ
1289 819 1372 873 φρό-

310 898 407 931 νησις
438 881 597 923 δύναται.
654 881 729 929 Τὴν
768 879 837 933 γὰρ
875 878 979 933 φύσιν
1022 878 1265 930 ἐκλελόγισται
1304 882 1372 918 τῶν

311 941 548 996 πραγμάτων,
569 940 630 981 καὶ
649 934 739 980 οἶδεν
753 969 764 989 ,
787 942 833 984 ὡς
853 938 990 990 ἀνάγκη
1024 938 1063 977 τὸ
1084 938 1314 988 συμπλασθὲν
1334 940 1372 977 ἐκ

308 1004 373 1053 γῆς
398 1000 459 1040 καὶ
478 1000 602 1044 ὕδατος
631 1000 837 1046 διαλυθῆναι
868 999 976 1038 πάλιν
997 999 1043 1043 εἷς
1064 998 1175 1038 αὐτά·
1201 997 1262 1037 καὶ
1286 998 1372 1050 πρὸς

306 1060 370 1108 τὴν
399 1060 556 1113 ἀνάγκην
584 1062 647 1099 οὐκ
668 1059 906 1112 ἀγριαίνεται·
935 1058 1012 1098 οὐδὲ
1046 1058 1248 1112 ἀπρονόητα
1281 1052 1371 1097 εἶναι

306 1121 439 1160 τίθεται
469 1120 515 1160 τὰ
546 1121 624 1159 καθ’
662 1122 778 1171 ἡμᾶς,
811 1119 871 1159 ἐὰν
909 1118 950 1158 τὸ
988 1118 1110 1167 θνητὸν
1146 1119 1366 1171 ἀποθνήσκῃ.

306 1180 479 1222 Γινώσκει
498 1178 637 1234 γὰρὼς
657 1177 844 1219 θανέειν
871 1178 963 1218 πέπ
978 1194 1116 1231 ρωται
1142 1178 1286 1228 ἅπασι,
1309 1179 1372 1217 καί

304 1255 355 1285 τις
375 1239 567 1292 ὡρισμένος
588 1238 662 1279 ἐστὶ
684 1238 809 1292 χρόνος
830 1237 918 1293 πρὸς
943 1238 1115 1290 διαμονὴν
1146 1240 1216 1283 τοῖς
1235 1242 1371 1289 θνητοῖς

306 1302 407 1351 ἡμῶν
422 1299 584 1351 σώμασιν
595 1329 606 1347 ,
627 1293 665 1339 οὗ
684 1299 887 1348 ἐνστάντος,
904 1300 942 1339 οὗ
961 1300 1012 1338 δεῖ
1025 1299 1270 1351 χαλεπαίνειν,
1290 1301 1369 1339 ἀλλ’

304 1360 350 1404 ὡς
366 1358 464 1414 νόμῳ
477 1359 560 1413 θείῳ
582 1359 723 1403 ἑκόντας
744 1358 903 1401 ἕπεσθαι.
959 1360 1075 1399 Τοῦτο
1094 1358 1162 1413 γὰρ
1182 1363 1242 1398 νῦν
1262 1362 1285 1407 ἡ
1307 1376 1369 1399 πε-

303 1418 476 1472 πρωμένη
498 1420 620 1468 δηλοῖ,
643 1419 737 1472 ὅροις
756 1418 847 1458 τισὶν
876 1418 1080 1471 ἀναγκαίοις
1097 1422 1369 1470 πεπερατῶσθαι

303 1477 368 1528 τὴν
391 1478 520 1528 θνητὴν
541 1482 644 1530 ἡμῶν
667 1477 781 1526 ζωήν·
799 1477 1000 1532 φρονήσεως
1015 1477 1052 1516 δὲ
1070 1478 1156 1517 ἴδιον
1178 1472 1270 1517 εἶναι
1295 1483 1368 1523 τοῖς

303 1540 374 1578 τῶν
390 1537 598 1592 κρειττόνων
615 1537 762 1577 ἕπεσθαι
775 1537 960 1589 δόγμασιν,
976 1538 1014 1577 οὗ
1031 1537 1071 1576 τὸ
1087 1536 1137 1587 μὴ
1154 1539 1343 1577 ἀποθανεῖν
1358 1570 1368 1586 ,

305 1598 398 1638 ἀλλὰ
411 1597 451 1637 τὸ
467 1592 505 1636 εὖ
527 1599 730 1648 ἀποθανεῖν,
753 1597 939 1645 ζητούσης.
999 1595 1157 1647 Ὁμοίως
1178 1596 1214 1636 δὲ
1231 1597 1292 1636 καὶ
1306 1596 1370 1644 τὴν

302 1660 373 1698 τῶν
389 1657 587 1712 χρημάτων
604 1657 707 1711 φύσιν
718 1658 780 1696 οὒκ
801 1658 932 1708 ἀγνοεῖ,
954 1656 1007 1696 ὅτι
1022 1659 1080 1694 νῦν
1101 1656 1164 1708 μὲν
1178 1650 1283 1708 ἦλθε,
1304 1660 1366 1695 νῦν

305 1773 598 1822 temperantiam
619 1771 831 1821 cupiditas,
856 1769 1006 1818 justitia
1024 1783 1118 1807 vero
1138 1771 1367 1820 proportio-

302 1844 392 1869 nem
418 1839 619 1868 conservet
632 1859 642 1878 ,
660 1838 772 1879 atque
790 1831 867 1866 hoc
901 1829 1021 1865 modo
1041 1829 1212 1865 mortalis
1239 1836 1370 1865 noster

302 1892 422 1928 homo
449 1897 628 1927 ornatum
665 1890 826 1939 accipiat
850 1901 897 1926 ex
926 1888 1161 1925 abundantia
1189 1889 1367 1934 virtutis,

304 1963 390 2001 quae
406 1946 616 1988 immortali
631 1950 781 1986 homini
798 1950 914 1986 insita
926 1955 994 1988 est.
1010 1949 1160 1987 Etenim
1176 1950 1370 1998 praecipue

302 2012 462 2047 virtutes
487 2022 509 2047 a
534 2016 661 2047 mente
682 2010 722 2045 in
743 2010 912 2046 animum
942 2009 1170 2045 rationalem
1200 2008 1370 2044 immissae

304 2070 438 2106 lucent
458 2069 618 2119 ejusque
634 2070 797 2119 propria
815 2068 940 2105 sonna
958 2076 1047 2104 sunt
1066 2075 1104 2105 et
1122 2067 1309 2118 perfectio
1333 2075 1371 2103 et

302 2130 389 2166 vitae
407 2130 580 2169 beatitas.
598 2131 645 2166 In
664 2129 762 2166 illud
781 2135 908 2166 autem
926 2128 1034 2177 quod
1053 2129 1214 2164 rationis
1234 2140 1371 2177 expers

306 2196 361 2226 est
379 2195 417 2226 et
435 2190 476 2226 in
496 2190 660 2226 mortale
681 2201 824 2239 corpus
841 2189 1031 2226 virtutum
1052 2188 1227 2237 quaedam
1247 2194 1370 2224 trans-

302 2250 333 2286 it
353 2250 573 2286 communio
588 2277 599 2296 ,
616 2256 658 2286 ut
681 2250 754 2285 ista
770 2247 906 2295 etiam,
921 2260 1006 2297 quae
1033 2248 1211 2284 rationali
1226 2255 1370 2284 naturae

305 2308 509 2357 conjuncta
542 2316 650 2355 sunt,
686 2308 828 2345 decore
863 2314 900 2345 et
924 2307 1112 2344 modestia
1130 2308 1366 2356 repleantur.

305 2371 394 2406 Haec
423 2382 516 2406 vero
545 2368 775 2418 prudentia,
809 2377 893 2417 quae
925 2367 1145 2404 divinorum
1174 2367 1369 2403 honorum

302 2430 564 2479 principatum
583 2435 706 2475 tenet,
726 2428 800 2464 rite
818 2428 860 2463 in
880 2427 1010 2463 animo
1039 2427 1220 2463 rationali
1234 2427 1366 2474 insita,

304 2489 397 2526 facit
418 2496 462 2525 ut
487 2495 595 2526 recta
623 2488 670 2525 de
690 2487 870 2524 omnibus
889 2487 1046 2524 consilia
1074 2487 1287 2535 capiamus,
1313 2494 1367 2523 at-

305 2561 381 2597 que
410 2556 454 2585 ut
473 2556 637 2585 mortem
668 2548 788 2597 ipsam
824 2546 991 2593 sortiter,
1019 2546 1246 2583 facultatum
1274 2559 1368 2583 vero

301 2607 489 2656 jacturam
506 2607 659 2657 placide
679 2614 717 2644 et
737 2607 916 2644 decenter
931 2608 1149 2644 toleremus.
1163 2607 1259 2644 Nam
1272 2620 1368 2656 pru-

306 2666 435 2704 dentia
464 2667 647 2716 praeditus
674 2673 820 2703 naturae
858 2667 1030 2703 mortalis
1063 2666 1306 2715 fortunaeque
1337 2667 1369 2704 ei

305 2725 496 2774 adjunctae
521 2726 750 2762 mutationes
773 2739 904 2763 omnes
935 2727 1148 2776 composita
1174 2734 1302 2763 mente
1331 2734 1370 2764 et

306 2785 498 2835 impavide
514 2792 642 2835 potest
660 2786 858 2824 sustinere.
880 2787 1032 2822 Etenim
1052 2786 1291 2823 considerata
1308 2799 1367 2823 re-

306 2859 392 2882 rum
408 2843 545 2882 natura
564 2845 634 2881 scit
646 2872 656 2891 ,
678 2845 719 2881 id
740 2845 847 2894 quod
863 2858 910 2882 ex
929 2853 1030 2883 terra
1052 2853 1091 2882 et
1106 2858 1206 2894 aqua
1226 2846 1367 2883 forma-

308 2911 387 2940 tum
411 2911 486 2950 est,
507 2904 549 2939 in
580 2916 623 2940 ea
653 2916 784 2940 rursus
814 2906 1028 2950 necessario
1066 2906 1221 2942 dissolvi
1252 2913 1367 2956 atque

307 2963 406 3001 adeo
441 2964 483 2999 in
508 2963 772 2999 necessitatem
802 2976 882 3000 non
910 2965 1124 3014 instigatur,
1143 2978 1215 3002 nec
1237 2967 1368 3003 statuit

306 3023 554 3074 providentia
583 3034 643 3058 res
667 3022 852 3059 humanas
879 3036 959 3059 non
993 3025 1099 3073 regi,
1125 3026 1155 3061 si
1184 3025 1225 3062 id
1261 3026 1368 3074 quod

307 3084 469 3120 mortale
489 3089 544 3119 est
574 3082 751 3119 moritur.
779 3083 931 3132 Quippe
960 3084 1138 3120 omnibus
1163 3084 1266 3121 fatali
1286 3086 1368 3135 lege

308 3142 554 3180 moriendum
568 3153 645 3178 esse
657 3142 839 3191 cognovit
848 3168 860 3188 ,
873 3149 910 3178 et
924 3142 1120 3190 quoddam
1134 3138 1368 3181 caducorum

310 3214 519 3252 corporum
553 3207 774 3237 nostrorum
808 3201 1070 3250 permansioni
1108 3209 1260 3251 tempus
1292 3215 1370 3240 esse

310 3262 532 3308 definitum,
560 3274 639 3310 quo
667 3261 832 3298 instante
847 3287 859 3307 ,
882 3274 954 3297 nos
973 3274 1053 3297 non
1071 3261 1202 3311 irasci,
1224 3263 1289 3299 sed
1309 3265 1367 3310 ei,

309 3330 352 3360 ut
364 3315 502 3359 divinae
523 3320 620 3369 legi,
642 3317 817 3356 lubentes
838 3320 998 3369 obsequi
1013 3311 1183 3369 oportet.
1204 3321 1250 3358 Id
1270 3323 1370 3358 enim

311 3382 427 3419 fatum
448 3381 512 3417 hic
532 3377 742 3429 significat,
759 3379 929 3415 terminis
949 3379 1177 3427 quibusdam
1201 3392 1370 3417 necessa·

311 3441 376 3478 riis
393 3442 512 3477 vitam
533 3446 701 3475 nostram
721 3439 924 3475 mortalem
951 3438 1118 3484 definiri,
1147 3451 1224 3476 esse
1245 3447 1371 3476 autem

311 3500 527 3550 prudentiae
546 3500 772 3548 proprium,
803 3498 964 3536 deorum
996 3497 1157 3535 decretis
1189 3498 1371 3548 obsequi,

1434 820 1513 866 σίας
1531 821 1639 871 ἴδιον,
1658 825 1699 861 ἂν
1722 822 1772 874 μὴ
1806 823 2002 874 ἀλογίστως
2027 823 2120 876 ἔχειν
2142 824 2223 877 περὶ
2241 827 2311 864 τῶν
2339 825 2499 878 συμὸαι-

1433 880 1560 920 νόντων
1582 882 1710 930 ἑαυτὴν
1732 881 1848 933 ἐθίζῃ,
1869 881 1963 922 ἀλλὰ
1976 883 2048 927 τοῖς
2068 883 2170 927 θείοις
2190 883 2319 931 ἕπηται
2339 884 2497 936 μέτροις,

1433 935 1482 986 οἷς
1508 941 1625 980 πάντα
1645 940 1690 981 τὰ
1720 941 1802 995 περὶ
1834 945 1931 994 ἡμᾶς
1951 940 2116 995 ὥρισται.
2176 942 2352 983 Ἐνταῦθα
2375 939 2434 984 οὖν
2456 945 2504 985 τὸ

1433 1001 1484 1056 ἐφ’
1503 1004 1587 1053 ἡμῖν
1609 1001 1756 1053 δύναμιν
1777 1001 1852 1055 ἔχει
1875 1001 2068 1055 μεγίστην,
2088 1004 2122 1041 ἐν
2145 1005 2196 1056 τῷ
2218 996 2256 1042 εὗ
2275 1009 2392 1056 κρῖναι
2416 1004 2501 1058 περὶ

1431 1063 1500 1098 τῶν
1518 1061 1582 1100 οὐκ
1604 1061 1657 1114 ἐφ’
1677 1061 1762 1112 ἡμῖν
1776 1091 1786 1110 ,
1809 1060 1870 1100 καὶ
1897 1063 1947 1111 μὴ
1967 1064 2012 1114 τῇ
2031 1061 2165 1101 τούτων
2185 1062 2408 1117 προσπαθεία
2431 1063 2500 1113 τὴν

1431 1123 1493 1158 τοῦ
1526 1119 1751 1165 αὖτεξουσίου
1788 1119 1918 1174 ἀρετὴν
1944 1120 2230 1175 προσαπολέσαι.
2288 1121 2338 1163 Τί
2384 1116 2445 1163 οὖν
2473 1127 2501 1172 ἡ

1432 1178 1574 1233 ἔμφρων
1595 1179 1707 1233 κρίσις
1724 1179 1846 1232 λέγει,
1863 1181 2019 1235 Παρόντι
2049 1181 2112 1230 μὲν
2129 1183 2182 1235 τῷ
2202 1181 2343 1234 σώματι
2358 1181 2421 1222 καὶ
2440 1185 2493 1236 τῷ

1431 1240 1573 1293 πλούτῳ
1597 1241 1716 1285 καλῶς
1738 1244 1915 1293 χρῆσθαι,
1946 1240 2008 1281 καὶ
2031 1241 2115 1294 πρὸς
2135 1241 2329 1295 ὑπηρεσίαν
2349 1243 2496 1296 ἀρετῆς·

1432 1298 1607 1339 ἀπιόντων
1646 1299 1707 1348 δέ,
1738 1300 1866 1339 εἰδέναι
1885 1300 1926 1340 τὸ
1946 1300 2044 1349 δέον,
2073 1300 2134 1340 καὶ
2169 1302 2253 1355 πρὸς
2275 1302 2352 1347 ταῖς
2374 1301 2502 1348 ἄλλαις

1431 1359 1570 1411 ἀρεταῖς
1602 1359 1754 1398 ἀλυπίαν
1786 1359 1995 1412 κερδαίνειν.
2055 1359 2161 1400 Οὕτω
2181 1360 2248 1414 γὰρ
2274 1360 2337 1401 καὶ
2361 1364 2384 1410 ἡ
2409 1361 2502 1414 πρὸς

1431 1416 1527 1462 θεοὺς
1559 1416 1719 1457 εὗσέὸεια
1748 1418 2010 1472 τηρηθήσεται,
2033 1419 2095 1459 καὶ
2119 1419 2165 1458 τὰ
2185 1423 2246 1468 τῆς
2275 1420 2500 1469 δικαιοσύνης

1431 1476 1566 1531 μέτρα,
1604 1480 1634 1517 εἰ
1662 1477 1703 1516 τὸ
1733 1478 1874 1530 λογικὸν
1903 1478 2052 1531 ἐκμάθοι
2081 1485 2159 1524 ταῖς
2181 1480 2432 1533 περιστάσεσιν
2459 1475 2502 1519 εῧ

1431 1537 1491 1576 καὶ
1508 1539 1624 1581 καλῶς
1639 1539 1818 1589 χρῆσθαι,
1840 1537 1902 1577 καὶ
1918 1536 1998 1583 τοὺς
2014 1541 2076 1586 τῆς
2093 1538 2295 1593 φρόνησεως
2311 1538 2412 1592 ὅρους
2432 1541 2498 1578 ἀν·

1431 1595 1597 1635 τιτιθέναι
1623 1597 1695 1641 τοῖς
1711 1597 1873 1636 δοκοῦσιν
1894 1600 1941 1643 ὡς
1956 1597 2061 1651 ἔτυχε
2086 1597 2148 1637 καὶ
2167 1597 2328 1644 ἀτάκτως
2342 1598 2503 1650 συμὸαί·

1430 1671 1514 1697 νειν.
1571 1653 1708 1700 Ἄλλως
1726 1654 1794 1710 γὰρ
1830 1657 1894 1697 οὐκ
1917 1656 1960 1696 ἂν
1986 1657 2094 1711 ἀρετὴ
2118 1658 2346 1712 φυλαχθείη,
2378 1657 2421 1699 ἂν
2437 1655 2498 1712 μὴ

1432 1772 1578 1820 quippe
1599 1784 1684 1820 quae
1702 1784 1783 1808 non
1802 1772 1939 1808 mortis
1958 1772 2143 1822 effugium
2157 1801 2168 1821 ,
2195 1773 2263 1810 sed
2293 1773 2393 1810 bene
2410 1785 2497 1810 mo-

1433 1831 1559 1867 riendi
1579 1832 1770 1868 rationem
1803 1835 1963 1881 quaerat.
1999 1830 2185 1869 Similiter
2207 1840 2245 1870 et
2275 1833 2500 1870 divitiarum

1430 1898 1570 1927 natura
1585 1898 1787 1941 perspecta
1806 1904 1887 1928 non
1904 1892 2080 1942 ignorat,
2098 1905 2161 1929 eas
2177 1906 2280 1930 nunc
2297 1893 2500 1940 accedere,

1431 1963 1535 1987 nunc
1555 1951 1763 1999 decedere,
1784 1963 1830 1988 ex
1843 1950 1930 1988 fixis
1949 1951 2179 2001 quibusdam
2198 1953 2335 1999 causis,
2357 1953 2503 2002 quibus

1432 2009 1625 2046 obluctari
1655 2010 1814 2046 stultum
1861 2016 1939 2058 est,
1983 2010 2301 2060 quandoquidem
2338 2023 2497 2062 eorum,

1432 2082 1516 2118 quae
1535 2082 1616 2105 non
1639 2076 1727 2106 sunt
1758 2071 1881 2106 nostri
1909 2069 2080 2117 arbitrii,
2100 2071 2286 2120 possessio
2304 2070 2346 2107 in
2365 2076 2499 2108 nostra

1431 2141 1512 2165 non
1532 2137 1588 2165 est
1605 2136 1807 2178 potestate.
1837 2129 1969 2168 Nostri
1990 2137 2117 2166 autem
2139 2129 2291 2166 arbitrii
2310 2142 2390 2166 non
2407 2137 2498 2167 sunt

1431 2200 1573 2236 corpus
1602 2197 1639 2225 et
1661 2188 1828 2239 divitiae,
1848 2196 1966 2238 atque
1994 2190 2034 2225 in
2061 2201 2228 2238 summa,
2257 2201 2502 2238 quaecunque

1432 2253 1537 2283 extra
1569 2248 1797 2284 rationalem
1831 2255 2001 2284 nostram
2034 2254 2210 2284 naturam
2233 2247 2357 2296 posita
2386 2252 2494 2292 sunt,

1432 2319 1565 2344 eorum
1582 2319 1709 2355 neque
1726 2309 1965 2357 comparatio
1984 2319 2104 2357 penes
2117 2319 2188 2344 nos
2206 2307 2318 2343 initio
2338 2313 2392 2343 est
2403 2332 2415 2352 ,
2433 2318 2502 2344 ne-

1432 2379 1507 2415 que
1524 2367 1690 2403 retentio
1709 2367 1894 2415 quamdiu
1911 2367 2110 2413 volumus,
2126 2366 2193 2403 sed
2208 2378 2249 2402 ea
2260 2393 2272 2411 ‚
2296 2377 2416 2413 quum
2436 2377 2500 2403 ac·

1432 2425 1574 2462 cedunt
1596 2433 1710 2474 atque
1738 2426 1956 2472 decedunt,
1981 2439 2068 2463 cum
2094 2427 2237 2462 virtute
2260 2425 2436 2474 accipere
2458 2432 2497 2462 et

1431 2484 1640 2534 deponere,
1658 2485 1700 2522 id
1729 2498 1845 2535 penes
1865 2499 1935 2522 nos
1973 2493 2029 2523 est
2060 2492 2098 2522 et
2130 2491 2275 2521 naturae
2299 2484 2501 2522 rationalis

1430 2545 1636 2593 proprium
1653 2571 1664 2590 ,
1697 2546 1728 2581 si
1748 2546 1812 2581 illa
1832 2558 1914 2581 non
1932 2545 2214 2582 inconsiderate
2244 2555 2284 2580 se
2305 2555 2439 2593 gerere
2453 2544 2498 2580 in

1431 2604 1478 2640 iis
1497 2616 1581 2652 quae
1614 2605 1844 2653 contingunt
1863 2612 2072 2649 assuescat,
2097 2603 2163 2640 sed
2185 2603 2322 2640 divinis
2346 2601 2500 2652 legibus

1431 2663 1668 2712 obsequatur
1696 2664 1838 2712 quibus
1879 2665 2009 2701 omnia
2047 2670 2176 2700 nostra
2201 2661 2359 2699 definita
2389 2670 2495 2699 sunt.

1430 2725 1502 2760 Hic
1524 2724 1642 2773 igitur
1670 2723 1712 2760 id
1733 2724 1839 2772 quod
1859 2725 1980 2760 nostri
2015 2723 2166 2760 arbitrii
2196 2730 2251 2759 est
2268 2723 2347 2759 vim
2374 2722 2496 2759 habet:

1428 2784 1653 2830 maximam,
1685 2784 1794 2820 sitam
1813 2785 1854 2820 in
1873 2791 1980 2821 recto
1997 2783 2147 2832 judicio
2166 2783 2215 2820 de
2243 2783 2384 2828 rebus,
2406 2795 2498 2831 quar

1428 2856 1508 2880 non
1535 2851 1624 2880 sunt
1651 2844 1691 2879 in
1709 2851 1839 2880 nostra
1868 2851 2082 2894 potestate,
2103 2851 2218 2892 atque
2242 2843 2283 2878 in
2310 2843 2496 2880 cautione

1428 2916 1476 2940 ne
1489 2904 1628 2940 harum
1647 2902 1859 2954 cupiditate
1880 2904 1992 2940 liberi
2012 2904 2162 2940 arbitrii
2179 2904 2359 2939 virtutem
2379 2903 2491 2939 amit-

1430 2971 1565 3000 tamus.
1588 2962 1692 3011 Quid
1717 2964 1836 3012 igitur
1862 2963 2031 3012 prudens
2046 2963 2238 3011 judicium
2256 2961 2421 2999 suadet?
2447 2969 2494 2999 ut

1430 3035 1594 3072 corpore
1614 3030 1653 3059 et
1665 3022 1807 3058 divitiis
1818 3049 1828 3069 ‚
1848 3035 1969 3071 quum
1991 3022 2147 3066 adsunt,
2175 3028 2276 3058 recte
2292 3028 2329 3058 et
2344 3021 2395 3059 ad
2411 3023 2490 3059 vira-

1431 3084 1520 3119 tutis
1539 3082 1791 3119 ministerium
1806 3089 1974 3127 utamur,
1993 3094 2111 3129 quum
2133 3088 2259 3117 autem
2280 3079 2493 3128 decedunt,

1429 3150 1473 3179 ut
1494 3142 1781 3179 meminerimus
1798 3141 1894 3190 quid
1914 3141 2068 3187 deceat,
2092 3147 2129 3177 et
2153 3140 2203 3176 ad
2223 3140 2316 3176 alias
2331 3141 2498 3178 virtutes

1431 3201 1680 3254 indolqntiam
1711 3200 2004 3238 lucrifaciamus.
2040 3200 2096 3237 lta
2122 3200 2224 3236 enim
2244 3207 2282 3236 et
2302 3199 2425 3249 pietas
2449 3200 2491 3235 in

1433 3262 1524 3298 deos
1543 3268 1581 3298 et
1594 3260 1746 3309 justitiae
1760 3260 1899 3310 regulae
1914 3259 2262 3307 conservabuntur,
2278 3260 2310 3295 si
2328 3259 2370 3296 id
2383 3258 2492 3308 quod

1431 3321 1579 3357 ratione
1604 3319 1806 3370 praeditum
1829 3326 1884 3356 est
1912 3331 2041 3355 rerum
2062 3319 2208 3355 casibus
2239 3325 2341 3355 recte
2376 3324 2496 3366 atque

1431 3381 1590 3416 honeste
1613 3379 1670 3415 uti
1704 3378 1883 3415 didicerit
1919 3385 1957 3414 et
1993 3377 2206 3427 prudentiae
2241 3377 2393 3414 decreta
2417 3376 2491 3412 illis

1435 3451 1631 3488 opponere
1646 3466 1656 3484 ,
1679 3450 1762 3487 quae
1783 3437 1942 3474 fortuito
1961 3438 2146 3486 nulloque
2163 3436 2299 3473 ordine
2313 3435 2492 3472 videntur

1434 3499 1669 3549 contingere.
1706 3498 1826 3536 Aliter
1864 3498 1966 3535 enim
2003 3498 2122 3534 virtus
2157 3496 2377 3534 conservari
2411 3506 2493 3530 non

2608 2475 2612 2504 A
