2612 3814
984 259 1048 298 DE
1078 256 1255 297 AUREO
1285 253 1488 296 CARMIN
1496 254 1538 292 E.

2269 254 2338 287 411

193 355 397 409 supposita
424 360 534 400 sunt,
557 349 772 402 praesertim
801 360 920 398 quum
940 345 1044 384 Juba
1061 344 1240 384 eruditis·
1301 341 1434 381 codice
1450 342 1694 391 Augustam,
1715 340 1755 377 in
1774 338 1900 376 tribus
1919 336 2211 378 Oxoniensibus
2231 344 2347 387 atque

194 416 317 454 simus
332 411 578 451 Mauretaniae
595 421 664 447 rex
683 419 925 458 quaecunque
948 405 1152 444 exstabant
1167 404 1239 454 Py-

194 474 463 524 thagoreorum
481 471 623 519 scripta
641 466 841 516 colligeret
861 465 951 518 (15).
1009 464 1115 502 Nihil
1135 463 1238 500 enim

195 532 237 570 in
256 532 318 570 his
337 529 517 569 versibus
539 535 596 564 est
619 525 834 563 abhorrens
866 523 915 561 ab
946 522 1196 573 antiquitate,
1219 533 1241 557 a

198 590 428 642 Pythagorae
448 585 632 631 decretis,
653 583 701 622 ab
717 584 954 635 optimorum
977 591 1175 620 auctorum
1194 579 1241 617 de

197 648 328 687 Samio
367 643 604 698 philosopho
633 651 676 681 et·
701 641 785 693 ejus
816 641 963 680 familia
994 638 1240 679 testimoniis.

199 706 272 744 Sed
292 718 340 743 ne
369 704 458 755 quis
488 715 509 741 e
529 700 773 753 quarundam
807 713 968 748 vocum,
989 712 1075 750 quae
1097 698 1138 735 in
1167 697 1242 734 hoc

197 765 368 804 carmine
396 765 592 814 leguntur,
615 774 688 800 usu
709 761 932 809 concludat,
960 767 1114 811 poetam
1150 766 1240 809 post

198 823 393 862 Christum
415 830 545 859 natum
566 821 733 867 vixisse,
754 820 801 858 de
817 819 878 858 his
899 818 994 856 mihi
1012 817 1145 869 paucis
1165 817 1244 855 di's-

195 881 411 932 putandum
440 880 611 918 arbitror
639 891 801 930 sperans
826 891 871 916 ea
900 891 986 928 quae
1011 876 1126 914 modo
1160 876 1244 913 dixi

197 951 278 981 tum
299 942 453 980 demum
474 940 622 977 cunctis
639 937 845 989 probatum
864 937 936 984 iri,
953 949 1072 987 quum
1091 947 1244 972 omnem

199 1001 480 1040 dubitationem
510 1010 702 1036 exemero.
759 996 851 1034 Tria
879 1002 969 1034 sunt
986 994 1028 1032 in
1055 994 1129 1031 hoc
1162 1006 1246 1031 car-

200 1061 303 1096 mine
324 1071 411 1110 quae
430 1056 520 1108 quis
540 1055 770 1107 posterioris
789 1054 912 1092 aetatis
940 1052 1087 1090 indicia
1100 1051 1245 1090 habere

198 1125 332 1169 queat,
350 1119 500 1154 κτᾶσθαι
519 1127 635 1153 versu
658 1114 724 1161 16,
744 1120 787 1151 ut
805 1111 963 1163 quidam
983 1111 1137 1158 volunt,
1157 1123 1246 1162 pas-

200 1178 284 1215 sive
310 1176 476 1222 dictum‚
491 1172 630 1226 4ἐξακεῖν
650 1185 769 1211 versu
783 1172 832 1210 66
854 1171 979 1209 active
999 1178 1243 1221 usurpatum,

202 1236 395 1287 ἀπολείψεις
415 1233 582 1283 denique
599 1244 714 1271 versu
737 1245 785 1280 70
801 1243 875 1282 pro
895 1227 1077 1268 ἀπολιπὼν
1098 1241 1119 1266 a
1134 1238 1248 1280 poeta

200 1294 404 1345 scriptum.
462 1291 604 1330 Verum
622 1290 704 1328 haec
721 1291 771 1328 ad
785 1287 1092 1328 imminuendam
1113 1288 1249 1326 carmi-

201 1352 263 1389 nis
282 1350 548 1388 auctoritatem
569 1362 648 1386 non
668 1348 878 1387 sufficiunt.
905 1346 1001 1384 Nam
1023 1358 1148 1396 neque
1161 1351 1249 1384 κτᾶ-

202 1413 294 1456 σθαι,
314 1408 412 1446 utin
431 1407 681 1446 adnotatione
697 1406 855 1453 monui,
878 1405 1034 1457 passive
1060 1405 1250 1456 accipien-

201 1467 292 1506 dum
306 1496 317 1515 ‚
335 1480 461 1518 neque
477 1465 610 1511 ἐξακεῖν
627 1465 792 1504 inferior
808 1473 898 1503 aetas
919 1464 1044 1503 active
1070 1464 1251 1515 frequen-

202 1527 313 1574 tavit,
335 1539 454 1577 quum
469 1525 545 1563 hoc
561 1538 640 1563 uno
659 1525 746 1562 loco
763 1531 924 1575 excepto
946 1523 1075 1561 Graeci
1096 1535 1250 1574 semper

203 1584 401 1629 ἐξακεῖσθαι
420 1584 612 1631 dixerint,
631 1593 675 1622 ut
690 1583 782 1622 inde
802 1596 880 1634 quo
901 1590 1076 1633 tempore
1092 1594 1250 1632 compo-

204 1644 322 1682 situm
354 1643 405 1681 sit
434 1655 591 1680 carmen
620 1642 708 1692 cogi
727 1650 908 1693 nequeat.
966 1640 1147 1691 Denique
1171 1640 1254 1677 ἀπο-

203 1701 327 1755 λείψας
347 1701 419 1740 etsi
438 1715 567 1740 rarum
590 1710 647 1739 est
663 1701 766 1752 apud
781 1701 935 1752 priores
962 1709 999 1738 et
1016 1699 1130 1737 bonae
1153 1707 1254 1736 notae

205 1761 417 1812 scriptores
433 1774 506 1811 pro
521 1759 725 1807 ἀπολιπών,
743 1768 870 1797 tamen
889 1771 1016 1810 neque
1035 1758 1253 1796 inauditum

206 1832 332 1871 neque
350 1819 539 1857 indictum
561 1819 650 1867 fuit,
679 1827 723 1857 ut
742 1818 790 1856 ad
809 1819 921 1856 illum
940 1831 1097 1856 versum
1121 1817 1254 1855 obser·

205 1879 309 1916 vavi.
361 1878 462 1916 Hinc
474 1878 643 1916 efficitur
656 1876 894 1927 argumentis
907 1889 928 1915 e
943 1877 1099 1915 dicendi
1116 1889 1256 1927 genere

205 1938 339 1989 petitis
358 1937 545 1975 carminis
575 1937 845 1988 antiquitatem
867 1936 909 1974 in
938 1936 1101 1975 dubium
1122 1936 1255 1974 vocari

208 2010 287 2035 non
306 2009 436 2048 posse.
493 1996 622 2041 Quum
655 2003 781 2033 autem
803 1996 906 2033 inter
923 2008 978 2034 vs.
1000 1996 1051 2046 39
1085 2003 1123 2033 et
1146 2000 1194 2040 4ο
1215 1996 1257 2032 in

209 2055 343 2094 codice
375 2056 601 2105 Augustano
636 2054 714 2092 duo
738 2054 917 2104 legantur
950 2052 1156 2100 versiculi,
1190 2053 1258 2103 qui

211 2127 336 2166 neque
366 2115 408 2153 in
439 2114 610 2164 vulgatis
638 2112 881 2152 editionibus
903 2125 1028 2162 neque
1056 2113 1098 2150 in
1120 2112 1259 2149 Hiero-

209 2174 282 2212 clis
302 2173 592 2212 Commentario
619 2181 793 2220 exstant,
826 2171 893 2210 sed
924 2184 947 2209 a
967 2171 1192 2222 Porphyrio
1213 2171 1260 2209 de

143 2289 146 2291 ‚
208 2231 289 2270 vita
310 2231 541 2282 Pythagorae
560 2245 599 2283 p.
629 2245 675 2279 ²7
699 2230 758 2270 ed.
786 2231 901 2271 Rom.
924 2230 988 2282 (p.
1012 2236 1057 2275 4ι
1082 2231 1144 2268 ed.
1185 2230 1260 2267 Kii-

209 2291 309 2342 ster)
331 2290 550 2329 afferuntur
565 2306 575 2330 z

266 2386 391 2434 πρῶτα
415 2383 477 2435 μὲν
498 2383 531 2429 ἐξ
552 2383 673 2423 ὕπνοιο
698 2383 900 2436 μελίφρονος
913 2382 1154 2428 ἐξυπαναστὰς

267 2436 306 2480 εὖ
328 2442 425 2493 μάλα
444 2441 624 2481 ποιπνύειν
650 2441 702 2481 ὅσ’
721 2443 755 2480 ἐν
774 2441 887 2492 ἤματι
907 2441 992 2494 ἔργα
1012 2441 1204 2489 τελέσσεις,

215 2537 336 2575 nolim
368 2546 534 2576 statuere
549 2538 626 2575 hoc
647 2538 865 2589 disciplinae
885 2537 1154 2588 Pythagoricae
1186 2551 1264 2576 mo-

215 2603 442 2633 numentum
462 2609 541 2633 non
559 2597 755 2646 integrum
779 2595 828 2634 ad
845 2604 1014 2634 nostram
1036 2597 1263 2634 memoriam

217 2653 426 2701 mansisse,
449 2653 515 2692 sed
535 2654 631 2692 istos
656 2667 794 2692 versus
814 2667 836 2691 a
857 2653 1091 2705 quibusdam
1120 2654 1265 2705 Pytha-

215 2712 344 2762 goreis
364 2725 437 2764 pro
467 2712 613 2764 spuriis
639 2712 797 2751 habitos
826 2712 993 2764 ideoque
1013 2713 1061 2751 ab
1086 2713 1265 2752 Hierocle

218 2771 386 2809 omissos
408 2784 491 2809 esse
512 2771 707 2810 existimo.
765 2771 871 2809 Idem
898 2771 1154 2823 judicandum
1184 2786 1267 2810 esse

218 2829 389 2868 arbitror
408 2829 455 2867 de
470 2842 515 2867 eo
536 2830 746 2881 versiculo,
761 2831 828 2881 qui
851 2832 983 2869 versui
1006 2836 1052 2875 44
1076 2831 1116 2869 in
1132 2831 1264 2870 eodem

262 2991 327 3033 (15)
343 2993 459 3025 David.
481 2993 598 3025 Seholl.
616 2993 749 3026 Aristot.
766 3004 799 3036 p.
821 2998 860 3027 28
883 3003 901 3026 a
914 2995 966 3027 ed.
986 2996 1129 3028 Brandis.
1149 3006 1157 3028 ε
1174 2997 1204 3029 ἐν
1224 2997 1270 3034 οἷς

221 3040 366 3078 ζητητέον
381 3040 434 3072 καὶ
447 3040 482 3072 τὸ
504 3041 631 3081 γνήσιον
650 3041 700 3073 διὰ
716 3041 772 3080 τὴν
788 3043 951 3083 γινομένην
965 3043 1086 3075 νοθείαν
1096 3052 1103 3060 ·
1128 3044 1269 3076 νοθεύον-

220 3097 272 3140 ται
287 3086 347 3128 γὰρ
356 3086 395 3119 τὰ
412 3087 517 3130 βιὸλία
529 3091 702 3130 πενταχῶς·
716 3089 737 3128 ἢ
749 3088 809 3131 γὰρ
821 3089 860 3121 δι’
873 3090 1110 3132 εὐγνωμοσύνην
1126 3092 1269 3133 μαθητῶν

223 3144 262 3165 τα
285 3134 388 3165 οἰκεῖα
411 3134 640 3176 συγγράμματα
658 3139 723 3172 τοῖς
742 3136 868 3174 οἰκείοις
889 3137 1086 3174 διδασκάλοις
1111 3137 1268 3169 ἀνατιθέν-

223 3190 284 3211 των
296 3203 305 3219 ,
321 3181 363 3216 ὡς
375 3180 414 3212 τὰ
426 3181 611 3223 Πυθαγόρου
629 3183 683 3214 καὶ
696 3183 879 3226 Σωκράτους
899 3184 1128 3226 ἐπιγραφόμενα
1143 3185 1266 3227 βιὸλία,

225 3227 268 3267 μὴ
292 3226 365 3258 ὄντα
395 3227 577 3269 Σωκράτους
607 3230 627 3268 ἢ
656 3230 841 3274 Πυθαγόρου
879 3231 957 3263 ἀλλὰ
982 3233 1190 3273 Σωκρατικῶν
1216 3234 1268 3264 καὶ

225 3274 449 3329 Πυθαγορικῶν
461 3283 468 3290 ·
492 3276 512 3313 ἢ
526 3275 577 3307 διὰ
591 3277 763 3318 φιλοτιμίαν
784 3278 962 3319 βασιλικήν·
981 3277 1135 3315 Ἰοὸάτους
1150 3279 1207 3320 γὰρ
1217 3283 1270 3311 τοῦ

228 3320 353 3376 ῥιὸρων
371 3321 524 3362 βασιλέως
543 3323 728 3364 συνάγοντος
741 3325 781 3357 τὰ
800 3326 985 3367 Πυθαγόρου
1007 3326 1060 3357 καὶ
1076 3326 1271 3368 Πτολεμαίου

226 3376 266 3397 τα
277 3367 510 3423 Ἀριστοτέλους
523 3393 532 3408 ,
562 3370 640 3407 τινὲς
664 3372 835 3411 καπηλείας
857 3374 947 3415 χάριν
965 3373 1005 3405 τὰ
1035 3373 1170 3416 τυχόντα
1199 3385 1271 3413 συγ-
1291 3372 1293 3374 ’

231 3424 400 3470 γραμματα
420 3416 624 3457 λαμὸάνοντες
638 3418 780 3461 ἐκέδρουν
801 3421 855 3453 καὶ
873 3422 989 3460 ἐσηπον
1005 3421 1056 3453 διὰ
1071 3422 1270 3463 παραθέσεως

229 3474 306 3495 νεων
336 3462 459 3505 μυρῤῶν
480 3464 553 3506 [sic
565 3466 631 3507 jam
654 3467 776 3501 dudum
798 3468 922 3501 correxi
946 3469 1107 3510 vulgatam
1124 3467 1269 3510 πυρῤῶν;

1300 401 1342 439 in
1355 400 1501 438 Veneto
1518 398 1730 450 exemplari
1744 396 1996 448 subjungitur
2016 409 2025 435 :

1355 500 1432 539 ταῖς
1455 495 1576 538 αὐταῖς
1597 496 1737 547 ἀρεταῖς
1757 494 1855 530 ποιεῦ
1877 490 1974 543 φίλον
1988 490 2025 529 ὅν
2045 489 2076 527 κ’
2098 488 2267 541 ἐθέλῃσθα
2281 517 2290 535 ,

1303 604 1417 642 quem
1439 588 1639 627 Harlesius
1664 596 1768 626 recte
1798 587 2188 638 interpretamentum
2215 597 2352 622 versus

1304 649 1431 702 quinti
1447 661 1531 687 esse
1547 647 1710 687 censuit.
2037 676 2046 686 ι

1358 709 1403 747 ld
1421 722 1543 760 porro
1563 707 1779 746 faciendum
1798 714 1881 753 est,
1901 713 1943 743 ut
1964 716 2078 755 quem
2094 703 2223 741 locum
2253 702 2354 739 inter

1305 766 1633 819 philosophorum
1671 764 1845 803 carmina
1882 763 1990 801 aurei
2023 762 2071 800 de
2106 760 2251 812 quibus
2288 758 2354 797 hic

1307 828 1496 878 quaeritur
1516 837 1653 865 versus
1673 823 1897 872 obtineant,
1911 820 2048 873 paucis
2072 820 2352 870 significemus.

1307 887 1403 925 Cum
1433 886 1596 924 difficile
1630 884 1681 923 sit
1724 882 1922 935 sapientiae
1953 888 2148 932 praecepta
2175 877 2356 916 versibus

1309 947 1504 986 illustrare
1538 953 1747 998 propterea
1787 941 1893 994 quod
1925 939 2047 980 animi
2078 951 2191 978 sensa
2216 938 2258 976 in
2286 936 2358 974 hac

1309 1020 1437 1045 rerum
1450 1037 1461 1057 ‚
1482 1019 1569 1057 quae
1589 1018 1612 1042 a
1630 1002 1877 1056 philosophis
1909 1008 2138 1046 tractantur,
2161 996 2359 1048 majestate

1309 1080 1353 1104 ac
1371 1065 1598 1104 difficultate
1617 1063 1770 1102 flacilius
1789 1062 1915 1100 soluta
1938 1073 2053 1112 quam
2078 1059 2210 1097 vincta
2227 1069 2361 1096 nume—

1310 1125 1364 1162 ris
1393 1125 1567 1162 oratione
1601 1123 1849 1174 explicantur
1871 1134 1880 1158 τ
1903 1129 2032 1158 tamen
2050 1117 2357 1169 Xenophanem,

1309 1183 1578 1221 parmenidem
1593 1210 1604 1230 ,
1636 1180 1911 1232 Empedoclem
1955 1179 2132 1229 aliosque
2180 1176 2360 1214 videmus

1311 1255 1389 1280 non
1419 1242 1547 1280 omnis
1564 1239 1726 1291 poeticoe
1755 1237 1849 1276 artis
1877 1245 2055 1288 expertes
2077 1235 2219 1281 fuisse,
2242 1242 2285 1272 ut
2314 1233 2361 1271 ad

1311 1301 1529 1351 argumenti
1549 1300 1776 1350 dignitatem
1793 1297 1907 1335 simul
1928 1296 2144 1345 imaginum
2160 1302 2359 1340 venustas,

1311 1361 1495 1399 dictionis
1515 1359 1713 1410 granditas
1729 1356 1879 1408 ,omnis
1897 1355 2066 1405 denique
2080 1353 2256 1403 generis,
2275 1365 2363 1402 quae

1311 1421 1353 1459 in
1369 1421 1496 1473 poetis
1514 1417 1763 1458 admirationi
1777 1424 1882 1463 sunt,
1899 1415 2067 1453 virtutes
2083 1422 2120 1451 et
2134 1420 2365 1450 ornamenta
2407 1410 2409 1413 ⁴

1312 1478 1554 1517 accederent.
1612 1476 1657 1514 Id
1678 1488 1788 1514 secus
1802 1473 1918 1513 estin
1941 1486 1987 1511 eo
2007 1472 2055 1510 de
2072 1484 2150 1522 quo
2165 1470 2366 1521 loquimur

1313 1537 1484 1575 carmine
1498 1566 1509 1587 ,
1530 1534 1643 1586 cujus
1669 1543 1804 1573 auctor
1824 1541 1972 1572 tantum
1992 1531 2121 1577 abest,
2140 1538 2182 1567 ut
2204 1529 2307 1567 idem
2330 1538 2366 1566 et

1313 1605 1427 1647 poeta
1443 1603 1480 1633 et
1499 1593 1757 1646 philosophus
1776 1593 1892 1631 fuisse
1910 1589 2098 1628 dicendus
2114 1589 2188 1635 sit,
2206 1596 2249 1625 ut
2265 1588 2367 1625 inter

1315 1663 1445 1705 poetas
1476 1667 1619 1691 nomen
1645 1666 1758 1691 suum
1787 1665 1874 1690 cum
1901 1649 2015 1688 laude
2049 1647 2225 1700 profiteri
2252 1659 2366 1698 posse

1316 1727 1394 1751 non
1413 1713 1607 1752 videatur.
1666 1711 1765 1758 Quis
1790 1711 1895 1749 enim
1920 1717 2036 1761 poeta
2055 1708 2190 1759 epicus
2209 1706 2272 1744 vel
2303 1705 2369 1743 di-

1316 1772 1510 1819 dacticus,
1533 1780 1576 1809 ut
1594 1783 1719 1823 pauca
1737 1767 2006 1808 tantummodo
2026 1777 2261 1815 memorem,
2281 1772 2369 1802 ante

1316 1830 1512 1868 Christum
1535 1838 1666 1867 natum
1682 1857 1692 1876 ,
1715 1826 1936 1880 ἐπωφέλιμος
1955 1825 2080 1872 dixit,
2102 1823 2211 1875 quod
2225 1823 2368 1873 legitur

1317 1903 1435 1928 versu
1463 1891 1511 1937 63
1533 1889 1622 1939 quis
1650 1889 1859 1939 ἀγανακτεῖν
1883 1886 1945 1936 (v.
1980 1885 2076 1934 18),
2112 1884 2200 1933 quis
2224 1881 2367 1933 λαγνείη

1321 1949 1384 1999 (v.
1408 1949 1498 1999 ιο),
1523 1948 1611 1998 quis
1636 1945 1783 1995 ἀμέλεια
1813 1945 1892 1996 (16)
1924 1944 1986 1995 (v.
2009 1944 2057 1980 32
2075 1942 2108 1994 ),
2130 1942 2219 1993 quis
2256 1941 2371 1994 ἄθρυ-

1319 2022 1402 2051 πτος
1426 2008 1488 2059 (v.
1522 2005 1623 2058 35),
1645 2005 1734 2056 quis
1761 2003 1927 2047 σύστασις
1950 2003 2013 2053 (v.
2048 2001 2122 2052 56)
2147 2001 2251 2052 (17),
2283 2014 2370 2051 quae

1320 2068 1452 2105 omnia
1478 2066 1607 2118 primo
1637 2063 1829 2103 vocabulo
1859 2070 2020 2114 excepto
2050 2068 2152 2099 recte
2181 2060 2224 2098 in
2254 2073 2372 2111 prosa

1321 2125 1567 2173 dicebantur,
1579 2120 1771 2176 poeticam
1785 2123 2002 2162 orationem
2019 2121 2088 2159 illo
2104 2129 2278 2171 tempore
2293 2133 2372 2157 non

1322 2185 1521 2224 decebant.
1567 2184 1642 2222 Sed
1658 2183 1786 2221 bonus
1802 2190 1916 2234 poeta
1937 2181 2054 2219 fuerit
2075 2179 2258 2217 carminis
2278 2192 2369 2216 con·

1323 2244 1428 2282 ditor
1447 2258 1495 2282 an
1517 2244 1666 2290 minus,
1695 2256 1775 2280 non
1805 2241 1957 2280 laboro.
2016 2239 2060 2277 ld
2085 2247 2231 2276 tantum
2262 2238 2373 2275 inve-

1324 2304 1458 2353 stigari
1476 2302 1680 2349 convenit,
1701 2314 1777 2351 qua
1793 2308 1901 2339 aetate
1915 2299 2061 2337 vixerit
2080 2307 2116 2335 et
2134 2298 2221 2347 quis
2241 2297 2368 2336 fuerit.

1306 2360 1464 2412 .Liquet
1483 2370 1609 2399 autem
1625 2360 1927 2398 versificatorem
1948 2357 2051 2396 circa
2062 2355 2158 2394 belli
2174 2356 2373 2407 Pelopon—

1325 2421 1470 2458 nesiaci
1493 2429 1668 2471 tempora
1683 2420 1744 2458 vel
1762 2419 1880 2471 paulo
1895 2426 1984 2469 post
1997 2417 2141 2455 vixisse
2152 2445 2162 2462 ‚
2179 2415 2271 2466 quia
2288 2414 2370 2465 ejus

1326 2478 1481 2516 dicendi
1499 2491 1620 2528 genus
1639 2477 1830 2516 dissimile
1846 2476 1966 2527 epicae
1983 2474 2224 2526 simplicitati
2244 2487 2288 2512 ac
2306 2474 2377 2511 di·-

1326 2550 1480 2575 versum
1518 2537 1566 2575 ab
1587 2550 1653 2584 eo,
1675 2550 1753 2587 quo
1781 2535 2040 2586 Xenophanes
2057 2563 2068 2582 ,
2095 2532 2348 2571 Parmenides
2362 2562 2373 2581 ‚

1327 2596 1578 2648 Empedocles
1597 2596 1659 2634 usi
1676 2603 1806 2641 erant,
1823 2594 2019 2646 imprimis
2039 2607 2125 2632 cum
2140 2606 2266 2645 prosae
2279 2593 2374 2631 scri·

1328 2655 1510 2707 ptoribus
1531 2664 1569 2694 et
1598 2654 1724 2706 poetis
1749 2654 1856 2693 illius
1885 2653 2022 2692 saeculi
2052 2653 2257 2692 consentit.
2317 2652 2375 2690 (ΖΓ.

1329 2727 1445 2752 voces
1467 2712 1661 2765 ἀλογίστως
1688 2726 1728 2752 v.
1753 2717 1815 2759 14,
1836 2711 1951 2764 μωρός
1974 2726 2014 2751 v.
2032 2725 2079 2760 27
2099 2742 2108 2763 ‚
2132 2711 2315 2762 καθάρειος
2333 2725 2374 2751 v.

1330 2772 1377 2810 35
1402 2771 1580 2825 [καθάριος
1602 2772 1706 2824 apud
1723 2771 2000 2819 Menandrum;
2020 2771 2100 2810 vid.
2122 2771 2260 2809 Athen.
2275 2770 2375 2818 XIV,
2407 2777 2409 2779 ’

1329 2834 1420 2879 661,
1438 2832 1465 2869 F
1477 2832 1508 2882 ]‚
1531 2830 1747 2884 ἀνελεύθερος
1766 2846 1803 2872 V.
1821 2832 1868 2869 38
1886 2860 1896 2878 ‚
1914 2829 2111 2883 αὐθαίρετος
2125 2845 2164 2870 ν.
2184 2831 2228 2875 54
2244 2859 2253 2877 ,
2277 2845 2378 2867 συνο-

1329 2997 1371 3029 cf.
1389 2997 1512 3038 praerat.
1531 2996 1572 3029 ad
1589 2997 1688 3030 Ocell.
1707 3007 1739 3039 p.
1757 3000 1831 3031 xlx
1845 2998 1869 3040 ],
1887 2999 1939 3031 ἵνα
1954 3003 2060 3040 σχοῖεν
2080 3000 2169 3038 δῆθεν
2186 3000 2241 3038 τήν
2269 3000 2304 3031 ἐκ
2322 3002 2377 3030 τοῦ

1330 3044 1442 3086 χρόνου
1456 3044 1664 3082 ἀξιοπιστίαν·
1682 3046 1701 3085 ἢ
1719 3046 1757 3078 δι’
1772 3047 1952 3088 ὁμωνυμίας
1971 3048 2171 3088 συγγραφέων
2184 3048 2203 3085 ἢ
2220 3057 2378 3087 συγγραμ-

1331 3091 1437 3133 μάτων
1454 3093 1473 3131 ἢ
1486 3093 1729 3134 ὑπομνημάτων.

1374 3140 1438 3180 (16)
1462 3141 1668 3181 Quamquam
1682 3150 1746 3173 non
1762 3140 1901 3173 diffiteor
1916 3140 2001 3182 apud
2023 3140 2208 3181 Euripidem
2223 3141 2283 3182 legi
2301 3141 2377 3182 ἆμε-

1330 3186 1410 3219 λίαν.
1432 3187 1504 3228 Iplt.
1534 3188 1607 3220 Aul.
1630 3196 1661 3221 v.
1680 3191 1742 3221 850
1768 3187 1835 3220 ἀλλ’
1853 3188 1966 3230 ἀμελίᾳ
1987 3189 2037 3225 δὸς
2063 3187 2159 3229 αὐτά,
2182 3189 2235 3221 καὶ
2255 3189 2378 3230 φαύλως

1330 3234 1412 3277 φέρε.
1435 3235 1563 3276 Αιιῑίορ.
1588 3235 1702 3275 fragm.
1718 3237 1775 3268 XX
1789 3245 1821 3277 p.
1840 3239 1900 3268 665
1914 3236 1965 3268 ed.
1984 3237 2140 3277 Wagner.
2161 3236 2266 3277 (Paris
2287 3235 2379 3279 1846)

1330 3281 1369 3312 τὰ
1386 3281 1440 3322 μὲν
1455 3282 1526 3314 κατ’
1539 3282 1644 3319 οἴκους
1665 3283 1777 3325 ἀμελίᾳ
1796 3283 1900 3324 παρεὶς
1916 3283 1964 3324 ἐᾷ.

1373 3328 1439 3369 (17)
1460 3331 1506 3362 De
1525 3338 1563 3361 ea
1585 3330 1670 3362 vocis
1691 3331 1848 3371 potestate
1876 3330 2000 3371 loquor,
2023 3339 2098 3371 quae
2118 3330 2376 3371 philosophorum

1333 3377 1457 3417 propria
1469 3379 1529 3410 est.
1545 3377 1615 3410 Alio
1631 3387 1726 3410 sensu
1743 3378 1896 3411 σύστασιν
1918 3378 2000 3412 dixit
2014 3379 2124 3420 Eurip.
2141 3377 2299 3411 Heraclid-
2316 3380 2377 3409 416

1332 3423 1386 3456 ubi
1407 3424 1479 3457 vide
1495 3425 1694 3466 Etmslejum.
