2612 3814
867 309 1738 404 COMMENTARIUS

551 507 623 565 IN
675 506 1131 568 EMPEDOGLIS
1183 506 1574 568 CARMINUM
1636 508 2047 580 RELIQUIAS.

268 842 352 877 Vss.
398 852 504 877 1-10.
538 837 665 879 Ἔστιν
703 840 875 892 Ἀνάγκης
911 839 1265 895 χρῆμα-πίσυνος]

216 896 447 937 Plutarchus
486 898 534 936 de
571 899 713 938 exsilio
746 913 784 951 p.
805 900 897 947 607,
931 899 1061 937 laudat
1089 912 1168 937 vss.
1203 914 1268 949 1·9

213 957 373 996 omissis
403 957 585 996 versibus
601 973 638 1005 2,
663 972 682 1006 7
710 967 748 996 et
770 972 898 997 1o.—-
916 957 999 997 Vss.
1023 973 1037 996 1
1059 966 1097 996 et
1113 973 1134 996 2
1157 958 1269 996 affert

214 1015 403 1066 Origenes
421 1017 686 1068 (Hippolytus)
704 1030 743 1069 p.
765 1017 858 1067 251,
870 1017 931 1055 ed.
948 1017 1089 1065 Miller-3
1106 1017 1268 1069 Simpli—

215 1075 315 1122 cius,
335 1075 451 1126 Phys.
471 1075 577 1126 VIII,
596 1076 622 1113 f.
643 1089 718 1124 27²
742 1076 790 1124 133
808 1076 1055 1128 Porphyrius
1075 1090 1136 1128 ap.
1158 1076 1266 1116 Stob.

215 1134 296 1172 Ecl.
317 1134 370 1184 II,
399 1135 421 1172 8
442 1149 481 1186 p.
507 1135 581 1179 384
603 1135 662 1174 ed.
694 1138 809 1174 Heer.
835 1135 957 1186 (tom.
979 1135 1028 1183 II,
1043 1149 1084 1187 p.
1104 1137 1180 1181 664
1203 1136 1264 1174 ed.

215 1192 362 1244 Gaisf.)
385 1193 476 1231 inde
501 1206 523 1231 a
538 1193 672 1232 verbis
686 1195 772 1232 θεῶν
796 1194 887 1247 ψηφ.
908 1193 994 1233 Vss.
1017 1200 1037 1240 4
1059 1203 1096 1233 et
1114 1196 1136 1232 8
1157 1208 1267 1247 repe-

214 1252 370 1290 riuntur
391 1252 492 1303 apud
512 1252 720 1303 Origenem
756 1251 1052 1305 (Hippolytum)
1078 1253 1120 1291 in
1141 1253 1265 1292 haere—

214 1311 316 1349 sium
337 1312 511 1349 omnium
530 1312 778 1359 refutatione,
807 1325 894 1364 pag.
915 1318 1009 1362 249.
1028 1312 1116 1351 Vss.
1140 1313 1163 1350 6
1185 1321 1222 1351 et
1243 1328 1263 1362 7

209 1369 337 1420 juncti
359 1379 511 1409 exstant
540 1370 643 1423 apud
663 1371 873 1421 Origenem
908 1385 942 1412 c.
965 1371 1067 1411 Cels.
1087 1370 1193 1419 VIII,
1216 1372 1264 1410 53

213 1442 298 1481 pag.
321 1432 396 1478 780
418 1431 462 1478 E,
485 1431 546 1468 ed.
576 1431 760 1470 Delarue.
791 1430 876 1470 Vss.
913 1445 937 1482 9
958 1439 996 1470 et
1030 1445 1077 1469 10
1095 1430 1267 1482 jungunt

216 1488 412 1528 Hierocles
429 1490 476 1527 ad
498 1502 582 1527 aur.
607 1503 725 1529 carm.
747 1504 788 1543 p.
816 1491 888 1536 143
907 1490 969 1531 ed.¹
993 1499 1120 1530 nostr.
1137 1490 1266 1528 Ploti-

211 1560 284 1586 nus
305 1547 478 1588 Ennead.
508 1548 575 1598 lv,
607 1548 715 1597 VIII,
758 1564 773 1588 1
798 1564 840 1602 p.
875 1551 951 1595 468
980 1550 1026 1588 C.
1061 1550 1266 1601 Asclepius

208 1606 338 1647 schol.
361 1608 402 1645 in
429 1609 592 1647 Aristot.
615 1608 918 1660 Metaphysicor.
941 1609 1013 1647 lib.
1043 1609 1095 1656 II,
1118 1622 1202 1660 cap.
1225 1615 1265 1658 4,

211 1667 334 1717 p.629
351 1667 394 1714 A,
417 1666 479 1704 ed.
502 1666 640 1705 ssrand.
661 1667 907 1720 Philoponus
921 1670 962 1707 in
976 1668 1137 1720 Physic.
1160 1667 1231 1708 lib.
1250 1668 1265 1706 Ι

210 1738 296 1776 pag.
321 1739 366 1764 10
388 1726 441 1774 Α;
464 1726 517 1765 id.
535 1726 583 1764 de
602 1726 743 1767 Gener.
761 1737 799 1766 et
818 1727 930 1766 Corr.
950 1727 1000 1778 II,
1028 1728 1054 1767 f.
1079 1728 1129 1778 59
1145 1729 1176 1766 A
1194 1743 1204 1776 3
1219 1728 1266 1766 de

211 1784 341 1821 Anim.
365 1783 434 1833 lib.
457 1799 470 1822 1
495 1799 583 1836 pag.
611 1801 626 1823 1
648 1786 693 1825 C.
718 1787 870 1825 Dictum
901 1785 1013 1840 φυγὰς
1042 1787 1159 1826 θεόθεν
1183 1803 1218 1827 κ.
1244 1788 1265 1825 ἀ

207 1851 266 1881 est
285 1843 389 1895 apud
410 1842 606 1896 Porphyr.
634 1845 808 1884 Sentent.
834 1854 878 1893 4ι
906 1861 946 1899 p.
974 1848 1048 1895 476
1081 1847 1142 1886 ed.
1165 1847 1264 1886 Can·

210 1902 307 1943 tabr.
324 1903 506 1942 Proclum
526 1905 565 1942 in
577 1905 706 1944 Parm.
729 1914 757 1945 t.
780 1906 843 1954 IV,
866 1921 905 1959 p.
924 1913 992 1952 ι4ι
1015 1907 1076 1946 ed.
1099 1906 1263 1948 Cousin.

212 1962 410 2001 Ilei-{niam
437 1963 479 2001 in
504 1964 602 2003 Plat.
626 1964 783 2005 Phaedr.
807 1980 848 2018 p.
885 1967 954 2012 148
975 1966 1036 2005 ed.
1062 1967 1145 2005 Ast.
1170 1967 1262 2006 Plu-

209 2021 343 2059 tarcho
360 2030 455 2060 teste
479 2021 731 2074 Empedocles
747 2038 846 2077 opus
860 2025 966 2077 quod
983 2025 1030 2064 de
1050 2037 1179 2064 rerum
1198 2039 1264 2064 na-

208 2087 294 2118 tura
325 2082 610 2155 conscripserat
642 2083 689 2121 ab
720 2083 781 2123 his
804 2084 987 2123 veisibus
1011 2098 1174 2123 exorsus
1195 2094 1264 2124 est.

209 2139 274 2176 Ait
293 2139 425 2177 enlm:
444 2138 524 2179 ‘O
507 2143 534 2179 ο’
551 2139 604 2180 ’II‘
598 2142 798 2191 μπεδοκλῆς
816 2144 849 2182 ἐν
870 2145 963 2198 ἀρχῇ
984 2146 1045 2191 τ’ἤς
1062 2144 1265 2197 φιλοσοφίας

209 2198 525 2252 προαναφωνήσας·
544 2197 672 2240 ’Έστιν
689 2200 858 2254 Ἀνάγκης
877 2219 1002 2256 χρημα
1023 2205 1102 2242 κτλ.
1118 2205 1264 2256 Hippo·

209 2257 314 2309 lytus
349 2272 444 2298 vero
482 2273 522 2311 p.
556 2267 632 2311 249
670 2261 751 2300 haec
781 2262 830 2301 de
854 2263 1086 2316 Empedocle
1114 2265 1261 2302 tradit.

204 2316 374 2356 Ἰοιοῧτόν
397 2334 431 2357 τι
452 2317 513 2357 καὶ
528 2319 717 2362 κάλλιστον
735 2313 823 2366 εἶδος
843 2326 902 2360 τοῦ
923 2322 1057 2373 κόσμου
1072 2326 1094 2371 ἡ
1113 2323 1243 2377 φιλία’
1228 2339 1266 2362 εκ

204 2378 347 2415 πολλῶν
369 2376 406 2416 ἓν
425 2379 682 2431 ἀπεργάζεται·
697 2379 736 2419 τὸ
758 2380 792 2419 δὲ
813 2382 925 2426 νεῖκος
941 2381 981 2420 τὸ
1003 2385 1066 2430 τῆς
1085 2384 1154 2421 τῶν
1173 2383 1265 2422 κατὰ

209 2434 314 2488 μέρος
333 2437 604 2488 διακοσμήσεως
625 2437 735 2478 αἴτιον
757 2438 819 2485 ἐξ
806 2457 878 2485 ενος
893 2440 1026 2480 ἐκείνου
1042 2443 1188 2496 ἀποσπᾷ
1206 2459 1266 2481 και

208 2495 448 2547 ἀπεργάζεται
468 2497 607 2537 πολλά·
628 2513 688 2536 και
708 2499 810 2537 τουτό
831 2501 924 2539 ἐστιν
945 2499 1073 2552 ὃλέγει
1102 2502 1185 2555 περὶ
1203 2504 1266 2549 τῆς

206 2555 362 2593 ἑαυτοῦ·
352 2555 576 2607 γεννήσεωςὸ
593 2556 635 2596 Γ
639 2558 860 2608 ἀπεδοκλης

259 2650 328 2686 τῶν
346 2649 406 2688 καὶ
426 2649 496 2700 ἐγώ
515 2651 588 2701 εἶμι
609 2651 718 2703 φυγὰς
735 2651 849 2692 θεόθεν
870 2653 929 2691 καὶ
945 2653 1097 2703 ἀλήτης,

205 2740 367 2780 τουτέστι
388 2741 463 2781 θεον
485 2745 603 2782 καλων
622 2742 661 2782 τὸ
679 2742 714 2782 ἓν
734 2743 795 2783 καὶ
811 2743 904 2792 τὴν’
890 2744 1020 2784 εκείνου
1034 2746 1208 2798 ἑνότητα,
1229 2749 1263 2787 ἐν

203 2802 235 2852 ᾡ
258 2804 313 2873 ἠνφ
317 2802 400 2853 πρὶν
415 2801 482 2840 ὑπὸ
499 2818 560 2841 του
579 2803 711 2848 νείκους
732 2804 1006 2852 ἀποσπασθηναι
1027 2805 1086 2844 καὶ
1103 2808 1265 2859 γενέσθαι

208 2861 241 2899 ἐν
259 2860 328 2905 τοῖς
348 2861 490 2905 πολλοῖς
507 2862 641 2907 τούτοις
657 2868 727 2908 τοῖς
738 2863 829 2902 κατὰ
846 2864 908 2911 τὴν
921 2881 981 2904 του
1001 2867 1132 2911 νείκους
1147 2866 1262 2907 διακό-

206 2935 357 2971 σμησιν.
382 2920 496 2968 Νείκη
518 2922 614 2973 (leg.
636 2924 790 2973 Νεῖκος)
820 2924 887 2977 γάρ
918 2939 1004 2978 φησι
1029 2922 1261 2978 μαινόμενον,

207 2978 270 3018 καὶ
290 2979 552 3032 τεταραγμένον
574 2981 635 3020 καὶ
666 2981 820 3021 ἄστατον
845 2983 904 3022 τὸν
935 2985 1146 3038 δημιουργὸν
1166 2987 1264 3026 τόνδε

213 3038 307 3089 (leg.
330 3040 450 3090 τοῦδε)
482 3056 542 3078 του
568 3041 702 3092 κόσμου
739 3045 757 3081 ὁ
781 3042 1031 3094 Ἐμπεδοκλῆς
1056 3047 1263 3085 ἀποκαλῶν·

208 3095 300 3144 αὕτη
322 3097 389 3150 γάρ
410 3099 502 3137 ἔστιν
530 3102 551 3146 ἠ
573 3100 748 3146 καταδίκη
770 3101 831 3139 καὶ
859 3102 994 3156 ἀνάγκη
1025 3106 1092 3143 τῶν
1114 3106 1261 3158 ψυχων,

205 3149 294 3194 ‹Bv’
275 3162 420 3196 αποσπᾶ
438 3157 479 3195 τὸ
502 3163 613 3203 νεῖκος
630 3158 700 3198 ἀπὸ
714 3163 774 3199 τοῦ
799 3161 872 3206 ἑνὸς
893 3162 952 3200 καὶ
974 3163 1183 3216 δημιουργεῖ
1199 3165 1260 3204 καὶ

206 3215 392 3268 ἐργάζεται
412 3215 525 3269 λέγων
563 3218 752 3270 (fortasse
779 3221 1029 3260 scribendum
1059 3223 1254 3276 ἐργάζεται.

212 3308 312 3361 Αεγει
328 3304 409 3364 ουν)
434 3313 586 3353 τοιοῦτόν
607 3330 685 3354 τινα
703 3314 850 3369 τρόπον

316 3369 352 3414 ὃς
369 3370 429 3410 καὶ
452 3373 613 3426 ἐπίορκον
629 3375 838 3427 ἁμαρτήσας
853 3375 1020 3427 ἕπομόσει

316 3429 492 3481 δαιμόνιοί
511 3448 548 3471 τε
563 3434 787 3487 μακραίωνος
800 3434 976 3488 λελάχασι
992 3435 1099 3490 βίοιο,

1330 840 1500 891 δαίμονας
1517 840 1580 886 τὰς
1601 843 1718 895 ψυχὰς
1733 839 1848 891 λέγων
1866 841 2114 895 μακραίωνας,
2130 842 2182 882 ὅτι
2197 843 2282 883 εἰσὶν
2300 847 2386 884 ἀθα-

1328 915 1426 938 νατοι
1450 901 1511 940 καὶ
1533 900 1691 954 μακροὺς
1711 903 1815 946 ζῶσιν
1837 903 1986 945 αἰῶνας·

1380 985 1454 1039 τρὶς
1481 985 1544 1038 μὲν
1566 985 1693 1040 μυρίας
1713 986 1807 1041 ὥρας
1830 976 1908 1026 ἀπὸ,
1923 989 2094 1043 μακάρων
2125 989 2322 1039 ἀλάλησθε,

1329 1072 1506 1126 μακαρίας
1522 1074 1614 1124 (leg.
1631 1074 1694 1113 vel
1711 1074 1906 1127 μακαρίους
1922 1075 1982 1113 vel
1993 1076 2025 1114 si
2041 1076 2232 1127 poeticam
2249 1091 2385 1116 vocem

1328 1133 1502 1171 servavit
1537 1133 1776 1185 Hippolytus
1801 1132 1994 1188 μάκαρας)
2021 1137 2139 1174 καλῶν
2159 1135 2239 1180 τοὺς
2277 1152 2386 1184 συνη-

1327 1192 1474 1242 γμένους
1486 1191 1624 1240 ὑπὸτῆς
1643 1193 1762 1247 φιλίας
1776 1192 1846 1231 ἀπὸ
1859 1196 1926 1231 τῶν
1940 1195 2079 1232 πολλῶν
2098 1195 2144 1238 εἷς
2159 1194 2222 1243 τὴν
2241 1196 2387 1243 ἑνότητα

1327 1255 1387 1290 τοῦ
1419 1251 1555 1303 κόσμου
1576 1255 1637 1291 τοῦ
1658 1255 1798 1300 νοητοῦ.
1840 1252 1996 1297 Τούτους
2017 1247 2075 1293 οῧν
2112 1269 2217 1308 φησιν
2247 1256 2387 1295 ἀλάλτ-

1327 1314 1407 1349 σθαι
1427 1311 1486 1350 καὶ

1379 1396 1570 1451 φυομένους
1586 1403 1736 1437 παντοῖα
1754 1398 1811 1436 διὰ
1825 1398 1950 1452 χρόνον
1966 1397 2043 1438 ἴδεα
2062 1401 2195 1447 θνητῶν

1380 1457 1555 1510 ἀργαλέας
1571 1457 1700 1511 βιότοιο
1715 1459 2008 1510 μεταλλάσσοντα
2029 1459 2227 1505 κελεύθους.

1325 1545 1358 1585 Ἀ
1367 1545 1517 1599 ργαλέας
1531 1547 1716 1593 κελεύθους
1732 1547 1836 1601 φησὶν
1856 1541 1944 1586 εἶναι
1964 1550 2034 1586 τῶν
2056 1550 2178 1602 ψυχῶν
2199 1548 2261 1594 τὰς
2280 1552 2327 1595 εἷς
2340 1550 2385 1589 τὰ

1326 1605 1478 1656 σώματα
1500 1605 1701 1656 μεταὸολὰς
1725 1607 1784 1645 καὶ
1821 1607 2119 1658 μετακοσμησεις.
2155 1609 2261 1648 Idem
2291 1624 2352 1649 sel
2355 1625 2387 1649 1-

1326 1674 1418 1717 ptor
1435 1666 1584 1717 primos
1614 1666 1692 1705 duo
1716 1667 1916 1727 prooemii
1921 1680 2058 1706 versus
2079 1681 2168 1720 pag.
2197 1670 2269 1707 251
2294 1670 2386 1708 alle·

1327 1732 1390 1773 gat
1407 1723 1488 1762 haec
1503 1724 1711 1776 p1·:aefatus
1734 1726 1867 1764 Τουτον
1884 1718 1972 1764 εἶναί
1987 1741 2090 1779 φησιν
2108 1729 2125 1765 ὁ
2142 1729 2387 1778 Εμπεδοκλης

1325 1782 1430 1833 νόμον
1450 1782 1613 1835 μέγιστον
1633 1800 1694 1831 της
1714 1789 1773 1824 τοῦ
1789 1784 1919 1830 παντὸς
1938 1784 2141 1833 διοικησεως
2153 1817 2163 1835 ,
2180 1787 2293 1839 λέγων
2313 1783 2382 1828 ὡδέ

1325 1857 1417 1886 πως·

1378 1929 1485 1971 Ἔστι
1505 1931 1540 1970 τί
1561 1931 1696 1985 ἀνάγκη
1715 1935 1858 1986 χρῆμα,
1875 1936 1959 1972 θεῶν
1977 1933 2144 1988 ψήφισμα
2159 1938 2325 1986 παλαιόν,

1378 1990 1487 2030 ἀίδιον
1499 2021 1509 2039 ,
1524 1991 1715 2031 πλατέεσσι
1734 1994 2082 2048 κατεσφρηγισμένον
2104 1994 2218 2049 ὅρκοις
2230 2012 2238 2021 ·

1326 2078 1485 2131 ἀνάγκην
1507 2081 1628 2119 καλῶν
1645 2079 1708 2128 τὴν
1733 2080 1767 2126 ἐξ
1798 2081 1872 2126 ἑνὸς
1895 2084 1943 2127 εἷς
1964 2083 2081 2123 πολλὰ
2101 2084 2194 2124 κατὰ
2213 2084 2253 2124 τὸ
2273 2086 2383 2131 νεῖκος

1325 2139 1384 2177 καὶ
1406 2141 1446 2177 ἐκ
1465 2141 1605 2179 πολλῶν
1623 2141 1670 2184 εἷς
1691 2139 1727 2179 ἓν
1739 2140 1830 2180 κατὰ
1848 2141 1911 2189 τὴν
1928 2143 2045 2195 φιλίαν
2062 2144 2275 2194 μεταὸολήν.
2293 2146 2386 2192 Quae

1326 2198 1368 2236 in
1383 2198 1510 2249 ipsius
1528 2199 1733 2251 Hippolyti
1746 2200 1879 2239 verbis
1900 2202 2036 2240 relicta
2050 2202 2098 2240 ab
2113 2203 2262 2242 editore
2276 2215 2386 2244 erant

1325 2257 1466 2296 menda
1488 2259 1680 2310 appositis
1697 2259 1811 2297 uncis
1831 2260 1994 2307 sustuli,
2018 2263 2071 2299 ita
2094 2271 2220 2301 tamen
2237 2273 2280 2301 ut
2301 2278 2385 2303 ver·

1325 2330 1439 2356 suum
1462 2317 1813 2369 Empedoclem-um
1836 2319 1981 2370 quibus
2000 2329 2180 2372 tanquam
2211 2323 2386 2364 flosculis

1326 2376 1543 2415 orationem
1566 2390 1671 2415 suam
1692 2378 1927 2429 conspersit,
1951 2380 2143 2418 rationem
2165 2395 2245 2420 non
2266 2382 2384 2421 habe-

1325 2448 1422 2472 rem.
1447 2436 1502 2474 De
1517 2435 1577 2474 his
1604 2436 1726 2486 igitur
1744 2445 1787 2474 ut
1810 2437 1858 2475 de
1873 2439 2013 2477 ceteris
2035 2439 2152 2491 hujus
2171 2440 2248 2480 loci
2266 2443 2386 2482 versi.

1324 2493 1397 2532 bus
1419 2493 1592 2533 breviter
1617 2495 1842 2535 dicendum.

1379 2552 1446 2593 Vs.
1473 2567 1507 2591 1.
1528 2551 1621 2592 ἔστιν
1641 2553 1798 2607 ἀνάγκης
1813 2554 1894 2606 jam
1914 2555 2092 2595 Reiskius
2114 2558 2218 2610 apud
2232 2559 2384 2600 Plutar-

1325 2611 1437 2650 chum
1457 2612 1614 2665 scripsit
1628 2627 1701 2665 pro
1724 2615 1834 2664 vulg.
1855 2614 1930 2653 ἐστί
1949 2631 1981 2653 τι
2003 2617 2056 2655 ἀν.
2071 2617 2134 2655 vel
2154 2617 2228 2657 ἔστι
2247 2635 2280 2657 τι
2299 2620 2383 2659 ἀνά-

1324 2686 1425 2721 γκης,
1453 2672 1567 2723 cujus
1587 2673 1674 2711 loco
1695 2674 1934 2725 Hippolytus
1951 2674 2068 2713 habet
2085 2675 2159 2715 ἔστι
2174 2677 2207 2715 τί
2228 2678 2379 2729 ἀνάγκη.

1324 2729 1554 2781 Simplicius
1571 2745 1650 2769 non
1679 2731 1869 2784 ψήφισμα,
1899 2733 1967 2771 sed
1991 2734 2199 2787 σφράγισμα
2225 2737 2384 2777 exhibet

1327 2788 1432 2838 quod
1459 2788 1714 2828 librariorum
1746 2791 1996 2841 negligentiae
2021 2793 2311 2834 ascribendum.
2329 2819 2384 2827 -

1324 2847 1388 2885 Vs.
1411 2861 1448 2886 2.
1463 2847 1540 2887 Pro
1556 2848 1746 2889 πλατέεσσι
1762 2850 1861 2889 male
1878 2851 2068 2902 Origenes
2077 2853 2257 2894 πλατέεσι.
2274 2855 2379 2894 ldem

1324 2920 1411 2945 cum
1449 2907 1603 2947 Stobaeo
1632 2923 1706 2962 pro
1726 2911 2076 2964 κατεσφρηγισμένον
2105 2913 2255 2965 plaebet
2274 2930 2383 2954 κατε-

1327 2981 1422 3019 σφρα
1426 2968 1608 3018 γισμένον.
1630 2991 1685 2999 ·-
1703 2969 1765 3009 Vs.
1787 2971 1823 3008 3.
1844 2970 1923 3008 Pro
1947 2972 2280 3026 ἀμπλακίῃσιφόνῳ
2298 2974 2382 3027 φίλα

1323 3029 1433 3076 γυῖα
1427 3041 1463 3063 u.-
1458 3025 1534 3079 ,ήνῃ
1556 3027 1879 3068 Panzerbieterus
1894 3043 1933 3081 p.
1956 3044 1976 3067 2
1993 3030 2197 3080 legendum
2216 3033 2384 3084 conjecit

1324 3085 1551 3138 ἀμπλακίῃσι
1566 3091 1698 3140 φρενῶν
1714 3089 1855 3126 collato
1872 3089 2044 3127 Pindaro
2057 3090 2172 3141 Pyth.
2192 3092 2230 3139 3,
2246 3097 2292 3137 24
2313 3096 2380 3141 ἀμ-

1322 3142 1510 3184 πλακίαισι
1532 3149 1663 3199 φρενῶν
1684 3147 1837 3186 dicente
1853 3157 1890 3186 et
1904 3148 2151 3200 Empedoclis
2165 3163 2282 3189 versu
2303 3156 2375 3196 441

1324 3202 1512 3256 ἀκηδείῃσι
1543 3204 1648 3246 νόοιο.
1686 3206 1925 3258 Conjectura
1956 3208 2038 3246 haec
2072 3209 2134 3247 vel
2173 3219 2380 3261 propterea

1324 3264 1587 3315 repudianda,
1605 3266 1712 3318 quod
1733 3267 1826 3320 φόνῳ
1842 3275 1970 3306 tuetur
1987 3267 2218 3307 Plutarchus
2236 3269 2283 3306 de
2311 3282 2380 3306 esu

1324 3336 1430 3363 carn.
1450 3333 1546 3363 orat.
1567 3325 1701 3365 Iextr.
1724 3356 1732 3364 .
1755 3325 1962 3399 Ἀλληγορεῒ
1980 3326 2047 3380 γὰρ
2063 3330 2212 3367 ἐνταῦθα
2233 3329 2271 3380 (ὃ
2288 3327 2378 3379 Εμ-

1322 3382 1514 3435 πεδοκλῆς)
1534 3385 1595 3427 τὰς
1612 3384 1748 3437 ψυχάς,
1767 3385 1820 3425 ὅτι
1842 3386 1953 3439 φόνων
1974 3387 2034 3425 καὶ
2054 3386 2217 3439 βρώσεως
2237 3403 2377 3441 σαρκων

1323 3440 1383 3480 καὶ
1407 3443 1709 3496 ἀλληλοφαγίας
1691 3443 1792 3491 οίκην
1814 3444 1970 3483 τίνουσαι
1994 3444 2140 3496 σώμασι
2163 3448 2335 3494 θνητοῖς’
2320 3463 2378 3485 εν·-
