<?xml version="1.0" encoding="UTF-8"?>
<!DOCTYPE html PUBLIC "-//W3C//DTD XHTML 1.0 Transitional//EN"
    "http://www.w3.org/TR/xhtml1/DTD/xhtml1-transitional.dtd">
<html xmlns="http://www.w3.org/1999/xhtml" xml:lang="en" lang="en">
 <head>
  <title>
</title>
<meta http-equiv="Content-Type" content="text/html;charset=utf-8" />
  <meta name='ocr-system' content='tesseract 3.04.00' />
  <meta name='ocr-capabilities' content='ocr_page ocr_carea ocr_par ocr_line ocrx_word'/>
</head>
<body>
  <div class='ocr_page' id='page_1' title='image "./fragmentaphiloso01mulluoft_0499.png"; bbox 0 0 2612 3814; ppageno 0'>
   <div class='ocr_carea' id='block_1_1' title="bbox 0 0 85 3814">
    <p class='ocr_par' dir='ltr' id='par_1_1' title="bbox 0 0 85 3814">
     <span class='ocr_line' id='line_1_1' title="bbox 0 0 85 3814; baseline 0 0"><span class='ocrx_word' id='word_1_1' title='bbox 0 0 85 3814; x_wconf 95' lang='lat' dir='ltr'><strong> </strong></span> 
     </span>
    </p>
   </div>
   <div class='ocr_carea' id='block_1_2' title="bbox 978 321 1534 363">
    <p class='ocr_par' dir='ltr' id='par_1_2' title="bbox 978 321 1534 363">
     <span class='ocr_line' id='line_1_2' title="bbox 978 321 1534 363; baseline 0.002 -2"><span class='ocrx_word' id='word_1_2' title='bbox 978 323 1029 362; x_wconf 89' lang='lat' dir='ltr'><strong>lN</strong></span> <span class='ocrx_word' id='word_1_3' title='bbox 1057 321 1278 363; x_wconf 84' lang='lat' dir='ltr'><strong>AUREUM</strong></span> <span class='ocrx_word' id='word_1_4' title='bbox 1307 322 1534 363; x_wconf 79' lang='lat' dir='ltr'><strong>CARMEN.</strong></span> 
     </span>
    </p>
   </div>
   <div class='ocr_carea' id='block_1_3' title="bbox 162 407 1226 1463">
    <p class='ocr_par' dir='ltr' id='par_1_3' title="bbox 162 407 1226 1463">
     <span class='ocr_line' id='line_1_3' title="bbox 179 407 1226 466; baseline -0.001 -16"><span class='ocrx_word' id='word_1_5' title='bbox 179 426 288 466; x_wconf 79' lang='grc' dir='ltr'>φρονα</span> <span class='ocrx_word' id='word_1_6' title='bbox 307 413 369 458; x_wconf 80' lang='grc' dir='ltr'>τ’ῆς</span> <span class='ocrx_word' id='word_1_7' title='bbox 390 411 504 464; x_wconf 78' lang='grc' dir='ltr'>ψυχῆς</span> <span class='ocrx_word' id='word_1_8' title='bbox 525 407 593 454; x_wconf 78' lang='grc' dir='ltr'>ἕξιν</span> <span class='ocrx_word' id='word_1_9' title='bbox 618 407 679 447; x_wconf 68' lang='grc' dir='ltr'><strong>καὶ</strong></span> <span class='ocrx_word' id='word_1_10' title='bbox 694 407 734 447; x_wconf 81' lang='grc' dir='ltr'><strong>τὸ</strong></span> <span class='ocrx_word' id='word_1_11' title='bbox 753 407 918 461; x_wconf 84' lang='grc' dir='ltr'>μέτρον</span> <span class='ocrx_word' id='word_1_12' title='bbox 935 408 975 447; x_wconf 85' lang='grc' dir='ltr'><strong>τὸ</strong></span> <span class='ocrx_word' id='word_1_13' title='bbox 991 409 1065 448; x_wconf 79' lang='grc' dir='ltr'>ἐπὶ</span> <span class='ocrx_word' id='word_1_14' title='bbox 1082 416 1226 449; x_wconf 82' lang='grc' dir='ltr'>πᾶσιν</span> 
     </span>
     <span class='ocr_line' id='line_1_4' title="bbox 178 465 1225 522; baseline 0 -14"><span class='ocrx_word' id='word_1_15' title='bbox 178 470 377 522; x_wconf 81' lang='grc' dir='ltr'>ἄριστον.</span> <span class='ocrx_word' id='word_1_16' title='bbox 435 469 498 508; x_wconf 86' lang='grc' dir='ltr'><strong>Δεῖ</strong></span> <span class='ocrx_word' id='word_1_17' title='bbox 525 467 610 521; x_wconf 89' lang='grc' dir='ltr'>γάρ,</span> <span class='ocrx_word' id='word_1_18' title='bbox 638 465 717 506; x_wconf 83' lang='grc' dir='ltr'>ὅσον</span> <span class='ocrx_word' id='word_1_19' title='bbox 734 469 787 521; x_wconf 76' lang='grc' dir='ltr'><strong>ἐφ’</strong></span> <span class='ocrx_word' id='word_1_20' title='bbox 809 470 919 518; x_wconf 83' lang='grc' dir='ltr'>ἡμῖν,</span> <span class='ocrx_word' id='word_1_21' title='bbox 944 470 1012 506; x_wconf 85' lang='grc' dir='ltr'><strong>τῶν</strong></span> <span class='ocrx_word' id='word_1_22' title='bbox 1047 468 1225 521; x_wconf 82' lang='grc' dir='ltr'>ἐπιφθό-</span> 
     </span>
     <span class='ocr_line' id='line_1_5' title="bbox 176 525 1224 581; baseline 0 -15"><span class='ocrx_word' id='word_1_23' title='bbox 176 545 193 566; x_wconf 91' lang='grc' dir='ltr'><strong>ν</strong></span> <span class='ocrx_word' id='word_1_24' title='bbox 204 544 256 566; x_wconf 85' lang='grc' dir='ltr'><strong>ων</strong></span> <span class='ocrx_word' id='word_1_25' title='bbox 278 528 472 581; x_wconf 83' lang='grc' dir='ltr'>ἀπέχεσθαι</span> <span class='ocrx_word' id='word_1_26' title='bbox 491 526 547 565; x_wconf 84' lang='grc' dir='ltr'><strong>τὸν</strong></span> <span class='ocrx_word' id='word_1_27' title='bbox 566 525 717 578; x_wconf 80' lang='grc' dir='ltr'>ἡσυχίας</span> <span class='ocrx_word' id='word_1_28' title='bbox 731 527 864 577; x_wconf 79' lang='grc' dir='ltr'>ἐρῶντα</span> <span class='ocrx_word' id='word_1_29' title='bbox 876 555 886 574; x_wconf 89' lang='grc'>,</span> <span class='ocrx_word' id='word_1_30' title='bbox 901 526 962 565; x_wconf 81' lang='grc' dir='ltr'><strong>καὶ</strong></span> <span class='ocrx_word' id='word_1_31' title='bbox 983 525 1033 576; x_wconf 82' lang='grc' dir='ltr'><strong>μὴ</strong></span> <span class='ocrx_word' id='word_1_32' title='bbox 1048 527 1224 578; x_wconf 83' lang='grc' dir='ltr'>ἐρεθίζειν,</span> 
     </span>
     <span class='ocr_line' id='line_1_6' title="bbox 175 584 1225 640; baseline 0 -16"><span class='ocrx_word' id='word_1_33' title='bbox 175 587 292 640; x_wconf 71' lang='grc' dir='ltr'>ὥσπερ</span> <span class='ocrx_word' id='word_1_34' title='bbox 327 602 361 626; x_wconf 90' lang='grc' dir='ltr'><strong>τι</strong></span> <span class='ocrx_word' id='word_1_35' title='bbox 395 585 510 638; x_wconf 86' lang='grc' dir='ltr'>θηρίον</span> <span class='ocrx_word' id='word_1_36' title='bbox 525 615 535 636; x_wconf 94' lang='grc'>,</span> <span class='ocrx_word' id='word_1_37' title='bbox 570 584 627 623; x_wconf 77' lang='grc' dir='ltr'><strong>τὸν</strong></span> <span class='ocrx_word' id='word_1_38' title='bbox 671 599 695 638; x_wconf 83' lang='grc' dir='ltr'>φ</span> <span class='ocrx_word' id='word_1_39' title='bbox 709 584 837 623; x_wconf 89' lang='grc' dir='ltr'>θόνον</span> <span class='ocrx_word' id='word_1_40' title='bbox 852 614 863 636; x_wconf 91' lang='grc'>,</span> <span class='ocrx_word' id='word_1_41' title='bbox 888 584 931 623; x_wconf 80' lang='grc' dir='ltr'><strong>ἵν’</strong></span> <span class='ocrx_word' id='word_1_42' title='bbox 966 586 1144 638; x_wconf 78' lang='grc' dir='ltr'>ἀθορύὸως</span> <span class='ocrx_word' id='word_1_43' title='bbox 1168 585 1225 638; x_wconf 84' lang='grc' dir='ltr'><strong>ἐξῇ</strong></span> 
     </span>
     <span class='ocr_line' id='line_1_7' title="bbox 164 634 1226 700; baseline 0.001 -16"><span class='ocrx_word' id='word_1_44' title='bbox 164 647 381 699; x_wconf 79' lang='grc' dir='ltr'>προκόπτειν</span> <span class='ocrx_word' id='word_1_45' title='bbox 399 646 433 684; x_wconf 82' lang='grc' dir='ltr'><strong>ἐν</strong></span> <span class='ocrx_word' id='word_1_46' title='bbox 450 647 521 690; x_wconf 87' lang='grc' dir='ltr'>τοῖς</span> <span class='ocrx_word' id='word_1_47' title='bbox 546 646 680 690; x_wconf 85' lang='grc' dir='ltr'>καλοῖς.</span> <span class='ocrx_word' id='word_1_48' title='bbox 741 645 777 684; x_wconf 88' lang='grc' dir='ltr'>Ἀ</span> <span class='ocrx_word' id='word_1_49' title='bbox 791 644 1000 700; x_wconf 82' lang='grc' dir='ltr'>νεπίφθον</span> <span class='ocrx_word' id='word_1_50' title='bbox 1012 661 1055 684; x_wconf 89' lang='grc' dir='ltr'><strong>ον</strong></span> <span class='ocrx_word' id='word_1_51' title='bbox 1081 634 1116 686; x_wconf 73' lang='grc' dir='ltr'><strong>δὲ</strong></span> <span class='ocrx_word' id='word_1_52' title='bbox 1134 646 1226 694; x_wconf 85' lang='grc' dir='ltr'>ζωὴν</span> 
     </span>
     <span class='ocr_line' id='line_1_8' title="bbox 172 703 1224 757; baseline 0 -13"><span class='ocrx_word' id='word_1_53' title='bbox 172 704 466 756; x_wconf 77' lang='grc' dir='ltr'>ἐπιτηδεύσομεν,</span> <span class='ocrx_word' id='word_1_54' title='bbox 495 703 625 750; x_wconf 85' lang='grc' dir='ltr'>λιτὴν</span> <span class='ocrx_word' id='word_1_55' title='bbox 660 703 735 743; x_wconf 85' lang='grc' dir='ltr'><strong>καὶ</strong></span> <span class='ocrx_word' id='word_1_56' title='bbox 782 704 982 757; x_wconf 82' lang='grc' dir='ltr'>ἄῤῥυπον</span> <span class='ocrx_word' id='word_1_57' title='bbox 1035 706 1224 744; x_wconf 85' lang='grc' dir='ltr'>δίαιταν</span> 
     </span>
     <span class='ocr_line' id='line_1_9' title="bbox 171 763 1224 818; baseline 0 -15"><span class='ocrx_word' id='word_1_58' title='bbox 171 764 352 817; x_wconf 80' lang='grc' dir='ltr'>ἔχοντες</span> <span class='ocrx_word' id='word_1_59' title='bbox 364 794 374 814; x_wconf 90' lang='grc'>,</span> <span class='ocrx_word' id='word_1_60' title='bbox 394 765 454 802; x_wconf 79' lang='grc' dir='ltr'><strong>καὶ</strong></span> <span class='ocrx_word' id='word_1_61' title='bbox 470 763 531 802; x_wconf 87' lang='grc' dir='ltr'><strong>τὸν</strong></span> <span class='ocrx_word' id='word_1_62' title='bbox 558 766 620 810; x_wconf 82' lang='grc' dir='ltr'>τ’ἧς</span> <span class='ocrx_word' id='word_1_63' title='bbox 638 763 891 816; x_wconf 79' lang='grc' dir='ltr'>ἀπειροκαλίας</span> <span class='ocrx_word' id='word_1_64' title='bbox 911 778 1018 818; x_wconf 81' lang='grc' dir='ltr'>τυφον</span> <span class='ocrx_word' id='word_1_65' title='bbox 1047 765 1146 803; x_wconf 82' lang='grc' dir='ltr'>ἐκκλί</span> <span class='ocrx_word' id='word_1_66' title='bbox 1136 780 1224 804; x_wconf 69' lang='lat' dir='ltr'><strong>wov-</strong></span> 
     </span>
     <span class='ocr_line' id='line_1_10' title="bbox 169 817 1223 872; baseline 0 -10"><span class='ocrx_word' id='word_1_67' title='bbox 169 840 247 872; x_wconf 85' lang='grc' dir='ltr'>τες,</span> <span class='ocrx_word' id='word_1_68' title='bbox 284 823 319 870; x_wconf 82' lang='grc' dir='ltr'><strong>ἐξ</strong></span> <span class='ocrx_word' id='word_1_69' title='bbox 351 817 390 863; x_wconf 68' lang='grc' dir='ltr'>οἷ</span> <span class='ocrx_word' id='word_1_70' title='bbox 417 823 680 862; x_wconf 71' lang='grc' dir='ltr'>ἀποὸλαστάνει</span> <span class='ocrx_word' id='word_1_71' title='bbox 707 822 768 862; x_wconf 83' lang='grc' dir='ltr'>δύο</span> <span class='ocrx_word' id='word_1_72' title='bbox 786 822 903 871; x_wconf 87' lang='grc' dir='ltr'>κακά,</span> <span class='ocrx_word' id='word_1_73' title='bbox 925 823 1064 870; x_wconf 83' lang='grc' dir='ltr'>δαπάνη</span> <span class='ocrx_word' id='word_1_74' title='bbox 1091 839 1147 872; x_wconf 85' lang='grc' dir='ltr'><strong>τε,</strong></span> <span class='ocrx_word' id='word_1_75' title='bbox 1164 823 1223 862; x_wconf 80' lang='grc' dir='ltr'><strong>καὶ</strong></span> 
     </span>
     <span class='ocr_line' id='line_1_11' title="bbox 170 874 1221 936; baseline -0.003 -13.997"><span class='ocrx_word' id='word_1_76' title='bbox 170 882 276 932; x_wconf 74' lang='grc' dir='ltr'>φειδὼ</span> <span class='ocrx_word' id='word_1_77' title='bbox 304 881 501 936; x_wconf 87' lang='grc' dir='ltr'>χρημάτων</span> <span class='ocrx_word' id='word_1_78' title='bbox 519 882 679 933; x_wconf 84' lang='grc' dir='ltr'>ἄκαιρος·</span> <span class='ocrx_word' id='word_1_79' title='bbox 699 874 747 920; x_wconf 84' lang='grc' dir='ltr'><strong>ὥν</strong></span> <span class='ocrx_word' id='word_1_80' title='bbox 764 880 802 919; x_wconf 81' lang='grc' dir='ltr'><strong>τὸ</strong></span> <span class='ocrx_word' id='word_1_81' title='bbox 828 879 891 932; x_wconf 81' lang='grc' dir='ltr'><strong>μὲν</strong></span> <span class='ocrx_word' id='word_1_82' title='bbox 909 883 994 925; x_wconf 70' lang='grc' dir='ltr'><strong>εἷςε</strong></span> <span class='ocrx_word' id='word_1_83' title='bbox 981 881 1221 934; x_wconf 75' lang='grc' dir='ltr'>υπερηφανίαν</span> 
     </span>
     <span class='ocr_line' id='line_1_12' title="bbox 169 923 1222 992; baseline -0.002 -14"><span class='ocrx_word' id='word_1_84' title='bbox 169 923 401 988; x_wconf 71' lang='grc' dir='ltr'>διαὸάλλεται</span> <span class='ocrx_word' id='word_1_85' title='bbox 414 970 424 987; x_wconf 90' lang='grc'>,</span> <span class='ocrx_word' id='word_1_86' title='bbox 457 939 496 978; x_wconf 86' lang='grc' dir='ltr'><strong>τὸ</strong></span> <span class='ocrx_word' id='word_1_87' title='bbox 524 938 560 977; x_wconf 82' lang='grc' dir='ltr'><strong>δὲ</strong></span> <span class='ocrx_word' id='word_1_88' title='bbox 598 941 646 983; x_wconf 82' lang='grc' dir='ltr'><strong>εἷς</strong></span> <span class='ocrx_word' id='word_1_89' title='bbox 682 938 972 992; x_wconf 84' lang='grc' dir='ltr'>μικροπρέπειαν.</span> <span class='ocrx_word' id='word_1_90' title='bbox 1028 938 1222 990; x_wconf 79' lang='grc' dir='ltr'>Ἑκάτερον</span> 
     </span>
     <span class='ocr_line' id='line_1_13' title="bbox 167 997 1219 1051; baseline -0.001 -14"><span class='ocrx_word' id='word_1_91' title='bbox 167 998 203 1037; x_wconf 84' lang='grc' dir='ltr'><strong>δὲ</strong></span> <span class='ocrx_word' id='word_1_92' title='bbox 222 998 353 1037; x_wconf 86' lang='grc' dir='ltr'>τούτων</span> <span class='ocrx_word' id='word_1_93' title='bbox 385 1002 406 1046; x_wconf 81' lang='grc' dir='ltr'>ἡ</span> <span class='ocrx_word' id='word_1_94' title='bbox 427 997 661 1050; x_wconf 80' lang='grc' dir='ltr'>ἐλευθεριότης</span> <span class='ocrx_word' id='word_1_95' title='bbox 680 997 859 1051; x_wconf 80' lang='grc' dir='ltr'>ἐκφεύγει,</span> <span class='ocrx_word' id='word_1_96' title='bbox 883 997 991 1050; x_wconf 80' lang='grc' dir='ltr'>ἀρετὴ</span> <span class='ocrx_word' id='word_1_97' title='bbox 1022 997 1103 1051; x_wconf 80' lang='grc' dir='ltr'>περὶ</span> <span class='ocrx_word' id='word_1_98' title='bbox 1122 1013 1219 1050; x_wconf 85' lang='grc' dir='ltr'>χρη-</span> 
     </span>
     <span class='ocr_line' id='line_1_14' title="bbox 169 1056 1220 1110; baseline -0.003 -13"><span class='ocrx_word' id='word_1_99' title='bbox 169 1059 290 1107; x_wconf 81' lang='grc' dir='ltr'>μάτων</span> <span class='ocrx_word' id='word_1_100' title='bbox 323 1057 416 1097; x_wconf 85' lang='grc' dir='ltr'>δόσιν</span> <span class='ocrx_word' id='word_1_101' title='bbox 444 1057 504 1096; x_wconf 85' lang='grc' dir='ltr'><strong>καὶ</strong></span> <span class='ocrx_word' id='word_1_102' title='bbox 534 1058 640 1110; x_wconf 77' lang='grc' dir='ltr'>λῆψιν</span> <span class='ocrx_word' id='word_1_103' title='bbox 671 1056 899 1109; x_wconf 81' lang='grc' dir='ltr'>ὑπάρχουσα,</span> <span class='ocrx_word' id='word_1_104' title='bbox 925 1056 986 1096; x_wconf 87' lang='grc' dir='ltr'><strong>καὶ</strong></span> <span class='ocrx_word' id='word_1_105' title='bbox 1016 1057 1057 1097; x_wconf 85' lang='grc' dir='ltr'><strong>τὸ</strong></span> <span class='ocrx_word' id='word_1_106' title='bbox 1087 1057 1162 1095; x_wconf 86' lang='grc' dir='ltr'>δέον</span> <span class='ocrx_word' id='word_1_107' title='bbox 1185 1058 1220 1095; x_wconf 90' lang='grc' dir='ltr'><strong>ἐν</strong></span> 
     </span>
     <span class='ocr_line' id='line_1_15' title="bbox 166 1114 1218 1169; baseline 0.001 -16"><span class='ocrx_word' id='word_1_108' title='bbox 166 1116 349 1168; x_wconf 85' lang='grc' dir='ltr'>προσόδοις</span> <span class='ocrx_word' id='word_1_109' title='bbox 364 1115 424 1156; x_wconf 75' lang='grc' dir='ltr'><strong>καὶ</strong></span> <span class='ocrx_word' id='word_1_110' title='bbox 446 1115 621 1159; x_wconf 83' lang='grc' dir='ltr'>δαπάναις</span> <span class='ocrx_word' id='word_1_111' title='bbox 641 1114 852 1168; x_wconf 83' lang='grc' dir='ltr'>εὑρίσκουσα</span> <span class='ocrx_word' id='word_1_112' title='bbox 865 1145 876 1167; x_wconf 87' lang='grc'>,</span> <span class='ocrx_word' id='word_1_113' title='bbox 894 1114 956 1154; x_wconf 79' lang='grc' dir='ltr'><strong>καὶ</strong></span> <span class='ocrx_word' id='word_1_114' title='bbox 973 1115 1060 1168; x_wconf 84' lang='grc' dir='ltr'>πρὸς</span> <span class='ocrx_word' id='word_1_115' title='bbox 1083 1115 1140 1154; x_wconf 82' lang='grc' dir='ltr'><strong>τὸν</strong></span> <span class='ocrx_word' id='word_1_116' title='bbox 1160 1116 1218 1169; x_wconf 84' lang='grc' dir='ltr'><strong>ὄρ-</strong></span> 
     </span>
     <span class='ocr_line' id='line_1_16' title="bbox 165 1175 1220 1228; baseline 0.002 -15"><span class='ocrx_word' id='word_1_117' title='bbox 165 1175 221 1214; x_wconf 65' lang='lat' dir='ltr'><strong>obv</strong></span> <span class='ocrx_word' id='word_1_118' title='bbox 236 1177 336 1228; x_wconf 88' lang='grc' dir='ltr'>λόγον</span> <span class='ocrx_word' id='word_1_119' title='bbox 354 1176 468 1215; x_wconf 86' lang='grc' dir='ltr'>πάντα</span> <span class='ocrx_word' id='word_1_120' title='bbox 483 1175 529 1214; x_wconf 85' lang='grc' dir='ltr'><strong>τὰ</strong></span> <span class='ocrx_word' id='word_1_121' title='bbox 546 1175 643 1218; x_wconf 79' lang='grc' dir='ltr'>ἐκτὸς</span> <span class='ocrx_word' id='word_1_122' title='bbox 657 1175 910 1216; x_wconf 88' lang='grc' dir='ltr'>συντάττουσα.</span> <span class='ocrx_word' id='word_1_123' title='bbox 971 1177 1139 1215; x_wconf 77' lang='grc' dir='ltr'>Τοσαῦτα</span> <span class='ocrx_word' id='word_1_124' title='bbox 1160 1176 1220 1215; x_wconf 80' lang='grc' dir='ltr'><strong>καὶ</strong></span> 
     </span>
     <span class='ocr_line' id='line_1_17' title="bbox 164 1232 1220 1287; baseline -0.001 -14"><span class='ocrx_word' id='word_1_125' title='bbox 164 1234 245 1287; x_wconf 79' lang='grc' dir='ltr'>περὶ</span> <span class='ocrx_word' id='word_1_126' title='bbox 265 1238 326 1282; x_wconf 75' lang='grc' dir='ltr'><strong>τῆς</strong></span> <span class='ocrx_word' id='word_1_127' title='bbox 341 1238 402 1273; x_wconf 82' lang='grc' dir='ltr'><strong>τοῦ</strong></span> <span class='ocrx_word' id='word_1_128' title='bbox 423 1234 586 1284; x_wconf 82' lang='grc' dir='ltr'>σώματος</span> <span class='ocrx_word' id='word_1_129' title='bbox 604 1233 664 1272; x_wconf 81' lang='grc' dir='ltr'><strong>καὶ</strong></span> <span class='ocrx_word' id='word_1_130' title='bbox 683 1232 765 1287; x_wconf 76' lang='grc' dir='ltr'>περὶ</span> <span class='ocrx_word' id='word_1_131' title='bbox 790 1236 850 1280; x_wconf 77' lang='grc' dir='ltr'><strong>τῆς</strong></span> <span class='ocrx_word' id='word_1_132' title='bbox 869 1235 939 1272; x_wconf 84' lang='grc' dir='ltr'><strong>τῶν</strong></span> <span class='ocrx_word' id='word_1_133' title='bbox 957 1233 1053 1278; x_wconf 85' lang='grc' dir='ltr'>ἐκτὸς</span> <span class='ocrx_word' id='word_1_134' title='bbox 1073 1234 1220 1286; x_wconf 87' lang='grc' dir='ltr'>ἀρίστης</span> 
     </span>
     <span class='ocr_line' id='line_1_18' title="bbox 163 1289 1220 1347; baseline 0.001 -16"><span class='ocrx_word' id='word_1_135' title='bbox 163 1292 323 1345; x_wconf 78' lang='grc' dir='ltr'>χρήσεως</span> <span class='ocrx_word' id='word_1_136' title='bbox 343 1291 624 1347; x_wconf 81' lang='grc' dir='ltr'>πεφιλοσόφηται</span> <span class='ocrx_word' id='word_1_137' title='bbox 642 1293 676 1330; x_wconf 90' lang='grc' dir='ltr'><strong>ἐν</strong></span> <span class='ocrx_word' id='word_1_138' title='bbox 703 1298 773 1335; x_wconf 87' lang='grc' dir='ltr'>τοῖς</span> <span class='ocrx_word' id='word_1_139' title='bbox 791 1289 943 1331; x_wconf 82' lang='grc' dir='ltr'>Ἔπεσιν</span> <span class='ocrx_word' id='word_1_140' title='bbox 955 1323 967 1345; x_wconf 79' lang='grc'>,</span> <span class='ocrx_word' id='word_1_141' title='bbox 985 1291 1079 1337; x_wconf 77' lang='grc' dir='ltr'>ὅπως</span> <span class='ocrx_word' id='word_1_142' title='bbox 1104 1291 1144 1331; x_wconf 78' lang='grc' dir='ltr'><strong>ἂν</strong></span> <span class='ocrx_word' id='word_1_143' title='bbox 1159 1293 1220 1332; x_wconf 81' lang='grc' dir='ltr'><strong>καὶ</strong></span> 
     </span>
     <span class='ocr_line' id='line_1_19' title="bbox 163 1350 1220 1405; baseline 0.002 -15"><span class='ocrx_word' id='word_1_144' title='bbox 163 1351 221 1390; x_wconf 82' lang='grc' dir='ltr'><strong>διὰ</strong></span> <span class='ocrx_word' id='word_1_145' title='bbox 245 1352 376 1391; x_wconf 86' lang='grc' dir='ltr'>τούτων</span> <span class='ocrx_word' id='word_1_146' title='bbox 398 1351 438 1390; x_wconf 78' lang='grc' dir='ltr'><strong>τὸ</strong></span> <span class='ocrx_word' id='word_1_147' title='bbox 466 1353 527 1397; x_wconf 83' lang='grc' dir='ltr'>τ’ῆς</span> <span class='ocrx_word' id='word_1_148' title='bbox 548 1353 674 1404; x_wconf 76' lang='grc' dir='ltr'>ἀρετῆς</span> <span class='ocrx_word' id='word_1_149' title='bbox 699 1351 929 1404; x_wconf 80' lang='grc' dir='ltr'>διαφαίνηται</span> <span class='ocrx_word' id='word_1_150' title='bbox 945 1350 1094 1395; x_wconf 86' lang='grc' dir='ltr'>κάλλος·</span> <span class='ocrx_word' id='word_1_151' title='bbox 1112 1354 1220 1405; x_wconf 79' lang='grc' dir='ltr'>κεφά-</span> 
     </span>
     <span class='ocr_line' id='line_1_20' title="bbox 162 1408 1134 1463; baseline -0.001 -15"><span class='ocrx_word' id='word_1_152' title='bbox 162 1410 259 1448; x_wconf 80' lang='grc' dir='ltr'>λαιον</span> <span class='ocrx_word' id='word_1_153' title='bbox 274 1409 310 1448; x_wconf 86' lang='grc' dir='ltr'><strong>δὲ</strong></span> <span class='ocrx_word' id='word_1_154' title='bbox 326 1413 394 1448; x_wconf 79' lang='grc' dir='ltr'><strong>τῶν</strong></span> <span class='ocrx_word' id='word_1_155' title='bbox 410 1409 551 1447; x_wconf 85' lang='grc' dir='ltr'>πάντων</span> <span class='ocrx_word' id='word_1_156' title='bbox 566 1411 717 1448; x_wconf 85' lang='grc' dir='ltr'>ποιεῖται</span> <span class='ocrx_word' id='word_1_157' title='bbox 734 1409 773 1447; x_wconf 88' lang='grc' dir='ltr'><strong>τὸ</strong></span> <span class='ocrx_word' id='word_1_158' title='bbox 789 1408 866 1458; x_wconf 75' lang='grc' dir='ltr'>ἑξῆς</span> <span class='ocrx_word' id='word_1_159' title='bbox 885 1410 1134 1463; x_wconf 86' lang='grc' dir='ltr'>παράγγελμα,</span> 
     </span>
    </p>
   </div>
   <div class='ocr_carea' id='block_1_4' title="bbox 566 1531 812 1572">
    <p class='ocr_par' dir='ltr' id='par_1_4' title="bbox 566 1531 812 1572">
     <span class='ocr_line' id='line_1_21' title="bbox 566 1531 812 1572; baseline 0.004 -1"><span class='ocrx_word' id='word_1_160' title='bbox 566 1531 719 1571; x_wconf 83' lang='lat' dir='ltr'>XVIII.</span> <span class='ocrx_word' id='word_1_161' title='bbox 751 1537 812 1572; x_wconf 83' lang='lat'><strong>39.</strong></span> 
     </span>
    </p>
   </div>
   <div class='ocr_carea' id='block_1_5' title="bbox 160 1624 1215 1837">
    <p class='ocr_par' dir='ltr' id='par_1_5' title="bbox 160 1624 1215 1837">
     <span class='ocr_line' id='line_1_22' title="bbox 247 1624 1214 1685; baseline -0.001 -10"><span class='ocrx_word' id='word_1_162' title='bbox 247 1624 379 1685; x_wconf 68' lang='grc' dir='ltr'>Πρῆσσε</span> <span class='ocrx_word' id='word_1_163' title='bbox 396 1643 429 1675; x_wconf 80' lang='grc' dir='ltr'><strong>δὲ</strong></span> <span class='ocrx_word' id='word_1_164' title='bbox 437 1642 524 1675; x_wconf 72' lang='grc' dir='ltr'>ταῦθ’</span> <span class='ocrx_word' id='word_1_165' title='bbox 542 1641 562 1674; x_wconf 83' lang='grc' dir='ltr'>ἅ</span> <span class='ocrx_word' id='word_1_166' title='bbox 580 1653 616 1674; x_wconf 93' lang='grc' dir='ltr'><strong>σε</strong></span> <span class='ocrx_word' id='word_1_167' title='bbox 638 1642 680 1684; x_wconf 80' lang='grc' dir='ltr'><strong>μὴ</strong></span> <span class='ocrx_word' id='word_1_168' title='bbox 701 1641 827 1684; x_wconf 82' lang='grc' dir='ltr'>βλάψει,</span> <span class='ocrx_word' id='word_1_169' title='bbox 847 1642 973 1683; x_wconf 78' lang='grc' dir='ltr'>λόγισαι</span> <span class='ocrx_word' id='word_1_170' title='bbox 989 1642 1022 1674; x_wconf 84' lang='grc' dir='ltr'><strong>δὲ</strong></span> <span class='ocrx_word' id='word_1_171' title='bbox 1039 1643 1098 1685; x_wconf 87' lang='grc' dir='ltr'><strong>πρὸ</strong></span> <span class='ocrx_word' id='word_1_172' title='bbox 1112 1642 1214 1685; x_wconf 78' lang='grc' dir='ltr'>ἔργου.</span> 
     </span>
     <span class='ocr_line' id='line_1_23' title="bbox 217 1723 1215 1779; baseline -0.001 -15"><span class='ocrx_word' id='word_1_173' title='bbox 217 1725 395 1769; x_wconf 80' lang='grc' dir='ltr'>Πολλάκις</span> <span class='ocrx_word' id='word_1_174' title='bbox 434 1724 609 1779; x_wconf 77' lang='grc' dir='ltr'>ἐχρήσατο</span> <span class='ocrx_word' id='word_1_175' title='bbox 644 1726 695 1779; x_wconf 82' lang='grc' dir='ltr'><strong>τῷ</strong></span> <span class='ocrx_word' id='word_1_176' title='bbox 733 1723 880 1777; x_wconf 82' lang='grc' dir='ltr'>τοιούτῳ</span> <span class='ocrx_word' id='word_1_177' title='bbox 911 1724 1028 1779; x_wconf 86' lang='grc' dir='ltr'>λόγῳ,</span> <span class='ocrx_word' id='word_1_178' title='bbox 1063 1724 1119 1764; x_wconf 82' lang='grc' dir='ltr'><strong>ὁτὲ</strong></span> <span class='ocrx_word' id='word_1_179' title='bbox 1153 1725 1215 1778; x_wconf 82' lang='grc' dir='ltr'><strong>μὲν</strong></span> 
     </span>
     <span class='ocr_line' id='line_1_24' title="bbox 160 1785 285 1837; baseline 0 -12"><span class='ocrx_word' id='word_1_180' title='bbox 160 1785 285 1837; x_wconf 79' lang='grc' dir='ltr'>εἰπών,</span> 
     </span>
    </p>
   </div>
   <div class='ocr_carea' id='block_1_6' title="bbox 238 1868 1057 1910">
    <p class='ocr_par' dir='ltr' id='par_1_6' title="bbox 238 1868 1057 1910">
     <span class='ocr_line' id='line_1_25' title="bbox 238 1868 1057 1910; baseline -0.002 -8"><span class='ocrx_word' id='word_1_181' title='bbox 238 1869 331 1903; x_wconf 79' lang='grc' dir='ltr'>Ἀλλὰ</span> <span class='ocrx_word' id='word_1_182' title='bbox 345 1869 414 1902; x_wconf 83' lang='grc' dir='ltr'>τάδ’</span> <span class='ocrx_word' id='word_1_183' title='bbox 430 1869 594 1910; x_wconf 78' lang='grc' dir='ltr'>ἐκτελέειν,</span> <span class='ocrx_word' id='word_1_184' title='bbox 608 1868 629 1900; x_wconf 81' lang='grc' dir='ltr'>ἅ</span> <span class='ocrx_word' id='word_1_185' title='bbox 641 1880 678 1901; x_wconf 92' lang='grc' dir='ltr'><strong>σε</strong></span> <span class='ocrx_word' id='word_1_186' title='bbox 692 1869 733 1909; x_wconf 85' lang='grc' dir='ltr'><strong>μὴ</strong></span> <span class='ocrx_word' id='word_1_187' title='bbox 747 1868 900 1910; x_wconf 84' lang='grc' dir='ltr'>μετέπειτ’</span> <span class='ocrx_word' id='word_1_188' title='bbox 917 1868 1038 1906; x_wconf 81' lang='grc' dir='ltr'>ἀνιήσει</span> <span class='ocrx_word' id='word_1_189' title='bbox 1049 1876 1057 1885; x_wconf 83' lang='grc'><strong>’</strong></span> 
     </span>
    </p>
   </div>
   <div class='ocr_carea' id='block_1_7' title="bbox 159 1950 286 2000">
    <p class='ocr_par' dir='ltr' id='par_1_7' title="bbox 159 1950 286 2000">
     <span class='ocr_line' id='line_1_26' title="bbox 159 1950 286 2000; baseline -0.008 -9"><span class='ocrx_word' id='word_1_190' title='bbox 159 1950 215 1991; x_wconf 83' lang='grc' dir='ltr'><strong>ὁτὲ</strong></span> <span class='ocrx_word' id='word_1_191' title='bbox 234 1950 286 2000; x_wconf 81' lang='grc' dir='ltr'>δέ,</span> 
     </span>
    </p>
   </div>
   <div class='ocr_carea' id='block_1_8' title="bbox 172 2030 301 2038">
    <p class='ocr_par' dir='ltr' id='par_1_8' title="bbox 172 2030 301 2038">
     <span class='ocr_line' id='line_1_27' title="bbox 172 2030 301 2038; baseline 0 0"><span class='ocrx_word' id='word_1_192' title='bbox 172 2030 301 2038; x_wconf 95' lang='lat' dir='ltr'><strong> </strong></span> 
     </span>
    </p>
   </div>
   <div class='ocr_carea' id='block_1_9' title="bbox 156 2064 1216 3590">
    <p class='ocr_par' dir='ltr' id='par_1_9' title="bbox 156 2064 1216 3590">
     <span class='ocr_line' id='line_1_28' title="bbox 158 2064 1215 2114; baseline -0.003 -12"><span class='ocrx_word' id='word_1_193' title='bbox 158 2065 278 2102; x_wconf 88' lang='lat' dir='ltr'><strong>modo</strong></span> <span class='ocrx_word' id='word_1_194' title='bbox 299 2064 581 2114; x_wconf 87' lang='lat' dir='ltr'><strong>reprehendant</strong></span> <span class='ocrx_word' id='word_1_195' title='bbox 598 2071 777 2112; x_wconf 87' lang='lat' dir='ltr'>tanquam</span> <span class='ocrx_word' id='word_1_196' title='bbox 797 2064 998 2111; x_wconf 87' lang='lat' dir='ltr'><strong>sordidos,</strong></span> <span class='ocrx_word' id='word_1_197' title='bbox 1020 2071 1133 2112; x_wconf 87' lang='lat' dir='ltr'><strong>atque</strong></span> <span class='ocrx_word' id='word_1_198' title='bbox 1153 2065 1215 2099; x_wconf 90' lang='lat' dir='ltr'><strong>in-</strong></span> 
     </span>
     <span class='ocr_line' id='line_1_29' title="bbox 161 2122 1216 2174; baseline -0.003 -13"><span class='ocrx_word' id='word_1_199' title='bbox 161 2125 311 2162; x_wconf 88' lang='lat' dir='ltr'><strong>terdum</strong></span> <span class='ocrx_word' id='word_1_200' title='bbox 343 2125 543 2174; x_wconf 79' lang='lat' dir='ltr'>increpent</span> <span class='ocrx_word' id='word_1_201' title='bbox 577 2131 758 2172; x_wconf 83' lang='lat' dir='ltr'><strong>tanquam</strong></span> <span class='ocrx_word' id='word_1_202' title='bbox 790 2123 1000 2173; x_wconf 86' lang='lat' dir='ltr'><strong>prodigos,</strong></span> <span class='ocrx_word' id='word_1_203' title='bbox 1024 2122 1216 2158; x_wconf 89' lang='lat' dir='ltr'><strong>interdum</strong></span> 
     </span>
     <span class='ocr_line' id='line_1_30' title="bbox 160 2180 1216 2233; baseline -0.006 -11"><span class='ocrx_word' id='word_1_204' title='bbox 160 2193 285 2222; x_wconf 90' lang='lat' dir='ltr'><strong>autem</strong></span> <span class='ocrx_word' id='word_1_205' title='bbox 343 2192 524 2233; x_wconf 88' lang='lat' dir='ltr'><strong>tanquam</strong></span> <span class='ocrx_word' id='word_1_206' title='bbox 570 2196 800 2233; x_wconf 88' lang='lat' dir='ltr'><strong>praeparcos.</strong></span> <span class='ocrx_word' id='word_1_207' title='bbox 851 2182 946 2220; x_wconf 87' lang='lat' dir='ltr'><strong>Nam</strong></span> <span class='ocrx_word' id='word_1_208' title='bbox 1004 2180 1216 2217; x_wconf 83' lang='lat' dir='ltr'><strong>istiusmodi</strong></span> 
     </span>
     <span class='ocr_line' id='line_1_31' title="bbox 162 2241 1216 2292; baseline -0.005 -12"><span class='ocrx_word' id='word_1_209' title='bbox 162 2257 311 2290; x_wconf 84' lang='lat' dir='ltr'><strong>omncs,</strong></span> <span class='ocrx_word' id='word_1_210' title='bbox 328 2245 394 2292; x_wconf 84' lang='lat' dir='ltr'><strong>qui</strong></span> <span class='ocrx_word' id='word_1_211' title='bbox 409 2244 568 2280; x_wconf 88' lang='lat' dir='ltr'><strong>modum</strong></span> <span class='ocrx_word' id='word_1_212' title='bbox 583 2256 662 2280; x_wconf 89' lang='lat' dir='ltr'><strong>non</strong></span> <span class='ocrx_word' id='word_1_213' title='bbox 680 2249 852 2288; x_wconf 88' lang='lat' dir='ltr'><strong>servant,</strong></span> <span class='ocrx_word' id='word_1_214' title='bbox 870 2242 917 2277; x_wconf 91' lang='lat' dir='ltr'><strong>ab</strong></span> <span class='ocrx_word' id='word_1_215' title='bbox 932 2242 976 2276; x_wconf 90' lang='lat' dir='ltr'><strong>iis</strong></span> <span class='ocrx_word' id='word_1_216' title='bbox 992 2241 1216 2289; x_wconf 88' lang='lat' dir='ltr'><strong>quibuscum</strong></span> 
     </span>
     <span class='ocr_line' id='line_1_32' title="bbox 157 2300 1215 2352; baseline -0.006 -13"><span class='ocrx_word' id='word_1_217' title='bbox 157 2304 294 2339; x_wconf 84' lang='lat' dir='ltr'><strong>vivunt</strong></span> <span class='ocrx_word' id='word_1_218' title='bbox 324 2302 603 2352; x_wconf 83' lang='lat' dir='ltr'><strong>vituperantur.</strong></span> <span class='ocrx_word' id='word_1_219' title='bbox 644 2304 728 2338; x_wconf 88' lang='lat' dir='ltr'><strong>Hoc</strong></span> <span class='ocrx_word' id='word_1_220' title='bbox 766 2301 867 2337; x_wconf 92' lang='lat' dir='ltr'><strong>enim</strong></span> <span class='ocrx_word' id='word_1_221' title='bbox 899 2300 1047 2335; x_wconf 59' lang='lat' dir='ltr'><strong>invidia*</strong></span> <span class='ocrx_word' id='word_1_222' title='bbox 1075 2311 1215 2334; x_wconf 89' lang='lat' dir='ltr'><strong>nomen</strong></span> 
     </span>
     <span class='ocr_line' id='line_1_33' title="bbox 157 2357 1215 2410; baseline -0.006 -13"><span class='ocrx_word' id='word_1_223' title='bbox 157 2362 220 2398; x_wconf 90' lang='lat' dir='ltr'><strong>hic</strong></span> <span class='ocrx_word' id='word_1_224' title='bbox 239 2360 424 2410; x_wconf 85' lang='lat' dir='ltr'><strong>significat</strong></span> <span class='ocrx_word' id='word_1_225' title='bbox 437 2388 447 2406; x_wconf 93' lang='lat'>‚</span> <span class='ocrx_word' id='word_1_226' title='bbox 470 2362 576 2409; x_wconf 88' lang='lat' dir='ltr'><strong>quasi</strong></span> <span class='ocrx_word' id='word_1_227' title='bbox 597 2361 700 2398; x_wconf 86' lang='lat' dir='ltr'><strong>dicat</strong></span> <span class='ocrx_word' id='word_1_228' title='bbox 713 2357 963 2406; x_wconf 77' lang='lat' dir='ltr'><strong>cavesttcias,</strong></span> <span class='ocrx_word' id='word_1_229' title='bbox 986 2369 1215 2406; x_wconf 80' lang='lat' dir='ltr'><strong>quoecunque</strong></span> 
     </span>
     <span class='ocr_line' id='line_1_34' title="bbox 159 2417 1216 2467; baseline -0.006 -12"><span class='ocrx_word' id='word_1_230' title='bbox 159 2421 334 2456; x_wconf 78' lang='lat' dir='ltr'><strong>invidiam</strong></span> <span class='ocrx_word' id='word_1_231' title='bbox 367 2419 523 2463; x_wconf 76' lang='lat' dir='ltr'><strong>habent,</strong></span> <span class='ocrx_word' id='word_1_232' title='bbox 550 2420 627 2455; x_wconf 85' lang='lat' dir='ltr'><strong>sive</strong></span> <span class='ocrx_word' id='word_1_233' title='bbox 655 2431 738 2467; x_wconf 83' lang='lat' dir='ltr'><strong>quae</strong></span> <span class='ocrx_word' id='word_1_234' title='bbox 764 2418 864 2466; x_wconf 84' lang='lat' dir='ltr'><strong>juste</strong></span> <span class='ocrx_word' id='word_1_235' title='bbox 893 2429 914 2453; x_wconf 87' lang='lat' dir='ltr'><strong>a</strong></span> <span class='ocrx_word' id='word_1_236' title='bbox 944 2417 1058 2465; x_wconf 89' lang='lat' dir='ltr'><strong>vulgo</strong></span> <span class='ocrx_word' id='word_1_237' title='bbox 1087 2427 1216 2463; x_wconf 84' lang='lat' dir='ltr'><strong>repre-</strong></span> 
     </span>
     <span class='ocr_line' id='line_1_35' title="bbox 158 2475 1213 2531; baseline -0.005 -17"><span class='ocrx_word' id='word_1_238' title='bbox 158 2478 274 2515; x_wconf 88' lang='lat' dir='ltr'><strong>hendi</strong></span> <span class='ocrx_word' id='word_1_239' title='bbox 303 2485 476 2527; x_wconf 86' lang='lat' dir='ltr'><strong>possunt.</strong></span> <span class='ocrx_word' id='word_1_240' title='bbox 507 2479 616 2531; x_wconf 17' lang='lat' dir='ltr'><strong>Justak</strong></span> <span class='ocrx_word' id='word_1_241' title='bbox 638 2490 740 2519; x_wconf 73' lang='lat' dir='ltr'><strong>vero,</strong></span> <span class='ocrx_word' id='word_1_242' title='bbox 762 2477 810 2514; x_wconf 91' lang='lat' dir='ltr'><strong>de</strong></span> <span class='ocrx_word' id='word_1_243' title='bbox 843 2488 954 2512; x_wconf 88' lang='lat' dir='ltr'><strong>causa</strong></span> <span class='ocrx_word' id='word_1_244' title='bbox 973 2482 1009 2512; x_wconf 91' lang='lat' dir='ltr'><strong>et</strong></span> <span class='ocrx_word' id='word_1_245' title='bbox 1031 2475 1078 2511; x_wconf 92' lang='lat' dir='ltr'><strong>de</strong></span> <span class='ocrx_word' id='word_1_246' title='bbox 1109 2475 1213 2524; x_wconf 88' lang='lat' dir='ltr'><strong>vulgi</strong></span> 
     </span>
     <span class='ocr_line' id='line_1_36' title="bbox 157 2534 1215 2587; baseline -0.004 -13"><span class='ocrx_word' id='word_1_247' title='bbox 157 2540 342 2575; x_wconf 85' lang='lat' dir='ltr'><strong>sententia</strong></span> <span class='ocrx_word' id='word_1_248' title='bbox 358 2538 656 2587; x_wconf 80' lang='lat' dir='ltr'><strong>reprehensione</strong></span> <span class='ocrx_word' id='word_1_249' title='bbox 675 2537 791 2587; x_wconf 87' lang='lat' dir='ltr'><strong>digna</strong></span> <span class='ocrx_word' id='word_1_250' title='bbox 804 2544 890 2574; x_wconf 87' lang='lat' dir='ltr'><strong>sunt</strong></span> <span class='ocrx_word' id='word_1_251' title='bbox 905 2537 1015 2572; x_wconf 88' lang='lat' dir='ltr'><strong>luxus</strong></span> <span class='ocrx_word' id='word_1_252' title='bbox 1033 2542 1070 2571; x_wconf 90' lang='lat' dir='ltr'><strong>et</strong></span> <span class='ocrx_word' id='word_1_253' title='bbox 1084 2534 1215 2571; x_wconf 91' lang='lat' dir='ltr'><strong>sordes</strong></span> 
     </span>
     <span class='ocr_line' id='line_1_37' title="bbox 158 2593 1215 2646; baseline -0.002 -14"><span class='ocrx_word' id='word_1_254' title='bbox 158 2598 199 2633; x_wconf 92' lang='lat' dir='ltr'><strong>in</strong></span> <span class='ocrx_word' id='word_1_255' title='bbox 209 2598 312 2634; x_wconf 88' lang='lat' dir='ltr'><strong>victu</strong></span> <span class='ocrx_word' id='word_1_256' title='bbox 326 2611 336 2643; x_wconf 89' lang='lat'>;</span> <span class='ocrx_word' id='word_1_257' title='bbox 350 2598 390 2633; x_wconf 93' lang='lat' dir='ltr'><strong>in</strong></span> <span class='ocrx_word' id='word_1_258' title='bbox 403 2598 575 2646; x_wconf 82' lang='lat' dir='ltr'><strong>pecuniae</strong></span> <span class='ocrx_word' id='word_1_259' title='bbox 589 2603 716 2632; x_wconf 89' lang='lat' dir='ltr'><strong>autem</strong></span> <span class='ocrx_word' id='word_1_260' title='bbox 733 2596 952 2645; x_wconf 86' lang='lat' dir='ltr'><strong>erogatione</strong></span> <span class='ocrx_word' id='word_1_261' title='bbox 970 2593 1215 2643; x_wconf 85' lang='lat' dir='ltr'><strong>prodigentia</strong></span> 
     </span>
     <span class='ocr_line' id='line_1_38' title="bbox 158 2653 1212 2705; baseline -0.006 -11"><span class='ocrx_word' id='word_1_262' title='bbox 158 2664 196 2694; x_wconf 87' lang='lat' dir='ltr'><strong>et</strong></span> <span class='ocrx_word' id='word_1_263' title='bbox 226 2657 342 2693; x_wconf 89' lang='lat' dir='ltr'><strong>nimia</strong></span> <span class='ocrx_word' id='word_1_264' title='bbox 375 2656 619 2705; x_wconf 87' lang='lat' dir='ltr'><strong>parsimonia.</strong></span> <span class='ocrx_word' id='word_1_265' title='bbox 641 2655 830 2702; x_wconf 85' lang='lat' dir='ltr'><strong>Quocirca</strong></span> <span class='ocrx_word' id='word_1_266' title='bbox 851 2653 1057 2689; x_wconf 86' lang='lat' dir='ltr'><strong>liberalitas</strong></span> <span class='ocrx_word' id='word_1_267' title='bbox 1078 2660 1116 2688; x_wconf 89' lang='lat' dir='ltr'><strong>et</strong></span> <span class='ocrx_word' id='word_1_268' title='bbox 1134 2665 1212 2689; x_wconf 91' lang='lat' dir='ltr'><strong>me-</strong></span> 
     </span>
     <span class='ocr_line' id='line_1_39' title="bbox 158 2712 1214 2761; baseline -0.005 -9"><span class='ocrx_word' id='word_1_269' title='bbox 158 2715 341 2752; x_wconf 86' lang='lat' dir='ltr'><strong>diocritas</strong></span> <span class='ocrx_word' id='word_1_270' title='bbox 372 2717 411 2751; x_wconf 93' lang='lat' dir='ltr'><strong>in</strong></span> <span class='ocrx_word' id='word_1_271' title='bbox 441 2714 619 2751; x_wconf 82' lang='lat' dir='ltr'><strong>omnibus</strong></span> <span class='ocrx_word' id='word_1_272' title='bbox 651 2714 815 2750; x_wconf 88' lang='lat' dir='ltr'><strong>externis</strong></span> <span class='ocrx_word' id='word_1_273' title='bbox 841 2712 1066 2761; x_wconf 86' lang='lat' dir='ltr'><strong>prudentem</strong></span> <span class='ocrx_word' id='word_1_274' title='bbox 1099 2712 1214 2748; x_wconf 88' lang='lat' dir='ltr'><strong>animi</strong></span> 
     </span>
     <span class='ocr_line' id='line_1_40' title="bbox 158 2771 1214 2824; baseline -0.006 -13"><span class='ocrx_word' id='word_1_275' title='bbox 158 2775 327 2812; x_wconf 88' lang='lat' dir='ltr'><strong>habitum</strong></span> <span class='ocrx_word' id='word_1_276' title='bbox 353 2774 553 2810; x_wconf 83' lang='lat' dir='ltr'><strong>ostendant</strong></span> <span class='ocrx_word' id='word_1_277' title='bbox 573 2773 777 2824; x_wconf 78' lang='lat' dir='ltr'><strong>etmodum</strong></span> <span class='ocrx_word' id='word_1_278' title='bbox 799 2772 906 2807; x_wconf 87' lang='lat' dir='ltr'><strong>illum</strong></span> <span class='ocrx_word' id='word_1_279' title='bbox 919 2798 929 2816; x_wconf 91' lang='lat'><strong>,</strong></span> <span class='ocrx_word' id='word_1_280' title='bbox 949 2771 1014 2819; x_wconf 93' lang='lat' dir='ltr'><strong>qui</strong></span> <span class='ocrx_word' id='word_1_281' title='bbox 1031 2774 1067 2806; x_wconf 74' lang='lat' dir='ltr'><strong>ire</strong></span> <span class='ocrx_word' id='word_1_282' title='bbox 1092 2774 1214 2806; x_wconf 79' lang='lat' dir='ltr'><strong>omni-</strong></span> 
     </span>
     <span class='ocr_line' id='line_1_41' title="bbox 157 2829 1213 2883; baseline -0.007 -13"><span class='ocrx_word' id='word_1_283' title='bbox 157 2835 222 2870; x_wconf 84' lang='lat' dir='ltr'><strong>bus</strong></span> <span class='ocrx_word' id='word_1_284' title='bbox 239 2837 400 2883; x_wconf 77' lang='lat' dir='ltr'><strong>optimus</strong></span> <span class='ocrx_word' id='word_1_285' title='bbox 429 2841 494 2871; x_wconf 82' lang='lat' dir='ltr'><strong>est.</strong></span> <span class='ocrx_word' id='word_1_286' title='bbox 531 2832 590 2869; x_wconf 89' lang='lat' dir='ltr'><strong>Ab</strong></span> <span class='ocrx_word' id='word_1_287' title='bbox 611 2833 656 2868; x_wconf 89' lang='lat' dir='ltr'><strong>iis</strong></span> <span class='ocrx_word' id='word_1_288' title='bbox 676 2832 797 2877; x_wconf 90' lang='lat' dir='ltr'><strong>enim,</strong></span> <span class='ocrx_word' id='word_1_289' title='bbox 819 2843 902 2879; x_wconf 86' lang='lat' dir='ltr'><strong>quae</strong></span> <span class='ocrx_word' id='word_1_290' title='bbox 933 2829 1114 2865; x_wconf 90' lang='lat' dir='ltr'><strong>invidiam</strong></span> <span class='ocrx_word' id='word_1_291' title='bbox 1143 2829 1213 2865; x_wconf 87' lang='lat' dir='ltr'><strong>ha-</strong></span> 
     </span>
     <span class='ocr_line' id='line_1_42' title="bbox 157 2886 1212 2940; baseline -0.006 -12"><span class='ocrx_word' id='word_1_292' title='bbox 157 2893 269 2937; x_wconf 84' lang='lat' dir='ltr'><strong>bent,</strong></span> <span class='ocrx_word' id='word_1_293' title='bbox 295 2893 330 2928; x_wconf 86' lang='lat' dir='ltr'><strong>ei</strong></span> <span class='ocrx_word' id='word_1_294' title='bbox 349 2891 616 2928; x_wconf 85' lang='lat' dir='ltr'><strong>abstinendum</strong></span> <span class='ocrx_word' id='word_1_295' title='bbox 633 2897 708 2940; x_wconf 84' lang='lat' dir='ltr'><strong>est,</strong></span> <span class='ocrx_word' id='word_1_296' title='bbox 738 2896 922 2938; x_wconf 89' lang='lat' dir='ltr'><strong>quantum</strong></span> <span class='ocrx_word' id='word_1_297' title='bbox 955 2886 1037 2923; x_wconf 88' lang='lat' dir='ltr'><strong>fieri</strong></span> <span class='ocrx_word' id='word_1_298' title='bbox 1064 2895 1212 2936; x_wconf 86' lang='lat' dir='ltr'><strong>potest,</strong></span> 
     </span>
     <span class='ocr_line' id='line_1_43' title="bbox 156 2947 1211 3000; baseline -0.007 -12"><span class='ocrx_word' id='word_1_299' title='bbox 156 2952 223 3000; x_wconf 91' lang='lat' dir='ltr'><strong>qui</strong></span> <span class='ocrx_word' id='word_1_300' title='bbox 240 2952 549 2999; x_wconf 87' lang='lat' dir='ltr'><strong>tranquillitatem</strong></span> <span class='ocrx_word' id='word_1_301' title='bbox 571 2957 671 2986; x_wconf 90' lang='lat' dir='ltr'><strong>amat</strong></span> <span class='ocrx_word' id='word_1_302' title='bbox 683 2961 839 2998; x_wconf 87' lang='lat' dir='ltr'><strong>‚neque</strong></span> <span class='ocrx_word' id='word_1_303' title='bbox 859 2947 1004 2983; x_wconf 88' lang='lat' dir='ltr'><strong>invidia</strong></span> <span class='ocrx_word' id='word_1_304' title='bbox 1030 2953 1211 2995; x_wconf 87' lang='lat' dir='ltr'><strong>tanquam</strong></span> 
     </span>
     <span class='ocr_line' id='line_1_44' title="bbox 157 3007 1214 3060; baseline -0.006 -12"><span class='ocrx_word' id='word_1_305' title='bbox 157 3012 234 3048; x_wconf 83' lang='lat' dir='ltr'><strong>fera</strong></span> <span class='ocrx_word' id='word_1_306' title='bbox 256 3010 504 3060; x_wconf 87' lang='lat' dir='ltr'><strong>provocanda</strong></span> <span class='ocrx_word' id='word_1_307' title='bbox 536 3016 611 3055; x_wconf 89' lang='lat' dir='ltr'><strong>est,</strong></span> <span class='ocrx_word' id='word_1_308' title='bbox 627 3015 671 3045; x_wconf 90' lang='lat' dir='ltr'><strong>ut</strong></span> <span class='ocrx_word' id='word_1_309' title='bbox 698 3009 735 3044; x_wconf 91' lang='lat' dir='ltr'><strong>in</strong></span> <span class='ocrx_word' id='word_1_310' title='bbox 765 3009 811 3044; x_wconf 88' lang='lat' dir='ltr'><strong>iis</strong></span> <span class='ocrx_word' id='word_1_311' title='bbox 839 3020 921 3056; x_wconf 86' lang='lat' dir='ltr'><strong>quae</strong></span> <span class='ocrx_word' id='word_1_312' title='bbox 939 3007 1098 3042; x_wconf 87' lang='lat' dir='ltr'><strong>honesta</strong></span> <span class='ocrx_word' id='word_1_313' title='bbox 1128 3013 1214 3043; x_wconf 91' lang='lat' dir='ltr'><strong>sunt</strong></span> 
     </span>
     <span class='ocr_line' id='line_1_45' title="bbox 157 3059 1208 3117; baseline -0.007 -11"><span class='ocrx_word' id='word_1_314' title='bbox 157 3070 283 3106; x_wconf 90' lang='lat' dir='ltr'><strong>animo</strong></span> <span class='ocrx_word' id='word_1_315' title='bbox 305 3069 408 3106; x_wconf 89' lang='lat' dir='ltr'><strong>omni</strong></span> <span class='ocrx_word' id='word_1_316' title='bbox 426 3068 715 3117; x_wconf 86' lang='lat' dir='ltr'><strong>perturbatione</strong></span> <span class='ocrx_word' id='word_1_317' title='bbox 734 3059 857 3103; x_wconf 84' lang='lat' dir='ltr'><strong>libero</strong></span> <span class='ocrx_word' id='word_1_318' title='bbox 877 3064 1065 3114; x_wconf 88' lang='lat' dir='ltr'><strong>proficere</strong></span> <span class='ocrx_word' id='word_1_319' title='bbox 1085 3065 1208 3102; x_wconf 88' lang='lat' dir='ltr'><strong>liceat.</strong></span> 
     </span>
     <span class='ocr_line' id='line_1_46' title="bbox 158 3123 1213 3175; baseline -0.007 -10"><span class='ocrx_word' id='word_1_320' title='bbox 158 3129 281 3165; x_wconf 87' lang='lat' dir='ltr'><strong>Vitam</strong></span> <span class='ocrx_word' id='word_1_321' title='bbox 301 3136 425 3165; x_wconf 81' lang='lat' dir='ltr'><strong>autem</strong></span> <span class='ocrx_word' id='word_1_322' title='bbox 444 3131 525 3163; x_wconf 81' lang='lat' dir='ltr'><strong>sine</strong></span> <span class='ocrx_word' id='word_1_323' title='bbox 558 3127 696 3162; x_wconf 77' lang='lat' dir='ltr'><strong>invidia</strong></span> <span class='ocrx_word' id='word_1_324' title='bbox 717 3125 928 3175; x_wconf 84' lang='lat' dir='ltr'><strong>degendam</strong></span> <span class='ocrx_word' id='word_1_325' title='bbox 946 3135 1162 3172; x_wconf 88' lang='lat' dir='ltr'><strong>sequemur,</strong></span> <span class='ocrx_word' id='word_1_326' title='bbox 1184 3123 1213 3158; x_wconf 89' lang='lat' dir='ltr'><strong>si</strong></span> 
     </span>
     <span class='ocr_line' id='line_1_47' title="bbox 163 3181 1214 3230; baseline -0.01 -5"><span class='ocrx_word' id='word_1_327' title='bbox 163 3188 263 3225; x_wconf 79' lang='lat' dir='ltr'><strong>tenui</strong></span> <span class='ocrx_word' id='word_1_328' title='bbox 279 3194 316 3224; x_wconf 88' lang='lat' dir='ltr'><strong>et</strong></span> <span class='ocrx_word' id='word_1_329' title='bbox 330 3186 475 3223; x_wconf 89' lang='lat' dir='ltr'><strong>mundo</strong></span> <span class='ocrx_word' id='word_1_330' title='bbox 492 3186 598 3222; x_wconf 83' lang='lat' dir='ltr'><strong>victu</strong></span> <span class='ocrx_word' id='word_1_331' title='bbox 614 3192 779 3230; x_wconf 88' lang='lat' dir='ltr'><strong>utamur,</strong></span> <span class='ocrx_word' id='word_1_332' title='bbox 801 3190 838 3220; x_wconf 92' lang='lat' dir='ltr'><strong>et</strong></span> <span class='ocrx_word' id='word_1_333' title='bbox 863 3182 999 3219; x_wconf 87' lang='lat' dir='ltr'><strong>fastum</strong></span> <span class='ocrx_word' id='word_1_334' title='bbox 1028 3181 1135 3216; x_wconf 89' lang='lat' dir='ltr'><strong>illum</strong></span> <span class='ocrx_word' id='word_1_335' title='bbox 1155 3181 1214 3216; x_wconf 88' lang='lat' dir='ltr'><strong>vi-</strong></span> 
     </span>
     <span class='ocr_line' id='line_1_48' title="bbox 160 3237 1211 3294; baseline -0.007 -12"><span class='ocrx_word' id='word_1_336' title='bbox 160 3251 296 3292; x_wconf 86' lang='lat' dir='ltr'><strong>temus,</strong></span> <span class='ocrx_word' id='word_1_337' title='bbox 318 3246 447 3294; x_wconf 85' lang='lat' dir='ltr'><strong>quiex</strong></span> <span class='ocrx_word' id='word_1_338' title='bbox 464 3244 596 3281; x_wconf 84' lang='lat' dir='ltr'><strong>decori</strong></span> <span class='ocrx_word' id='word_1_339' title='bbox 613 3244 830 3294; x_wconf 85' lang='lat' dir='ltr'><strong>ignorantia</strong></span> <span class='ocrx_word' id='word_1_340' title='bbox 854 3237 990 3287; x_wconf 77' lang='lat' dir='ltr'><strong>oritur,</strong></span> <span class='ocrx_word' id='word_1_341' title='bbox 1010 3239 1112 3276; x_wconf 91' lang='lat' dir='ltr'><strong>unde</strong></span> <span class='ocrx_word' id='word_1_342' title='bbox 1133 3240 1211 3276; x_wconf 91' lang='lat' dir='ltr'><strong>duo</strong></span> 
     </span>
     <span class='ocr_line' id='line_1_49' title="bbox 159 3299 1215 3354; baseline -0.007 -13"><span class='ocrx_word' id='word_1_343' title='bbox 159 3305 258 3341; x_wconf 88' lang='lat' dir='ltr'><strong>mala</strong></span> <span class='ocrx_word' id='word_1_344' title='bbox 275 3311 498 3353; x_wconf 90' lang='lat' dir='ltr'><strong>nascuntur,</strong></span> <span class='ocrx_word' id='word_1_345' title='bbox 518 3304 767 3354; x_wconf 87' lang='lat' dir='ltr'><strong>pecuniarum</strong></span> <span class='ocrx_word' id='word_1_346' title='bbox 785 3301 958 3352; x_wconf 80' lang='lat' dir='ltr'><strong>profusio</strong></span> <span class='ocrx_word' id='word_1_347' title='bbox 978 3307 1015 3336; x_wconf 90' lang='lat' dir='ltr'><strong>et</strong></span> <span class='ocrx_word' id='word_1_348' title='bbox 1030 3299 1215 3348; x_wconf 85' lang='lat' dir='ltr'><strong>parsimo-</strong></span> 
     </span>
     <span class='ocr_line' id='line_1_50' title="bbox 158 3359 1213 3413; baseline -0.007 -13"><span class='ocrx_word' id='word_1_349' title='bbox 158 3364 223 3400; x_wconf 89' lang='lat' dir='ltr'><strong>nia</strong></span> <span class='ocrx_word' id='word_1_350' title='bbox 241 3364 525 3413; x_wconf 86' lang='lat' dir='ltr'><strong>intempestiva,</strong></span> <span class='ocrx_word' id='word_1_351' title='bbox 546 3375 708 3412; x_wconf 85' lang='lat' dir='ltr'><strong>quarum</strong></span> <span class='ocrx_word' id='word_1_352' title='bbox 726 3362 790 3398; x_wconf 87' lang='lat' dir='ltr'><strong>illa</strong></span> <span class='ocrx_word' id='word_1_353' title='bbox 809 3368 852 3397; x_wconf 91' lang='lat' dir='ltr'><strong>ut</strong></span> <span class='ocrx_word' id='word_1_354' title='bbox 871 3359 1049 3409; x_wconf 89' lang='lat' dir='ltr'><strong>superbia</strong></span> <span class='ocrx_word' id='word_1_355' title='bbox 1067 3359 1213 3406; x_wconf 87' lang='lat' dir='ltr'><strong>vitupe-</strong></span> 
     </span>
     <span class='ocr_line' id='line_1_51' title="bbox 160 3418 1216 3472; baseline -0.007 -12"><span class='ocrx_word' id='word_1_356' title='bbox 160 3429 277 3470; x_wconf 86' lang='lat' dir='ltr'><strong>ratur,</strong></span> <span class='ocrx_word' id='word_1_357' title='bbox 303 3423 383 3459; x_wconf 86' lang='lat' dir='ltr'><strong>haec</strong></span> <span class='ocrx_word' id='word_1_358' title='bbox 417 3430 605 3460; x_wconf 88' lang='lat' dir='ltr'><strong>autemut</strong></span> <span class='ocrx_word' id='word_1_359' title='bbox 634 3423 762 3472; x_wconf 88' lang='lat' dir='ltr'><strong>pusilli</strong></span> <span class='ocrx_word' id='word_1_360' title='bbox 794 3421 909 3458; x_wconf 89' lang='lat' dir='ltr'><strong>animi</strong></span> <span class='ocrx_word' id='word_1_361' title='bbox 942 3418 1133 3456; x_wconf 89' lang='lat' dir='ltr'><strong>tenacitas.</strong></span> <span class='ocrx_word' id='word_1_362' title='bbox 1167 3420 1216 3454; x_wconf 89' lang='lat' dir='ltr'><strong>At</strong></span> 
     </span>
     <span class='ocr_line' id='line_1_52' title="bbox 159 3477 1216 3530; baseline -0.007 -11"><span class='ocrx_word' id='word_1_363' title='bbox 159 3482 299 3518; x_wconf 87' lang='lat' dir='ltr'><strong>horum</strong></span> <span class='ocrx_word' id='word_1_364' title='bbox 318 3489 525 3530; x_wconf 87' lang='lat' dir='ltr'><strong>utrumque</strong></span> <span class='ocrx_word' id='word_1_365' title='bbox 545 3481 688 3518; x_wconf 83' lang='lat' dir='ltr'><strong>devitat</strong></span> <span class='ocrx_word' id='word_1_366' title='bbox 720 3481 950 3526; x_wconf 86' lang='lat' dir='ltr'><strong>liberalitas,</strong></span> <span class='ocrx_word' id='word_1_367' title='bbox 982 3490 1066 3527; x_wconf 84' lang='lat' dir='ltr'><strong>quae</strong></span> <span class='ocrx_word' id='word_1_368' title='bbox 1095 3477 1216 3514; x_wconf 88' lang='lat' dir='ltr'><strong>virtus</strong></span> 
     </span>
     <span class='ocr_line' id='line_1_53' title="bbox 162 3539 1216 3590; baseline -0.007 -13"><span class='ocrx_word' id='word_1_369' title='bbox 162 3543 203 3578; x_wconf 91' lang='lat' dir='ltr'><strong>in</strong></span> <span class='ocrx_word' id='word_1_370' title='bbox 237 3541 369 3578; x_wconf 89' lang='lat' dir='ltr'><strong>dandis</strong></span> <span class='ocrx_word' id='word_1_371' title='bbox 411 3539 718 3590; x_wconf 86' lang='lat' dir='ltr'><strong>accipiendisque</strong></span> <span class='ocrx_word' id='word_1_372' title='bbox 754 3539 925 3589; x_wconf 87' lang='lat' dir='ltr'><strong>pecuniis</strong></span> <span class='ocrx_word' id='word_1_373' title='bbox 962 3543 1133 3574; x_wconf 87' lang='lat' dir='ltr'><strong>versatur</strong></span> <span class='ocrx_word' id='word_1_374' title='bbox 1172 3547 1216 3571; x_wconf 90' lang='lat' dir='ltr'><strong>ac</strong></span> 
     </span>
    </p>
   </div>
   <div class='ocr_carea' id='block_1_10' title="bbox 2259 328 2336 364">
    <p class='ocr_par' dir='ltr' id='par_1_10' title="bbox 2259 328 2336 364">
     <span class='ocr_line' id='line_1_54' title="bbox 2259 328 2336 364; baseline 0 -1"><span class='ocrx_word' id='word_1_375' title='bbox 2259 328 2336 364; x_wconf 74' lang='lat'><strong>459</strong></span> 
     </span>
    </p>
   </div>
   <div class='ocr_carea' id='block_1_11' title="bbox 1371 408 2068 450">
    <p class='ocr_par' dir='ltr' id='par_1_11' title="bbox 1371 408 2068 450">
     <span class='ocr_line' id='line_1_55' title="bbox 1371 408 2068 450; baseline -0.001 -8"><span class='ocrx_word' id='word_1_376' title='bbox 1371 426 1413 433; x_wconf 90' lang='lat'>—</span> <span class='ocrx_word' id='word_1_377' title='bbox 1428 410 1548 450; x_wconf 82' lang='grc' dir='ltr'>Μέτρον</span> <span class='ocrx_word' id='word_1_378' title='bbox 1566 409 1598 440; x_wconf 84' lang='grc' dir='ltr'><strong>δὲ</strong></span> <span class='ocrx_word' id='word_1_379' title='bbox 1615 409 1696 449; x_wconf 82' lang='grc' dir='ltr'>λέγω</span> <span class='ocrx_word' id='word_1_380' title='bbox 1714 408 1778 440; x_wconf 81' lang='grc' dir='ltr'>τὸδ’</span> <span class='ocrx_word' id='word_1_381' title='bbox 1799 408 1816 440; x_wconf 89' lang='grc' dir='ltr'><strong>ὃ</strong></span> <span class='ocrx_word' id='word_1_382' title='bbox 1831 409 1873 450; x_wconf 89' lang='grc' dir='ltr'><strong>μή</strong></span> <span class='ocrx_word' id='word_1_383' title='bbox 1889 409 1918 441; x_wconf 89' lang='grc' dir='ltr'>σ’</span> <span class='ocrx_word' id='word_1_384' title='bbox 1937 409 2068 448; x_wconf 82' lang='grc' dir='ltr'>ἀνιήσει·</span> 
     </span>
    </p>
   </div>
   <div class='ocr_carea' id='block_1_12' title="bbox 1288 484 1371 531">
    <p class='ocr_par' dir='ltr' id='par_1_12' title="bbox 1288 484 1371 531">
     <span class='ocr_line' id='line_1_56' title="bbox 1288 484 1371 531; baseline -0.024 -8"><span class='ocrx_word' id='word_1_385' title='bbox 1288 484 1347 523; x_wconf 88' lang='grc' dir='ltr'><strong>καί</strong></span> <span class='ocrx_word' id='word_1_386' title='bbox 1362 513 1371 531; x_wconf 91' lang='grc'>,</span> 
     </span>
    </p>
   </div>
   <div class='ocr_carea' id='block_1_13' title="bbox 1370 576 2184 666">
    <p class='ocr_par' dir='ltr' id='par_1_13' title="bbox 1370 576 2184 666">
     <span class='ocr_line' id='line_1_57' title="bbox 1370 576 2132 618; baseline -0.004 -7"><span class='ocrx_word' id='word_1_387' title='bbox 1370 578 1485 616; x_wconf 85' lang='grc' dir='ltr'>Μηδεὶς</span> <span class='ocrx_word' id='word_1_388' title='bbox 1503 577 1581 618; x_wconf 81' lang='grc' dir='ltr'>μήτε</span> <span class='ocrx_word' id='word_1_389' title='bbox 1595 576 1678 616; x_wconf 83' lang='grc' dir='ltr'>λόγῳ</span> <span class='ocrx_word' id='word_1_390' title='bbox 1693 587 1728 608; x_wconf 87' lang='grc' dir='ltr'><strong>σε</strong></span> <span class='ocrx_word' id='word_1_391' title='bbox 1745 577 1880 617; x_wconf 76' lang='grc' dir='ltr'>παρείπῃ</span> <span class='ocrx_word' id='word_1_392' title='bbox 1893 602 1901 617; x_wconf 96' lang='grc'>,</span> <span class='ocrx_word' id='word_1_393' title='bbox 1920 577 1997 617; x_wconf 83' lang='grc' dir='ltr'>μήτε</span> <span class='ocrx_word' id='word_1_394' title='bbox 2009 588 2038 608; x_wconf 89' lang='grc' dir='ltr'><strong>τι</strong></span> <span class='ocrx_word' id='word_1_395' title='bbox 2052 577 2132 618; x_wconf 75' lang='grc' dir='ltr'>ἔργῳ</span> 
     </span>
     <span class='ocr_line' id='line_1_58' title="bbox 1370 624 2184 666; baseline -0.001 -9"><span class='ocrx_word' id='word_1_396' title='bbox 1370 627 1486 666; x_wconf 80' lang='grc' dir='ltr'>Ηρῆξαι</span> <span class='ocrx_word' id='word_1_397' title='bbox 1497 649 1506 665; x_wconf 87' lang='grc'>,</span> <span class='ocrx_word' id='word_1_398' title='bbox 1520 624 1590 666; x_wconf 79' lang='grc' dir='ltr'>μηδ’</span> <span class='ocrx_word' id='word_1_399' title='bbox 1603 625 1712 664; x_wconf 81' lang='grc' dir='ltr'>εἰπεῖν,</span> <span class='ocrx_word' id='word_1_400' title='bbox 1727 624 1744 656; x_wconf 86' lang='grc' dir='ltr'><strong>ὅ</strong></span> <span class='ocrx_word' id='word_1_401' title='bbox 1754 649 1763 665; x_wconf 81' lang='lat'><strong>,</strong></span> <span class='ocrx_word' id='word_1_402' title='bbox 1776 636 1805 656; x_wconf 90' lang='grc' dir='ltr'><strong>τι</strong></span> <span class='ocrx_word' id='word_1_403' title='bbox 1822 636 1869 656; x_wconf 83' lang='grc' dir='ltr'><strong>τοι</strong></span> <span class='ocrx_word' id='word_1_404' title='bbox 1888 626 1929 666; x_wconf 79' lang='grc' dir='ltr'><strong>μὴ</strong></span> <span class='ocrx_word' id='word_1_405' title='bbox 1945 624 2088 666; x_wconf 70' lang='grc' dir='ltr'>βέλτερόν</span> <span class='ocrx_word' id='word_1_406' title='bbox 2104 625 2184 656; x_wconf 85' lang='grc' dir='ltr'>ἐστι.</span> 
     </span>
    </p>
   </div>
   <div class='ocr_carea' id='block_1_14' title="bbox 1277 699 2340 2003">
    <p class='ocr_par' dir='ltr' id='par_1_14' title="bbox 1277 699 2340 2003">
     <span class='ocr_line' id='line_1_59' title="bbox 1285 699 2340 758; baseline -0.002 -13"><span class='ocrx_word' id='word_1_407' title='bbox 1285 706 1428 745; x_wconf 86' lang='grc' dir='ltr'>Τούτων</span> <span class='ocrx_word' id='word_1_408' title='bbox 1449 699 1507 744; x_wconf 72' lang='grc' dir='ltr'><strong>οῧν</strong></span> <span class='ocrx_word' id='word_1_409' title='bbox 1530 705 1695 744; x_wconf 84' lang='grc' dir='ltr'>ἁπάντων</span> <span class='ocrx_word' id='word_1_410' title='bbox 1719 704 1860 758; x_wconf 86' lang='grc' dir='ltr'>σύνοψιν</span> <span class='ocrx_word' id='word_1_411' title='bbox 1885 706 2032 743; x_wconf 81' lang='grc' dir='ltr'>ἐνταῦθα</span> <span class='ocrx_word' id='word_1_412' title='bbox 2058 704 2118 742; x_wconf 82' lang='grc' dir='ltr'><strong>καὶ</strong></span> <span class='ocrx_word' id='word_1_413' title='bbox 2139 704 2223 754; x_wconf 91' lang='grc' dir='ltr'>μίαν</span> <span class='ocrx_word' id='word_1_414' title='bbox 2246 721 2340 758; x_wconf 91' lang='grc' dir='ltr'>συγ-</span> 
     </span>
     <span class='ocr_line' id='line_1_60' title="bbox 1285 764 2337 819; baseline -0.001 -15"><span class='ocrx_word' id='word_1_415' title='bbox 1285 765 1522 819; x_wconf 70' lang='grc' dir='ltr'>κεφαλαίωσιν</span> <span class='ocrx_word' id='word_1_416' title='bbox 1555 767 1574 803; x_wconf 83' lang='grc' dir='ltr'>ὁ</span> <span class='ocrx_word' id='word_1_417' title='bbox 1601 764 1700 815; x_wconf 87' lang='grc' dir='ltr'>λόγος</span> <span class='ocrx_word' id='word_1_418' title='bbox 1719 771 1888 812; x_wconf 83' lang='grc' dir='ltr'>ποιεῖται,</span> <span class='ocrx_word' id='word_1_419' title='bbox 1918 764 2145 816; x_wconf 82' lang='grc' dir='ltr'>ἀπαγορεύων</span> <span class='ocrx_word' id='word_1_420' title='bbox 2178 764 2241 815; x_wconf 83' lang='grc' dir='ltr'><strong>μὲν</strong></span> <span class='ocrx_word' id='word_1_421' title='bbox 2269 768 2337 804; x_wconf 87' lang='grc' dir='ltr'><strong>τῶν</strong></span> 
     </span>
     <span class='ocr_line' id='line_1_61' title="bbox 1286 822 2338 878; baseline 0.002 -15"><span class='ocrx_word' id='word_1_422' title='bbox 1286 824 1466 878; x_wconf 70' lang='grc' dir='ltr'>βλαὸερῶν</span> <span class='ocrx_word' id='word_1_423' title='bbox 1485 823 1549 871; x_wconf 90' lang='grc' dir='ltr'><strong>τὴν</strong></span> <span class='ocrx_word' id='word_1_424' title='bbox 1570 823 1793 877; x_wconf 78' lang='grc' dir='ltr'>παραδοχήν,</span> <span class='ocrx_word' id='word_1_425' title='bbox 1814 826 1883 863; x_wconf 87' lang='grc' dir='ltr'><strong>τῶν</strong></span> <span class='ocrx_word' id='word_1_426' title='bbox 1904 822 1941 862; x_wconf 85' lang='grc' dir='ltr'><strong>δὲ</strong></span> <span class='ocrx_word' id='word_1_427' title='bbox 1965 825 2154 877; x_wconf 83' lang='grc' dir='ltr'>ἐπωφελῶν</span> <span class='ocrx_word' id='word_1_428' title='bbox 2174 826 2338 876; x_wconf 86' lang='grc' dir='ltr'>εἰσηγού-</span> 
     </span>
     <span class='ocr_line' id='line_1_62' title="bbox 1284 882 2336 936; baseline 0 -13"><span class='ocrx_word' id='word_1_429' title='bbox 1284 900 1385 936; x_wconf 86' lang='grc' dir='ltr'>μενος</span> <span class='ocrx_word' id='word_1_430' title='bbox 1409 883 1473 931; x_wconf 85' lang='grc' dir='ltr'><strong>τὴν</strong></span> <span class='ocrx_word' id='word_1_431' title='bbox 1493 882 1689 936; x_wconf 84' lang='grc' dir='ltr'>ἐνέργειαν·</span> <span class='ocrx_word' id='word_1_432' title='bbox 1720 884 1875 934; x_wconf 83' lang='grc' dir='ltr'>γίνεσθαι</span> <span class='ocrx_word' id='word_1_433' title='bbox 1901 883 1936 922; x_wconf 79' lang='grc' dir='ltr'><strong>δὲ</strong></span> <span class='ocrx_word' id='word_1_434' title='bbox 1966 886 2082 928; x_wconf 86' lang='grc' dir='ltr'>καλῶς</span> <span class='ocrx_word' id='word_1_435' title='bbox 2118 883 2181 932; x_wconf 87' lang='grc' dir='ltr'><strong>τὴν</strong></span> <span class='ocrx_word' id='word_1_436' title='bbox 2205 885 2336 924; x_wconf 86' lang='grc' dir='ltr'>τούτων</span> 
     </span>
     <span class='ocr_line' id='line_1_63' title="bbox 1283 941 2337 996; baseline 0.001 -15"><span class='ocrx_word' id='word_1_437' title='bbox 1283 943 1454 996; x_wconf 80' lang='grc' dir='ltr'>διάκρισιν</span> <span class='ocrx_word' id='word_1_438' title='bbox 1476 945 1510 982; x_wconf 93' lang='grc' dir='ltr'><strong>ἐν</strong></span> <span class='ocrx_word' id='word_1_439' title='bbox 1530 946 1579 996; x_wconf 86' lang='grc' dir='ltr'><strong>τῷ</strong></span> <span class='ocrx_word' id='word_1_440' title='bbox 1601 942 1875 994; x_wconf 82' lang='grc' dir='ltr'>λογίζεσθαι</span> <span class='ocrx_word' id='word_1_441' title='bbox 1902 942 1991 995; x_wconf 89' lang='grc' dir='ltr'><strong>πρὸ</strong></span> <span class='ocrx_word' id='word_1_442' title='bbox 2021 941 2158 995; x_wconf 84' lang='grc' dir='ltr'>ἔργου</span> <span class='ocrx_word' id='word_1_443' title='bbox 2184 943 2220 983; x_wconf 93' lang='grc' dir='ltr'><strong>τί</strong></span> <span class='ocrx_word' id='word_1_444' title='bbox 2244 959 2337 996; x_wconf 84' lang='grc' dir='ltr'>πρα-</span> 
     </span>
     <span class='ocr_line' id='line_1_64' title="bbox 1282 1001 2337 1056; baseline 0.002 -16"><span class='ocrx_word' id='word_1_445' title='bbox 1282 1001 1381 1041; x_wconf 88' lang='grc' dir='ltr'>κτέον</span> <span class='ocrx_word' id='word_1_446' title='bbox 1396 1002 1457 1041; x_wconf 82' lang='grc' dir='ltr'><strong>καὶ</strong></span> <span class='ocrx_word' id='word_1_447' title='bbox 1474 1002 1507 1040; x_wconf 81' lang='grc' dir='ltr'><strong>τί</strong></span> <span class='ocrx_word' id='word_1_448' title='bbox 1528 1004 1577 1052; x_wconf 78' lang='grc' dir='ltr'><strong>μὴ</strong></span> <span class='ocrx_word' id='word_1_449' title='bbox 1592 1002 1779 1054; x_wconf 83' lang='grc' dir='ltr'>πρακτέον.</span> <span class='ocrx_word' id='word_1_450' title='bbox 1797 1001 1842 1041; x_wconf 90' lang='grc' dir='ltr'>Ὁ</span> <span class='ocrx_word' id='word_1_451' title='bbox 1861 1001 1928 1054; x_wconf 83' lang='grc' dir='ltr'><strong>γὰρ</strong></span> <span class='ocrx_word' id='word_1_452' title='bbox 1949 1004 2010 1048; x_wconf 85' lang='grc' dir='ltr'>τ’ῆς</span> <span class='ocrx_word' id='word_1_453' title='bbox 2023 1001 2203 1046; x_wconf 61' lang='grc' dir='ltr'>εὖὸουλίας</span> <span class='ocrx_word' id='word_1_454' title='bbox 2218 1003 2337 1056; x_wconf 82' lang='grc' dir='ltr'>καιρὸς</span> 
     </span>
     <span class='ocr_line' id='line_1_65' title="bbox 1282 1058 2338 1114; baseline -0.002 -14"><span class='ocrx_word' id='word_1_455' title='bbox 1282 1063 1317 1100; x_wconf 87' lang='grc' dir='ltr'><strong>ἐν</strong></span> <span class='ocrx_word' id='word_1_456' title='bbox 1331 1064 1381 1114; x_wconf 81' lang='grc' dir='ltr'><strong>τῷ</strong></span> <span class='ocrx_word' id='word_1_457' title='bbox 1405 1060 1623 1114; x_wconf 84' lang='grc' dir='ltr'>ἀπρολήπτῳ</span> <span class='ocrx_word' id='word_1_458' title='bbox 1644 1062 1713 1099; x_wconf 79' lang='grc' dir='ltr'><strong>τῶν</strong></span> <span class='ocrx_word' id='word_1_459' title='bbox 1731 1058 1942 1114; x_wconf 84' lang='grc' dir='ltr'>πράξεων</span> <span class='ocrx_word' id='word_1_460' title='bbox 1958 1061 2206 1111; x_wconf 82' lang='grc' dir='ltr'>παραγίνεται.</span> <span class='ocrx_word' id='word_1_461' title='bbox 2240 1063 2338 1101; x_wconf 79' lang='grc' dir='ltr'><strong>Κάν-</strong></span> 
     </span>
     <span class='ocr_line' id='line_1_66' title="bbox 1280 1113 2334 1174; baseline 0 -15"><span class='ocrx_word' id='word_1_462' title='bbox 1280 1124 1390 1159; x_wconf 78' lang='grc' dir='ltr'>ταῦθα</span> <span class='ocrx_word' id='word_1_463' title='bbox 1410 1120 1444 1159; x_wconf 82' lang='grc' dir='ltr'><strong>δὲ</strong></span> <span class='ocrx_word' id='word_1_464' title='bbox 1459 1120 1563 1159; x_wconf 86' lang='grc' dir='ltr'>πάλιν</span> <span class='ocrx_word' id='word_1_465' title='bbox 1583 1123 1645 1158; x_wconf 77' lang='grc' dir='ltr'><strong>τοῦ</strong></span> <span class='ocrx_word' id='word_1_466' title='bbox 1668 1118 1690 1158; x_wconf 88' lang='grc' dir='ltr'>ἅ</span> <span class='ocrx_word' id='word_1_467' title='bbox 1709 1135 1730 1158; x_wconf 91' lang='grc' dir='ltr'>σ</span> <span class='ocrx_word' id='word_1_468' title='bbox 1743 1135 1758 1158; x_wconf 91' lang='grc' dir='ltr'><strong>ε</strong></span> <span class='ocrx_word' id='word_1_469' title='bbox 1783 1118 1844 1171; x_wconf 79' lang='grc' dir='ltr'><strong>μὴ</strong></span> <span class='ocrx_word' id='word_1_470' title='bbox 1867 1120 2035 1174; x_wconf 76' lang='grc' dir='ltr'>βλάψει</span> <span class='ocrx_word' id='word_1_471' title='bbox 2056 1119 2165 1164; x_wconf 75' lang='grc' dir='ltr'>οὕτως</span> <span class='ocrx_word' id='word_1_472' title='bbox 2185 1113 2334 1160; x_wconf 79' lang='grc' dir='ltr'>ἄκουσό-</span> 
     </span>
     <span class='ocr_line' id='line_1_67' title="bbox 1281 1177 2335 1231; baseline 0.001 -13"><span class='ocrx_word' id='word_1_473' title='bbox 1281 1182 1449 1231; x_wconf 83' lang='grc' dir='ltr'>μεθα,ὧς</span> <span class='ocrx_word' id='word_1_474' title='bbox 1465 1179 1614 1230; x_wconf 79' lang='grc' dir='ltr'>καὶτοῦ,</span> <span class='ocrx_word' id='word_1_475' title='bbox 1630 1179 1652 1218; x_wconf 87' lang='grc' dir='ltr'>ἅ</span> <span class='ocrx_word' id='word_1_476' title='bbox 1672 1195 1718 1218; x_wconf 90' lang='grc' dir='ltr'><strong>σε</strong></span> <span class='ocrx_word' id='word_1_477' title='bbox 1740 1179 1801 1229; x_wconf 79' lang='grc' dir='ltr'><strong>μὴ</strong></span> <span class='ocrx_word' id='word_1_478' title='bbox 1819 1177 2056 1229; x_wconf 84' lang='grc' dir='ltr'>μετέπειτ’</span> <span class='ocrx_word' id='word_1_479' title='bbox 2074 1179 2278 1227; x_wconf 83' lang='grc' dir='ltr'>ἀνιήσει·</span> <span class='ocrx_word' id='word_1_480' title='bbox 2296 1181 2335 1219; x_wconf 80' lang='grc' dir='ltr'><strong>τὸ</strong></span> 
     </span>
     <span class='ocr_line' id='line_1_68' title="bbox 1281 1237 2335 1291; baseline -0.002 -13"><span class='ocrx_word' id='word_1_481' title='bbox 1281 1239 1319 1278; x_wconf 80' lang='grc' dir='ltr'>σὲ</span> <span class='ocrx_word' id='word_1_482' title='bbox 1341 1237 1433 1278; x_wconf 84' lang='grc' dir='ltr'>κατὰ</span> <span class='ocrx_word' id='word_1_483' title='bbox 1452 1242 1515 1277; x_wconf 73' lang='grc' dir='ltr'><strong>τοῦ</strong></span> <span class='ocrx_word' id='word_1_484' title='bbox 1537 1238 1641 1282; x_wconf 87' lang='grc' dir='ltr'>ὄντως</span> <span class='ocrx_word' id='word_1_485' title='bbox 1661 1237 1843 1291; x_wconf 80' lang='grc' dir='ltr'>ἀνθρώπου</span> <span class='ocrx_word' id='word_1_486' title='bbox 1863 1238 1922 1277; x_wconf 89' lang='grc' dir='ltr'><strong>καὶ</strong></span> <span class='ocrx_word' id='word_1_487' title='bbox 1954 1241 2015 1285; x_wconf 76' lang='grc' dir='ltr'><strong>τῆς</strong></span> <span class='ocrx_word' id='word_1_488' title='bbox 2047 1240 2187 1291; x_wconf 75' lang='grc' dir='ltr'>λογικῆς</span> <span class='ocrx_word' id='word_1_489' title='bbox 2216 1239 2335 1283; x_wconf 82' lang='grc' dir='ltr'>οὐσίας</span> 
     </span>
     <span class='ocr_line' id='line_1_69' title="bbox 1279 1296 2333 1350; baseline -0.002 -14"><span class='ocrx_word' id='word_1_490' title='bbox 1279 1298 1481 1346; x_wconf 81' lang='grc' dir='ltr'>τάττοντες,</span> <span class='ocrx_word' id='word_1_491' title='bbox 1498 1297 1558 1336; x_wconf 74' lang='grc' dir='ltr'><strong>καὶ</strong></span> <span class='ocrx_word' id='word_1_492' title='bbox 1577 1296 1669 1336; x_wconf 83' lang='grc' dir='ltr'>κατὰ</span> <span class='ocrx_word' id='word_1_493' title='bbox 1687 1300 1749 1335; x_wconf 77' lang='grc' dir='ltr'><strong>τοῦ</strong></span> <span class='ocrx_word' id='word_1_494' title='bbox 1769 1298 1966 1350; x_wconf 77' lang='grc' dir='ltr'>φιλοσοφεῖν</span> <span class='ocrx_word' id='word_1_495' title='bbox 1983 1297 2228 1350; x_wconf 85' lang='grc' dir='ltr'>προῃρημένου</span> <span class='ocrx_word' id='word_1_496' title='bbox 2242 1327 2250 1343; x_wconf 95' lang='grc'>,</span> <span class='ocrx_word' id='word_1_497' title='bbox 2273 1298 2333 1336; x_wconf 78' lang='grc' dir='ltr'><strong>καὶ</strong></span> 
     </span>
     <span class='ocr_line' id='line_1_70' title="bbox 1279 1355 2332 1409; baseline 0 -14"><span class='ocrx_word' id='word_1_498' title='bbox 1279 1357 1341 1405; x_wconf 81' lang='grc' dir='ltr'><strong>τὴν</strong></span> <span class='ocrx_word' id='word_1_499' title='bbox 1357 1357 1442 1409; x_wconf 84' lang='grc' dir='ltr'>πρὸς</span> <span class='ocrx_word' id='word_1_500' title='bbox 1456 1357 1531 1395; x_wconf 83' lang='grc' dir='ltr'>θεὸν</span> <span class='ocrx_word' id='word_1_501' title='bbox 1546 1356 1712 1406; x_wconf 85' lang='grc' dir='ltr'>ὁμοίωσιν</span> <span class='ocrx_word' id='word_1_502' title='bbox 1727 1355 1924 1403; x_wconf 82' lang='grc' dir='ltr'>κτήσασθαι</span> <span class='ocrx_word' id='word_1_503' title='bbox 1945 1356 2168 1400; x_wconf 86' lang='grc' dir='ltr'>σπεύδοντος.</span> <span class='ocrx_word' id='word_1_504' title='bbox 2198 1357 2332 1395; x_wconf 75' lang='grc' dir='ltr'>Τοῦτον</span> 
     </span>
     <span class='ocr_line' id='line_1_71' title="bbox 1279 1414 2334 1468; baseline -0.002 -13"><span class='ocrx_word' id='word_1_505' title='bbox 1279 1417 1314 1455; x_wconf 81' lang='grc' dir='ltr'><strong>δὲ</strong></span> <span class='ocrx_word' id='word_1_506' title='bbox 1334 1416 1483 1466; x_wconf 81' lang='grc' dir='ltr'>βλάπτει</span> <span class='ocrx_word' id='word_1_507' title='bbox 1498 1422 1567 1454; x_wconf 84' lang='grc' dir='ltr'><strong>πᾶν</strong></span> <span class='ocrx_word' id='word_1_508' title='bbox 1582 1415 1621 1454; x_wconf 82' lang='grc' dir='ltr'><strong>τὸ</strong></span> <span class='ocrx_word' id='word_1_509' title='bbox 1636 1415 1734 1468; x_wconf 82' lang='grc' dir='ltr'>παρὰ</span> <span class='ocrx_word' id='word_1_510' title='bbox 1755 1415 1810 1454; x_wconf 86' lang='grc' dir='ltr'><strong>τὸν</strong></span> <span class='ocrx_word' id='word_1_511' title='bbox 1827 1415 1926 1468; x_wconf 83' lang='grc' dir='ltr'>ὀρθὸν</span> <span class='ocrx_word' id='word_1_512' title='bbox 1946 1415 2063 1467; x_wconf 87' lang='grc' dir='ltr'>λόγον,</span> <span class='ocrx_word' id='word_1_513' title='bbox 2085 1421 2155 1453; x_wconf 86' lang='grc' dir='ltr'><strong>πᾶν</strong></span> <span class='ocrx_word' id='word_1_514' title='bbox 2177 1414 2216 1453; x_wconf 83' lang='grc' dir='ltr'><strong>τὸ</strong></span> <span class='ocrx_word' id='word_1_515' title='bbox 2235 1415 2334 1467; x_wconf 82' lang='grc' dir='ltr'>παρὰ</span> 
     </span>
     <span class='ocr_line' id='line_1_72' title="bbox 1278 1474 2333 1526; baseline -0.002 -11"><span class='ocrx_word' id='word_1_516' title='bbox 1278 1475 1336 1515; x_wconf 85' lang='grc' dir='ltr'><strong>τὸν</strong></span> <span class='ocrx_word' id='word_1_517' title='bbox 1358 1480 1446 1515; x_wconf 87' lang='grc' dir='ltr'>θεῖον</span> <span class='ocrx_word' id='word_1_518' title='bbox 1466 1475 1586 1526; x_wconf 83' lang='grc' dir='ltr'>νόμον,</span> <span class='ocrx_word' id='word_1_519' title='bbox 1606 1482 1674 1513; x_wconf 84' lang='grc' dir='ltr'><strong>πᾶν</strong></span> <span class='ocrx_word' id='word_1_520' title='bbox 1691 1475 1731 1514; x_wconf 82' lang='grc' dir='ltr'><strong>τὸ</strong></span> <span class='ocrx_word' id='word_1_521' title='bbox 1749 1475 1812 1521; x_wconf 82' lang='grc' dir='ltr'><strong>τὴν</strong></span> <span class='ocrx_word' id='word_1_522' title='bbox 1831 1474 1919 1526; x_wconf 78' lang='grc' dir='ltr'>πρὸς</span> <span class='ocrx_word' id='word_1_523' title='bbox 1940 1475 2015 1513; x_wconf 82' lang='grc' dir='ltr'>θεὸν</span> <span class='ocrx_word' id='word_1_524' title='bbox 2036 1474 2202 1525; x_wconf 84' lang='grc' dir='ltr'>ὁμοίωσιν</span> <span class='ocrx_word' id='word_1_525' title='bbox 2222 1475 2333 1524; x_wconf 85' lang='grc' dir='ltr'>ἐμπο-</span> 
     </span>
     <span class='ocr_line' id='line_1_73' title="bbox 1279 1533 2332 1589; baseline -0.003 -16"><span class='ocrx_word' id='word_1_526' title='bbox 1279 1535 1384 1581; x_wconf 87' lang='grc' dir='ltr'>δίζον.</span> <span class='ocrx_word' id='word_1_527' title='bbox 1446 1534 1586 1589; x_wconf 76' lang='grc' dir='ltr'>Πέφυκε</span> <span class='ocrx_word' id='word_1_528' title='bbox 1607 1533 1643 1574; x_wconf 78' lang='grc' dir='ltr'><strong>δὲ</strong></span> <span class='ocrx_word' id='word_1_529' title='bbox 1663 1533 1707 1572; x_wconf 84' lang='grc' dir='ltr'><strong>τὰ</strong></span> <span class='ocrx_word' id='word_1_530' title='bbox 1725 1537 1870 1573; x_wconf 79' lang='grc' dir='ltr'>τοιαῦτα</span> <span class='ocrx_word' id='word_1_531' title='bbox 1891 1536 1976 1584; x_wconf 85' lang='grc' dir='ltr'>ἡμῖν</span> <span class='ocrx_word' id='word_1_532' title='bbox 1996 1533 2210 1572; x_wconf 83' lang='grc' dir='ltr'>ἐπιτίθεσθαι</span> <span class='ocrx_word' id='word_1_533' title='bbox 2232 1533 2268 1571; x_wconf 86' lang='grc' dir='ltr'><strong>ἐν</strong></span> <span class='ocrx_word' id='word_1_534' title='bbox 2287 1535 2332 1586; x_wconf 82' lang='grc' dir='ltr'><strong>τῇ</strong></span> 
     </span>
     <span class='ocr_line' id='line_1_74' title="bbox 1279 1592 2333 1648; baseline -0.002 -15"><span class='ocrx_word' id='word_1_535' title='bbox 1279 1594 1442 1648; x_wconf 74' lang='grc' dir='ltr'>κοινωνία</span> <span class='ocrx_word' id='word_1_536' title='bbox 1458 1597 1527 1633; x_wconf 82' lang='grc' dir='ltr'><strong>τῶν</strong></span> <span class='ocrx_word' id='word_1_537' title='bbox 1550 1592 1745 1641; x_wconf 86' lang='grc' dir='ltr'>συζώντων,</span> <span class='ocrx_word' id='word_1_538' title='bbox 1765 1592 1825 1632; x_wconf 74' lang='grc' dir='ltr'><strong>καὶ</strong></span> <span class='ocrx_word' id='word_1_539' title='bbox 1844 1595 1887 1646; x_wconf 83' lang='grc' dir='ltr'><strong>τῇ</strong></span> <span class='ocrx_word' id='word_1_540' title='bbox 1908 1592 2078 1640; x_wconf 80' lang='grc' dir='ltr'>διοικήσει</span> <span class='ocrx_word' id='word_1_541' title='bbox 2096 1595 2155 1631; x_wconf 80' lang='grc' dir='ltr'><strong>τοῦ</strong></span> <span class='ocrx_word' id='word_1_542' title='bbox 2175 1607 2212 1630; x_wconf 89' lang='grc' dir='ltr'><strong>τε</strong></span> <span class='ocrx_word' id='word_1_543' title='bbox 2234 1607 2333 1631; x_wconf 74' lang='grc' dir='ltr'>συνε-</span> 
     </span>
     <span class='ocr_line' id='line_1_75' title="bbox 1281 1649 2331 1705; baseline -0.004 -12"><span class='ocrx_word' id='word_1_544' title='bbox 1281 1654 1467 1705; x_wconf 87' lang='grc' dir='ltr'>ζευγμενου</span> <span class='ocrx_word' id='word_1_545' title='bbox 1485 1652 1670 1704; x_wconf 84' lang='grc' dir='ltr'>σώματος,</span> <span class='ocrx_word' id='word_1_546' title='bbox 1695 1668 1755 1690; x_wconf 88' lang='grc' dir='ltr'><strong>και</strong></span> <span class='ocrx_word' id='word_1_547' title='bbox 1774 1654 1844 1691; x_wconf 85' lang='grc' dir='ltr'><strong>τῶν</strong></span> <span class='ocrx_word' id='word_1_548' title='bbox 1861 1652 1946 1704; x_wconf 80' lang='grc' dir='ltr'>πρὸς</span> <span class='ocrx_word' id='word_1_549' title='bbox 1964 1652 2126 1704; x_wconf 82' lang='grc' dir='ltr'>βοήθειαν</span> <span class='ocrx_word' id='word_1_550' title='bbox 2145 1649 2331 1704; x_wconf 82' lang='grc' dir='ltr'>ἐξευρημέ·</span> 
     </span>
     <span class='ocr_line' id='line_1_76' title="bbox 1277 1709 2333 1772; baseline -0.002 -22"><span class='ocrx_word' id='word_1_551' title='bbox 1277 1728 1345 1751; x_wconf 87' lang='grc' dir='ltr'><strong>νων</strong></span> <span class='ocrx_word' id='word_1_552' title='bbox 1362 1729 1426 1760; x_wconf 77' lang='grc' dir='ltr'><strong>την</strong></span> <span class='ocrx_word' id='word_1_553' title='bbox 1454 1712 1596 1751; x_wconf 78' lang='grc' dir='ltr'>τούτου’</span> <span class='ocrx_word' id='word_1_554' title='bbox 1614 1711 1635 1750; x_wconf 86' lang='grc' dir='ltr'>ἃ</span> <span class='ocrx_word' id='word_1_555' title='bbox 1656 1711 1698 1758; x_wconf 81' lang='grc' dir='ltr'><strong>δὴ</strong></span> <span class='ocrx_word' id='word_1_556' title='bbox 1727 1712 1896 1764; x_wconf 85' lang='grc' dir='ltr'>χρηματα</span> <span class='ocrx_word' id='word_1_557' title='bbox 1915 1712 2035 1749; x_wconf 82' lang='grc' dir='ltr'>καλεῖν</span> <span class='ocrx_word' id='word_1_558' title='bbox 2056 1710 2130 1754; x_wconf 89' lang='grc' dir='ltr'>ἔθος</span> <span class='ocrx_word' id='word_1_559' title='bbox 2123 1740 2153 1772; x_wconf 76' lang='lat'><strong>...&#39;</strong></span> <span class='ocrx_word' id='word_1_560' title='bbox 2171 1713 2218 1754; x_wconf 83' lang='grc' dir='ltr'>ὡς</span> <span class='ocrx_word' id='word_1_561' title='bbox 2246 1709 2333 1762; x_wconf 84' lang='grc' dir='ltr'>πρὸς</span> 
     </span>
     <span class='ocr_line' id='line_1_77' title="bbox 1277 1768 2332 1842; baseline -0.001 -34"><span class='ocrx_word' id='word_1_562' title='bbox 1277 1771 1340 1818; x_wconf 79' lang='grc' dir='ltr'><strong>τὴν</strong></span> <span class='ocrx_word' id='word_1_563' title='bbox 1382 1772 1504 1825; x_wconf 81' lang='grc' dir='ltr'>χρείαν</span> <span class='ocrx_word' id='word_1_564' title='bbox 1542 1770 1740 1821; x_wconf 82' lang='grc' dir='ltr'>ἐκκείμενα.</span> <span class='ocrx_word' id='word_1_565' title='bbox 1797 1769 2067 1810; x_wconf 76' lang='grc' dir='ltr'>Διευλαὸεισθαι</span> <span class='ocrx_word' id='word_1_566' title='bbox 2106 1773 2163 1808; x_wconf 82' lang='grc' dir='ltr'><strong>οὖν</strong></span> <span class='ocrx_word' id='word_1_567' title='bbox 2201 1768 2332 1842; x_wconf 77' lang='grc' dir='ltr'>χρῆναί</span> 
     </span>
     <span class='ocr_line' id='line_1_78' title="bbox 1278 1827 2331 1884; baseline -0.003 -15"><span class='ocrx_word' id='word_1_568' title='bbox 1278 1846 1382 1884; x_wconf 86' lang='grc' dir='ltr'>φησιν</span> <span class='ocrx_word' id='word_1_569' title='bbox 1400 1834 1417 1868; x_wconf 87' lang='grc' dir='ltr'>ὁ</span> <span class='ocrx_word' id='word_1_570' title='bbox 1433 1830 1533 1882; x_wconf 82' lang='grc' dir='ltr'>λόγος</span> <span class='ocrx_word' id='word_1_571' title='bbox 1552 1845 1609 1868; x_wconf 91' lang='grc' dir='ltr'><strong>τον</strong></span> <span class='ocrx_word' id='word_1_572' title='bbox 1631 1829 1795 1882; x_wconf 80' lang='grc' dir='ltr'>ἐρωτικὸν</span> <span class='ocrx_word' id='word_1_573' title='bbox 1813 1831 1883 1867; x_wconf 86' lang='grc' dir='ltr'><strong>τῶν</strong></span> <span class='ocrx_word' id='word_1_574' title='bbox 1905 1828 2004 1868; x_wconf 91' lang='grc' dir='ltr'>θείων</span> <span class='ocrx_word' id='word_1_575' title='bbox 2023 1830 2176 1879; x_wconf 80' lang='grc' dir='ltr'>ἀγαθῶν,</span> <span class='ocrx_word' id='word_1_576' title='bbox 2192 1827 2331 1878; x_wconf 85' lang='grc' dir='ltr'>μήποτε</span> 
     </span>
     <span class='ocr_line' id='line_1_79' title="bbox 1281 1886 2328 1963; baseline -0.004 -35"><span class='ocrx_word' id='word_1_577' title='bbox 1281 1892 1474 1943; x_wconf 83' lang='grc' dir='ltr'>ἀναπεισθῇ</span> <span class='ocrx_word' id='word_1_578' title='bbox 1492 1888 1623 1941; x_wconf 82' lang='grc' dir='ltr'>πρᾶξαί</span> <span class='ocrx_word' id='word_1_579' title='bbox 1639 1888 1704 1928; x_wconf 85' lang='grc' dir='ltr'><strong>τιὸ</strong></span> <span class='ocrx_word' id='word_1_580' title='bbox 1721 1888 1769 1940; x_wconf 82' lang='grc' dir='ltr'><strong>μὴ</strong></span> <span class='ocrx_word' id='word_1_581' title='bbox 1783 1887 1946 1963; x_wconf 88' lang='grc' dir='ltr'>βέλτερον</span> <span class='ocrx_word' id='word_1_582' title='bbox 1965 1889 2081 1940; x_wconf 75' lang='grc' dir='ltr'>αὐτῶ,</span> <span class='ocrx_word' id='word_1_583' title='bbox 2094 1903 2153 1926; x_wconf 86' lang='grc' dir='ltr'><strong>και</strong></span> <span class='ocrx_word' id='word_1_584' title='bbox 2169 1886 2262 1930; x_wconf 83' lang='grc' dir='ltr'>ὅπως</span> <span class='ocrx_word' id='word_1_585' title='bbox 2280 1886 2328 1938; x_wconf 83' lang='grc' dir='ltr'><strong>μὴ</strong></span> 
     </span>
     <span class='ocr_line' id='line_1_80' title="bbox 1278 1941 2329 2003; baseline -0.004 -15.992"><span class='ocrx_word' id='word_1_586' title='bbox 1278 1948 1472 2003; x_wconf 80' lang='grc' dir='ltr'>χαρίσηται</span> <span class='ocrx_word' id='word_1_587' title='bbox 1491 1951 1540 2000; x_wconf 81' lang='grc' dir='ltr'><strong>τῷ</strong></span> <span class='ocrx_word' id='word_1_588' title='bbox 1563 1948 1724 2000; x_wconf 84' lang='grc' dir='ltr'>σώματι,</span> <span class='ocrx_word' id='word_1_589' title='bbox 1746 1941 1834 1992; x_wconf 56' lang='grc' dir='ltr'><strong>ἐξῗ</strong></span> <span class='ocrx_word' id='word_1_590' title='bbox 1808 1963 1856 1986; x_wconf 91' lang='grc' dir='ltr'><strong>ων</strong></span> <span class='ocrx_word' id='word_1_591' title='bbox 1877 1962 1978 1991; x_wconf 90' lang='grc' dir='ltr'>αυτος</span> <span class='ocrx_word' id='word_1_592' title='bbox 2011 1946 2215 1995; x_wconf 84' lang='grc' dir='ltr'>ἀνιάσεται,</span> <span class='ocrx_word' id='word_1_593' title='bbox 2240 1945 2329 1996; x_wconf 86' lang='grc' dir='ltr'>μηδὲ</span> 
     </span>
    </p>
   </div>
   <div class='ocr_carea' id='block_1_15' title="bbox 2143 2023 2319 2031">
    <p class='ocr_par' dir='ltr' id='par_1_15' title="bbox 2143 2023 2319 2031">
     <span class='ocr_line' id='line_1_81' title="bbox 2143 2023 2319 2031; baseline 0 1783"><span class='ocrx_word' id='word_1_594' title='bbox 2143 2023 2319 2031; x_wconf 95' lang='lat' dir='ltr'><strong> </strong></span> 
     </span>
    </p>
   </div>
   <div class='ocr_carea' id='block_1_16' title="bbox 1918 2027 2049 2031">
    <p class='ocr_par' dir='ltr' id='par_1_16' title="bbox 1918 2027 2049 2031">
     <span class='ocr_line' id='line_1_82' title="bbox 1918 2027 2049 2031; baseline 0 0"><span class='ocrx_word' id='word_1_595' title='bbox 1918 2027 2049 2031; x_wconf 95' lang='lat' dir='ltr'><strong> </strong></span> 
     </span>
    </p>
   </div>
   <div class='ocr_carea' id='block_1_17' title="bbox 2055 2026 2141 2031">
    <p class='ocr_par' dir='ltr' id='par_1_17' title="bbox 2055 2026 2141 2031">
     <span class='ocr_line' id='line_1_83' title="bbox 2055 2026 2141 2031; baseline 0 0"><span class='ocrx_word' id='word_1_596' title='bbox 2055 2026 2141 2031; x_wconf 95' lang='lat' dir='ltr'><strong> </strong></span> 
     </span>
    </p>
   </div>
   <div class='ocr_carea' id='block_1_18' title="bbox 1804 2026 1916 2032">
    <p class='ocr_par' dir='ltr' id='par_1_18' title="bbox 1804 2026 1916 2032">
     <span class='ocr_line' id='line_1_84' title="bbox 1804 2026 1916 2032; baseline 0 0"><span class='ocrx_word' id='word_1_597' title='bbox 1804 2026 1916 2032; x_wconf 95' lang='lat' dir='ltr'><strong> </strong></span> 
     </span>
    </p>
   </div>
   <div class='ocr_carea' id='block_1_19' title="bbox 1274 2060 2329 2518">
    <p class='ocr_par' dir='ltr' id='par_1_19' title="bbox 1274 2060 2329 2518">
     <span class='ocr_line' id='line_1_85' title="bbox 1278 2060 2329 2112; baseline -0.004 -12"><span class='ocrx_word' id='word_1_598' title='bbox 1278 2064 1460 2100; x_wconf 90' lang='lat' dir='ltr'><strong>decorum</strong></span> <span class='ocrx_word' id='word_1_599' title='bbox 1478 2065 1518 2099; x_wconf 91' lang='lat' dir='ltr'><strong>in</strong></span> <span class='ocrx_word' id='word_1_600' title='bbox 1541 2063 1740 2112; x_wconf 75' lang='lat' dir='ltr'><strong>quaestibus</strong></span> <span class='ocrx_word' id='word_1_601' title='bbox 1762 2070 1800 2099; x_wconf 85' lang='lat' dir='ltr'><strong>et</strong></span> <span class='ocrx_word' id='word_1_602' title='bbox 1818 2062 2029 2111; x_wconf 87' lang='lat' dir='ltr'><strong>sumptibus</strong></span> <span class='ocrx_word' id='word_1_603' title='bbox 2048 2068 2242 2109; x_wconf 89' lang='lat' dir='ltr'><strong>repertum</strong></span> <span class='ocrx_word' id='word_1_604' title='bbox 2258 2060 2329 2096; x_wconf 91' lang='lat' dir='ltr'><strong>ob-</strong></span> 
     </span>
     <span class='ocr_line' id='line_1_86' title="bbox 1276 2121 2327 2171; baseline -0.005 -11"><span class='ocrx_word' id='word_1_605' title='bbox 1276 2131 1398 2160; x_wconf 88' lang='lat' dir='ltr'><strong>servat</strong></span> <span class='ocrx_word' id='word_1_606' title='bbox 1417 2124 1604 2171; x_wconf 88' lang='lat' dir='ltr'><strong>simulque</strong></span> <span class='ocrx_word' id='word_1_607' title='bbox 1613 2131 1768 2159; x_wconf 89' lang='lat' dir='ltr'><strong>externa</strong></span> <span class='ocrx_word' id='word_1_608' title='bbox 1785 2122 1912 2158; x_wconf 90' lang='lat' dir='ltr'><strong>omnia</strong></span> <span class='ocrx_word' id='word_1_609' title='bbox 1925 2121 1974 2157; x_wconf 91' lang='lat' dir='ltr'><strong>ad</strong></span> <span class='ocrx_word' id='word_1_610' title='bbox 1988 2128 2127 2157; x_wconf 87' lang='lat' dir='ltr'><strong>rectam</strong></span> <span class='ocrx_word' id='word_1_611' title='bbox 2140 2121 2327 2156; x_wconf 86' lang='lat' dir='ltr'><strong>rationem</strong></span> 
     </span>
     <span class='ocr_line' id='line_1_87' title="bbox 1277 2180 2329 2232; baseline -0.004 -13"><span class='ocrx_word' id='word_1_612' title='bbox 1277 2184 1486 2232; x_wconf 88' lang='lat' dir='ltr'><strong>componit.</strong></span> <span class='ocrx_word' id='word_1_613' title='bbox 1520 2186 1645 2232; x_wconf 84' lang='lat' dir='ltr'><strong>Atque</strong></span> <span class='ocrx_word' id='word_1_614' title='bbox 1669 2183 1748 2218; x_wconf 86' lang='lat' dir='ltr'><strong>haec</strong></span> <span class='ocrx_word' id='word_1_615' title='bbox 1780 2182 1935 2230; x_wconf 91' lang='lat' dir='ltr'><strong>quidem</strong></span> <span class='ocrx_word' id='word_1_616' title='bbox 1957 2182 2067 2217; x_wconf 89' lang='lat' dir='ltr'><strong>etiam</strong></span> <span class='ocrx_word' id='word_1_617' title='bbox 2088 2180 2136 2217; x_wconf 90' lang='lat' dir='ltr'><strong>de</strong></span> <span class='ocrx_word' id='word_1_618' title='bbox 2155 2180 2329 2228; x_wconf 90' lang='lat' dir='ltr'><strong>corporis</strong></span> 
     </span>
     <span class='ocr_line' id='line_1_88' title="bbox 1276 2238 2329 2290; baseline -0.006 -11"><span class='ocrx_word' id='word_1_619' title='bbox 1276 2250 1594 2290; x_wconf 84' lang='lat' dir='ltr'><strong>externarumque</strong></span> <span class='ocrx_word' id='word_1_620' title='bbox 1632 2255 1760 2278; x_wconf 88' lang='lat' dir='ltr'><strong>rerum</strong></span> <span class='ocrx_word' id='word_1_621' title='bbox 1793 2254 1865 2277; x_wconf 88' lang='lat' dir='ltr'><strong>usu</strong></span> <span class='ocrx_word' id='word_1_622' title='bbox 1899 2239 2048 2289; x_wconf 82' lang='lat' dir='ltr'><strong>optimo</strong></span> <span class='ocrx_word' id='word_1_623' title='bbox 2075 2241 2115 2275; x_wconf 88' lang='lat' dir='ltr'><strong>in</strong></span> <span class='ocrx_word' id='word_1_624' title='bbox 2162 2238 2329 2275; x_wconf 88' lang='lat' dir='ltr'><strong>carmine</strong></span> 
     </span>
     <span class='ocr_line' id='line_1_89' title="bbox 1274 2297 2329 2351; baseline -0.004 -15"><span class='ocrx_word' id='word_1_625' title='bbox 1274 2301 1525 2351; x_wconf 79' lang='lat' dir='ltr'><strong>philosophiae</strong></span> <span class='ocrx_word' id='word_1_626' title='bbox 1545 2302 1814 2337; x_wconf 87' lang='lat' dir='ltr'><strong>convenienter</strong></span> <span class='ocrx_word' id='word_1_627' title='bbox 1837 2299 1971 2336; x_wconf 84' lang='lat' dir='ltr'><strong>tradita</strong></span> <span class='ocrx_word' id='word_1_628' title='bbox 1993 2306 2101 2344; x_wconf 89' lang='lat' dir='ltr'><strong>sunt,</strong></span> <span class='ocrx_word' id='word_1_629' title='bbox 2119 2305 2161 2334; x_wconf 88' lang='lat' dir='ltr'><strong>ut</strong></span> <span class='ocrx_word' id='word_1_630' title='bbox 2178 2297 2329 2334; x_wconf 82' lang='lat' dir='ltr'><strong>virtutis</strong></span> 
     </span>
     <span class='ocr_line' id='line_1_90' title="bbox 1274 2358 2327 2408; baseline -0.004 -12"><span class='ocrx_word' id='word_1_631' title='bbox 1274 2361 1520 2408; x_wconf 90' lang='lat' dir='ltr'><strong>pulchritudo</strong></span> <span class='ocrx_word' id='word_1_632' title='bbox 1549 2361 1589 2396; x_wconf 91' lang='lat' dir='ltr'><strong>in</strong></span> <span class='ocrx_word' id='word_1_633' title='bbox 1620 2361 1677 2396; x_wconf 83' lang='lat' dir='ltr'><strong>his</strong></span> <span class='ocrx_word' id='word_1_634' title='bbox 1707 2372 1861 2408; x_wconf 89' lang='lat' dir='ltr'><strong>quoque</strong></span> <span class='ocrx_word' id='word_1_635' title='bbox 1882 2365 2082 2408; x_wconf 86' lang='lat' dir='ltr'><strong>appareret</strong></span> <span class='ocrx_word' id='word_1_636' title='bbox 2114 2369 2123 2395; x_wconf 90' lang='lat'>:</span> <span class='ocrx_word' id='word_1_637' title='bbox 2155 2358 2327 2393; x_wconf 88' lang='lat' dir='ltr'><strong>omnium</strong></span> 
     </span>
     <span class='ocr_line' id='line_1_91' title="bbox 1276 2419 2326 2468; baseline -0.004 -12"><span class='ocrx_word' id='word_1_638' title='bbox 1276 2432 1365 2456; x_wconf 88' lang='lat' dir='ltr'><strong>vero</strong></span> <span class='ocrx_word' id='word_1_639' title='bbox 1395 2432 1577 2456; x_wconf 88' lang='lat' dir='ltr'><strong>summam</strong></span> <span class='ocrx_word' id='word_1_640' title='bbox 1603 2427 1821 2468; x_wconf 87' lang='lat' dir='ltr'><strong>sequentem</strong></span> <span class='ocrx_word' id='word_1_641' title='bbox 1845 2419 2144 2468; x_wconf 84' lang='lat' dir='ltr'><strong>praeceptionem</strong></span> <span class='ocrx_word' id='word_1_642' title='bbox 2174 2428 2326 2453; x_wconf 88' lang='lat' dir='ltr'><strong>carmen</strong></span> 
     </span>
     <span class='ocr_line' id='line_1_92' title="bbox 1275 2480 1461 2518; baseline 0.016 -3"><span class='ocrx_word' id='word_1_643' title='bbox 1275 2491 1352 2515; x_wconf 88' lang='lat' dir='ltr'><strong>esse</strong></span> <span class='ocrx_word' id='word_1_644' title='bbox 1367 2480 1461 2518; x_wconf 87' lang='lat' dir='ltr'><strong>vult.</strong></span> 
     </span>
    </p>
   </div>
   <div class='ocr_carea' id='block_1_20' title="bbox 1607 2027 1725 2033">
    <p class='ocr_par' dir='ltr' id='par_1_20' title="bbox 1607 2027 1725 2033">
     <span class='ocr_line' id='line_1_93' title="bbox 1607 2027 1725 2033; baseline 0 0"><span class='ocrx_word' id='word_1_645' title='bbox 1607 2027 1725 2033; x_wconf 95' lang='lat' dir='ltr'><strong> </strong></span> 
     </span>
    </p>
   </div>
   <div class='ocr_carea' id='block_1_21' title="bbox 1683 2557 1955 2619">
    <p class='ocr_par' dir='ltr' id='par_1_21' title="bbox 1683 2557 1955 2619">
     <span class='ocr_line' id='line_1_94' title="bbox 1683 2557 1955 2619; baseline -0.011 -24"><span class='ocrx_word' id='word_1_646' title='bbox 1683 2559 1826 2595; x_wconf 81' lang='lat' dir='ltr'><strong>xvm.</strong></span> <span class='ocrx_word' id='word_1_647' title='bbox 1861 2557 1923 2605; x_wconf 83' lang='lat'><strong>39.</strong></span> <span class='ocrx_word' id='word_1_648' title='bbox 1946 2611 1955 2619; x_wconf 26' lang='grc' dir='ltr'>ι</span> 
     </span>
    </p>
   </div>
   <div class='ocr_carea' id='block_1_22' title="bbox 1362 2651 2326 2728">
    <p class='ocr_par' dir='ltr' id='par_1_22' title="bbox 1362 2651 2326 2728">
     <span class='ocr_line' id='line_1_95' title="bbox 1362 2651 2326 2695; baseline -0.005 -8"><span class='ocrx_word' id='word_1_649' title='bbox 1362 2657 1424 2688; x_wconf 86' lang='lat' dir='ltr'><strong>Fac</strong></span> <span class='ocrx_word' id='word_1_650' title='bbox 1438 2663 1474 2687; x_wconf 85' lang='lat' dir='ltr'><strong>ea</strong></span> <span class='ocrx_word' id='word_1_651' title='bbox 1491 2663 1566 2695; x_wconf 79' lang='lat' dir='ltr'><strong>quae</strong></span> <span class='ocrx_word' id='word_1_652' title='bbox 1585 2653 1642 2685; x_wconf 86' lang='lat' dir='ltr'><strong>tibi</strong></span> <span class='ocrx_word' id='word_1_653' title='bbox 1668 2663 1731 2685; x_wconf 85' lang='lat' dir='ltr'><strong>non</strong></span> <span class='ocrx_word' id='word_1_654' title='bbox 1748 2654 1883 2685; x_wconf 75' lang='lat' dir='ltr'><strong>noceant</strong></span> <span class='ocrx_word' id='word_1_655' title='bbox 1897 2676 1906 2693; x_wconf 89' lang='lat'>‚</span> <span class='ocrx_word' id='word_1_656' title='bbox 1935 2653 1968 2685; x_wconf 87' lang='lat' dir='ltr'><strong>et</strong></span> <span class='ocrx_word' id='word_1_657' title='bbox 1985 2651 2124 2683; x_wconf 85' lang='lat' dir='ltr'><strong>delibera</strong></span> <span class='ocrx_word' id='word_1_658' title='bbox 2143 2652 2326 2692; x_wconf 79' lang='lat' dir='ltr'><strong>priusquam</strong></span> 
     </span>
     <span class='ocr_line' id='line_1_96' title="bbox 2214 2697 2324 2728; baseline 0 0"><span class='ocrx_word' id='word_1_659' title='bbox 2214 2697 2324 2728; x_wconf 72' lang='lat' dir='ltr'><strong>facias.</strong></span> 
     </span>
    </p>
   </div>
   <div class='ocr_carea' id='block_1_23' title="bbox 1279 2780 2324 2833">
    <p class='ocr_par' dir='ltr' id='par_1_23' title="bbox 1279 2780 2324 2833">
     <span class='ocr_line' id='line_1_97' title="bbox 1279 2780 2324 2833; baseline -0.006 -11"><span class='ocrx_word' id='word_1_660' title='bbox 1279 2785 1505 2833; x_wconf 85' lang='lat' dir='ltr'><strong>Hujusmodi</strong></span> <span class='ocrx_word' id='word_1_661' title='bbox 1521 2784 1625 2821; x_wconf 88' lang='lat' dir='ltr'><strong>dicto</strong></span> <span class='ocrx_word' id='word_1_662' title='bbox 1649 2796 1746 2832; x_wconf 80' lang='lat' dir='ltr'><strong>saepe</strong></span> <span class='ocrx_word' id='word_1_663' title='bbox 1766 2795 1853 2819; x_wconf 89' lang='lat' dir='ltr'><strong>usus</strong></span> <span class='ocrx_word' id='word_1_664' title='bbox 1868 2788 1947 2829; x_wconf 83' lang='lat' dir='ltr'><strong>est,</strong></span> <span class='ocrx_word' id='word_1_665' title='bbox 1968 2794 2046 2818; x_wconf 93' lang='lat' dir='ltr'><strong>uno</strong></span> <span class='ocrx_word' id='word_1_666' title='bbox 2064 2781 2151 2817; x_wconf 90' lang='lat' dir='ltr'><strong>loco</strong></span> <span class='ocrx_word' id='word_1_667' title='bbox 2173 2780 2324 2828; x_wconf 84' lang='lat' dir='ltr'><strong>dicens,</strong></span> 
     </span>
    </p>
   </div>
   <div class='ocr_carea' id='block_1_24' title="bbox 1357 2868 2280 2912">
    <p class='ocr_par' dir='ltr' id='par_1_24' title="bbox 1357 2868 2280 2912">
     <span class='ocr_line' id='line_1_98' title="bbox 1357 2868 2280 2912; baseline -0.01 -8"><span class='ocrx_word' id='word_1_668' title='bbox 1357 2873 1398 2904; x_wconf 78' lang='lat' dir='ltr'><strong>At</strong></span> <span class='ocrx_word' id='word_1_669' title='bbox 1423 2874 1456 2902; x_wconf 86' lang='lat' dir='ltr'><strong>tn</strong></span> <span class='ocrx_word' id='word_1_670' title='bbox 1473 2880 1510 2904; x_wconf 87' lang='lat' dir='ltr'><strong>ea</strong></span> <span class='ocrx_word' id='word_1_671' title='bbox 1524 2879 1654 2912; x_wconf 84' lang='lat' dir='ltr'><strong>perage,</strong></span> <span class='ocrx_word' id='word_1_672' title='bbox 1669 2879 1744 2912; x_wconf 78' lang='lat' dir='ltr'><strong>quoe</strong></span> <span class='ocrx_word' id='word_1_673' title='bbox 1758 2870 1818 2903; x_wconf 83' lang='lat' dir='ltr'><strong>tibi</strong></span> <span class='ocrx_word' id='word_1_674' title='bbox 1836 2873 1944 2911; x_wconf 79' lang='lat' dir='ltr'><strong>postea</strong></span> <span class='ocrx_word' id='word_1_675' title='bbox 1961 2877 2026 2901; x_wconf 93' lang='lat' dir='ltr'><strong>non</strong></span> <span class='ocrx_word' id='word_1_676' title='bbox 2040 2868 2104 2901; x_wconf 82' lang='lat' dir='ltr'><strong>sint</strong></span> <span class='ocrx_word' id='word_1_677' title='bbox 2121 2868 2255 2900; x_wconf 84' lang='lat' dir='ltr'><strong>molesta</strong></span> <span class='ocrx_word' id='word_1_678' title='bbox 2272 2875 2280 2895; x_wconf 87' lang='lat'><strong>:</strong></span> 
     </span>
    </p>
   </div>
   <div class='ocr_carea' id='block_1_25' title="bbox 1274 2959 1517 3004">
    <p class='ocr_par' dir='ltr' id='par_1_25' title="bbox 1274 2959 1517 3004">
     <span class='ocr_line' id='line_1_99' title="bbox 1274 2959 1517 3004; baseline -0.004 -9"><span class='ocrx_word' id='word_1_679' title='bbox 1274 2959 1349 2995; x_wconf 90' lang='lat' dir='ltr'><strong>alio</strong></span> <span class='ocrx_word' id='word_1_680' title='bbox 1370 2964 1494 2994; x_wconf 90' lang='lat' dir='ltr'><strong>autem</strong></span> <span class='ocrx_word' id='word_1_681' title='bbox 1507 2985 1517 3004; x_wconf 95' lang='lat'><strong>,</strong></span> 
     </span>
    </p>
   </div>
   <div class='ocr_carea' id='block_1_26' title="bbox 1269 3032 2324 3200">
    <p class='ocr_par' dir='ltr' id='par_1_26' title="bbox 1269 3032 2324 3200">
     <span class='ocr_line' id='line_1_100' title="bbox 1429 3032 2324 3075; baseline -0.01 -5"><span class='ocrx_word' id='word_1_682' title='bbox 1429 3062 1437 3070; x_wconf 94' lang='lat'><strong>.</strong></span> <span class='ocrx_word' id='word_1_683' title='bbox 1463 3062 1471 3071; x_wconf 88' lang='lat'><strong>.</strong></span> <span class='ocrx_word' id='word_1_684' title='bbox 1488 3037 1621 3070; x_wconf 86' lang='lat' dir='ltr'><strong>modum</strong></span> <span class='ocrx_word' id='word_1_685' title='bbox 1638 3037 1748 3069; x_wconf 80' lang='lat' dir='ltr'><strong>autem</strong></span> <span class='ocrx_word' id='word_1_686' title='bbox 1761 3035 1833 3068; x_wconf 84' lang='lat' dir='ltr'><strong>dico</strong></span> <span class='ocrx_word' id='word_1_687' title='bbox 1847 3035 1949 3075; x_wconf 83' lang='lat' dir='ltr'><strong>hunc,</strong></span> <span class='ocrx_word' id='word_1_688' title='bbox 1964 3032 2019 3075; x_wconf 85' lang='lat' dir='ltr'><strong>qni</strong></span> <span class='ocrx_word' id='word_1_689' title='bbox 2034 3033 2091 3065; x_wconf 87' lang='lat' dir='ltr'><strong>tibi</strong></span> <span class='ocrx_word' id='word_1_690' title='bbox 2107 3032 2249 3064; x_wconf 83' lang='lat' dir='ltr'><strong>dolorem</strong></span> <span class='ocrx_word' id='word_1_691' title='bbox 2261 3039 2324 3062; x_wconf 88' lang='lat' dir='ltr'><strong>non</strong></span> 
     </span>
     <span class='ocr_line' id='line_1_101' title="bbox 2186 3077 2323 3119; baseline 0.022 -13"><span class='ocrx_word' id='word_1_692' title='bbox 2186 3077 2300 3119; x_wconf 79' lang='lat' dir='ltr'><strong>[pariet</strong></span> <span class='ocrx_word' id='word_1_693' title='bbox 2314 3087 2323 3117; x_wconf 92' lang='lat'>;</span> 
     </span>
     <span class='ocr_line' id='line_1_102' title="bbox 1269 3155 1438 3200; baseline -0.018 -8"><span class='ocrx_word' id='word_1_694' title='bbox 1269 3162 1312 3192; x_wconf 85' lang='lat' dir='ltr'><strong>et</strong></span> <span class='ocrx_word' id='word_1_695' title='bbox 1328 3155 1438 3200; x_wconf 89' lang='lat' dir='ltr'><strong>alibi,</strong></span> 
     </span>
    </p>
   </div>
   <div class='ocr_carea' id='block_1_27' title="bbox 1356 3218 2288 3314">
    <p class='ocr_par' dir='ltr' id='par_1_27' title="bbox 1356 3218 2288 3314">
     <span class='ocr_line' id='line_1_103' title="bbox 1356 3218 2288 3262; baseline -0.014 -1"><span class='ocrx_word' id='word_1_696' title='bbox 1356 3231 1458 3262; x_wconf 87' lang='lat' dir='ltr'><strong>Nemo</strong></span> <span class='ocrx_word' id='word_1_697' title='bbox 1471 3229 1504 3260; x_wconf 83' lang='lat' dir='ltr'><strong>te</strong></span> <span class='ocrx_word' id='word_1_698' title='bbox 1520 3229 1576 3259; x_wconf 88' lang='lat' dir='ltr'><strong>ant</strong></span> <span class='ocrx_word' id='word_1_699' title='bbox 1593 3225 1698 3258; x_wconf 83' lang='lat' dir='ltr'><strong>verbis</strong></span> <span class='ocrx_word' id='word_1_700' title='bbox 1714 3226 1771 3257; x_wconf 85' lang='lat' dir='ltr'><strong>aut</strong></span> <span class='ocrx_word' id='word_1_701' title='bbox 1787 3224 1877 3257; x_wconf 73' lang='lat' dir='ltr'><strong>factis</strong></span> <span class='ocrx_word' id='word_1_702' title='bbox 1890 3222 2046 3261; x_wconf 83' lang='lat' dir='ltr'><strong>adducat,</strong></span> <span class='ocrx_word' id='word_1_703' title='bbox 2060 3222 2098 3252; x_wconf 85' lang='lat' dir='ltr'><strong>ut</strong></span> <span class='ocrx_word' id='word_1_704' title='bbox 2111 3218 2288 3260; x_wconf 86' lang='lat' dir='ltr'><strong>quidquam</strong></span> 
     </span>
     <span class='ocr_line' id='line_1_104' title="bbox 1357 3266 2263 3314; baseline -0.016 -5"><span class='ocrx_word' id='word_1_705' title='bbox 1357 3280 1411 3309; x_wconf 84' lang='lat' dir='ltr'><strong>aut</strong></span> <span class='ocrx_word' id='word_1_706' title='bbox 1432 3276 1529 3308; x_wconf 77' lang='lat' dir='ltr'><strong>facias</strong></span> <span class='ocrx_word' id='word_1_707' title='bbox 1545 3276 1602 3307; x_wconf 86' lang='lat' dir='ltr'><strong>aut</strong></span> <span class='ocrx_word' id='word_1_708' title='bbox 1615 3274 1720 3313; x_wconf 84' lang='lat' dir='ltr'><strong>dicas,</strong></span> <span class='ocrx_word' id='word_1_709' title='bbox 1738 3272 1825 3314; x_wconf 87' lang='lat' dir='ltr'><strong>quod</strong></span> <span class='ocrx_word' id='word_1_710' title='bbox 1837 3271 1894 3304; x_wconf 87' lang='lat' dir='ltr'><strong>tibi</strong></span> <span class='ocrx_word' id='word_1_711' title='bbox 1908 3279 1970 3303; x_wconf 91' lang='lat' dir='ltr'><strong>non</strong></span> <span class='ocrx_word' id='word_1_712' title='bbox 1985 3269 2026 3301; x_wconf 83' lang='lat' dir='ltr'><strong>sit</strong></span> <span class='ocrx_word' id='word_1_713' title='bbox 2042 3266 2263 3300; x_wconf 87' lang='lat' dir='ltr'><strong>commodum.</strong></span> 
     </span>
    </p>
   </div>
   <div class='ocr_carea' id='block_1_28' title="bbox 1273 3347 2324 3463">
    <p class='ocr_par' dir='ltr' id='par_1_28' title="bbox 1273 3347 2324 3463">
     <span class='ocr_line' id='line_1_105' title="bbox 1273 3347 2324 3404; baseline -0.015 -12"><span class='ocrx_word' id='word_1_714' title='bbox 1273 3356 1362 3392; x_wconf 83' lang='lat' dir='ltr'><strong>Haec</strong></span> <span class='ocrx_word' id='word_1_715' title='bbox 1375 3355 1491 3404; x_wconf 89' lang='lat' dir='ltr'><strong>igitur</strong></span> <span class='ocrx_word' id='word_1_716' title='bbox 1507 3354 1633 3390; x_wconf 89' lang='lat' dir='ltr'><strong>omnia</strong></span> <span class='ocrx_word' id='word_1_717' title='bbox 1652 3353 1691 3388; x_wconf 90' lang='lat' dir='ltr'><strong>in</strong></span> <span class='ocrx_word' id='word_1_718' title='bbox 1713 3363 1832 3388; x_wconf 88' lang='lat' dir='ltr'><strong>unum</strong></span> <span class='ocrx_word' id='word_1_719' title='bbox 1852 3349 1914 3385; x_wconf 89' lang='lat' dir='ltr'><strong>hic</strong></span> <span class='ocrx_word' id='word_1_720' title='bbox 1941 3347 2101 3384; x_wconf 88' lang='lat' dir='ltr'><strong>collecta</strong></span> <span class='ocrx_word' id='word_1_721' title='bbox 2122 3350 2208 3379; x_wconf 85' lang='lat' dir='ltr'><strong>ante</strong></span> <span class='ocrx_word' id='word_1_722' title='bbox 2233 3354 2324 3377; x_wconf 88' lang='lat' dir='ltr'><strong>ocu-</strong></span> 
     </span>
     <span class='ocr_line' id='line_1_106' title="bbox 1274 3401 2322 3463; baseline -0.014 -12"><span class='ocrx_word' id='word_1_723' title='bbox 1274 3415 1331 3451; x_wconf 91' lang='lat' dir='ltr'><strong>los</strong></span> <span class='ocrx_word' id='word_1_724' title='bbox 1360 3414 1471 3463; x_wconf 89' lang='lat' dir='ltr'><strong>ponit</strong></span> <span class='ocrx_word' id='word_1_725' title='bbox 1490 3425 1664 3456; x_wconf 86' lang='lat' dir='ltr'><strong>carmen,</strong></span> <span class='ocrx_word' id='word_1_726' title='bbox 1685 3418 1817 3447; x_wconf 80' lang='lat' dir='ltr'><strong>vetans</strong></span> <span class='ocrx_word' id='word_1_727' title='bbox 1850 3420 1920 3444; x_wconf 92' lang='lat' dir='ltr'><strong>nos</strong></span> <span class='ocrx_word' id='word_1_728' title='bbox 1957 3405 2157 3442; x_wconf 85' lang='lat' dir='ltr'><strong>admittere</strong></span> <span class='ocrx_word' id='word_1_729' title='bbox 2184 3401 2322 3448; x_wconf 88' lang='lat' dir='ltr'><strong>noxia,</strong></span> 
     </span>
    </p>
   </div>
   <div class='ocr_carea' id='block_1_29' title="bbox 1274 3459 2325 3583">
    <p class='ocr_par' dir='ltr' id='par_1_29' title="bbox 1274 3459 2325 3578">
     <span class='ocr_line' id='line_1_107' title="bbox 1274 3459 2324 3521; baseline -0.018 -10"><span class='ocrx_word' id='word_1_730' title='bbox 1274 3473 1510 3521; x_wconf 88' lang='lat' dir='ltr'><strong>suadensque</strong></span> <span class='ocrx_word' id='word_1_731' title='bbox 1538 3479 1582 3508; x_wconf 91' lang='lat' dir='ltr'><strong>ut</strong></span> <span class='ocrx_word' id='word_1_732' title='bbox 1601 3470 1758 3507; x_wconf 89' lang='lat' dir='ltr'><strong>utilibus</strong></span> <span class='ocrx_word' id='word_1_733' title='bbox 1785 3480 1878 3517; x_wconf 75' lang='lat' dir='ltr'><strong>open</strong></span> <span class='ocrx_word' id='word_1_734' title='bbox 1880 3478 1941 3503; x_wconf 90' lang='lat' dir='ltr'><strong>am</strong></span> <span class='ocrx_word' id='word_1_735' title='bbox 1960 3464 2113 3506; x_wconf 87' lang='lat' dir='ltr'><strong>demus,</strong></span> <span class='ocrx_word' id='word_1_736' title='bbox 2137 3472 2219 3508; x_wconf 87' lang='lat' dir='ltr'><strong>quae</strong></span> <span class='ocrx_word' id='word_1_737' title='bbox 2241 3459 2324 3507; x_wconf 90' lang='lat' dir='ltr'><strong>qui-</strong></span> 
     </span>
     <span class='ocr_line' id='line_1_108' title="bbox 1276 3519 2325 3583; baseline -0.014 -14"><span class='ocrx_word' id='word_1_738' title='bbox 1276 3532 1361 3569; x_wconf 88' lang='lat' dir='ltr'><strong>dem</strong></span> <span class='ocrx_word' id='word_1_739' title='bbox 1398 3533 1540 3583; x_wconf 82' lang='lat' dir='ltr'><strong>optime</strong></span> <span class='ocrx_word' id='word_1_740' title='bbox 1589 3530 1887 3578; x_wconf 85' lang='lat' dir='ltr'><strong>distinguantur,</strong></span> <span class='ocrx_word' id='word_1_741' title='bbox 1928 3519 2199 3560; x_wconf 86' lang='lat' dir='ltr'><strong>considerando</strong></span> <span class='ocrx_word' id='word_1_742' title='bbox 2239 3524 2325 3554; x_wconf 83' lang='lat' dir='ltr'><strong>ante</strong></span> 
     </span>
    </p>
   </div>
  </div>
 </body>
</html>
