2612 3814
429 293 1169 386 ΑΝΑΞΑΓΟΡΟΥ
1228 292 1445 378 ΤΟΥ
1508 285 2330 374 ΚΑΑΖΟΜΕΝΙΟΥ

991 458 1766 531 ΑΠΟΣΠΑΣΜΑΤΙΑ.

354 727 442 765 naec
459 726 506 764 de
530 725 616 776 ejus
638 724 790 777 placitis
809 722 982 760 breviter
1001 720 1104 757 dicta
1120 717 1315 756 sufficiant
1335 733 1342 752 .-

299 787 451 838 reliqua
466 798 487 823 e
505 783 758 834 fragminibus
778 781 1060 829 intelliguntur.

320 858 348 886 1.
371 845 486 895 Ὁμοῦ
505 843 618 882 πάντα
643 842 810 894 χρήματα
827 834 880 888 ην,
899 839 1026 910 ἄπειρα
1052 836 1110 875 καὶ
1131 837 1259 880 πλῆθος
1287 832 1347 871 καὶ

383 901 618 955 σμικρότητα·
646 900 706 938 καὶ
725 899 791 950 γὰρ
813 898 852 937 τὸ
871 897 1015 949 σμικρὸν
1035 895 1177 947 ἄπειρον
1197 897 1251 940 ἠν.
1279 892 1347 931 Και

383 962 522 1001 πάντων
549 962 634 1010 ὁμοῦ
663 958 787 997 ἐόντων
812 956 907 995 οὐδὲν
928 954 1070 1003 ἔνδηλον
1099 957 1141 1001 ἠν
1171 952 1238 991 ὑπὸ
1261 967 1347 1001 σμι-

382 1020 558 1073 κρότητος·
577 1017 692 1056 πάντα
719 1016 786 1068 γὰρ
807 1014 874 1067 ἀήρ
895 1030 932 1053 τε
963 1029 1023 1053 και
1053 1011 1156 1065 αἰθὴρ
1178 1016 1343 1063 κατεῖχε,

383 1078 561 1133 ἀμφότερα
582 1076 708 1129 ἄπειρα
729 1076 841 1114 ἐόντα·
860 1077 971 1112 ταῦτα
988 1071 1054 1126 γὰρ
1071 1071 1220 1123 μέγιστα
1234 1068 1348 1109 ἔνεστι

382 1138 416 1176 ἒν
435 1142 526 1176 τοῖσι
542 1135 702 1187 σύμπασι
717 1150 777 1173 και
796 1134 922 1180 πλήθεϊ
942 1134 1002 1172 καὶ
1023 1147 1065 1183 με
1067 1131 1180 1181 γάθεϊ.

438 1196 676 1250 (Simplicius
696 1194 912 1233 Comment.
939 1192 983 1230 in
1015 1191 1133 1230 Arist.
1164 1190 1284 1241 Phys.
1308 1203 1347 1240 p.

329 1267 333 1272 '
387 1255 435 1294 33
455 1254 497 1294 b.
515 1255 582 1306 qui
601 1254 673 1292 hoc
692 1253 787 1292 libri
804 1251 892 1304 Περι
911 1251 1043 1304 φύσεως
1054 1250 1211 1288 initium
1234 1248 1352 1286 fuisse

386 1322 544 1353 testatur
566 1328 574 1350 :
600 1312 828 1364 Ἀναξαγόρας
847 1311 957 1362 λέγων
985 1309 1046 1348 ἀπ’
1080 1310 1205 1362 ἀρχῆς·
1236 1307 1350 1357 Ὁμοῦ

387 1372 502 1411 πάντα
532 1373 610 1412 κτλ.
644 1371 749 1410 Idem
781 1371 828 1409 de
856 1370 954 1409 Coel.
984 1369 1050 1407 fol.
1076 1369 1178 1406 150:
1200 1366 1295 1418 λέγει
1315 1365 1351 1404 δὲ

387 1431 625 1492 Αναξαγόρας
649 1431 839 1483 ἀρχόμενος
859 1432 918 1467 τοῦ
940 1427 1234 1481 συγγράμματος·
1265 1428 1351 1476 ὁμοῦ

387 1489 556 1542 χρήματα
587 1493 645 1536 ἠν,
680 1489 805 1541 ἄπειρα
841 1487 956 1526 πάντα
975 1488 1034 1525 καὶ
1054 1489 1116 1525 πλ
1147 1487 1221 1525 κτλ.
1246 1485 1355 1523 Plato

387 1549 517 1588 l‘hoed.
544 1562 616 1597 17:
633 1547 722 1599 ταχυ
750 1547 791 1586 ἂν
821 1547 859 1585 τὸ
886 1550 946 1586 τοῦ
967 1545 1196 1599 Ἀναξαγόρου
1217 1544 1356 1597 γεγονὸς

388 1606 464 1657 εἴη,
486 1609 572 1658 ὁμοῦ
589 1606 704 1645 πάντα
730 1605 918 1660 χρήματα,
938 1605 1008 1644 ubi
1037 1606 1117 1645 vid.
1150 1605 1353 1644 Heindorf.

388 1675 425 1704 et
446 1665 712 1717 Wyttenbach.
738 1665 850 1703 Adde
868 1664 1092 1703 Valckenar.
1121 1664 1292 1703 Diatrib.
1316 1665 1356 1702 in

390 1725 525 1777 Eurip.
566 1725 702 1774 fragm.
746 1738 787 1776 p.
829 1729 890 1768 40.
921 1724 981 1763 Cf.
1015 1724 1114 1762 Plat.
1158 1723 1278 1774 Gorg.
1314 1738 1353 1775 p.

392 1784 466 1828 465
490 1784 522 1821 D
543 1799 554 1831 ;
574 1784 733 1824 Aristot.
762 1783 873 1835 phys.
897 1783 929 1833 1,
952 1783 989 1830 53
1009 1783 1067 1822 ld.
1090 1784 1259 1834 Metaph.
1284 1783 1356 1831 111,

393 1850 429 1889 4.
453 1843 575 1881 Aliter
602 1843 796 1892 Diogenes
822 1843 998 1881 Laertius
1018 1843 1089 1881 lib.
1111 1842 1164 1887 11,
1187 1845 1206 1881 3
1229 1844 1360 1895 operis

392 1901 629 1952 principium
649 1901 754 1949 citat,
768 1901 879 1953 cujus
899 1902 1020 1940 verba
1033 1911 1147 1940 sunt:
1169 1901 1360 1954 ἀρξάμενος

397 1961 427 2011 (ὁ
449 1959 699 2014 Ἀναξαγόρας)
719 1960 810 2000 οὕτω
829 1976 888 1999 του
917 1961 1212 2035 συγγράμματος,
1231 1959 1251 1998 ὅ
1268 1963 1360 2000 ἐστιν

394 2017 503 2066 ἡδέως
537 2018 596 2058 καὶ
597 2018 892 2093 μεγαλοφρόνως
924 2019 1211 2071 ἑρμηνευόμενον·
1246 2020 1362 2059 πάντα

394 2077 562 2130 χρηματα
595 2094 637 2125 ην
665 2080 772 2130 ὁμοῦ,
797 2072 871 2117 εἶτα
890 2082 969 2123 νοός
996 2079 1102 2118 ἐλθων
1130 2079 1219 2117 αὐτὰ
1246 2080 1363 2119 διεκό-

396 2151 524 2185 σμησε.
568 2136 678 2175 Hunc
709 2138 830 2176 multa
860 2138 1037 2177 omisisse
1076 2139 1364 2190 clausulamque

397 2189 472 2233 εἶτα
502 2194 577 2239 νόος
609 2197 687 2236 κτλ.
715 2206 763 2235 ex
795 2197 871 2235 alio
901 2197 988 2235 loco
1021 2198 1097 2237 huc
1123 2200 1365 2238 transtulisse

397 2267 511 2293 nemo
529 2268 608 2294 non
626 2256 745 2294 videt.
776 2255 890 2302 Quod
922 2266 1047 2296 autem
1079 2258 1333 2310 Simplicius
1324 2273 1365 2297 1n

399 2314 516 2354 Arist.
533 2314 652 2365 Phys.
677 2328 762 2366 pag.
782 2317 908 2356 106³.
928 2315 1059 2365 affert,
1078 2317 1243 2355 dicens:
1260 2317 1366 2361 οὕτως

400 2370 529 2423 ἤρξατο
550 2375 608 2410 τοῦ
629 2373 918 2424 συγγράμματος·
940 2391 956 2408 «
970 2378 1013 2421 ἠν
1034 2377 1120 2424 ὁμοῦ
1141 2376 1257 2415 πάντα
1276 2376 1365 2429 χρή-

402 2444 514 2479 ματα,
531 2429 621 2470 ωστε
649 2433 759 2469 ὁτιοῦν
790 2435 859 2471 οῖον
889 2431 947 2470 τὸν
952 2433 1079 2508 ἄρτον
1109 2434 1206 2473 τόνδε
1226 2435 1287 2474 καὶ
1305 2452 1367 2483 της

403 2488 529 2539 σαρκὸς
559 2490 663 2536 τῆσδε
694 2489 753 2528 καὶ
784 2492 882 2530 τοῦδε
914 2508 973 2530 του
1003 2495 1108 2532 ὀστοῦ
1131 2494 1246 2546 μῖγμα
1279 2489 1368 2533 εἶναι

405 2546 483 2594 ὁμοί
475 2562 529 2589 ,ως
549 2549 596 2598 τῷ
622 2548 741 2595 παντί,
761 2566 777 2583 υ
797 2550 838 2588 id
863 2561 1024 2603 excepto
1046 2552 1287 2603 Anaxagorae
1312 2555 1369 2592 ef-

407 2599 483 2636 fato
505 2593 545 2646 ἠν
574 2603 661 2651 ὁμου
693 2602 807 2642 πάντα
833 2605 1000 2658 χρηματα
1021 2606 1119 2644 nihil
1145 2607 1223 2645 nisi
1244 2608 1370 2659 ipsius

408 2657 631 2709 interpretis
651 2660 946 2711 explicationem
967 2676 1049 2702 esse
1066 2673 1241 2716 apparet.
1290 2666 1371 2704 Po-

409 2724 465 2753 sti
467 2728 551 2754 ema
576 2732 683 2756 ταυτα
705 2719 781 2770 γὰρ
790 2719 937 2771 μέγιστα
957 2723 1036 2763 κτλ.
1068 2723 1115 2762 ad
1134 2737 1220 2763 eum
1239 2725 1306 2776 qui
1336 2733 1373 2763 et

413 2774 504 2812 olim
527 2774 598 2813 fuit
627 2786 664 2814 et
690 2791 791 2816 nunc
818 2788 875 2817 est
904 2793 1130 2834 semperque
1149 2784 1224 2822 erit
1243 2797 1371 2822 rerum

1492 719 1632 751 statum
1647 709 1863 749 referenda.
1878 709 2041 761 Semper
2055 709 2159 747 enim
2175 708 2276 747 aeris
2296 715 2335 747 et
2348 706 2469 747 athe-

1498 771 1552 809 ris
1572 770 1721 809 semina
1740 769 1980 820 praevalent.)

1429 845 1460 870 α.
1494 829 1566 870 Καὶ
1593 828 1660 882 γὰρ
1691 832 1710 868 ὁ
1742 828 1811 882 ἀήρ
1841 843 1879 867 τε
1905 827 1966 867 καὶ
1986 830 2004 867 ὁ
2024 826 2126 880 αἰθὴρ
2155 827 2383 882 ἀποκρίνεται
2402 826 2474 865 ἀπὸ

1492 892 1551 928 τοῦ
1583 888 1628 927 τὰ
1655 889 1770 927 πολλὰ
1799 886 2040 940 περιέχοντος·
2072 887 2132 926 καὶ
2166 886 2207 926 τό
2234 902 2273 938 γι
2308 886 2474 940 περιέχον

1494 948 1636 1001 ἄπειρόν
1656 950 1731 988 ἐστι
1752 947 1791 987 τὸ
1811 949 1955 995 πλῆθος.

1549 1008 1791 1063 (bimplicius
1811 1007 2030 1046 Comment.
2062 1006 2104 1044 in
2126 1005 2244 1045 Arist.
2261 1005 2382 1057 Phys.
2404 1005 2472 1045 sol.

1496 1069 1544 1107 33
1567 1067 1608 1108 b.
1630 1067 1779 1119 Scripsi
1799 1081 1887 1106 cum
1908 1066 2102 1104 Schornio
2119 1065 2190 1104 ἀπὸ
2205 1068 2266 1103 τοῦ
2296 1064 2342 1103 τὰ
2358 1065 2475 1104 πολλὰ

1495 1126 1716 1180 περιέχοντος
1729 1139 1738 1166 :
1750 1126 1869 1176 vulgo
1877 1125 1946 1165 ἀπὸ
1955 1130 2015 1164 τοῦ
2026 1123 2248 1177 περιέχοντος
2257 1126 2320 1162 τοῦ
2330 1125 2476 1163 πολλοῦ.

1496 1187 1590 1226 Esse
1607 1186 1709 1224 inter
1726 1186 1807 1224 haec
1824 1194 1862 1224 et
1881 1185 2142 1238 praecedentia
2155 1184 2339 1234 exiguum
2356 1183 2479 1223 inter-

1495 1246 1641 1285 vallum
1661 1246 1836 1297 sequitur
1855 1259 1876 1284 e
1896 1244 2091 1297 Simplicii
2119 1242 2256 1283 verbis
2286 1257 2296 1282 τ
2319 1241 2381 1283 καὶ
2400 1242 2478 1295 μετ’

1498 1304 1627 1357 ὀλίγον.
1639 1304 1830 1343 Caeterum
1851 1307 1980 1353 vomo<
2000 1304 2074 1343 hoc
2091 1303 2180 1342 loco
2200 1315 2280 1342 non
2299 1311 2358 1342 est
2378 1302 2480 1341 mul-

1499 1366 1650 1413 titudo,
1673 1366 1739 1404 sed
1762 1368 2002 1415 magnitudo,
2028 1373 2071 1404 ut
2102 1363 2206 1417 apud
2238 1363 2480 1404 Herodotum

1500 1424 1571 1465 lib.
1593 1425 1632 1472 Ι,
1656 1426 1732 1463 203
1753 1434 1791 1464 et
1811 1424 1915 1477 204.)

1438 1499 1469 1525 3.
1500 1483 1662 1524 Τουτέων
1691 1484 1727 1523 δὲ
1761 1483 1869 1530 οὕτως
1902 1483 2055 1538 ἐχόντων
2090 1483 2161 1537 χρὴ
2195 1481 2327 1523 δοκέειν
2355 1484 2485 1523 ἐνεῖναι

1500 1542 1615 1582 πολλά
1635 1558 1673 1582 τε
1697 1543 1757 1582 καὶ
1777 1544 1926 1583 παντοῖα
1953 1545 1988 1582 ἐν
2019 1548 2109 1582 πᾶσι
2130 1549 2223 1582 τοῖσι
2250 1542 2486 1596 συγκρινομέ-

1501 1616 1590 1640 νοισι
1609 1602 1670 1641 καὶ
1690 1602 1879 1656 σπέρματα
1909 1602 2051 1641 πάντων
2079 1601 2278 1655 χρημάτων
2298 1601 2359 1641 καὶ
2391 1601 2487 1646 ἰδέας

1502 1661 1670 1706 παντοίας
1691 1661 1818 1715 ἔχοντα
1834 1662 1895 1701 καὶ
1915 1661 2037 1717 χροιὰς
2056 1661 2118 1702 καὶ
2137 1661 2274 1709 ἡδονάς.

1558 1719 1802 1773 (Simplicius
1822 1722 2044 1761 Comment.
2066 1722 2108 1760 in
2129 1721 2250 1761 Arist.
2271 1720 2391 1772 Phys.
2415 1720 2488 1760 fot-

1505 1779 1553 1817 33
1575 1779 1641 1817 b.
1669 1779 1730 1820 καὶ
1758 1783 1836 1832 μετ’
1867 1780 1988 1834 ὀλίγα·
2008 1779 2158 1819 τουτέων
2187 1779 2224 1818 δὲ
2251 1781 2332 1821 κτλ.
2366 1779 2487 1820 Posui

1509 1839 1634 1877 ἐνεῖναι
1645 1840 1751 1891 quod
1760 1841 1878 1893 paulo
1889 1841 2056 1880 inferius
2070 1840 2231 1879 exhibet
2243 1839 2487 1892 Simplicius,

1504 1898 1596 1937 licet
1614 1898 1679 1938 hic
1697 1894 1787 1940 εἶναι
1809 1901 2041 1940 exaraverit.
2063 1901 2171 1939 Idem
2194 1901 2321 1939 ἐνεῖναι
2340 1899 2491 1952 praebet

1507 1957 1555 1996 de
1570 1957 1680 1997 Coelo
1696 1961 1766 1999 fol.
1791 1961 1895 2012 150.)

1442 2032 1474 2057 4.
1508 2018 1599 2071 Πρὶν
1620 2018 1656 2057 δὲ
1686 2021 1920 2073 ἀποκριθῆναι
1940 2022 2071 2068 ταῦτα,
2089 2019 2233 2059 πάντων
2253 2021 2343 2070 ὁμοῦ
2362 2018 2491 2059 ἐόντων

1507 2076 1586 2116 οὐδὲ
1614 2079 1716 2130 χροιὴ
1751 2079 1892 2126 ἔνδηλος
1919 2073 1962 2127 ἧν
1982 2078 2148 2129 οὗδεμίη·
2174 2078 2360 2118 ἀπεκώλυε
2379 2079 2448 2133 γὰρ
2467 2082 2490 2127 ἡ

1509 2135 1674 2187 σύμμιξις
1697 2137 1866 2177 ἁπάντων
1899 2138 2095 2191 χρημάτων
2126 2142 2187 2178 τοῦ
2214 2154 2252 2177 τε
2283 2140 2401 2192 διεροῦ
2431 2140 2493 2179 καὶ

1508 2199 1568 2233 τοῦ
1592 2195 1694 2247 ξηροῦ
1714 2197 1775 2237 καὶ
1794 2200 1856 2237 τοῦ
1876 2201 2004 2251 θερμοῦ
2034 2197 2095 2236 καὶ
2114 2201 2175 2236 τοῦ
2187 2198 2332 2251 ψυχροῦ
2350 2198 2412 2238 καὶ
2429 2203 2494 2238 τοῦ

1508 2255 1676 2328 λαμπρου
1695 2257 1755 2295 καὶ
1774 2261 1835 2296 τοῦ
1855 2258 2000 2310 ζοφεροῦ
2019 2256 2080 2295 καὶ
2095 2259 2160 2307 γῆς
2183 2257 2318 2305 πολλῆς
2334 2258 2494 2305 ἐνεούσης

1511 2315 1571 2351 καὶ
1600 2315 1815 2368 σπερμάτων
1847 2316 2001 2369 ἀπείρων
2040 2317 2171 2362 πληθος
2197 2315 2295 2356 οὗδὲν
2330 2317 2494 2357 ἐοικότων

1513 2368 1715 2415 ἀλλήλοισι·
1746 2370 1825 2409 οὐδὲ
1854 2370 1922 2422 γὰρ
1953 2371 2023 2408 τῶν
2059 2369 2176 2409 ἄλλων
2198 2369 2297 2409 οὐδὲν
2325 2369 2416 2410 ἔοικε
2443 2372 2496 2424 τῷ

1513 2425 1620 2480 ἑτέρῳ
1651 2428 1691 2467 τὸ
1723 2428 1856 2482 ἕτερον.
1888 2428 2052 2469 Ἰουτέων
2088 2427 2124 2467 δὲ
2153 2427 2263 2474 οὕτως
2287 2429 2476 2483 ἐχόντων’
2461 2446 2496 2469 εν

1520 2489 1569 2524 τῶ
1586 2486 1766 2536 σύμπαντι
1780 2487 1849 2541 χρὴ
1868 2488 1999 2527 δοκέειν
2012 2486 2046 2526 ἓν
2065 2481 2153 2526 εἶναι
2174 2487 2291 2527 πάντα
2306 2488 2495 2542 χρήματα.

1571 2547 1814 2599 (Simplicius
1834 2548 2054 2587 Comment.
2075 2548 2117 2586 in
2138 2548 2258 2587 Arist.
2282 2548 2401 2600 Phys·
2425 2549 2494 2590 fol.

1516 2610 1564 2647 33
1586 2607 1611 2646 b
1636 2621 1645 2645 t
1665 2622 1745 2659 πριν
1783 2607 1819 2647 δὲ
1842 2609 2100 2661 ἀποκριθῆναι,
2122 2607 2227 2661 φησί,
2249 2606 2392 2647 πάντων
2409 2610 2498 2656 ὁμοῦ

1518 2669 1598 2707 κτλ.
1618 2667 1771 2706 Inserui
1793 2676 1920 2706 autem
1937 2670 2050 2706 ταῦτα
2069 2681 2091 2706 e
2110 2669 2176 2706 fol.
2203 2669 2226 2707 8
2242 2671 2292 2720 a.)

1455 2742 1487 2768 5.
1517 2727 1583 2766 Ἐν
1604 2726 1712 2764 παντὶ
1732 2725 1861 2770 παντὸς
1892 2729 1999 2778 μοῖρα
2027 2726 2139 2766 ἔνεστι
2164 2725 2258 2774 πλὴν
2289 2725 2390 2766 νόου·
2421 2726 2498 2765 ἔστι

1518 2779 1586 2825 οἶσι
1606 2785 1642 2823 δὲ
1661 2785 1721 2824 καὶ
1736 2784 1814 2829 νόος
1833 2783 1898 2823 ἔνι.

340 2868 2503 2888 *Ἣ

379 2923 407 2950 1.
432 2920 492 2951 Res
507 2929 618 2953 omnes
630 2921 772 2955 conrusae
786 2926 932 2958 nnumin
944 2936 1059 2968 corpus
1074 2933 1182 2971 erant,
1198 2931 1377 2965 innumerae

335 2980 367 3009 et
385 2977 557 3010 admodum
569 2987 694 3022 parvae,
709 2990 809 3022 quum
824 2984 965 3023 parvitas
976 2985 1043 3026 ipsa
1055 2987 1379 3029 incomprehensibilis

336 3038 431 3068 esset.
457 3038 498 3069 Et
526 3037 557 3069 in
584 3039 644 3070 bae
666 3031 795 3080 quidem
817 3043 960 3075 omnium
987 3045 1120 3078 mistura
1145 3048 1222 3080 nibil
1250 3052 1379 3091 propter

339 3103 442 3127 rerum
461 3096 666 3136 exiguitatem
686 3099 832 3132 exstabat
846 3101 942 3142 atque
957 3105 1150 3144 apparebat:
1168 3111 1282 3139 cuncta
1295 3109 1379 3141 enim

340 3160 394 3184 aer
408 3154 439 3185 et
454 3154 567 3195 aetber,
588 3155 682 3188 ambo
701 3156 832 3198 infiniti,
846 3161 1101 3201 pervagabantur
1113 3173 1121 3195 ε
1134 3164 1249 3206 quippe
1264 3166 1295 3197 bi
1313 3167 1381 3199 uni·

340 3210 441 3243 versis
456 3211 594 3245 immixti
614 3215 750 3255 partium
770 3217 976 3251 multitudine
992 3223 1024 3252 et
1037 3223 1254 3262 magnitudine
1267 3227 1382 3258 caetera

340 3272 502 3310 superant.

382 3332 413 3362 2.
437 3331 562 3364 Etenim
576 3341 630 3365 aer
647 3337 743 3375 atque
757 3336 858 3369 aether
871 3339 1044 3371 secernitur
1056 3348 1074 3371 a
1084 3341 1164 3373 coelo
1174 3342 1259 3383 quod
1274 3352 1381 3377 rerum

342 3389 580 3423 multitudinem
597 3392 698 3425 ambit
715 3405 723 3425 t
744 3395 859 3428 coelum
879 3405 957 3429 vero
973 3397 1137 3433 immensae
1160 3403 1385 3444 magnitudinis

340 3448 398 3480 est.

386 3509 416 3538 3.
438 3508 517 3544 Quae
537 3518 636 3549 quum
657 3511 699 3543 ita
718 3512 800 3551 sint,
818 3512 1067 3549 existimandum
1083 3521 1150 3558 est,
1167 3519 1270 3554 inesse
1284 3521 1385 3555 multa

1365 3589 1442 3623 248

1438 2932 1473 2964 et
1498 2930 1586 2963 varia
1614 2931 1646 2962 in
1676 2930 1765 2962 omni
1791 2930 1853 2962 ista
1875 2930 2021 2970 congerie
2038 2931 2070 2963 et
2086 2930 2210 2963 semina
2226 2930 2374 2978 omnium
2391 2939 2500 2964 rerum

1438 2991 1472 3023 et
1494 2990 1613 3022 formas
1628 2989 1733 3021 varias
1747 2992 1779 3021 et
1792 2989 1914 3021 colores
1933 2992 1965 3021 et
1981 2989 2168 3034 affectiones
2187 2989 2351 3023 babentia.

1482 3052 1515 3082 [ι.
1541 3049 1723 3090 Antequam
1737 3057 1814 3081 vero
1827 3048 1898 3081 liaee
1917 3052 2170 3090 secernerentur,
2188 3051 2219 3081 in
2232 3049 2294 3081 isto
2311 3051 2502 3083 cunctarum

1441 3117 1548 3140 rerum
1558 3115 1673 3139 acervo
1681 3115 1720 3140 ne
1729 3106 1817 3139 color
1827 3106 1956 3147 quidem
1970 3107 2054 3139 ullus
2063 3107 2319 3148 conspiciebatur
2331 3108 2501 3142 :obstabat
2518 3127 2521 3129 -

1444 3166 1530 3198 enim
1555 3166 1699 3198 omnium
1725 3165 1893 3204 confusio,
1915 3165 2056 3198 humoris
2075 3168 2107 3199 et
2126 3166 2300 3208 siccitatis,
2324 3168 2439 3200 caloris
2468 3172 2503 3200 et

1444 3227 1584 3268 frigoris,
1601 3227 1681 3259 lucis
1698 3229 1730 3259 et
1743 3226 1886 3267 caliginis
1899 3227 2140 3268 multarumque
2155 3228 2250 3260 terrm
2269 3228 2501 3269 particularum

1444 3286 1650 3319 acseminum
1665 3286 1907 3318 innumerorum
1929 3285 2012 3318 inter
2028 3295 2062 3318 se
2077 3286 2280 3319 dissimilium
2296 3300 2303 3320 :
2325 3287 2444 3329 quippe
2460 3296 2501 3320 ne

1444 3347 1633 3379 caeterarum
1641 3346 1771 3388 quidem
1780 3355 1886 3379 rerum
1898 3346 2020 3378 ullaalii
2030 3346 2300 3379 nuncsimilisest.
2310 3350 2390 3386 Quae
2397 3355 2501 3388 quum

1445 3404 1488 3437 ita
1499 3405 1576 3446 sint,
1591 3405 1769 3447 putandum
1786 3406 1835 3438 est
1847 3404 1878 3437 in
1895 3405 1954 3437 hac
1967 3405 2175 3438 universitate
2187 3415 2288 3438 unum
2304 3406 2501 3439 esseomnin.

1488 3468 1519 3496 5.
1542 3466 1577 3497 ln
1600 3464 1716 3505 quavis
1738 3473 1774 3497 re
1794 3464 1899 3496 omnis
1924 3464 2067 3497 materiae
2093 3465 2248 3506 particula
2277 3467 2360 3499 inest
2383 3467 2502 3507 praeter

1447 3525 1587 3558 mentem
1602 3535 1610 3557 :
1631 3524 1793 3557 nonnullis
1811 3534 1887 3558 vcro
1903 3524 1999 3558 etiam
2014 3534 2104 3558 mens
2119 3525 2215 3559 inest.
