2612 3814
361 253 411 286 96
1207 239 1426 281 TlMoms
1456 238 1685 279 PflLIAsu

580 355 590 366 .
754 324 954 369 σκωπαίους
974 324 1181 379 Συὸαριτῶν

878 432 891 449 0

748 497 854 542 καλός
874 512 910 535 τε
930 496 1039 549 μέγα-ς
1056 512 1107 535 τε.

353 687 404 716 13⁶
432 674 662 719 Σπεύσιππος
679 674 708 714 δ’
731 675 859 726 ἀγαθὸς
875 674 1016 726 σκῶψαι
1022 701 1116 713 ......

436 849 517 903 [καὶ
538 848 636 889 Χίων
658 846 787 898 κόσμος
806 846 1024 891 κολακεύσας
1040 846 1113 885 αἰὲν
1128 845 1297 897 Ἀρίστων

437 910 608 962 Περσαῖον
626 907 794 960 κρατερόν
814 922 851 945 τε
875 907 936 945 καὶ
957 905 1168 958 Ἀντιγόνοιο
1187 906 1366 958 {vulpem}

640 1015 655 1032 Ι
875 1015 890 1031 t
1107 1013 1122 1030 t

435 1085 631 1141 [ἐχθαίρων
651 1101 690 1125 τε
708 1084 862 1136 μάλιστα
883 1084 1051 1138 σοφιστὰς
1067 1085 1336 1136 αἷπυδολωτοίς]

640 1186 657 1203 ί
875 1186 889 1201 fi
1106 1186 1123 1201 t

434 1259 497 1298 οὐκ
513 1258 673 1298 ἐθέλοντα
680 1286 783 1298 .......
803 1256 969 1309 ἠθολόγον
991 1257 1294 1306 μεῖναι.

638 1364 655 1381 n

355 1449 407 1477 uo
436 1465 495 1477 ....
516 1440 699 1490 παντοφυῆ
720 1437 868 1490 φλέδονα
874 1464 969 1477 ......

635 1542 652 1562 ι,
870 1543 884 1558 a
1103 1540 1119 1558 ιι

656 1630 719 1662 ἘΚ
741 1631 828 1663 ΤΩΝ
851 1629 1104 1662 ἸΝΔΑΛΜΩΝ-

432 1711 539 1751 Ἀλλὰ
559 1711 597 1750 τὸ
618 1712 825 1765 φαινόμενον
845 1712 962 1760 πάντη
984 1711 1095 1751 σθένει
1115 1706 1215 1763 οἷπερ
1237 1710 1277 1749 ἂν
1299 1713 1398 1764 ἔλθῃ.

620 1819 639 1839 ι
909 1818 925 1832 ¹
1195 1819 1214 1839 4

402 1949 467 1991 Vs.
494 1951 581 1988 133.
605 1948 804 1993 σκωπαίους
836 1947 1062 2003 Συὸαριτῶν]
1084 1949 1197 1988 effeci
1228 1962 1250 1988 e
1275 1949 1408 1988 verbis

349 2007 525 2059 Athenaei
551 2007 622 2048 lib.
645 2007 734 2056 XII,
762 2009 808 2047 16
830 2022 919 2060 pag.
943 2008 1021 2047 518
1043 2023 1051 2047 z
1078 2008 1350 2062 Ἐπιχωριάζειν
1371 2008 1407 2047 δὲ

350 2069 434 2122 παρ’
454 2070 570 2111 αὐτοῖς
602 2067 658 2106 διὰ
687 2067 751 2114 τὴν
781 2067 914 2121 τρυφὴν
941 2068 1172 2120 ἀνθρωπάρια
1204 2068 1315 2123 μικρὰ
1347 2068 1408 2108 καὶ

348 2125 426 2170 τοὺς
451 2125 650 2170 σκωπαίους
663 2155 674 2173 ,
696 2126 742 2171 ὥς
760 2141 866 2181 φησιν
881 2129 899 2165 ὁ
916 2126 1058 2179 Τίμων,
1077 2127 1156 2171 τοὺς
1171 2127 1407 2179 καλουμένους

349 2185 446 2238 παρά
461 2201 531 2224 τισι
548 2185 763 2229 στίλπωνας.
783 2186 975 2237 Loquitur
991 2195 1117 2225 autem
1133 2187 1181 2225 de
1195 2187 1406 2238 Sybaritis.

348 2242 528 2283 Timonis
554 2244 641 2282 loco
661 2243 694 2281 Τ
697 2244 802 2283 imaei
828 2257 971 2283 nomen
990 2245 1199 2296 requisivit
1219 2245 1408 2298 Roeperus

350 2317 410 2356 ap.
430 2303 592 2342 Meinek.
618 2303 672 2352 ll,
696 2317 761 2342 αα.

399 2363 465 2404 Vs.
493 2365 582 2409 134.
605 2363 711 2408 καλός
729 2378 766 2401 τε
787 2362 897 2416 μέγας
925 2361 977 2418 τε]
1013 2363 1220 2404 Athenaeus
1249 2364 1323 2405 lib.
1356 2365 1407 2404 lv

350 2435 435 2474 cap.
446 2423 491 2461 51
508 2436 597 2475 pag.
613 2424 686 2461 160
697 2436 707 2462 z
719 2421 772 2462 Σὺ
790 2422 827 2462 δέ
844 2438 905 2474 μοι
919 2422 1048 2471 δοκεῖς,
1059 2416 1088 2463 ὦ
1107 2423 1298 2473 Κύνουλκε,
1315 2424 1408 2464 κατὰ

349 2479 408 2521 τὸν
444 2483 503 2523 σ’ὸν
537 2481 687 2532 Τίμωνα
719 2477 809 2522 εἶναί
831 2499 889 2534 μοι
912 2501 928 2519 κ
959 2482 1066 2528 καλός
1098 2499 1133 2522 τε
1164 2483 1274 2535 μέγας
1307 2500 1359 2526 τε.
1392 2503 1407 2519 υ

353 2543 473 2581 Haece
491 2542 600 2581 Sillis
619 2543 740 2593 petita
753 2542 949 2583 videntur.
969 2543 1029 2583 Cf.
1051 2543 1162 2582 Iliad.
1183 2543 1287 2591 XXI,
1306 2546 1377 2583 108
1397 2560 1404 2582 :

351 2594 418 2653 οὐχ
445 2600 572 2652 ὃράας,
602 2595 670 2645 οἶος
699 2600 799 2654 κάγὼ
818 2603 923 2647 καλός
950 2619 989 2642 τε
1021 2602 1130 2655 μέγας
1159 2619 1209 2643 τε.
1230 2603 1408 2643 Fortasse

352 2669 473 2699 totum
488 2673 643 2699 versum
653 2662 817 2700 carmini
828 2676 899 2701 suo
910 2662 1076 2702 inseruit
1088 2663 1249 2711 Timon,
1271 2677 1408 2716 quem-

353 2719 561 2758 admodum
589 2719 691 2758 idem
719 2721 864 2760 dictum
887 2735 910 2760 a
931 2721 1153 2761 Domitiano
1174 2723 1409 2775 imperatore

354 2778 394 2816 in
405 2777 540 2816 libello
547 2779 716 2830 quodam
728 2789 957 2833 usurpatum
968 2794 1051 2821 esse
1068 2783 1185 2821 refert
1195 2782 1407 2822 Suetonius

356 2837 396 2875 in
415 2837 501 2888 ejus
520 2838 601 2876 vita
619 2852 703 2890 cap.
728 2840 789 2879 18.

406 2896 471 2935 Vs.
499 2898 588 2936 135.
610 2896 839 2943 Σπεύσιππος
859 2900 889 2938 δ’
911 2899 1039 2951 ἀγαθὸς
1066 2901 1220 2956 σκῶψαι]
1249 2903 1361 2942 effeci
1387 2916 1409 2941 e

354 2955 551 2995 Plutarchi
571 2957 793 2996 testimonio
816 2959 884 3010 qui
913 2959 954 2997 in
971 2959 1098 2998 Dione
1118 2974 1201 3013 cap.
1237 2975 1281 3010 17
1311 2962 1366 3000 ait
1395 2975 1405 3000 t

356 3016 578 3070 Σπευσίππῳ
607 3017 765 3068 μάλιστα
784 3020 854 3056 τῶν
877 3017 1040 3065 Ἀθήνησι
1069 3018 1177 3069 φίλων
1199 3022 1328 3073 ἐχρῆτο
1347 3021 1407 3060 καὶ

355 3077 562 3128 συνδιῃτᾶτο
580 3075 612 3130 [ὁ
629 3074 754 3130 Δίων],
776 3075 989 3129 βουλομένου
1004 3081 1067 3116 τοῦ
1082 3078 1272 3124 Πλάτωνος
1286 3080 1407 3134 ὁμιλίᾳ

355 3134 459 3187 χάριν
495 3135 643 3187 ἐχούσῃ,
678 3135 738 3173 καὶ
772 3136 918 3180 παιδιᾶς
949 3138 1123 3187 ἐμμελοῦς
1154 3139 1246 3176 κατὰ
1286 3139 1406 3194 καιρὸν

358 3191 540 3244 ἁπτομένῃ
571 3193 823 3244 κεραννύμενον
853 3194 1091 3246 ἀφηδύνεσθαι
1118 3198 1179 3234 τοῦ
1209 3195 1341 3242 Δίωνος
1369 3198 1408 3238 τὸ

357 3245 449 3298 ἦθος.
473 3252 638 3294 Τοιοῦτος
659 3250 696 3289 δέ
714 3267 765 3295 τις
781 3254 799 3290 ὁ
816 3251 1044 3298 Σπεύσιππος
1064 3247 1118 3300 ἦν·
1141 3248 1166 3306 ᾗ
1182 3255 1242 3293 καὶ
1268 3259 1407 3310 σκῶψαι

357 3310 486 3361 ἀγαθὸν
522 3310 625 3350 αὐτὸν
665 3311 700 3349 ἐν
725 3318 796 3356 τοῖς
828 3312 969 3357 Σίλλοις
1009 3315 1028 3351 ὁ
1064 3312 1190 3364 Τίμων
1225 3316 1408 3368 προσηγό-

358 3384 495 3422 ρευσεν.

409 3426 495 3467 Vss.
524 3429 618 3465 136-
632 3429 716 3475 137.
739 3428 798 3467 καὶ
818 3429 914 3469 Χίων
939 3430 1068 3480 κόσμος
1086 3433 1187 3484 κτλ]
1206 3436 1407 3485 composui

358 3499 406 3524 ex
426 3486 600 3525 Athenaei
618 3488 841 3526 testimonio
858 3488 925 3528 lib.
940 3489 1007 3537 Vl,
1030 3491 1078 3530 53
1109 3505 1197 3543 pag.
1223 3491 1294 3529 251
1327 3492 1408 3531 haec

1697 335 1704 343 ·
1725 349 1734 358 .
1759 351 1767 358 .
1788 351 1796 360 .
1819 350 1828 359 .
1851 350 1860 359 .
1878 351 1887 360 .
1908 335 2010 360 nanos
2026 326 2259 369 Sybaritarum

1743 427 1760 443 t
1992 427 2007 445 1
2241 428 2260 446 Ὠ

1755 529 1763 536 .
1787 528 1795 536 .
1819 529 1827 537 .
1854 528 1864 538 .
1892 531 1898 539 .
1927 506 2125 549 pulcherque
2138 515 2351 550 magnusque.

1746 605 1760 622 Ω

1470 684 1667 726 speusippus
1685 685 1794 717 autem
1809 683 1978 718 cavillator
1984 708 2150 721 ......

1744 779 1759 796 α
1962 796 1967 800 ,
1991 779 2006 797 ο

1471 856 1483 899 [
1498 858 1536 889 Et
1557 857 1612 898 qui
1627 856 1716 888 Chiis
1732 858 1923 889 ornamento
1940 860 1988 889 est
2005 857 2112 890 Aristo
2128 866 2254 900 semper
2275 858 2428 894 adulatus

1471 918 1633 949 Pcrsaeum
1653 916 1766 949 fortem
1789 916 2002 957 Antigonique
2019 916 2203 959 sodalem}

1991 1011 2005 1028 n
2241 1013 2255 1030 u

1468 1087 1698 1131 [maximoque
1716 1088 1748 1121 in
1764 1087 1924 1130 sophistas
1943 1087 2164 1121 dolosisshnos
2180 1089 2255 1122 odio
2269 1088 2432 1134 flagrans]

1991 1181 2007 1201 Ο
2240 1185 2256 1202 ί

1471 1259 1634 1294 nolentem
1653 1269 1781 1293 morum
1801 1260 2033 1302 descriptorem
2053 1271 2192 1296 manere.
2222 1287 2230 1295 .
2257 1286 2264 1295 .
2288 1286 2296 1294 .
2318 1286 2326 1295 .
2348 1286 2358 1295 .
2379 1286 2390 1297 .
2412 1285 2424 1295 .

2230 1361 2247 1375 1

1472 1457 1607 1466 .....
1626 1434 1832 1475 ingeniosum
1846 1438 2035 1476 nugatorem
2056 1459 2064 1468 .
2092 1459 2100 1468 .
2122 1458 2131 1467 .
2155 1459 2164 1468 .
2188 1458 2196 1465 .
2220 1459 2228 1467 .
2254 1459 2262 1469 .

1969 1531 1982 1548 Α
2240 1532 2257 1549 t

1829 1627 1881 1658 EX
1905 1626 2168 1659 IMAGINIBUS.

1471 1718 1533 1752 Sed
1558 1719 1645 1761 quod
1666 1723 1801 1761 apparet
1827 1719 1981 1752 omnibus
2005 1720 2153 1761 partibus
2179 1721 2296 1762 pollet,
2318 1730 2527 1764 quocumque

2373 1777 2527 1821 [venerit.

1718 1820 1735 1838 ἡ
1991 1819 2010 1837 ¹*
2261 1821 2279 1837 ’ἡ

1469 1950 1656 1989 tradentis
1679 1964 1688 1988 ι
1714 1944 1841 1999 Τίμων
1863 1951 1880 1987 ὁ
1904 1947 2078 1992 Φλιάσιος
2098 1949 2132 1986 ἐν
2148 1949 2200 2001 τῷ
2220 1946 2326 2000 τρίτῳ
2344 1949 2414 1986 τῶν
2439 1946 2526 1987 Σίλ·

1468 2012 1538 2049 λων
1557 2007 1752 2062 Ἀρίστωνά
1774 2023 1860 2061 φησι
1876 2006 1935 2046 τὸν
1949 2008 2050 2055 Χῖον,
2069 2006 2231 2053 Ζήνωνος
2247 2006 2282 2044 δὲ
2296 2010 2360 2045 τοῦ
2375 2007 2526 2054 Κιτιέως

1468 2069 1656 2122 γνώριμον,
1673 2068 1810 2107 κόλακα
1829 2067 1991 2119 γενέσθαι
2014 2065 2196 2119 Περσαίου
2221 2068 2282 2104 τοῦ
2310 2066 2526 2121 φιλοσόφου,

1468 2130 1520 2169 ὅτι
1539 2124 1580 2177 ’ἦν
1602 2131 1739 2181 ἑταῖρος
1757 2125 1952 2179 Ἀντιγόνου
1971 2130 2031 2166 τοῦ
2052 2127 2238 2178 βασιλέως.

1523 2189 1585 2229 Vs.
1610 2189 1696 2227 138.
1713 2186 1886 2241 ἐχθαίρων
1904 2201 1941 2224 τε
1962 2185 2118 2236 μάλιστα
2133 2185 2229 2236 κτλ]
2254 2185 2340 2225 erui
2361 2199 2384 2226 e
2410 2185 2526 2238 Diog.
2574 2225 2581 2231 ,

1470 2249 1585 2288 Laert.
1604 2247 1671 2296 lx,
1683 2249 1755 2299 69:
1771 2245 1844 2285 Καὶ
1861 2246 1895 2284 ἐν
1911 2241 2038 2285 Ἤλιδι
2057 2244 2362 2295 καταπονούμενος
2375 2244 2411 2298 [ὁ
2426 2245 2527 2301 Πύῤ.

1471 2307 1554 2363 ῥων]
1584 2308 1653 2347 ὑπὸ
1672 2309 1742 2346 τῶν
1772 2304 1968 2353 ζητούντων
1996 2305 2031 2343 ἐν
2061 2304 2133 2349 τοῖς
2159 2303 2294 2355 λόγοις,
2326 2305 2528 2359 ἀπορῥίψας

1469 2367 1666 2419 θοιμάτιον,
1689 2364 1870 2413 διενήξατο
1895 2363 1953 2403 τὸν
1985 2362 2159 2417 Ἀλφειόν.
2175 2356 2247 2403 ’Ἦν
2267 2356 2325 2403 οῧν
2345 2363 2526 2415 πολεμιώ-

1470 2443 1572 2472 τατος
1590 2432 1660 2471 τοῖς
1680 2424 1882 2478 σοφισταῖς,
1899 2425 1945 2467 ὡς
1965 2422 2026 2461 καὶ
2046 2422 2173 2473 Τίμων
2199 2421 2320 2476 φησίν.
2338 2421 2427 2462 Non
2443 2425 2529 2476 ipsa

1469 2488 1502 2526 Τ
1505 2487 1650 2526 imonis
1675 2485 1798 2525 verba
1814 2482 1944 2523 attulit
1971 2483 2184 2534 Diogenes,
2207 2482 2274 2521 sed
2297 2484 2526 2523 sententiam

1468 2547 1555 2599 ejus
1571 2545 1775 2586 indicavit.
1797 2544 2045 2596 Quapropter
2072 2550 2196 2594 poetae
2227 2555 2384 2581 versum
2411 2542 2526 2583 resti-

1469 2618 1577 2647 tuere
1595 2615 1755 2646 conatus
1777 2618 1877 2643 sum.
2144 2651 2147 2653 ι

1522 2666 1585 2707 Vs.
1608 2668 1699 2717 139.
1718 2667 1782 2704 οὐκ
1817 2664 1979 2704 ἐθέλοντα
2014 2660 2114 2713 κτλ.]
2136 2659 2276 2699 Sextus
2306 2655 2536 2712 Empiricos⁴

1469 2728 1557 2766 adv.
1573 2726 1691 2765 Math.
1703 2724 1792 2772 Vll,
1813 2737 1859 2762 10
1875 2719 1945 2761 z‘O
1961 2719 2090 2772 Τίμων
2105 2719 2263 2758 αἰτιᾶται
2277 2717 2335 2758 τὸν
2348 2718 2527 2759 Πλάτωνα

1469 2786 1527 2826 ε’πὶ
1544 2788 1593 2839 τῷ
1606 2783 1842 2829 καλλωπίζειν
1855 2780 1914 2820 τὸν
1929 2778 2128 2832 Σωκράτην
2145 2778 2287 2822 πολλοῖς
2304 2779 2525 2829 μαθήμασιν.

1467 2840 1519 2886 ’Ἦ
1539 2845 1607 2898 γάρ
1619 2875 1628 2892 ,
1645 2841 1753 2896 φησί,
1770 2842 1830 2881 τὸν
1848 2842 1911 2880 οὒκ
1931 2838 2093 2880 ἐθέλοντα
2115 2841 2233 2887 μεῖναι
2250 2836 2431 2890 ἠθολόγον,
2457 2849 2462 2852 ·

1521 2899 1587 2938 Vs.
1617 2904 1705 2942 140·
1729 2896 1912 2947 παντοφυῆ
1939 2889 2103 2946 φλέδονα]
2134 2891 2330 2940 Diogenes
2351 2890 2529 2931 Laertius

1468 2959 1529 3007 Vl,
1561 2960 1607 2998 18
1628 2973 1637 2997 ε
1660 2957 1706 2998 ‘O
1725 2956 1852 3006 Τίμων
1870 2952 1906 2993 δὲ
1927 2952 1984 2992 διὰ
2010 2950 2050 2990 τὸ
2069 2951 2201 2996 πλῆθος
2224 2947 2309 3004 [τῶν
2337 2964 2527 3004 συγγραμ-

1470 3014 1606 3071 μάτων]
1625 3016 1798 3066 ἐπιτιμῶν
1819 3014 1915 3066 αὐτῷ
1934 3010 1998 3066 [τῷ
2012 3006 2234 3063 Ἀντισθένει]
2251 3011 2434 3061 παντοφυῆ
2445 3007 2528 3063 φλέ-

1469 3076 1551 3117 &ovat
1571 3091 1676 3131 φησιν
1697 3073 1814 3113 αὐτόν.
1832 3072 1891 3112 Cf.
1909 3083 2029 3123 supra
2047 3082 2107 3108 vs.
2131 3069 2196 3107 83.
2243 3089 2246 3091 -
2473 3086 2478 3090 ·

1520 3135 1586 3174 Vs.
1629 3140 1715 3180 141.
1748 3131 1840 3172 ἀλλὰ
1881 3130 1920 3170 τὸ
1956 3128 2162 3183 φαινόμενον
2195 3127 2296 3180 κτλ.]
2333 3127 2528 3179 Diogenes

1469 3195 1647 3235 Laertius
1659 3192 1732 3233 lib.
1755 3191 1823 3239 lx,
1839 3191 1912 3230 105
1930 3189 2061 3230 ιὍθεν
2078 3186 2139 3227 καὶ
2155 3189 2173 3225 ὃ
2191 3185 2314 3237 Τίμων
2335 3187 2370 3224 ἐν
2387 3188 2439 3239 τῷ
2452 3185 2530 3226 Πύ-

1469 3254 1551 3294 θωνί
1571 3269 1679 3309 φησι,
1698 3251 1748 3305 μὴ
1767 3250 1999 3299 ε’κὸεῧηκέναι
2021 3246 2093 3303 [τὸν
2121 3243 2313 3301 Πύρῤωνα]
2332 3244 2398 3293 τὴν
2420 3243 2528 3292 συνή-

1469 3318 1579 3355 θειαν.
1611 3313 1686 3353 Καὶ
1705 3312 1742 3351 ἐν
1773 3315 1845 3355 τοῖς
1874 3309 2070 3357 Ἰνδαλμοῖς
2103 3304 2195 3344 οὕτω
2222 3305 2333 3358 λέγει·
2369 3303 2459 3343 ἀλλὰ
2486 3303 2528 3343 τὸ

1470 3373 1676 3428 φαινόμενον
1699 3370 1805 3410 παντὶ
1828 3368 1941 3409 σθένει
1967 3362 2075 3419 οἷπερ
2096 3364 2139 3403 ἂν
2170 3362 2268 3417 ἔλθῃ.
2303 3363 2524 3414 Legendum

1468 3433 1587 3481 πάντη
1603 3442 1642 3472 et
1653 3426 1768 3484 οἷπερ.
1780 3429 1966 3470 Eumdem
1981 3427 2015 3464 Τ
2019 3426 2163 3465 imonis
2174 3437 2328 3463 versum
2342 3422 2474 3462 laudat
2489 3431 2533 3462 et.

1469 3493 1607 3532 Sextus
1627 3492 1776 3530 advers.
1799 3489 1917 3527 Math.
1939 3500 2027 3539 pag.
2052 3487 2140 3530 ¹43·
