2612 3814
320 228 392 262 116

389 307 501 361 χάσμ’
520 306 647 360 ἀχανὲς
661 306 812 355 ποίησαν
829 306 1095 358 ἀναπτάμεναι,
1109 306 1353 359 πολυχάλκους

392 368 513 413 ἄξονας
533 369 567 406 ἐν
589 366 742 419 σύριγξιν
764 366 959 419 α’μοιὸαὸὸν
981 366 1153 409 εἱλίξασαι

334 441 370 467 20
391 426 536 480 γόμφοις
555 426 614 465 καὶ
636 426 821 480 περόνῃσιν
841 426 1032 479 ἀρηρότας·
1052 420 1076 479 ᾗ
1095 428 1138 479 ῥα
1159 427 1202 464 δι’
1222 427 1334 464 αὐτῶν

391 486 462 531 ἰθὺς
483 486 561 539 ἔχον
582 489 707 540 κοῦραι
727 487 806 525 κατ’
825 485 994 537 ἀμαξιτὸν
1011 485 1108 538 ἅρμα
1126 484 1186 523 καὶ
1205 482 1347 525 ἵππους.

392 545 465 586 Καί
488 561 530 597 με
553 545 613 584 θεὰ
631 545 796 621 πρόῗρων
816 544 1023 595 ὑπεδέξατο,
1041 546 1144 596 χεῖρα
1165 541 1202 580 δὲ
1222 541 1314 593 χειρὶ

393 604 566 658 δεξιτερὴν
589 604 681 655 ἕλεν,
699 606 767 644 ωδε
783 606 811 644 δ’
829 604 908 648 ἔπος
926 603 1013 657 φάτο
1027 604 1087 642 καί
1103 618 1146 654 με
1171 599 1365 654 προσηύδα·

394 658 448 703 Ἷὶ
466 664 576 717 κοῧρ“,
595 664 799 703 ἀθανάτοισι
817 663 981 715 συνάορος
1002 662 1210 714 ἡνιόχοισιν,

333 738 368 764 25
387 723 507 768 ἵπποις
526 724 584 762 ταί
605 739 644 762 σε
664 724 825 776 φέρουσιν
842 723 972 761 ἱκάνων
993 721 1165 774 ἡμέτερον
1186 721 1256 766 δῶ,

392 783 490 837 χαῖρ’
510 783 584 821 ἐπεὶ
601 781 674 822 οὔτι
695 798 732 821 σε
754 788 860 834 μοῖρα
878 782 970 828 κακὴ
989 780 1200 833 προῦπεμπε
1216 778 1353 818 νέεσθαι

394 842 569 890 τήνδ’ὁδὸν
584 837 619 895 (ἦ
640 841 706 893 γὰρ
723 839 979 893 ἀπ’ἀνθρώπων
994 840 1091 884 ἐκτὸς
1107 838 1220 877 πάτου
1237 836 1363 887 ἐστίν),

397 903 486 940 ἀλλὰ
502 901 597 951 θέμις
611 917 646 939 τε
664 902 741 948 δίκη
757 916 806 939 τε.
824 898 928 952 Χρεὼ
942 899 978 937 δέ
990 914 1028 938 σε
1043 899 1159 937 πάντα
1178 897 1364 947 πυθέσθαι,

1245 217 1568 257 PARMENlDlS

1432 314 1561 344 vastum
1582 311 1749 344 valvarum
1765 311 1890 346 hiatum
1909 312 2072 354 recerunt,
2086 315 2206 347 aeratos

1430 372 1462 404 in
1480 371 1594 404 fistulis
1611 371 1758 405 cardines
1777 374 1955 406 retrorsum
1976 375 2202 406 convertentes

1430 440 1530 464 nexos
1548 431 1646 463 clavis
1660 433 1693 464 et
1708 431 1834 473 fibulis3
1851 441 1916 473 qua
1933 432 2056 466 ratione
2069 442 2126 475 per
2141 442 2213 466 eam

1429 486 1492 518 cito
1506 486 1658 518 rexerunt
1671 486 1823 527 nymphae
1836 486 1901 520 lato
1917 491 2044 523 tramite
2055 500 2187 523 currum
2202 493 2234 524 et
2246 500 2362 533 equos.

1429 548 1473 577 Ac
1487 544 1545 577 dea
1560 554 1610 577 me
1625 545 1763 586 propitia
1775 546 1920 588 excepit,
1935 547 2114 591 dextraque
2131 550 2277 583 dextram

1430 607 1611 649 prehendit,
1629 610 1727 648 atque
1746 606 1797 640 his
1813 615 1866 639 me
1880 607 1987 640 verbis
2003 607 2101 641 assata
2113 611 2164 642 est
2180 617 2190 641 ε

1433 668 1460 699 O
1479 675 1570 707 puer,
1590 665 1711 698 divinis
1727 665 1880 699 comitate
1892 666 2028 707 aurigis,

1430 725 1521 766 equis
1534 725 1589 766 qui
1607 725 1641 757 te
1655 724 1776 757 vehunt
1791 723 1832 756 ad
1850 725 1994 757 nostram
2009 724 2146 758 domum
2162 724 2360 768 adveniens,

1428 786 1515 818 salve
1525 810 1535 826 ,
1555 784 1716 827 siquidem
1731 793 1795 817 non
1809 783 1895 817 mala
1912 786 1944 817 te
1960 784 2026 817 sors
2043 784 2171 818 induxit
2185 784 2227 818 ad
2254 784 2497 827 ingrediendam

1433 847 1515 877 hanc
1534 844 1620 876 viam
1635 844 1721 885 (nam
1736 842 1829 884 longe
1841 851 1861 875 a
1879 843 1956 876 trita
1969 843 2155 875 mortalium
2174 843 2290 876 semita
2308 843 2442 886 distat),

1429 905 1486 938 sed
1497 905 1632 947 justitiae
1649 903 1857 945 veritatisque
1866 911 1968 935 amor.
1982 904 2117 944 Oportet
2129 906 2237 936 autem
2245 903 2394 937 omuiate
2403 903 2498 944 seire,

315 1052 550 1096 Karstenius,
586 1050 634 1087 ad
672 1048 798 1100 κούρας
829 1050 1111 1087 Fiillebornius.
1155 1048 1371 1085 Brandisius

315 1111 481 1159 denique
499 1110 548 1147 ad
563 1122 779 1159 pronomen
795 1107 853 1146 ταὶ
873 1108 1051 1159 intelligit
1066 1106 1176 1154 Δίκην
1189 1120 1276 1144 cum
1295 1108 1371 1144 suis

315 1177 353 1207 et
371 1168 617 1218 ἀναπτάμεναι
633 1171 673 1206 in
690 1167 946 1219 ἀνατεταμένοις
960 1169 1132 1205 converti
1145 1168 1240 1204 vult.
1256 1168 1370 1204 Hein-

315 1229 459 1265 richius
482 1217 755 1277 intorpretatur
770 1236 892 1278 portoe
901 1226 1080 1274 secet-mn
1100 1231 1286 1278 ingentem
1298 1231 1371 1274 ja-

317 1301 473 1325 nuarum
490 1288 651 1334 hiatum,
668 1289 728 1324 cui
748 1288 995 1336 explicationi
1024 1287 1244 1325 Karstenius
1265 1286 1373 1322 addit

317 1346 564 1397 ἀναπτάμεναι
590 1347 796 1384 convenire
813 1359 901 1383 cum
920 1344 1050 1392 πύλαι,
1084 1359 1157 1396 pro
1179 1360 1256 1396 quo
1276 1359 1372 1395 pro—

315 1408 400 1456 prie
430 1407 505 1444 dici
533 1407 748 1456 oportuerit
783 1403 1053 1455 ἀναπταμὲνων,
1091 1407 1273 1454 quoniam
1293 1418 1373 1441 non

316 1474 428 1515 porta
448 1467 678 1514 revolvatur,
699 1466 764 1503 sed
785 1466 885 1502 fores
897 1465 1129 1515 pandantur,
1151 1478 1229 1502 esse
1246 1473 1372 1502 autem

316 1526 413 1562 hanc
432 1525 671 1575 hypallagen,
705 1538 782 1575 qua
803 1525 964 1562 verbum
989 1526 1180 1574 passivum
1211 1526 1374 1574 accipiat

315 1585 395 1621 vim
409 1584 535 1623 medii.
558 1585 742 1634 Displicet
759 1585 834 1621 hoc
865 1583 1184 1620 additamentum.
1209 1586 1263 1620 Ac
1290 1585 1372 1632 pri—

316 1657 420 1681 mum
441 1643 597 1693 quidem
622 1657 701 1680 non
720 1644 931 1692 requiritur
951 1642 1228 1692 ἀναπταμὲνων,
1253 1656 1373 1692 quum

316 1704 356 1739 in
373 1710 572 1752 poetarum
586 1716 759 1740 sermone
774 1703 981 1740 tolerabilis
996 1704 1042 1740 sit
1056 1703 1275 1752 hujusmodi
1284 1704 1372 1752 jun-

318 1768 425 1798 ctura
439 1775 447 1797 :
462 1770 574 1811 porta
580 1770 782 1811 patescens
796 1762 1091 1811 valvarumsecit
1103 1763 1265 1801 hiatum.
1277 1765 1372 1800 Tum

319 1819 563 1870 ἀναπτάμεναι
583 1834 663 1857 non
683 1829 738 1858 est
757 1822 961 1871 passivum,
980 1822 1048 1859 sed
1073 1822 1257 1860 medium.
1282 1824 1372 1871 Quae

317 1890 437 1929 quum
455 1881 509 1916 ita
526 1880 612 1926 sint,
633 1880 787 1917 ferenda
800 1880 997 1918 videretur
1019 1882 1233 1918 Heinrichii
1252 1884 1374 1920 inter-

316 1941 504 1988 pretatio,
532 1941 604 1977 nisi
635 1941 767 1990 potior
797 1948 892 1978 esset
909 1942 1206 1980 Fiilleborniana
1218 1971 1228 1990 ‚
1258 1957 1374 1993 quam

318 2000 566 2036 Buttmannus
587 2001 758 2039 Gramm.
784 2001 852 2040 Gr.
871 2008 967 2040 tom.
998 2003 1037 2038 11
1055 2015 1096 2052 p.
1126 2016 1199 2039 211
1229 2005 1375 2053 ample—

319 2059 446 2097 ctitur.
470 2059 567 2095 Nam
602 2060 844 2097 Brandisiuin
879 2061 943 2098 hic
978 2062 1074 2098 nihil
1106 2062 1262 2111 vidisse,
1295 2077 1374 2100 non

318 2124 372 2154 est
390 2118 495 2166 quod
517 2118 671 2155 uberius
697 2118 873 2156 doceam.
897 2121 927 2156 E
958 2121 1132 2169 pluribus
1153 2122 1375 2160 Graecorum

317 2178 547 2226 scriptorum
562 2178 656 2215 locis
675 2187 834 2228 apparet
860 2180 1077 2218 confudisse
1094 2189 1240 2219 veteres
1253 2183 1375 2220 inter-

318 2237 410 2273 dum
428 2237 546 2274 verba
559 2236 768 2275 πεταννύναι
784 2245 821 2275 et
831 2237 1012 2287 πέτεσθαι,
1033 2241 1140 2289 cujus
1158 2243 1215 2278 rei
1227 2255 1376 2280 memo-

318 2298 437 2335 rabile
468 2305 524 2335 est
552 2299 768 2348 exemplum
800 2299 897 2337 illud
921 2301 1042 2352 χεῖρας
1072 2300 1232 2345 ἀναπτάς
1268 2304 1376 2352 quod

318 2357 536 2394 Zenodotus
557 2358 669 2397 Iliad.
691 2358 758 2396 lib.
782 2361 813 2405 1,
831 2359 902 2396 351
927 2374 1000 2409 pro
1017 2360 1139 2413 χεῖρας
1160 2362 1302 2415 ὀρεγνύς
1321 2365 1376 2401 le-

319 2416 445 2465 gebat.
465 2420 591 2467 Atque
609 2425 653 2455 ut
671 2420 829 2468 proprie
845 2433 926 2456 non
947 2420 1088 2458 dicitur
1108 2435 1229 2472 graece
1249 2424 1271 2469 ἡ
1290 2421 1376 2474 θύρα

321 2474 545 2524 ἀναπέτεται,
563 2477 629 2513 sed
644 2477 926 2517 ἀναπετάννυται
937 2492 946 2518 :
959 2482 1013 2518 ita
1027 2482 1258 2520 Zenodoteae
1272 2484 1377 2533 apud

321 2535 533 2572 Homerum
551 2537 750 2586 scripturae
781 2551 930 2576 memor
948 2553 1062 2578 nemo
1089 2542 1245 2591 negabit
1264 2555 1377 2592 posse

322 2591 462 2629 formas
473 2595 656 2642 quasdam
677 2595 786 2632 verbi
796 2595 963 2634 πέτεσθαι
975 2611 1020 2635 eo
1034 2599 1155 2636 modo
1174 2600 1224 2637 ad
1244 2615 1376 2638 πεταν-

325 2648 424 2688 νύναι
453 2653 665 2700 transferri,
688 2662 733 2691 ut
760 2657 996 2694 transitivam
1025 2666 1252 2708 potestatem
1273 2662 1376 2698 acci-

321 2709 441 2758 piant.
462 2710 692 2758 Hujusmodi
709 2720 834 2750 autem
850 2714 944 2751 locis
958 2717 1098 2764 quibus
1119 2717 1215 2757 illud
1230 2720 1375 2769 proba-

322 2762 452 2799 biliter
475 2765 625 2802 ostendi
658 2774 797 2815 posset,
817 2775 922 2805 recte
946 2770 1197 2810 Buttmannus
1225 2786 1376 2811 versum

323 2822 616 2859 Parmenideum
653 2837 768 2873 quem
799 2838 1018 2866 enarramus
1047 2831 1376 2869 adnumerandum

322 2882 483 2930 putavit.
502 2883 637 2931 Itaque
651 2885 775 2936 κοῦραι
789 2884 1034 2938 ἀναπτάμεναι
1048 2890 1111 2928 hic
1131 2899 1219 2928 sunt
1229 2895 1378 2942 puelloe

323 2953 409 2988 quoe
424 2950 664 2989 aperuerunt.
681 2944 885 2994 Quumque
895 2947 1011 2984 altera
1027 2949 1264 2989 dilucidandi
1277 2954 1376 2990 ratio

325 2998 535 3035 tolerabilis
554 3000 615 3047 sit,
636 3000 708 3038 hac
726 3009 853 3039 tamen
871 3005 967 3042 nihil
986 3007 1195 3057 simplicius
1213 3012 1377 3061 cogitari

325 3054 575 3107 posse‘omnes
587 3061 814 3100 concedent.
832 3062 964 3113 Neque
974 3079 1067 3104 vero
1079 3067 1244 3108 πέτεσθαι
1254 3072 1377 3108 solum

326 3118 380 3154 ita
396 3127 612 3168 usurpatur,
622 3127 666 3158 ut
679 3123 871 3171 nonnullae
891 3124 970 3173 ejus
983 3125 1113 3164 sormae
1128 3129 1168 3164 in
1179 3130 1376 3167 not-ionem

324 3175 434 3214 verbi
447 3177 658 3216 πεταννύναι
679 3187 881 3230 transeant,
903 3184 970 3221 sed
986 3187 1092 3234 quasi
1114 3188 1257 3225 talione
1277 3202 1376 3239 qua-

328 3235 415 3272 dam
425 3236 590 3274 verbum
604 3237 815 3277 πεταννύναι
830 3242 983 3280 alterius
995 3245 1103 3281 verbi
1117 3250 1216 3284 vices
1231 3260 1376 3302 gerere,

327 3303 392 3331 aut
419 3296 471 3332 ita
488 3296 563 3334 dici
586 3297 753 3349 videtur,
785 3308 829 3337 ut
858 3301 904 3337 ab
926 3303 991 3339 illo
1012 3316 1092 3341 non
1119 3306 1234 3357 longe
1262 3308 1372 3347 absit.

326 3355 443 3391 Testis
459 3354 614 3394 fortasse
628 3358 871 3397 Democritus
887 3361 927 3397 in
942 3361 1048 3411 cujus
1057 3364 1277 3414 fragmentis
1288 3367 1376 3405 libri

329 3414 376 3452 de
405 3415 651 3464 Agricultura
685 3431 772 3468 pag.
815 3419 891 3466 254
923 3430 1062 3460 nostrae
1087 3425 1266 3464 editionis
1298 3429 1377 3466 haec

329 3473 504 3524 leguntur
519 3476 637 3514 verba
659 3490 669 3514 ε
689 3480 748 3516 τοῦ
768 3478 804 3516 δὲ
818 3479 913 3519 οἴκου
926 3482 944 3519 ὁ
959 3481 1135 3532 μελισσὼν
1155 3484 1256 3538 ἐγγὺς
1272 3485 1377 3535 ἔστω,

1435 1045 1496 1084 καὶ
1513 1044 1597 1084 ὅταν
1619 1043 1862 1083 ἐκπετάσωσιν
1891 1043 1941 1095 (αἱ
1973 1042 2155 1094 μέλισσαι)
2181 1041 2407 1095 ἄνοιγμέναις
2425 1042 2501 1088 ταῖς

1436 1103 1582 1156 θυρίσιν,
1612 1102 1790 1154 ὑποθυμία
1826 1118 1862 1143 κ.
1884 1119 1919 1141 τ.
1939 1102 1973 1141 λ.
1991 1102 2032 1140 Si
2057 1102 2251 1142 Cassianus
2279 1104 2413 1141 Bassus
2430 1102 2498 1142 hic

1435 1166 1531 1202 nihil
1562 1165 1667 1202 aliud
1696 1177 1815 1214 quam
1850 1163 1992 1200 formas
2024 1164 2171 1200 ionicas
2206 1163 2249 1199 in
2276 1175 2499 1202 communes

1435 1225 1622 1271 mutavit,
1642 1225 1732 1261 loco
1754 1222 2002 1261 Democriteo
2022 1222 2064 1260 id
2095 1222 2204 1272 quod
2228 1223 2408 1260 volumus
2428 1222 2498 1261 de-

1435 1291 1685 1321 monstratur.

1490 1346 1534 1383 V.
1558 1356 1624 1382 20.
1650 1345 1697 1381 In
1717 1342 1836 1382 codd.
1866 1342 2009 1392 legitur
2043 1334 2069 1389 ἦ
2090 1343 2146 1394 ῥα,
2171 1341 2279 1390 quod
2300 1343 2498 1380 Herman-

1436 1418 1507 1442 nus
1524 1417 1605 1441 non
1624 1403 1766 1452 injuria
1785 1404 1825 1439 in
1845 1395 1869 1453 ᾗ
1885 1403 1928 1453 ῥα
1942 1403 2083 1439 mutari
2097 1401 2222 1450 jussit.

1488 1465 1535 1501 V.
1561 1477 1628 1502 αα.
1652 1461 1731 1502 Θεὰ
1747 1463 1822 1499 hoc
1842 1463 1930 1499 loco
1948 1461 2081 1498 eadem
2095 1468 2258 1499 vocatur
2278 1474 2363 1510 quae
2381 1474 2495 1512 supra

1437 1521 1573 1573 δαίμων
1609 1536 1631 1560 a
1654 1530 1773 1573 poeta
1817 1523 1922 1559 dicta
1956 1530 2050 1560 erat.
2081 1522 2207 1569 Quare
2229 1520 2415 1558 mirabilis
2449 1527 2504 1558 est

1435 1584 1575 1620 Ritteri
1594 1595 1703 1620 error
1723 1584 1791 1632 qui
1808 1583 1849 1619 in
1868 1584 1967 1620 Hist.
1987 1582 2086 1632 phil.
2109 1581 2190 1619 vol.
2206 1581 2225 1617 1
2241 1593 2282 1630 p.
2307 1578 2384 1626 465
2401 1581 2501 1618 hanc

1437 1642 1549 1679 deam
1564 1655 1648 1691 quae
1664 1642 1932 1679 advenientem
1946 1640 2157 1690 alloquitur
2166 1650 2247 1677 non
2258 1639 2502 1690 Sapientiam,

1435 1701 1502 1738 sed
1521 1703 1542 1738 J
1546 1702 1714 1738 ustitiam
1734 1712 1812 1737 esse
1833 1707 1975 1738 censet.
1994 1700 2144 1737 Etenim
2166 1695 2314 1738 attente
2331 1699 2403 1736 hos
2418 1711 2503 1737 ver·

1437 1777 1499 1800 sus
1528 1764 1672 1814 legenti
1703 1770 1812 1814 patet
1833 1761 2027 1800 ,Iustitiam
2051 1774 2130 1800 esse
2151 1762 2282 1812 templi
2301 1761 2501 1800 custodem

1438 1832 1475 1860 et
1486 1823 1706 1872 janitricem
1729 1823 1920 1874 longeque
1941 1822 2132 1860 diversam
2152 1834 2175 1859 a
2192 1821 2264 1859 dea
2277 1820 2386 1870 cujus
2403 1821 2496 1860 fano

1436 1883 1643 1933 praeposita
1666 1883 1727 1922 sit.
1764 1883 1899 1932 Neque
1933 1881 2097 1920 dubium
2129 1882 2224 1931 quin
2259 1880 2505 1920 Parmenides

1437 1941 1653 1992 significare
1683 1943 1865 1991 voluerit,
1890 1943 1962 1979 nisi
1988 1941 2135 1991 justitia
2165 1941 2264 1978 duce
2283 1939 2335 1977 ad
2372 1953 2505 1984 veram

1437 2003 1660 2051 sapientiam
1679 2015 1761 2038 non
1780 2002 1988 2051 perveniri.
2081 1993 2087 1998 ¹

1491 2063 1537 2099 V.
1558 2066 1625 2106 24.
1649 2062 1726 2099 Pro
1754 2062 1959 2100 ἀθανάτοισι
1988 2059 2156 2113 συνάορος
2176 2060 2285 2110 quod
2314 2060 2358 2097 in
2374 2073 2504 2109 mem-

1438 2122 1566 2159 branis
1580 2129 1716 2166 exstat‚
1735 2122 1955 2159 Brandisius
1965 2121 2088 2159 edidit
2103 2118 2300 2172 ἀθανάτῃσι
2323 2118 2504 2173 συνήορος,

1437 2194 1519 2218 non
1527 2181 1642 2228 male,
1655 2181 1722 2218 sed
1735 2188 1874 2232 praeter
1884 2182 2157 2219 necessitatem.
2168 2179 2362 2218 Brandisii
2375 2193 2505 2219 emen-

1439 2241 1635 2278 dationem
1654 2242 1800 2290 recepit
1817 2240 2029 2280 Bekkerus.
2046 2242 2139 2277 Post
2158 2236 2351 2291 ἠνιόχοισιν
2367 2239 2504 2291 virgu-

1439 2303 1515 2340 lam
1541 2304 1655 2353 posui
1686 2317 1775 2340 cum
1796 2301 1995 2353 Scaligero
2029 2303 2070 2339 in
2098 2301 2202 2339 libro
2238 2302 2503 2353 manuscripto

1439 2363 1773 2413 Lugdunobatavo
1796 2370 1834 2400 et
1857 2364 2011 2401 Simone
2030 2362 2250 2400 Karstenio.
2265 2361 2410 2400 Contra
2424 2362 2497 2400 Fa-

1438 2422 1581 2459 bricius
1601 2430 1640 2460 et
1671 2422 1867 2459 Bekkerus
1882 2434 1964 2459 non
1986 2421 2263 2471 distinguentes
2286 2428 2378 2470 post
2400 2421 2500 2460 hanc

1438 2495 1573 2520 vocem
1593 2480 1715 2526 ἵπποις
1743 2483 1860 2520 etiam
1885 2481 1939 2519 ‘ad
1965 2477 2383 2531 superiora‘pertinere
2402 2493 2501 2520 cen-

1440 2549 1538 2581 sent.
1575 2544 1765 2580 Praeterea
1779 2541 1972 2580 Bekkerus
1994 2541 2207 2579 Hermanni
2238 2540 2503 2589 conjecturam

1438 2614 1512 2650 pro
1530 2598 1652 2645 ἵπποις
1678 2600 1738 2639 ταί
1760 2601 2001 2639 rescribentis
2019 2598 2140 2644 ἵπποις
2156 2598 2188 2639 θ’
2209 2596 2251 2637 αἵ
2268 2600 2394 2637 verbis
2406 2601 2503 2638 Par-

1439 2661 1625 2699 menideis
1654 2662 1826 2700 inseruit.
1845 2664 1897 2700 At
1927 2661 1990 2698 hic
2021 2659 2252 2709 conjecturis
2274 2660 2404 2697 locum
2422 2672 2504 2697 non

1439 2733 1518 2758 esse
1538 2719 1787 2762 arbitramur.

1492 2781 1537 2818 V.
1560 2780 1626 2819 28.
1655 2781 1783 2818 Verba
1801 2777 1894 2818 ἀλλὰ
1914 2778 2010 2831 θέμις
2023 2794 2060 2817 τε
2080 2777 2161 2827 δίκη
2180 2793 2219 2817 τε
2239 2779 2387 2817 nonita
2402 2777 2504 2818 acci·

1439 2841 1520 2891 pio,
1550 2841 1658 2889 quasi
1689 2839 1770 2877 deae
1802 2847 2167 2886 commemorentur,
2202 2839 2244 2877 id
2269 2838 2378 2888 quod
2395 2838 2504 2876 haud

1442 2900 1647 2937 commode
1664 2898 1748 2936 fieri
1769 2906 1911 2948 potest,
1931 2912 2052 2948 quum
2065 2899 2107 2935 in
2125 2899 2297 2936 versibus
2312 2910 2503 2949 praegres-

1439 2960 1488 2997 sis
1512 2972 1590 2997 una
1621 2956 1713 3005 Δίκη
1743 2958 1898 2995 delubri
1925 2966 2051 2996 custos
2079 2959 2278 2996 nominata
2295 2959 2357 3005 sit,
2376 2957 2445 2995 sed
2461 2965 2505 2996 ut

1439 3026 1555 3068 poeta
1581 3018 1734 3067 justitiae
1753 3020 1999 3068 veritatisque
2021 3032 2194 3057 amorem
2222 3020 2263 3056 in
2285 3030 2398 3057 causa
2425 3031 2503 3058 esse

1441 3077 1555 3123 dicat,
1585 3089 1654 3114 cur
1672 3076 1813 3127 gradus
1829 3076 1895 3114 fiat
1921 3077 1971 3114 ad
2001 3077 2300 3127 philosophiam.
2322 3077 2504 3127 Quapro-

1438 3143 1527 3186 pter
1546 3137 1663 3174 etiam
1681 3138 1722 3175 in
1752 3137 2001 3174 translatione
2020 3138 2139 3174 latina
2165 3137 2307 3174 amoris
2325 3135 2502 3174 vocabu-

1440 3189 1519 3233 lum
1533 3196 1669 3244 adjeci.
1689 3197 1900 3234 Collocatio
1915 3191 2126 3234 verborum
2140 3195 2237 3249 χρεὼ
2262 3195 2300 3235 δέ
2313 3211 2354 3235 σε
2368 3196 2502 3248 displi-

1440 3257 1520 3292 cuit
1541 3255 1736 3293 Meinekio
1758 3257 1826 3306 qui
1841 3256 2017 3294 Bekkero
2037 3263 2131 3294 teste
2147 3257 2268 3294 scribi
2284 3256 2452 3294 malebat
2462 3253 2502 3294 σὲ

1440 3312 1477 3352 δὲ
1507 3312 1622 3367 χρεὼ,
1645 3328 1725 3365 quo
1756 3315 1876 3353 modo
1907 3328 1931 3353 a
1958 3316 2185 3354 Parmenidc
2210 3317 2399 3367 scriptum
2422 3327 2502 3354 esse

1440 3385 1462 3410 a
1474 3375 1803 3413 verisimilitudine
1815 3389 1896 3413 non
1912 3377 2106 3415 abhorret.
2128 3377 2315 3415 Caeterum
2330 3375 2502 3427 quinque

1440 3445 1574 3471 versus
1592 3434 1684 3471 inde
1700 3447 1722 3472 a
1733 3435 1861 3472 verbis
1872 3432 1968 3486 χρεὼ
1985 3433 2022 3473 δέ
2038 3450 2075 3473 σε
2096 3449 2216 3485 usque
2233 3436 2282 3473 ad
2297 3433 2417 3472 πάντα
2435 3448 2500 3472 πε·

1444 3486 1566 3542 ρῶντά
1593 3494 1725 3531 laudat
1751 3495 1967 3544 Simplicius
1990 3495 2036 3532 de
2056 3496 2161 3532 Coelo
2189 3495 2216 3531 f.
2252 3494 2341 3541 138,
2368 3506 2404 3532 a.
2434 3492 2497 3531 ed.
