2612 3814
718 400 838 474 DE
897 397 1595 476 ANAXIMANDRO
1611 452 1633 474 .

120 686 411 728 Anaximander
429 699 545 738 quem
574 685 785 740 Cice10(1)
805 686 981 728 Thaletis
1000 701 1118 740 popu·

64 747 183 786 larem
205 755 244 786 et
264 746 462 795 sodalem,
491 746 720 799 Simplicius
747 747 783 797 (2
762 747 797 798 2)
818 746 904 798 ejus
923 759 1126 785 successo-

64 819 147 846 rem
192 814 231 845 et
282 806 520 858 discipulum
569 815 706 855 vocat,
746 806 800 845 Ρι
802 806 951 845 ax1ad1s
999 806 1126 854 filius,

63 865 241 905 Milesius
274 866 362 906 fuit.
396 866 475 913 Qui
511 881 633 919 quum
676 866 919 919 Apollodoro
946 866 1002 919 (3)
1034 875 1130 905 teste

63 925 304 994 olympiadis
333 925 459 966 LVIII
489 940 594 966 anno
624 926 797 966 secundo
830 939 975 965 annum
1007 926 1130 965 aetatis

64 986 350 1037 sexagesimum
370 996 553 1039 quartum
572 987 696 1038 egerit
716 1000 760 1025 ac
777 986 912 1039 paullo
938 994 1028 1038 post
1059 999 1128 1024 na-

65 1053 162 1084 turae
179 1046 419 1086 concessisse
438 1047 494 1085 fei
497 1055 600 1094 atui
619 1060 741 1099 appai
743 1055 781 1085 et
800 1059 889 1084 eum
906 1054 1025 1097 partu
1044 1046 1127 1084 edi-

64 1113 147 1144 tum
163 1119 248 1145 esse
263 1106 502 1159 olympiadis
517 1076 624 1145 XLII
640 1120 743 1144 anno
762 1106 877 1144 tertio
894 1106 953 1144 vel
973 1119 1010 1144 a.
1033 1105 1127 1145 Chr.

64 1166 159 1206 610.
180 1166 359 1213 Quocum
382 1167 567 1217 congruit
583 1166 780 1206 Eusebius
797 1166 846 1204 ad
860 1165 1126 1218 olympiadem

67 1223 120 1264 LI
153 1225 345 1266 adnotans
377 1241 385 1265 :
418 1225 688 1279 Ἀναξίμανδρος
722 1227 741 1264 ὁ
772 1224 949 1272 Μιλῆσιος
987 1225 1132 1279 φυσικὸς

68 1285 346 1338 έγνωρίζετο,ει
367 1285 634 1337 Hieronymus
663 1284 712 1324 de
738 1284 872 1324 eadem
905 1285 1132 1337 olympiade

65 1343 243 1384 scribens
276 1358 286 1384 t
318 1362 335 1380 α
367 1345 674 1392 Anaximander,
697 1344 903 1393 Milesius,
937 1345 1129 1397 physicus

65 1403 349 1454 agnoscitur.»
368 1403 498 1451 Quum
515 1417 611 1443 vero
630 1403 885 1456 Polycrates,
908 1402 1131 1442 Samiorum

67 1471 258 1515 tyrannus
271 1493 282 1512 ‚
301 1478 380 1516 quo
398 1473 588 1516 regnante
606 1464 776 1503 maxime
793 1463 975 1502 floruisse
988 1463 1135 1503 dicitur

66 1523 370 1573 Anaximander,
398 1538 562 1576 regnum
603 1524 770 1576 adeptus
804 1523 857 1562 sit
893 1522 1135 1590 olympiadis

71 1582 174 1622 LXII
191 1597 295 1622 anno
312 1585 465 1636 primo,
487 1585 703 1634 Diogenem
728 1584 772 1622 in
797 1582 937 1621 mortis
960 1590 1136 1634 tempore

70 1643 246 1683 notando
269 1645 372 1696 (μετ’
389 1643 529 1696 ὀλίγον)
545 1657 699 1683 errasse
713 1642 925 1695 conjicias,
940 1642 1018 1681 nisi
1037 1642 1097 1680 fon
1100 1650 1137 1682 te

44 1738 48 1740 ,
69 1704 318 1743 statuendum
333 1704 407 1752 sit,
424 1704 595 1754 intelligi
612 1703 802 1755 majorem
819 1703 1064 1755 Polycratem
1081 1702 1132 1754 (4)

69 1764 139 1815 qui
163 1762 215 1817 (5)
238 1764 464 1817 olympiade
478 1763 561 1802 LIV
580 1764 730 1804 floruit.

124 1823 269 1862 Verum
290 1833 334 1863 ut
350 1824 399 1863 de
419 1824 578 1877 placitis
596 1823 681 1874 ejus
698 1836 822 1876 pauca
842 1823 1058 1870 disseram,
1075 1822 1137 1860 in-

62 1882 260 1937 'finitatem
287 1892 437 1922 naturae
466 1883 567 1922 dixit
582 1896 666 1921 esse
685 1896 706 1921 e
727 1895 805 1934 qua
828 1882 962 1921 omnia
998 1882 1137 1933 gigne-

114 2044 161 2083 (ι)
181 2044 295 2077 Cicero
315 2044 415 2078 Acad.
436 2047 561 2083 Quaest.
581 2018 634 2077 lib.
656 2047 684 2077 ll
705 2053 778 2085 cap.
803 2047 854 2078 37.

114 2089 160 2133 (2)
177 2091 362 2148 Simplicius
390 2093 576 2126 comment.
596 2092 629 2124 in
649 2091 776 2133 Physic.
792 2091 850 2124 lib.
865 2093 880 2124 1
902 2100 932 2133 p.
957 2097 1003 2125 3·
1024 2090 1137 2129 Ἀναξί-

72 2139 204 2181 μανδρος
219 2139 294 2181 μέν,
316 2140 519 2182 Πραξιάδου,
539 2139 711 2180 Μιλήσιος,
729 2140 836 2172 Θαλοῦ
853 2139 1017 2181 γενόμενος
1036 2139 1139 2172 διάδο-

71 2194 128 2226 χος
146 2184 201 2216 καὶ
220 2186 371 2226 μαθητής.
386 2187 480 2226 Dlog.
501 2188 609 2219 Laert.
629 2189 673 2226 ΙΙ,
696 2191 734 2219 l:
748 2187 980 2229 Ἀναξίμανδρος
999 2186 1138 2230 Πραξιά-

72 2231 128 2265 δου
144 2233 308 2271 Μιλήσιος.

114 2279 158 2321 (3)
180 2280 341 2321 Diogenes
361 2280 508 2313 Laertius
526 2280 583 2314 lib.
607 2282 650 2322 Il,
677 2285 696 2314 2
730 2281 987 2324 εἈπολλὸδωρος
1004 2283 1022 2315 ὁ
1049 2282 1138 2322 ‘AO-12-

75 2330 175 2368 ναῖος,
197 2327 231 2365 ὃς
246 2327 301 2360 καί
323 2339 416 2370 φησιν
432 2328 526 2361 αὐτὸν
545 2329 578 2360 ἐν
593 2331 657 2366 τοῖς
677 2330 840 2387 Χρονικοῖς
862 2333 908 2372 τῷ
921 2330 1053 2372 δευτέρῳ
1078 2331 1138 2363 ἔτει

71 2378 126 2414 τῆς
141 2379 356 2414 πεντηκοστῆς
371 2375 484 2417 ὀγδόης
496 2375 720 2416 ὀλυμπιάδος
707 2376 786 2408 ετῶν
802 2376 881 2408 εἶναι
900 2377 1050 2416 ἑξήκοντα
1066 2388 1138 2410 τεσ-

73 2421 199 2465 σάρων,
219 2424 273 2456 καὶ
299 2424 366 2466 μετ’
383 2423 489 2465 ὀλίγον
514 2424 717 2465 τελευτῆσαι,
731 2424 920 2467 ἀκμάσαντά
934 2437 979 2465 πη
1002 2426 1140 2468 μάλιστα

75 2472 159 2503 κατὰ
174 2471 377 2513 Πολυκράτην
396 2472 450 2504 τὸν
464 2471 573 2514 Σάμου
586 2473 745 2514 τύραννον.

116 2517 162 2560 (4)
178 2519 294 2551 suidas
313 2527 346 2552 v.
364 2518 502 2557 Ἴῧυκος.

118 2566 163 2607 (5)
178 2566 272 2599 Conf.
297 2568 334 2599 c.
355 2566 500 2601 clinton.
528 2568 616 2601 Fast.
639 2567 764 2601 Hellen.
787 2569 950 2601 Caeterum
984 2569 1139 2602 Corsinus

73 2615 162 2647 Fast.
180 2614 279 2647 Attio.
301 2616 314 2647 I
340 2624 371 2656 p.
396 2617 436 2648 89
458 2619 490 2647 et
517 2624 549 2656 p.
581 2619 638 2648 118
664 2625 683 2654 e
701 2615 856 2656 Diogenis
880 2616 952 2649 loco
971 2616 1029 2649 lib.
1055 2619 1098 2656 Il,
1118 2619 1137 2649 3

74 2670 173 2704 quem
195 2662 265 2704 ipse
279 2663 430 2696 emendat
449 2663 637 2704 concludit,
652 2664 928 2697 Anaximandrum
948 2665 1139 2707 olympiadis

74 2710 182 2743 LXIII
208 2717 293 2742 anno
312 2710 417 2751 primo
442 2709 510 2742 vita
539 2709 731 2743 defunctum
751 2719 834 2743 esse.
864 2710 954 2743 Idem
979 2714 1088 2743 tamen
1108 2711 1139 2743 in

75 2757 204 2799 praefat.
228 2757 267 2789 ad
283 2757 495 2790 Plutarchum
514 2757 555 2790 de
570 2758 657 2790 Plac.
677 2758 754 2798 phil.
771 2767 841 2800 pag.
865 2759 956 2791 XXV
974 2758 1140 2791 existimat

76 2804 306 2847 philosophum
337 2813 441 2846 usque
461 2804 503 2837 ad
531 2805 750 2847 olympiadem
774 2806 907 2838 LXVIII
937 2804 1078 2846 vixisse,
1103 2806 1140 2838 ut

76 2852 290 2886 Anaximenes
316 2851 423 2893 ipsum
450 2851 562 2885 audire
587 2852 740 2894 potuerit.
773 2852 834 2886 Sed
868 2853 940 2886 haec
961 2852 1071 2885 omnia
1088 2853 1139 2885 in-

76 2901 166 2933 certa
177 2901 265 2933 sunt.

119 2947 166 2989 (6)
185 2948 298 2981 Cicero
312 2947 413 2980 Acad.
434 2949 561 2987 Quaest.
586 2948 642 2981 lib.
660 2950 715 2989 ΙΙ,
734 2951 785 2981 37.

23 3038 28 3042 .
119 2995 166 3037 (7)
185 2995 345 3036 Diogenes
367 2995 514 3028 Laertius
533 2996 591 3029 lib.
623 2998 666 3036 ll,
687 3000 725 3029 1.
750 2996 851 3033 Οὗτος
879 2996 1015 3038 ἔφασκεν
1041 2995 1140 3038 ἀρχὴν

77 3043 132 3075 καὶ
149 3047 305 3086 στοιχεῖον
318 3043 354 3076 τὸ
368 3043 512 3086 ἄπειρον,
532 3044 570 3076 οὐ
592 3044 732 3086 διορίζων
748 3044 825 3099 ἀέρα
842 3045 861 3082 ἢ
875 3044 990 3086 ὕδωρ
975 3056 994 3083 η
1010 3043 1085 3075 ἄλλο
1097 3055 1138 3076 τι.

76 3091 234 3124 Similiter
246 3092 435 3124 Aristoteles
453 3091 549 3134 Phys.
567 3093 625 3133 ΙΙΙ,
644 3094 684 3124 4·
675 3092 760 3133 ‚qui
782 3096 892 3125 tamen
915 3092 998 3124 libro
1015 3092 1055 3124 de
1071 3094 1140 3124 Me-

78 3138 172 3180 lisso,
189 3140 386 3181 Xenophane
401 3141 433 3172 et
446 3141 541 3181 Gorg.
559 3149 633 3182 cap
649 3145 667 3173 2
685 3141 817 3173 scribit:
836 3141 905 3174 Ἐτι
922 3141 955 3173 δὲ
974 3141 1061 3172 οὐδὲν
1075 3152 1141 3172 κω-

78 3186 144 3220 λύει
155 3210 166 3227 ,
182 3187 256 3229 μίαν
273 3188 342 3220 τινὰ
359 3187 458 3220 οὖσαν
473 3189 510 3221 τὸ
524 3191 587 3221 πᾶν
604 3189 740 3231 μορφήν,
755 3191 796 3226 ὡς
809 3190 863 3221 καὶ
878 3190 895 3220 6
910 3187 1142 3230 Ἀναξίμανδρος

80 3237 134 3268 καὶ
149 3237 168 3268 6
179 3235 378 3278 Α’ναξιμένης
390 3237 556 3277 λέγουσιν,
570 3238 588 3269 6
604 3239 660 3279 μὲν
672 3238 757 3279 ὕδωρ
773 3237 852 3269 εἶναι
866 3236 1000 3278 φάμενος
1016 3237 1052 3269 τὸ
1064 3239 1141 3278 πᾶν,

80 3283 100 3315 6
119 3283 172 3323 δέ,
193 3284 211 3315 6
232 3283 446 3326 Ἀναξιμένης,
475 3285 564 3327 ἀέρα.
587 3285 689 3318 Aliter
705 3285 860 3326 origenes
891 3285 1000 3318 Resut.
1026 3284 1140 3316 haeres.

19 3337 21 3378 J
82 3339 114 3372 p.
131 3335 191 3363 312
205 3331 256 3364 ed.
271 3332 406 3365 Miller.
416 3332 573 3370 Ἰππασος
588 3333 895 3375 μὲνὸΜεταπόντιος
909 3334 962 3365 καὶ
976 3332 1139 3375 Ἡράκλει-

81 3389 133 3416 τος
149 3380 166 3411 6
182 3378 322 3419 Ἐφέσιος
339 3381 375 3412 ἐκ
393 3381 490 3423 πυρὸς
510 3381 708 3422 ἀπεφήναντο
727 3383 783 3421 τὴν
803 3383 946 3423 γένεσιν,
965 3380 1143 3423 Ἀναξίμαν-

47 3490 51 3495 «
82 3427 376 3515 δρῖδξῗιῗὲκῗίίὲςθι
401 3475 658 3516 Aphrodisiensis
678 3476 718 3508 ad
737 3476 917 3509 Aristotelis
931 3475 1071 3517 Μεῑιιρῐι.
1085 3476 1140 3507 lib.

84 3521 100 3552 1
116 3530 187 3563 cap.
211 3526 229 3555 5
247 3531 278 3565 p.
293 3524 333 3555 34
353 3523 404 3556 ed.
421 3524 571 3557 Bonitz..
592 3524 645 3557 ’Ev
663 3524 783 3563 τούτοις
800 3524 827 3558 δ’
844 3526 881 3557 ἂν
899 3526 952 3557 καὶ
966 3523 1142 3566 Ἀναξιμαν·

1133 3594 1155 3624 2

1191 696 1329 727 rentur
1369 687 1438 738 (6),
1481 687 1545 725 vel
1573 686 1904 738 quemadmodum
1937 687 2136 739 Diogenes
2162 691 2256 727 scri-

1190 747 1250 786 bit
1275 748 1345 800 (7),
1380 747 1541 786 initium
1576 756 1614 785 et
1635 747 1872 786 elementum
1905 760 1990 787 esse
2024 747 2253 788 affirmavit.

1190 807 1382 854 Quamvis
1402 815 1530 845 autem
1547 815 1687 846 cuncta
1703 807 1752 846 ad
1774 820 1910 846 causas
1930 807 2127 846 naturales
2146 821 2260 846 revo-

1193 879 1258 904 cai
1260 875 1321 915 et
1338 875 1468 905 tamen
1484 879 1612 916 neque
1631 880 1795 918 aquam,
1814 880 1941 918 neque
1961 867 2117 936 ignem,
2132 880 2260 936 neque

1192 939 1337 974 aerem,
1350 939 1479 978 neque
1497 926 1627 965 simile
1638 927 1842 979 quippiam
1866 939 1997 965 reium
2019 927 2259 979 principium

1192 987 1399 1024 nominare
1416 986 1556 1025 solitus
1575 994 1654 1035 est,
1672 986 1740 1026 sed
1760 987 1795 1026 si
1814 986 2039 1025 Alexandro
2060 986 2171 1039 Aphr
2174 987 2262 1026 odi-

1193 1045 1314 1084 siensi
1339 1044 1390 1113 (8)
1419 1045 1641 1093 credimus,
1665 1045 1834 1084 mediam
1864 1045 2061 1097 quandam
2082 1054 2260 1085 naturam

1193 1117 1240 1143 eo
1256 1105 1418 1143 nomine
1438 1105 1584 1145 affecit.
1602 1104 1654 1144 Ut
1668 1118 1764 1144 vero
1780 1118 1830 1144 ex
1844 1105 2040 1144 infinitate
2053 1119 2115 1145 res
2126 1119 2262 1146 omnes

1193 1164 1230 1203 ei
1254 1163 1494 1203 videbantur
1515 1165 1642 1204 oriri.
1665 1164 1724 1204 sic
1742 1173 1849 1203 ortas
1871 1174 1909 1203 et
1928 1165 2132 1217 paullatim
2151 1179 2262 1205 sene-

1195 1233 1346 1263 scentes
1376 1225 1418 1262 in
1448 1237 1533 1262 eam
1568 1224 1736 1263 dissolvi
1765 1224 2037 1263 contendebat.
2068 1225 2263 1271 Quocirca

1194 1283 1506 1323 innumerabiles
1538 1284 1655 1322 etiam
1695 1284 1866 1323 mundos
1898 1285 2007 1323 nasci
2045 1286 2198 1324 censuit
2226 1295 2263 1324 et

1195 1356 1336 1382 iursus
1355 1343 1522 1382 interitu
1548 1356 1620 1382 suo
1641 1343 1689 1381 ad
1710 1343 1778 1381 illa
1799 1344 1904 1381 unde
1927 1345 2126 1396 procreati
2152 1354 2263 1383 erant

1196 1404 1348 1442 semina
1370 1402 1512 1453 ledigi.
1544 1402 1664 1441 Addit
1683 1416 1805 1455 porro
1831 1403 1922 1441 ideo
1942 1416 2027 1442 esse
2044 1404 2261 1452 infinitum,

1197 1475 1246 1501 ne
1261 1463 1441 1513 quando
1430 1475 1465 1500 1s
1474 1475 1543 1513 qui
1553 1470 1723 1501 nuncest
1738 1474 1872 1500 rerum
1887 1476 1933 1500 or
1936 1470 1998 1501 tus
2015 1463 2175 1502 deficiat
2188 1468 2260 1515 (9).

1196 1522 1330 1569 Quid?
1352 1521 1459 1573 quod
1480 1522 1748 1560 infinitionem
1770 1522 1880 1561 illam
1901 1522 1988 1561 sive
2014 1523 2262 1562 immensita-

1198 1590 1299 1629 tem,
1319 1595 1384 1620 1e1
1386 1595 1451 1620 um
1464 1581 1679 1632 originem,
1695 1582 1858 1620 omnino
1877 1582 2162 1622 immutabilem
2179 1595 2265 1621 esse

1197 1642 1234 1680 ei
1270 1641 1441 1694 placuit,
1478 1641 1571 1679 licet
1594 1650 1726 1693 partes
1751 1640 1838 1694 ejus
1867 1643 2012 1682 mutari
2049 1643 2264 1682 arb1t1a1e

1199 1711 1263 1740 tui
1274 1702 1306 1753 (1
1315 1702 1373 1753 o).
1384 1702 1578 1741 Praeterea
1588 1710 1729 1740 terram
1739 1701 1864 1740 centri
1880 1702 2262 1741 instarconstitutam

1199 1761 1331 1800 medio
1351 1761 1440 1799 loco
1462 1761 1574 1800 sitam
1596 1774 1681 1800 esse
1698 1760 1982 1812 globosamque
2015 1761 2181 1800 formam
2198 1761 2265 1799 ha·

1199 1821 1311 1861 bere.
1332 1821 1483 1860 Lunam
1506 1821 1604 1860 falso
1619 1821 1754 1860 lucere
1767 1822 1917 1861 lumine
1936 1822 2266 1874 splendoremque

1201 1894 1224 1919 a
1239 1881 1322 1920 sole
1338 1881 1523 1919 mutuari.
1554 1885 1604 1919 At
1618 1881 1740 1919 solem
1757 1889 1863 1920 tanta
1879 1894 1964 1920 esse
1976 1882 2263 1932 magnitudine,

1201 2042 1270 2084 δρος
1283 2042 1331 2080 εἷη
1349 2042 1367 2074 ὁ
1382 2042 1438 2080 τὴν
1455 2041 1569 2082 μεταξὺ
1588 2041 1679 2082 φύσιν
1699 2042 1844 2083 θέμενος,
1863 2040 1899 2081 ἧς
1920 2042 2009 2081 δόξης
2035 2042 2249 2084 ἐμνημόνευσε
2235 2055 2267 2075 εν

1199 2090 1231 2122 ἐν
1244 2093 1307 2128 τοῖς
1321 2091 1391 2133 περὶ
1408 2091 1574 2127 Γενέσεως.
1594 2090 1685 2123 Idem
1709 2099 1741 2132 p.
1756 2093 1819 2123 36.
1839 2091 1879 2123 Οῐ
1898 2091 1953 2131 μὲν
1967 2091 2026 2132 γὰρ
2042 2091 2126 2133 ὕδωρ
2139 2091 2267 2134 ἄπειρον

1199 2139 1278 2171 εἶναι
1290 2140 1344 2177 ,οἱ
1366 2138 1399 2171 δὲ
1414 2138 1512 2180 ἀέρα,
1533 2139 1563 2171 οἱ
1579 2138 1613 2171 δέ
1626 2149 1696 2170 τινα
1710 2139 1823 2178 μεταξὺ
1838 2137 1947 2179 φύσιν,
1965 2140 2009 2176 ὡς
2023 2138 2265 2181 Ἀναξίμανδρος.

1200 2186 1289 2219 Idem
1307 2186 1347 2218 ad
1367 2186 1511 2227 Metapb.
1538 2188 1549 2218 l
1568 2195 1640 2227 cap.
1659 2189 1679 2218 6
1696 2196 1728 2228 p.
1752 2190 1817 2219 45.
1837 2187 2021 2228 Προσέθηκε
2038 2187 2071 2219 δὲ
2086 2190 2124 2229 τῇ
2145 2187 2267 2229 ἱστορίᾳ

1200 2235 1253 2266 καὶ
1268 2235 1324 2273 τὴν
1346 2233 1582 2276 Ἀναξιμάνδρου
1600 2234 1709 2271 δόξαν,
1725 2234 1758 2272 ὃς
1781 2234 1881 2276 ἀρχὴν
1906 2234 1992 2266 ἔθετο
2007 2235 2063 2273 τὴν
2078 2236 2191 2276 μεταξὺ
2210 2237 2267 2277 φύ·

1200 2293 1250 2313 σιν
1266 2281 1355 2339 ἀέρος
1376 2293 1411 2313 τε
1435 2282 1490 2313 καὶ
1504 2281 1619 2324 πυρός,
1638 2282 1659 2321 ἢ
1680 2282 1769 2323 ἀέρος
1786 2292 1819 2313 τε
1842 2282 1896 2314 καὶ
1916 2282 2048 2319 ὕδατος·
2068 2283 2191 2322 λέγεται
2207 2285 2268 2327 γὰρ

1201 2329 1392 2370 ἀμφοτέρω..
1417 2329 1467 2362 Cf.
1493 2338 1528 2370 p.
1557 2332 1610 2362 46.
1630 2331 1703 2362 Huc
1722 2329 1868 2362 nonnulli
1899 2330 2043 2362 referunt
2068 2331 2202 2365 Aristo!
2226 2332 2267 2364 de

1200 2376 1280 2407 Coel.
1305 2377 1368 2417 ΙΙΙ,
1386 2381 1429 2408 5:
1448 2375 1549 2408 Ἔνιοι
1573 2378 1634 2418 γὰρ
1651 2376 1683 2409 ἓν
1707 2376 1801 2418 μόνον
1816 2376 2031 2416 ὑποτίθενται,
2050 2378 2103 2409 και
2121 2381 2215 2410 τοῦτο
2237 2380 2267 2410 οἱ

1202 2423 1256 2464 μὲν
1271 2424 1366 2465 ὕδωρ,
1379 2426 1410 2456 οἳ
1426 2424 1458 2456 δὲ
1473 2422 1569 2465 ἀέρα,
1590 2426 1619 2456 οἱ
1634 2424 1667 2456 δὲ
1686 2427 1759 2467 πῦρ,
1774 2427 1803 2457 οἱ
1825 2424 1857 2456 δὲ
1874 2425 1986 2461 ὕδατος
2000 2425 2055 2466 μὲν
2070 2425 2266 2469 λεπτότερον,

1201 2471 1289 2512 ἀέρος
1309 2471 1342 2503 δὲ
1358 2471 1570 2514 πυκνότερον,
1587 2471 1605 2503 ὃ
1622 2473 1777 2514 περιέχειν
1793 2473 1870 2511 φασὶ
1887 2471 2007 2509 πάντας
2032 2473 2104 2511 τοὺς
2119 2474 2268 2516 οὔρανοὺς

1201 2517 1260 2550 ἄπε
1248 2529 1329 2560 ειρον
1364 2519 1418 2561 ὄν,
1446 2520 1593 2552 extrema
1620 2519 1662 2551 ad
1695 2518 1975 2552 Anaximandrum
2005 2520 2167 2560 pertinere
2193 2521 2266 2553 rati.

1201 2566 1386 2608 Simplicius
1409 2569 1538 2600 comm.
1556 2567 1597 2600 ad
1612 2568 1711 2600 Arist.
1728 2567 1827 2609 Phys.
1849 2568 1966 2609 partim
1987 2570 2074 2601 recte
2090 2567 2131 2602 de
2150 2570 2268 2602 Anaxi-

1197 2613 1339 2646 mandro
1355 2614 1522 2656 disputat,
1544 2617 1582 2647 ut
1598 2614 1655 2647 sol.
1673 2618 1691 2646 6
1708 2623 1739 2655 a,
1760 2614 1876 2656 partim
1895 2614 1985 2656 prius
2005 2614 2167 2647 dictorum
2183 2615 2270 2648 obli·

1202 2663 1254 2694 tus
1270 2661 1312 2694 ad
1327 2662 1382 2695 lib.
1401 2664 1463 2703 111,
1479 2664 1497 2694 4
1515 2663 1546 2695 et
1567 2666 1585 2695 5
1606 2665 1727 2695 temere
1744 2661 1966 2695 Alexandrum
1983 2662 2268 2704 Aplirodisiensem

1201 2710 1358 2751 sequitur.

1247 2757 1295 2797 (9)
1315 2756 1509 2789 Plutarchus
1528 2756 1571 2789 de
1583 2757 1671 2790 Plac.
1691 2756 1771 2799 phil.
1792 2756 1848 2789 lib.
1867 2758 1897 2797 1,
1916 2759 1961 2790 3:
1980 2756 2214 2800 Ἀναξίμανδρος
2235 2759 2270 2790 δὲ

1201 2805 1219 2836 6
1235 2804 1389 2843 Μιλήσιός
1402 2816 1501 2846 φησι,
1519 2808 1583 2837 τῶν
1597 2804 1695 2838 ὄντων
1711 2805 1768 2844 τὴν
1791 2805 1891 2847 ἀρχὴν
1910 2805 1990 2838 εἶναι
2005 2806 2042 2838 τὸ
2055 2805 2209 2848 ἄπειρον·
2233 2807 2271 2839 ἐκ

1203 2852 1264 2894 γὰρ
1278 2852 1389 2884 τούτου
1406 2852 1510 2884 πάντα
1522 2853 1689 2894 γίνεσθαι,
1707 2853 1761 2884 καὶ
1781 2853 1824 2890 εἰς
1843 2856 1938 2885 τοῦτο
1952 2852 2058 2886 πάντα
2071 2854 2267 2896 φθείρεσθαι·

1205 2900 1253 2932 διὸ
1269 2901 1323 2932 καὶ
1344 2901 1511 2941 γεννᾶσθαι
1539 2900 1685 2943 ἀπείρους
1711 2900 1874 2942 κόσμους,
1896 2901 1951 2934 και
1969 2900 2063 2934 πάλιν
2094 2901 2271 2959 φθείρεσθαι

1202 2948 1244 2985 εἰς
1257 2948 1293 2980 τὸ
1309 2948 1339 2984 ἐξ
1372 2948 1409 2980 οὗ
1430 2950 1560 2989 γίνεται.
1585 2950 1667 2990 λέγει
1688 2947 1765 2989 οὖν,
1791 2949 1843 2981 διὰ
1871 2948 1902 2981 τί
1936 2948 2065 2991 ἄπειρόν
2093 2950 2198 2990 ἐστιν;
2218 2950 2270 2982 ἵνα

1204 2996 1299 3037 μηδὲν
1318 2996 1443 3039 ἐλλείπῃ
1456 2998 1476 3036 ἡ
1498 2997 1619 3038 γένεσις
1632 2998 1652 3036 ἡ
1681 2997 1888 3051 ὑφισταμένη.
1920 2996 2091 3039 ἁμαρτάνει
2105 2997 2137 3029 δὲ
2157 2997 2247 3034 οὗτος
2259 3022 2268 3039 ,

1204 3044 1247 3085 μὴ
1265 3044 1389 3085 λέγων,
1412 3045 1441 3077 τί
1455 3045 1522 3077 ἐστι
1543 3045 1580 3077 τὸ
1600 3044 1752 3088 ἄπειρον,
1773 3044 1904 3086 πότερον
1927 3045 1987 3086 ἀήρ
2005 3044 2090 3077 ἐστιν
2109 3046 2126 3082 ἢ
2146 3044 2230 3086 ὕδωρ
2247 3045 2268 3083 ἢ

1202 3097 1265 3133 γῆ,
1279 3093 1299 3149 ᾖ
1317 3093 1397 3126 ἄλλα
1406 3093 1476 3126 τινὰ
1498 3093 1657 3136 σώματα·
1672 3092 1844 3135 ἁμαρτάνει
1858 3091 1932 3135 ουν,
1951 3093 2007 3131 τὴν
2025 3092 2080 3134 μὲν
2100 3092 2175 3130 ὕλην
2193 3091 2271 3124 ἀπο-

1203 3140 1403 3183 φαινόμενος,
1418 3141 1455 3174 τὸ
1469 3140 1502 3174 δὲ
1515 3143 1628 3174 ποιοῦν
1641 3140 1742 3173 αἶτιον
1755 3140 1902 3183 ἀναιρῶν.
1916 3141 1953 3173 τὸ
1967 3140 2027 3182 γὰρ
2040 3139 2167 3182 ἄπειρον
2181 3139 2270 3171 οὐόεν

1204 3189 1279 3221 ἄλλο
1298 3190 1318 3229 ἢ
1335 3190 1394 3228 ὕλη
1413 3189 1576 3231 ἐστίν·οὐ
1593 3189 1722 3222 δύναται
1743 3190 1777 3222 δὲ
1797 3190 1818 3228 ἡ
1831 3189 1890 3228 ὕλη
1914 3189 1992 3221 εἶναι
2007 3188 2067 3220 ἐν’
2054 3187 2215 3230 ενεργείᾳ,
2231 3188 2270 3219 ἂν

1205 3237 1248 3278 μὴ
1259 3238 1295 3270 τὸ
1317 3241 1428 3270 ποιοῦν
1447 3238 1631 3276 ὑποκέηται.

1248 3285 1314 3327 (10)
1332 3287 1490 3328 Diogenes
1506 3288 1649 3319 Laertius
1668 3285 1726 3318 lib.
1744 3286 1789 3326 ΙΙ,
1807 3287 1848 3317 1:
1868 3286 1922 3318 καὶ
1947 3285 1987 3317 τὰ
2011 3285 2067 3326 μὲν
2081 3284 2156 3326 μέρη
2179 3294 2215 3324 με
2218 3294 2271 3314 τα-

1205 3333 1348 3376 ὃάλλειν,
1366 3335 1402 3367 τὸ
1426 3335 1459 3367 δὲ
1473 3338 1537 3367 πᾶν
1554 3334 1770 3376 ἀμετάόλητον
1787 3333 1882 3366 εἶναι.
1911 3333 2097 3373 Simplicius
2115 3332 2154 3363 ad
2171 3331 2266 3363 Arist.

1206 3381 1302 3422 Phys.
1331 3358 1387 3414 llb.
1414 3382 1466 3415 If.
1496 3386 1546 3416 9·
1567 3382 1622 3414 καὶ
1648 3385 1710 3414 τῶν
1738 3381 1811 3422 μίαν
1840 3381 1893 3413 καὶ
1914 3380 2098 3421 κινουμένην
2116 3378 2267 3418 λεγόντων

1203 3428 1436 3472 Ἀναξίμανδρος
1451 3430 1658 3472 ὁΠραξιάδου
1688 3429 1842 3468 Μιλήσιος
1861 3427 1987 3469 ἄπειρόν
2006 3438 2075 3458 τινα
2090 3425 2198 3467 φύσιν,
2217 3424 2269 3455 ἅ)-

1205 3478 1260 3516 λην
1286 3477 1385 3511 ουσαν
1404 3481 1468 3511 τῶν
1496 3477 1661 3520 τεσσάρων
1688 3476 1872 3519 στοιχείων,
1898 3475 1996 3517 ἀρχὴν
2016 3475 2122 3513 ἔθετο,
2147 3472 2182 3510 ἧς
2213 3472 2268 3508 τὴν

1206 3525 1307 3558 ἀίδιον
1323 3526 1446 3564 κίνησιν
1463 3525 1567 3558 αἰτίαν
1591 3525 1670 3557 εἶναι
1687 3528 1740 3563 τῆς
1762 3528 1824 3556 τῶν
1841 3524 1938 3555 ὄντων
1957 3533 2025 3562 γενε
2029 3531 2109 3556 σεως
2127 3519 2223 3560 ἔλεγε.

1192 3592 1210 3624 7
