2612 3814
6 3440 14 3576 wo...-
9 3411 13 3430 -,
6 3353 12 3383 μ.
6 3310 11 3339 .-.
6 3282 14 3295 v

7 3764 14 3814 ..ψ-ν

342 250 389 280 68
1215 239 1625 279 COMMENTARlUS

339 330 395 367 sic
413 329 452 366 in
468 329 682 380 posteriore
699 337 808 366 acuta
821 328 959 367 calidis
974 329 1154 381 opposita
1170 328 1217 367 de
1234 328 1385 378 frigidis

342 386 590 437 intelligenda
626 387 769 425 videri.
802 386 999 438 Siquidem
1035 387 1104 425 hac
1136 387 1387 425 translatione

342 446 522 484 Horatius
545 445 674 485 Carm.
694 445 765 484 lib.
793 445 825 492 l,
844 460 885 496 9,
911 453 930 492 4
956 448 1043 497 gelu
1057 456 1205 483 acutum
1230 445 1330 483 dixit
1350 454 1386 483 et

339 513 425 542 ante
441 518 528 543 eum
545 505 737 543 Pindarus
752 504 866 556 Pyth.
889 505 921 552 l,
945 519 994 542 20
1011 502 1098 557 χιὼν
1113 504 1222 554 ὀξεῖα,
1241 503 1308 542 ubi
1326 504 1385 541 in-

340 572 488 615 terpres
512 563 670 603 Graecus
692 578 701 601 :
728 563 840 608 ὀξεῖαν
861 564 896 602 δὲ
918 564 1020 615 χιόνα
1040 563 1157 616 φησὶν,
1180 563 1258 611 ἤτοι
1288 562 1385 615 παρὰ

339 621 402 669 τὴν
420 622 619 668 πυκνότητα
641 624 703 668 τῆς
737 627 937 675 καταφορᾶς
961 621 981 668 ἢ
1002 621 1100 674 παρὰ
1124 622 1189 669 τὴν
1206 620 1385 675 ψυχρότη-

339 695 406 732 τα,
435 680 486 719 ὅτι
504 682 534 720 οἳ
557 681 788 734 ἐφαπτόμενοι
816 680 935 732 ὅμοιόν
960 696 992 719 τι
1019 681 1197 734 πάσχουσι
1217 686 1284 724 τοῖς
1304 695 1380 719 κεν-

338 739 529 791 τουμένοις.

391 803 474 839 Vss.
501 800 698 845 340-341.
721 798 801 850 οἴνῳ
822 798 914 850 ὕδωρ
948 796 1039 851 κτλ.]
1068 799 1312 850 Pliiloponus
1344 799 1384 836 in

340 858 497 896 Aristot.
511 858 558 896 de
571 858 892 897 Gene1·at.Anim.
908 857 943 895 ll
961 858 986 897 f.
1003 858 1052 908 59
1067 872 1101 898 a.
1117 871 1125 896 :
1142 857 1385 905 Ἐμπεδοκλῆς

340 916 374 953 ἐν
395 915 506 955 ἅπασι
530 922 599 960 τοῖς
618 915 758 965 σώμασι
776 921 846 958 τοῖς
868 915 934 954 ὑπὸ
967 917 1131 964 σελήνην,
1164 911 1233 955 οἷον
1257 916 1382 966 ὕδασι,

339 973 464 1019 ἐλαίοις
484 975 543 1013 καὶ
574 979 644 1017 τοῖς
673 975 788 1018 ἄλλοις
819 968 907 1012 εἶναι
937 975 1054 1026 ἔλεγεν
1083 975 1385 1027 ἀναμεμιγμένους

338 1031 463 1085 πόρους
482 1032 541 1070 καὶ
561 1031 684 1070 ναστά·
718 1032 777 1071 καὶ
795 1031 871 1075 τοὺς
886 1031 948 1083 μὲν
963 1033 1088 1085 πόρους
1107 1034 1251 1073 ἐκάλεσε
1268 1035 1383 1081 κοῖλα,

337 1090 379 1128 τὰ
400 1090 435 1129 δὲ
455 1089 565 1129 ναστὰ
585 1091 710 1130 πυκνά.
733 1090 804 1130 Καὶ
834 1085 881 1129 ὧν
901 1091 964 1140 μέν
985 1093 1052 1130 εἰσι
1073 1092 1116 1130 τὰ
1137 1092 1249 1132 ναστὰ
1272 1093 1333 1132 καὶ
1353 1095 1383 1131 οῖ

337 1150 455 1202 πόροι,
471 1149 628 1189 τουτέστι
649 1150 693 1189 τὰ
717 1152 816 1189 κοῖλα
842 1150 900 1188 καὶ
917 1151 1052 1199 πυκνά,
1073 1151 1277 1206 σύμμετρα,
1294 1151 1383 1191 ὥστε

338 1209 503 1249 δύνασθαι
533 1210 576 1248 δι’
606 1209 769 1255 ἀλλήλων
797 1215 936 1263 χωρεῖν,
959 1210 1090 1250 τούτων
1118 1210 1268 1264 ἔφασκεν
1297 1206 1384 1250 εἶναι

338 1267 428 1318 μῖξιν
446 1268 505 1307 καὶ
527 1275 664 1321 κρᾶσιν,
681 1262 750 1307 οἷον
774 1267 896 1313 ὕδατος
915 1268 974 1308 καὶ
994 1270 1104 1309 οἴνου·
1130 1265 1178 1309 ὧν
1208 1270 1243 1309 δὲ
1264 1269 1383 1321 ἀσύμ-

338 1342 467 1381 μετρα,
487 1327 619 1377 ἄμικτα
637 1332 746 1367 ταῦτα
763 1322 849 1366 ε’ἷναι
866 1327 1030 1381 ἔφασκεν,
1052 1329 1171 1381 ὥσπερ
1191 1329 1307 1369 ἔλαιον
1324 1330 1383 1369 καὶ

336 1385 449 1439 ὕδωρ·
470 1385 554 1439 φησὶ
573 1386 662 1438 γάρ·
682 1385 775 1439 ὕδωρ
793 1385 873 1438 οἴνῳ
891 1388 1023 1436 μᾶλλον
1045 1387 1256 1440 ἐναρίθμιον,
1274 1387 1384 1438 αὐτὰρ

337 1444 444 1496 ἐλαίῳ
460 1446 523 1483 οὐκ
543 1444 664 1484 ἐθέλει.
686 1445 812 1490 Quum
832 1445 952 1484 verba
971 1460 1057 1497 quae
1085 1460 1134 1485 ex
1162 1447 1383 1499 Philopono

337 1503 446 1542 attuli
478 1512 601 1542 metro
628 1511 864 1554 repugnent,
888 1503 1143 1556 Empedocles
1167 1514 1292 1544 autem
1315 1519 1382 1558 pe-

336 1562 535 1601 nultimam
553 1562 662 1601 vocis
679 1561 771 1613 ὕδωρ
788 1562 977 1613 syllabam
996 1563 1112 1602 modo
1128 1565 1327 1616 corripiat,
1342 1574 1384 1603 ut

336 1634 394 1659 vs.
419 1621 505 1667 358,
532 1622 650 1658 modo
682 1620 894 1671 producat,
926 1629 968 1659 ut
992 1634 1050 1660 vs.
1085 1623 1177 1669 357,
1209 1623 1383 1661 Sturzius

333 1680 456 1718 edidit
479 1694 487 1717 :
511 1678 591 1732 οἴνῳ
611 1680 744 1730 μᾶλλον
774 1678 866 1731 ὕδωρ
892 1679 1103 1733 ἐναρίθμιον,
1125 1680 1236 1732 αὐτὰρ
1263 1681 1381 1734 ἐλαίῳ.

336 1739 449 1790 Atqui
481 1738 678 1791 ἐναρίθμιον
707 1739 811 1789 quod
836 1739 938 1777 valet
964 1742 1290 1778 adnumerandum
1313 1741 1383 1779 vix

334 1798 538 1847 quisquam
569 1796 713 1834 dixerit
740 1796 787 1835 de
820 1797 936 1835 rebus
966 1811 1052 1849 quae
1077 1799 1140 1837 vel
1163 1799 1383 1837 coalescunt

334 1856 395 1894 vel
417 1858 639 1894 miscentur.
656 1855 751 1894 Nam
770 1869 818 1893 ne
830 1857 881 1894 de
901 1856 988 1895 aliis
1005 1857 1208 1896 vocabulis
1226 1858 1380 1909 loquar,

333 1915 530 1967 imprimis
545 1914 609 1952 hic
621 1916 903 1966 exspectaveris
914 1915 1059 1969 ἅρθμιον
1071 1916 1177 1967 quod
1191 1930 1238 1955 eo
1265 1930 1380 1956 sensu

334 1986 453 2025 supra
481 1973 685 2024 usurpavit
715 1973 965 2025 Empedocles
997 1988 1057 2014 vs.
1099 1976 1190 2013 262.
1227 1975 1312 2021 Qua
1340 1990 1382 2014 re

333 2032 605 2070 animadversa
625 2031 851 2071 Karstenius
871 2033 1027 2085 scripsit
1041 2033 1133 2085 ὕδωρ
1151 2034 1232 2087 οἴνῳ
1248 2036 1380 2085 μᾶλλον

333 2089 532 2142 ἐνᾶρθμιον,
543 2089 652 2143 αὐτὰρ
663 2090 786 2144 ἐλαίῳ,
798 2092 966 2131 Steinius
979 2105 1075 2131 vero
1089 2092 1170 2145 οἴνῳ
1183 2092 1276 2146 ὕδωρ
1288 2095 1380 2144 μᾶλ-

333 2150 390 2188 λον
408 2148 470 2200 μὲν
485 2149 680 2201 ἐνάρθμιον,
695 2149 805 2203 αὐτὰρ
820 2150 937 2204 ἐλαίῳ.
960 2152 1011 2190 At
1033 2152 1198 2191 offendit
1222 2167 1380 2205 compo-

332 2208 446 2247 situm
459 2207 638 2261 ἐνάρθμιον
648 2209 790 2248 idonea
797 2210 1024 2249 auctoritate
1032 2210 1270 2250 destitutum.
1282 2212 1380 2250 Hinc

331 2267 433 2306 haud
458 2268 643 2319 gravatim
674 2270 861 2321 reposui':
881 2269 962 2321 οἴνῳ
991 2269 1085 2322 ὕδωρ
1116 2272 1250 2320 μᾶλλον
1280 2271 1381 2310 πέλει

333 2325 489 2378 ἄρθμιον,
511 2327 622 2380 αὐτὰρ
651 2328 770 2381 ἐλαίῳ.
806 2329 1035 2382 Exemplum
1068 2330 1142 2368 hoc
1172 2332 1381 2383 proposuit

294 2419 297 2424 .
331 2384 605 2437 Empedocles,
623 2394 666 2424 ut
682 2386 966 2427 demonstraret
978 2418 989 2437 ,
1009 2391 1208 2440 quomodo
1228 2390 1269 2428 in
1287 2404 1378 2429 con-

333 2442 467 2482 cubitu
490 2457 619 2482 semen
638 2445 842 2497 utriusque
862 2459 976 2486 sexus
997 2461 1100 2486 nunc
1117 2450 1376 2499 concordare,

334 2515 437 2541 nunc
459 2502 684 2542 discordare
705 2506 848 2554 soleat,
871 2507 1066 2547 interdum
1087 2508 1203 2547 fetum
1228 2509 1377 2560 gignat,

333 2561 427 2600 alias
444 2562 576 2600 sterile
594 2572 745 2602 maneat
764 2579 772 2602 :
791 2566 894 2604 unde
913 2567 1106 2606 mulorum
1125 2569 1240 2606 etiam
1258 2570 1379 2608 steri-

334 2619 479 2659 litatem
510 2621 705 2672 explicare
740 2632 901 2663 conatus
933 2636 1005 2664 est.
1038 2627 1234 2666 Discimus
1263 2628 1338 2667 hoc
1356 2643 1377 2668 e

333 2676 486 2717 duobus
500 2678 717 2719 Aristotelis
732 2682 842 2730 locis,
859 2682 928 2721 ubi
941 2684 1098 2723 effatum
1128 2686 1228 2725 illud
1257 2689 1380 2738 tangit

334 2735 382 2774 de
396 2735 538 2775 Gener.
557 2738 724 2778 Animal.
751 2740 783 2788 1,
810 2742 855 2779 18
867 2755 908 2793 p.
928 2743 1003 2781 805
1026 2744 1059 2782 D
1073 2753 1087 2783 t
1101 2746 1139 2784 οὗ
1159 2747 1225 2800 γὰρ
1243 2746 1285 2794 δὴ
1301 2748 1378 2788 οὐδὲ

332 2796 433 2833 τοῦτο
447 2795 623 2848 ἐνδέχεται
638 2797 764 2849 λέγειν,
783 2802 828 2843 ὡς
846 2800 900 2849 (τὸ
914 2801 1070 2857 σπέρμα)
1085 2807 1128 2857 τῇ
1142 2809 1378 2859 κατακεράσει

335 2852 518 2898 αὐξάνεται
532 2854 688 2907 ὕστερον,
704 2855 822 2911 ὥσπερ
836 2852 924 2904 οἶνος
937 2859 1059 2906 ὕδατος
1072 2865 1378 2917 προσεγχυθέντος.

334 2910 392 2951 Cf.
407 2910 551 2950 ibidem
569 2912 618 2959 11,
637 2915 660 2952 8
671 2928 711 2966 p.
732 2917 808 2954 830
822 2916 874 2965 E;
891 2918 1182 2972 Theophrastus
1198 2924 1246 2963 de
1255 2924 1379 2965 Sensu

335 2983 370 3006 c.
398 2984 443 3008 12
464 2984 505 3023 p.
535 2971 609 3009 651
645 2973 707 3012 ed.
737 2975 915 3019 Schneid.
945 2977 1058 3024 Quod
1087 2981 1283 3033 reliquum
1322 2995 1380 3024 est

335 3027 443 3066 istud
474 3030 537 3067 οὐκ
568 3029 678 3069 ἐθέλει
707 3032 915 3074 subaudito
946 3037 1205 3090 συμμίγνυσθαι
1233 3042 1378 3083 intelli-

335 3085 516 3135 gendum.
535 3088 689 3128 Diserte
705 3090 744 3128 id
761 3093 872 3144 ponit
887 3094 997 3134 Plato
1013 3097 1133 3150 Soph.
1157 3113 1196 3152 p.
1221 3103 1296 3140 262
1319 3102 1349 3141 Ε
1366 3118 1375 3142 :

336 3144 396 3183 καὶ
419 3144 487 3196 μὴν
504 3145 540 3184 ἕν
560 3146 600 3197 γε’
616 3163 650 3187 τι
669 3147 799 3188 τούτων
815 3153 1016 3205 ἀναγκαῖον,
1032 3155 1055 3203 ἢ
1078 3159 1194 3197 πάντα
1218 3159 1240 3207 ἢ
1268 3162 1376 3210 μηδὲν

333 3202 357 3249 ἢ
391 3202 436 3243 τὰ
468 3202 530 3254 μὲν
560 3204 702 3256 ἐθέλειν,
720 3207 764 3246 τὰ
792 3210 828 3249 δὲ
859 3211 907 3262 μὴ
937 3213 1209 3267 συμμίγνυσθαι.
1233 3218 1374 3259 Notum

334 3261 447 3300 verbi
465 3261 592 3302 ἐθέλειν
612 3277 724 3303 usum
739 3296 749 3314 ‚
771 3281 848 3319 quo
862 3271 977 3310 etiam
996 3273 1044 3311 ad
1065 3288 1126 3313 res
1145 3276 1377 3319 inanimatas

333 3320 580 3370 transfertur,
598 3336 685 3361 cum
707 3325 773 3364 alii
793 3327 1060 3378 illustrarunt,
1079 3341 1160 3372 tum
1182 3336 1378 3376 Stallbau-

334 3379 436 3476 'nh-{⁵
454 3380 616 3477 inBPlat.
637 3382 819 3425 Phaedon.
844 3402 883 3438 p.
911 3403 981 3428 102
1018 3392 1051 3428 D
1070 3401 1108 3430 et
1138 3393 1186 3432 de
1207 3394 1304 3447 Rep.
1339 3396 1376 3434 II

333 3451 373 3488 p.
420 3452 467 3487 07
520 3468 529 3478 .

1499 327 1564 365 Vs.
1594 328 1685 371 342.
1723 325 1842 378 βύσσῳ
1863 325 1899 363 δὲ
1924 324 2016 380 κτλ.]
2036 326 2270 365 Plutarchus
2303 327 2351 366 de
2381 329 2495 368 Orac.

1447 386 1522 423 def.
1546 399 1634 437 pag.
1660 385 1755 432 433,
1777 384 1859 423 vol.
1879 383 1952 424 vn
1971 399 2011 435 p.
2037 392 2109 434 704
2130 385 2192 424 ed.
2216 385 2346 427 Reisk.
2368 396 2496 428 osten-

1448 445 1544 483 dens
1566 445 1643 483 alia
1664 443 1753 482 aliis
1782 456 1865 482 esse
1894 445 2148 495 congruentia
2168 445 2403 498 Empedocle
2422 449 2499 488 uti-

1447 512 1510 542 tur
1543 513 1713 542 auctore.
1737 502 1827 541 Haec
1856 512 1982 542 autem
2012 503 2098 555 ejus
2126 504 2245 543 verba
2264 514 2383 544 sunt:
2407 506 2500 547 ἄλλα

1445 561 1511 615 γὰρ
1534 563 1651 606 ἄλλοις
1685 563 1796 600 οἰκεῖα
1816 561 1876 600 καὶ
1896 561 2098 616 πρόσφορα,
2135 562 2294 616 καθάπερ
2338 568 2399 612 τῆς
2438 565 2504 617 μὲν

1445 622 1621 676 πορφύρας
1638 624 1656 660 ὁ
1677 620 1824 672 κύαμος,
1847 624 1909 669 τ’ῆς
1928 622 1964 660 δὲ
1983 622 2111 661 κόκκου
2134 622 2174 661 τὸ
2194 622 2308 676 νίτρον
2330 624 2427 663 δοκεῖ
2438 624 2502 673 τὴν

1447 681 1563 734 βαφὴν
1581 680 1676 734 ἄγειν
1695 676 1923 732 μεμιγμένον·
1949 698 1965 715 «
1990 679 2111 735 βύσσῳ
2134 680 2171 720 δὲ
2196 682 2354 735 γλαυκῆς
2372 682 2502 735 κρόκου

1445 739 1726 792 καταμίσγεται,
1751 758 1766 774 n
1787 741 1833 783 ὥς
1855 737 2106 791 Ἐμπεδοκλῆς
2133 739 2265 792 εἴρηκε.
2294 741 2405 781 Patet
2435 742 2503 781 de-

1445 809 1627 850 pravatas
1655 811 1739 838 esse
1767 811 1904 837 versus
1937 798 2185 851 Empedoclei
2218 799 2433 851 reliquias,
2457 810 2500 840 ut

1445 858 1610 898 difficile
1641 858 1692 896 sit
1715 866 1840 909 poetae
1866 870 2022 896 manum
2044 858 2246 896 resituere.
2269 860 2326 898 Ac
2353 858 2499 911 Xylan-

1445 918 1514 957 der
1534 917 1691 970 quidem
1722 916 1887 955 tentavit
1918 930 1926 954 ε
1963 915 2084 969 βύσσῳ
2116 914 2152 954 δὲ
2173 916 2341 969 γλαύκοιο
2373 917 2500 970 κρόκου

1444 976 1703 1029 καταμίσγεται
1736 975 1854 1023 ἄνθος,
1890 975 2067 1014 Sturzius
2110 989 2206 1014 vero
2244 977 2299 1014 ita
2343 976 2467 1016 edidit
2489 993 2499 1017 ε

1447 1036 1567 1090 βύσσῳ
1591 1037 1626 1075 δὲ
1647 1037 1786 1088 γλαυκῇ
1809 1034 1848 1073 τὸ
1864 1033 1990 1088 κρόκου
2009 1033 2270 1086 καταμίσγεται
2292 1034 2409 1084 ἄνθος,
2434 1037 2501 1076 sed

1445 1097 1486 1135 in
1523 1095 1727 1134 Addendis
1769 1103 1915 1133 mutata
1947 1094 2138 1132 sententia
2178 1093 2301 1132 scribi
2330 1094 2456 1134 voluit
2489 1111 2499 1135 ε

1446 1155 1569 1207 βύσσῳ
1598 1153 1634 1192 δὲ
1663 1154 1800 1204 γλαυκῇ
1830 1153 1960 1205 κόχλου
1992 1151 2252 1205 καταμίσγεται
2282 1145 2387 1203 αἷμα.
2411 1154 2501 1193 Dis·

1444 1215 1562 1266 plicet
1581 1213 1621 1252 in
1641 1213 1703 1251 his
1720 1212 1956 1263 conjecturis
1970 1211 2211 1250 Plutarcheae
2223 1212 2500 1264 explicationis

1444 1273 1493 1311 ab
1514 1272 1772 1324 Empedoclea
1788 1271 1964 1310 oratione
1981 1271 2258 1323 discrepantia.
2276 1271 2375 1318 Quis
2394 1273 2498 1312 enim

1444 1332 1575 1371 credat
1591 1331 1860 1383 Empedoclem
1874 1331 2079 1382 scripsisse
2092 1329 2234 1384 κρόκου,
2246 1330 2500 1371 Plutarchum

1443 1390 1597 1429 xcixxou?
1634 1390 1798 1429 Videtur
1834 1398 1960 1429 autem
1997 1398 2113 1441 poeta
2158 1389 2257 1428 nihil
2299 1390 2376 1429 nisi
2425 1390 2500 1430 hoc

1443 1450 1610 1497 dixisse,
1630 1448 1789 1500 byssum
1807 1450 1913 1487 nitro
1930 1448 2119 1487 imbutam
2142 1448 2254 1487 facile
2274 1450 2451 1501 accipere
2463 1459 2502 1489 et

1443 1522 1600 1547 servare
1639 1509 1863 1546 coccineum
1906 1508 2074 1546 colorem
2088 1537 2099 1558 ,
2133 1508 2318 1559 quoniam
2357 1507 2472 1547 ambo
2486 1538 2498 1560 ,

1443 1582 1584 1608 coccus
1603 1577 1640 1607 et
1659 1568 1805 1606 nitrum
1818 1598 1829 1615 ‚
1852 1568 1960 1606 nullo
1981 1567 2138 1617 negotio
2156 1567 2498 1607 commisceantur.

1442 1627 1601 1666 Constat
1627 1627 1743 1666 etiam
1773 1627 1921 1665 nitrum
1947 1627 1994 1665 ad
2023 1639 2240 1678 purpuram
2269 1635 2307 1666 et
2327 1626 2499 1678 quodvis

1444 1687 1620 1725 tincturae
1644 1699 1765 1736 genus
1796 1685 2013 1724 adhibitum
2041 1698 2138 1725 esse.
2167 1684 2264 1731 Quae
2295 1699 2416 1737 quum
2445 1686 2500 1725 ita

1442 1745 1540 1792 sint,
1582 1745 1812 1784 Karstenius
1855 1744 2090 1796 astipulante
2133 1744 2283 1782 Steinio
2320 1744 2500 1795 vulgavit

1444 1804 1564 1857 βύσσῳ
1585 1802 1621 1843 δὲ
1641 1805 1780 1856 γλαυκῇ
1810 1802 1937 1842 κόκκου
1966 1803 2226 1854 καταμίσγεται
2252 1801 2398 1855 (ἄνθος).
2419 1805 2499 1856 Ap-

1443 1871 1552 1915 paret
1568 1876 1662 1902 vero
1678 1862 1743 1901 hic
1760 1863 1893 1914 potius
1915 1861 2023 1916 ξανθῇ
2047 1875 2162 1914 quam
2187 1863 2326 1914 γλαυκῇ
2348 1863 2498 1915 requiri

1441 1922 1515 1961 hoc
1536 1935 1651 1961 sensu
1672 1937 1681 1960 ι
1703 1939 1719 1957 «
1739 1921 1860 1974 bysso
1880 1930 2006 1961 autem
2027 1921 2137 1960 flavae
2157 1922 2264 1960 cocci
2289 1921 2362 1961 flos
2382 1930 2499 1974 atque

1441 1990 1711 2020 ornamentum
1735 1981 1761 2019 i.
1782 1994 1818 2020 e.
1841 1981 2047 2020 coccineus
2068 1981 2177 2019 color
2205 1980 2450 2022 admiscetur.
2477 1999 2494 2018 ι»

1491 2040 1577 2079 Vss.
1615 2041 1808 2088 343-367.
1842 2033 1911 2078 ὦδε
1943 2038 1975 2078 δ’
2022 2032 2302 2077 ἀναπνεῖ-ἶσον
2342 2038 2499 2093 ὀπίσσω]

1440 2100 1667 2139 Aristoteles
1688 2100 1736 2138 de
1762 2090 2036 2151 Resp'iratione
2049 2113 2083 2138 c.
2114 2112 2134 2147 7
2169 2110 2260 2151 pag.
2281 2098 2357 2146 473
2376 2097 2418 2140 b.
2436 2099 2497 2140 ed.

1440 2161 1600 2199 Bekker.
1618 2160 1694 2198 hoc
1715 2159 1973 2210 fragmentum
1994 2157 2169 2197 servavit
2192 2152 2279 2209 quo*
2296 2156 2496 2210 Empedo-

1440 2219 1511 2258 clis
1545 2219 1594 2257 de
1627 2218 1885 2270 respiratione
1927 2217 2118 2256 sententia
2158 2216 2396 2256 continetur.
2430 2219 2498 2257 Ait

1440 2277 1597 2329 quidem
1620 2276 1868 2322 Aristoteles,
1890 2276 2002 2313 illum
2024 2288 2104 2313 non
2130 2275 2314 2313 distincte
2341 2275 2498 2325 signifi-

1440 2349 1550 2384 care,
1579 2344 1711 2374 utrum
1740 2335 1790 2373 de
1814 2335 1895 2373 oris
1921 2348 1970 2373 an
1993 2334 2041 2372 de
2060 2334 2215 2372 narium
2238 2334 2498 2386 respiratione

1440 2395 1637 2446 loquatur,
1655 2394 1723 2434 sed
1734 2394 1820 2446 ipse
1833 2394 1881 2432 de
1894 2393 2057 2431 naribus
2072 2393 2319 2445 potissimum
2335 2393 2491 2445 accipit,

1440 2463 1482 2492 ut
1501 2454 1648 2493 indicat
1678 2453 1763 2505 ejus
1783 2453 1994 2505 explicatio
2019 2452 2085 2490 his
2111 2451 2294 2491 versibus
2314 2450 2464 2503 adjecta
2483 2466 2492 2490 ι

1440 2512 1689 2563 Ἐμπεδοκλῆς
1721 2543 1731 2552 .
1774 2542 1782 2550 .
1878 2543 1886 2552 .
1919 2511 1999 2564 περὶ
2033 2513 2094 2558 τῆς
2123 2510 2180 2549 διὰ
2205 2512 2275 2548 τῶν
2305 2509 2494 2563 μυκτήρων

1441 2574 1616 2620 ἀναπνοῆς
1635 2573 1764 2624 λέγων,
1786 2570 1896 2611 οἴεται
1914 2570 1996 2624 περὶ
2026 2573 2088 2618 τῆς
2116 2569 2238 2623 κυρίας
2264 2569 2378 2620 λέγειν
2407 2572 2492 2609 ἀνα-

1439 2634 1561 2679 πνοῆς.
1581 2630 1644 2678 τὴν
1663 2630 1787 2682 κυρίαν
1806 2638 1922 2669 vocat
1934 2643 2017 2668 eam
2039 2641 2127 2680 ‹111ae
2144 2629 2187 2666 fit
2206 2640 2278 2680 per
2293 2627 2493 2667 arteriam.

1439 2691 1484 2729 In
1502 2689 1755 2743 sequentibus
1771 2702 1865 2728 vero
1882 2690 1999 2742 paulo
2025 2688 2272 2727 dubitantius
2302 2687 2493 2738 loquitur.

1438 2750 1627 2789 Caeterum
1661 2751 1895 2801 interpretes
1929 2748 2081 2799 antiqui
2114 2759 2193 2784 non
2222 2745 2347 2796 magis
2375 2758 2492 2796 quam

1439 2811 1675 2848 recentiores
1707 2808 1906 2847 cardinem
1939 2809 1997 2846 rei
2019 2808 2061 2845 in
2080 2818 2178 2844 voce
2202 2805 2305 2858 ῥινῶν
2332 2816 2390 2843 vs.
2415 2804 2494 2850 346

1439 2881 1555 2919 quam
1590 2882 1722 2905 nasum
1761 2868 2068 2919 interpretantur
2099 2865 2201 2903 verti
2230 2862 2494 2913 intelligentes

1439 2936 1560 2966 totum
1582 2927 1711 2966 locum
1735 2927 1783 2965 ad
1812 2927 1965 2964 narium
1987 2924 2286 2977 respirationem
2306 2922 2493 2962 referunt.

1439 2986 1499 3025 Ab
1519 2986 1581 3024 his
1608 2985 1793 3024 omnibus
1816 2986 2079 3024 discesserunt
2099 2982 2431 3022 Lommatzschius
2455 2990 2494 3020 et

1439 3046 1671 3085 Karstenius
1691 3045 1968 3084 contendentes
1997 3043 2272 3096 Empedoclem
2296 3041 2397 3080 nihil
2427 3040 2493 3080 hic

1437 3105 1651 3158 praecipere
1679 3104 1728 3143 de
1756 3104 2015 3157 respiratione
2042 3116 2130 3155 quae
2159 3102 2292 3154 aliqua
2311 3100 2492 3152 corporis

1437 3173 1547 3217 parte
1581 3178 1652 3217 per
1683 3177 1728 3203 os
1755 3164 1820 3202 vel
1846 3177 1960 3203 nares
1981 3164 2066 3214 fiat,
2086 3162 2153 3201 sed
2174 3161 2223 3200 de
2243 3173 2288 3199 ea
2306 3173 2390 3212 quae
2410 3167 2492 3198 toto

1439 3237 1604 3276 corpore
1624 3236 1695 3275 per
1713 3232 1862 3262 meatus
1890 3222 2127 3261 animalibus
2154 3220 2361 3270 contingit.
2391 3218 2491 3258 Mihi

1437 3282 1553 3321 ambo
1572 3283 1647 3322 ista
1671 3282 1945 3334 respirationis
1971 3294 2115 3332 genera
2145 3280 2202 3319 sic
2231 3278 2390 3317 videtur
2415 3275 2492 3315 hoc

1437 3342 1525 3380 loco
1539 3341 1794 3393 descripsisse
1809 3341 2083 3393 philosophus,
2098 3348 2142 3378 ut
2155 3337 2367 3389 generatim
2376 3335 2489 3374 illum

1438 3400 1659 3451 respirandi
1681 3400 1837 3438 modum
1862 3399 1931 3451 qui
1947 3408 2028 3437 toto
2043 3400 2085 3437 fit
2095 3410 2263 3450 corpore
2273 3394 2493 3440 adumbret,

1442 3460 1510 3499 sed
1538 3460 1587 3499 de
1613 3461 1765 3502 narium
1789 3460 2048 3512 respiratione
2076 3458 2277 3509 sigillatim
2311 3455 2489 3494 disserat.
