2612 3814
1108 408 1227 491 DE
1286 412 1670 491 MUSAEO.

339 790 499 826 Musaeus
510 817 520 838 ,
539 786 792 837 philosophus
811 793 850 822 et
862 791 980 835 poeta
993 784 1250 832 Atheniensis,
1269 786 1348 821 Eu-

284 848 418 898 molpo
452 848 554 893 sive,
576 853 619 882 ut
650 846 714 882 alii
745 844 922 887 tradunt,
959 844 1195 893 Antiphemo
1220 842 1274 895 (1)
1308 850 1345 880 et

285 909 393 946 Luna
425 906 652 957 parentibus
681 912 811 951 ortus,
847 904 994 953 Orphei
1022 903 1195 941 imitator
1229 903 1283 955 (2)
1309 912 1345 942 et

286 968 516 1017 discipulus,
544 967 688 1003 clarum
720 964 827 1015 apud
854 971 1002 1001 veteres
1027 976 1168 1001 nomen
1196 965 1345 1003 habuit.

283 1029 380 1065 Nam
392 1028 422 1064 si
437 1026 602 1075 Diogeni
615 1025 768 1062 Laertio
791 1020 843 1075 (3)
860 1023 1060 1068 credimus,
1082 1025 1254 1061 Deorum
1275 1037 1346 1075 ge-

283 1089 522 1125 nerationem
539 1085 708 1122 carmine
721 1085 979 1121 celebraverat
988 1095 1032 1120 ac
1042 1091 1229 1134 praeterea
1240 1084 1346 1121 aliud

282 1160 422 1198 poema
449 1145 612 1197 Sphaerae
645 1145 802 1181 nomine
830 1144 1058 1194 inscriptum
1090 1144 1343 1192 condiderat,

284 1208 392 1257 cujus
414 1207 561 1244 nullum
594 1205 748 1242 videtur
779 1205 982 1255 vestigium
1017 1216 1225 1255 superesse.
1260 1205 1343 1242 Nisi

282 1269 383 1305 forte
408 1266 605 1305 Lambecii
632 1264 839 1315 probanda
863 1265 1052 1301 sententIa
1080 1271 1136 1301 est
1165 1265 1232 1313 qui
1260 1277 1344 1313 quae

281 1340 426 1378 graecus
446 1326 645 1376 Apollonii
663 1324 812 1362 Rhodii
841 1324 1033 1374 interpres
1060 1324 1111 1362 ad
1128 1324 1219 1361 libri
1242 1325 1345 1361 tertii

281 1388 433 1425 initium
452 1386 499 1423 de
520 1385 671 1422 duabus
683 1384 838 1423 Μουσῶν
858 1381 1034 1435 γενέσεσιν
1049 1384 1160 1422 affert
1177 1396 1197 1421 e
1216 1385 1346 1434 priore

280 1447 348 1483 illo
368 1446 535 1483 carmine
557 1445 680 1494 petita
711 1456 789 1480 esse
811 1443 1036 1481 arbitratur.
1060 1442 1181 1480 Addit
1199 1444 1345 1492 Dioge—

280 1520 348 1544 nes
374 1507 558 1543 Musaeum
591 1504 766 1541 docuisse
800 1516 847 1540 ex
874 1516 955 1540 uno
986 1503 1114 1540 omnia
1145 1514 1227 1540 esse
1254 1509 1344 1539 nata

281 1574 398 1616 atque
415 1567 455 1602 in
485 1566 587 1602 idem
607 1565 758 1601 resolvi.
783 1564 918 1612 Neque
939 1575 1031 1600 vero
1049 1563 1129 1600 haec
1156 1563 1238 1600 sola
1259 1561 1342 1610 ejus

323 1758 368 1801 (1)
385 1757 565 1790 Pausanias
579 1756 636 1789 lib.
651 1759 677 1791 X
695 1765 766 1798 cap.
782 1761 801 1790 5
821 1766 830 1789 ι
849 1756 1009 1799 Μουσαίῳ
1026 1757 1059 1789 δὲ
1074 1759 1121 1798 τῷ
1135 1756 1343 1798 Ἀντιοφήμου

278 1808 492 1848 προσποιοῦσι
517 1805 558 1837 τὰ
581 1804 654 1843 ἔπη.
675 1804 891 1845 Hieronymus
924 1803 958 1836 in
978 1803 1142 1837 Chronico
1160 1803 1344 1836 Eusebiano

278 1856 440 1887 Musaeum
458 1852 609 1894 Eumoipi
627 1851 731 1884 silium
749 1860 818 1884 esse
834 1851 927 1892 vult,
949 1850 1006 1884 sed
1026 1850 1191 1884 Diodorus
1209 1851 1341 1892 Orphei.

279 1900 395 1934 suidas
423 1899 575 1941 Eumolpi
609 1900 735 1941 patrem
762 1898 861 1931 fnisse
889 1898 987 1940 dicit,
1017 1898 1123 1931 fitium
1146 1899 1341 1941 Antiphemi.

278 1946 411 1981 Servius
423 1947 463 1979 ad
477 1946 590 1988 Vin-git.
605 1946 732 1979 AEneid.
748 1946 800 1978 lib.
816 1947 861 1978 VI
876 1955 924 1978 vs.
941 1947 1001 1979 667
1015 1955 1024 1979 :
1038 1958 1056 1975 α
1069 1946 1152 1978 Eum
1172 1946 1228 1979 alii
1242 1948 1344 1979 Lunae

278 1995 396 2036 filium,
413 1994 467 2027 atii
484 1994 603 2035 Orphei
623 1994 755 2034 volunt,
775 1992 871 2034 cujus
891 2002 966 2025 eum
987 1994 1115 2026 constat
1129 1994 1228 2027 fuisse
1247 1994 1343 2027 disci-

278 2043 392 2083 putum
405 2065 415 2082 ‚
435 2050 511 2074 nam
525 2041 566 2074 ad
585 2040 691 2082 ipsum
713 2040 856 2082 primum
873 2049 1006 2074 carmen
1023 2041 1156 2083 scripsit
1174 2041 1263 2083 quod
1285 2051 1342 2083 ap-

279 2089 417 2131 pellatur
430 2091 554 2122 Crater.
570 2101 587 2118 n
608 2090 627 2122 J
632 2089 758 2121 ustinus
775 2090 900 2130 Martyr
922 2088 1005 2122 libro
1024 2089 1065 2122 de
1080 2089 1271 2122 Monarcbia
1284 2091 1344 2123 Dei

281 2147 354 2180 pag.
375 2140 414 2171 82
445 2147 452 2167 ε
476 2136 608 2180 Ὀρφεὺς
639 2139 715 2177 γοῦν
745 2136 763 2168 ὁ
785 2138 840 2175 τῆς
858 2135 1087 2175 πολυθεότητος
1109 2137 1221 2178 ὑμῶν,
1240 2139 1283 2175 ὡς
1305 2138 1343 2170 ἂν

276 2186 359 2219 εἴποι
372 2196 417 2223 τις
431 2208 440 2224 ,
456 2187 579 2225 πρῶτος
594 2182 782 2219 διδάσκαλος
795 2183 934 2224 γεγονώς
946 2207 955 2223 ,
972 2182 1025 2215 οἶα
1038 2184 1115 2225 πρὸς
1127 2184 1182 2217 τὸν
1198 2185 1269 2218 υἱὸν
1287 2185 1342 2217 αὐ-

276 2236 332 2266 τοῦ
351 2235 515 2266 Μουσαῖον
539 2232 594 2264 καὶ
622 2233 694 2268 τοὺς
723 2230 851 2268 λοιποὺς
876 2231 1025 2272 γνησίους
1041 2232 1198 2274 ἀκροατὰς
1213 2232 1343 2274 ὕστερον

277 2282 346 2324 περὶ
364 2281 430 2318 ἑνὸς
453 2280 508 2313 καὶ
528 2278 625 2322 μόνου
651 2280 722 2311 θεοῦ
748 2278 894 2320 κηρύττει
916 2279 1016 2320 λέγων
1029 2304 1038 2319 ,
1060 2279 1235 2322 ἀναγκαῖον
1261 2281 1342 2312 ὑπο-

279 2333 395 2371 μνῆσαι
407 2330 498 2371 ύμᾶς.
514 2329 600 2367 Φησὶ
615 2328 646 2360 δὲ
661 2328 778 2364 οὕτως·
795 2327 975 2370 Φθέγξομαι
989 2327 1035 2365 οἷς
1048 2328 1133 2370 θέμις
1149 2327 1230 2367 ἐστί,
1250 2327 1342 2370 θύρας

278 2379 306 2412 δ’
330 2378 472 2411 ἐπίθεσθε
504 2377 647 2419 βεὸἠλοις
665 2378 771 2409 Πᾶσιν
791 2376 889 2416 ὁμῶς.
918 2375 961 2408 Σὺ
987 2375 1016 2408 δ’
1041 2375 1140 2408 ἄκουε
1164 2375 1342 2418 φαεσφόρου

279 2428 389 2467 ἔκγονε
402 2425 511 2464 Μήνης
527 2423 679 2457 Μοῦσαῖ’.
698 2423 828 2465 Ἐξερέω
848 2423 909 2466 γὰρ
929 2423 1045 2462 ἀληθέα
1070 2423 1138 2455 κτλ.
1157 2423 1292 2455 Proclus
1310 2422 1341 2455 in

276 2471 361 2505 Plat.
385 2472 472 2505 Tim.
502 2481 533 2513 p.
552 2473 592 2504 34
612 2474 636 2503 E
659 2471 713 2512 (p.
737 2474 778 2504 79
797 2470 848 2503 ed.
864 2469 1076 2512 Schneider.)
1094 2478 1104 2499 ι
1120 2470 1197 2504 Εἴτε
1214 2469 1268 2503 οὗν
1282 2472 1342 2511 Γῆς

277 2519 349 2551 υἱὸν
374 2520 428 2552 τὸν
449 2518 586 2559 Τιτυόν,
618 2518 681 2550 εἶτε
707 2517 818 2550 Ἡλίου
839 2518 894 2550 τὸν
913 2518 1080 2551 Φαέθοντα
1105 2518 1246 2559 λέγοιεν,
1280 2518 1342 2550 εἴτε

279 2566 414 2605 Σελήνης
431 2566 484 2598 τὸν
501 2567 665 2598 Μουσαῖον
682 2565 745 2598 εἶτε
767 2565 863 2598 ἄλλου
885 2566 968 2603 τινὸς
991 2568 1021 2598 οἱ
1040 2565 1259 2607 μυθοπλάσται
1273 2567 1339 2598 κτλ.

277 2613 362 2647 1d.1.
378 2622 407 2646 c.
424 2623 455 2655 p.
477 2617 513 2646 51
532 2613 558 2646 B
584 2614 633 2655 (p.
652 2616 707 2646 117
723 2613 774 2646 ed.
791 2612 1003 2655 Schneider.)
1028 2612 1197 2656 ιἘπείπερ
1210 2615 1264 2646 καὶ
1279 2614 1342 2647 ἀπὸ

279 2661 447 2695 Μουσαίου
467 2664 524 2694 τοῦ
540 2661 731 2699 Σεληνιακοῦ
747 2663 784 2694 τὸ
798 2662 885 2703 γένος
900 2665 965 2699 τοῖς
983 2662 1015 2694 ἐν
1032 2661 1188 2695 Ἐλευσῖνι
1205 2665 1269 2695 τῶν
1284 2673 1340 2704 μυ-

278 2709 414 2752 στηρίων
430 2708 614 2750 ἡγουμένοις
629 2708 707 2741 εἷναί
729 2719 815 2750 φησι.
829 2709 880 2741 Id.
897 2709 919 2741 1.
938 2717 967 2742 c.
988 2718 1020 2751 p.
1037 2713 1097 2743 326
1116 2711 1142 2742 C
1162 2722 1171 2743 ι
1187 2710 1284 2743 Οὕτω
1303 2710 1341 2749 δὴ

280 2758 336 2791 καὶ
357 2758 550 2796 Σεληνιακὴν
567 2758 672 2799 ψυχὴν
704 2758 748 2794 εὶς
767 2756 875 2800 ἀνδρὸς
897 2759 1039 2790 κατιέναι
1060 2757 1152 2799 φύσιν
1177 2757 1262 2791 καθὰ
1285 2759 1341 2797 τήν

278 2806 447 2839 Μουσαίου
474 2804 563 2845 φασί.
594 2807 643 2838 De
666 2814 767 2838 uxore
784 2805 853 2846 ejus
871 2807 995 2846 Deiope
1016 2805 1206 2840 Aristoteles
1222 2805 1340 2839 Mirab.

278 2853 425 2887 Auscult.
447 2856 503 2886 131
528 2853 598 2885 haec
620 2853 752 2894 prodit:
774 2853 879 2886 Φασὶν
896 2853 1147 2896 οἰκοδομούντων
1172 2852 1341 2893 Ἀθηναίων

278 2902 315 2933 τὸ
330 2904 384 2939 τῆς
405 2900 569 2941 Δήμητρος
583 2900 665 2942 ἱερὸν
683 2903 736 2939 τῆς
752 2900 784 2932 ἐν
806 2900 963 2933 Ἐλευσῖνι
981 2901 1208 2944 περιεχομένην
1223 2902 1341 2941 στήλην

278 2949 406 2991 πέτραις
420 2948 580 2990 εὑρεθῆναι
594 2948 730 2990 χαλκῆν,
743 2947 788 2988 ἐφ’
801 2947 838 2987 ἧς
852 2948 1066 2990 ἐπεγέγραπτο
1084 2962 1099 2977 «
1116 2949 1258 2988 Δηῖόπης
1269 2950 1341 2982 τόδε

280 2999 371 3037 σῆμα
382 3019 392 3036 ,
414 3007 431 3024 »
448 2995 486 3034 ἣν
503 2996 534 3027 οἱ
558 2994 613 3036 μὲν
633 2995 760 3036 λέγουσι
775 2995 942 3028 Μουσαίου
959 2996 1038 3028 εἶναι
1051 3000 1204 3038 γυναῖκα,
1217 2998 1296 3036 τινὲς
1309 2999 1342 3031 δὲ

247 3070 252 3075 .
279 3043 496 3085 Τριπτολέμου
532 3042 652 3085 μητέρα
679 3043 835 3084 γενέσθαι.
874 3043 987 3075 Musaei
1008 3044 1146 3076 amicam
1176 3045 1340 3087 Antiopen

281 3091 383 3123 fuisse
410 3091 549 3123 testatur
577 3089 807 3122 Hermesianax
829 3089 863 3121 in
884 3090 975 3131 Eleg.
996 3099 1045 3122 vs.
1076 3093 1114 3124 15
1136 3091 1222 3132 apud
1244 3093 1340 3125 Athe-

279 3148 389 3172 naeum
405 3140 484 3171 xm
502 3147 532 3179 p.
552 3141 610 3172 597
629 3137 679 3171 his
695 3138 823 3171 verbis:
843 3138 891 3170 Οὐ
909 3138 970 3180 μὴν
985 3138 1051 3171 οὐδ’
1070 3139 1136 3176 υίὸς
1150 3140 1257 3179 Μήνης
1270 3140 1341 3182 ἁγέ·

281 3197 396 3230 ραστον
413 3186 505 3224 ἔθηκε
527 3187 707 3226 Μουσαῖος,
726 3185 872 3228 Χαρίτων
887 3186 1021 3227 ἤρανος,
1042 3185 1215 3224 Ἀντιόπην.

327 3234 372 3275 (2)
387 3235 436 3266 De
456 3235 580 3266 Musaeo
595 3232 717 3273 Orphei
735 3233 897 3266 imitatore
911 3233 1088 3266 Pausanias
1104 3233 1159 3266 tib.
1175 3236 1205 3267 X
1218 3243 1288 3276 cap.
1307 3238 1339 3277 7,

282 3286 300 3316 2
323 3291 331 3311 :
351 3281 470 3324 Ὀρφέα
488 3281 520 3313 δὲ
538 3280 730 3323 σεμνολογία
747 3284 787 3323 τῇ
806 3281 856 3313 ἐπὶ
879 3281 1015 3318 τελεταῖς
1036 3282 1089 3313 καὶ
1106 3282 1168 3314 ὑπὸ
1185 3285 1341 3324 φρονήμα-

281 3340 334 3368 τος
345 3334 402 3363 τοῦ
415 3330 510 3363 ἄλλου
524 3330 577 3363 καὶ
594 3331 759 3363 Μουσαῖον
771 3332 810 3372 τῇ
825 3330 854 3366 ἐς
868 3329 971 3362 πάντα
986 3330 1117 3372 μιμήσει
1134 3333 1189 3363 τοῦ
1203 3330 1342 3373 Ὀρφέως

283 3378 342 3411 οὐκ
372 3378 518 3418 ἐθελῆσαί
550 3389 645 3419 φασιν
675 3376 788 3414 αὐτοὺς
821 3377 872 3410 ἐπὶ
902 3377 1000 3419 ἀγῶνι
1029 3383 1182 3419 μουσικῆς
1207 3379 1341 3418 ἐξετάζε-

284 3427 369 3458 σθαι.

329 3473 374 3514 (3)
405 3472 564 3514 Diogenes
584 3472 731 3505 Laertius
754 3474 895 3506 Prooem.
916 3477 933 3505 3
955 3481 963 3501 t
983 3472 1066 3505 Ἰδοὺ
1082 3476 1158 3514 γοῦν
1179 3474 1264 3515 παρὰ
1288 3474 1342 3516 μὲν

288 3520 459 3559 Ἀθηναίοις
485 3521 594 3562 γέγονε
620 3522 800 3561 Μουσαῖος,
823 3520 910 3562 παρὰ
928 3520 960 3552 δὲ
985 3519 1135 3558 Θηὸαίοις
1152 3519 1255 3558 Λίνος.
1281 3522 1340 3553 Καὶ

1414 783 1559 833 scripta
1578 782 1690 818 fuisse
1711 788 1873 818 constat.
1897 781 2048 819 Etenim
2068 794 2187 831 quum
2215 789 2321 821 vates
2339 780 2392 835 (4)
2416 795 2474 821 es·

1410 850 1485 888 set,
1512 842 1670 879 oracula
1690 841 1831 879 litteris
1858 842 2117 892 consignavit,
2140 855 2310 892 quorum
2335 843 2476 881 memi-

1410 910 1551 940 nerunt
1572 902 1778 940 Pausanias
1800 901 1871 939 lib.
1889 901 1930 939 X
1953 914 2039 953 cap.
2065 914 2105 951 9,
2129 915 2145 939 1
2158 914 2193 950 1,
2209 909 2247 940 et
2262 900 2477 941 Philostra-

1410 969 1470 1000 tus
1497 963 1655 1000 Heroic.
1675 975 1765 1013 cap.
1784 963 1840 1012 11,
1869 973 1918 1012 19
1938 974 2027 1013 pag.
2046 962 2124 1012 693
2143 962 2202 999 ed.
2224 962 2368 1010 Olear.,
2391 975 2477 1013 quae

1411 1030 1537 1060 tamen
1561 1023 1734 1062 Clemens
1751 1023 1894 1060 Strom.
1910 1023 1928 1059 I
1946 1035 1986 1072 p.
2005 1021 2081 1059 332
2099 1035 2188 1059 cum
2206 1022 2290 1060 aliis
2303 1021 2353 1059 ab
2370 1021 2477 1060 Ono-

1409 1083 1571 1120 macrito
1609 1083 1808 1132 supposita
1856 1093 1937 1119 esse
1976 1088 2082 1118 ratus
2126 1088 2195 1120 est.
2230 1081 2306 1119 Sed
2344 1089 2477 1132 aperte

1409 1141 1517 1181 Plato
1540 1140 1592 1195 (5)
1615 1143 1759 1179 Musaeo
1782 1142 1952 1179 carmina
1973 1141 2148 1191 quaedam
2163 1169 2175 1189 ‚
2196 1141 2386 1191 imprimis
2406 1156 2475 1180 τε-

1408 1200 1512 1245 λετάς
1543 1216 1582 1240 τε
1616 1199 1677 1239 καὶ
1708 1198 1944 1254 χρησμῳδίας
1979 1201 2130 1237 tribuit.
2169 1200 2256 1239 Huc
2281 1199 2475 1239 accedunt
2519 1239 2525 1250 ,

1403 1271 1606 1314 praecepta
1620 1263 1676 1299 ad
1691 1262 1925 1313 Eumolpum
1942 1262 2069 1311 filium
2093 1258 2332 1315 [Εὗμολπία],
2362 1269 2476 1312 quat·

1408 1329 1498 1359 tuor
1510 1322 1679 1360 millibus
1694 1335 1875 1359 versuum
1890 1322 2170 1373 comprehensa
2181 1350 2192 1369 ,
2210 1334 2295 1371 quae
2317 1334 2341 1360 a
2356 1321 2477 1360 Suida

1408 1389 1446 1419 et
1481 1382 1667 1419 Pausania
1705 1382 1773 1419 lib.
1807 1383 1847 1419 X
1880 1394 1964 1432 cap.
2008 1380 2046 1428 5,
2085 1380 2106 1418 3
2140 1382 2319 1420 citantur.
2349 1381 2475 1419 Porro

1406 1441 1550 1486 Hymni
1581 1444 1622 1477 in
1657 1441 1830 1479 Cererem
1861 1441 2069 1491 compositi
2103 1441 2251 1478 mentio
2283 1447 2341 1478 est
2370 1441 2475 1492 apud

1406 1501 1632 1538 Pausaniam
1655 1498 1727 1552 (6),
1750 1502 1818 1551 qui
1832 1501 1908 1538 hoc
1930 1508 2092 1552 excepto
2118 1501 2272 1551 reliqua
2294 1508 2475 1551 poemata

1410 1563 1527 1613 vulgo
1551 1563 1695 1599 Musaeo
1717 1562 1882 1612 ascripta
1901 1562 2033 1612 spuria
2049 1573 2130 1599 esse
2147 1559 2314 1609 judicat.
2340 1556 2483 1598 Musaei*

1406 1756 1460 1789 τὸν
1484 1755 1541 1795 μὲν
1563 1754 1733 1797 Εὐμόλπου
1751 1753 1848 1787 παῖδά
1877 1765 1974 1796 φασι,
2000 1757 2135 1793 ποιῆσαι
2158 1753 2192 1786 δὲ
2217 1751 2393 1794 Θεογονίαν
2415 1754 2473 1787 καὶ

1408 1805 1546 1845 Σφαῖραν
1565 1806 1691 1845 πρῶτον
1702 1827 1713 1844 ,
1729 1802 1822 1844 φάναι
1838 1813 1873 1836 τε
1890 1802 2001 1840 ἐξὲνὸς
2016 1802 2057 1847 τὰ
2074 1801 2180 1835 πάντα
2194 1801 2342 1844 γενέσθαι
2354 1801 2410 1834 καὶ
2426 1803 2470 1840 εἰς

1408 1851 1523 1884 ταύτὸν
1545 1850 1747 1884 ἀναλύεσθαι.

1452 1899 1497 1941 (4)
1513 1899 1564 1933 Cf.
1580 1898 1696 1933 strabo
1711 1898 1770 1931 lib.
1788 1899 1865 1931 XVI
1885 1907 1920 1940 p.
1939 1900 2001 1931 762
2018 1896 2070 1930 ed.
2087 1896 2226 1931 casaub.

1449 1947 1494 1989 (5)
1514 1948 1608 1980 Plato
1637 1949 1718 1981 Ione
1743 1955 1775 1988 p.
1796 1948 1858 1979 536
1876 1945 1928 1978 ed.
1953 1944 2066 1987 Steph.
2093 1945 2178 1978 2'E2t
2204 1945 2239 1978 δὲ
2263 1945 2385 1982 τούτων
2405 1949 2470 1980 τῶν

1407 1995 1540 2036 πρώτων
1563 1994 1759 2034 δακτυλίων,
1777 1997 1840 2027 τῶν
1861 1996 2023 2034 ποιητῶν,
2038 1992 2129 2026 ἄλλοι
2153 1993 2185 2031 ἐξ
2205 1993 2303 2027 ἄλλου
2325 1994 2366 2029 αὖ
2375 1996 2471 2040 ἠρτη-

1408 2044 1495 2085 μένοι
1518 2044 1581 2076 εἷσὶ
1603 2043 1658 2076 καὶ
1675 2041 1946 2079 ἐνθουσιάζουσιν,
1971 2042 2002 2075 oi
2029 2040 2086 2084 μὲν
2111 2041 2143 2079 ἐξ
2155 2039 2313 2084 Ὀρφέως,
2329 2044 2361 2077 οῖ
2380 2044 2414 2078 δὲ
2435 2043 2473 2077 ἐκ

1406 2091 1574 2124 Μουσαίου
1588 2100 1595 2108 ·
1612 2093 1642 2124 οἱ
1665 2091 1698 2123 δὲ
1718 2090 1829 2122 πολλοὶ
1846 2090 1878 2127 ἐξ
1891 2089 2034 2131 Ὁμήρου
2052 2089 2242 2132 κατέχονταί
2255 2101 2290 2123 τε
2303 2091 2359 2124 καὶ
2379 2091 2470 2134 ἔχον-

1405 2150 1471 2171 ται.
1481 2138 1530 2171 ld.
1545 2139 1675 2179 Protag.
1693 2146 1765 2179 pag.
1780 2139 1842 2170 316
1856 2136 1907 2169 ed.
1921 2137 2033 2178 Steph.
2048 2145 2057 2165 τ
2073 2137 2157 2178 Ἐγὼ
2171 2137 2271 2176 δὲτὴν
2285 2139 2472 2179 σοφιστικὴν

1405 2187 1517 2229 τέχνην
1536 2186 1613 2228 φημὶ
1636 2187 1693 2227 μὲν
1722 2185 1801 2218 εἶναι
1827 2184 1965 2217 παλαιάν
1979 2207 1989 2224 ,
2013 2184 2085 2221 τοὺς
2099 2185 2133 2218 δὲ
2158 2187 2470 2229 μεταχειριζομένους

1406 2235 1506 2274 αὐτὴν
1524 2238 1588 2268 τῶν
1605 2234 1751 2267 παλαιῶν
1769 2233 1890 2274 ἀνδρῶν
1901 2255 1910 2271 ,
1935 2231 2150 2273 φοὸουμένους
2164 2232 2202 2264 τὸ
2218 2232 2355 2275 ἐπαχθὲς
2374 2235 2471 2275 αὐτῆς

1406 2282 1580 2324 πρόσχημα
1594 2282 1755 2315 ποιεῖσθαι
1780 2281 1835 2311 καὶ
1857 2278 2136 2320 προκαλύπτεσθαι
2148 2279 2221 2316 τοὺς
2242 2280 2299 2322 μὲν
2321 2281 2470 2325 ποίησιν,

1406 2330 1472 2362 οἷον
1489 2329 1634 2372 Ὅμηρόν
1653 2339 1687 2361 τε
1702 2327 1758 2360 καὶ
1771 2325 1923 2360 Ἡσίοδον
1939 2326 1994 2358 καὶ
2014 2325 2192 2368 Σιμωνίδην
2202 2350 2212 2367 ,
2227 2327 2300 2365 τοὺς
2314 2328 2347 2360 δὲ
2361 2327 2402 2361 αὖ
2417 2341 2471 2363 τε·

1405 2376 1494 2414 λετάς
1512 2388 1548 2410 τε
1573 2377 1628 2410 καὶ
1651 2374 1876 2418 χρησμῳδίας,
1896 2373 1970 2411 τοὺς
1998 2373 2078 2415 ἀμφί
2107 2385 2141 2407 τε
2166 2374 2285 2417 Ὀρφέα
2301 2377 2356 2409 καὶ
2378 2379 2471 2412 Mou-

1406 2429 1510 2457 σαῖον.
1535 2423 1648 2457 Musaei
1669 2422 1800 2456 oracula
1814 2422 1977 2455 memorat
1989 2422 2087 2455 etiam
2105 2423 2295 2457 Herodotus
2306 2424 2365 2458 tib.
2377 2427 2470 2468 VIII,

1406 2476 1447 2505 96
1467 2476 1499 2505 et
1519 2474 1594 2512 Vll,
1613 2475 1645 2505 6.
1674 2470 1857 2504 posteriore
1875 2469 1951 2503 loco
1975 2469 2016 2503 de
2037 2470 2240 2504 onomacriti
2262 2471 2377 2506 fraude
2398 2473 2470 2507 haec

1406 2520 1507 2553 refert
1531 2520 1712 2562 τ...ἔχοντες
1734 2517 1965 2560 Ὀνομάκριτον
1977 2542 1986 2558 ,
2007 2517 2106 2559 ἄνδρα
2124 2516 2304 2562 Ἀθηναῖον,
2324 2530 2467 2563 χρησμο-

1404 2567 1497 2609 λόγον
1516 2578 1550 2600 τε
1573 2567 1627 2600 καὶ
1641 2567 1784 2605 διαθέτην
1804 2568 1961 2608 χρησμῶν
1983 2568 2046 2598 τῶν
2065 2565 2247 2599 Μουσαίου.
2267 2565 2468 2608 Ἀναὸεὸήκε-

1405 2626 1464 2647 σαν
1480 2615 1539 2657 γὰρ
1553 2615 1607 2654 τὴν
1624 2614 1736 2657 ἔχθρην
1751 2611 2068 2656 προκαταλυσάμενοι
2081 2620 2091 2631 ·
2111 2612 2244 2652 ἐξηλάθη
2253 2613 2315 2656 γὰρ
2328 2614 2392 2648 ὑπὸ
2405 2614 2470 2648 Ἱπ-

1404 2661 1528 2705 πάρχου
1544 2665 1600 2695 τοῦ
1615 2661 1885 2703 Πεισιστρατίδεω
1904 2662 1921 2693 ὁ
1935 2660 2161 2704 Ὀνομάκριτος
2175 2661 2207 2698 ἐξ
2225 2661 2378 2701 Ἀθηνέων
2391 2687 2401 2702 ,
2419 2660 2469 2695 ἐπ’

1405 2709 1577 2752 αὐτοφώρῳ
1597 2709 1690 2747 ἁλοὺς
1706 2711 1768 2743 ὑπὸ
1798 2709 1910 2743 Λάσου
1929 2712 1987 2742 τοῦ
2004 2709 2184 2752 Ἑρμιονέος
2207 2710 2368 2752 ἐμποιέων
2382 2711 2412 2749 ἐς
2427 2710 2468 2744 τὰ

1404 2757 1571 2790 Μουσαίου
1584 2758 1740 2801 χρησμὸν,
1755 2759 1798 2796 ὡς
1813 2759 1846 2790 αἱ
1861 2757 1912 2790 ἐπὶ
1925 2757 2056 2799 Λήμνου
2070 2757 2265 2799 ἐπικείμεναι
2280 2761 2372 2798 νῆσοι
2386 2759 2467 2800 ἀφα-

1404 2805 1539 2843 νιζοίατο
1556 2805 1638 2838 κατὰ
1651 2808 1707 2844 τῆς
1728 2804 1901 2843 θαλάσσης.
1917 2804 1967 2837 Cs.
1988 2804 2142 2837 Lobeckii
2159 2804 2318 2847 Aglaoph.
2334 2814 2366 2847 p.
2391 2809 2466 2839 978.

1449 2851 1494 2894 (6)
1515 2851 1693 2884 Pausanias
1709 2851 1765 2884 lib.
1781 2853 1797 2885 1
1812 2860 1882 2893 cap.
1903 2855 1956 2892 22,
1982 2854 2000 2886 7
2021 2860 2030 2883 ε
2047 2852 2131 2893 Ἐγὼ
2151 2852 2184 2885 δὲ
2205 2852 2265 2891 ἔπη
2285 2852 2342 2895 μὲν
2361 2852 2465 2886 ἐπελε·

1405 2899 1503 2941 ξάμην
1517 2899 1549 2931 ἐν
1566 2898 1612 2936 οῖς
1642 2900 1710 2931 ἐστι
1733 2899 1882 2931 πέτεσθαι
1910 2900 2078 2932 Μουσαῖον
2101 2899 2164 2932 ὑπὸ
2195 2900 2314 2942 Βορέου
2341 2900 2465 2943 δῶρον,

1405 2949 1508 2981 δοκεῖν
1524 2947 1558 2979 δέ
1587 2957 1662 2989 μοι,
1681 2946 1853 2985 πεποίηκεν
1878 2947 1959 2979 αὐτὰ
1971 2946 2215 2989 Ὀνομάκριτος,
2233 2948 2288 2981 καὶ
2306 2948 2393 2982 ἔστιν
2410 2951 2463 2983 οὐ·

1404 2995 1456 3027 δὲν
1473 2994 1643 3027 Μουσαίου
1659 2994 1794 3036 βεὸαίως
1810 2995 1859 3027 ὅτι
1877 2995 1920 3036 μὴ
1940 2994 2036 3036 μόνον
2060 2994 2091 3032 ἐς
2109 2995 2261 3038 Δήμητρα
2276 2996 2372 3038 ὕμνος
2396 2999 2464 3031 Λυ-

1404 3042 1562 3085 κομίδαις.
1586 3042 1634 3075 ld.
1650 3042 1706 3075 lib.
1726 3044 1738 3075 1
1763 3051 1835 3084 cap.
1856 3044 1906 3083 14,
1925 3045 1945 3075 3
1961 3041 2149 3075 dubitanter
2167 3055 2175 3075 ε
2194 3042 2280 3082 Ἔπη
2298 3044 2331 3076 δὲ
2356 3044 2465 3086 ᾄδεται

1406 3089 1575 3122 Μουσαίου
1598 3089 1673 3131 μὲν,
1700 3090 1728 3122 εἷ
1750 3089 1788 3128 δὴ
1817 3088 1989 3121 Μουσαίου
2020 3089 2075 3121 καὶ
2098 3092 2216 3131 ταῦτα,
2251 3090 2467 3133 Τριπτόλεμόν

1405 3138 1504 3170 παῖδα
1521 3137 1681 3170 Ὠκεανοῦ
1693 3137 1748 3170 καὶ
1769 3138 1831 3176 Γῆς
1851 3136 1929 3169 εἶναι
1946 3137 2014 3169 κτλ.
2033 3137 2105 3178 Ipse
2122 3138 2293 3178 Hymnum
2313 3138 2346 3171 in
2369 3140 2466 3173 Cere·

1406 3195 1474 3218 rem
1488 3186 1583 3227 legit,
1598 3186 1635 3219 ut
1649 3186 1737 3228 patet
1751 3193 1770 3218 e
1787 3185 1846 3219 lib.
1862 3186 1909 3218 1v
1926 3193 1997 3226 cap.
2018 3189 2048 3225 1,
2068 3189 2086 3218 5
2105 3193 2114 3214 t
2130 3184 2304 3227 Ὁμολογεῖ
2323 3185 2357 3219 δέ
2376 3197 2465 3229 σφισι

1405 3235 1460 3267 καὶ
1480 3234 1576 3276 ὕμνος
1595 3233 1763 3267 Μουσαίου
1781 3233 1980 3274 Λυκομίδαις
2002 3233 2142 3271 ποιηθεὶς
2159 3233 2189 3270 ἐς
2208 3233 2374 3276 Δήμητρα.
2396 3236 2464 3267 Va-

1406 3282 1496 3315 tibus
1515 3290 1654 3323 quorum
1673 3281 1805 3314 oracula
1826 3281 1903 3321 legit
1928 3280 2122 3313 adnumerat
2144 3282 2308 3314 Musaeum
2338 3280 2393 3313 lib.
2420 3282 2464 3322 Χ,

1405 3338 1475 3372 cap.
1499 3333 1552 3368 12,
1578 3333 1613 3363 11
1633 3339 1641 3361 ε
1663 3328 1910 3372 Χρησμολόγους
1931 3329 1962 3360 δὲ
1983 3328 2094 3371 ἄνδρας
2111 3328 2252 3371 Κύπριόν
2271 3340 2306 3361 τε
2323 3329 2464 3362 Εὔκλουν

1406 3378 1460 3410 καὶ
1475 3376 1632 3417 Ἀθηναῖον
1649 3379 1813 3410 Μουσαῖον
1829 3377 1883 3408 τὸν
1897 3375 2101 3417 Ἀντιοφήμου
2116 3377 2170 3408 καὶ
2185 3375 2291 3408 Λύκον
2307 3376 2361 3408 τὸν
2378 3377 2464 3408 Παν·

1406 3425 1526 3465 δίονος,
1545 3425 1676 3462 τούτους
1708 3435 1743 3456 τε
1771 3423 1915 3465 γενέσθαι
1948 3423 2002 3455 καὶ
2023 3423 2059 3456 ἐκ
2087 3423 2241 3461 Βοιωτίας
2266 3422 2365 3455 Βάκιν
2386 3424 2462 3463 φασὶ

1406 3474 1605 3516 κατάσχετον
1624 3473 1720 3515 ἄνδρα
1739 3472 1775 3504 ἐκ
1792 3475 1940 3513 νυμφῶν·
1960 3471 2081 3504 τούτων
2099 3471 2179 3506 πλὴν
2199 3471 2310 3505 Λύκου
2330 3474 2392 3503 τῶν
2409 3471 2462 3503 ἆλ-

1405 3522 1470 3554 λων
1487 3520 1676 3563 ἐπελεξάμην
1693 3520 1763 3558 τοὺς
1783 3518 1957 3562 χρησμούς.

1348 3585 1418 3618 158

2585 0 2612 169 i

2595 177 2612 248 ί·
