2612 3814
701 276 752 314 lx
785 274 1112 314 EMPEDDCLIS
1144 273 1425 313 CARMINUM
1455 275 1751 324 RELIQUIAS.

149 366 394 421 παρελήλαται
413 365 575 415 fallitur,
597 365 735 404 ultima
751 378 820 403 vei
824 373 938 404 tens
967 383 983 399 «ι
1003 366 1105 415 quod
1123 377 1199 401 mu·

150 434 240 470 tatis
254 431 399 466 vicibus
412 426 673 474 certosaedere
696 430 784 475 exit,
768 434 868 462 eunt.
895 442 911 459 »
935 423 1199 475 improbanda

150 490 267 529 etiam
287 487 432 527 Sturzii
450 495 489 524 et
506 485 648 524 ΖεΙΙειί
671 485 772 524 tatio
793 487 877 536 παρ’
899 484 1069 531 ἐλήλαται
1093 483 1196 536 ὅρκου

152 551 211 602 [et
230 548 315 601 πάρ’
332 547 482 594 ἐλήλατο
501 544 627 599 ὅρκου]
641 544 911 590 scribentium,
931 557 1047 595 quam
1067 551 1197 582 tuetur

149 609 298 648 Bonitz.
330 607 378 645 ad
400 605 619 645 Aristotelis
638 605 728 644 Met.
749 603 802 654 11,
827 608 846 647 l.
866 617 906 654 p.
934 604 1020 641 162.

200 667 264 707 Vs.
287 667 372 706 180.
393 664 682 716 πάντα-θεοῖο]
712 664 803 702 citat
823 663 1050 715 Simplicius
1074 663 1194 715 Phys.

146 727 254 775 VIII,
273 726 299 766 f.
317 739 392 773 272
410 724 450 763 b.
464 723 563 762 Vide
591 736 712 776 supra
730 723 778 761 ad
793 736 849 762 vs.
872 725 958 773 169.
978 722 1109 761 Editio
1129 723 1195 761 Al·

147 787 241 826 dina
259 784 485 836 τελεμίζετος
506 783 592 822 cod.
612 783 738 822 Paris.
762 790 858 820 teste
887 782 1096 820 Brandisio
1128 797 1195 819 πε-

147 843 331 895 λεμίξετο;
358 842 512 891 corrige
543 841 752 892 πελεμίζετο
785 841 890 892 quod
920 849 1118 892 receptum
1147 840 1196 878 ab

147 903 366 943 editoribus
387 910 456 941 est.
478 902 535 939 De
560 901 714 952 reliquo
735 909 777 940 ut
793 901 899 939 hunc
924 913 1082 939 versum
1104 913 1193 937 cum

146 962 459 1017 praecedentibus
475 960 679 1012 jungerem
693 990 704 1010 ‚
731 961 833 999 illud
856 959 923 1013 γὰρ
943 959 1050 1011 quod
1078 958 1194 997 habet

146 1023 373 1075 Simplicius
403 1030 492 1072 post
520 1021 659 1073 πάντα,
678 1022 721 1059 in
757 1019 842 1070 μάλ’
871 1019 1063 1059 converti.
1094 1019 1194 1058 Pan-

147 1083 386 1122 zerbieterus
406 1081 536 1118 minus
558 1090 660 1119 recte
679 1079 797 1118 πάντα
815 1077 877 1129 μὲν
895 1078 1066 1129 scripsit.

200 1141 263 1180 Vs.
285 1141 370 1178 181.
391 1139 628 1191 σωρευόμενον
653 1138 820 1190 μέγεθος]
851 1138 1020 1189 sumpsit
1043 1137 1194 1188 primus

145 1200 317 1239 Steinius
333 1212 382 1237 ex
402 1199 621 1237 Aristotelis
635 1198 683 1236 de
699 1198 796 1237 Gen.
816 1206 854 1236 et
870 1210 975 1236 corr.
997 1196 1067 1235 lib.
1087 1197 1101 1234 l
1121 1211 1153 1235 c.
1172 1198 1194 1235 8

145 1274 184 1312 p.
201 1260 288 1298 325.
309 1258 348 1296 b.
373 1271 438 1304 22,
459 1257 529 1295 uhi
548 1258 630 1296 haec
657 1257 875 1307 leguntur-t
898 1256 1137 1308 Ἐμπεδοκλεῖ
1157 1255 1194 1295 δὲ

145 1319 190 1358 τὰ
223 1318 285 1370 μὲν
316 1318 408 1357 ἄλλα
429 1317 574 1370 φανερὸν
596 1317 649 1357 ὅτι
669 1316 776 1371 μέχρι
807 1319 876 1355 τῶν
907 1315 1090 1369 στοιχείων
1117 1314 1194 1369 ἔχει

143 1376 207 1425 τὴν
227 1376 380 1430 γένεσιν,
397 1391 510 1414 <10va
529 1375 565 1413 δὲ
580 1374 711 1414 τθύτο)ν
730 1392 803 1420 πως
824 1375 957 1426 γίνεται
971 1375 1032 1413 καὶ
1054 1375 1194 1428 φθείρε-

142 1452 203 1476 ται
216 1435 257 1475 τὸ
273 1434 511 1489 σωρευόμενον
536 1433 702 1486 μέγεθος,
729 1433 807 1474 οὔτε
829 1436 933 1482 δῆλον
956 1433 1035 1474 οὔτε
1056 1432 1192 1487 ἐνδέχε-

141 1511 200 1534 ται
218 1493 333 1546 λεγειν
349 1495 463 1546 αὐτῷ,
482 1492 532 1544 μὴ
548 1493 684 1545 λΕγΟΨῑἹ
701 1492 761 1531 καὶ
778 1509 838 1532 του
841 1509 963 1567 Ηηυρθς
981 1487 1070 1531 Εἶναι
1090 1508 1190 1532 στοι-

141 1559 252 1607 χεῖον·
287 1553 416 1604 ὁμοίως
449 1523 484 1590 δὲ
503 1567 564 1590 και
591 1555 660 1591 τῶν
695 1552 810 1591 ἄλλων
835 1552 1016 1592 ἁπάντων.
1053 1552 1193 1604 Ipsene

140 1612 394 1666 Empedocles
410 1612 464 1650 ita
481 1611 642 1659 dixerit,
660 1624 710 1650 an
728 1612 961 1650 Aristotelea
972 1611 1123 1650 locutio
1142 1612 1202 1650 sit>

141 1670 378 1725 σωρευόμενον
401 1670 544 1722 μέγεθος
567 1670 636 1708 vix
655 1670 818 1709 dubium
844 1670 1044 1708 videbitur
1075 1684 1192 1722 repu-

143 1731 261 1779 tanti,
288 1730 532 1769 Aristotelem
562 1729 684 1767 multa
707 1743 729 1767 a
747 1729 949 1781 prioribus
976 1730 1089 1767 aliter
1123 1744 1193 1768 no-

143 1791 290 1829 minata
303 1803 374 1828 suo
387 1802 495 1827 more
510 1789 777 1840 interpretari.
791 1789 884 1834 Quae
899 1803 1018 1840 quum
1035 1789 1089 1826 ita
1102 1790 1192 1837 sint,

141 1850 321 1897 omittere
340 1857 514 1900 poteram
535 1847 617 1886 haec
636 1847 777 1895 verba,
794 1849 873 1886 nisi
889 1848 1030 1898 dogma
1051 1848 1190 1900 Empe·

141 1907 318 1947 docleum
346 1908 394 1946 de
414 1921 492 1958 quo
510 1907 738 1946 Aristoteles
766 1908 863 1957 agit,
882 1916 1100 1946 memoratu
1129 1909 1192 1946 di-

141 1981 259 2017 gnum
293 1976 404 2006 esset.
434 1966 682 2004 Contrarium
720 1967 838 2004 tradit
876 1966 1109 2005 Plutarchus
1144 1966 1192 2005 de

140 2027 248 2065 Plac.
266 2026 409 2078 philos.
430 2025 464 2073 I,
491 2026 535 2062 13
558 2040 566 2062 :
583 2024 830 2076 Ἐμπεδοκλῆς
846 2025 914 2077 πρὸ
929 2028 998 2065 τῶν
1012 2026 1192 2079 τεσσάρων

141 2084 325 2138 στοιχείων
347 2083 559 2136 θραύσματα
590 2084 761 2136 ἐλάχιστα
794 2086 897 2123 οἱονεὶ
924 2091 1082 2138 στοιχεῖα
1111 2086 1191 2137 πρὶν

141 2143 339 2197 στοιχείων,
358 2145 549 2195 ὁμοιομερῆ
562 2173 572 2192 ,
592 2142 678 2194 ὅπερ
698 2142 773 2181 ἐστὶ
795 2142 1008 2194 στρογγύλα,
1025 2152 1062 2181 et
1082 2143 1114 2191 I,
1146 2158 1190 2192 17

140 2201 388 2253 Ἐμπεδοκλῆς
406 2200 441 2239 δὲ
458 2202 497 2238 ἐκ
516 2200 728 2253 μικροτέρων
746 2200 857 2252 ὄγκων
873 2200 915 2239 τὰ
931 2206 1088 2254 στοιχεῖα
1111 2218 1193 2254 συγ-

140 2262 262 2314 κρίνει,
279 2259 368 2312 ὁίπερ
389 2259 480 2298 ἐστὶν
503 2259 675 2311 ἐλάχιστα
695 2260 755 2298 καὶ
785 2260 889 2299 οἱονεὶ
914 2266 1075 2312 στοιχεῖα
1095 2275 1192 2299 στοι-

139 2321 260 2374 χείων.
280 2320 524 2359 Cf.Stobaeus
539 2319 671 2367 Ecl.1‚.
690 2320 736 2357 18
759 2334 797 2371 p.
818 2321 915 2368 3683
942 2320 1078 2360 Galen.
1101 2321 1190 2361 hist.

139 2381 237 2432 phil.
254 2395 286 2420 c.
304 2379 350 2418 X.
372 2380 458 2417 Huc
477 2379 625 2417 accedit
645 2379 750 2430 quod
771 2380 994 2418 Aristoteles
1015 2379 1062 2418 de
1082 2379 1190 2417 Coelo

140 2438 215 2489 ΠΙ,
235 2439 258 2476 6
285 2452 324 2488 p.
355 2437 429 2485 375
463 2437 517 2475 ait
547 2437 819 2488 Empedoclem
849 2437 977 2475 videri
1005 2438 1193 2476 elementa

142 2496 268 2535 facere
299 2497 412 2543 talia,
441 2509 528 2547 quae
559 2497 738 2547 quamvis
773 2496 900 2534 dividi
920 2497 1085 2546 possint,
1113 2511 1191 2536 non

141 2564 268 2593 tamen
290 2555 527 2594 dividantur.
540 2555 668 2593 Verba
685 2569 806 2605 graeca
824 2565 939 2594 sunt:
964 2555 1044 2595 εἰδὲ
1059 2555 1190 2604 στῆσε·

140 2614 284 2658 ταίπου
303 2617 326 2661 ἡ
347 2613 502 2657 διάλυσις
516 2643 525 2661 ,
549 2613 629 2661 ἤτοι
655 2614 785 2666 ἄτομον
814 2614 911 2653 ἔσται
930 2614 970 2653 τὸ
990 2618 1094 2666 σῶμα
1108 2618 1144 2654 ἐν
1163 2612 1191 2670 ᾧ

140 2671 304 2721 ἵσταται,
331 2671 545 2726 ἢδιαιρετὸν
562 2673 645 2723 μέν,
674 2675 711 2713 οὗ
737 2674 856 2724 μέντοι
883 2675 1189 2726 διαιρεθησόμενον

141 2733 327 2782 οὐδέποτε,
343 2732 503 2786 καθάπερ
527 2731 637 2771 ἔοικεν
659 2733 904 2782 Ἐμπεδοκλῆς
923 2732 1108 2786 βούλεσθαι
1129 2734 1191 2774 λέ-

139 2807 228 2844 γειν.
248 2791 364 2830 Varie
382 2792 502 2842 igitur
521 2802 671 2831 veteres
696 2793 743 2831 de
766 2794 966 2831 elementis
1000 2793 1190 2845 Empedo-

140 2850 235 2889 cleis
251 2849 496 2902 judicabant.
528 2851 635 2889 Hane
658 2852 766 2890 litem
790 2852 843 2890 ita
862 2861 1008 2890 tantum
1029 2866 1187 2904 compo-

141 2922 232 2948 nere
249 2910 351 2957 licet,
367 2911 596 2949 utdicamus
616 2911 889 2962 Empedoclem
906 2913 1094 2950 elementa
1111 2926 1188 2950 non

140 2969 209 3007 illa
218 2969 1182 3021 aspectabiliaintellexisseignen1‚a‹'3't·em,aquam,

140 3036 281 3066 terram
294 3057 304 3075 ,
343 3028 409 3067 sed
445 3030 609 3080 puriora
641 3038 679 3067 et
713 3030 963 3082 praeclariora
998 3030 1188 3080 quaedam.

143 3086 233 3125 IIaec
253 3100 341 3138 quae
358 3087 536 3127 videmus
558 3089 661 3127 fluxa
689 3097 779 3127 sunt
801 3098 916 3140 atque
944 3088 1101 3134 caduca,
1123 3089 1191 3126 illa
1216 3060 1220 3123 l

141 3154 414 3194 ver30aeterna
433 3147 515 3185 haec
528 3156 727 3195 concreta,
745 3147 814 3186 illa
831 3147 1039 3199 simplicia.
1061 3146 1189 3192 Quid?

140 3204 246 3254 quod
267 3205 400 3244 mixtis
427 3206 583 3244 demum
604 3207 684 3245 illis
708 3199 745 3245 et
774 3209 1004 3256 contagione
1036 3206 1189 3244 insectis

141 3262 278 3301 mundi
305 3278 471 3316 corpora
498 3274 712 3317 caetetaque
739 3280 825 3317 quae
853 3236 1033 3303 sensibus
1062 3267 1188 3315 perci-

141 3321 304 3372 piuntur
321 3332 408 3361 orta
421 3337 504 3362 esse
522 3325 629 3372 vult,
646 3325 846 3372 mortalia,
863 3333 906 3362 ut
923 3324 1032 3370 dicit,
1055 3336 1104 3361 ex
1118 3324 1190 3362 im-

143 3380 373 3420 mortalibus
391 3382 500 3427 facta.
529 3383 625 3421 Inde
643 3392 749 3435 patet
769 3383 967 3434 quomodo
997 3382 1187 3421 elementa

140 3448 183 3476 ut
201 3439 358 3479 divinas
375 3450 531 3481 naturas
543 3443 749 3482 individua
766 3442 911 3480 habere
931 3441 1104 3492 potuerit
1124 3454 1186 3480 ea-

140 3496 306 3549 demque
320 3499 361 3536 in
380 3501 563 3540 mortales
576 3510 721 3540 mutata
731 3502 874 3540 formas
892 3498 1139 3538 dissolubilia
1153 3510 1190 3540 et

2259 289 2311 322 43

1245 361 1369 400 divid
1376 375 1422 403 ua
1430 376 1513 402 esse
1526 364 1747 404 crediderit.
1757 365 1892 417 Itaque
1905 367 2085 420 ἀδιαίρετα
2097 379 2209 408 vocat
2223 374 2311 408 Em-

1259 421 1435 474 pedoclis
1448 424 1886 464 elementaThemistius
1903 427 1944 464 in
1957 428 2179 468 Aristotelis
2188 431 2307 471 Meta-

1259 483 1371 536 phys.
1394 483 1421 523 f.
1452 488 1500 528 24
1521 483 1563 522 in
1583 484 1704 523 schol.
1725 485 1926 524 Aristotel.
1946 499 2034 537 pag.
2061 488 2151 527 812.
2183 502 2219 528 a.
2246 490 2308 529 ed.

1259 543 1426 590 Brand.;
1448 541 1606 595 διαιρετὰ
1626 556 1718 581 vero
1739 543 1966 595 Simplicius
1984 544 2031 582 de
2049 545 2146 586 Coel.
2173 560 2188 583 1
2201 561 2214 583 1
2228 562 2261 589 1.
2282 549 2308 587 f.

1264 603 1334 646 134
1353 601 1393 641 b.

1309 660 1375 698 Vs.
1400 661 1493 698 182-
1501 661 1586 700 188.
1606 675 1726 699 τουτον
1756 639 2052 714 μὲν-κύμὸαις]
2081 663 2313 715 Simplicius

1257 719 1374 771 Phys.
1395 719 1503 770 VIII,
1523 720 1549 759 f.
1567 720 1657 759 258.
1678 734 1712 760 a.
1733 719 1773 760 b.
1796 720 1940 760 δυνατὸν
1970 720 2006 759 δὲ
2026 720 2125 760 καὶ’
2111 737 2144 759 εν
2173 725 2224 777 τῷ
2251 725 2309 763 κό-

1258 795 1337 833 σμῳ
1350 778 1464 833 τούτῳ
1484 779 1548 827 τήν
1569 796 1607 819 τε
1631 779 1754 819 ἕνωσιν
1777 783 1860 834 δρᾶν
1881 796 1942 820 και
1964 780 2028 829 τὴν
2050 780 2238 833 διάκρισιν,
2256 783 2309 821 ἀεὶ

1259 838 1321 890 μὲν
1342 840 1450 893 ἄμφω
1464 868 1475 887 ,
1494 839 1619 878 ἄλλοτε
1643 839 1679 878 δὲ
1701 840 1812 887 ἄλλην
1832 842 1867 879 ἐν
1889 840 2007 883 ἄλλοις
2022 838 2082 878 καὶ
2106 839 2226 884 ἄλλοις
2249 840 2312 891 με’·

1259 914 1376 951 ρεσιν,
1400 899 1423 946 ἢ
1444 901 1478 938 ἐν
1501 899 1618 944 ἄλλοις
1645 900 1705 939 καὶ
1729 899 1847 944 ἄλλοις
1873 900 2010 954 χρόνοις
2034 901 2310 953 ἐπικρατοῦσαν.

1256 958 1316 996 καὶ
1335 957 1403 1012 γὰρ
1420 958 1482 998 καὶ
1495 961 1644 999 ἐνταῦθα
1659 959 1699 999 τὸ
1713 960 1823 1004 νεῖκος
1842 960 1903 998 καὶ
1919 958 1981 1007 τὴν
2001 959 2119 1012 φιλίαν
2133 959 2232 1012 παρὰ
2245 960 2309 1011 με’-

1258 1033 1313 1069 ρος
1329 1018 1527 1071 ἐπικρατεῖν
1545 1017 1604 1058 ἐπί
1618 1017 1648 1057 τ’
1670 1017 1861 1071 ἀνθρώπων
1876 1019 1935 1057 καὶ
1957 1017 2087 1070 ἰχθύων
2099 1020 2160 1056 καὶ
2181 1017 2311 1072 Θηρίων

1256 1075 1316 1115 καὶ
1345 1077 1494 1130 ὀρνέων,
1518 1076 1767 1128 Ἐμπεδοκλῆς
1793 1092 1879 1130 φησι
1907 1077 1991 1116 τάδε
2010 1076 2167 1130 γράφων·
2188 1081 2309 1117 τοῦτον

1258 1136 1321 1186 μὲν
1342 1136 1493 1188 βροτέων
1510 1138 1587 1175 κτλ.
1609 1136 1672 1174 Vs.
1698 1137 1786 1175 182.
1817 1137 2071 1174 Accusativus
2099 1139 2222 1175 τοῦτον
2246 1136 2312 1186 μὲν

1256 1194 1412 1245 -ὄγκον
1433 1209 1455 1233 a
1481 1195 1607 1234 verbo
1638 1195 1771 1233 nescio
1794 1208 1872 1246 quo
1900 1195 2043 1246 pendet
2073 1195 2179 1245 quod
2210 1195 2310 1233 Sim-

1255 1255 1399 1306 plicius
1420 1268 1507 1293 cum
1526 1253 1708 1293 versibus
1738 1254 1966 1305 praegressis
1995 1254 2144 1291 omisit.
2175 1253 2250 1292 Sed
2274 1255 2310 1293 si

1255 1313 1345 1363 quis
1364 1312 1439 1351 hoc
1454 1326 1592 1364 parum
1609 1311 1818 1364 probabile
1838 1313 2035 1350 existimat
2051 1341 2061 1359 ,
2090 1312 2184 1363 quia
2205 1312 2307 1351 Sim-

1255 1372 1399 1422 plicius
1418 1372 1567 1423 ubique
1587 1372 1764 1423 inspecto
1784 1371 2032 1422 Empedoclis
2048 1372 2222 1409 carmine
2242 1373 2307 1410 in-

1255 1438 1380 1481 tegras
1396 1431 1554 1478 laudare
1568 1431 1691 1470 soleat
1710 1431 1921 1469 sententias
1933 1460 1943 1477 ‚
1960 1431 2139 1481 proclive
2150 1439 2207 1469 est
2222 1445 2311 1469 cor-

1255 1489 1384 1539 rigere
1403 1489 1523 1541 δέρκευ
1546 1489 1610 1541 μὲν
1633 1488 1784 1542 βροτέων
1803 1491 1881 1529 κτλ.
1904 1489 2052 1527 Μελέων
2066 1488 2168 1540 ὄγκον
2191 1498 2307 1541 poeta

1253 1548 1292 1586 τὸ
1304 1551 1407 1599 σῶμα
1426 1558 1553 1597 vocat,
1573 1558 1616 1588 ut
1635 1549 1699 1587 cui
1719 1561 1864 1600 corpus
1881 1548 1980 1586 nihil
1997 1549 2074 1587 nisi
2096 1562 2307 1600 compages

1255 1609 1519 1647 membrorum
1539 1609 1636 1647 forte
1658 1608 1814 1646 fortuna
1834 1609 1876 1646 in
1899 1621 2020 1646 unum
2048 1608 2306 1646 conflatorum

1254 1668 1317 1706 sit.

1306 1725 1368 1763 Vs.
1401 1726 1470 1771 184
1502 1725 1577 1778 βίου
1597 1725 1799 1764 Θαλέθουσιν
1820 1726 1854 1764 ἐν
1880 1727 1978 1777 ἀκμῇ
1994 1739 2079 1764 cum
2101 1725 2308 1765 Karstenio

1254 1784 1394 1836 scripsi
1420 1798 1493 1836 pro
1518 1785 1675 1834 vulgato
1702 1784 1918 1827 θαλέθοντος.
1943 1784 2006 1823 Vs.
2041 1785 2114 1822 186
2144 1784 2224 1837 περὶ
2247 1787 2308 1837 ῥη-

1253 1849 1350 1894 γμῖνι
1372 1843 1472 1896 βίοιο,
1484 1848 1583 1880 circa
1595 1848 1689 1881 vitae
1708 1846 1822 1889 littus,
1837 1858 1942 1880 oram
1964 1856 2065 1880 nova
2083 1843 2309 1894 metaphora

1254 1904 1354 1941 dixit
1387 1917 1461 1955 plo
1482 1909 1583 1941 circa
1613 1909 1709 1941 vitoe
1735 1909 1946 1953 marginem
1975 1905 2059 1942 sive
2084 1906 2222 1954 finem.
2243 1904 2304 1943 Vs.

1259 1963 1331 2000 188
1352 1962 1605 2015 ὀρειλεχέεσσιν
1628 1976 1650 2001 e
1677 1962 1905 2001 Schneideri
1923 1964 2194 2001 emendatione
2214 1963 2303 2001 dedi

1254 2035 1326 2073 pro
1343 2022 1501 2072 vulgato
1517 2021 1789 2075 ὃρειμελέεσσιν.
1801 2022 1858 2061 Cf.
1870 2035 1971 2062 vers,
1990 2024 2077 2067 448.
2094 2023 2218 2061 Porro
2235 2036 2308 2074 pro

1253 2080 1496 2132 πτεροὸοίμοσι
1516 2080 1621 2131 quod
1648 2080 1852 2131 legebatur
1882 2095 1968 2120 cum
2005 2081 2308 2119 Panzerbietero

1254 2140 1368 2192 posui
1412 2139 1676 2192 πτεροὸήμοσι,
1728 2140 2057 2191 quemadmodum
2105 2142 2307 2191 epicorum

1254 2207 1455 2250 poetarum
1486 2212 1615 2237 sermo
1663 2200 1844 2250 requirit.
1889 2200 2069 2251 Denique
2112 2201 2309 2252 llesychio

1254 2255 1390 2307 κύμὸαι
1422 2266 1513 2296 sunt
1529 2257 1679 2309 ὄρνιθες,
1701 2271 1780 2308 quo
1812 2259 2035 2308 significatu
2064 2269 2101 2298 et
2126 2259 2307 2298 hocloco

1253 2315 1504 2368 Empedocles
1520 2330 1656 2355 vocem
1675 2316 1867 2356 adhibuit.

1305 2375 1387 2414 Vss.
1428 2376 1611 2427 189-205.
1640 2373 1763 2427 Αὐτὰρ
1792 2374 2075 2428 ἐγὼ-ἰδέσθαι]
2102 2376 2186 2415 Vss.
2215 2379 2309 2429 189-

1255 2436 1329 2472 203
1368 2434 1480 2489 αὐτὰρ
1516 2432 1819 2487 ἐγὼ-κελεύθους
1861 2436 1954 2473 citat
1990 2435 2218 2487 Simplicius
2258 2439 2306 2476 de

1253 2494 1363 2532 Coelo
1379 2495 1433 2542 ll,
1452 2508 1473 2533 e
1492 2495 1578 2534 cod.
1595 2494 1716 2533 Taur.
1733 2494 1910 2545 prolatos
1930 2508 1951 2532 a
1972 2495 2156 2546 Peyrono
2176 2511 2215 2548 p.
2233 2511 2281 2545 27
2297 2514 2305 2543 3

1253 2555 1370 2593 iidem
1401 2568 1540 2594 versus
1556 2555 1730 2606 corrupti
1764 2555 2015 2605 reperiuntur
2053 2554 2094 2592 in
2126 2555 2186 2594 ed.
2216 2556 2304 2595 Ald.

1252 2612 1279 2653 f.
1305 2615 1378 2652 128
1399 2613 1439 2653 b.
1462 2613 1571 2651 Adde
1588 2613 1715 2651 Schol.
1735 2613 1857 2652 Arist.
1882 2613 1941 2651 ed.
1967 2613 2146 2652 Brandis.
2171 2628 2209 2666 p.
2233 2614 2304 2662 507

1252 2686 1288 2710 a.
1310 2682 1348 2711 et
1376 2673 1500 2712 Gaisf.
1520 2681 1642 2724 poetae
1668 2672 1764 2712 min.
1791 2671 1915 2710 Graec.
1936 2672 2016 2712 vol.
2047 2672 2084 2710 11
2117 2687 2155 2724 p.
2183 2673 2303 2714 XLII.

1252 2731 1333 2770 Vss.
1370 2732 1542 2782 191·205
1587 2730 1664 2770 ἐπεὶ
1700 2730 2000 2774 νεῖκος-ἰδέσθαι
2045 2732 2158 2770 affert
2201 2733 2304 2772 idem

1251 2792 1370 2844 Phys
1393 2793 1423 2840 I,
1449 2793 1474 2831 Γ.
1508 2807 1528 2841 7
1556 2792 1598 2831 B.
1619 2791 1704 2831 Vss.
1731 2792 1827 2841 198-
1835 2805 1906 2830 201
1930 2790 1968 2829 οὔ
1989 2806 2046 2830 πω
2074 2797 2181 2830 πᾶνε
2166 2791 2307 2841 εξέστη-

1218 2855 1220 2894 Ξ
1251 2851 1598 2904 κεν-ὁρμή,ἰάοιη
1630 2851 1677 2890 de
1703 2850 1813 2889 Coelo
1836 2864 1897 2903 ap.
1918 2851 2088 2901 Peyron
2116 2865 2154 2902 p.
2187 2853 2234 2899 37
2259 2852 2307 2903 (f.

1217 2896 1531 2960 Ι1[.41).ΑΙ(1..)
1564 2910 1648 2948 Vss.
1688 2910 1764 2948 208
1797 2923 1878 2961 seq.
1916 2903 2004 2962 αἷψκ
2035 2909 2308 2954 δὲ-κελεύθους

1253 2970 1344 3007 citat
1362 2969 1654 3021 'lheophrastus
1672 2969 1776 3021 apud
1792 2970 2020 3007 Athenaeum
2041 2968 2074 3006 X
2093 2984 2130 3020 p.
2152 2971 2226 3013 423
2249 2982 2305 3020 sq.

1250 3029 1393 3067 Eadem
1422 3028 1547 3067 verba
1573 3042 1698 3080 usque
1727 3028 1774 3067 ad
1796 3028 1933 3080 ἄκρητα
1952 3037 2142 3067 memorat
2157 3029 2308 3066 Aristo·

1252 3088 1345 3126 teles
1373 3088 1484 3131 Poet.
1513 3102 1550 3127 c.
1570 3088 1618 3126 25
1641 3102 1681 3139 p.
1711 3088 1807 3133 1461
1841 3087 1904 3127 ed.
1928 3088 2089 3127 Bekker.
2109 3096 2146 3125 et
2170 3087 2306 3125 Eusta-

1252 3147 1356 3185 thius
1381 3147 1424 3185 in
1449 3147 1563 3187 Iliad.
1586 3147 1603 3185 I
1635 3161 1676 3198 p.
1700 3148 1793 3194 746,
1831 3147 1896 3194 57.
1935 3146 2114 3197 Denique
2146 3146 2304 3184 initium

1250 3219 1387 3245 versus
1404 3207 1479 3244 203
1500 3206 1616 3244 habet
1633 3205 1864 3244 Plutarchus
1885 3205 2022 3256 Symp.
2039 3204 2087 3255 V,
2105 3211 2125 3250 4
2148 3219 2190 3257 p.
2211 3205 2303 3252 677,

1250 3266 1330 3306 vol.
1350 3265 1441 3304 VIII
1460 3280 1502 3318 p.
1525 3267 1602 3316 696
1623 3266 1685 3305 ed.
1709 3265 1839 3304 lteisk.
1861 3264 2089 3316 Simplicius
2106 3277 2151 3302 eo
2172 3264 2301 3302 consi-

1251 3325 1307 3362 lio
1326 3324 1389 3362 his
1419 3323 1600 3362 versibus
1623 3325 1762 3370 utitur,
1776 3332 1819 3361 ut
1840 3322 2083 3361 demonstret
2097 3322 2144 3360 de
2165 3321 2303 3373 Empe-

1252 3383 1377 3422 doclis
1402 3383 1594 3422 sententia
1621 3383 1663 3420 in
1695 3382 1843 3420 mundo
1865 3395 1945 3420 non
1972 3390 2120 3420 tantum
2142 3381 2304 3419 Discor-

1252 3443 1355 3481 diam
1388 3442 1583 3480 dominari
1601 3471 1611 3492 ,
1643 3441 1710 3480 sed
1741 3441 1965 3479 Amicitiam
1987 3452 2169 3491 quoque,
2190 3447 2304 3488 atque

1252 3502 1352 3540 hanc
1385 3514 1469 3540 esse
1491 3514 1620 3539 rerum
1656 3501 1891 3539 naturalium
1923 3500 2129 3538 fictricem.
2166 3497 2225 3535 Ex
2244 3496 2305 3535 his
