2612 3814
969 317 1024 356 lN
1059 316 1286 356 AUREUM
1323 315 1553 357 CARMEN.

177 410 247 461 γῆν
268 409 358 459 πέσῃ
371 437 382 455 ,
399 405 477 445 τότε
491 404 594 457 νόμος
615 403 723 452 αὐτὴν
738 406 784 448 εἷς
801 407 885 457 ζῷον
908 403 1030 452 θνητὸν
1046 403 1227 449 εἷσοικίζε-

178 471 275 506 σθαι.
334 466 424 518 Περὶ
451 463 487 503 δὲ
521 467 582 511 τῆς
614 463 737 503 ἀνόδου
767 467 901 502 ταῦτα·
922 462 976 502 ὅτι
996 463 1055 502 τὸν
1083 463 1226 515 ὕστερον

178 524 384 578 προσφύντα
409 522 513 575 ὄχλον
534 525 573 563 ἐκ
595 525 678 574 γῆς,
699 522 759 560 καὶ
778 521 902 566 ὕδατος
916 552 926 571 ,
945 522 1005 560 καὶ
1025 521 1144 574 ἀέρος,
1167 522 1228 560 καὶ

181 583 312 637 πυρός,
332 582 512 635 θορυὸώδη
533 581 593 621 καὶ
620 581 745 633 ἄλογον
766 581 869 630 ὄντα,
899 581 990 635 λόγῳ
1008 581 1187 634 κρατήσας
1211 582 1229 618 ὁ

181 643 384 696 ἄνθρωπος,
401 643 448 686 εἷς
465 640 506 680 τὸ
520 644 580 688 τῆς
599 639 769 694 προτέρας
788 640 847 679 καὶ
868 640 1013 693 ἀρίστης
1033 643 1230 691 ἀφικνεῖται

179 694 271 745 εἶδος
289 700 407 746 ἕξεως·
424 701 481 739 ὅτε
507 700 568 739 καὶ
585 701 632 744 εἷς
651 699 691 738 τὸ
711 697 877 750 σύννομον
910 698 1037 752 ἄστρον
1064 697 1230 749 ἀνάγεται

180 759 284 812 ὑγιὴς
303 759 364 798 καὶ
393 759 582 813 ὁλόκληρος
602 759 795 809 γενόμενος.
852 757 976 808 Ὑγιὴς
997 756 1059 807 μὲν
1076 760 1129 809 ,τῇ
1161 759 1229 795 τῶν

182 821 304 858 παθῶν
319 849 331 870 ‚
349 821 396 863 ὥς
411 818 618 870 νοσημάτων
637 848 648 870 ‚
667 820 881 870 ἀπαλλαγῇ,
898 817 916 856 ὃ
939 817 995 856 διὰ
1014 820 1076 864 τῆς
1093 818 1231 856 πολιτι-

180 882 248 925 κῆς
271 879 398 930 ἀρετῆς
427 877 682 931 παραγίνεται·
705 877 894 928 ὁλόκληρος
920 876 956 914 δέ
972 905 982 923 ,
1013 879 1055 928 τῇ
1087 879 1146 914 νοῧ
1172 876 1232 914 καὶ

180 936 403 987 ἐπιστήμης,
436 939 483 985 ὡς
514 936 650 976 οἰκείων
673 939 806 988 μερῶν,
829 935 1022 988 ἀναλήψει,
1041 933 1059 972 ὃ
1093 933 1150 982 διᾲ
1170 937 1232 981 τῆς

183 998 396 1048 θεωρητικῆς
415 994 579 1043 ἀληθείας
598 997 851 1048 κατορθοῦσθαι
868 993 1014 1046 πέφυκε.
1073 992 1144 1032 Καὶ
1163 992 1233 1030 πά·

182 1056 259 1103 λιν,
280 1056 326 1099 ὡς
346 1054 416 1093 δέοι
445 1057 490 1106 τῇ
520 1056 674 1093 ἐντεῦθεν
696 1057 787 1107 φυγῇ
807 1051 870 1100 τὴν
892 1052 962 1092 ἀπὸ
981 1054 1050 1090 τῶν
1072 1051 1233 1103 κρειττό-

181 1129 253 1152 νων
285 1113 474 1167 γενομένην
505 1112 699 1152 ἀπόστασιν
722 1111 943 1158 ἐξιάσασθαι,
973 1112 1092 1163 σαφῶς
1127 1110 1232 1159 παρί-

182 1188 312 1226 στησι,
335 1171 446 1226 φυγὴν
468 1174 537 1212 τῶν
557 1172 640 1225 τῇδε
659 1174 778 1211 κακῶν
809 1170 873 1218 τὴν
894 1168 1098 1224 φιλοσοφίαν
1122 1168 1233 1220 ὁριζό-

185 1247 298 1282 μενος.
359 1229 635 1284 Συμπεφυκέναι
681 1229 749 1283 γὰρ
783 1229 827 1268 τὰ
845 1265 850 1272 ,
872 1229 967 1275 πάθη
1004 1227 1118 1278 μόνοις
1163 1233 1234 1271 τοῖς

181 1295 320 1338 θνητοῖς
341 1289 571 1344 ἀποφαίνεται
591 1289 649 1329 διὰ
668 1289 820 1328 τούτων·
846 1289 924 1336 ἀλλ’
944 1287 1022 1326 οὐδὲ
1043 1284 1234 1325 ἀπολέσθαι

184 1351 227 1389 τὰ
248 1350 341 1389 κακὰ
359 1349 521 1397 δυνατόν,
537 1347 614 1388 οὔτε
631 1349 666 1386 ἐν
683 1351 770 1391 θεοῖς
784 1340 872 1386 εἶναι
885 1376 895 1395 ,
911 1345 993 1398 περὶ
1011 1344 1047 1384 δὲ
1063 1344 1160 1383 τόνδε
1175 1343 1232 1382 τὸν

139 1457 142 1461 ,
181 1410 288 1448 τόπον
315 1409 376 1448 καὶ
400 1408 463 1456 τὴν
502 1406 630 1454 θνητὴν
663 1406 766 1460 φύσιν
786 1405 968 1458 περιπολεῖ
1001 1402 1034 1449 ἐξ
1064 1402 1230 1454 ἀνάγκης.

181 1470 265 1513 Τοῖς
296 1467 364 1520 γὰρ
385 1470 418 1506 ἐν
449 1466 582 1518 γενέσει
606 1465 668 1504 καὶ
689 1468 800 1518 φθορᾷ
831 1464 972 1508 πάντως
1006 1478 1073 1501 που
1109 1461 1167 1500 καὶ
1193 1461 1234 1499 τὸ

183 1525 282 1578 παρὰ
314 1527 415 1578 φύσιν
447 1527 647 1572 διατεθῆναι
668 1523 836 1562 δύνασθαι
855 1521 1069 1574 παρέπεται·
1087 1520 1171 1572 ὅπερ
1190 1514 1232 1567 ἦν

181 1589 252 1623 τῶν
272 1587 389 1623 κακῶν
411 1583 517 1636 ἀρχή.
577 1585 660 1626 Πῶς
678 1583 713 1620 δὲ
734 1583 786 1620 δεῖ
803 1585 918 1620 ταῦτα
936 1579 1072 1632 φεύγειν
1094 1580 1230 1630 ἐπάγει·

181 1642 236 1681 διὸ
253 1643 303 1680 δεῖ
323 1641 455 1680 ἐνθένδε
476 1644 588 1680 ἐκεῖσε
621 1640 757 1694 φεύγειν
772 1656 780 1665 ·
812 1639 903 1693 φυγὴ
926 1639 961 1676 δὲ
982 1638 1147 1689 ὁμοίωσις
1167 1639 1233 1689 θεῷ

183 1700 274 1740 κατὰ
294 1700 333 1739 τὸ
353 1700 498 1739 δυνατὸν
534 1699 707 1753 ἀνθρώπῳ
720 1715 727 1723 ·
749 1699 914 1750 ὁμοίωσις
942 1697 1000 1745 δέ,
1024 1697 1156 1735 δίκαιον
1173 1695 1233 1734 καὶ

181 1758 276 1798 ὅσιον
298 1757 389 1809 μετὰ
409 1758 607 1812 φρονήσεως
627 1757 801 1809 γενέσθαι.
857 1756 930 1796 Τὸν
951 1754 1020 1809 γὰρ
1041 1756 1234 1808 ἀποδρᾶναι

268 1891 324 1923 ubi
345 1891 460 1924 caedes
475 1892 507 1923 et
525 1890 677 1922 Simultas
695 1890 727 1922 et
739 1889 876 1921 aliorum
893 1888 1021 1929 agmina
1034 1889 1211 1927 Fatorum

183 1941 224 1976 in
241 1953 355 1989 quam
381 1941 448 1990 qui
466 1939 672 1976 inciderint

269 1999 368 2030 Noxae
384 2005 440 2038 per
454 1997 579 2037 pratum
597 2003 717 2036 perque
735 1994 882 2026 tenebras
900 1994 1067 2035 vagantur.

184 2062 422 2099 Desiderium
460 2068 587 2098 autem
626 2060 706 2108 ejus
719 2087 729 2105 ‚
767 2060 834 2108 qui
870 2059 966 2108 fugit
995 2059 1121 2095 Noxoe
1140 2071 1233 2107 pra-

182 2129 259 2157 tum
270 2149 279 2166 ,
302 2121 351 2157 ad
368 2121 536 2157 veritatis
551 2127 701 2169 pratum
716 2130 880 2168 propere
897 2117 1113 2163 contendit;
1129 2117 1235 2166 quod

184 2193 304 2229 quum
326 2180 496 2228 reliquit,
518 2191 727 2229 pennarum
745 2176 899 2213 defluvii
918 2178 1062 2226 impetu
1089 2177 1129 2212 in
1158 2184 1232 2213 ter-

184 2251 319 2275 renum
359 2250 499 2287 corpus
540 2238 663 2282 venit,
701 2236 799 2272 felici
833 2239 918 2272 vita
945 2239 1129 2284 privatus.
1169 2235 1234 2272 His

183 2304 442 2334 consentanea
461 2297 579 2333 habet
600 2297 714 2332 etiam
733 2295 930 2340 Plato,·de
950 2294 1131 2330 descensu
1155 2294 1233 2330 haec

185 2355 335 2393 tradens
373 2369 383 2395 ε
407 2357 528 2404 Quum
561 2368 650 2391 vero
695 2354 840 2391 viribus
884 2355 939 2389 ad
969 2354 1235 2402 assequendum

186 2427 260 2451 non
292 2417 427 2451 valens
444 2413 624 2466 [animus]
642 2416 760 2450 Deum
786 2416 945 2448 minime
971 2413 1094 2457 videt,
1121 2420 1158 2448 et
1180 2415 1237 2447 in-

173 2472 350 2519 fortunio
380 2475 510 2522 aliquo
542 2485 752 2522 pennarum
784 2471 980 2518 defluvium
1018 2483 1153 2520 passus
1198 2474 1237 2506 in

186 2540 322 2568 terram
354 2533 515 2578 dedda,
546 2539 620 2567 tum
654 2532 717 2566 leae
746 2543 828 2566 eum
855 2530 967 2576 jubet
1004 2533 1042 2565 in
1082 2531 1237 2566 mortale

184 2593 332 2627 animal
356 2592 495 2627 induci.
514 2592 570 2627 De
593 2601 746 2626 ascensu
762 2595 887 2625 autcm
902 2589 980 2624 haec
998 2599 1008 2626 ε
1026 2589 1229 2633 Hominem,

184 2662 296 2699 quum
318 2651 452 2687 molem
466 2657 598 2699 postea
619 2656 776 2684 tractam
796 2661 845 2684 ex
864 2655 982 2694 terra,
1005 2659 1125 2696 aqua,
1151 2660 1238 2684 aere

185 2717 224 2745 et
241 2713 327 2757 igne
337 2738 348 2757 ‚
371 2710 619 2745 turbulentam
639 2716 675 2744 et
692 2710 844 2743 rationis
863 2714 1052 2755 expertem
1066 2734 1076 2752 ,
1094 2710 1238 2742 ratione

186 2770 426 2816 superaverit,
450 2767 505 2802 ad
513 2769 655 2816 prioris
677 2768 873 2814 optimique
900 2764 1047 2800 habitas
1064 2762 1237 2810 formam

182 2829 395 2875 pervenire‚·
419 2827 566 2875 quando
582 2828 696 2862 etiam
714 2825 767 2860 ad
787 2832 925 2860 astrum
949 2826 1022 2872 ipsi
1036 2836 1240 2872 congruens

187 2886 298 2931 redit,
318 2898 431 2921 sanus
454 2893 565 2934 atque
591 2888 736 2932 Integer
751 2882 898 2930 jactus.
917 2882 1041 2919 Sanus
1067 2883 1236 2931 quidem,

188 2945 282 2993 quia
308 2942 357 2980 ab
377 2944 576 2980 affectibus
595 2951 776 2991 tanquam
798 2942 943 2978 morbis
967 2941 1149 2977 liberatus
1166 2943 1236 2988 sit,

191 3003 298 3052 quod
330 3004 480 3040 virtutis
509 3003 628 3040 civilis
659 3014 796 3038 munus
824 3008 901 3047 est,
932 3004 1073 3050 integer
1090 3008 1236 3046 autem,

187 3064 323 3099 mentis
342 3071 380 3100 et
395 3063 557 3099 scientiae
568 3090 577 3107 ‚
596 3069 779 3109 tanquam
796 3061 1042 3110 propriarum
1057 3061 1234 3108 partium,

188 3123 505 3172 recuperatione,
526 3121 632 3170 quod
653 3120 957 3170 contemplativae
976 3119 1142 3155 veritatis
1165 3132 1239 3167 ope

180 3183 262 3218 trite
280 3180 491 3230 perficitur.
513 3182 562 3217 Et
579 3192 708 3228 rursus
736 3180 840 3216 idem
860 3180 966 3215 Plato
988 3178 1238 3215 defectionem

186 3254 211 3278 a
241 3241 313 3278 diis
342 3241 471 3277 nostra
500 3240 588 3276 hinc
617 3239 703 3289 fuga
734 3239 1008 3288 pet-sanandam
1032 3250 1108 3274 esse
1127 3239 1239 3287 plane

187 3301 327 3348 docet,
359 3300 641 3350 philosophiam
670 3300 880 3348 malorum,
912 3312 994 3347 quae
1029 3298 1091 3334 hic
1131 3304 1238 3346 sunt,

189 3360 317 3410 fugam
339 3372 416 3397 esse
437 3358 631 3398 definiens.
654 3357 782 3396 Animi
811 3360 910 3396 enim
930 3354 1238 3407 perturbationes

189 3420 412 3456 mortalibus
440 3419 530 3455 solis
547 3419 675 3455 insitas
704 3431 781 3456 esse
808 3419 867 3454 his
887 3418 1012 3454 verbis
1037 3416 1201 3452 declarat
1226 3429 1234 3452 z

187 3480 242 3515 At
251 3491 369 3527 neque
382 3480 486 3514 mala
503 3482 626 3527 perire
639 3487 806 3527 possunt,
826 3491 894 3515 nec
913 3480 949 3513 in
970 3478 1043 3513 diis
1057 3488 1155 3520 esse,
1174 3476 1242 3511 sed

186 3541 287 3574 circa
308 3537 405 3573 hunc
426 3539 544 3575 locum
563 3546 599 3575 et
625 3546 798 3575 naturam
823 3538 1016 3575 mortalem
1033 3538 1239 3572 necessario

2255 324 2329 357 471

1291 404 1500 457 βουλόμενον
1520 403 1565 442 τὰ
1593 403 1687 443 κακὰ
1717 404 1781 452 τὴν
1804 403 1930 451 θνητὴν
1951 408 2052 457 φύσιν
2072 406 2209 456 πρῶτον
2239 405 2337 443 ἀπο·-

1288 465 1484 516 στραφῆναι
1505 463 1567 501 δεῖ·
1588 463 1626 501 οὗ
1647 461 1717 516 γὰρ
1743 457 1813 501 οἷόν
1835 478 1874 501 τε
1893 462 2005 514 ταύτῃ
2026 462 2339 516 συμπεφυρμένους

1289 520 1338 572 μὴ
1353 521 1414 560 καὶ
1429 523 1498 560 τῶν
1520 520 1698 572 ἑπομένων
1718 522 1808 574 αὐτῇ
1826 522 1943 559 κακῶν
1958 520 1992 566 ἐξ
2009 521 2163 572 ἀνάγκης
2183 521 2338 571 ἀναπίμ-

1288 581 1459 620 πλασθαι.
1516 579 1661 633 εὨσπερ
1682 574 1740 619 οῧν
1763 583 1783 628 ἡ
1807 579 1921 619 θεόθεν
1949 579 2041 633 φυγὴ
2059 579 2120 618 καὶ
2139 583 2161 627 ἡ
2189 581 2338 633 πτεροῤ-

1295 639 1415 692 ρύησις
1448 641 1517 678 τῶν
1549 638 1784 692 κουφιζόντων
1814 641 1908 690 ἡμᾶς
1933 638 2018 690 πρὸς
2040 637 2086 677 τὰ
2106 637 2177 675 ἄνω
2204 641 2339 690 πτερῶν

1294 700 1341 742 εἷς
1359 698 1420 737 τὸν
1440 699 1509 736 τῶν
1531 701 1663 746 θνητῶν
1681 697 1806 750 ἤνεγκε
1827 697 1948 743 τόπον,
1962 691 2010 741 οἷς
2027 695 2073 735 τὰ
2093 696 2186 735 κακὰ
2207 712 2341 735 συνεισ-

1292 757 1451 809 έρχεται·
1484 757 1575 796 οὕτω
1604 755 1664 795 καὶ
1684 759 1707 804 ἡ
1740 759 1802 803 τῆς
1830 757 1957 804 θνητῆς
1980 753 2219 808 προσπαθείας
2248 755 2341 794 ἀπο-

1292 814 1379 863 ὅολή
1394 846 1404 866 ,
1426 814 1485 853 καὶ
1503 819 1525 863 ἡ
1546 817 1615 853 τῶν
1637 816 1789 869 ἀρετῶν,
1808 808 1877 853 οἷον
1897 815 2033 866 πτερῶν
2061 829 2185 861 τινων,
2203 813 2342 866 ἔκφυσις

1291 874 1376 926 πρὸς
1406 873 1464 911 τὸν
1487 876 1557 912 τῶν
1580 876 1698 912 κακῶν
1729 873 1882 925 καθαρὸν
1901 872 2026 920 τόπον,
2045 872 2131 925 πρὸς
2159 871 2221 918 τὴν
2248 872 2342 909 θείαν

1292 931 1437 978 εὖζωΐαν
1450 963 1458 979 ,
1482 936 1575 984 ἡμᾶς
1593 932 1723 977 ἀνάξει.
1784 932 1887 980 Μέση
1902 931 1968 985 γὰρ
1986 926 2073 970 οῧσα
2092 935 2113 979 ἡ
2128 934 2188 969 τοῦ
2210 930 2342 982 ἀνθρώ·

1293 1007 1359 1030 που
1380 991 1481 1030 οὐσία
1500 994 1568 1030 τῶν
1585 1007 1620 1029 τε
1639 990 1694 1031 ἀεὶ
1710 990 1878 1030 νοούντων
1897 990 1956 1029 τὸν
1975 989 2049 1029 θεὸν
2071 989 2130 1028 καὶ
2147 992 2214 1028 τῶν
2234 989 2342 1040 μηδέ-

1292 1065 1376 1088 ποτε
1394 1056 1482 1089 νοεῖν
1512 1051 1715 1102 πεφυκότων
1735 1048 1846 1088 ἅνεισί
1865 1065 1900 1088 τε
1919 1048 2003 1102 πρὸς
2027 1049 2141 1088 ἐκεῖνα
2153 1079 2163 1099 ,
2195 1047 2256 1087 καὶ
2275 1047 2343 1086 κά-

1292 1124 1379 1148 τεισι
1405 1109 1490 1161 πρὸς
1509 1113 1642 1157 ταῦτα,
1669 1113 1728 1149 νοῦ
1757 1109 1882 1156 κτήσει
1904 1108 1965 1147 καὶ
1985 1107 2144 1161 ἀποὸολῇ
2164 1106 2250 1160 πρὸς
2277 1106 2341 1153 τὴν

1293 1167 1387 1205 θείαν
1408 1166 1574 1218 ὁμοίωσιν
1594 1168 1655 1206 καὶ
1670 1166 1733 1215 τὴν
1752 1167 1887 1219 θήρειον
1908 1165 1966 1205 διὰ
1982 1166 2022 1205 τὸ
2039 1169 2099 1213 τῆς
2121 1165 2256 1219 φύσεως
2272 1167 2340 1215 ἀμ-

1295 1225 1408 1278 φίὸιον
1421 1255 1431 1273 ,
1449 1224 1517 1263 ἀνὰ
1538 1224 1641 1278 μέρος
1659 1225 1885 1277 ἐπειγομένη.
1935 1225 2046 1265 Ταῦτ’
2065 1218 2123 1263 οὖν
2141 1226 2158 1263 ὁ
2184 1223 2264 1276 περὶ
2280 1227 2343 1270 τῆς

1294 1283 1579 1335 ἀνθρωπίνης
1600 1282 1801 1335 ἐγνωκὼς
1821 1283 1973 1327 οὐσίας
1996 1277 2066 1323 οἶδε
2083 1285 2157 1327 πῶς
2180 1282 2343 1321 αὐθαί-

1295 1358 1401 1396 ρετα
1433 1342 1602 1394 πήματ’
1633 1343 1816 1396 ἔχουσιν
1839 1343 1876 1381 οἱ
1909 1342 2155 1395 ἄνθρωποι,
2179 1341 2239 1380 καὶ
2269 1343 2344 1386 πῶς

1294 1399 1412 1450 τλήμ
1423 1415 1467 1438 ον
1480 1415 1517 1443 ες
1533 1399 1592 1438 καὶ
1606 1400 1754 1444 τάλανες
1768 1404 1843 1444 ταῖς
1852 1402 1984 1438 ἑαυτῶν
2003 1399 2157 1452 αἱρέσεσι
2172 1397 2340 1450 γίνονται.

1295 1461 1388 1498 Ποτὲ
1415 1457 1477 1510 μὲν
1497 1459 1578 1512 γάρ,
1600 1458 1651 1497 ἔτι
1672 1460 1857 1510 δυνάμενοι
1889 1460 2004 1510 μένειν
2035 1460 2127 1505 ἐκεῖ,
2150 1457 2344 1512 προπετείᾳ

1294 1520 1404 1570 ὁρμῆς
1424 1519 1471 1561 εἷς
1496 1517 1631 1570 γένεσιν
1665 1518 1941 1570 κατασύρονται·
1969 1517 2053 1556 ποτὲ
2074 1516 2131 1565 δέ,
2159 1515 2344 1567 δυνάμενοι

1295 1580 1425 1615 θᾶσσον
1456 1577 1609 1615 ἐντεῦθεν
1631 1575 1845 1616 ἀπολύεσθαι
1860 1608 1869 1624 ,
1887 1576 1984 1614 αὐτοὶ
2002 1575 2143 1619 ἑαυτοὺς
2163 1577 2238 1619 ταῖς
2256 1576 2344 1625 ἀμε-

1293 1636 1404 1690 τρίαις
1422 1639 1492 1680 τῶν
1514 1638 1633 1675 παθῶν
1662 1635 1940 1676 καταπλέκουσι.
1998 1635 2075 1675 Καὶ
2109 1638 2211 1674 τοῦτο
2238 1629 2281 1682 ἦν
2302 1634 2342 1673 τὸ

1294 1698 1364 1735 τῶν
1394 1697 1568 1748 ἀγαθῶν
1602 1695 1737 1739 πέλας
1760 1694 1907 1734 ὄντων
1949 1693 2061 1745 μήτε
2096 1696 2198 1746 ὁρᾶν
2233 1693 2342 1743 μήτε

1295 1753 1402 1792 ἀκού
1419 1770 1499 1793 ειν·
1520 1753 1578 1791 ἵνα
1599 1755 1707 1804 ἀγαθ
1721 1752 1742 1790 ὰ
1763 1751 1826 1805 μὲν
1847 1751 1953 1806 ἀρετὴ
1968 1751 2026 1790 καὶ
2043 1751 2190 1799 ἀλήθεια
2208 1755 2265 1790 νῦν
2286 1752 2343 1790 λε’-

1295 1893 1498 1922 versantur.
1524 1886 1695 1933 Namque
1712 1885 1756 1921 iis
1769 1912 1778 1930 ‚
1795 1896 1878 1933 quae
1894 1884 2130 1933 generationi
2156 1891 2193 1919 et
2213 1895 2347 1919 corru-

1296 1944 1421 1992 ptioni
1453 1944 1617 1980 obnoxia
1645 1950 1751 1989 sunt,
1768 1942 1923 1978 omnino
1958 1941 2117 1989 accidit,
2138 1948 2181 1976 ut
2210 1948 2348 1989 praeter

1295 2010 1473 2038 naturam
1491 2001 1592 2038 affici
1609 2002 1775 2051 possint,
1795 2000 1902 2049 quod
1921 2000 2109 2036 malorum
2128 2006 2182 2035 est
2201 1999 2346 2047 princi-

1293 2062 1414 2110 pium.
1438 2061 1511 2098 Sed
1531 2074 1607 2109 quo
1628 2067 1740 2109 pact-o
1766 2060 1844 2095 haec
1876 2058 2055 2109 fugienda
2075 2059 2172 2106 sint,
2192 2057 2344 2105 subjun-

1295 2121 1349 2169 git
1389 2132 1397 2155 :
1430 2120 1666 2169 Quapropter
1704 2119 1793 2155 lze'nc
1824 2120 1913 2154 illuc
1949 2115 2151 2165 confugere
2180 2125 2343 2167 oportet,

1285 2176 1392 2226 fuga
1407 2187 1530 2215 autem
1547 2187 1601 2214 est
1617 2178 1823 2214 simiIitudo
1850 2189 1931 2212 cum
1952 2177 2050 2221 Deo,
2068 2183 2248 2223 quatenus
2275 2174 2347 2210 llo—

1297 2242 1390 2274 mim·
1397 2237 1471 2285 fas
1495 2246 1569 2282 est,
1589 2238 1796 2273 similitudo
1823 2249 1928 2281 vero,
1947 2238 2095 2282 justitia
2115 2242 2153 2270 et
2167 2237 2348 2269 sanctitas

1296 2311 1377 2334 cum
1395 2299 1594 2347 prudentia
1619 2301 1830 2343 conjuncta.
1864 2295 2054 2344 Imprimis
2084 2294 2183 2330 enim
2209 2293 2347 2329 morta·

1297 2358 1370 2393 lem
1390 2365 1563 2393 naturam
1595 2369 1680 2393 eum
1712 2355 1875 2392 aversari
1896 2355 2026 2400 decet,
2048 2353 2114 2403 qui
2145 2353 2244 2388 mala
2264 2353 2345 2388 vult

1299 2416 1489 2465 effugere,
1509 2429 1625 2464 quum
1658 2428 1736 2451 non
1769 2415 1915 2463 possint
1941 2411 2136 2450 commixti
2163 2424 2250 2448 cum
2277 2411 2346 2448 hac

1297 2487 1374 2510 non
1388 2475 1535 2523 impleri
1553 2474 1763 2510 necessario
1780 2473 1886 2509 malis
1900 2485 1982 2521 quae
1997 2483 2080 2507 eam
2098 2470 2344 2508 comitantur.

1299 2533 1628 2580 Quemadmodum
1648 2534 1763 2582 igitur
1787 2532 1877 2581 suga
1904 2543 1925 2567 a
1953 2533 2035 2567 Deo
2057 2537 2093 2566 et
2111 2542 2344 2578 pennarum,

1299 2606 1381 2642 quae
1393 2593 1440 2629 ad
1454 2593 1652 2641 superiora
1664 2591 1733 2627 nos
1744 2591 1920 2635 evehunt,
1935 2588 2142 2626 defluvium
2162 2589 2203 2623 in
2220 2588 2346 2623 locum

1297 2653 1515 2689 mortalium
1529 2678 1539 2696 ‚
1555 2651 1693 2699 quibus
1712 2651 1811 2686 mala
1830 2648 2047 2694 adhaerent,
2063 2659 2134 2683 nos
2156 2646 2314 2683 deduxit
2335 2659 2344 2681 ε

1297 2713 1350 2747 sic
1381 2712 1492 2756 etiam
1511 2710 1726 2746 mortalium
1745 2708 1989 2744 affectionum
2009 2705 2185 2754 reJectio‚
2206 2711 2243 2742 et
2267 2705 2347 2743 vir.-

1300 2777 1443 2816 tutum,
1477 2776 1657 2817 tanquam
1686 2780 1899 2816 pennarum
1912 2794 1921 2812 ,
1955 2772 2060 2802 ortus
2091 2764 2140 2801 ad
2170 2765 2298 2800 locum
2325 2776 2347 2800 a

1298 2830 1404 2865 malis
1423 2841 1562 2877 purum
1583 2827 1795 2874 divinaeque
1823 2826 1909 2862 vitae
1937 2824 2157 2862 felicitatem
2187 2835 2257 2858 nos
2287 2835 2346 2859 re·

1299 2887 1427 2924 ducet.
1454 2887 1580 2934 Quum
1599 2887 1697 2922 enim
1720 2885 1836 2921 homo
1854 2891 1992 2920 natura
2015 2881 2164 2918 medius
2183 2882 2230 2917 sit
2249 2881 2348 2917 inter

1299 2959 1340 2982 en
1365 2959 1447 2995 quae
1467 2948 1586 2982 Deum
1605 2957 1751 2994 semper
1769 2950 1960 2981 noverunt
1985 2948 2023 2978 et
2052 2953 2095 2978 ea
2115 2953 2196 2989 quae
2217 2939 2266 2975 ad
2286 2951 2348 2975 co-

1298 3004 1557 3053 gnoscendum
1578 3015 1774 3052 nunquam
1792 3009 1879 3052 apta
1899 3008 2005 3046 sunt,
2025 3000 2074 3036 ad
2093 3000 2157 3035 illa
2177 2997 2347 3034 ascendit

1302 3071 1339 3100 et
1364 3063 1415 3099 ad
1441 3064 1518 3100 haec
1545 3061 1756 3108 deseendit,
1767 3068 1885 3111 prout
1897 3059 2184 3108 intelligentiam
2204 3064 2269 3094 aut
2286 3069 2348 3095 re-

1303 3123 1395 3158 tinet
1423 3129 1489 3158 aut
1508 3122 1667 3167 amittit,
1692 3128 1806 3169 atque
1833 3120 1883 3157 ad
1903 3119 2069 3156 divinam
2094 3117 2348 3153 belluinamve

1297 3181 1583 3218 similitudinem
1596 3187 1756 3230 propter
1768 3186 1942 3216 naturam
1954 3178 2158 3226 ancipitem
2168 3188 2238 3224 per
2247 3176 2348 3212 vices

1299 3239 1508 3278 contendit.
1531 3241 1566 3276 Is
1585 3240 1701 3289 igitur
1721 3239 1787 3287 qui
1805 3236 2024 3285 hujusmodi
2046 3247 2122 3272 esse
2141 3234 2346 3270 humanam

1297 3307 1474 3335 naturam
1491 3294 1700 3342 Intelleoeitj
1718 3298 1786 3334 scit
1807 3296 2002 3346 quomodo
2032 3296 2144 3331 malis
2167 3295 2262 3329 ultro
2280 3306 2347 3328 ar-

1298 3361 1436 3394 cessitis
1459 3359 1662 3395 obruantur
1681 3357 1866 3401 homines,
1894 3354 1932 3392 et
1958 3353 2154 3403 quomodo
2177 3349 2349 3399 insele'ces

1298 3424 1337 3454 et
1354 3418 1483 3453 miseri·
1505 3418 1580 3453 suis
1599 3418 1769 3466 ipsorum
1802 3415 1968 3452 consiliis
1988 3412 2094 3450 fiant.
2127 3409 2346 3458 Aliquando

1299 3476 1419 3522 enim,
1442 3488 1559 3524 quum
1576 3476 1699 3512 adhuc
1720 3475 1774 3511 ibi
1792 3485 1945 3510 manere
1965 3477 2137 3521 possent,
2158 3469 2347 3518 praecipiti

1300 3533 1488 3570 desiderio
1527 3535 1565 3570 in
1599 3534 1700 3570 hunc
1746 3532 1931 3569 mundum
1965 3530 2215 3567 detrahuntur
2222 3541 2233 3574 3
2268 3527 2348 3564 ali-
