2612 3814
316 256 386 289 124

335 352 370 377 95
390 338 428 376 οὐ
444 337 512 390 γὰρ
530 335 610 375 ἄνευ
627 338 688 375 τοῦ
707 335 842 384 ἐόντος,
859 334 894 373 ἓν
909 327 937 388 ᾧ
951 331 1210 386 πεφατισμένον
1231 332 1340 381 ἐστίν,

390 395 545 449 εὑρήσεις
563 394 602 433 τὸ
617 400 723 434 νοεῖν·
745 393 841 433 οὐδὲν
860 392 928 445 γὰρ
949 392 972 440 ἢ
993 391 1085 431 ἔστιν
1105 390 1127 439 ἢ
1149 390 1248 431 ἔσται

391 455 477 493 ἄλλο
494 453 608 508 παρὲκ
627 458 688 493 τοῦ
711 452 823 497 ἐόντος
835 468 844 478 ·
865 452 940 492 ἐπεὶ
959 451 1038 503 τόγε
1061 452 1153 505 μοῖρ’
1175 452 1341 498 ἐπέδησεν

389 507 459 552 οἶον
477 513 639 561 ἀκίνητόν
653 515 685 552 τ’
708 512 850 563 ἔμεναι,
868 514 918 564 τῷ
938 509 1042 550 πάντ’
1063 510 1161 563 ὄνομ’
1180 509 1288 557 ἐστίν,

390 571 478 611 ὅσσα
500 572 619 626 βροτοὶ
641 573 827 612 κατέθεντο
847 570 1049 615 πεποιθότες
1068 564 1156 609 εἶναι
1179 571 1293 618 ἀληθῆ

313 646 363 673 100
380 631 559 684 γίγνεσθαί
574 648 611 671 τε
628 632 688 672 καὶ
706 631 884 678 ὄλλυσθαι,
901 624 991 669 εἷναί
1006 645 1042 668 τε
1058 629 1118 668 καὶ
1135 628 1224 677 οὐκί,

382 692 452 732 γκαὶ
465 691 572 732 τόπον
588 691 791 742 ἀλλάσσειν,
808 691 865 729 διά
885 705 920 728 τε
939 689 1031 742 χρόα
1051 688 1156 742 φανὸν
1172 688 1344 738 ἀμείὸειν.

307 796 309 805 Δ
346 768 370 806 ’.Ι
393 750 513 803 Αὐτὰρ
534 752 610 789 ἐπεὶ
626 753 747 803 πεῖρας
766 749 927 800 πύματον
955 747 1200 800 τετελεσμένον
1222 746 1334 797 ἐστίν,

300 805 303 808 “
329 803 331 805 ¹
390 810 560 850 πάντοθεν
581 809 748 849 εὐκύκλου
770 807 918 861 σφαίρης
934 807 1131 859 ἐναλίγκιον
1148 806 1242 860 ὄγκῳ

392 868 558 920 μεσσόθεν
578 867 741 911 ἷσοπαλὲς
758 867 896 919 πάντῃ·
917 865 954 904 τὸ
968 864 1036 917 γὰρ
1057 864 1135 904 οὔτε
1159 881 1192 905 τι
1214 866 1329 916 μεῖζον

313 942 362 968 105
390 926 468 966 οὔτε
483 942 515 965 τι
535 926 714 979 βαιότερον
735 924 876 964 πελέναι
899 924 1013 977 χρεών
1035 925 1109 962 ἐστι
1125 927 1169 978 τῇ
1186 923 1209 971 ἢ
1224 928 1283 976 τῇ.

392 985 495 1025 Οὔτε·
508 987 575 1037 γὰρ
596 986 659 1024 οὐκ
679 984 734 1023 ἐὸν
749 984 838 1032 ἔστι,
854 984 894 1023 τό
908 998 966 1022 κεν
984 983 1091 1023 παύοι
1108 999 1167 1034 μιν
1185 983 1323 1022 ἱκέσθαι

310 1167 381 1203 bus
415 1165 463 1214 39
484 1172 520 1202 et
548 1171 597 1210 40
625 1165 771 1214 docuit,
797 1178 878 1201 non
902 1177 968 1201 ens
987 1177 1113 1213 neque
1135 1164 1213 1201 dici
1240 1178 1366 1214 neque

313 1226 473 1274 cogitari
493 1238 615 1274 posse.
1219 1254 1231 1261 .

363 1287 406 1323 V.
434 1284 498 1334 96.
521 1285 735 1334 Simplicius
764 1283 787 1320 1.
825 1296 887 1333 19,
916 1295 954 1332 a,
990 1284 1218 1333 scripturam
1249 1284 1367 1320 habet

310 1350 431 1380 metro
452 1350 724 1392 repugnantem
754 1341 850 1379 οὐδὲν
865 1341 934 1393 γὰρ
955 1339 1047 1379 ἔστιν
1075 1339 1098 1387 ἢ
1120 1340 1232 1389 ἔσται,
1250 1355 1363 1391 quam

313 1410 437 1439 tamen
458 1410 656 1439 servarunt
683 1403 919 1451 interpretes.
941 1401 1045 1438 Idem
1072 1401 1139 1437 fol.
1164 1401 1208 1438 31
1241 1402 1333 1452 legit
1354 1415 1362 1438 ι

313 1461 383 1499 οὐδ’
408 1461 438 1499 εἷ
458 1459 579 1512 χρόνος
600 1459 708 1500 ἐστίν.
726 1462 951 1498 Karstenius
978 1473 999 1497 a
1028 1461 1254 1498 Parmenide
1273 1463 1365 1498 scri-

311 1528 419 1570 ptum
437 1533 514 1557 esse
531 1521 717 1557 existimat
733 1521 792 1557 vel
810 1518 887 1557 οὐδὲ
902 1517 1018 1571 χρεών
1039 1518 1114 1556 ἐστι’
1129 1534 1179 1566 πη
1201 1511 1291 1557 εἶναι
1305 1522 1365 1557 vel

314 1577 391 1618 οὐδὲ
409 1578 523 1631 χρεών
542 1579 618 1616 ἐστι
637 1581 774 1625 νοῆσαι.
797 1582 846 1616 At
864 1580 959 1615 nillil
978 1579 1218 1617 mutandum.

366 1641 412 1678 V.
433 1652 498 1688 97.
517 1640 674 1676 Correxi
701 1637 816 1691 παρὲκ
844 1652 916 1689 pro
937 1640 1092 1689 vulgato
1115 1638 1226 1692 παρὲξ
1254 1640 1362 1690 quod

312 1705 398 1735 ante
419 1710 625 1735 consonam
647 1698 737 1735 ferri
757 1712 837 1735 non
855 1706 996 1747 potest.

365 1760 410 1797 V.
432 1758 498 1807 98.
521 1758 745 1795 Afferuntur
758 1759 838 1795 haec
857 1757 1091 1795 Parmenidis
1106 1758 1220 1794 verba
1240 1771 1262 1795 a
1280 1760 1365 1796 Pla-

311 1825 401 1855 tone
423 1818 561 1855 Theaet.
588 1830 674 1867 pag.
710 1817 796 1863 180,
822 1819 913 1854 item
943 1830 964 1854 a
985 1816 1185 1866 Simplicio
1214 1819 1253 1854 in
1275 1821 1367 1856 Ari-

310 1884 397 1915 stot.
427 1877 540 1925 Phys.
559 1877 627 1916 fol.
651 1891 690 1926 7,
715 1890 756 1923 a;
787 1877 856 1917 fol.
881 1890 943 1926 19,
962 1889 1001 1926 a,
1022 1884 1059 1913 et
1086 1877 1154 1916 fol.
1180 1878 1243 1924 31,
1265 1879 1302 1916 b.
1326 1880 1367 1917 In

311 1936 478 1972 Platonis
497 1935 604 1972 libris
623 1944 820 1973 exaratum
843 1949 865 1973 a
883 1937 1051 1972 librariis
1070 1944 1123 1973 est
1145 1950 1154 1973 :
1181 1930 1267 1976 Οἶον
1290 1938 1368 1976 οἰκί-

311 2008 414 2040 νητον
431 1993 562 2032 τελέθει
578 1995 628 2046 τῷ
645 1994 751 2033 παντὶ
770 1993 868 2046 ὄνομ’
888 1986 992 2041 εἶναι,
1018 1996 1229 2046 eodemque
1248 1999 1367 2036 modo

311 2054 412 2092 hunc
430 2067 581 2092 versum
606 2055 756 2092 exhibet
775 2054 992 2105 Simplicius
1012 2055 1038 2092 f.
1059 2069 1098 2102 7,
1123 2069 1158 2102 a,
1173 2058 1246 2094 nisi
1261 2059 1367 2107 quod

311 2117 381 2150 πᾶν
401 2113 546 2163 praebet
574 2126 648 2163 pro
677 2112 805 2161 παντὶ,
836 2115 900 2151 sed
921 2114 1089 2152 secundo
1107 2116 1193 2153 loco
1214 2117 1332 2155 habet
1356 2131 1366 2155 z

312 2163 412 2210 οὖλον
433 2170 597 2219 ἀκίνητόν
618 2173 649 2210 τ’
671 2170 793 2223 ἔμεναι
812 2166 841 2227 ᾧ
858 2172 960 2212 πάντ’
973 2171 1085 2224 ὄνομα
1105 2174 1220 2225 ἔσται,
1243 2185 1279 2215 et
1294 2185 1368 2215 ter-

311 2231 367 2268 tio
381 2244 390 2268 1
406 2224 506 2269 οὐλον
519 2229 680 2279 ἀκίνητόν
691 2231 722 2269 τ’
734 2230 855 2280 ἔμεναι
868 2225 898 2284 ᾧ
910 2237 980 2270 πᾶν
995 2231 1093 2283 ὄνομ’
1106 2233 1214 2274 ἐστίν.
1227 2238 1295 2274 His
1306 2250 1368 2274 ve-

311 2291 431 2340 stigiis
448 2292 622 2329 insistens
633 2292 725 2329 olim
736 2292 1007 2330 emendaverat
1027 2293 1277 2333 Buttmannus
1290 2290 1362 2335 οἷον

314 2348 477 2396 ἀκίνητον
490 2350 662 2402 τελέθειν,
683 2345 712 2404 ᾧ
727 2350 830 2391 πάντ’
847 2351 945 2403 ὄνομ’
963 2343 1067 2400 εἶναι,
1091 2355 1140 2392 cf.
1161 2357 1364 2395 Heindorf.

313 2410 363 2447 ad
386 2410 480 2449 Plat.
509 2412 536 2448 Ι.
557 2425 609 2454 0.;
630 2412 696 2448 sed
721 2412 823 2449 idem
845 2420 978 2462 postea
1008 2421 1151 2451 mutata
1182 2419 1368 2455 sententia

314 2468 389 2519 legi
405 2470 529 2506 voluit
554 2462 623 2508 οἷον
649 2469 810 2517 ἀκίνητόν
832 2470 862 2509 τ’
890 2471 1037 2522 ἔμεναι,
1060 2474 1111 2525 τῷ
1139 2473 1244 2512 πάντ’
1268 2475 1366 2527 ὄνομ’

314 2527 424 2566 ἐστίν.
451 2529 547 2566 Vide
568 2541 651 2578 quae
668 2530 738 2567 hac
759 2531 807 2568 de
826 2545 867 2569 re
887 2532 1093 2580 disputavit
1120 2534 1161 2571 in
1181 2537 1366 2574 Auctario

315 2586 529 2624 animadvv.
547 2589 587 2624 in
602 2589 697 2627 Plat.
720 2590 840 2641 Gorg.
863 2598 901 2627 et
915 2591 1059 2629 Theaet.
1077 2605 1166 2643 pag.
1190 2593 1266 2632 506
1285 2608 1365 2646 seq.

317 2644 534 2683 Karstenius
553 2647 674 2684 edidit
701 2659 712 2685 t
735 2641 804 2686 οἷον
831 2648 990 2697 ἀκίνητον
1021 2650 1170 2691 τελέθειν
1191 2655 1242 2706 τῷ
1261 2655 1368 2693 παντὶ

317 2700 415 2753 ὄνομ’
437 2696 540 2742 εἶναι.
563 2706 658 2742 Mihi
677 2709 869 2756 posterior
893 2711 1114 2749 Buttmanni
1134 2714 1233 2750 ratio
1255 2716 1368 2752 unice

317 2763 505 2812 probatur
517 2772 678 2815 propter
691 2765 877 2816 Simplicii
894 2771 1014 2808 verba
1028 2773 1073 2822 (f.
1101 2787 1139 2821 7,
1156 2773 1195 2823 a)
1213 2785 1224 2812 :
1243 2772 1368 2821 ἀκίνη-

319 2834 377 2859 τον
389 2819 475 2859 αὐτὸ
495 2822 639 2872 ἀνυμνεῖ
653 2823 714 2862 καὶ
735 2823 839 2874 μόνον
858 2826 904 2869 ὥς
923 2827 1064 2867 πάντων
1084 2830 1310 2883 ἐξῃρημένον,
1328 2835 1369 2870 in

319 2880 459 2929 quibus
487 2880 591 2930 μόνον
621 2890 676 2919 est
694 2885 897 2933 explicatio
918 2890 1024 2925 vocis
1043 2882 1133 2936 οἷον,
1150 2889 1211 2928 καὶ
1241 2899 1368 2929 autem

317 2951 390 2988 pro
409 2953 446 2976 τε
467 2940 612 2978 dictum
626 2969 637 2988 ,
657 2949 701 2979 ut
725 2943 815 2980 inde
841 2949 1052 2985 necessario
1077 2949 1126 2986 ad
1142 2951 1367 3001 scripturam

318 2995 348 3034 τ’
366 2996 489 3047 ἔμεναι
503 2998 703 3040 ducamur.

379 3069 466 3094 100.
489 3050 578 3096 εἷναί
595 3074 633 3097 τε
659 3058 720 3098 καὶ
741 3060 815 3099 οὐκὶ
837 3063 911 3101 hoc
941 3065 1027 3104 loco
1047 3067 1149 3105 idem
1170 3069 1249 3107 fere
1267 3073 1370 3111 valet

320 3115 429 3162 quod
447 3113 628 3166 γίγνεσθαί
643 3133 680 3156 τε
699 3119 760 3158 καὶ
774 3118 957 3163 ὅλλυσθαι.

374 3175 418 3211 V.
443 3187 532 3212 102.
565 3175 806 3216 Servavimus
825 3182 1016 3232 vulgatam
1038 3186 1264 3234 scripturam
1293 3188 1368 3227 ἐπεὶ

321 3231 431 3280 cujus
454 3234 543 3271 loco
573 3234 791 3276 Karstenius
815 3240 938 3278 edidit
953 3241 1025 3280 ἐπί.
1047 3241 1087 3280 Si
1107 3257 1196 3282 sana
1217 3254 1272 3283 est
1291 3248 1369 3286 haec

334 3292 450 3339 ectio,
460 3295 626 3343 primum
641 3296 744 3334 hunc
759 3311 910 3336 versum
922 3303 1093 3350 protasin
1106 3316 1183 3340 esse
1200 3314 1367 3354 oportet,

322 3351 385 3387 cui
403 3355 598 3402 sequentia
610 3356 729 3393 verba
752 3370 873 3407 usque
901 3360 951 3397 ad
970 3359 1086 3408 πάντη
1111 3375 1182 3412 pro
1210 3366 1370 3414 apodosi

321 3407 616 3462 subjunguntur.
646 3416 692 3452 In
721 3415 794 3453 hac
829 3419 989 3467 apodosi
1026 3420 1264 3460 desideratur
1296 3426 1370 3464 ἐστι’

323 3469 430 3517 quod
465 3483 512 3508 eo
541 3473 689 3511 facilius
727 3476 926 3514 subaudiri
957 3485 1106 3528 potest,
1140 3484 1230 3531 quia
1260 3486 1369 3524 initio

1237 244 1550 284 PARMENJDIS

1424 346 1529 378 neque
1546 336 1631 369 enim
1649 344 1795 369 seorsum
1810 336 1852 370 ab
1867 339 1959 380 ente,
1975 346 2010 371 m
2023 347 2088 381 quo
2103 340 2305 374 enuntiatum
2321 342 2388 381 est,

1425 396 1562 437 reperies
1579 395 1719 436 cogitare
1738 408 1746 430 ε
1767 396 1845 429 niliil
1864 396 1950 430 enim
1968 398 2025 430 aut
2041 398 2159 432 estant
2178 399 2240 432 erit

1425 455 1510 487 aliud
1530 456 1644 496 praeter
1656 463 1725 495 ens,
1742 456 1894 497 quoniam
1912 457 1974 490 1100
1995 457 2096 490 iatum
2114 458 2157 491 ita
2175 459 2313 493 vinculis
2330 459 2482 503 illigavit,

1426 516 1461 546 ut
1482 514 1587 546 solum
1596 514 1802 548 etimmobile
1816 515 1870 556 sit,
1885 516 1936 548 cui
1951 525 2059 550 rerum
2074 517 2277 551 universitati
2290 528 2407 553 nomen
2418 522 2483 562 est,

1426 574 1479 615 (de
1491 574 1528 606 iis
1538 573 1663 615 loquor)
1671 582 1745 615 quae
1756 575 1907 608 mortales
1914 577 2099 610 statuerunt
2112 577 2278 612 credentes
2286 587 2354 612 esse
2364 587 2454 618 vera.

1426 633 1511 665 nasci
1531 634 1628 675 atque
1645 633 1786 675 interire,
1799 642 1871 668 esse
1884 635 1918 668 et
1927 644 1992 668 non
2008 644 2093 675 esse.

1427 694 1457 725 et
1472 692 1580 724 locum
1597 694 1733 733 mutare,
1745 694 1778 726 et
1793 692 1931 726 nitidum
1945 695 2085 727 colorem
2097 698 2298 729 convertere.

1426 750 1488 783 Sed
1511 750 1663 791 quoniam
1681 752 1847 783 extremus
1867 751 1953 785 entis
1973 751 2046 785 linis
2061 754 2223 794 perfectus
2235 756 2282 787 est
2297 764 2305 787 :

1427 810 1570 852 undique
1589 810 1664 842 moli
1682 810 1830 843 rotundae
1852 810 1988 852 sphaeroe
2004 812 2106 846 simile
2124 814 2172 846 est

1427 879 1446 902 a
1461 870 1566 903 medio
1582 869 1750 912 aequaliter
1761 870 1879 912 ubique
1893 870 2032 913 distans;
2051 880 2126 904 nam
2144 881 2248 914 neque
2268 873 2372 914 majus

1428 939 1532 971 neque
1549 931 1656 962 minus
1671 929 1732 962 liae
1752 930 1844 963 illave
1855 931 1944 972 parte
1961 939 2032 964 esse
2045 933 2185 973 oportet.

1428 991 1540 1031 Neque
1555 991 1642 1022 enim
1660 998 1798 1023 non-ens
1811 991 1873 1030 est,
1892 990 1979 1032 quod
1999 990 2106 1032 ipsum
2123 991 2291 1033 prohibeat
2304 991 2481 1034 pervadere
2510 1035 2517 1041 ῃ

1428 1165 1700 1201 enuntiationis
1721 1177 1741 1201 a
1760 1172 1873 1214 poeta
1893 1178 2109 1215 expressum
2134 1172 2203 1203 est.
2230 1165 2338 1204 Nihil
2359 1174 2486 1205 tamen

1430 1224 1556 1260 obstat
1585 1223 1679 1272 quin
1699 1225 1886 1261 scribatur
1912 1223 1995 1271 ἐπί,
2025 1225 2134 1274 quod
2159 1226 2232 1262 arsi
2260 1225 2486 1275 producen-

1427 1283 1518 1319 dum
1542 1284 1629 1322 erit.

1482 1344 1619 1380 Versus
1644 1343 1851 1381 103—105
1883 1340 2171 1396 (πάντοθεν-τῇ
2196 1341 2303 1396 ἢτῇ)
2322 1345 2489 1382 citantur

1428 1413 1450 1438 a
1470 1401 1627 1439 Platone
1654 1401 1777 1453 soph.
1808 1416 1847 1453 p.
1885 1406 1978 1448 244,
2012 1403 2055 1448 E,
2086 1405 2288 1441 Aristotele
2319 1403 2369 1441 de
2391 1404 2481 1442 Mel.

1428 1460 1526 1499 Xen.
1550 1469 1587 1498 et
1611 1463 1731 1511 Gorg.
1749 1475 1835 1512 cap.
1855 1475 1893 1508 2,
1912 1461 2052 1499 Proclo
2077 1463 2212 1501 Theoi.
2232 1464 2382 1502 Platon.
2405 1464 2480 1511 111,

1430 1532 1495 1564 20,
1518 1532 1559 1568 p.
1584 1519 1670 1566 155,
1703 1520 1902 1571 Simplicio
1937 1522 2052 1570 Phys.
2083 1523 2117 1560 Ι.
2141 1522 2170 1560 f.
2199 1534 2262 1568 12,
2292 1534 2328 1568 a,
2357 1530 2396 1559 et
2423 1534 2484 1573 19,

1427 1577 1466 1627 b,
1482 1579 1644 1615 Boethio
1666 1579 1821 1618 Consol.
1838 1581 1974 1629 philos.
1995 1582 2070 1627 ΙΙΙ,
2095 1579 2254 1618 stobaeo
2276 1582 2357 1632 Ecl.
2381 1581 2413 1627 Ι,
2439 1581 2488 1619 15

1427 1649 1468 1686 p.
1490 1636 1592 1684 3523
1613 1646 1798 1687 praeterea
1814 1652 1942 1676 versus
1967 1641 2040 1678 103
2061 1643 2100 1676 et'
2121 1645 2192 1685 104
2213 1639 2419 1678 laudantur
2432 1640 2482 1677 ab

1426 1697 1629 1734 Aristotele
1643 1698 1670 1736 l.
1692 1699 1720 1736 l.
1737 1711 1822 1748 cap.
1841 1702 1862 1742 4
1878 1706 1916 1736 et
1940 1699 2081 1738 Proclo
2098 1696 2138 1735 in
2153 1699 2252 1738 Tim.
2265 1711 2309 1750 p.
2329 1699 2404 1737 160
2419 1699 2484 1737 ed.

1427 1755 1512 1793 Bas.
1535 1757 1626 1793 item
1643 1769 1663 1793 a
1678 1755 1877 1807 Simplicio
1897 1759 1937 1795 in
1959 1759 2075 1797 Arist.
2094 1759 2209 1808 Phys.
2230 1758 2258 1798 f.
2280 1759 2402 1807 27‚b;
2422 1759 2489 1797 de-

1426 1816 1544 1864 nique
1564 1828 1743 1854 versuum
1763 1821 1832 1861 104
1857 1825 1895 1855 et
1919 1817 1990 1856 105
2010 1819 2154 1855 dictum
2167 1815 2248 1856 οὔτε
2265 1831 2300 1856 τι
2314 1818 2488 1868 μεῖζον-

1425 1872 1540 1925 χρεών
1558 1875 1631 1912 ἐστι
1647 1877 1831 1926 allegatur
1849 1888 1872 1914 a
1889 1876 2031 1915 Proclo
2059 1879 2096 1915 in
2118 1880 2293 1917 Parmen.
2311 1878 2355 1916 T.
2373 1879 2424 1916 1v
2439 1891 2482 1928 p.

1428 1934 1478 1971 62
1497 1942 1535 1970 et
1553 1935 1671 1972 verba
1689 1934 1857 1985 μεσσόθεν
1877 1936 2043 1980 ἷσοπαλὲς
2057 1945 2322 1975 memorantur
2334 1937 2383 1974 ab
2400 1938 2485 1975 Ari-

1429 1995 1564 2031 stotele
1581 1996 1698 2044 Phys.
1723 1996 1798 2044 111,
1811 1997 1850 2043 6,
1870 1998 2011 2035 Proclo
2031 1998 2071 2033 in
2087 1995 2213 2034 Parm.
2227 1998 2274 2036 T.
2291 1998 2343 2036 lv
2353 2009 2396 2046 p.
2414 2009 2487 2035 120

1428 2054 1490 2092 ed.
1508 2054 1624 2094 Cous.
1647 2063 1760 2104 atque
1775 2056 1824 2092 ab
1846 2057 1928 2093 aliis
1946 2057 2213 2106 scriptoribus.

1480 2116 1524 2152 V.
1552 2115 1643 2153 103.
1676 2114 1919 2152 Parmenides
1950 2115 2108 2165 globum
2126 2115 2402 2165 perfectissima
2432 2114 2482 2152 fi·

1427 2185 1522 2223 gura
1556 2173 1761 2223 praeditum
1802 2175 2007 2211 arbitratus
2043 2175 2133 2212 huic
2175 2187 2259 2212 ens·
2277 2175 2481 2220 assimilat3

1428 2245 1542 2281 quam
1575 2245 1658 2270 rem
1688 2231 1905 2282 Simplicius
1932 2233 2048 2283 Phys.
2083 2233 2108 2272 f.
2133 2233 2198 2283 31,
2219 2234 2262 2280 b,
2290 2234 2483 2283 poeticam

1427 2295 1622 2333 fictionem
1638 2310 1719 2333 non
1737 2297 1928 2333 immerito
1942 2298 2110 2335 vocavit.
2128 2298 2192 2334 Ait
2204 2304 2331 2334 autem
2354 2311 2364 2334 ε
2382 2297 2427 2336 Εἰ
2447 2296 2486 2335 δὲ

1427 2353 1596 2392 εὐκύκλου
1618 2354 1769 2408 σφαίρης
1785 2353 1981 2408 ἐναλίγκιον
2011 2353 2106 2408 ὄγκῳ
2126 2354 2166 2393 τὸ
2190 2353 2226 2394 ἓν
2244 2354 2283 2394 ὅν
2301 2370 2400 2408 φησι,
2430 2355 2482 2407 μὴ

1427 2412 1622 2466 θαυμάσῃς·
1643 2413 1700 2452 διὰ
1725 2413 1794 2467 γὰρ
1811 2413 1876 2461 τὴν
1896 2413 2037 2461 ποίησιν
2054 2414 2115 2453 καὶ
2138 2415 2368 2467 μυθολογικοῦ
2395 2429 2488 2459 τινος

1427 2471 1654 2525 παράπτεται
1674 2472 1898 2524 πλάσματος.

1480 2536 1526 2572 V.
1553 2539 1643 2578 104.
1676 2535 1913 2584 Philoponus
1937 2536 1976 2571 in
2001 2535 2117 2574 Arist.
2154 2536 2263 2585 Phys.
2284 2537 2344 2573 111
2368 2549 2409 2588 p.
2436 2549 2483 2575 12

1425 2596 1545 2633 verba
1572 2594 1741 2646 μεσσόθεν
1773 2594 1940 2639 ἷσοπαλές
1963 2605 2068 2634 recte
2087 2598 2141 2635 sic
2171 2600 2331 2648 exponit
2355 2612 2364 2635 :
2388 2600 2488 2638 Μεσ-

1427 2656 1525 2696 σόθεν
1540 2651 1629 2696 εἷναί
1650 2673 1755 2712 φησιν
1776 2658 1962 2708 ἷσοπαλές,
1983 2657 2161 2698 τουτέστιν
2181 2658 2256 2700 ἴσον
2277 2661 2318 2699 ἐκ
2335 2665 2397 2699 τοῦ
2416 2659 2482 2710 μέ-

1428 2731 1489 2756 σου
1515 2716 1735 2769 πανταχόθεν
1771 2716 1928 2770 ἀπέχον,
1964 2715 2021 2755 ἵνα
2043 2718 2226 2771 σφαιρικὸν
2251 2718 2343 2763 ,αὐτὸ
2375 2718 2492 2773 δείξῃ.-

1427 2777 1534 2814 Idem
1553 2777 1662 2827 quod
1688 2778 1763 2814 hoc
1783 2777 2016 2815 Parmenidis
2037 2779 2126 2815 loco
2143 2791 2166 2815 a
2184 2780 2341 2816 Platone
2361 2781 2484 2818 tradi-

1428 2838 1547 2874 turin
1567 2839 1744 2877 Parmen.
1774 2851 1816 2888 p.
1841 2836 1929 2884 150,
1958 2840 1986 2875 E
2009 2850 2019 2875 :
2044 2836 2117 2876 Καὶ
2144 2835 2214 2888 μὴν
2247 2837 2308 2876 καὶ
2337 2837 2426 2876 αὐτό
2443 2852 2487 2888 γε

1426 2895 1467 2934 τὸ
1485 2894 1521 2934 ἓν
1538 2895 1622 2949 πρὸς
1636 2895 1739 2935 ἑαυτὸ
1753 2895 1861 2940 οὕτως
1881 2896 1922 2934 ἂν
1943 2895 2031 2948 ἔχοι·
2051 2895 2140 2946 μήτε
2156 2894 2299 2948 μέγεθος
2317 2897 2353 2934 ἐν
2369 2898 2488 2950 ἑαυτῷ

1429 2954 1519 3005 μήτε
1535 2954 1755 3008 σμικρότητα
1768 2954 1848 3007 ἔχον
1868 2954 1940 2993 οὔτ’
1959 2954 2002 2993 ἂν
2013 2954 2220 3008 ὑπερέχοιτο
2235 2954 2305 2994 οὔτ’
2317 2955 2359 2994 ἂν
2373 2958 2484 3010 ὅπερ·

1428 3014 1504 3067 ἔχοι
1524 3017 1647 3054 ἑαυτοῦ
1659 3045 1670 3063 ,
1694 3014 1771 3053 ἀλλ’
1787 3014 1821 3059 ἐξ
1837 3013 1913 3053 ἴσου
1930 3012 1967 3053 ὂν
1989 3013 2062 3053 ἴσον
2077 3014 2119 3054 ἂν
2139 3013 2192 3062 εἴη
2208 3016 2335 3070 ἑαυτῷ.

1482 3076 1527 3113 V.
1553 3073 1641 3112 105.
1663 3076 1738 3112 Pro
1764 3073 1906 3113 πελέναι
1937 3074 2157 3124 Simplicius
2188 3077 2216 3114 f.
2254 3089 2300 3112 ια
2331 3074 2484 3126 πελέμεν

1429 3134 1544 3184 legit3
1574 3135 1764 3184 reliquam
1795 3135 1970 3172 lectionis
2000 3130 2246 3183 varietatem,
2277 3148 2362 3186 quae
2402 3136 2489 3174 fere

1429 3194 1627 3243 scripturae
1647 3193 1784 3231 menda
1803 3201 1911 3240 sunt,
1935 3206 2132 3244 apponere
2149 3195 2397 3245 supersedeo.

1483 3255 1528 3292 V.
1556 3253 1642 3291 106.
1672 3251 1868 3290 Sententia
1889 3251 1931 3291 τό
1950 3268 2008 3291 κεν
2026 3253 2123 3304 παύῃ
2153 3268 2212 3304 μιν
2237 3254 2409 3292 ἱκνεῖσθαι
2437 3255 2490 3297 εἷς

1429 3309 1515 3360 ὀμόν
1549 3323 1572 3348 a
1603 3312 1716 3349 nobis
1736 3314 1850 3349 metri
1879 3313 2000 3362 gratia
2026 3321 2065 3350 et
2094 3314 2145 3350 ob
2172 3313 2482 3362 subsequentium

1429 3371 1636 3408 verborum
1662 3373 1876 3422 analogiam
1907 3379 2054 3410 mutata
2083 3374 2123 3409 in
2141 3371 2182 3410 τό
2198 3387 2267 3410 κεν
2287 3370 2395 3411 παύοι
2421 3386 2488 3423 μιν

1429 3428 1566 3468 ἱκέσθαι
1584 3431 1632 3474 εἰς
1662 3429 1748 3480 δμόν
1767 3444 1889 3480 prope
1911 3431 2148 3469 tantumdem
2167 3438 2278 3469 sonat
2298 3439 2486 3480 quantum

1429 3502 1468 3528 v,
1495 3502 1545 3540 79
1566 3489 1605 3528 τό
1623 3504 1682 3528 κεν
1696 3488 1804 3542 εἴργοι
1820 3505 1879 3540 μιν
1897 3488 2112 3542 ξυνέχεσθαι.
