2612 3814
1173 272 1498 314 FRAGMENTA
1507 303 1517 313 .

264 359 333 414 μὰν
354 359 415 399 καὶ
438 359 472 398 ἔν
491 374 537 411 γα
557 363 628 402 τοῖς
649 359 766 402 αὐλοῖς
786 357 826 396 τὸ
843 359 883 397 ἐκ
902 359 953 397 τῶ
974 358 1148 410 στόματος
1167 359 1320 414 φερόμε-

261 436 320 459 νον
340 425 480 473 πνεῦμα
500 421 534 463 ἐς
554 418 618 469 μὲν
644 418 688 456 τὰ
715 417 817 470 ἐγγὺς
837 420 888 457 τῶ
908 418 1082 470 στόματος
1100 419 1316 473 τρυπήματα

260 481 456 530 ἐμπῖπτον,
486 476 542 515 διὰ
562 476 624 515 τὰν
645 476 747 530 ἰσχὺν
772 475 835 516 τὰν
857 478 1011 531 σφοδρὰν
1038 477 1200 532 ὀξύτερον
1228 474 1316 534 ἕχον

260 538 422 593 ἀφίησιν,
449 538 482 581 ἐς
506 535 543 575 δὲ
576 536 620 575 τὰ
646 536 770 589 πόρσω
786 568 797 586 ,
821 536 1029 590 βαρύτερον·
1062 537 1153 578 ὥστε
1186 540 1315 593 δῆλον,

257 597 310 636 ὅτι
328 596 351 635 ἆ
371 599 497 649 ταχεῖα
513 594 650 640 κίνασις
666 598 684 623 ¹²
709 594 786 641 ὀξὺν
806 601 920 645 ποιεῖ,
937 597 960 635 ἆ
978 596 1013 636 δὲ
1036 599 1182 650 βραδεῖα
1206 598 1316 651 βαρὺν

256 657 316 696 τὸν
342 650 445 709 ἔχον.
504 654 610 695 Ἀλλὰ
639 654 709 704 μὰν
730 656 790 695 καὶ
811 661 882 701 τοῖς
903 655 1047 711 ρόμὸοις
1077 663 1147 702 τοῖς
1177 659 1212 696 ἐν
1241 663 1318 704 ταῖς

255 717 411 759 τελεταῖς
439 715 656 767 κινουμένοις
675 715 715 754 τὸ
738 715 825 755 αὐτὸ
851 715 1058 768 συμὸαίνει·
1099 717 1217 771 ἁσυχᾶ
1252 718 1315 767 μὲν

255 773 456 827 κινούμενοι
493 774 602 828 βαρὺν
632 774 768 829 ἀφίεντι
802 768 911 828 ἔχον,
940 777 1093 828 ἰσχυρῶς
1119 776 1182 825 δέ,
1219 776 1312 821 ὀξύν.

254 835 362 875 Ἀλλὰ
384 835 453 887 μὰν
475 835 536 874 καὶ
556 834 684 886 ὁμοίως
701 837 719 873 ὁ
735 838 753 863 ⁴¹
769 835 949 886 κάλαμος·
970 835 1053 874 αἴκα
1079 852 1131 879 τις
1151 837 1247 874 αὗτῶ
1275 837 1316 876 τὸ

253 896 353 936 κάτω
384 895 486 950 μέρος
506 894 711 949 ἀποφράξας
736 895 876 949 ἐμφυσῇ
889 925 899 943 ,
921 895 1051 949 ἀφήσει
1070 894 1148 934 τινὰ
1167 898 1313 948 βαρεῖαν

253 954 372 1010 φωνάν
392 959 421 979 ¹'·
450 957 487 993 αἷ
510 954 546 993 δὲ
578 954 638 993 καὶ
661 955 695 998 ἐς
724 954 764 993 τὸ
786 954 893 1006 μέσον
929 953 952 1001 ἢ
972 954 1143 993 ἀνωτάτω
1165 959 1179 976 ³
1210 955 1314 1007 μέρος

253 1016 368 1056 αὐτῶ.
389 1013 447 1059 ὀξὺ
467 1013 680 1067 φθεγξεῒται.
739 1013 793 1053 Τὸ
811 1013 880 1066 γὰρ
901 1014 988 1052 αὖτὸ
1009 1013 1227 1064 πνεῦμαδιὰ
1249 1015 1312 1065 μὲν

251 1077 303 1114 τῶ
325 1076 453 1126 μακρῶ
479 1073 578 1113 τόπω
598 1071 739 1116 ἀσθενὲς
761 1072 923 1125 φέρεται,
945 1072 1003 1112 διὰ
1039 1072 1075 1111 δὲ
1098 1075 1150 1112 τῶ
1186 1073 1313 1125 μῄονος

252 1133 414 1188 σφοδρόν.
441 1133 596 1173 Εἰπὼν
616 1130 750 1171 δὲκαὶ
768 1132 881 1170 ἄλλα
902 1133 1015 1185 περὶ
1036 1135 1108 1171 τοῦ
1127 1133 1146 1171 δ
1160 1148 1312 1181 ιαστη-

253 1192 449 1244 ματικὴν
471 1186 593 1231 ε’ἷναι
613 1191 688 1238 τὴν
707 1194 783 1238 τῆς
811 1195 960 1244 φωνῆς
990 1190 1191 1243 κίνησιν,
1213 1208 1311 1245 συγ-

250 1255 581 1306 κεφαλαιοῧται
616 1250 688 1290 τὸν
721 1243 873 1303 λόγον,
910 1253 956 1294 ὡς
986 1249 1040 1289 ὅτι
1074 1250 1137 1302 μὲν
1160 1251 1202 1299 δὴ
1229 1252 1283 1290 τοὶ

250 1313 337 1358 ὀξεῖς
355 1312 499 1366 φθόγγοι
530 1311 653 1365 τάχιον
674 1310 870 1362 κινέονται,
895 1311 947 1350 τοὶ
965 1317 981 1335 “
1000 1309 1035 1349 δὲ
1056 1312 1176 1364 βαρεῖς
1190 1342 1202 1363 ,
1224 1313 1313 1366 βρά-

250 1373 321 1411 διον
335 1402 344 1419 ,
366 1370 513 1425 φανερὸν
534 1370 620 1419 ἁμῖν
637 1371 677 1408 ἔκ
697 1370 838 1408 πολλῶν
861 1369 1015 1422 γέγονεν.

307 1430 582 1482 (Porphyrius
607 1429 825 1468 Comment.
846 1430 894 1467 ad
914 1430 1114 1468 Ptolemaei
1140 1430 1313 1469 Harmo-

250 1491 339 1530 nica
358 1492 400 1530 in
430 1491 491 1530 Jo.
514 1490 682 1528 Wallisii
702 1490 805 1542 opp.
825 1490 1010 1528 Mathem.
1033 1490 1179 1528 Oxonii
1211 1492 1311 1542 1699

249 1551 366 1590 editis
396 1551 477 1591 vol.
508 1549 565 1588 ΙΙΙ
586 1562 675 1602 pag.
702 1550 892 1589 236-238.
919 1549 1134 1588 Emendavi
1164 1564 1172 1586 :
1197 1553 1212 1571 ⁸
1237 1565 1311 1600 μω·

250 1618 375 1660 σικᾶς;
393 1610 505 1649 codd.
523 1612 708 1661 μουσικῆς.
729 1607 746 1632 b
767 1603 881 1660 ἦμεν,
903 1610 1017 1648 codd.
1037 1603 1149 1659 εἶμεν.
1172 1611 1188 1631 ⁰
1205 1610 1314 1649 ἀπαν-

248 1670 438 1717 τιᾶξωντις
463 1669 576 1708 codd.
603 1666 868 1712 ἄπαντάξαντα.
892 1667 908 1690 ‘¹
939 1667 1310 1721 cunnormbtycodd,

250 1728 473 1782 συμπετητὰ.
491 1732 506 1751 ⁶
528 1731 667 1780 αὖτοῖς;
692 1728 805 1784 codd.
833 1729 964 1772 αὐτοῖς.
984 1728 1127 1782 ’παρὰς
1160 1728 1313 1768 codices

249 1789 343 1843 περὶ.
359 1788 509 1837 “sconem
525 1788 639 1827 codd.
658 1787 784 1828 ποιεῖν.
799 1785 816 1809 ¹¹
836 1792 999 1834 ποιασεῖ;
1020 1787 1134 1826 codd.
1153 1786 1307 1834 ποιήσει.

255 1852 262 1872 ¹
287 1849 452 1901 γνοίημες
473 1847 515 1887 ἂν
545 1846 637 1886 ἀλλὰ
669 1847 731 1886 καὶ
753 1844 842 1886 ὅκκα
874 1845 986 1897 ἆμὲς;
1024 1847 1117 1884 libri
1147 1845 1313 1897 γνοίημεν

250 1908 341 1948 ἀλλὰ
361 1909 421 1948 καὶ
441 1907 529 1947 ὅκκα
552 1901 650 1958 ἦμες.
670 1905 688 1930 ¹⁵
706 1913 752 1958 τᾷ
774 1905 859 1957 μὲν;
880 1906 992 1946 codd.
1015 1898 1068 1943 r&
1084 1905 1159 1955 μὲν.
1180 1906 1188 1930 ¹
1206 1921 1312 1958 φερο-

251 1968 363 2021 μένᾳ;
386 1967 481 2006 libri
500 1967 692 2020 φερόμενα.
709 1977 735 1996 ¹¹¹
750 1971 795 2020 τᾷ
813 1964 870 2013 δὲ;
890 1966 1001 2005 codd.
1022 1965 1067 2004 τὰ
1086 1964 1137 2004 δὲ.
1156 1977 1173 1996 ¹²
1191 1965 1312 2017 τόπω;

248 2028 341 2066 libri
356 2027 469 2079 τόπῳ.
483 2036 500 2054 ⁰
517 2026 669 2078 σαμῄῳς
689 2026 845 2064 codices
863 2024 1019 2079 σαμίῳ.Ρ
1041 2024 1196 2072 κίνασις;
1215 2024 1310 2064 libri

249 2085 399 2131 κίνησις.
413 2094 430 2119 ‘¹
449 2084 577 2135 ὁμοίως
597 2087 614 2123 ὁ
631 2085 790 2134 κάλαμος
804 2098 814 2136 3
826 2085 982 2123 codices
1004 2083 1082 2123 ὅτου
1097 2084 1119 2122 ἆ
1131 2084 1305 2134 κάλαμος.

250 2152 262 2170 r
274 2143 352 2184 τινὰ
369 2145 514 2198 βαρεῖαν
529 2144 646 2198 φωνάν
662 2161 672 2193 ;
686 2145 802 2184 codd.
816 2144 1010 2196 ἡσυχάμην
1026 2144 1144 2197 φωνάν
1161 2145 1221 2182 vel
1233 2143 1309 2181 τινὰ

249 2203 335 2255 ἁμῖν
364 2204 498 2257 φωνάν,
523 2210 536 2228 ³
557 2206 590 2249 ἐς
615 2204 655 2244 τὸ
684 2204 790 2255 μέσον
817 2204 840 2251 ἢ
867 2204 1038 2242 ἀνωτάτω
1067 2202 1170 2255 μέρος
1199 2205 1312 2251 αὐτῶ;

249 2263 346 2303 libri
372 2266 405 2308 ἐς
425 2263 465 2303 τὸ
488 2263 600 2315 ’ἥμισυ
627 2263 649 2312 ἢ
672 2264 826 2303 ἀπόστον
849 2263 952 2316 μέρος
972 2264 1081 2316 αὐτῷ.
1104 2263 1201 2310 ἵτο“ι;
1215 2263 1312 2302 libri

249 2339 316 2364 τοι.
338 2328 355 2346 “
374 2323 428 2362 τοὶ
448 2323 507 2375 δὲ,
529 2324 624 2362 libri
655 2325 685 2362 οἱ
712 2324 762 2364 δὲ.
819 2323 1010 2362 Caeterum
1035 2324 1165 2375 prima
1193 2323 1313 2374 hujus

251 2383 457 2434 fragmenti
477 2383 599 2421 verba
617 2383 659 2421 in
678 2383 784 2421 hunc
806 2382 965 2421 modum
991 2383 1136 2434 scripta
1155 2382 1314 2420 exhibet

247 2442 509 2481 Nicomachus
531 2442 700 2483 Arithm.
723 2442 796 2482 lib.
817 2442 834 2480 l
856 2455 941 2494 cap.
966 2443 986 2478 3
1009 2456 1047 2493 p.
1069 2456 1117 2490 70
1141 2442 1202 2481 ed.
1229 2442 1310 2481 Ast.

254 2624 460 2657 menifestum
488 2625 530 2656 sit
545 2649 552 2663 ,
578 2624 674 2656 celeri
699 2625 787 2656 motu
816 2625 973 2662 acutum,
990 2622 1083 2655 tardo
1103 2631 1234 2663 gravem
1258 2631 1312 2654 so-

254 2693 333 2717 num
353 2684 416 2717 edi.
462 2684 524 2717 Sed
556 2685 589 2717 et
615 2683 762 2716 rhombis
797 2683 853 2724 qui
878 2683 912 2715 in
941 2683 1106 2724 mysteriis
1141 2684 1313 2715 moventur

253 2744 339 2776 idem
364 2743 481 2776 accidit
500 2754 508 2775 ι
524 2744 642 2785 quippe
655 2744 770 2776 leniter
785 2744 864 2776 moti
880 2752 1009 2784 gravem
1025 2743 1166 2775 reddunt
1182 2751 1312 2782 sonum,

251 2804 377 2838 fortiter
399 2806 545 2837 acutum.
591 2805 677 2842 Quin
707 2804 804 2837 etiam
832 2803 979 2836 similiter
999 2803 1168 2836 calamus:
1196 2803 1223 2835 si
1243 2802 1315 2844 quis

252 2864 425 2897 obstructa
453 2862 562 2895 intima
591 2865 683 2904 parte
714 2871 788 2895 eum
819 2861 1002 2901 inflaverit,
1033 2870 1163 2903 gravem
1197 2871 1314 2894 sonum

253 2923 330 2957 edet
357 2923 411 2955 :si
444 2931 520 2955 vero
547 2922 654 2955 media
678 2925 734 2954 aut
764 2931 892 2955 summa
915 2925 1027 2964 parte,
1054 2925 1149 2954 aetite
1176 2922 1313 2955 sonabit.

257 2985 404 3025 Namque
425 2982 510 3016 idem
527 2982 664 3024 spiritus
678 2990 737 3024 per
752 2982 879 3023 longius
896 2981 958 3014 loci
980 2982 1185 3014 intervallum
1199 2981 1315 3014 amissa

252 3044 287 3076 vi
308 3044 475 3085 penetrat,
495 3051 553 3084 per
573 3042 706 3075 brevius
719 3042 861 3083 spatium
879 3042 1004 3074 retenta
1023 3041 1225 3074 vehementia
1241 3051 1314 3083 per-

255 3102 355 3136 vadit.
402 3102 463 3135 Sed
483 3102 545 3141 alia
572 3111 704 3144 quoque
726 3102 758 3134 in
787 3111 858 3134 eam
878 3101 1071 3134 sententiam
1102 3100 1230 3134 locutus
1245 3125 1254 3142 ,
1277 3102 1316 3134 ut

256 3168 370 3192 vocem
391 3169 446 3200 per
464 3160 633 3192 intervalla
663 3159 784 3192 moveri
814 3159 953 3200 diceret„
981 3159 1063 3191 facta
1085 3157 1316 3200 disputationis

257 3228 388 3252 summa
407 3219 470 3260 ait,
485 3221 599 3252 acutos
618 3228 716 3252 sonos
735 3219 870 3251 celerius
885 3218 1027 3259 moveri,
1041 3227 1155 3259 graves
1173 3217 1314 3258 tardius,

258 3288 277 3312 e
294 3279 406 3312 multis
427 3279 521 3312 rebus
536 3288 596 3312 nos
611 3279 801 3320 intelligere.

593 3361 624 3389 2.
649 3359 675 3389 Ε
697 3355 982 3399 disputationibus.

302 3435 349 3467 ΙΙ.
374 3435 419 3466 Ac
434 3432 561 3465 videtur
580 3433 789 3466 arithmetica·
811 3433 945 3474 reliqua²
965 3430 1109 3463 scientiae
1134 3423 1316 3471 comparata

266 3501 341 3525 cum
365 3493 436 3525 aliis
454 3493 579 3525 artibus
598 3492 702 3525 mullo
718 3492 911 3526 antecellere
923 3515 933 3532 ,
954 3494 1021 3523 lum
1040 3499 1114 3523 vero
1131 3490 1227 3523 etiam
1251 3491 1317 3532 pla-

2358 285 2434 321 565

1381 361 1552 415 Ἀρχύτας
1583 363 1839 413 ὁΤαραντῖνος
1871 364 2063 416 ἀρχόμενος
2096 368 2157 404 τοῦ
2186 366 2375 419 ἁρμονικοῦ
2397 369 2437 408 τὸ

1380 422 1465 460 αὐτὸ
1481 420 1573 460 οὕτω
1593 438 1666 466 πως
1685 421 1797 474 λέγει·
1819 424 1945 467 Καλῶς
1972 440 2030 475 μοι
2051 426 2209 465 δοκοῦντι
2234 427 2274 466 τὸ
2295 428 2375 482 περὶ
2392 430 2437 468 τὰ

1381 481 1578 531 μαθήματα
1601 481 1837 533 διαγνώμεναι
1852 511 1861 529 ,
1883 481 1943 520 καὶ
1964 483 2059 523 οὐδὲν
2080 484 2209 524 ἄτοπον
2229 487 2354 532 αὐτοὺς
2375 490 2437 541 ὄρ·

1380 542 1468 590 θῶς,
1495 533 1553 578 οἶά
1590 541 1661 579 ἐντι
1676 571 1686 591 ,
1711 540 1791 594 περὶ
1813 540 1952 580 ἑκάστω
1982 543 2158 596 φρονέειν·
2177 547 2258 599 περὶ
2278 546 2346 599 γὰρ
2376 553 2437 590 τᾶς

1378 601 1447 638 τῶν
1470 598 1561 638 ὅλων
1582 599 1703 653 φύσιος
1732 602 1850 646 καλῶς
1881 601 2076 653 διαγνόντες
2100 602 2245 655 ἔμελλον
2277 606 2437 659 καὶπερὶ

1377 660 1446 697 τῶν
1466 657 1558 697 κατὰ
1578 659 1702 712 μέρος,
1721 653 1777 698 οἶά
1793 661 1884 708 ἐντι,
1908 662 2036 706 Καλῶς
2055 663 2230 715 ὀψεῖσθαι.
2290 665 2379 717 Περὶ
2400 666 2436 704 δὲ

1378 717 1419 764 δὴ
1442 724 1503 762 τᾶς
1523 721 1758 771 ἀριθμητικᾶς
1777 718 1838 758 καὶ
1855 720 2072 773 γεωμετρίας
2089 721 2149 759 καὶ
2166 730 2355 775 σφαιρικὸἷς
2368 740 2438 763 πα·

1379 776 1534 828 ρέδωκαν
1567 776 1683 828 ἄμμιν
1712 781 1805 831 σαφῆ
1839 779 2048 832 διάγνωσιν,
2069 782 2134 833 οὐχ
2160 781 2289 828 ἥκιστα
2311 783 2347 821 δὲ
2376 786 2437 822 καὶ

1376 836 1457 887 περὶ
1487 841 1659 886 μωσικᾶς.
1719 838 1844 876 Ταῦτα
1870 838 1938 890 γὰρ
1967 836 2012 876 τὰ
2052 840 2247 891 μαθήματα
2279 842 2437 881 δοκοῦντι

1376 895 1527 946 ἔμμεναι
1548 895 1717 948 ἀδελφεοί.
1775 895 1834 936 Τὰ
1854 900 1904 936 τῶ
1929 897 2025 942 ὄντος
2045 898 2228 952 πρώτιστα
2252 901 2312 940 δύο
2341 901 2433 940 εἴδεα

1375 956 1438 994 τὰν
1462 956 1684 1008 ἄναστροφὰν
1699 954 1788 1008 ἔχει.
1806 957 1818 1007 )

1661 1045 1710 1097 β’.
1743 1045 1812 1085 Ἕκ
1841 1049 1908 1084 τῶν
1939 1048 2146 1101 Ξιατριὸῶν.

1433 1134 1483 1172 ll.
1519 1133 1591 1173 Καὶ
1610 1135 1703 1173 δοκεῖ
1724 1134 1746 1172 ἆ
1777 1135 1963 1186 λογιστικὰ
1983 1138 2064 1176 ποτὶ
2093 1138 2157 1177 τὰν
2180 1139 2290 1178 ἄλλαν
2312 1141 2436 1194 σοφίαν

1375 1198 1439 1230 τᾶν
1458 1192 1520 1242 μὲν
1543 1194 1654 1232 ἀλλᾶν
1682 1200 1811 1247 τεχνᾶν
1843 1195 1904 1234 καὶ
1925 1196 2015 1235 πολὺ
2041 1197 2238 1251 διαφέρειν,
2257 1198 2345 1252 ἀτὰρ
2377 1201 2437 1239 καὶ

1376 1258 1436 1295 τᾶς
1470 1259 1712 1305 γεωμετρικᾶς
1745 1255 2002 1308 ἐναργεστέρως
2030 1261 2044 1280 ¹³
2073 1259 2387 1310 πραγματεύεσθαι
2414 1260 2436 1298 ἃ

1375 1311 1485 1351 θέλει·
1503 1314 1583 1350 καθ’
1610 1311 1633 1350 ἃ
1655 1313 1809 1352 ἐκλείπει
1828 1314 1895 1368 γὰρ
1920 1315 1941 1353 ἇ
1959 1316 2180 1369 γεωμετρία,
2201 1317 2263 1360 τὰς
2290 1317 2436 1357 ἀποδεί-

1375 1368 1440 1414 ξεις
1457 1371 1479 1408 ἆ
1498 1371 1684 1421 λογιστικὰ
1708 1373 1875 1413 ἐπιτελεῖ.
1939 1374 2010 1413 Καὶ
2025 1377 2111 1425 ὁμοῦ
2134 1377 2339 1424 ἕντιῗεῖδέων
2361 1393 2397 1415 τε
2414 1377 2437 1415 ἆ

1374 1428 1605 1480 πραγματεία
1619 1459 1628 1479 ,
1650 1430 1710 1467 καὶ
1727 1431 1893 1484 τῶν.ῖπερὶ
1909 1433 1954 1471 τὰ
1974 1433 2069 1472 εἴδεα
2083 1433 2112 1474 b.

1431 1488 1631 1541 (Stobaeus
1656 1489 1786 1541 Eclog.
1810 1491 1883 1531 lib.
1905 1492 1922 1530 1
1947 1507 2029 1546 cap.
2050 1494 2067 1532 I
2085 1508 2174 1546 pag.
2198 1501 2218 1540 4
2238 1496 2297 1534 ed.
2318 1495 2434 1535 Gais-

1377 1548 1477 1586 ford.
1500 1548 1715 1588 Emendavi
1750 1563 1759 1589 ε
1788 1555 1804 1573 ³
1842 1552 2115 1606 ἐναργεστέρως;
2148 1555 2260 1593 codd.
2295 1556 2434 1607 ἐναργε-

1377 1607 1505 1660 στέρω,
1526 1605 1544 1631 b
1575 1607 1635 1646 καὶ
1656 1610 1744 1658 ὁμοῦ
1774 1610 1846 1648 ἐντι
1867 1611 1986 1648 εἰδέων
2006 1626 2044 1649 τε
2075 1612 2097 1650 ἁ
2116 1613 2346 1666 πραγματεία
2375 1614 2436 1652 καὶ

1375 1669 1444 1705 τῶν
1467 1666 1547 1720 περὶ
1565 1666 1610 1705 τὰ
1632 1667 1746 1716 εἴδεα;
1765 1669 1877 1709 codd.
1903 1670 1963 1708 καὶ
1984 1669 2078 1719 ὅμως
2098 1671 2196 1722 εἰμὲν
2214 1672 2331 1710 εἰδέων
2350 1689 2388 1711 τε
2415 1675 2437 1712 ἆ

1375 1725 1625 1781 πραγματεία,
1646 1726 1709 1766 καὶ
1728 1726 1774 1766 τὰ
1793 1729 1874 1782 περὶ
1896 1734 1967 1773 τοῖς
1988 1729 2128 1769 εἴδεσιν.
2147 1733 2175 1782 ).

1523 1813 1570 1867 γ’.
1603 1815 1671 1855 Ἐκ
1704 1819 1760 1855 τοῦ
1790 1816 1871 1870 περὶ
1900 1821 1959 1856 νοῦ
1991 1818 2287 1867 καὶήαῖσθήσεως.

1430 1906 1503 1944 ΠΙ.
1536 1903 1707 1948 Αἴσθασις
1732 1903 1796 1954 μὲν
1830 1905 1866 1942 ἐν
1892 1904 2032 1955 σώματι
2065 1906 2217 1958 γίνεται,
2239 1906 2314 1950 νόος
2339 1907 2369 1945 δ’
2403 1909 2435 1946 ἐν

1375 1966 1487 2017 ψυχᾷ.
1546 1963 1597 2003 Τὸ
1619 1963 1682 2014 μὲν
1701 1964 1771 2017 ,γὰρ
1791 1964 1887 2016 ἀρχὰ
1910 1966 1978 2002 τῶν
2001 1966 2176 2004 αἷσθατῶν
2200 1965 2375 2019 ὑπάρχει,
2397 1966 2433 2005 τὲ

1377 2023 1412 2062 δὲ
1438 2026 1507 2062 τῶν
1538 2025 1687 2062 νοατῶν.
1748 2023 1908 2067 Πλάθεος
1933 2023 2001 2077 γὰρ
2025 2024 2150 2077 μέτρον
2171 2025 2336 2077 ἀριθμός,
2369 2027 2433 2078 μά-

1375 2099 1453 2127 κεος
1474 2083 1510 2122 δὲ
1527 2087 1613 2127 ποῦς
1627 2114 1636 2128 ,
1663 2086 1772 2136 ῥοπᾶς
1792 2083 1828 2121 δὲ
1846 2083 1904 2122 καὶ
1927 2084 2084 2135 στάθμας
2104 2084 2227 2135 ζυγόν,
2250 2085 2436 2137 ὀρθότατος

1376 2142 1412 2181 δὲ
1432 2142 1492 2181 καὶ
1513 2142 1698 2186 εὖθύτατος
1719 2141 1835 2181 κανὼν
1856 2142 1918 2182 καὶ
1938 2143 2079 2194 στάθμα
2099 2144 2185 2196 ὀρθὰ
2204 2144 2330 2196 γωνίας
2363 2145 2433 2186 Οὕ-

1374 2218 1442 2246 τως
1470 2200 1505 2240 δὲ
1537 2201 1597 2240 καὶ
1629 2204 1697 2240 τῶν
1722 2201 1784 2252 μὲν
1807 2202 1983 2252 σωμάτων
2006 2202 2164 2248 αἴσθασις
2192 2203 2341 2257 μέτρον,
2365 2206 2433 2242 τῶν

1375 2261 1410 2300 δὲ
1432 2264 1567 2300 νοατῶν
1598 2261 1673 2305 νόος
1697 2261 1790 2314 ἀρχὰ
1822 2261 1883 2300 καὶ
1920 2261 2044 2315 μέτρον
2079 2262 2162 2302 ἐντί.
2223 2263 2294 2302 Καὶ
2324 2265 2342 2302 ὁ
2372 2264 2434 2314 μὲν

1374 2321 1449 2366 νόος
1467 2320 1562 2374 ἀρχὰ
1587 2323 1721 2359 νοατῶν
1745 2337 1784 2360 τε
1811 2320 1872 2359 καὶ
1892 2320 1973 2374 φύσι
1987 2326 2001 2344 ³
2018 2321 2181 2374 πράτων·
2203 2323 2225 2361 ἁ
2247 2321 2282 2360 δὲ
2305 2322 2437 2361 αἴσΟα-

1376 2397 1426 2424 σις
1449 2381 1624 2418 αἷσθατῶν
1650 2379 1710 2419 καὶ
1731 2378 1814 2434 φύσι
1841 2381 2011 2434 δευτέρων
2028 2379 2059 2417 b.
2085 2380 2131 2421 ‘O
2161 2380 2223 2431 μὲν
2252 2381 2319 2433 γὰρ
2352 2382 2435 2432 ἁμῖν

1377 2441 1447 2479 ε’ντι
1468 2439 1562 2492 ἀρχὰ
1589 2444 1650 2484 τᾶς
1672 2441 1809 2493 ψυχᾶς,
1827 2438 1850 2476 ἇ
1870 2437 1907 2477 δὲ
1933 2441 1984 2478 τῶ
2003 2438 2182 2491 σώματος.
2244 2440 2351 2480 Kal&
2373 2439 2435 2488 μὲν

1375 2622 1448 2654 nius
1475 2631 1512 2654 ac
1529 2622 1714 2662 diligentius
1735 2631 1833 2662 quam
1867 2623 2046 2663 geometria
2073 2632 2109 2656 ea
2127 2632 2201 2664 quae
2221 2625 2292 2656 vult
2313 2625 2435 2665 pertra-

1374 2684 1463 2715 clare
1493 2695 1500 2715 ε
1522 2682 1576 2714 ubi
1606 2682 1691 2714 enim
1713 2682 1822 2715 deficit
1845 2682 2020 2723 geometria
2035 2707 2044 2724 ‚
2070 2683 2113 2715 ibi
2133 2683 2336 2725 probationes
2359 2685 2434 2715 ari-

1380 2741 1532 2773 thmetica
1545 2741 1694 2774 absolvit.
1711 2741 1797 2779 Quin
1817 2742 1915 2773 etiam
1943 2741 2040 2774 simul
2061 2741 2238 2775 formarum
2261 2751 2434 2784 eorumque

1375 2809 1448 2841 quae
1470 2800 1582 2833 formis
1599 2801 1799 2833 conveniunt
1819 2801 2048 2842 pervestigatio
2065 2802 2125 2834 est.

1607 2879 1637 2910 3.
1662 2880 1708 2910 Ex
1733 2877 1815 2910 libro
1838 2879 1890 2910 De·
1907 2880 2016 2911 mente
2039 2880 2071 2911 et
2095 2888 2203 2910 sensu.

1418 2960 1479 2991 ΠΙ.
1505 2959 1624 2990 Sensus
1644 2957 1776 2999 quidem
1805 2958 1837 2989 in
1859 2966 1993 2998 corpore
2012 2957 2181 2998 reperitur,
2209 2965 2299 2988 mens
2322 2959 2433 2989 autem

1375 3017 1406 3050 in
1427 3018 1546 3050 anima.
1591 3019 1674 3050 Nam
1703 3020 1739 3049 ut
1765 3016 1818 3049 ille
1847 3025 1962 3049 eorum
1988 3025 2061 3056 quae
2086 3016 2147 3047 sub
2175 3024 2288 3047 sensus
2311 3016 2432 3049 cadunt

1377 3075 1570 3116 principium
1606 3078 1656 3114 est
1692 3087 1700 3107 :
1733 3075 1776 3107 ita
1801 3075 1873 3107 liaec
1898 3083 2010 3107 eorum
2031 3083 2103 3114 quae
2138 3073 2428 3108 subintellectum.

1377 3135 1503 3167 Etenim
1534 3134 1755 3167 multitudinis
1782 3143 1931 3166 mensura
1951 3142 2103 3165 numerus
2132 3133 2280 3173 liabetur,
2300 3134 2434 3175 longitu-

1378 3194 1461 3226 dinis
1480 3195 1589 3227 autem
1607 3203 1682 3235 pes,
1704 3194 1853 3236 ponderis
1878 3202 1953 3225 vero
1977 3194 2008 3225 et
2027 3193 2164 3225 amussis
2189 3193 2330 3233 trutina,
2357 3203 2431 3235 por·

1378 3246 1529 3286 rectionis
1550 3254 1689 3295 denique
1712 3255 1745 3286 et
1777 3253 1980 3286 rectitudinis
2003 3252 2109 3292 regula
2129 3253 2161 3284 et
2189 3260 2300 3284 norma
2326 3253 2431 3286 rectus

1377 3314 1526 3356 angulus.
1572 3315 1624 3347 Sic
1653 3315 1750 3346 etiam
1779 3322 1949 3355 corporum
1983 3312 2114 3353 quidem
2138 3320 2290 3344 mensura
2317 3320 2432 3344 sensus

1377 3375 1445 3413 est,
1468 3382 1575 3406 rerum
1605 3375 1715 3405 autem
1747 3372 2024 3412 intelligendarum
2059 3378 2148 3402 mens
2176 3368 2364 3411 principium
2393 3378 2454 3402 ac.

1377 3442 1542 3465 mensura.
1588 3434 1629 3465 Et
1651 3441 1742 3464 mens
1761 3431 1891 3473 quidem
1916 3429 2160 3471 intelligibilium
2179 3437 2303 3470 suaque
2317 3430 2431 3461 natura

1379 3491 1552 3532 primarum
1582 3500 1688 3523 rerum
1707 3489 1897 3531 principium
1916 3490 1962 3521 ost
1975 3513 1984 3529 ‚
2004 3497 2117 3521 sensus
2134 3497 2211 3520 vero
2230 3487 2428 3520 sensibilium
