2612 3814
268 303 349 336 426

262 386 305 425 ἄν
325 402 375 439 τῳ
398 385 524 431 δόξειεν
546 385 614 426 ὑπὸ
636 389 698 434 τῆς
718 386 901 435 συνηθείας
925 387 989 436 τὴν
1007 387 1099 433 λέξιν
1127 387 1323 441 ἐμφαίνειν.

260 445 381 491 Ὄλως
401 445 470 500 γὰρ
490 444 535 484 τὰ
554 446 696 500 χείρονα
716 450 777 494 τῆς
798 447 1017 500 ἀνθρωπίνης
1047 447 1165 492 οὐσίας
1194 448 1233 486 οὐ
1261 463 1327 486 κα-

262 506 362 554 θήκει
375 512 482 557 τιμᾶν
499 508 547 558 τῷ
563 507 736 560 ἐρωτικῶς
751 506 869 560 ἔχοντι
881 510 941 546 τοῦ
958 510 1036 546 θεοῦ
1052 506 1113 546 καὶ
1126 510 1187 553 τῆς
1202 509 1328 545 ἑαυτοῦ

261 564 361 610 ἀξίας
381 565 587 618 ᾐσθημένῳ.
612 564 704 605 Ἀλλ’
724 566 802 604 οὐδὲ
823 565 926 604 αὐτὸν
952 565 1010 604 τὸν
1033 565 1215 617 ἄνθρωπον
1238 564 1328 617 μετὰ

261 625 307 665 τὰ
324 624 507 676 κρείττονα
521 624 736 676 τιμήσομεν,
752 624 813 663 ἐὰν
830 624 880 676 μὴ
896 630 966 669 ϊοῖς
980 625 1174 677 κρείττοσιν
1195 627 1330 674 ὡμοιω-

262 678 406 738 μένοςῇ
436 684 495 723 καὶ
521 687 572 738 τῷ
591 684 670 738 θείῳ
688 686 783 737 χορῷ
814 685 1093 738 συμφερόμενος.
1123 684 1187 728 Τίς
1219 678 1278 723 οὖν
1307 687 1329 731 ἡ

261 742 351 795 τιμὴ
379 742 440 782 καὶ
466 742 614 791 τούτων;
645 743 684 782 τὸ
704 741 832 793 ἔννομα
855 742 977 796 ῥέζειν,
1006 742 1109 797 φησί.
1148 744 1265 782 Τοῦτο
1294 742 1330 781 δέ

262 803 338 842 ἐστι
358 802 397 841 τὸ
415 803 596 842 πείθεσθαι
622 795 669 846 οἷς
691 802 990 843 καταλελοίπασιν
1011 805 1097 854 ἡμῖν
1127 802 1330 854 παραγγέλ-

264 878 373 914 μασι,
394 861 453 901 καὶ
473 864 518 905 ὡς
539 861 655 913 νόμοις
673 862 836 913 ἐμμένειν
859 868 932 907 τοῖς
951 862 1092 902 ἐκείνων
1119 861 1235 913 λόγοις
1269 860 1331 901 καὶ

262 922 327 970 τὴν
347 921 456 969 αὐτὴν
477 922 553 961 ὁδὸν
572 920 730 973 μετιέναι
745 925 805 960 τοῦ
823 921 898 974 βίου
912 953 922 972 ,
940 922 983 970 ἣν
998 924 1124 962 ἐκεῖνοι
1140 921 1333 966 διελθόντες

263 982 326 1021 οὐκ
359 980 551 1034 ἐφθόνησαν
582 980 711 1028 ταύτης
738 983 823 1031 ἡμῖν
857 983 1089 1032 μεταδοῦναι,
1111 982 1189 1020 ἀλλ’
1210 979 1332 1034 ὥσπερ

262 1040 342 1080 τινὰ
360 1041 533 1080 ἀθάνατον
553 1039 614 1079 καὶ
634 1041 798 1093 πατρῷον
825 1043 956 1094 κλῆρον
977 1040 1234 1093 διηγωνίσαντο
1257 1047 1329 1086 τοῖς

266 1099 574 1152 μεταγενεστέροις
599 1100 836 1152 διαφυλάξαι,
854 1099 899 1140 τὰ
919 1102 1077 1154 στοιχεῖα
1098 1104 1168 1140 τῶν
1199 1104 1333 1154 ἀρετῶν

264 1158 325 1199 καὶ
351 1162 412 1206 τῆς
441 1157 606 1206 ἀληθείας
634 1157 713 1203 τοὺς
742 1158 892 1205 κανόνας
922 1161 970 1205 εἰς
1002 1160 1115 1199 κοινὸν
1146 1161 1267 1214 ὄφελος
1298 1163 1333 1200 ἐν

264 1219 454 1274 γράμμασι
473 1216 726 1270 καταθέμενοι·
743 1213 792 1264 οἷς
812 1219 852 1258 τὸ
872 1220 1054 1260 πείθεσθαι
1076 1221 1136 1260 καὶ
1162 1224 1224 1276 ζῇν
1251 1224 1333 1261 ἑπο·

266 1279 400 1331 μένως,
431 1277 650 1332 ἀληθεστέρα
680 1279 821 1319 ἐκείνων
854 1279 941 1330 τιμὴ
971 1279 1191 1333 γίγνεται,ἢ
1222 1279 1253 1320 εἴ
1283 1296 1335 1325 τις

265 1339 350 1394 χοὰς
371 1341 486 1384 αὐτοῖς
504 1338 655 1393 ἐπιφέρῃ
673 1340 979 1384 πολυτελεστάτας
997 1340 1058 1379 καὶ
1074 1339 1216 1392 ἐναγίζῃ
1231 1342 1336 1380 πλου-

267 1399 363 1444 σίως.
382 1398 540 1447 Τοιαύτη
572 1398 636 1450 μὲν
657 1402 679 1447 ἡ
698 1401 768 1438 τῶν
799 1398 1010 1452 κρειττόνων
1039 1399 1144 1450 τιμή,
1174 1399 1244 1438 ἀπὸ
1273 1402 1334 1437 τοῦ

267 1459 483 1513 δημιουργοῦ
505 1458 687 1513 ἀρξαμένη
707 1458 769 1498 καὶ
789 1461 837 1504 εἷς
857 1458 1060 1512 ἀνθρώπους
1081 1458 1161 1503 τοὺς
1187 1457 1336 1512 ἀγαθοὺς

266 1517 512 1571 περατουμένη
543 1518 601 1557 διὰ
638 1518 754 1570 μέσων
782 1520 851 1556 τῶν
878 1517 1048 1571 οὐρανίων
1078 1517 1139 1557 καὶ
1173 1518 1335 1571 αἷθερίων

266 1580 391 1631 γενῶν.
420 1578 570 1626 Ἐπειδὴ
602 1579 638 1617 δὲ
672 1577 733 1616 καὶ
765 1581 834 1617 τῶν
860 1577 954 1617 κατὰ
987 1577 1045 1617 τὸν
1072 1577 1146 1631 βίον
1177 1577 1335 1631 σχέσεων

267 1637 432 1676 πλεῖστον
449 1637 502 1675 δεῖ
521 1637 697 1676 ποιεῖσθαι
716 1637 832 1689 λόγον,
853 1631 924 1676 οἶον
946 1636 1111 1692 πατέρων
1133 1637 1193 1677 καὶ
1210 1652 1333 1690 συγγε·

266 1700 335 1737 νῶν
369 1695 421 1748 (οἳ
449 1697 487 1734 οὐ
509 1695 651 1740 πάντως
678 1696 742 1747 μέν
771 1698 856 1735 εἰσιν
886 1695 1038 1750 ἀγαθοί,
1063 1696 1204 1740 πάντως
1235 1696 1271 1735 δὲ
1298 1696 1337 1735 τὸ

267 1756 382 1807 τίμιον
403 1759 448 1800 ὡς
469 1755 553 1808 πρὸς
569 1759 664 1806 ἡμᾶς
683 1758 726 1808 τῇ
749 1755 829 1810 ἀξία
860 1758 921 1802 τῆς
938 1756 1091 1809 σχέσεως
1114 1756 1336 1808 κέκτηνται),

267 1816 391 1856 τούτου
408 1815 512 1870 χάριν
535 1814 709 1867 ἐπήγαγε·
762 1852 765 1854 .

978 297 1255 338 HIEROCLIS
1290 297 1708 339 COMMENTARIUS

1477 481 1556 518 Τοὺς
1572 491 1605 514 τε
1622 484 1722 522 γονεῖς
1738 481 1832 524 τίμα,
1849 483 1921 521 τούς
1939 483 1970 517 τ’
1983 483 2110 526 ἄγχιστ’
2126 484 2336 527 ἐκγεγαῶτας.

1446 569 1538 614 Τοὺς
1573 567 1637 621 μὲν
1672 568 1822 622 ἀγαθοὺς
1851 570 2075 623 ἀνθρώπους,
2096 573 2142 616 ὡς
2168 571 2370 623 δαιμονίους
2400 572 2462 612 καὶ

1394 630 1524 682 θείους,
1548 628 1663 669 σε’ὅειν
1681 632 1699 668 δ
1717 629 1816 682 λόγος
1831 630 1995 670 ὑπέθετο·
2013 632 2091 676 τοὺς
2109 631 2144 670 δὲ
2162 631 2284 684 γονέας
2305 632 2366 671 καὶ
2382 630 2463 677 τοὺς

1395 689 1498 742 ἐγγύς
1525 704 1559 728 τι
1580 690 1711 728 τούτων
1743 692 1787 742 τῇ
1819 692 1950 743 φυσικῇ
1977 689 2161 744 συγγενείᾳ
2196 689 2462 744 προσήκοντας,

1395 748 1509 788 ὁποῖοί
1527 750 1606 788 ποτ’
1623 748 1665 788 ἂν
1680 742 1766 796 ὦσι,
1784 750 1827 788 δι’
1846 748 1955 796 αὐτὴν
1973 748 2037 796 τὴν
2051 752 2113 797 τῆς
2131 749 2287 803 σχέσεως
2302 749 2464 804 ἀνάγκην

1395 815 1503 861 τιμᾶν
1526 810 1733 859 εἰσηγεῖται.
1751 806 1872 860 αΟπερ
1904 808 1971 860 γὰρ
1999 812 2085 859 ἡμῖν
2118 810 2149 848 οἰ
2170 809 2367 863 κρείττονές
2395 811 2465 849 εἶσι

1395 866 1489 906 κατὰ
1507 867 1571 913 τὴν
1589 867 1699 906 ἀίδιον
1722 866 1938 918 συγγένειαν,
1955 866 2118 920 πατέρων
2133 867 2198 919 μὲν
2211 867 2308 915 τάξιν
2325 867 2468 922 ἔχοντες

1397 928 1428 965 οἱ
1449 925 1625 980 οὐράνιοι,
1650 928 1828 978 συγγενῶν
1848 926 1885 967 δὲ
1905 926 2033 978 τιμίων
2055 928 2086 966 οἱ
2105 926 2239 980 ἥρωες·
2255 931 2359 968 τοῦτο
2380 927 2467 982 πρὸς

1397 985 1455 1026 τὸν
1473 986 1597 1034 θνητὸν
1619 985 1694 1039 βίον
1714 988 1936 1026 συντελοῦσιν
1957 989 2043 1038 ἡμῖν
2072 988 2103 1026 οἱ
2123 992 2235 1039 γονεῖς
2254 985 2316 1026 καὶ
2340 986 2373 1026 οἱ
2400 987 2466 1039 ἀγ-

1396 1049 1531 1100 χιστεῒς
1544 1076 1555 1094 ,
1577 1047 1608 1085 οἳ
1629 1046 1807 1099 ἐγγύτατα
1824 1048 1895 1085 τῶν
1920 1046 2048 1098 γονέων
2068 1045 2164 1091 ὄντες
2177 1077 2188 1097 ,
2207 1046 2269 1086 καὶ
2286 1045 2345 1086 διὰ
2364 1049 2471 1086 τοῦτο

1396 1110 1441 1160 τῇ
1463 1106 1554 1157 μετὰ
1571 1105 1694 1159 γονέας
1713 1109 1801 1159 τιμῇ
1823 1105 2087 1157 σεμνυνόμενοι.
2113 1108 2197 1151 Πῶς
2217 1101 2276 1146 οὖν
2301 1104 2362 1146 καὶ
2387 1106 2482 1149 ‘rod-1

1397 1183 1474 1212 τους
1493 1166 1708 1218 τιμήσομεν;
1725 1160 1793 1219 ἆρα
1808 1165 1866 1204 τὸν
1884 1167 2019 1205 ἑαυτῶν
2036 1165 2111 1218 βίον
2135 1165 2222 1220 πρὸς
2246 1164 2310 1214 τὴν
2328 1165 2470 1206 ἐκείνων

1399 1220 1648 1266 ἀπευθύνοντες
1655 1219 1817 1273 γνώμην,
1831 1219 1922 1259 ὥστε
1937 1219 2091 1265 δοξάζειν
2106 1235 2144 1259 τε
2160 1223 2272 1259 ταῦτα
2282 1218 2345 1259 καὶ
2353 1219 2468 1273 πράτ-

1398 1295 1487 1330 τειν,
1503 1279 1525 1318 ἃ
1536 1278 1577 1318 ἂν
1591 1279 1733 1324 ἐκείνοις
1749 1277 1803 1327 εἴη
1820 1278 1906 1333 φίλα
1919 1294 1929 1327 ;
1946 1278 2040 1319 Ἀλλ’
2053 1278 2163 1324 οὕτως
2175 1278 2219 1318 ἂν
2234 1279 2470 1333 περιτραπείη

1399 1344 1421 1389 ἠ
1442 1342 1511 1379 τῶν
1529 1341 1662 1392 ἀρετῶν
1679 1338 1828 1387 ἄσκησις
1849 1338 1935 1393 πρὸς
1948 1338 2075 1383 κακίας
2092 1338 2266 1388 σπουδήν,
2283 1340 2314 1379 εἰ
2329 1338 2468 1392 τύχοιεν

1400 1398 1495 1443 ὄντες
1514 1399 1660 1452 πονηροὶ
1679 1401 1711 1438 οἱ
1731 1398 1893 1450 πατέρες.
1910 1397 2016 1437 Ἀλλὰ
2038 1398 2260 1449 ἀτιμάσομεν
2281 1396 2405 1443 αὐτοὺς
2421 1398 2471 1442 εἰς

1399 1458 1517 1498 πάντα
1538 1457 1596 1498 διὰ
1614 1456 1678 1506 τὴν
1695 1460 1759 1505 τῆς
1778 1458 1904 1502 κακίας
1923 1457 2165 1510 κατάγνωσιν;
2180 1457 2240 1497 καὶ
2260 1458 2335 1502 πῶς
2350 1456 2403 1496 ἔτι
2418 1459 2472 1511 τῷ

1400 1517 1550 1571 παρόντι
1574 1518 1672 1570 νόμῳ
1700 1517 1914 1568 πειθόμεθα;
1938 1518 2013 1561 πῶς
2047 1515 2084 1555 δὲ
2113 1516 2176 1564 τὴν
2198 1517 2332 1564 θεοειδῆ
2353 1515 2472 1556 εἰκόνα

1401 1580 1470 1617 τῶν
1486 1575 1615 1630 γονέων
1636 1576 1659 1624 ἢ
1678 1575 1743 1625 τὴν
1761 1577 1919 1631 ἡρωϊκὴν
1941 1579 2010 1615 τῶν
2028 1575 2227 1630 ἀγχιστέων
2246 1575 2400 1630 ἔμφασιν
2420 1575 2474 1628 μὴ

1401 1639 1571 1689 τιμῶντες
1593 1637 1657 1675 οὐκ
1673 1637 1720 1680 εἷς
1740 1635 1889 1681 ἐκείνους
1907 1635 2146 1687 ἅσεὸήσομεν,
2169 1629 2218 1680 οἷς
2242 1634 2384 1680 τούτους
2401 1636 2472 1675 ἐοι-

1401 1698 1501 1735 κέναι
1517 1695 1653 1750 φαμέν;
1672 1695 1733 1734 καὶ
1749 1695 1859 1740 οὕτως
1872 1698 1894 1743 ἡ
1910 1697 2061 1735 δοκοῦσα
2080 1697 2123 1735 δι’
2143 1694 2323 1742 ἀπειθείας
2339 1694 2471 1748 γονέων

1403 1756 1510 1807 ἀρετὴ
1530 1757 1617 1805 ἡμῖν
1651 1756 1832 1795 ἀσκεῖσθαι
1853 1755 1900 1798 εἷς
1921 1755 2037 1806 μεῖζον
2064 1755 2173 1795 κακὸν
2193 1754 2472 1810 περιστήσεται,

1402 1814 1466 1861 τὴν
1496 1813 1675 1854 ἀσέὸειαν.
1700 1814 1910 1865 Πειθόμενοι
1931 1813 1967 1853 δὲ
1989 1814 2107 1853 πάντα
2127 1818 2287 1868 γονεῦσι,
2305 1816 2381 1859 πῶς
2409 1814 2474 1868 οὐκ

270 1973 314 2004 ut
333 1968 503 2016 cuipiam
534 1966 692 2003 forsitan
712 1967 859 2003 locutio
890 1966 969 2003 haec
991 1979 1010 2003 e
1039 1967 1235 2003 communi
1265 1979 1336 2003 usu

270 2025 483 2076 significare
502 2025 693 2062 videatur.
718 2026 885 2063 Omnino
905 2027 1006 2062 enim
1025 2039 1105 2062 non
1123 2026 1230 2063 decet
1250 2039 1337 2063 eum

272 2087 340 2135 qui
360 2087 486 2123 Deum
511 2092 613 2121 amat
641 2093 679 2121 et
697 2097 802 2121 suam
836 2085 1063 2135 dignitatem
1086 2086 1265 2136 intelligit
1294 2098 1338 2122 ea

270 2145 488 2190 honorare,
510 2157 594 2193 quae
612 2145 836 2181 hominibus
867 2151 1004 2182 natura
1023 2152 1111 2182 sunt
1130 2145 1334 2182 deteriora.

271 2205 356 2241 Imo
377 2216 468 2241 vero
481 2216 553 2240 nec
573 2204 677 2254 ipsos
691 2204 867 2240 homines
885 2211 974 2253 post
991 2205 1255 2254 praestantiora
1272 2205 1337 2241 illa

273 2263 570 2309 honorabimus,
589 2264 662 2299 nisi
682 2264 1008 2313 praestantioribus
1027 2265 1167 2301 similes
1185 2264 1336 2301 divino·

275 2335 350 2373 que
373 2323 495 2360 choro
532 2322 730 2371 conjuncti
759 2324 860 2362 sint‘?
886 2324 961 2371 Qui
992 2324 1110 2373 igitur
1129 2324 1254 2360 honos
1280 2324 1339 2360 his

274 2395 432 2432 quoque
453 2382 691 2419 exhibendus
713 2383 792 2420 est?
807 2384 994 2433 legitima,
1014 2384 1155 2432 inquit,
1167 2382 1333 2430 facere:

274 2440 350 2479 hoc
371 2454 459 2479 vero
480 2448 535 2478 est
551 2442 597 2478 iis
615 2442 776 2479 obedire
795 2443 1017 2492 praeceptis,
1042 2455 1125 2491 quae
1146 2443 1202 2478 illi
1227 2443 1340 2479 nobis

274 2502 534 2552 reliquerunt,
553 2508 591 2538 et
607 2514 742 2538 eorum
763 2501 865 2539 dicta
888 2509 1071 2551 tanquam
1086 2503 1188 2552 leges
1211 2503 1337 2539 obser-

277 2572 368 2598 vare
383 2589 393 2607 ,
411 2568 525 2609 atque
548 2560 710 2597 eandem
729 2561 817 2597 vitae
833 2562 936 2598 viam
956 2561 1105 2611 ingredi
1119 2589 1129 2608 ,
1147 2574 1262 2610 quarn
1286 2562 1338 2598 illi

277 2622 419 2658 emensi
438 2620 552 2656 nobis
576 2627 790 2657 monstrare
811 2634 892 2657 non
924 2621 1120 2671 dedignati
1139 2628 1244 2667 sunt,
1274 2621 1339 2658 sed

278 2691 435 2729 operam
453 2679 585 2715 sedulo
607 2679 817 2727 dederunt,
838 2688 882 2717 ut
899 2681 999 2718 hanc
1018 2681 1124 2717 velut
1140 2682 1337 2717 immorta-

276 2739 352 2775 lem
373 2737 566 2787 quandam
583 2746 864 2789 paternamque
895 2740 1147 2777 hereditatem
1176 2742 1340 2790 posteris

278 2805 566 2844 conservarent,
587 2799 772 2835 virtutum
794 2800 978 2837 elementa
1003 2801 1248 2849 veritatisque
1274 2814 1337 2837 re-

278 2858 385 2908 gulas
419 2857 459 2893 in
488 2869 730 2894 communem
760 2872 871 2896 usum
906 2859 1058 2910 scriptis
1089 2861 1336 2911 mandantes3

280 2917 420 2966 quibus
440 2916 602 2965 obsequi
625 2924 662 2953 et
683 2926 939 2968 congruenter
956 2921 1074 2956 vitam
1094 2933 1202 2957 suam
1226 2921 1338 2957 insti-

279 2983 387 3013 tuere
405 2976 534 3012 verior
556 2983 612 3012 est
628 2988 762 3012 eorum
783 2978 924 3025 cultus,
945 2991 1058 3027 quam
1079 2979 1110 3014 si
1133 2980 1217 3028 quis
1240 2980 1339 3017 liha-

277 3036 380 3071 mina
397 3035 450 3072 eis
471 3034 609 3072 offerat
626 3036 922 3072 sumtuosissima
943 3036 1181 3086 profuseque
1197 3049 1340 3086 paren-

279 3101 346 3131 tet.
370 3093 599 3142 Hujusmodi
627 3095 744 3144 igitur
763 3102 819 3131 est
842 3095 967 3132 honos
983 3097 1131 3145 superis
1146 3097 1313 3135 tributus
1326 3127 1337 3147 ,

279 3154 348 3203 qui
380 3166 402 3190 a
423 3162 598 3191 creatore
627 3155 815 3204 incipiens
834 3155 875 3190 in
904 3155 1030 3192 bonos
1061 3156 1232 3192 homines
1267 3170 1340 3206 per

277 3212 406 3250 media
421 3214 586 3251 coelestia
603 3223 716 3262 atque
733 3214 895 3250 aetherea
908 3226 1047 3263 genera
1061 3214 1215 3254 desinit.
1232 3217 1335 3264 Quo-

277 3274 381 3310 niam
401 3281 528 3310 autem
552 3281 590 3310 et
606 3274 927 3311 necessitudinum
942 3300 952 3319 ,
975 3286 1059 3323 quae
1080 3273 1120 3310 in
1139 3274 1338 3312 hominum

278 3333 397 3369 vitam
418 3332 582 3378 cadunt,
609 3334 803 3383 praecipua
823 3333 1074 3371 esthabenda
1094 3335 1215 3379 ratio,
1236 3336 1341 3372 velut

278 3400 482 3442 parentum
502 3400 539 3430 et
560 3400 814 3443 cognatorum
844 3393 940 3442 (qui
960 3394 1050 3430 licet
1074 3406 1155 3430 non
1182 3395 1339 3432 omnino

278 3451 375 3489 boni
403 3454 500 3503 sint,
540 3454 699 3490 omnino
729 3460 855 3490 tamen
875 3460 1037 3504 propter
1054 3455 1342 3492 necessitudinis

286 3511 511 3562 dignitatem
533 3515 671 3551 merito
690 3513 795 3563 apud
822 3525 892 3550 nos
909 3519 997 3550 sunt
1017 3514 1054 3549 in
1078 3514 1244 3564 honore)
1277 3515 1343 3551 id-

282 3571 386 3609 circo
405 3571 556 3620 adjicit:

1881 1969 1925 2005 V.
1957 1971 1994 2011 l..

1463 2061 1610 2095 Observa
1628 2062 1728 2095 etiam
1746 2063 1897 2103 parentes
1915 2062 1947 2094 et
1955 2069 2026 2142 teos
2048 2060 2104 2102 qui
2119 2059 2267 2101 proxime
2283 2060 2409 2102 cognati

1890 2118 1951 2142 sun
1971 2133 1979 2141 .

1456 2201 1509 2237 Ut
1527 2200 1655 2237 bonos
1673 2200 1777 2236 viros
1789 2228 1799 2248 ‚
1824 2206 2006 2247 tanquam
2025 2198 2215 2247 sapientes
2234 2204 2272 2234 et
2291 2196 2444 2234 divinos
2458 2226 2470 2245 ,

1405 2261 1575 2298 colamus
1594 2272 1747 2297 carmen
1764 2259 1878 2295 nobis
1899 2256 2107 2308 praecepit,
2123 2263 2302 2306 parentes
2322 2269 2412 2294 vero
2433 2265 2471 2294 et

1402 2321 1566 2358 naturali
1599 2320 1829 2370 cognatione
1856 2319 1908 2355 eis
1938 2317 2160 2367 proximOS‚
2183 2315 2471 2365 qualescunque

1403 2381 1560 2418 demum
1579 2381 1673 2426 sint,
1689 2386 1852 2429 propter
1869 2379 1988 2427 ipsam
2004 2375 2325 2413 necessitudinem
2342 2374 2471 2412 hono·

1403 2441 1547 2478 randos
1567 2452 1644 2477 esse
1665 2439 1791 2476 docet.
1822 2437 1939 2486 Quod
1957 2437 2057 2474 enim
2078 2435 2210 2485 superi
2227 2434 2342 2471 nobis
2355 2442 2467 2482 sunt,

1403 2501 1546 2537 coelites
1571 2498 1730 2548 quidem
1749 2505 1891 2534 aeterna
1913 2496 2146 2546 cognatione
2164 2500 2368 2544 parentum
2381 2494 2470 2531 loco

1403 2561 1516 2597 nobis
1541 2559 1765 2607 constituti,
1800 2564 2052 2607 cognatorum
2072 2562 2199 2592 autem
2217 2554 2470 2591 honorando-

1402 2632 1489 2655 rum
1512 2620 1603 2656 loco
1623 2619 1760 2655 heroes
1784 2630 1793 2654 ι
1816 2617 1857 2654 id
1881 2618 2006 2667 ipsum
2027 2615 2141 2652 nobis
2163 2615 2204 2650 in
2223 2614 2296 2651 hac
2315 2616 2470 2652 mortali

1401 2680 1481 2716 vita
1505 2686 1593 2715 sunt
1623 2685 1800 2728 parentes
1832 2684 1870 2713 et
1901 2676 2132 2726 propinqui,
2161 2675 2228 2723 qui
2246 2675 2471 2724 parentibus

1400 2739 1570 2787 proximi
1598 2746 1686 2774 sunt
1719 2745 1833 2786 atque
1853 2736 1943 2773 ideo
1975 2735 2153 2784 proximo
2176 2740 2266 2783 post
2292 2740 2470 2783 parentes

1402 2799 1551 2834 honore
1572 2797 1825 2834 decorantur.
1849 2794 2058 2844 Quomodo
2080 2794 2200 2843 igitur
2219 2793 2290 2830 hos
2310 2805 2468 2842 quoque

1400 2860 1701 2897 honorabimus?
1730 2871 1823 2895 num
1848 2858 1963 2894 vitam
1998 2863 2168 2893 nostram
2201 2856 2254 2892 ita
2283 2854 2333 2892 ad
2367 2855 2466 2892 illo-

1400 2933 1488 2956 rum
1507 2919 1734 2957 sententiam
1758 2917 2031 2967 componendo
2045 2945 2056 2967 ,
2076 2923 2119 2952 ut
2136 2928 2179 2952 ea
2196 2927 2280 2963 quae
2301 2914 2376 2951 illis
2392 2915 2469 2964 pla·

1402 2987 1490 3016 cent
1502 3006 1512 3025 ‚
1532 2991 1602 3015 nos
1622 2986 1659 3015 et
1674 2978 1878 3015 sentiamus
1898 2984 1936 3013 et
1956 2974 2162 3012 faciamus?
2176 2976 2234 3010 Ita
2246 2986 2340 3011 vero
2357 2987 2465 3011 exer·

1402 3038 1534 3074 citatio
1563 3037 1715 3073 virtutis
1736 3042 1908 3072 vertatur
1931 3035 1970 3070 in
1990 3034 2075 3069 vitii
2097 3032 2287 3079 studium,
2317 3034 2348 3070 si
2368 3032 2469 3076 sorte

1401 3098 1490 3134 mali
1507 3098 1581 3134 sint
1596 3102 1789 3147 parentes.
1808 3095 1910 3132 Num
1939 3106 2035 3132 vero
2055 3094 2107 3130 eis
2136 3093 2176 3129 in
2193 3093 2391 3140 omnibus,
2413 3094 2468 3131 ob

1401 3157 1583 3193 vitiorum
1603 3154 1927 3205 improbationem
1940 3180 1952 3197 ‚
1964 3153 2154 3189 honorem
2169 3152 2467 3202 denegabimus?

1401 3215 1609 3265 Quomodo
1621 3216 1737 3265 igitur
1749 3213 1839 3250 huic
1856 3213 1930 3262 legi
1950 3212 2111 3261 amplius
2136 3207 2465 3261 parebimus?'aut

1403 3277 1470 3325 qui
1490 3275 1576 3323 fiat,
1595 3282 1639 3311 ut
1656 3274 1747 3311 dum
1767 3273 1904 3310 divinae
1925 3273 1965 3307 in
1987 3273 2210 3321 parentibus
2229 3272 2384 3321 imagini
2399 3280 2464 3309 aut

1401 3337 1565 3373 heroicae
1583 3335 1892 3385 propinquorum
1916 3333 2059 3381 speciei
2080 3333 2270 3369 honorem
2291 3331 2463 3382 denega-

1402 3409 1508 3446 muS,
1530 3408 1611 3432 non
1630 3396 1671 3431 in
1687 3405 1752 3431 eos
1779 3393 1984 3442 impietatis
2007 3393 2064 3428 rei
2084 3393 2199 3428 simus
2212 3420 2222 3438 ‚
2250 3391 2390 3441 quibus
2405 3393 2464 3428 si-

1402 3456 1511 3492 miles
1537 3455 1609 3492 hos
1638 3467 1714 3492 esse
1744 3453 1929 3490 dicimus?
1958 3455 2016 3490 Ita
2049 3466 2138 3490 vero
2164 3454 2307 3499 virtus,
2329 3465 2413 3502 quae
2440 3464 2463 3489 a

1402 3516 1518 3553 nObis
1542 3517 1582 3552 in
1613 3513 1789 3565 negando
1816 3514 2040 3564 parentibus
2075 3514 2261 3562 obsequio
2293 3513 2473 3553 exerceri,

1403 3575 1568 3626 videtur,
1588 3576 1628 3611 in
1642 3575 1783 3611 malum
1803 3575 1973 3624 gravius,
2001 3574 2237 3622 impietatem
2256 3571 2379 3610 cedet.
2400 3572 2466 3609 Sin

2584 619 2597 758 ssin'oefflfflassav„
2594 604 2597 611 ,
2584 484 2596 595 *tuamve-⁴0,
2584 399 2595 476 ‚ma-affl
2588 372 2593 389 i..
