<?xml version="1.0" encoding="UTF-8"?>
<!DOCTYPE html PUBLIC "-//W3C//DTD XHTML 1.0 Transitional//EN"
    "http://www.w3.org/TR/xhtml1/DTD/xhtml1-transitional.dtd">
<html xmlns="http://www.w3.org/1999/xhtml" xml:lang="en" lang="en">
 <head>
  <title>
</title>
<meta http-equiv="Content-Type" content="text/html;charset=utf-8" />
  <meta name='ocr-system' content='tesseract 3.04.00' />
  <meta name='ocr-capabilities' content='ocr_page ocr_carea ocr_par ocr_line ocrx_word'/>
</head>
<body>
  <div class='ocr_page' id='page_1' title='image "./fragmentaphiloso01mulluoft_0203.png"; bbox 0 0 2612 3814; ppageno 0'>
   <div class='ocr_carea' id='block_1_1' title="bbox 0 69 3 755">
    <p class='ocr_par' dir='ltr' id='par_1_1' title="bbox 0 69 3 755">
     <span class='ocr_line' id='line_1_1' title="bbox 0 69 3 755; baseline 0 0"><span class='ocrx_word' id='word_1_1' title='bbox 0 69 3 755; x_wconf 95' lang='lat' dir='ltr'> </span> 
     </span>
    </p>
   </div>
   <div class='ocr_carea' id='block_1_2' title="bbox 0 807 67 3814">
    <p class='ocr_par' dir='ltr' id='par_1_2' title="bbox 0 807 67 3814">
     <span class='ocr_line' id='line_1_2' title="bbox 0 807 67 3814; baseline 0 0"><span class='ocrx_word' id='word_1_2' title='bbox 0 807 67 3814; x_wconf 95' lang='lat' dir='ltr'> </span> 
     </span>
    </p>
   </div>
   <div class='ocr_carea' id='block_1_3' title="bbox 1104 224 2351 298">
    <p class='ocr_par' dir='ltr' id='par_1_3' title="bbox 1104 224 2351 298">
     <span class='ocr_line' id='line_1_3' title="bbox 1104 224 2351 298; baseline -0.005 -5"><span class='ocrx_word' id='word_1_3' title='bbox 1104 252 1172 293; x_wconf 81' lang='lat' dir='ltr'>DE</span> <span class='ocrx_word' id='word_1_4' title='bbox 1201 224 1427 291; x_wconf 66' lang='lat' dir='ltr'>oapnsso&#39;.</span> <span class='ocrx_word' id='word_1_5' title='bbox 2278 264 2351 298; x_wconf 68' lang='lat'>163</span> 
     </span>
    </p>
   </div>
   <div class='ocr_carea' id='block_1_4' title="bbox 149 343 1224 1353">
    <p class='ocr_par' dir='ltr' id='par_1_4' title="bbox 149 343 1224 1353">
     <span class='ocr_line' id='line_1_4' title="bbox 157 343 1222 395; baseline -0.009 -6"><span class='ocrx_word' id='word_1_6' title='bbox 157 351 260 389; x_wconf 83' lang='lat' dir='ltr'>diret</span> <span class='ocrx_word' id='word_1_7' title='bbox 271 348 339 386; x_wconf 87' lang='lat' dir='ltr'>sed</span> <span class='ocrx_word' id='word_1_8' title='bbox 353 348 464 386; x_wconf 86' lang='lat' dir='ltr'>etiam</span> <span class='ocrx_word' id='word_1_9' title='bbox 480 352 525 383; x_wconf 89' lang='lat' dir='ltr'>ut</span> <span class='ocrx_word' id='word_1_10' title='bbox 539 345 743 395; x_wconf 84' lang='lat' dir='ltr'>conjugem</span> <span class='ocrx_word' id='word_1_11' title='bbox 757 356 887 382; x_wconf 90' lang='lat' dir='ltr'>secum</span> <span class='ocrx_word' id='word_1_12' title='bbox 900 343 1134 393; x_wconf 89' lang='lat' dir='ltr'>abduceret,</span> <span class='ocrx_word' id='word_1_13' title='bbox 1149 343 1222 380; x_wconf 83' lang='lat' dir='ltr'>hac</span> 
     </span>
     <span class='ocr_line' id='line_1_5' title="bbox 157 403 1223 459; baseline -0.008 -11"><span class='ocrx_word' id='word_1_14' title='bbox 157 419 289 448; x_wconf 85' lang='lat' dir='ltr'>tamen</span> <span class='ocrx_word' id='word_1_15' title='bbox 307 409 404 459; x_wconf 84' lang='lat' dir='ltr'>lege,</span> <span class='ocrx_word' id='word_1_16' title='bbox 426 419 476 444; x_wconf 88' lang='lat' dir='ltr'>ne</span> <span class='ocrx_word' id='word_1_17' title='bbox 494 406 600 456; x_wconf 88' lang='lat' dir='ltr'>prius</span> <span class='ocrx_word' id='word_1_18' title='bbox 617 405 826 454; x_wconf 81' lang='lat' dir='ltr'>respiceret</span> <span class='ocrx_word' id='word_1_19' title='bbox 855 417 970 453; x_wconf 89' lang='lat' dir='ltr'>quam</span> <span class='ocrx_word' id='word_1_20' title='bbox 990 403 1040 440; x_wconf 88' lang='lat' dir='ltr'>ad</span> <span class='ocrx_word' id='word_1_21' title='bbox 1063 415 1223 453; x_wconf 89' lang='lat' dir='ltr'>superos</span> 
     </span>
     <span class='ocr_line' id='line_1_6' title="bbox 156 463 1223 521; baseline -0.009 -12"><span class='ocrx_word' id='word_1_22' title='bbox 156 469 401 521; x_wconf 86' lang='lat' dir='ltr'>pervenisset.</span> <span class='ocrx_word' id='word_1_23' title='bbox 414 465 754 506; x_wconf 79' lang='lat' dir='ltr'>verumenimvero</span> <span class='ocrx_word' id='word_1_24' title='bbox 768 470 874 501; x_wconf 88' lang='lat' dir='ltr'>vates</span> <span class='ocrx_word' id='word_1_25' title='bbox 893 476 1012 500; x_wconf 87' lang='lat' dir='ltr'>morae</span> <span class='ocrx_word' id='word_1_26' title='bbox 1023 463 1223 513; x_wconf 87' lang='lat' dir='ltr'>impatiens</span> 
     </span>
     <span class='ocr_line' id='line_1_7' title="bbox 157 524 1223 582; baseline -0.009 -13"><span class='ocrx_word' id='word_1_27' title='bbox 157 532 326 582; x_wconf 86' lang='lat' dir='ltr'>legisque</span> <span class='ocrx_word' id='word_1_28' title='bbox 345 530 548 566; x_wconf 84' lang='lat' dir='ltr'>immemor</span> <span class='ocrx_word' id='word_1_29' title='bbox 564 524 687 564; x_wconf 87' lang='lat' dir='ltr'>oculis</span> <span class='ocrx_word' id='word_1_30' title='bbox 701 526 743 562; x_wconf 91' lang='lat' dir='ltr'>in</span> <span class='ocrx_word' id='word_1_31' title='bbox 763 524 917 562; x_wconf 87' lang='lat' dir='ltr'>delicias</span> <span class='ocrx_word' id='word_1_32' title='bbox 934 537 1019 574; x_wconf 85' lang='lat' dir='ltr'>quae</span> <span class='ocrx_word' id='word_1_33' title='bbox 1041 535 1144 574; x_wconf 90' lang='lat' dir='ltr'>pone</span> <span class='ocrx_word' id='word_1_34' title='bbox 1163 535 1223 560; x_wconf 86' lang='lat' dir='ltr'>se-</span> 
     </span>
     <span class='ocr_line' id='line_1_8' title="bbox 153 584 1223 641; baseline -0.007 -13"><span class='ocrx_word' id='word_1_35' title='bbox 153 591 374 641; x_wconf 85' lang='lat' dir='ltr'>quebantur</span> <span class='ocrx_word' id='word_1_36' title='bbox 406 588 589 638; x_wconf 86' lang='lat' dir='ltr'>conjectis</span> <span class='ocrx_word' id='word_1_37' title='bbox 613 598 776 624; x_wconf 85' lang='lat' dir='ltr'>uxorem</span> <span class='ocrx_word' id='word_1_38' title='bbox 803 584 967 634; x_wconf 85' lang='lat' dir='ltr'>jamjam</span> <span class='ocrx_word' id='word_1_39' title='bbox 983 584 1034 623; x_wconf 91' lang='lat' dir='ltr'>ad</span> <span class='ocrx_word' id='word_1_40' title='bbox 1058 596 1223 635; x_wconf 89' lang='lat' dir='ltr'>superos</span> 
     </span>
     <span class='ocr_line' id='line_1_9' title="bbox 157 645 1224 696; baseline -0.007 -8"><span class='ocrx_word' id='word_1_41' title='bbox 157 651 370 688; x_wconf 82' lang='lat' dir='ltr'>redituram</span> <span class='ocrx_word' id='word_1_42' title='bbox 396 650 534 686; x_wconf 87' lang='lat' dir='ltr'>iterum</span> <span class='ocrx_word' id='word_1_43' title='bbox 551 648 688 687; x_wconf 89' lang='lat' dir='ltr'>amisit.</span> <span class='ocrx_word' id='word_1_44' title='bbox 712 647 840 695; x_wconf 92' lang='lat' dir='ltr'>Quum</span> <span class='ocrx_word' id='word_1_45' title='bbox 860 646 979 696; x_wconf 88' lang='lat' dir='ltr'>igitur</span> <span class='ocrx_word' id='word_1_46' title='bbox 996 645 1135 683; x_wconf 89' lang='lat' dir='ltr'>multas</span> <span class='ocrx_word' id='word_1_47' title='bbox 1153 657 1224 681; x_wconf 93' lang='lat' dir='ltr'>nu-</span> 
     </span>
     <span class='ocr_line' id='line_1_10' title="bbox 154 706 1220 761; baseline -0.006 -14"><span class='ocrx_word' id='word_1_48' title='bbox 154 711 255 761; x_wconf 88' lang='lat' dir='ltr'>ptias</span> <span class='ocrx_word' id='word_1_49' title='bbox 279 710 485 759; x_wconf 90' lang='lat' dir='ltr'>sprevisset</span> <span class='ocrx_word' id='word_1_50' title='bbox 500 708 670 757; x_wconf 85' lang='lat' dir='ltr'>aliosque</span> <span class='ocrx_word' id='word_1_51' title='bbox 689 707 847 756; x_wconf 86' lang='lat' dir='ltr'>insuper</span> <span class='ocrx_word' id='word_1_52' title='bbox 863 718 885 742; x_wconf 86' lang='lat' dir='ltr'>a</span> <span class='ocrx_word' id='word_1_53' title='bbox 905 706 1110 743; x_wconf 87' lang='lat' dir='ltr'>mulierum</span> <span class='ocrx_word' id='word_1_54' title='bbox 1127 717 1220 741; x_wconf 89' lang='lat' dir='ltr'>con-</span> 
     </span>
     <span class='ocr_line' id='line_1_11' title="bbox 151 765 1222 814; baseline -0.007 -7"><span class='ocrx_word' id='word_1_55' title='bbox 151 769 274 807; x_wconf 86' lang='lat' dir='ltr'>sortio</span> <span class='ocrx_word' id='word_1_56' title='bbox 303 775 342 806; x_wconf 93' lang='lat' dir='ltr'>et</span> <span class='ocrx_word' id='word_1_57' title='bbox 362 780 494 805; x_wconf 88' lang='lat' dir='ltr'>amore</span> <span class='ocrx_word' id='word_1_58' title='bbox 528 767 815 814; x_wconf 83' lang='lat' dir='ltr'>dehortaretur,</span> <span class='ocrx_word' id='word_1_59' title='bbox 850 765 1004 803; x_wconf 88' lang='lat' dir='ltr'>tandem</span> <span class='ocrx_word' id='word_1_60' title='bbox 1033 777 1055 802; x_wconf 90' lang='lat' dir='ltr'>a</span> <span class='ocrx_word' id='word_1_61' title='bbox 1079 765 1222 801; x_wconf 88' lang='lat' dir='ltr'>Maena-</span> 
     </span>
     <span class='ocr_line' id='line_1_12' title="bbox 152 822 1223 878; baseline -0.007 -11"><span class='ocrx_word' id='word_1_62' title='bbox 152 829 267 867; x_wconf 91' lang='lat' dir='ltr'>dibus</span> <span class='ocrx_word' id='word_1_63' title='bbox 306 828 523 878; x_wconf 90' lang='lat' dir='ltr'>discerptus</span> <span class='ocrx_word' id='word_1_64' title='bbox 560 839 640 864; x_wconf 90' lang='lat' dir='ltr'>esse</span> <span class='ocrx_word' id='word_1_65' title='bbox 679 826 863 865; x_wconf 84' lang='lat' dir='ltr'>traditur.</span> <span class='ocrx_word' id='word_1_66' title='bbox 911 823 1002 873; x_wconf 86' lang='lat' dir='ltr'>Ejus</span> <span class='ocrx_word' id='word_1_67' title='bbox 1047 822 1223 860; x_wconf 90' lang='lat' dir='ltr'>membra</span> 
     </span>
     <span class='ocr_line' id='line_1_13' title="bbox 152 886 1220 939; baseline -0.007 -13"><span class='ocrx_word' id='word_1_68' title='bbox 152 890 294 939; x_wconf 85' lang='lat' dir='ltr'>passim</span> <span class='ocrx_word' id='word_1_69' title='bbox 322 902 393 939; x_wconf 90' lang='lat' dir='ltr'>per</span> <span class='ocrx_word' id='word_1_70' title='bbox 410 901 523 939; x_wconf 86' lang='lat' dir='ltr'>agros</span> <span class='ocrx_word' id='word_1_71' title='bbox 547 899 677 937; x_wconf 86' lang='lat' dir='ltr'>sparsa</span> <span class='ocrx_word' id='word_1_72' title='bbox 691 887 806 925; x_wconf 82' lang='lat' dir='ltr'>Musae</span> <span class='ocrx_word' id='word_1_73' title='bbox 833 886 1073 935; x_wconf 88' lang='lat' dir='ltr'>collegerunt</span> <span class='ocrx_word' id='word_1_74' title='bbox 1102 890 1220 932; x_wconf 88' lang='lat' dir='ltr'>atque</span> 
     </span>
     <span class='ocr_line' id='line_1_14' title="bbox 152 942 1219 998; baseline -0.007 -11"><span class='ocrx_word' id='word_1_75' title='bbox 152 950 374 987; x_wconf 79' lang='lat' dir='ltr'>humarunt.</span> <span class='ocrx_word' id='word_1_76' title='bbox 392 950 516 998; x_wconf 89' lang='lat' dir='ltr'>Caput</span> <span class='ocrx_word' id='word_1_77' title='bbox 533 960 628 985; x_wconf 84' lang='lat' dir='ltr'>vero</span> <span class='ocrx_word' id='word_1_78' title='bbox 646 959 735 984; x_wconf 91' lang='lat' dir='ltr'>cum</span> <span class='ocrx_word' id='word_1_79' title='bbox 757 947 841 995; x_wconf 87' lang='lat' dir='ltr'>lyra</span> <span class='ocrx_word' id='word_1_80' title='bbox 861 946 903 981; x_wconf 92' lang='lat' dir='ltr'>in</span> <span class='ocrx_word' id='word_1_81' title='bbox 918 944 1093 982; x_wconf 89' lang='lat' dir='ltr'>Hebrum</span> <span class='ocrx_word' id='word_1_82' title='bbox 1112 942 1219 990; x_wconf 90' lang='lat' dir='ltr'>deje-</span> 
     </span>
     <span class='ocr_line' id='line_1_15' title="bbox 151 1003 1220 1053; baseline -0.008 -5"><span class='ocrx_word' id='word_1_83' title='bbox 151 1016 260 1048; x_wconf 82' lang='lat' dir='ltr'>ctum</span> <span class='ocrx_word' id='word_1_84' title='bbox 283 1010 325 1047; x_wconf 90' lang='lat' dir='ltr'>vi</span> <span class='ocrx_word' id='word_1_85' title='bbox 347 1007 516 1046; x_wconf 87' lang='lat' dir='ltr'>fluminis</span> <span class='ocrx_word' id='word_1_86' title='bbox 550 1007 719 1046; x_wconf 91' lang='lat' dir='ltr'>Lesbum</span> <span class='ocrx_word' id='word_1_87' title='bbox 749 1006 920 1043; x_wconf 89' lang='lat' dir='ltr'>delatum</span> <span class='ocrx_word' id='word_1_88' title='bbox 950 1011 1067 1053; x_wconf 89' lang='lat' dir='ltr'>atque</span> <span class='ocrx_word' id='word_1_89' title='bbox 1089 1003 1146 1040; x_wconf 90' lang='lat' dir='ltr'>ibi</span> <span class='ocrx_word' id='word_1_90' title='bbox 1171 1003 1220 1040; x_wconf 90' lang='lat' dir='ltr'>ab</span> 
     </span>
     <span class='ocr_line' id='line_1_16' title="bbox 153 1064 1222 1120; baseline -0.006 -14"><span class='ocrx_word' id='word_1_91' title='bbox 153 1070 293 1108; x_wconf 84' lang='lat' dir='ltr'>incolis</span> <span class='ocrx_word' id='word_1_92' title='bbox 308 1070 499 1120; x_wconf 87' lang='lat' dir='ltr'>sepultum</span> <span class='ocrx_word' id='word_1_93' title='bbox 520 1080 598 1106; x_wconf 91' lang='lat' dir='ltr'>esse</span> <span class='ocrx_word' id='word_1_94' title='bbox 625 1067 762 1105; x_wconf 90' lang='lat' dir='ltr'>dicunt</span> <span class='ocrx_word' id='word_1_95' title='bbox 784 1078 794 1105; x_wconf 73' lang='grc' dir='ltr'>ε</span> <span class='ocrx_word' id='word_1_96' title='bbox 816 1066 899 1115; x_wconf 75' lang='lat' dir='ltr'>lyra</span> <span class='ocrx_word' id='word_1_97' title='bbox 918 1071 1042 1102; x_wconf 87' lang='lat' dir='ltr'>autem</span> <span class='ocrx_word' id='word_1_98' title='bbox 1060 1076 1081 1102; x_wconf 89' lang='lat' dir='ltr'>a</span> <span class='ocrx_word' id='word_1_99' title='bbox 1104 1064 1222 1101; x_wconf 92' lang='lat' dir='ltr'>Musis</span> 
     </span>
     <span class='ocr_line' id='line_1_17' title="bbox 149 1125 1221 1179; baseline -0.007 -11"><span class='ocrx_word' id='word_1_100' title='bbox 149 1141 318 1179; x_wconf 83' lang='lat' dir='ltr'>quarum</span> <span class='ocrx_word' id='word_1_101' title='bbox 349 1129 483 1167; x_wconf 89' lang='lat' dir='ltr'>laudes</span> <span class='ocrx_word' id='word_1_102' title='bbox 504 1135 692 1178; x_wconf 89' lang='lat' dir='ltr'>perpetuo</span> <span class='ocrx_word' id='word_1_103' title='bbox 720 1126 984 1164; x_wconf 82' lang='lat' dir='ltr'>celebraverat</span> <span class='ocrx_word' id='word_1_104' title='bbox 1008 1125 1050 1161; x_wconf 91' lang='lat' dir='ltr'>in</span> <span class='ocrx_word' id='word_1_105' title='bbox 1080 1125 1221 1162; x_wconf 91' lang='lat' dir='ltr'>coelum</span> 
     </span>
     <span class='ocr_line' id='line_1_18' title="bbox 152 1184 1220 1236; baseline -0.006 -10"><span class='ocrx_word' id='word_1_106' title='bbox 152 1190 331 1227; x_wconf 83' lang='lat' dir='ltr'>translata</span> <span class='ocrx_word' id='word_1_107' title='bbox 351 1190 450 1226; x_wconf 90' lang='lat' dir='ltr'>inter</span> <span class='ocrx_word' id='word_1_108' title='bbox 468 1188 594 1225; x_wconf 91' lang='lat' dir='ltr'>sidera</span> <span class='ocrx_word' id='word_1_109' title='bbox 622 1185 757 1236; x_wconf 84' lang='lat' dir='ltr'>fulget.</span> <span class='ocrx_word' id='word_1_110' title='bbox 784 1185 945 1232; x_wconf 77' lang='lat' dir='ltr'>Narravi</span> <span class='ocrx_word' id='word_1_111' title='bbox 967 1184 1116 1221; x_wconf 86' lang='lat' dir='ltr'>fabulas</span> <span class='ocrx_word' id='word_1_112' title='bbox 1134 1185 1220 1234; x_wconf 89' lang='lat' dir='ltr'>qui-</span> 
     </span>
     <span class='ocr_line' id='line_1_19' title="bbox 152 1245 1220 1299; baseline -0.007 -12"><span class='ocrx_word' id='word_1_113' title='bbox 152 1249 224 1286; x_wconf 88' lang='lat' dir='ltr'>bus</span> <span class='ocrx_word' id='word_1_114' title='bbox 244 1249 390 1299; x_wconf 86' lang='lat' dir='ltr'>Orphei</span> <span class='ocrx_word' id='word_1_115' title='bbox 408 1260 552 1286; x_wconf 86' lang='lat' dir='ltr'>nomen</span> <span class='ocrx_word' id='word_1_116' title='bbox 576 1254 780 1297; x_wconf 91' lang='lat' dir='ltr'>poetarum</span> <span class='ocrx_word' id='word_1_117' title='bbox 802 1245 1111 1294; x_wconf 90' lang='lat' dir='ltr'>suaviloquentia</span> <span class='ocrx_word' id='word_1_118' title='bbox 1146 1245 1220 1280; x_wconf 92' lang='lat' dir='ltr'>im-</span> 
     </span>
     <span class='ocr_line' id='line_1_20' title="bbox 150 1304 1219 1353; baseline -0.006 -7"><span class='ocrx_word' id='word_1_119' title='bbox 150 1310 375 1347; x_wconf 82' lang='lat' dir='ltr'>mortalitati</span> <span class='ocrx_word' id='word_1_120' title='bbox 392 1307 704 1346; x_wconf 88' lang='lat' dir='ltr'>commendatum</span> <span class='ocrx_word' id='word_1_121' title='bbox 723 1312 789 1343; x_wconf 89' lang='lat' dir='ltr'>est.</span> <span class='ocrx_word' id='word_1_122' title='bbox 813 1306 898 1353; x_wconf 90' lang='lat' dir='ltr'>Qua</span> <span class='ocrx_word' id='word_1_123' title='bbox 915 1305 954 1341; x_wconf 91' lang='lat' dir='ltr'>in</span> <span class='ocrx_word' id='word_1_124' title='bbox 970 1317 1013 1341; x_wconf 88' lang='lat' dir='ltr'>re</span> <span class='ocrx_word' id='word_1_125' title='bbox 1038 1304 1080 1341; x_wconf 91' lang='lat' dir='ltr'>id</span> <span class='ocrx_word' id='word_1_126' title='bbox 1093 1304 1219 1341; x_wconf 88' lang='lat' dir='ltr'>solum</span> 
     </span>
    </p>
   </div>
   <div class='ocr_carea' id='block_1_5' title="bbox 150 1364 1221 1467">
    <p class='ocr_par' dir='ltr' id='par_1_5' title="bbox 150 1364 1221 1467">
     <span class='ocr_line' id='line_1_21' title="bbox 150 1364 1221 1419; baseline -0.004 -13"><span class='ocrx_word' id='word_1_127' title='bbox 150 1369 333 1419; x_wconf 87' lang='lat' dir='ltr'>spectavi,</span> <span class='ocrx_word' id='word_1_128' title='bbox 354 1375 399 1405; x_wconf 93' lang='lat' dir='ltr'>ut</span> <span class='ocrx_word' id='word_1_129' title='bbox 422 1367 667 1405; x_wconf 90' lang='lat' dir='ltr'>ostenderem</span> <span class='ocrx_word' id='word_1_130' title='bbox 689 1366 819 1402; x_wconf 90' lang='lat' dir='ltr'>omnia</span> <span class='ocrx_word' id='word_1_131' title='bbox 835 1377 919 1414; x_wconf 84' lang='lat' dir='ltr'>quae</span> <span class='ocrx_word' id='word_1_132' title='bbox 940 1364 988 1402; x_wconf 91' lang='lat' dir='ltr'>de</span> <span class='ocrx_word' id='word_1_133' title='bbox 1002 1377 1049 1401; x_wconf 93' lang='lat' dir='ltr'>eo</span> <span class='ocrx_word' id='word_1_134' title='bbox 1066 1364 1221 1414; x_wconf 89' lang='lat' dir='ltr'>prodita</span> 
     </span>
     <span class='ocr_line' id='line_1_22' title="bbox 150 1420 1221 1467; baseline -0.006 -7"><span class='ocrx_word' id='word_1_135' title='bbox 150 1430 239 1460; x_wconf 90' lang='lat' dir='ltr'>sunt</span> <span class='ocrx_word' id='word_1_136' title='bbox 266 1423 414 1460; x_wconf 89' lang='lat' dir='ltr'>incerta</span> <span class='ocrx_word' id='word_1_137' title='bbox 438 1435 515 1459; x_wconf 87' lang='lat' dir='ltr'>esse</span> <span class='ocrx_word' id='word_1_138' title='bbox 547 1429 586 1458; x_wconf 89' lang='lat' dir='ltr'>et</span> <span class='ocrx_word' id='word_1_139' title='bbox 616 1420 803 1467; x_wconf 89' lang='lat' dir='ltr'>fabulosa,</span> <span class='ocrx_word' id='word_1_140' title='bbox 830 1420 973 1466; x_wconf 80' lang='lat' dir='ltr'>vitam,</span> <span class='ocrx_word' id='word_1_141' title='bbox 995 1431 1137 1466; x_wconf 88' lang='lat' dir='ltr'>mores,</span> <span class='ocrx_word' id='word_1_142' title='bbox 1160 1431 1221 1455; x_wconf 91' lang='lat' dir='ltr'>res</span> 
     </span>
    </p>
   </div>
   <div class='ocr_carea' id='block_1_6' title="bbox 147 1480 1223 1891">
    <p class='ocr_par' dir='ltr' id='par_1_6' title="bbox 147 1480 1223 1891">
     <span class='ocr_line' id='line_1_23' title="bbox 150 1480 1221 1534; baseline -0.005 -14"><span class='ocrx_word' id='word_1_143' title='bbox 150 1490 291 1534; x_wconf 85' lang='lat' dir='ltr'>gestas,</span> <span class='ocrx_word' id='word_1_144' title='bbox 332 1483 460 1520; x_wconf 88' lang='lat' dir='ltr'>studia</span> <span class='ocrx_word' id='word_1_145' title='bbox 473 1511 484 1532; x_wconf 91' lang='lat'>,</span> <span class='ocrx_word' id='word_1_146' title='bbox 522 1481 668 1532; x_wconf 83' lang='lat' dir='ltr'>ingenii</span> <span class='ocrx_word' id='word_1_147' title='bbox 699 1486 964 1517; x_wconf 86' lang='lat' dir='ltr'>monumenta.</span> <span class='ocrx_word' id='word_1_148' title='bbox 998 1480 1054 1516; x_wconf 92' lang='lat' dir='ltr'>Ac</span> <span class='ocrx_word' id='word_1_149' title='bbox 1085 1486 1221 1516; x_wconf 85' lang='lat' dir='ltr'>caetera</span> 
     </span>
     <span class='ocr_line' id='line_1_24' title="bbox 151 1538 1218 1592; baseline -0.006 -12"><span class='ocrx_word' id='word_1_150' title='bbox 151 1542 309 1592; x_wconf 91' lang='lat' dir='ltr'>quidem</span> <span class='ocrx_word' id='word_1_151' title='bbox 338 1541 696 1592; x_wconf 81' lang='lat' dir='ltr'>praetermittamus,</span> <span class='ocrx_word' id='word_1_152' title='bbox 735 1539 904 1576; x_wconf 90' lang='lat' dir='ltr'>carmina</span> <span class='ocrx_word' id='word_1_153' title='bbox 934 1550 1029 1575; x_wconf 87' lang='lat' dir='ltr'>vero</span> <span class='ocrx_word' id='word_1_154' title='bbox 1059 1538 1218 1587; x_wconf 84' lang='lat' dir='ltr'>Orpheo</span> 
     </span>
     <span class='ocr_line' id='line_1_25' title="bbox 147 1598 1223 1653; baseline -0.006 -12"><span class='ocrx_word' id='word_1_155' title='bbox 147 1603 345 1653; x_wconf 87' lang='lat' dir='ltr'>adscripta</span> <span class='ocrx_word' id='word_1_156' title='bbox 362 1615 446 1652; x_wconf 87' lang='lat' dir='ltr'>quae</span> <span class='ocrx_word' id='word_1_157' title='bbox 460 1601 520 1638; x_wconf 87' lang='lat' dir='ltr'>vel</span> <span class='ocrx_word' id='word_1_158' title='bbox 531 1601 623 1637; x_wconf 92' lang='lat' dir='ltr'>olim</span> <span class='ocrx_word' id='word_1_159' title='bbox 637 1599 863 1637; x_wconf 83' lang='lat' dir='ltr'>exstiterunt</span> <span class='ocrx_word' id='word_1_160' title='bbox 877 1598 939 1635; x_wconf 88' lang='lat' dir='ltr'>vel</span> <span class='ocrx_word' id='word_1_161' title='bbox 951 1610 1054 1634; x_wconf 92' lang='lat' dir='ltr'>nunc</span> <span class='ocrx_word' id='word_1_162' title='bbox 1073 1604 1223 1635; x_wconf 88' lang='lat' dir='ltr'>exstant</span> 
     </span>
     <span class='ocr_line' id='line_1_26' title="bbox 148 1658 1217 1711; baseline -0.004 -11"><span class='ocrx_word' id='word_1_163' title='bbox 148 1673 365 1711; x_wconf 84' lang='lat' dir='ltr'>eorumque</span> <span class='ocrx_word' id='word_1_164' title='bbox 418 1661 630 1711; x_wconf 86' lang='lat' dir='ltr'>fragmenta</span> <span class='ocrx_word' id='word_1_165' title='bbox 678 1659 849 1696; x_wconf 88' lang='lat' dir='ltr'>breviter</span> <span class='ocrx_word' id='word_1_166' title='bbox 902 1658 1217 1708; x_wconf 72' lang='lat' dir='ltr'>perstringamus-</span> 
     </span>
     <span class='ocr_line' id='line_1_27' title="bbox 147 1717 1220 1771; baseline -0.007 -11"><span class='ocrx_word' id='word_1_167' title='bbox 147 1722 344 1771; x_wconf 80' lang='lat' dir='ltr'>Quaeritur</span> <span class='ocrx_word' id='word_1_168' title='bbox 358 1723 459 1759; x_wconf 86' lang='lat' dir='ltr'>enim</span> <span class='ocrx_word' id='word_1_169' title='bbox 473 1722 597 1757; x_wconf 86' lang='lat' dir='ltr'>sintne</span> <span class='ocrx_word' id='word_1_170' title='bbox 613 1720 758 1768; x_wconf 85' lang='lat' dir='ltr'>Orphei</span> <span class='ocrx_word' id='word_1_171' title='bbox 773 1731 823 1756; x_wconf 93' lang='lat' dir='ltr'>an</span> <span class='ocrx_word' id='word_1_172' title='bbox 833 1719 928 1755; x_wconf 90' lang='lat' dir='ltr'>alius</span> <span class='ocrx_word' id='word_1_173' title='bbox 944 1725 1082 1768; x_wconf 84' lang='lat' dir='ltr'>poetae.</span> <span class='ocrx_word' id='word_1_174' title='bbox 1098 1717 1220 1754; x_wconf 82' lang='lat' dir='ltr'>Nimi-</span> 
     </span>
     <span class='ocr_line' id='line_1_28' title="bbox 150 1778 1221 1828; baseline -0.004 -9"><span class='ocrx_word' id='word_1_175' title='bbox 150 1795 238 1819; x_wconf 73' lang='lat' dir='ltr'>rum</span> <span class='ocrx_word' id='word_1_176' title='bbox 263 1783 293 1819; x_wconf 91' lang='lat' dir='ltr'>si</span> <span class='ocrx_word' id='word_1_177' title='bbox 316 1783 572 1828; x_wconf 86' lang='lat' dir='ltr'>Aristotelem,</span> <span class='ocrx_word' id='word_1_178' title='bbox 598 1781 839 1825; x_wconf 87' lang='lat' dir='ltr'>Ciceronem,</span> <span class='ocrx_word' id='word_1_179' title='bbox 867 1778 1030 1816; x_wconf 90' lang='lat' dir='ltr'>Suidam</span> <span class='ocrx_word' id='word_1_180' title='bbox 1047 1778 1221 1827; x_wconf 80' lang='lat' dir='ltr'>aliosque</span> 
     </span>
     <span class='ocr_line' id='line_1_29' title="bbox 148 1837 1222 1891; baseline -0.005 -11"><span class='ocrx_word' id='word_1_181' title='bbox 148 1849 326 1880; x_wconf 82' lang='lat' dir='ltr'>auctores</span> <span class='ocrx_word' id='word_1_182' title='bbox 339 1843 565 1891; x_wconf 88' lang='lat' dir='ltr'>incorrupte</span> <span class='ocrx_word' id='word_1_183' title='bbox 571 1839 760 1889; x_wconf 85' lang='lat' dir='ltr'>judicasse</span> <span class='ocrx_word' id='word_1_184' title='bbox 776 1839 1049 1885; x_wconf 86' lang='lat' dir='ltr'>existimamus,</span> <span class='ocrx_word' id='word_1_185' title='bbox 1059 1837 1222 1875; x_wconf 87' lang='lat' dir='ltr'>redditis</span> 
     </span>
    </p>
   </div>
   <div class='ocr_carea' id='block_1_7' title="bbox 93 1899 1220 1953">
    <p class='ocr_par' dir='ltr' id='par_1_7' title="bbox 93 1899 1220 1953">
     <span class='ocr_line' id='line_1_30' title="bbox 93 1899 1220 1953; baseline -0.004 -13"><span class='ocrx_word' id='word_1_186' title='bbox 93 1904 96 1906; x_wconf 81' lang='grc'><strong>’</strong></span> <span class='ocrx_word' id='word_1_187' title='bbox 149 1903 226 1940; x_wconf 78' lang='lat' dir='ltr'>suis</span> <span class='ocrx_word' id='word_1_188' title='bbox 238 1903 379 1952; x_wconf 89' lang='lat' dir='ltr'>cuique</span> <span class='ocrx_word' id='word_1_189' title='bbox 394 1910 521 1953; x_wconf 83' lang='lat' dir='ltr'>poetae</span> <span class='ocrx_word' id='word_1_190' title='bbox 534 1901 705 1938; x_wconf 84' lang='lat' dir='ltr'>versibus</span> <span class='ocrx_word' id='word_1_191' title='bbox 719 1900 840 1938; x_wconf 86' lang='lat' dir='ltr'>veteri</span> <span class='ocrx_word' id='word_1_192' title='bbox 852 1901 1051 1938; x_wconf 86' lang='lat' dir='ltr'>Musarum</span> <span class='ocrx_word' id='word_1_193' title='bbox 1063 1899 1220 1936; x_wconf 89' lang='lat' dir='ltr'>alumno</span> 
     </span>
    </p>
   </div>
   <div class='ocr_carea' id='block_1_8' title="bbox 147 1959 1222 3086">
    <p class='ocr_par' dir='ltr' id='par_1_8' title="bbox 147 1959 1222 2906">
     <span class='ocr_line' id='line_1_31' title="bbox 149 1959 1222 2011; baseline -0.005 -10"><span class='ocrx_word' id='word_1_194' title='bbox 149 1976 232 2001; x_wconf 90' lang='lat' dir='ltr'>non</span> <span class='ocrx_word' id='word_1_195' title='bbox 249 1963 370 2000; x_wconf 87' lang='lat' dir='ltr'>modo</span> <span class='ocrx_word' id='word_1_196' title='bbox 397 1963 545 2000; x_wconf 90' lang='lat' dir='ltr'>nullum</span> <span class='ocrx_word' id='word_1_197' title='bbox 576 1973 734 2011; x_wconf 89' lang='lat' dir='ltr'>poema,</span> <span class='ocrx_word' id='word_1_198' title='bbox 760 1960 828 1998; x_wconf 89' lang='lat' dir='ltr'>sed</span> <span class='ocrx_word' id='word_1_199' title='bbox 855 1973 904 1997; x_wconf 90' lang='lat' dir='ltr'>ne</span> <span class='ocrx_word' id='word_1_200' title='bbox 932 1973 1033 1997; x_wconf 91' lang='lat' dir='ltr'>unus</span> <span class='ocrx_word' id='word_1_201' title='bbox 1064 1959 1222 2009; x_wconf 88' lang='lat' dir='ltr'>quidem</span> 
     </span>
     <span class='ocr_line' id='line_1_32' title="bbox 149 2019 1222 2071; baseline -0.003 -12"><span class='ocrx_word' id='word_1_202' title='bbox 149 2023 357 2059; x_wconf 77' lang='lat' dir='ltr'>versiculus</span> <span class='ocrx_word' id='word_1_203' title='bbox 364 2022 610 2071; x_wconf 88' lang='lat' dir='ltr'>relinquitur.</span> <span class='ocrx_word' id='word_1_204' title='bbox 627 2021 780 2070; x_wconf 81' lang='lat' dir='ltr'>Quippe</span> <span class='ocrx_word' id='word_1_205' title='bbox 788 2019 864 2056; x_wconf 92' lang='lat' dir='ltr'>hoc</span> <span class='ocrx_word' id='word_1_206' title='bbox 876 2019 1006 2069; x_wconf 90' lang='lat' dir='ltr'>posito</span> <span class='ocrx_word' id='word_1_207' title='bbox 1023 2019 1064 2055; x_wconf 92' lang='lat' dir='ltr'>in</span> <span class='ocrx_word' id='word_1_208' title='bbox 1077 2019 1222 2069; x_wconf 90' lang='lat' dir='ltr'>Orphei</span> 
     </span>
     <span class='ocr_line' id='line_1_33' title="bbox 150 2079 1218 2129; baseline -0.002 -11"><span class='ocrx_word' id='word_1_209' title='bbox 150 2081 281 2119; x_wconf 86' lang='lat' dir='ltr'>locum</span> <span class='ocrx_word' id='word_1_210' title='bbox 304 2082 512 2118; x_wconf 87' lang='lat' dir='ltr'>Brontinus</span> <span class='ocrx_word' id='word_1_211' title='bbox 522 2110 532 2129; x_wconf 90' lang='lat'>,</span> <span class='ocrx_word' id='word_1_212' title='bbox 571 2079 754 2129; x_wconf 89' lang='lat' dir='ltr'>Cercops,</span> <span class='ocrx_word' id='word_1_213' title='bbox 799 2080 995 2128; x_wconf 83' lang='lat' dir='ltr'>Zopyrus,</span> <span class='ocrx_word' id='word_1_214' title='bbox 1028 2080 1218 2126; x_wconf 85' lang='lat' dir='ltr'>Persinus,</span> 
     </span>
     <span class='ocr_line' id='line_1_34' title="bbox 150 2139 1221 2189; baseline -0.003 -10"><span class='ocrx_word' id='word_1_215' title='bbox 150 2142 438 2189; x_wconf 89' lang='lat' dir='ltr'>Onomacritus,</span> <span class='ocrx_word' id='word_1_216' title='bbox 453 2141 661 2187; x_wconf 84' lang='lat' dir='ltr'>Maximus,</span> <span class='ocrx_word' id='word_1_217' title='bbox 676 2140 742 2176; x_wconf 90' lang='lat' dir='ltr'>alii</span> <span class='ocrx_word' id='word_1_218' title='bbox 760 2139 971 2176; x_wconf 84' lang='lat' dir='ltr'>succedant</span> <span class='ocrx_word' id='word_1_219' title='bbox 984 2152 1135 2177; x_wconf 89' lang='lat' dir='ltr'>necesse</span> <span class='ocrx_word' id='word_1_220' title='bbox 1156 2147 1221 2177; x_wconf 90' lang='lat' dir='ltr'>est.</span> 
     </span>
     <span class='ocr_line' id='line_1_35' title="bbox 149 2197 1222 2251; baseline -0.003 -13"><span class='ocrx_word' id='word_1_221' title='bbox 149 2201 280 2250; x_wconf 81' lang='lat' dir='ltr'>Quid?</span> <span class='ocrx_word' id='word_1_222' title='bbox 298 2205 403 2251; x_wconf 86' lang='lat' dir='ltr'>quod</span> <span class='ocrx_word' id='word_1_223' title='bbox 418 2214 439 2238; x_wconf 93' lang='lat' dir='ltr'>a</span> <span class='ocrx_word' id='word_1_224' title='bbox 456 2202 521 2238; x_wconf 91' lang='lat' dir='ltr'>tali</span> <span class='ocrx_word' id='word_1_225' title='bbox 540 2200 725 2237; x_wconf 89' lang='lat' dir='ltr'>sententia</span> <span class='ocrx_word' id='word_1_226' title='bbox 744 2211 793 2236; x_wconf 91' lang='lat' dir='ltr'>ne</span> <span class='ocrx_word' id='word_1_227' title='bbox 815 2197 1036 2235; x_wconf 88' lang='lat' dir='ltr'>Herodotus</span> <span class='ocrx_word' id='word_1_228' title='bbox 1061 2197 1111 2250; x_wconf 83' lang='lat'>(8)</span> <span class='ocrx_word' id='word_1_229' title='bbox 1130 2199 1222 2249; x_wconf 77' lang='lat' dir='ltr'>qui-</span> 
     </span>
     <span class='ocr_line' id='line_1_36' title="bbox 151 2257 1221 2308; baseline -0.003 -10"><span class='ocrx_word' id='word_1_230' title='bbox 151 2261 239 2298; x_wconf 88' lang='lat' dir='ltr'>dem</span> <span class='ocrx_word' id='word_1_231' title='bbox 247 2261 489 2298; x_wconf 86' lang='lat' dir='ltr'>abhorruisse</span> <span class='ocrx_word' id='word_1_232' title='bbox 503 2260 657 2298; x_wconf 85' lang='lat' dir='ltr'>videtur</span> <span class='ocrx_word' id='word_1_233' title='bbox 666 2260 734 2299; x_wconf 89' lang='lat' dir='ltr'>lib.</span> <span class='ocrx_word' id='word_1_234' title='bbox 761 2259 812 2306; x_wconf 90' lang='lat'>11,</span> <span class='ocrx_word' id='word_1_235' title='bbox 827 2257 875 2295; x_wconf 82' lang='lat'>53</span> <span class='ocrx_word' id='word_1_236' title='bbox 890 2258 937 2295; x_wconf 95' lang='lat' dir='ltr'>de</span> <span class='ocrx_word' id='word_1_237' title='bbox 951 2259 1076 2308; x_wconf 90' lang='lat' dir='ltr'>poetis</span> <span class='ocrx_word' id='word_1_238' title='bbox 1090 2271 1221 2295; x_wconf 85' lang='lat' dir='ltr'>rerum</span> 
     </span>
     <span class='ocr_line' id='line_1_37' title="bbox 147 2318 1220 2359; baseline -0.004 0"><span class='ocrx_word' id='word_1_239' title='bbox 147 2334 345 2359; x_wconf 87' lang='lat' dir='ltr'>sacrarum</span> <span class='ocrx_word' id='word_1_240' title='bbox 358 2320 626 2358; x_wconf 89' lang='lat' dir='ltr'>inventoribus</span> <span class='ocrx_word' id='word_1_241' title='bbox 638 2320 719 2356; x_wconf 87' lang='lat' dir='ltr'>haec</span> <span class='ocrx_word' id='word_1_242' title='bbox 735 2318 890 2355; x_wconf 89' lang='lat' dir='ltr'>tradens</span> <span class='ocrx_word' id='word_1_243' title='bbox 906 2329 916 2356; x_wconf 74' lang='grc' dir='ltr'>ε</span> <span class='ocrx_word' id='word_1_244' title='bbox 932 2334 948 2352; x_wconf 71' lang='grc' dir='ltr'>α</span> <span class='ocrx_word' id='word_1_245' title='bbox 967 2318 1066 2354; x_wconf 89' lang='lat' dir='ltr'>Nam</span> <span class='ocrx_word' id='word_1_246' title='bbox 1086 2319 1220 2356; x_wconf 86' lang='lat' dir='ltr'>Hesio-</span> 
     </span>
     <span class='ocr_line' id='line_1_38' title="bbox 150 2378 1220 2432; baseline -0.005 -13"><span class='ocrx_word' id='word_1_247' title='bbox 150 2379 223 2419; x_wconf 83' lang='lat' dir='ltr'>dus</span> <span class='ocrx_word' id='word_1_248' title='bbox 233 2389 349 2432; x_wconf 90' lang='lat' dir='ltr'>atque</span> <span class='ocrx_word' id='word_1_249' title='bbox 356 2383 550 2419; x_wconf 87' lang='lat' dir='ltr'>Homerus</span> <span class='ocrx_word' id='word_1_250' title='bbox 560 2392 657 2430; x_wconf 89' lang='lat' dir='ltr'>quos</span> <span class='ocrx_word' id='word_1_251' title='bbox 668 2378 956 2428; x_wconf 85' lang='lat' dir='ltr'>quadringentis</span> <span class='ocrx_word' id='word_1_252' title='bbox 965 2391 1045 2415; x_wconf 91' lang='lat' dir='ltr'>non</span> <span class='ocrx_word' id='word_1_253' title='bbox 1056 2378 1220 2427; x_wconf 89' lang='lat' dir='ltr'>amplius</span> 
     </span>
     <span class='ocr_line' id='line_1_39' title="bbox 150 2438 1222 2490; baseline -0.004 -11"><span class='ocrx_word' id='word_1_254' title='bbox 150 2442 260 2479; x_wconf 87' lang='lat' dir='ltr'>annis</span> <span class='ocrx_word' id='word_1_255' title='bbox 279 2450 363 2479; x_wconf 89' lang='lat' dir='ltr'>ante</span> <span class='ocrx_word' id='word_1_256' title='bbox 387 2454 449 2478; x_wconf 92' lang='lat' dir='ltr'>me</span> <span class='ocrx_word' id='word_1_257' title='bbox 469 2442 608 2478; x_wconf 81' lang='lat' dir='ltr'>vixisse</span> <span class='ocrx_word' id='word_1_258' title='bbox 637 2444 791 2490; x_wconf 81' lang='lat' dir='ltr'>opinor,</span> <span class='ocrx_word' id='word_1_259' title='bbox 816 2438 873 2476; x_wconf 92' lang='lat' dir='ltr'>illi</span> <span class='ocrx_word' id='word_1_260' title='bbox 897 2439 1005 2476; x_wconf 87' lang='lat' dir='ltr'>fuere</span> <span class='ocrx_word' id='word_1_261' title='bbox 1025 2439 1093 2488; x_wconf 87' lang='lat' dir='ltr'>qui</span> <span class='ocrx_word' id='word_1_262' title='bbox 1115 2439 1222 2476; x_wconf 86' lang='lat' dir='ltr'>Grae-</span> 
     </span>
     <span class='ocr_line' id='line_1_40' title="bbox 153 2499 1220 2551; baseline -0.003 -13"><span class='ocrx_word' id='word_1_263' title='bbox 153 2502 208 2538; x_wconf 91' lang='lat' dir='ltr'>cis</span> <span class='ocrx_word' id='word_1_264' title='bbox 221 2502 471 2551; x_wconf 75' lang='lat' dir='ltr'>theogonium</span> <span class='ocrx_word' id='word_1_265' title='bbox 487 2501 663 2537; x_wconf 87' lang='lat' dir='ltr'>fecerunt</span> <span class='ocrx_word' id='word_1_266' title='bbox 676 2499 827 2548; x_wconf 89' lang='lat' dir='ltr'>diisque</span> <span class='ocrx_word' id='word_1_267' title='bbox 849 2499 1006 2548; x_wconf 86' lang='lat' dir='ltr'>singulis</span> <span class='ocrx_word' id='word_1_268' title='bbox 1023 2505 1060 2535; x_wconf 89' lang='lat' dir='ltr'>et</span> <span class='ocrx_word' id='word_1_269' title='bbox 1077 2511 1220 2548; x_wconf 83' lang='lat' dir='ltr'>cogno-</span> 
     </span>
     <span class='ocr_line' id='line_1_41' title="bbox 154 2556 1219 2607; baseline -0.002 -10"><span class='ocrx_word' id='word_1_270' title='bbox 154 2562 258 2598; x_wconf 90' lang='lat' dir='ltr'>mina</span> <span class='ocrx_word' id='word_1_271' title='bbox 273 2560 463 2597; x_wconf 91' lang='lat' dir='ltr'>dederunt</span> <span class='ocrx_word' id='word_1_272' title='bbox 480 2567 518 2596; x_wconf 90' lang='lat' dir='ltr'>et</span> <span class='ocrx_word' id='word_1_273' title='bbox 526 2560 696 2596; x_wconf 87' lang='lat' dir='ltr'>honores</span> <span class='ocrx_word' id='word_1_274' title='bbox 708 2566 822 2607; x_wconf 87' lang='lat' dir='ltr'>atque</span> <span class='ocrx_word' id='word_1_275' title='bbox 841 2556 1003 2594; x_wconf 84' lang='lat' dir='ltr'>artificia</span> <span class='ocrx_word' id='word_1_276' title='bbox 1014 2559 1219 2595; x_wconf 91' lang='lat' dir='ltr'>constitue-</span> 
     </span>
     <span class='ocr_line' id='line_1_42' title="bbox 155 2618 1221 2671; baseline -0.003 -13"><span class='ocrx_word' id='word_1_277' title='bbox 155 2629 246 2658; x_wconf 88' lang='lat' dir='ltr'>runt</span> <span class='ocrx_word' id='word_1_278' title='bbox 269 2628 308 2658; x_wconf 93' lang='lat' dir='ltr'>et</span> <span class='ocrx_word' id='word_1_279' title='bbox 337 2619 476 2671; x_wconf 84' lang='lat' dir='ltr'>figuras</span> <span class='ocrx_word' id='word_1_280' title='bbox 508 2633 644 2657; x_wconf 80' lang='lat' dir='ltr'>eorum</span> <span class='ocrx_word' id='word_1_281' title='bbox 673 2619 933 2668; x_wconf 81' lang='lat' dir='ltr'>designarunt.</span> <span class='ocrx_word' id='word_1_282' title='bbox 963 2618 1111 2666; x_wconf 89' lang='lat' dir='ltr'>Quibus</span> <span class='ocrx_word' id='word_1_283' title='bbox 1130 2619 1221 2656; x_wconf 86' lang='lat' dir='ltr'>viris</span> 
     </span>
     <span class='ocr_line' id='line_1_43' title="bbox 151 2679 1220 2731; baseline -0.002 -13"><span class='ocrx_word' id='word_1_284' title='bbox 151 2682 221 2731; x_wconf 85' lang='lat' dir='ltr'>qui</span> <span class='ocrx_word' id='word_1_285' title='bbox 239 2682 389 2731; x_wconf 86' lang='lat' dir='ltr'>priores</span> <span class='ocrx_word' id='word_1_286' title='bbox 407 2681 660 2730; x_wconf 87' lang='lat' dir='ltr'>perhibentur</span> <span class='ocrx_word' id='word_1_287' title='bbox 676 2679 859 2716; x_wconf 87' lang='lat' dir='ltr'>exstitisse</span> <span class='ocrx_word' id='word_1_288' title='bbox 869 2685 1010 2728; x_wconf 89' lang='lat' dir='ltr'>poetae,</span> <span class='ocrx_word' id='word_1_289' title='bbox 1025 2680 1220 2728; x_wconf 89' lang='lat' dir='ltr'>posterio-</span> 
     </span>
     <span class='ocr_line' id='line_1_44' title="bbox 152 2738 1220 2790; baseline -0.002 -12"><span class='ocrx_word' id='word_1_290' title='bbox 152 2753 227 2787; x_wconf 89' lang='lat' dir='ltr'>res,</span> <span class='ocrx_word' id='word_1_291' title='bbox 240 2748 285 2777; x_wconf 93' lang='lat' dir='ltr'>ut</span> <span class='ocrx_word' id='word_1_292' title='bbox 304 2753 376 2790; x_wconf 89' lang='lat' dir='ltr'>ego</span> <span class='ocrx_word' id='word_1_293' title='bbox 395 2741 551 2790; x_wconf 88' lang='lat' dir='ltr'>opinor,</span> <span class='ocrx_word' id='word_1_294' title='bbox 564 2740 637 2775; x_wconf 86' lang='lat' dir='ltr'>illis</span> <span class='ocrx_word' id='word_1_295' title='bbox 657 2738 829 2776; x_wconf 86' lang='lat' dir='ltr'>fuerunt.</span> <span class='ocrx_word' id='word_1_296' title='bbox 849 2754 864 2770; x_wconf 75' lang='lat'>=›</span> <span class='ocrx_word' id='word_1_297' title='bbox 885 2738 958 2774; x_wconf 92' lang='lat' dir='ltr'>Hic</span> <span class='ocrx_word' id='word_1_298' title='bbox 978 2738 1098 2787; x_wconf 85' lang='lat' dir='ltr'>igitur</span> <span class='ocrx_word' id='word_1_299' title='bbox 1115 2739 1220 2776; x_wconf 85' lang='lat' dir='ltr'>nulla</span> 
     </span>
     <span class='ocr_line' id='line_1_45' title="bbox 149 2797 1220 2851; baseline -0.003 -14"><span class='ocrx_word' id='word_1_300' title='bbox 149 2800 298 2850; x_wconf 88' lang='lat' dir='ltr'>Orphei</span> <span class='ocrx_word' id='word_1_301' title='bbox 317 2797 366 2851; x_wconf 91' lang='lat'>(9)</span> <span class='ocrx_word' id='word_1_302' title='bbox 391 2800 590 2835; x_wconf 85' lang='lat' dir='ltr'>mentione</span> <span class='ocrx_word' id='word_1_303' title='bbox 624 2798 726 2834; x_wconf 85' lang='lat' dir='ltr'>facta</span> <span class='ocrx_word' id='word_1_304' title='bbox 754 2798 948 2834; x_wconf 87' lang='lat' dir='ltr'>neminem</span> <span class='ocrx_word' id='word_1_305' title='bbox 981 2797 1150 2835; x_wconf 86' lang='lat' dir='ltr'>Homero</span> <span class='ocrx_word' id='word_1_306' title='bbox 1183 2805 1220 2834; x_wconf 92' lang='lat' dir='ltr'>et</span> 
     </span>
     <span class='ocr_line' id='line_1_46' title="bbox 152 2857 916 2906; baseline -0.001 -11"><span class='ocrx_word' id='word_1_307' title='bbox 152 2858 326 2895; x_wconf 85' lang='lat' dir='ltr'>Hesiodo</span> <span class='ocrx_word' id='word_1_308' title='bbox 341 2858 598 2906; x_wconf 85' lang='lat' dir='ltr'>antiquiorem</span> <span class='ocrx_word' id='word_1_309' title='bbox 614 2864 770 2906; x_wconf 87' lang='lat' dir='ltr'>poetam</span> <span class='ocrx_word' id='word_1_310' title='bbox 790 2857 916 2894; x_wconf 90' lang='lat' dir='ltr'>novit.</span> 
     </span>
    </p>

    <p class='ocr_par' dir='ltr' id='par_1_9' title="bbox 151 2915 1220 3086">
     <span class='ocr_line' id='line_1_47' title="bbox 205 2915 1218 2964; baseline -0.004 -9"><span class='ocrx_word' id='word_1_311' title='bbox 205 2919 263 2955; x_wconf 93' lang='lat' dir='ltr'>De</span> <span class='ocrx_word' id='word_1_312' title='bbox 274 2918 493 2963; x_wconf 86' lang='lat' dir='ltr'>Aristotele,</span> <span class='ocrx_word' id='word_1_313' title='bbox 504 2915 564 2964; x_wconf 90' lang='lat' dir='ltr'>cuj</span> <span class='ocrx_word' id='word_1_314' title='bbox 571 2929 615 2953; x_wconf 92' lang='lat' dir='ltr'>us</span> <span class='ocrx_word' id='word_1_315' title='bbox 623 2917 738 2953; x_wconf 90' lang='lat' dir='ltr'>verba</span> <span class='ocrx_word' id='word_1_316' title='bbox 751 2915 800 2953; x_wconf 86' lang='lat' dir='ltr'>ad</span> <span class='ocrx_word' id='word_1_317' title='bbox 811 2923 981 2953; x_wconf 88' lang='lat' dir='ltr'>nostram</span> <span class='ocrx_word' id='word_1_318' title='bbox 992 2916 1218 2952; x_wconf 89' lang='lat' dir='ltr'>memoriam</span> 
     </span>
     <span class='ocr_line' id='line_1_48' title="bbox 152 2975 1220 3026; baseline -0.003 -12"><span class='ocrx_word' id='word_1_319' title='bbox 152 2989 233 3014; x_wconf 86' lang='lat' dir='ltr'>non</span> <span class='ocrx_word' id='word_1_320' title='bbox 257 2984 502 3023; x_wconf 86' lang='lat' dir='ltr'>manserunt,</span> <span class='ocrx_word' id='word_1_321' title='bbox 551 2988 671 3026; x_wconf 90' lang='lat' dir='ltr'>quum</span> <span class='ocrx_word' id='word_1_322' title='bbox 702 2975 878 3025; x_wconf 88' lang='lat' dir='ltr'>Orphica</span> <span class='ocrx_word' id='word_1_323' title='bbox 925 2977 966 3012; x_wconf 90' lang='lat' dir='ltr'>in</span> <span class='ocrx_word' id='word_1_324' title='bbox 1008 2975 1220 3024; x_wconf 88' lang='lat' dir='ltr'>deperditis</span> 
     </span>
     <span class='ocr_line' id='line_1_49' title="bbox 151 3036 1218 3086; baseline -0.002 -12"><span class='ocrx_word' id='word_1_325' title='bbox 151 3038 303 3086; x_wconf 83' lang='lat' dir='ltr'>scriptis</span> <span class='ocrx_word' id='word_1_326' title='bbox 320 3038 402 3074; x_wconf 90' lang='lat' dir='ltr'>sine</span> <span class='ocrx_word' id='word_1_327' title='bbox 414 3037 535 3073; x_wconf 91' lang='lat' dir='ltr'>dubio</span> <span class='ocrx_word' id='word_1_328' title='bbox 548 3037 762 3074; x_wconf 88' lang='lat' dir='ltr'>accuratius</span> <span class='ocrx_word' id='word_1_329' title='bbox 777 3036 968 3083; x_wconf 87' lang='lat' dir='ltr'>tractarit,</span> <span class='ocrx_word' id='word_1_330' title='bbox 985 3036 1218 3085; x_wconf 86' lang='lat' dir='ltr'>locupletem</span> 
     </span>
    </p>
   </div>
   <div class='ocr_carea' id='block_1_9' title="bbox 152 3204 1219 3341">
    <p class='ocr_par' dir='ltr' id='par_1_10' title="bbox 152 3204 1219 3341">
     <span class='ocr_line' id='line_1_50' title="bbox 197 3204 1219 3248; baseline -0.004 -9"><span class='ocrx_word' id='word_1_331' title='bbox 197 3206 242 3248; x_wconf 90' lang='lat'>(8)</span> <span class='ocrx_word' id='word_1_332' title='bbox 266 3206 450 3239; x_wconf 74' lang='lat' dir='ltr'>Herodotus</span> <span class='ocrx_word' id='word_1_333' title='bbox 463 3206 519 3238; x_wconf 84' lang='lat' dir='ltr'>lib.</span> <span class='ocrx_word' id='word_1_334' title='bbox 537 3206 578 3247; x_wconf 88' lang='grc' dir='ltr'>Π,</span> <span class='ocrx_word' id='word_1_335' title='bbox 600 3208 660 3238; x_wconf 84' lang='lat'>53:</span> <span class='ocrx_word' id='word_1_336' title='bbox 675 3205 822 3238; x_wconf 82' lang='grc' dir='ltr'>Ἡσίοδον</span> <span class='ocrx_word' id='word_1_337' title='bbox 842 3205 901 3246; x_wconf 85' lang='grc' dir='ltr'>γὰρ</span> <span class='ocrx_word' id='word_1_338' title='bbox 921 3204 975 3236; x_wconf 87' lang='grc' dir='ltr'>καὶ</span> <span class='ocrx_word' id='word_1_339' title='bbox 990 3204 1132 3246; x_wconf 86' lang='grc' dir='ltr'>Ὅμηρον</span> <span class='ocrx_word' id='word_1_340' title='bbox 1149 3205 1219 3242; x_wconf 87' lang='grc' dir='ltr'>ἡλι-</span> 
     </span>
     <span class='ocr_line' id='line_1_51' title="bbox 152 3252 1217 3295; baseline -0.004 -8"><span class='ocrx_word' id='word_1_341' title='bbox 152 3254 225 3293; x_wconf 83' lang='grc' dir='ltr'>κίην</span> <span class='ocrx_word' id='word_1_342' title='bbox 241 3254 474 3295; x_wconf 78' lang='grc' dir='ltr'><strong>τετρακοσίοισι</strong></span> <span class='ocrx_word' id='word_1_343' title='bbox 499 3254 581 3286; x_wconf 83' lang='grc' dir='ltr'>ἔτεσι</span> <span class='ocrx_word' id='word_1_344' title='bbox 608 3253 710 3286; x_wconf 89' lang='grc' dir='ltr'>δοκέω</span> <span class='ocrx_word' id='word_1_345' title='bbox 736 3264 794 3294; x_wconf 85' lang='grc' dir='ltr'>μευ</span> <span class='ocrx_word' id='word_1_346' title='bbox 814 3253 1040 3294; x_wconf 73' lang='grc' dir='ltr'>πρεσὸυτέρους</span> <span class='ocrx_word' id='word_1_347' title='bbox 1059 3252 1217 3292; x_wconf 77' lang='grc' dir='ltr'>γενέσθαι,</span> 
     </span>
     <span class='ocr_line' id='line_1_52' title="bbox 152 3300 1218 3341; baseline -0.003 -7"><span class='ocrx_word' id='word_1_348' title='bbox 152 3301 208 3334; x_wconf 88' lang='grc' dir='ltr'>καὶ</span> <span class='ocrx_word' id='word_1_349' title='bbox 225 3301 263 3333; x_wconf 86' lang='grc' dir='ltr'>οὗ</span> <span class='ocrx_word' id='word_1_350' title='bbox 276 3301 399 3334; x_wconf 85' lang='grc' dir='ltr'>πλέοσι.</span> <span class='ocrx_word' id='word_1_351' title='bbox 415 3301 513 3333; x_wconf 80' lang='grc' dir='ltr'>Οὗτοι</span> <span class='ocrx_word' id='word_1_352' title='bbox 525 3302 558 3333; x_wconf 85' lang='grc' dir='ltr'>δέ</span> <span class='ocrx_word' id='word_1_353' title='bbox 572 3302 634 3334; x_wconf 83' lang='grc' dir='ltr'>εἰσι</span> <span class='ocrx_word' id='word_1_354' title='bbox 651 3303 682 3334; x_wconf 83' lang='grc' dir='ltr'>οἱ</span> <span class='ocrx_word' id='word_1_355' title='bbox 694 3301 882 3339; x_wconf 84' lang='grc' dir='ltr'>ποιήσαντες</span> <span class='ocrx_word' id='word_1_356' title='bbox 897 3300 1060 3341; x_wconf 85' lang='grc' dir='ltr'>θεογονίην</span> <span class='ocrx_word' id='word_1_357' title='bbox 1071 3301 1218 3338; x_wconf 79' lang='grc' dir='ltr'>Ἕλλησι,</span> 
     </span>
    </p>
   </div>
   <div class='ocr_carea' id='block_1_10' title="bbox 86 3347 1219 3390">
    <p class='ocr_par' dir='ltr' id='par_1_11' title="bbox 86 3347 1219 3390">
     <span class='ocr_line' id='line_1_53' title="bbox 86 3347 1219 3390; baseline -0.004 -8"><span class='ocrx_word' id='word_1_358' title='bbox 86 3371 96 3382; x_wconf 88' lang='grc'><em>.</em></span> <span class='ocrx_word' id='word_1_359' title='bbox 154 3349 207 3380; x_wconf 83' lang='grc' dir='ltr'>καὶ</span> <span class='ocrx_word' id='word_1_360' title='bbox 219 3350 302 3379; x_wconf 84' lang='grc' dir='ltr'>τοῖσι</span> <span class='ocrx_word' id='word_1_361' title='bbox 313 3348 410 3380; x_wconf 81' lang='grc' dir='ltr'>Θεοῖσι</span> <span class='ocrx_word' id='word_1_362' title='bbox 424 3348 479 3384; x_wconf 84' lang='grc' dir='ltr'>τὰς</span> <span class='ocrx_word' id='word_1_363' title='bbox 494 3348 674 3390; x_wconf 87' lang='grc' dir='ltr'>ἐπωνυμίας</span> <span class='ocrx_word' id='word_1_364' title='bbox 691 3347 807 3388; x_wconf 82' lang='grc' dir='ltr'>δόντες,</span> <span class='ocrx_word' id='word_1_365' title='bbox 821 3348 875 3380; x_wconf 88' lang='grc' dir='ltr'>καὶ</span> <span class='ocrx_word' id='word_1_366' title='bbox 895 3350 986 3389; x_wconf 83' lang='grc' dir='ltr'>τιμάς</span> <span class='ocrx_word' id='word_1_367' title='bbox 1000 3358 1033 3379; x_wconf 85' lang='grc' dir='ltr'>τε</span> <span class='ocrx_word' id='word_1_368' title='bbox 1044 3348 1097 3379; x_wconf 86' lang='grc' dir='ltr'>καὶ</span> <span class='ocrx_word' id='word_1_369' title='bbox 1109 3347 1219 3388; x_wconf 79' lang='grc' dir='ltr'>τέχνας</span> 
     </span>
    </p>
   </div>
   <div class='ocr_carea' id='block_1_11' title="bbox 151 3394 1221 3580">
    <p class='ocr_par' dir='ltr' id='par_1_12' title="bbox 151 3394 1221 3531">
     <span class='ocr_line' id='line_1_54' title="bbox 153 3394 1220 3438; baseline -0.001 -11"><span class='ocrx_word' id='word_1_370' title='bbox 153 3394 315 3432; x_wconf 78' lang='grc' dir='ltr'>διελόντες,</span> <span class='ocrx_word' id='word_1_371' title='bbox 335 3395 388 3426; x_wconf 87' lang='grc' dir='ltr'>καὶ</span> <span class='ocrx_word' id='word_1_372' title='bbox 406 3395 491 3427; x_wconf 78' lang='grc' dir='ltr'>εἴδεα</span> <span class='ocrx_word' id='word_1_373' title='bbox 509 3396 612 3428; x_wconf 80' lang='grc' dir='ltr'>αὐτῶν</span> <span class='ocrx_word' id='word_1_374' title='bbox 632 3396 840 3438; x_wconf 85' lang='grc' dir='ltr'>σημήναντες.</span> <span class='ocrx_word' id='word_1_375' title='bbox 862 3397 902 3428; x_wconf 90' lang='grc' dir='ltr'>Οἱ</span> <span class='ocrx_word' id='word_1_376' title='bbox 914 3396 946 3427; x_wconf 87' lang='grc' dir='ltr'>δὲ</span> <span class='ocrx_word' id='word_1_377' title='bbox 966 3395 1114 3436; x_wconf 72' lang='grc' dir='ltr'>πρότερον</span> <span class='ocrx_word' id='word_1_378' title='bbox 1127 3406 1220 3433; x_wconf 88' lang='grc' dir='ltr'>ποιη-</span> 
     </span>
     <span class='ocr_line' id='line_1_55' title="bbox 151 3442 1221 3486; baseline 0 -11"><span class='ocrx_word' id='word_1_379' title='bbox 151 3444 203 3475; x_wconf 80' lang='grc' dir='ltr'>ταὶ</span> <span class='ocrx_word' id='word_1_380' title='bbox 221 3442 382 3484; x_wconf 70' lang='grc' dir='ltr'>λεγόμενοι</span> <span class='ocrx_word' id='word_1_381' title='bbox 404 3443 523 3476; x_wconf 82' lang='grc' dir='ltr'>τούτων</span> <span class='ocrx_word' id='word_1_382' title='bbox 545 3448 607 3477; x_wconf 88' lang='grc' dir='ltr'>τῶν</span> <span class='ocrx_word' id='word_1_383' title='bbox 631 3444 751 3486; x_wconf 86' lang='grc' dir='ltr'>ἀνδρῶν</span> <span class='ocrx_word' id='word_1_384' title='bbox 768 3444 929 3486; x_wconf 77' lang='grc' dir='ltr'>γενέσθαι,</span> <span class='ocrx_word' id='word_1_385' title='bbox 948 3443 1094 3485; x_wconf 78' lang='grc' dir='ltr'>ὕστερον,</span> <span class='ocrx_word' id='word_1_386' title='bbox 1113 3443 1221 3484; x_wconf 66' lang='grc' dir='ltr'>ἔμοιγε</span> 
     </span>
     <span class='ocr_line' id='line_1_56' title="bbox 151 3491 588 3531; baseline 0 -7"><span class='ocrx_word' id='word_1_387' title='bbox 151 3491 285 3531; x_wconf 81' lang='grc' dir='ltr'>δοκέειν,</span> <span class='ocrx_word' id='word_1_388' title='bbox 303 3491 442 3531; x_wconf 82' lang='grc' dir='ltr'>ἐγένοντο</span> <span class='ocrx_word' id='word_1_389' title='bbox 458 3492 588 3525; x_wconf 74' lang='grc' dir='ltr'>τούτων.</span> 
     </span>
    </p>

    <p class='ocr_par' dir='ltr' id='par_1_13' title="bbox 200 3538 1221 3580">
     <span class='ocr_line' id='line_1_57' title="bbox 200 3538 1221 3580; baseline 0.001 -10"><span class='ocrx_word' id='word_1_390' title='bbox 200 3538 244 3580; x_wconf 78' lang='lat'>(9)</span> <span class='ocrx_word' id='word_1_391' title='bbox 266 3539 481 3579; x_wconf 74' lang='lat' dir='ltr'>Orphicorum</span> <span class='ocrx_word' id='word_1_392' title='bbox 502 3539 533 3571; x_wconf 88' lang='lat' dir='ltr'>in</span> <span class='ocrx_word' id='word_1_393' title='bbox 553 3540 639 3572; x_wconf 86' lang='lat' dir='ltr'>hunc</span> <span class='ocrx_word' id='word_1_394' title='bbox 668 3540 801 3572; x_wconf 82' lang='lat' dir='ltr'>modum</span> <span class='ocrx_word' id='word_1_395' title='bbox 828 3539 978 3572; x_wconf 84' lang='lat' dir='ltr'>meminit</span> <span class='ocrx_word' id='word_1_396' title='bbox 1000 3539 1056 3572; x_wconf 90' lang='lat' dir='ltr'>lib.</span> <span class='ocrx_word' id='word_1_397' title='bbox 1079 3540 1122 3579; x_wconf 82' lang='grc' dir='ltr'>ΙΙ,</span> <span class='ocrx_word' id='word_1_398' title='bbox 1154 3541 1189 3571; x_wconf 87' lang='lat'>81</span> <span class='ocrx_word' id='word_1_399' title='bbox 1213 3548 1221 3573; x_wconf 95' lang='lat'><strong>:</strong></span> 
     </span>
    </p>
   </div>
   <div class='ocr_carea' id='block_1_12' title="bbox 1279 342 2356 3091">
    <p class='ocr_par' dir='ltr' id='par_1_14' title="bbox 1279 342 2356 3091">
     <span class='ocr_line' id='line_1_58' title="bbox 1282 342 2350 396; baseline 0.007 -18"><span class='ocrx_word' id='word_1_400' title='bbox 1282 342 1469 379; x_wconf 90' lang='lat' dir='ltr'>habemus</span> <span class='ocrx_word' id='word_1_401' title='bbox 1496 349 1626 380; x_wconf 91' lang='lat' dir='ltr'>testem</span> <span class='ocrx_word' id='word_1_402' title='bbox 1644 344 1885 385; x_wconf 86' lang='lat' dir='ltr'>Ciceronem.</span> <span class='ocrx_word' id='word_1_403' title='bbox 1916 348 2090 396; x_wconf 87' lang='lat' dir='ltr'>Namque</span> <span class='ocrx_word' id='word_1_404' title='bbox 2114 350 2175 385; x_wconf 87' lang='lat' dir='ltr'>hic</span> <span class='ocrx_word' id='word_1_405' title='bbox 2193 351 2242 387; x_wconf 90' lang='lat' dir='ltr'>de</span> <span class='ocrx_word' id='word_1_406' title='bbox 2260 350 2350 392; x_wconf 80' lang='lat' dir='ltr'>Nat,</span> 
     </span>
     <span class='ocr_line' id='line_1_59' title="bbox 1284 402 2351 455; baseline 0.008 -17"><span class='ocrx_word' id='word_1_407' title='bbox 1284 402 1390 438; x_wconf 89' lang='lat' dir='ltr'>deor.</span> <span class='ocrx_word' id='word_1_408' title='bbox 1421 403 1454 448; x_wconf 89' lang='grc' dir='ltr'>Ι,</span> <span class='ocrx_word' id='word_1_409' title='bbox 1488 402 1537 439; x_wconf 85' lang='grc'>38</span> <span class='ocrx_word' id='word_1_410' title='bbox 1561 415 1570 441; x_wconf 87' lang='lat'>:</span> <span class='ocrx_word' id='word_1_411' title='bbox 1596 419 1610 436; x_wconf 72' lang='grc' dir='ltr'>α</span> <span class='ocrx_word' id='word_1_412' title='bbox 1630 403 1854 455; x_wconf 80' lang='lat' dir='ltr'>Orpheum,</span> <span class='ocrx_word' id='word_1_413' title='bbox 1887 406 2027 454; x_wconf 86' lang='lat' dir='ltr'>inquit,</span> <span class='ocrx_word' id='word_1_414' title='bbox 2061 415 2215 455; x_wconf 89' lang='lat' dir='ltr'>poetam</span> <span class='ocrx_word' id='word_1_415' title='bbox 2235 408 2351 446; x_wconf 89' lang='lat' dir='ltr'>docet</span> 
     </span>
     <span class='ocr_line' id='line_1_60' title="bbox 1282 459 2352 516; baseline 0.007 -18"><span class='ocrx_word' id='word_1_416' title='bbox 1282 459 1505 499; x_wconf 87' lang='lat' dir='ltr'>Aristoteles</span> <span class='ocrx_word' id='word_1_417' title='bbox 1523 474 1724 512; x_wconf 90' lang='lat' dir='ltr'>nunquam</span> <span class='ocrx_word' id='word_1_418' title='bbox 1742 462 1853 500; x_wconf 89' lang='lat' dir='ltr'>fuisse</span> <span class='ocrx_word' id='word_1_419' title='bbox 1876 471 1914 500; x_wconf 92' lang='lat' dir='ltr'>et</span> <span class='ocrx_word' id='word_1_420' title='bbox 1943 465 2018 501; x_wconf 93' lang='lat' dir='ltr'>hoc</span> <span class='ocrx_word' id='word_1_421' title='bbox 2039 467 2254 516; x_wconf 87' lang='lat' dir='ltr'>Orphicum</span> <span class='ocrx_word' id='word_1_422' title='bbox 2272 481 2352 505; x_wconf 86' lang='lat' dir='ltr'>car·</span> 
     </span>
     <span class='ocr_line' id='line_1_61' title="bbox 1282 522 2352 576; baseline 0.007 -19"><span class='ocrx_word' id='word_1_423' title='bbox 1282 533 1372 557; x_wconf 88' lang='lat' dir='ltr'>men</span> <span class='ocrx_word' id='word_1_424' title='bbox 1390 522 1623 572; x_wconf 81' lang='lat' dir='ltr'>Pythagorei</span> <span class='ocrx_word' id='word_1_425' title='bbox 1639 522 1767 559; x_wconf 88' lang='lat' dir='ltr'>ferunt</span> <span class='ocrx_word' id='word_1_426' title='bbox 1781 522 1982 571; x_wconf 85' lang='lat' dir='ltr'>cujusdam</span> <span class='ocrx_word' id='word_1_427' title='bbox 1994 524 2107 562; x_wconf 89' lang='lat' dir='ltr'>fuisse</span> <span class='ocrx_word' id='word_1_428' title='bbox 2125 527 2316 576; x_wconf 87' lang='lat' dir='ltr'>Cercopis.</span> <span class='ocrx_word' id='word_1_429' title='bbox 2336 544 2352 560; x_wconf 76' lang='grc' dir='ltr'>ι»</span> 
     </span>
     <span class='ocr_line' id='line_1_62' title="bbox 1282 580 2348 635; baseline 0.008 -19"><span class='ocrx_word' id='word_1_430' title='bbox 1282 580 1468 630; x_wconf 87' lang='lat' dir='ltr'>Congruit</span> <span class='ocrx_word' id='word_1_431' title='bbox 1489 581 1569 619; x_wconf 87' lang='lat' dir='ltr'>fere</span> <span class='ocrx_word' id='word_1_432' title='bbox 1593 594 1682 618; x_wconf 91' lang='lat' dir='ltr'>cum</span> <span class='ocrx_word' id='word_1_433' title='bbox 1702 582 1777 619; x_wconf 91' lang='lat' dir='ltr'>hoe</span> <span class='ocrx_word' id='word_1_434' title='bbox 1798 583 2019 621; x_wconf 82' lang='lat' dir='ltr'>testimonio</span> <span class='ocrx_word' id='word_1_435' title='bbox 2052 585 2134 634; x_wconf 89' lang='lat' dir='ltr'>ipsa</span> <span class='ocrx_word' id='word_1_436' title='bbox 2156 584 2348 635; x_wconf 83' lang='lat' dir='ltr'>Stagiritae</span> 
     </span>
     <span class='ocr_line' id='line_1_63' title="bbox 1283 639 2353 689; baseline 0.009 -13"><span class='ocrx_word' id='word_1_437' title='bbox 1283 641 1408 677; x_wconf 89' lang='lat' dir='ltr'>oratio</span> <span class='ocrx_word' id='word_1_438' title='bbox 1431 640 1480 678; x_wconf 90' lang='lat' dir='ltr'>de</span> <span class='ocrx_word' id='word_1_439' title='bbox 1498 640 1570 679; x_wconf 87' lang='lat' dir='ltr'>An.</span> <span class='ocrx_word' id='word_1_440' title='bbox 1592 642 1626 689; x_wconf 93' lang='lat'>1,</span> <span class='ocrx_word' id='word_1_441' title='bbox 1647 639 1668 678; x_wconf 82' lang='grc'><em>5</em></span> <span class='ocrx_word' id='word_1_442' title='bbox 1683 642 1737 679; x_wconf 90' lang='lat' dir='ltr'>sic</span> <span class='ocrx_word' id='word_1_443' title='bbox 1753 642 1956 680; x_wconf 89' lang='lat' dir='ltr'>scribentis</span> <span class='ocrx_word' id='word_1_444' title='bbox 1975 656 1984 680; x_wconf 76' lang='lat' dir='ltr'>z</span> <span class='ocrx_word' id='word_1_445' title='bbox 2002 644 2119 682; x_wconf 76' lang='grc' dir='ltr'>Τοῦτο</span> <span class='ocrx_word' id='word_1_446' title='bbox 2145 644 2181 683; x_wconf 79' lang='grc' dir='ltr'>δὲ</span> <span class='ocrx_word' id='word_1_447' title='bbox 2199 646 2353 689; x_wconf 82' lang='grc' dir='ltr'>πέπονθε</span> 
     </span>
     <span class='ocr_line' id='line_1_64' title="bbox 1282 698 2354 758; baseline 0.007 -21"><span class='ocrx_word' id='word_1_448' title='bbox 1282 698 1343 738; x_wconf 77' lang='grc' dir='ltr'>καὶ</span> <span class='ocrx_word' id='word_1_449' title='bbox 1359 700 1377 738; x_wconf 86' lang='grc' dir='ltr'>ὁ</span> <span class='ocrx_word' id='word_1_450' title='bbox 1394 699 1431 738; x_wconf 83' lang='grc' dir='ltr'>ἐν</span> <span class='ocrx_word' id='word_1_451' title='bbox 1450 704 1522 744; x_wconf 85' lang='grc' dir='ltr'>τοῖς</span> <span class='ocrx_word' id='word_1_452' title='bbox 1542 698 1726 755; x_wconf 76' lang='grc' dir='ltr'>Ὀρφικοῖς</span> <span class='ocrx_word' id='word_1_453' title='bbox 1741 699 1843 741; x_wconf 86' lang='grc' dir='ltr'>ἔπεσι</span> <span class='ocrx_word' id='word_1_454' title='bbox 1867 702 2100 753; x_wconf 84' lang='grc' dir='ltr'>καλουμένοις</span> <span class='ocrx_word' id='word_1_455' title='bbox 2128 703 2229 756; x_wconf 81' lang='grc' dir='ltr'>λόγος</span> <span class='ocrx_word' id='word_1_456' title='bbox 2241 720 2249 729; x_wconf 94' lang='grc'><em>·</em></span> <span class='ocrx_word' id='word_1_457' title='bbox 2267 705 2354 758; x_wconf 81' lang='grc' dir='ltr'>φησὶ</span> 
     </span>
     <span class='ocr_line' id='line_1_65' title="bbox 1281 759 2352 815; baseline 0.004 -16"><span class='ocrx_word' id='word_1_458' title='bbox 1281 759 1351 815; x_wconf 73' lang='grc' dir='ltr'>γὰρ</span> <span class='ocrx_word' id='word_1_459' title='bbox 1375 759 1440 809; x_wconf 77' lang='grc' dir='ltr'>τὴν</span> <span class='ocrx_word' id='word_1_460' title='bbox 1471 760 1590 815; x_wconf 80' lang='grc' dir='ltr'>ψυχὴν</span> <span class='ocrx_word' id='word_1_461' title='bbox 1624 762 1665 800; x_wconf 81' lang='grc' dir='ltr'>ἐκ</span> <span class='ocrx_word' id='word_1_462' title='bbox 1698 764 1761 801; x_wconf 79' lang='grc' dir='ltr'>τοῦ</span> <span class='ocrx_word' id='word_1_463' title='bbox 1802 761 1885 801; x_wconf 80' lang='grc' dir='ltr'>δ’λου</span> <span class='ocrx_word' id='word_1_464' title='bbox 1915 761 2062 802; x_wconf 81' lang='grc' dir='ltr'>εἰσιέναι</span> <span class='ocrx_word' id='word_1_465' title='bbox 2089 764 2352 814; x_wconf 79' lang='grc' dir='ltr'>ἀναπνεόντων,</span> 
     </span>
     <span class='ocr_line' id='line_1_66' title="bbox 1282 816 2355 876; baseline 0.004 -16"><span class='ocrx_word' id='word_1_466' title='bbox 1282 821 1479 875; x_wconf 81' lang='grc' dir='ltr'>φερομένην</span> <span class='ocrx_word' id='word_1_467' title='bbox 1497 821 1564 861; x_wconf 80' lang='grc' dir='ltr'>ὑπὸ</span> <span class='ocrx_word' id='word_1_468' title='bbox 1578 822 1647 860; x_wconf 86' lang='grc' dir='ltr'>τῶν</span> <span class='ocrx_word' id='word_1_469' title='bbox 1669 823 1824 875; x_wconf 81' lang='grc' dir='ltr'>ἀνέμων.</span> <span class='ocrx_word' id='word_1_470' title='bbox 1842 824 1923 875; x_wconf 82' lang='grc' dir='ltr'>Οὐχ</span> <span class='ocrx_word' id='word_1_471' title='bbox 1942 816 2013 861; x_wconf 73' lang='grc' dir='ltr'>οἶόν</span> <span class='ocrx_word' id='word_1_472' title='bbox 2035 839 2072 862; x_wconf 89' lang='grc' dir='ltr'>τε</span> <span class='ocrx_word' id='word_1_473' title='bbox 2093 823 2135 870; x_wconf 87' lang='grc' dir='ltr'>δὴ</span> <span class='ocrx_word' id='word_1_474' title='bbox 2155 823 2224 868; x_wconf 81' lang='grc' dir='ltr'>τοῖς</span> <span class='ocrx_word' id='word_1_475' title='bbox 2239 825 2355 876; x_wconf 74' lang='grc' dir='ltr'>φυτοῖς</span> 
     </span>
     <span class='ocr_line' id='line_1_67' title="bbox 1282 880 2352 938; baseline 0.005 -19"><span class='ocrx_word' id='word_1_476' title='bbox 1282 884 1383 920; x_wconf 79' lang='grc' dir='ltr'>τοῦτο</span> <span class='ocrx_word' id='word_1_477' title='bbox 1395 880 1602 934; x_wconf 72' lang='grc' dir='ltr'>συμὸαίνειν</span> <span class='ocrx_word' id='word_1_478' title='bbox 1618 881 1696 922; x_wconf 79' lang='grc' dir='ltr'>οὐδὲ</span> <span class='ocrx_word' id='word_1_479' title='bbox 1716 884 1787 921; x_wconf 83' lang='grc' dir='ltr'>τῶν</span> <span class='ocrx_word' id='word_1_480' title='bbox 1804 882 1902 936; x_wconf 87' lang='grc' dir='ltr'>ζῴων</span> <span class='ocrx_word' id='word_1_481' title='bbox 1920 882 2034 936; x_wconf 77' lang='grc' dir='ltr'>ἐνίοις,</span> <span class='ocrx_word' id='word_1_482' title='bbox 2049 882 2148 938; x_wconf 84' lang='grc' dir='ltr'>εἴπερ</span> <span class='ocrx_word' id='word_1_483' title='bbox 2170 883 2220 935; x_wconf 81' lang='grc' dir='ltr'>μὴ</span> <span class='ocrx_word' id='word_1_484' title='bbox 2235 884 2352 924; x_wconf 83' lang='grc' dir='ltr'>πάντα</span> 
     </span>
     <span class='ocr_line' id='line_1_68' title="bbox 1283 941 2351 998; baseline 0.006 -19"><span class='ocrx_word' id='word_1_485' title='bbox 1283 941 1532 982; x_wconf 87' lang='grc' dir='ltr'>ἀναπνέουσιν.</span> <span class='ocrx_word' id='word_1_486' title='bbox 1549 944 1667 982; x_wconf 75' lang='grc' dir='ltr'>Τοῦτο</span> <span class='ocrx_word' id='word_1_487' title='bbox 1685 942 1721 982; x_wconf 80' lang='grc' dir='ltr'>δὲ</span> <span class='ocrx_word' id='word_1_488' title='bbox 1735 941 1862 991; x_wconf 80' lang='grc' dir='ltr'>λέληθε</span> <span class='ocrx_word' id='word_1_489' title='bbox 1876 941 1955 987; x_wconf 77' lang='grc' dir='ltr'>τοὺς</span> <span class='ocrx_word' id='word_1_490' title='bbox 1972 943 2083 988; x_wconf 77' lang='grc' dir='ltr'>οὕτως</span> <span class='ocrx_word' id='word_1_491' title='bbox 2100 944 2351 998; x_wconf 77' lang='grc' dir='ltr'>ὑπειληφότας.</span> 
     </span>
     <span class='ocr_line' id='line_1_69' title="bbox 1282 1002 2353 1053; baseline 0.005 -14"><span class='ocrx_word' id='word_1_492' title='bbox 1282 1002 1345 1039; x_wconf 91' lang='lat' dir='ltr'>Ad</span> <span class='ocrx_word' id='word_1_493' title='bbox 1367 1015 1481 1052; x_wconf 91' lang='lat' dir='ltr'>quem</span> <span class='ocrx_word' id='word_1_494' title='bbox 1501 1004 1631 1041; x_wconf 91' lang='lat' dir='ltr'>locum</span> <span class='ocrx_word' id='word_1_495' title='bbox 1654 1004 1896 1053; x_wconf 87' lang='lat' dir='ltr'>Philoponus</span> <span class='ocrx_word' id='word_1_496' title='bbox 1914 1005 1994 1042; x_wconf 80' lang='lat' dir='ltr'>haec</span> <span class='ocrx_word' id='word_1_497' title='bbox 2017 1006 2216 1043; x_wconf 85' lang='lat' dir='ltr'>adnotavit</span> <span class='ocrx_word' id='word_1_498' title='bbox 2239 1019 2248 1042; x_wconf 90' lang='lat'><strong>:</strong></span> <span class='ocrx_word' id='word_1_499' title='bbox 2272 1006 2353 1045; x_wconf 88' lang='grc' dir='ltr'>Κα-</span> 
     </span>
     <span class='ocr_line' id='line_1_70' title="bbox 1282 1055 2354 1117; baseline 0.005 -18"><span class='ocrx_word' id='word_1_500' title='bbox 1282 1061 1465 1113; x_wconf 86' lang='grc' dir='ltr'>λουμένοις</span> <span class='ocrx_word' id='word_1_501' title='bbox 1476 1055 1588 1111; x_wconf 71' lang='grc' dir='ltr'>εἶπεν,</span> <span class='ocrx_word' id='word_1_502' title='bbox 1608 1060 1731 1110; x_wconf 81' lang='grc' dir='ltr'>ἐπειδὴ</span> <span class='ocrx_word' id='word_1_503' title='bbox 1747 1061 1798 1114; x_wconf 83' lang='grc' dir='ltr'>μὴ</span> <span class='ocrx_word' id='word_1_504' title='bbox 1817 1063 1913 1101; x_wconf 81' lang='grc' dir='ltr'>δοκεῖ</span> <span class='ocrx_word' id='word_1_505' title='bbox 1932 1062 2094 1117; x_wconf 81' lang='grc' dir='ltr'>Ὀρφέως</span> <span class='ocrx_word' id='word_1_506' title='bbox 2111 1058 2200 1103; x_wconf 66' lang='grc' dir='ltr'>εἶναι</span> <span class='ocrx_word' id='word_1_507' title='bbox 2213 1064 2259 1106; x_wconf 81' lang='grc' dir='ltr'>τὰ</span> <span class='ocrx_word' id='word_1_508' title='bbox 2271 1064 2354 1115; x_wconf 83' lang='grc' dir='ltr'>ἔπη,</span> 
     </span>
     <span class='ocr_line' id='line_1_71' title="bbox 1282 1120 2353 1176; baseline 0.006 -18"><span class='ocrx_word' id='word_1_509' title='bbox 1282 1121 1329 1164; x_wconf 85' lang='grc' dir='ltr'>ὡς</span> <span class='ocrx_word' id='word_1_510' title='bbox 1348 1120 1409 1159; x_wconf 77' lang='grc' dir='ltr'>καὶ</span> <span class='ocrx_word' id='word_1_511' title='bbox 1431 1121 1534 1166; x_wconf 75' lang='grc' dir='ltr'>αὐτὸς</span> <span class='ocrx_word' id='word_1_512' title='bbox 1551 1124 1585 1161; x_wconf 81' lang='grc' dir='ltr'>ἐν</span> <span class='ocrx_word' id='word_1_513' title='bbox 1602 1127 1675 1167; x_wconf 88' lang='grc' dir='ltr'>τοῖς</span> <span class='ocrx_word' id='word_1_514' title='bbox 1698 1121 1780 1175; x_wconf 81' lang='grc' dir='ltr'>περὶ</span> <span class='ocrx_word' id='word_1_515' title='bbox 1800 1122 2008 1176; x_wconf 75' lang='grc' dir='ltr'>φιλοσοφίας</span> <span class='ocrx_word' id='word_1_516' title='bbox 2035 1123 2146 1175; x_wconf 84' lang='grc' dir='ltr'>λέγει·</span> <span class='ocrx_word' id='word_1_517' title='bbox 2166 1124 2272 1164; x_wconf 78' lang='grc' dir='ltr'>αὐτοῦ</span> <span class='ocrx_word' id='word_1_518' title='bbox 2289 1124 2353 1176; x_wconf 86' lang='grc' dir='ltr'>μὲν</span> 
     </span>
     <span class='ocr_line' id='line_1_72' title="bbox 1281 1179 2354 1238; baseline 0.005 -20"><span class='ocrx_word' id='word_1_519' title='bbox 1281 1179 1350 1233; x_wconf 76' lang='grc' dir='ltr'>γάρ</span> <span class='ocrx_word' id='word_1_520' title='bbox 1367 1181 1435 1220; x_wconf 86' lang='grc' dir='ltr'>εἰσι</span> <span class='ocrx_word' id='word_1_521' title='bbox 1466 1181 1512 1221; x_wconf 86' lang='grc' dir='ltr'>τὰ</span> <span class='ocrx_word' id='word_1_522' title='bbox 1533 1181 1716 1235; x_wconf 84' lang='grc' dir='ltr'>δόγματα·</span> <span class='ocrx_word' id='word_1_523' title='bbox 1748 1185 1860 1221; x_wconf 78' lang='grc' dir='ltr'>ταῦτα</span> <span class='ocrx_word' id='word_1_524' title='bbox 1891 1181 1929 1220; x_wconf 89' lang='grc' dir='ltr'>δέ</span> <span class='ocrx_word' id='word_1_525' title='bbox 1959 1198 2065 1235; x_wconf 84' lang='grc' dir='ltr'>φησιν</span> <span class='ocrx_word' id='word_1_526' title='bbox 2094 1183 2354 1238; x_wconf 84' lang='grc' dir='ltr'>Ὀνομάκριτον</span> 
     </span>
     <span class='ocr_line' id='line_1_73' title="bbox 1282 1239 2355 1293; baseline 0.006 -16"><span class='ocrx_word' id='word_1_527' title='bbox 1282 1239 1317 1278; x_wconf 87' lang='grc' dir='ltr'>ἐν</span> <span class='ocrx_word' id='word_1_528' title='bbox 1334 1239 1436 1280; x_wconf 87' lang='grc' dir='ltr'>ἔπεσι</span> <span class='ocrx_word' id='word_1_529' title='bbox 1450 1248 1670 1282; x_wconf 85' lang='grc' dir='ltr'>κατατεῖναι.</span> <span class='ocrx_word' id='word_1_530' title='bbox 1689 1245 1774 1282; x_wconf 89' lang='lat' dir='ltr'>Jam</span> <span class='ocrx_word' id='word_1_531' title='bbox 1795 1244 1886 1280; x_wconf 89' lang='lat' dir='ltr'>licet</span> <span class='ocrx_word' id='word_1_532' title='bbox 1903 1243 2143 1293; x_wconf 86' lang='lat' dir='ltr'>Philoponus</span> <span class='ocrx_word' id='word_1_533' title='bbox 2160 1258 2239 1283; x_wconf 91' lang='lat' dir='ltr'>non</span> <span class='ocrx_word' id='word_1_534' title='bbox 2252 1245 2355 1283; x_wconf 90' lang='lat' dir='ltr'>idem</span> 
     </span>
     <span class='ocr_line' id='line_1_74' title="bbox 1282 1301 2356 1355; baseline 0.005 -17"><span class='ocrx_word' id='word_1_535' title='bbox 1282 1301 1390 1350; x_wconf 89' lang='lat' dir='ltr'>apud</span> <span class='ocrx_word' id='word_1_536' title='bbox 1406 1303 1651 1340; x_wconf 88' lang='lat' dir='ltr'>Aristotelem</span> <span class='ocrx_word' id='word_1_537' title='bbox 1662 1303 1798 1353; x_wconf 86' lang='lat' dir='ltr'>legerit</span> <span class='ocrx_word' id='word_1_538' title='bbox 1809 1303 1918 1353; x_wconf 91' lang='lat' dir='ltr'>quod</span> <span class='ocrx_word' id='word_1_539' title='bbox 1935 1304 2069 1341; x_wconf 88' lang='lat' dir='ltr'>Cicero</span> <span class='ocrx_word' id='word_1_540' title='bbox 2087 1316 2126 1341; x_wconf 93' lang='lat' dir='ltr'>se</span> <span class='ocrx_word' id='word_1_541' title='bbox 2140 1306 2356 1355; x_wconf 86' lang='lat' dir='ltr'>repperisse</span> 
     </span>
     <span class='ocr_line' id='line_1_75' title="bbox 1281 1361 2355 1413; baseline 0.005 -15"><span class='ocrx_word' id='word_1_542' title='bbox 1281 1361 1335 1398; x_wconf 91' lang='lat' dir='ltr'>ait</span> <span class='ocrx_word' id='word_1_543' title='bbox 1354 1373 1363 1400; x_wconf 91' lang='lat'>:</span> <span class='ocrx_word' id='word_1_544' title='bbox 1387 1369 1516 1399; x_wconf 91' lang='lat' dir='ltr'>tamen</span> <span class='ocrx_word' id='word_1_545' title='bbox 1533 1364 1604 1399; x_wconf 88' lang='lat' dir='ltr'>ista</span> <span class='ocrx_word' id='word_1_546' title='bbox 1621 1363 1931 1400; x_wconf 90' lang='lat' dir='ltr'>testimoniorum</span> <span class='ocrx_word' id='word_1_547' title='bbox 1951 1363 2207 1413; x_wconf 84' lang='lat' dir='ltr'>discrepantia</span> <span class='ocrx_word' id='word_1_548' title='bbox 2228 1366 2268 1401; x_wconf 88' lang='lat' dir='ltr'>in</span> <span class='ocrx_word' id='word_1_549' title='bbox 2283 1366 2355 1403; x_wconf 92' lang='lat' dir='ltr'>hac</span> 
     </span>
     <span class='ocr_line' id='line_1_76' title="bbox 1282 1422 2356 1472; baseline 0.006 -15"><span class='ocrx_word' id='word_1_550' title='bbox 1282 1422 1490 1470; x_wconf 86' lang='lat' dir='ltr'>quaestione</span> <span class='ocrx_word' id='word_1_551' title='bbox 1501 1435 1582 1459; x_wconf 91' lang='lat' dir='ltr'>non</span> <span class='ocrx_word' id='word_1_552' title='bbox 1595 1424 1725 1472; x_wconf 85' lang='lat' dir='ltr'>magni</span> <span class='ocrx_word' id='word_1_553' title='bbox 1740 1424 1925 1460; x_wconf 91' lang='lat' dir='ltr'>momenti</span> <span class='ocrx_word' id='word_1_554' title='bbox 1934 1430 2003 1469; x_wconf 90' lang='lat' dir='ltr'>est,</span> <span class='ocrx_word' id='word_1_555' title='bbox 2020 1424 2204 1472; x_wconf 90' lang='lat' dir='ltr'>quoniam</span> <span class='ocrx_word' id='word_1_556' title='bbox 2216 1425 2356 1463; x_wconf 85' lang='lat' dir='ltr'>Aristo-</span> 
     </span>
     <span class='ocr_line' id='line_1_77' title="bbox 1281 1481 2354 1535; baseline 0.006 -18"><span class='ocrx_word' id='word_1_557' title='bbox 1281 1481 1395 1518; x_wconf 91' lang='lat' dir='ltr'>telem</span> <span class='ocrx_word' id='word_1_558' title='bbox 1415 1483 1585 1532; x_wconf 87' lang='lat' dir='ltr'>Orphica</span> <span class='ocrx_word' id='word_1_559' title='bbox 1597 1496 1680 1532; x_wconf 84' lang='lat' dir='ltr'>quae</span> <span class='ocrx_word' id='word_1_560' title='bbox 1692 1483 1924 1520; x_wconf 88' lang='lat' dir='ltr'>dicebantur</span> <span class='ocrx_word' id='word_1_561' title='bbox 1939 1484 2107 1521; x_wconf 86' lang='lat' dir='ltr'>carmina</span> <span class='ocrx_word' id='word_1_562' title='bbox 2127 1485 2174 1521; x_wconf 90' lang='lat' dir='ltr'>ab</span> <span class='ocrx_word' id='word_1_563' title='bbox 2197 1485 2354 1535; x_wconf 90' lang='lat' dir='ltr'>Orpheo</span> 
     </span>
     <span class='ocr_line' id='line_1_78' title="bbox 1281 1540 2356 1592; baseline 0.006 -14"><span class='ocrx_word' id='word_1_564' title='bbox 1281 1540 1519 1589; x_wconf 90' lang='lat' dir='ltr'>abjudicasse</span> <span class='ocrx_word' id='word_1_565' title='bbox 1527 1551 1646 1592; x_wconf 87' lang='lat' dir='ltr'>patet.</span> <span class='ocrx_word' id='word_1_566' title='bbox 1662 1544 1876 1580; x_wconf 88' lang='lat' dir='ltr'>Aristotelis</span> <span class='ocrx_word' id='word_1_567' title='bbox 1889 1544 2063 1592; x_wconf 89' lang='lat' dir='ltr'>partibus</span> <span class='ocrx_word' id='word_1_568' title='bbox 2072 1544 2356 1587; x_wconf 85' lang='lat' dir='ltr'>adnumerandi</span> 
     </span>
     <span class='ocr_line' id='line_1_79' title="bbox 1282 1602 2356 1655; baseline 0.007 -18"><span class='ocrx_word' id='word_1_569' title='bbox 1282 1609 1370 1638; x_wconf 87' lang='lat' dir='ltr'>sunt</span> <span class='ocrx_word' id='word_1_570' title='bbox 1379 1615 1511 1640; x_wconf 91' lang='lat' dir='ltr'>omnes</span> <span class='ocrx_word' id='word_1_571' title='bbox 1525 1604 1551 1639; x_wconf 90' lang='lat' dir='ltr'>ii</span> <span class='ocrx_word' id='word_1_572' title='bbox 1565 1604 1646 1652; x_wconf 90' lang='lat' dir='ltr'>qui,</span> <span class='ocrx_word' id='word_1_573' title='bbox 1657 1602 1802 1651; x_wconf 84' lang='lat' dir='ltr'>rejecta</span> <span class='ocrx_word' id='word_1_574' title='bbox 1815 1604 1922 1654; x_wconf 85' lang='lat' dir='ltr'>vulgi</span> <span class='ocrx_word' id='word_1_575' title='bbox 1934 1604 2132 1653; x_wconf 88' lang='lat' dir='ltr'>opinione,</span> <span class='ocrx_word' id='word_1_576' title='bbox 2140 1617 2356 1655; x_wconf 80' lang='lat' dir='ltr'>graecorum</span> 
     </span>
     <span class='ocr_line' id='line_1_80' title="bbox 1281 1663 2353 1712; baseline 0.006 -15"><span class='ocrx_word' id='word_1_577' title='bbox 1281 1669 1505 1710; x_wconf 84' lang='lat' dir='ltr'>poematum</span> <span class='ocrx_word' id='word_1_578' title='bbox 1525 1663 1788 1712; x_wconf 88' lang='lat' dir='ltr'>antiquissima</span> <span class='ocrx_word' id='word_1_579' title='bbox 1814 1664 1977 1700; x_wconf 89' lang='lat' dir='ltr'>Homeri</span> <span class='ocrx_word' id='word_1_580' title='bbox 2007 1664 2150 1712; x_wconf 90' lang='lat' dir='ltr'>scripta</span> <span class='ocrx_word' id='word_1_581' title='bbox 2168 1677 2245 1702; x_wconf 88' lang='lat' dir='ltr'>esse</span> <span class='ocrx_word' id='word_1_582' title='bbox 2265 1678 2353 1703; x_wconf 89' lang='lat' dir='ltr'>cre·</span> 
     </span>
     <span class='ocr_line' id='line_1_81' title="bbox 1284 1716 2353 1772; baseline 0.007 -17"><span class='ocrx_word' id='word_1_583' title='bbox 1284 1718 1628 1772; x_wconf 66' lang='lat' dir='ltr'>dideruntNulgus</span> <span class='ocrx_word' id='word_1_584' title='bbox 1636 1723 1738 1758; x_wconf 89' lang='lat' dir='ltr'>enim</span> <span class='ocrx_word' id='word_1_585' title='bbox 1746 1716 2006 1771; x_wconf 85' lang='lat' dir='ltr'>Orphicorum</span> <span class='ocrx_word' id='word_1_586' title='bbox 2014 1732 2353 1762; x_wconf 88' lang='lat' dir='ltr'>monumentorum</span> 
     </span>
     <span class='ocr_line' id='line_1_82' title="bbox 1284 1780 2352 1834; baseline 0.007 -19"><span class='ocrx_word' id='word_1_587' title='bbox 1284 1780 1550 1829; x_wconf 88' lang='lat' dir='ltr'>antiquitatem</span> <span class='ocrx_word' id='word_1_588' title='bbox 1571 1781 1767 1818; x_wconf 81' lang='lat' dir='ltr'>tuebatur.</span> <span class='ocrx_word' id='word_1_589' title='bbox 1790 1782 1979 1831; x_wconf 89' lang='lat' dir='ltr'>Josephus</span> <span class='ocrx_word' id='word_1_590' title='bbox 2002 1791 2130 1820; x_wconf 90' lang='lat' dir='ltr'>contr.</span> <span class='ocrx_word' id='word_1_591' title='bbox 2155 1785 2297 1834; x_wconf 91' lang='lat' dir='ltr'>Apion.</span> <span class='ocrx_word' id='word_1_592' title='bbox 2316 1786 2352 1834; x_wconf 92' lang='lat'>1,</span> 
     </span>
     <span class='ocr_line' id='line_1_83' title="bbox 1284 1836 2355 1895; baseline 0.007 -20"><span class='ocrx_word' id='word_1_593' title='bbox 1284 1850 1306 1875; x_wconf 84' lang='lat'>2</span> <span class='ocrx_word' id='word_1_594' title='bbox 1324 1851 1364 1888; x_wconf 89' lang='lat' dir='ltr'>p.</span> <span class='ocrx_word' id='word_1_595' title='bbox 1386 1839 1464 1885; x_wconf 79' lang='lat'>438</span> <span class='ocrx_word' id='word_1_596' title='bbox 1490 1852 1501 1880; x_wconf 89' lang='lat'><strong>:</strong></span> <span class='ocrx_word' id='word_1_597' title='bbox 1526 1836 1651 1883; x_wconf 55' lang='grc' dir='ltr'>’(Ολως</span> <span class='ocrx_word' id='word_1_598' title='bbox 1675 1841 1774 1892; x_wconf 83' lang='grc' dir='ltr'>παρὰ</span> <span class='ocrx_word' id='word_1_599' title='bbox 1797 1844 1868 1884; x_wconf 85' lang='grc' dir='ltr'>τοῖς</span> <span class='ocrx_word' id='word_1_600' title='bbox 1896 1838 2075 1888; x_wconf 51' lang='grc' dir='ltr'>υΕλλησιν</span> <span class='ocrx_word' id='word_1_601' title='bbox 2104 1840 2203 1881; x_wconf 79' lang='grc' dir='ltr'>οὐδὲν</span> <span class='ocrx_word' id='word_1_602' title='bbox 2223 1843 2355 1895; x_wconf 81' lang='grc' dir='ltr'>ὁμολο-</span> 
     </span>
     <span class='ocr_line' id='line_1_84' title="bbox 1281 1897 2352 1955; baseline 0.005 -18"><span class='ocrx_word' id='word_1_603' title='bbox 1281 1897 1452 1949; x_wconf 76' lang='grc' dir='ltr'>γούμενον</span> <span class='ocrx_word' id='word_1_604' title='bbox 1490 1898 1690 1952; x_wconf 77' lang='grc' dir='ltr'>εὑρίσκεται</span> <span class='ocrx_word' id='word_1_605' title='bbox 1713 1902 1775 1947; x_wconf 77' lang='grc' dir='ltr'>τῆς</span> <span class='ocrx_word' id='word_1_606' title='bbox 1797 1898 1962 1953; x_wconf 83' lang='grc' dir='ltr'>Ὁμήρου</span> <span class='ocrx_word' id='word_1_607' title='bbox 1989 1900 2164 1949; x_wconf 83' lang='grc' dir='ltr'>ποιήσεως</span> <span class='ocrx_word' id='word_1_608' title='bbox 2192 1901 2352 1955; x_wconf 75' lang='grc' dir='ltr'>πρεσὸύ-</span> 
     </span>
     <span class='ocr_line' id='line_1_85' title="bbox 1283 1960 2353 2011; baseline 0.007 -16"><span class='ocrx_word' id='word_1_609' title='bbox 1283 1972 1397 2010; x_wconf 87' lang='grc' dir='ltr'>τερον.</span> <span class='ocrx_word' id='word_1_610' title='bbox 1419 1960 1554 1997; x_wconf 87' lang='lat' dir='ltr'>Sextus</span> <span class='ocrx_word' id='word_1_611' title='bbox 1572 1960 1791 2010; x_wconf 88' lang='lat' dir='ltr'>Empiricus</span> <span class='ocrx_word' id='word_1_612' title='bbox 1820 1968 1946 1999; x_wconf 88' lang='lat' dir='ltr'>contr.</span> <span class='ocrx_word' id='word_1_613' title='bbox 1966 1961 2136 2001; x_wconf 87' lang='lat' dir='ltr'>Gramm.</span> <span class='ocrx_word' id='word_1_614' title='bbox 2157 1963 2227 2002; x_wconf 88' lang='lat' dir='ltr'>lib.</span> <span class='ocrx_word' id='word_1_615' title='bbox 2243 1965 2279 2011; x_wconf 89' lang='lat' dir='ltr'>I,</span> <span class='ocrx_word' id='word_1_616' title='bbox 2305 1976 2353 2002; x_wconf 89' lang='lat'>10</span> 
     </span>
     <span class='ocr_line' id='line_1_86' title="bbox 1281 2017 2350 2073; baseline 0.006 -18"><span class='ocrx_word' id='word_1_617' title='bbox 1281 2030 1324 2068; x_wconf 90' lang='lat' dir='ltr'>p.</span> <span class='ocrx_word' id='word_1_618' title='bbox 1348 2017 1427 2069; x_wconf 86' lang='lat'>259</span> <span class='ocrx_word' id='word_1_619' title='bbox 1448 2032 1457 2056; x_wconf 71' lang='grc' dir='ltr'>ε</span> <span class='ocrx_word' id='word_1_620' title='bbox 1485 2017 1662 2070; x_wconf 76' lang='grc' dir='ltr'>Πίνδαρός</span> <span class='ocrx_word' id='word_1_621' title='bbox 1687 2033 1805 2072; x_wconf 88' lang='grc' dir='ltr'>φησιν,</span> <span class='ocrx_word' id='word_1_622' title='bbox 1829 2018 2052 2072; x_wconf 83' lang='grc' dir='ltr'>ἀρχαιοτάτη</span> <span class='ocrx_word' id='word_1_623' title='bbox 2073 2019 2167 2063; x_wconf 82' lang='grc' dir='ltr'>ἐστὶν</span> <span class='ocrx_word' id='word_1_624' title='bbox 2187 2024 2209 2068; x_wconf 86' lang='grc' dir='ltr'>ἡ</span> <span class='ocrx_word' id='word_1_625' title='bbox 2231 2019 2350 2073; x_wconf 81' lang='grc' dir='ltr'>Ὁμή-</span> 
     </span>
     <span class='ocr_line' id='line_1_87' title="bbox 1284 2075 2354 2134; baseline 0.005 -19"><span class='ocrx_word' id='word_1_626' title='bbox 1284 2091 1344 2130; x_wconf 91' lang='grc' dir='ltr'>ρου</span> <span class='ocrx_word' id='word_1_627' title='bbox 1365 2077 1523 2127; x_wconf 85' lang='grc' dir='ltr'>ποίησις·</span> <span class='ocrx_word' id='word_1_628' title='bbox 1556 2078 1694 2129; x_wconf 89' lang='grc' dir='ltr'>ποίημα</span> <span class='ocrx_word' id='word_1_629' title='bbox 1723 2079 1793 2132; x_wconf 76' lang='grc' dir='ltr'>γὰρ</span> <span class='ocrx_word' id='word_1_630' title='bbox 1828 2078 1924 2119; x_wconf 70' lang='grc' dir='ltr'>οὐδὲν</span> <span class='ocrx_word' id='word_1_631' title='bbox 1947 2079 2184 2134; x_wconf 71' lang='grc' dir='ltr'>πρεσῧύτερον</span> <span class='ocrx_word' id='word_1_632' title='bbox 2202 2075 2285 2128; x_wconf 69' lang='grc' dir='ltr'>ἧκεν</span> <span class='ocrx_word' id='word_1_633' title='bbox 2304 2083 2354 2128; x_wconf 88' lang='grc' dir='ltr'>εἷς</span> 
     </span>
     <span class='ocr_line' id='line_1_88' title="bbox 1282 2138 2351 2192; baseline 0.005 -17"><span class='ocrx_word' id='word_1_634' title='bbox 1282 2138 1378 2185; x_wconf 84' lang='grc' dir='ltr'>ἡμᾶς</span> <span class='ocrx_word' id='word_1_635' title='bbox 1398 2139 1460 2186; x_wconf 78' lang='grc' dir='ltr'>τῆς</span> <span class='ocrx_word' id='word_1_636' title='bbox 1482 2138 1615 2177; x_wconf 80' lang='grc' dir='ltr'>ἐκείνου</span> <span class='ocrx_word' id='word_1_637' title='bbox 1645 2138 1834 2186; x_wconf 84' lang='grc' dir='ltr'>ποιήσεως.</span> <span class='ocrx_word' id='word_1_638' title='bbox 1867 2140 2095 2178; x_wconf 86' lang='lat' dir='ltr'>Scholiastes</span> <span class='ocrx_word' id='word_1_639' title='bbox 2115 2141 2166 2179; x_wconf 90' lang='lat' dir='ltr'>ad</span> <span class='ocrx_word' id='word_1_640' title='bbox 2187 2143 2351 2192; x_wconf 86' lang='lat' dir='ltr'>Dionys.</span> 
     </span>
     <span class='ocr_line' id='line_1_89' title="bbox 1282 2198 2354 2253; baseline 0.004 -17"><span class='ocrx_word' id='word_1_641' title='bbox 1282 2198 1452 2238; x_wconf 86' lang='lat' dir='ltr'>Gramm.</span> <span class='ocrx_word' id='word_1_642' title='bbox 1471 2212 1511 2250; x_wconf 89' lang='lat' dir='ltr'>p.</span> <span class='ocrx_word' id='word_1_643' title='bbox 1535 2198 1609 2246; x_wconf 77' lang='lat'>785</span> <span class='ocrx_word' id='word_1_644' title='bbox 1626 2211 1635 2238; x_wconf 75' lang='grc' dir='ltr'>ε</span> <span class='ocrx_word' id='word_1_645' title='bbox 1652 2200 1697 2238; x_wconf 88' lang='grc' dir='ltr'>Εἰ</span> <span class='ocrx_word' id='word_1_646' title='bbox 1717 2198 1778 2237; x_wconf 78' lang='grc' dir='ltr'>καὶ</span> <span class='ocrx_word' id='word_1_647' title='bbox 1794 2199 1972 2251; x_wconf 79' lang='grc' dir='ltr'>ἱστοροῦσί</span> <span class='ocrx_word' id='word_1_648' title='bbox 1992 2215 2081 2245; x_wconf 89' lang='grc' dir='ltr'>τινες</span> <span class='ocrx_word' id='word_1_649' title='bbox 2094 2199 2243 2247; x_wconf 80' lang='grc' dir='ltr'>ποιητὰς</span> <span class='ocrx_word' id='word_1_650' title='bbox 2262 2216 2354 2253; x_wconf 81' lang='grc' dir='ltr'>προ-</span> 
     </span>
     <span class='ocr_line' id='line_1_90' title="bbox 1281 2255 2351 2312; baseline 0.005 -18"><span class='ocrx_word' id='word_1_651' title='bbox 1281 2260 1490 2309; x_wconf 78' lang='grc' dir='ltr'>γεγενῆσθαι</span> <span class='ocrx_word' id='word_1_652' title='bbox 1510 2255 1673 2311; x_wconf 79' lang='grc' dir='ltr'>Ὁμήρου</span> <span class='ocrx_word' id='word_1_653' title='bbox 1698 2258 1882 2297; x_wconf 88' lang='grc' dir='ltr'>Μουσαῖόν</span> <span class='ocrx_word' id='word_1_654' title='bbox 1904 2273 1941 2296; x_wconf 92' lang='grc' dir='ltr'>τε</span> <span class='ocrx_word' id='word_1_655' title='bbox 1958 2258 2019 2297; x_wconf 73' lang='grc' dir='ltr'>καὶ</span> <span class='ocrx_word' id='word_1_656' title='bbox 2044 2258 2184 2312; x_wconf 83' lang='grc' dir='ltr'>Ὀρφέα</span> <span class='ocrx_word' id='word_1_657' title='bbox 2202 2258 2263 2298; x_wconf 80' lang='grc' dir='ltr'>καὶ</span> <span class='ocrx_word' id='word_1_658' title='bbox 2280 2260 2351 2300; x_wconf 88' lang='grc' dir='ltr'>Λί-</span> 
     </span>
     <span class='ocr_line' id='line_1_91' title="bbox 1281 2314 2354 2370; baseline 0.004 -15"><span class='ocrx_word' id='word_1_659' title='bbox 1281 2332 1352 2365; x_wconf 89' lang='grc' dir='ltr'>νον,</span> <span class='ocrx_word' id='word_1_660' title='bbox 1374 2318 1452 2356; x_wconf 88' lang='grc' dir='ltr'>ἀλλ’</span> <span class='ocrx_word' id='word_1_661' title='bbox 1488 2314 1584 2368; x_wconf 76' lang='grc' dir='ltr'>ὅμως</span> <span class='ocrx_word' id='word_1_662' title='bbox 1619 2316 1718 2356; x_wconf 80' lang='grc' dir='ltr'>οὐδὲν</span> <span class='ocrx_word' id='word_1_663' title='bbox 1756 2317 1997 2370; x_wconf 71' lang='grc' dir='ltr'>πρεσὸύτερον</span> <span class='ocrx_word' id='word_1_664' title='bbox 2031 2320 2094 2366; x_wconf 78' lang='grc' dir='ltr'>τῆς</span> <span class='ocrx_word' id='word_1_665' title='bbox 2115 2318 2266 2364; x_wconf 84' lang='grc' dir='ltr'>Ἰλιάδος</span> <span class='ocrx_word' id='word_1_666' title='bbox 2292 2319 2354 2359; x_wconf 86' lang='grc' dir='ltr'>καὶ</span> 
     </span>
     <span class='ocr_line' id='line_1_92' title="bbox 1282 2376 2351 2432; baseline 0.004 -17"><span class='ocrx_word' id='word_1_667' title='bbox 1282 2376 1493 2421; x_wconf 86' lang='grc' dir='ltr'>Ὀδυσσείας</span> <span class='ocrx_word' id='word_1_668' title='bbox 1529 2377 1702 2423; x_wconf 85' lang='grc' dir='ltr'>σώζεσθαι</span> <span class='ocrx_word' id='word_1_669' title='bbox 1743 2377 1897 2429; x_wconf 75' lang='grc' dir='ltr'>ποίημα.</span> <span class='ocrx_word' id='word_1_670' title='bbox 1931 2377 2023 2417; x_wconf 84' lang='grc' dir='ltr'>Ἀλλ’</span> <span class='ocrx_word' id='word_1_671' title='bbox 2062 2381 2133 2432; x_wconf 83' lang='grc' dir='ltr'>ε’ρεῖ</span> <span class='ocrx_word' id='word_1_672' title='bbox 2169 2394 2235 2430; x_wconf 79' lang='grc' dir='ltr'>τις,</span> <span class='ocrx_word' id='word_1_673' title='bbox 2252 2381 2351 2429; x_wconf 82' lang='grc' dir='ltr'>πῶς;</span> 
     </span>
     <span class='ocr_line' id='line_1_93' title="bbox 1282 2435 2354 2492; baseline 0.002 -18"><span class='ocrx_word' id='word_1_674' title='bbox 1282 2436 1358 2475; x_wconf 85' lang='grc' dir='ltr'>ἐπεὶ</span> <span class='ocrx_word' id='word_1_675' title='bbox 1377 2435 1574 2490; x_wconf 84' lang='grc' dir='ltr'>γράμματα</span> <span class='ocrx_word' id='word_1_676' title='bbox 1604 2435 1776 2482; x_wconf 87' lang='grc' dir='ltr'>σώζονται</span> <span class='ocrx_word' id='word_1_677' title='bbox 1808 2436 2055 2491; x_wconf 78' lang='grc' dir='ltr'>πρεσὸύτερα;</span> <span class='ocrx_word' id='word_1_678' title='bbox 2078 2437 2140 2477; x_wconf 88' lang='grc' dir='ltr'>καί</span> <span class='ocrx_word' id='word_1_679' title='bbox 2160 2453 2277 2492; x_wconf 86' lang='grc' dir='ltr'>φαμεν</span> <span class='ocrx_word' id='word_1_680' title='bbox 2298 2437 2354 2478; x_wconf 81' lang='grc' dir='ltr'>ὅτι</span> 
     </span>
     <span class='ocr_line' id='line_1_94' title="bbox 1282 2495 2353 2551; baseline 0.003 -17"><span class='ocrx_word' id='word_1_681' title='bbox 1282 2495 1325 2535; x_wconf 84' lang='grc' dir='ltr'>τὰ</span> <span class='ocrx_word' id='word_1_682' title='bbox 1347 2495 1412 2547; x_wconf 86' lang='grc' dir='ltr'>μὲν</span> <span class='ocrx_word' id='word_1_683' title='bbox 1433 2495 1566 2535; x_wconf 81' lang='grc' dir='ltr'>τούτων</span> <span class='ocrx_word' id='word_1_684' title='bbox 1587 2496 1822 2550; x_wconf 81' lang='grc' dir='ltr'>ε’ψευσμένους</span> <span class='ocrx_word' id='word_1_685' title='bbox 1836 2497 1959 2550; x_wconf 80' lang='grc' dir='ltr'>ἔχουσι</span> <span class='ocrx_word' id='word_1_686' title='bbox 1975 2496 2054 2542; x_wconf 82' lang='grc' dir='ltr'>τοὺς</span> <span class='ocrx_word' id='word_1_687' title='bbox 2071 2496 2230 2551; x_wconf 85' lang='grc' dir='ltr'>χρόνους,</span> <span class='ocrx_word' id='word_1_688' title='bbox 2250 2497 2295 2537; x_wconf 74' lang='grc' dir='ltr'>τὰ</span> <span class='ocrx_word' id='word_1_689' title='bbox 2314 2497 2353 2537; x_wconf 80' lang='grc' dir='ltr'>δὲ</span> 
     </span>
     <span class='ocr_line' id='line_1_95' title="bbox 1281 2555 2354 2610; baseline 0.002 -15"><span class='ocrx_word' id='word_1_690' title='bbox 1281 2555 1460 2610; x_wconf 82' lang='grc' dir='ltr'>νεωτέρων</span> <span class='ocrx_word' id='word_1_691' title='bbox 1482 2557 1586 2596; x_wconf 83' lang='grc' dir='ltr'>τινῶν</span> <span class='ocrx_word' id='word_1_692' title='bbox 1610 2556 1761 2610; x_wconf 76' lang='grc' dir='ltr'>ἐχόντων</span> <span class='ocrx_word' id='word_1_693' title='bbox 1784 2557 1991 2608; x_wconf 86' lang='grc' dir='ltr'>ὁμωνυμίας</span> <span class='ocrx_word' id='word_1_694' title='bbox 2015 2560 2086 2596; x_wconf 80' lang='grc' dir='ltr'>τῶν</span> <span class='ocrx_word' id='word_1_695' title='bbox 2107 2559 2272 2597; x_wconf 83' lang='grc' dir='ltr'>παλαιῶν</span> <span class='ocrx_word' id='word_1_696' title='bbox 2291 2557 2354 2603; x_wconf 82' lang='grc' dir='ltr'>τὰς</span> 
     </span>
     <span class='ocr_line' id='line_1_96' title="bbox 1281 2614 2351 2670; baseline 0.005 -16"><span class='ocrx_word' id='word_1_697' title='bbox 1281 2614 1479 2670; x_wconf 82' lang='grc' dir='ltr'>ἐπιγραφὰς</span> <span class='ocrx_word' id='word_1_698' title='bbox 1497 2615 1628 2670; x_wconf 79' lang='grc' dir='ltr'>ἔχουσι.</span> <span class='ocrx_word' id='word_1_699' title='bbox 1650 2619 1877 2656; x_wconf 84' lang='lat' dir='ltr'>Scholiastes</span> <span class='ocrx_word' id='word_1_700' title='bbox 1894 2619 1944 2656; x_wconf 86' lang='lat' dir='ltr'>ad</span> <span class='ocrx_word' id='word_1_701' title='bbox 1959 2619 2167 2656; x_wconf 85' lang='lat' dir='ltr'>Aristidem</span> <span class='ocrx_word' id='word_1_702' title='bbox 2181 2633 2222 2669; x_wconf 89' lang='lat' dir='ltr'>p.</span> <span class='ocrx_word' id='word_1_703' title='bbox 2241 2619 2317 2657; x_wconf 84' lang='lat'>206</span> <span class='ocrx_word' id='word_1_704' title='bbox 2340 2629 2351 2659; x_wconf 71' lang='lat' dir='ltr'>t</span> 
     </span>
     <span class='ocr_line' id='line_1_97' title="bbox 1282 2676 2348 2732; baseline 0.001 -16"><span class='ocrx_word' id='word_1_705' title='bbox 1282 2676 1315 2716; x_wconf 78' lang='lat' dir='ltr'>&#39;A</span> <span class='ocrx_word' id='word_1_706' title='bbox 1323 2676 1531 2730; x_wconf 81' lang='grc' dir='ltr'>ρχαιότατός</span> <span class='ocrx_word' id='word_1_707' title='bbox 1547 2678 1640 2717; x_wconf 83' lang='grc' dir='ltr'>ἔστιν</span> <span class='ocrx_word' id='word_1_708' title='bbox 1653 2676 1865 2732; x_wconf 50' lang='grc' dir='ltr'>ὁθΟμηρος,</span> <span class='ocrx_word' id='word_1_709' title='bbox 1876 2680 1922 2723; x_wconf 82' lang='grc' dir='ltr'>ὡς</span> <span class='ocrx_word' id='word_1_710' title='bbox 1936 2677 2053 2730; x_wconf 85' lang='grc' dir='ltr'>ἴσμεν.</span> <span class='ocrx_word' id='word_1_711' title='bbox 2072 2680 2118 2718; x_wconf 81' lang='grc' dir='ltr'>Εἰ</span> <span class='ocrx_word' id='word_1_712' title='bbox 2134 2678 2169 2717; x_wconf 82' lang='grc' dir='ltr'>δέ</span> <span class='ocrx_word' id='word_1_713' title='bbox 2185 2695 2235 2724; x_wconf 88' lang='grc' dir='ltr'>τις</span> <span class='ocrx_word' id='word_1_714' title='bbox 2250 2678 2348 2732; x_wconf 78' lang='grc' dir='ltr'>εἴπῃ,</span> 
     </span>
     <span class='ocr_line' id='line_1_98' title="bbox 1281 2736 2351 2792; baseline 0.002 -17"><span class='ocrx_word' id='word_1_715' title='bbox 1281 2736 1427 2789; x_wconf 77' lang='grc' dir='ltr'>καὶμὴν</span> <span class='ocrx_word' id='word_1_716' title='bbox 1447 2736 1515 2790; x_wconf 80' lang='grc' dir='ltr'>πρὸ</span> <span class='ocrx_word' id='word_1_717' title='bbox 1547 2738 1655 2777; x_wconf 79' lang='grc' dir='ltr'>αὐτοῦ</span> <span class='ocrx_word' id='word_1_718' title='bbox 1687 2737 1828 2791; x_wconf 87' lang='grc' dir='ltr'>γέγονεν</span> <span class='ocrx_word' id='word_1_719' title='bbox 1859 2737 2035 2792; x_wconf 80' lang='grc' dir='ltr'>Ὀρφεύς,</span> <span class='ocrx_word' id='word_1_720' title='bbox 2062 2739 2131 2792; x_wconf 77' lang='grc' dir='ltr'>πρὸ</span> <span class='ocrx_word' id='word_1_721' title='bbox 2159 2740 2265 2778; x_wconf 76' lang='grc' dir='ltr'>αὖτοῧ</span> <span class='ocrx_word' id='word_1_722' title='bbox 2287 2738 2351 2790; x_wconf 83' lang='grc' dir='ltr'>μὲν</span> 
     </span>
     <span class='ocr_line' id='line_1_99' title="bbox 1281 2796 2352 2852; baseline 0.002 -17"><span class='ocrx_word' id='word_1_723' title='bbox 1281 2797 1402 2850; x_wconf 83' lang='grc' dir='ltr'>γέγονε</span> <span class='ocrx_word' id='word_1_724' title='bbox 1412 2827 1422 2846; x_wconf 95' lang='grc'>,</span> <span class='ocrx_word' id='word_1_725' title='bbox 1443 2796 1488 2836; x_wconf 83' lang='grc' dir='ltr'>τὰ</span> <span class='ocrx_word' id='word_1_726' title='bbox 1505 2796 1542 2836; x_wconf 84' lang='grc' dir='ltr'>δὲ</span> <span class='ocrx_word' id='word_1_727' title='bbox 1554 2796 1716 2849; x_wconf 86' lang='grc' dir='ltr'>δόγματα</span> <span class='ocrx_word' id='word_1_728' title='bbox 1732 2797 1893 2851; x_wconf 83' lang='grc' dir='ltr'>Ὀρφέως</span> <span class='ocrx_word' id='word_1_729' title='bbox 1905 2798 2162 2852; x_wconf 83' lang='grc' dir='ltr'>Ὀνομάκριτος</span> <span class='ocrx_word' id='word_1_730' title='bbox 2174 2798 2352 2850; x_wconf 67' lang='grc' dir='ltr'>μετέὸαλε</span> 
     </span>
     <span class='ocr_line' id='line_1_100' title="bbox 1281 2855 2353 2912; baseline 0 -16"><span class='ocrx_word' id='word_1_731' title='bbox 1281 2856 1328 2896; x_wconf 88' lang='grc' dir='ltr'>δι’</span> <span class='ocrx_word' id='word_1_732' title='bbox 1346 2859 1453 2896; x_wconf 82' lang='grc' dir='ltr'>ἐπῶν·</span> <span class='ocrx_word' id='word_1_733' title='bbox 1476 2855 1537 2896; x_wconf 74' lang='grc' dir='ltr'>καὶ</span> <span class='ocrx_word' id='word_1_734' title='bbox 1555 2856 1738 2911; x_wconf 86' lang='grc' dir='ltr'>Αἰσχίνης,</span> <span class='ocrx_word' id='word_1_735' title='bbox 1758 2857 1860 2903; x_wconf 86' lang='grc' dir='ltr'>Λέξω</span> <span class='ocrx_word' id='word_1_736' title='bbox 1880 2857 1961 2912; x_wconf 79' lang='grc' dir='ltr'>περὶ</span> <span class='ocrx_word' id='word_1_737' title='bbox 1983 2858 2147 2911; x_wconf 80' lang='grc' dir='ltr'>Ὁμήρου</span> <span class='ocrx_word' id='word_1_738' title='bbox 2169 2857 2207 2897; x_wconf 88' lang='grc' dir='ltr'>ὃν</span> <span class='ocrx_word' id='word_1_739' title='bbox 2230 2860 2265 2897; x_wconf 81' lang='grc' dir='ltr'>ἐν</span> <span class='ocrx_word' id='word_1_740' title='bbox 2282 2860 2353 2902; x_wconf 89' lang='grc' dir='ltr'>τοῖς</span> 
     </span>
     <span class='ocr_line' id='line_1_101' title="bbox 1280 2914 2350 2971; baseline 0.002 -16"><span class='ocrx_word' id='word_1_741' title='bbox 1280 2915 1538 2970; x_wconf 71' lang='grc' dir='ltr'>πρεσὸυτάτοις</span> <span class='ocrx_word' id='word_1_742' title='bbox 1558 2916 1619 2956; x_wconf 69' lang='grc' dir='ltr'>καὶ</span> <span class='ocrx_word' id='word_1_743' title='bbox 1641 2918 1857 2971; x_wconf 82' lang='grc' dir='ltr'>σοφωτάτοις</span> <span class='ocrx_word' id='word_1_744' title='bbox 1885 2920 1954 2958; x_wconf 80' lang='grc' dir='ltr'>τῶν</span> <span class='ocrx_word' id='word_1_745' title='bbox 1977 2922 2133 2966; x_wconf 85' lang='grc' dir='ltr'>ποιητῶν</span> <span class='ocrx_word' id='word_1_746' title='bbox 2152 2914 2330 2970; x_wconf 73' lang='grc' dir='ltr'>τάττομεν</span> <span class='ocrx_word' id='word_1_747' title='bbox 2343 2933 2350 2942; x_wconf 92' lang='grc'>·</span> 
     </span>
     <span class='ocr_line' id='line_1_102' title="bbox 1279 2974 2350 3031; baseline 0.001 -17"><span class='ocrx_word' id='word_1_748' title='bbox 1279 2976 1302 3024; x_wconf 85' lang='grc' dir='ltr'>ἢ</span> <span class='ocrx_word' id='word_1_749' title='bbox 1324 2974 1377 3015; x_wconf 80' lang='grc' dir='ltr'>ὅτι</span> <span class='ocrx_word' id='word_1_750' title='bbox 1396 2975 1525 3031; x_wconf 85' lang='grc' dir='ltr'>κυρίως</span> <span class='ocrx_word' id='word_1_751' title='bbox 1550 2975 1691 3026; x_wconf 83' lang='grc' dir='ltr'>ποίησίς</span> <span class='ocrx_word' id='word_1_752' title='bbox 1722 2979 1816 3018; x_wconf 85' lang='grc' dir='ltr'>ἐστιν</span> <span class='ocrx_word' id='word_1_753' title='bbox 1844 2981 1866 3025; x_wconf 86' lang='grc' dir='ltr'>ἡ</span> <span class='ocrx_word' id='word_1_754' title='bbox 1891 2977 1981 3029; x_wconf 83' lang='grc' dir='ltr'>μετὰ</span> <span class='ocrx_word' id='word_1_755' title='bbox 2003 2977 2189 3030; x_wconf 83' lang='grc' dir='ltr'>μιμήσεώς</span> <span class='ocrx_word' id='word_1_756' title='bbox 2216 2976 2350 3025; x_wconf 81' lang='grc' dir='ltr'>τινοςῆ</span> 
     </span>
     <span class='ocr_line' id='line_1_103' title="bbox 1281 3035 2350 3091; baseline 0.001 -16"><span class='ocrx_word' id='word_1_757' title='bbox 1281 3035 1373 3087; x_wconf 81' lang='grc' dir='ltr'>μετὰ</span> <span class='ocrx_word' id='word_1_758' title='bbox 1384 3036 1584 3090; x_wconf 85' lang='grc' dir='ltr'>οἰκονομίας</span> <span class='ocrx_word' id='word_1_759' title='bbox 1597 3036 1657 3077; x_wconf 83' lang='grc' dir='ltr'>καὶ</span> <span class='ocrx_word' id='word_1_760' title='bbox 1669 3039 1857 3086; x_wconf 77' lang='grc' dir='ltr'>διασκευῆς</span> <span class='ocrx_word' id='word_1_761' title='bbox 1870 3037 1932 3078; x_wconf 76' lang='grc' dir='ltr'>καὶ</span> <span class='ocrx_word' id='word_1_762' title='bbox 1948 3038 2065 3091; x_wconf 83' lang='grc' dir='ltr'>μύθων</span> <span class='ocrx_word' id='word_1_763' title='bbox 2076 3039 2111 3077; x_wconf 84' lang='grc' dir='ltr'>ἐν</span> <span class='ocrx_word' id='word_1_764' title='bbox 2127 3036 2229 3077; x_wconf 86' lang='grc' dir='ltr'>ἔπεσι</span> <span class='ocrx_word' id='word_1_765' title='bbox 2241 3036 2350 3083; x_wconf 83' lang='grc' dir='ltr'>τάξις·</span> 
     </span>
    </p>
   </div>
   <div class='ocr_carea' id='block_1_13' title="bbox 1280 3199 2351 3625">
    <p class='ocr_par' dir='ltr' id='par_1_15' title="bbox 1280 3199 2351 3625">
     <span class='ocr_line' id='line_1_104' title="bbox 1282 3199 2351 3247; baseline -0.002 -10"><span class='ocrx_word' id='word_1_766' title='bbox 1282 3204 1485 3238; x_wconf 82' lang='grc' dir='ltr'>Ἐνδεδύκασι</span> <span class='ocrx_word' id='word_1_767' title='bbox 1500 3205 1532 3238; x_wconf 83' lang='grc' dir='ltr'>δὲ</span> <span class='ocrx_word' id='word_1_768' title='bbox 1543 3206 1675 3242; x_wconf 72' lang='grc' dir='ltr'>κιθῶνας</span> <span class='ocrx_word' id='word_1_769' title='bbox 1685 3205 1802 3242; x_wconf 85' lang='grc' dir='ltr'>λινέους</span> <span class='ocrx_word' id='word_1_770' title='bbox 1817 3206 1885 3247; x_wconf 74' lang='grc' dir='ltr'>περὶ</span> <span class='ocrx_word' id='word_1_771' title='bbox 1898 3205 1938 3237; x_wconf 77' lang='grc' dir='ltr'>τὰ</span> <span class='ocrx_word' id='word_1_772' title='bbox 1950 3206 2064 3237; x_wconf 82' lang='grc' dir='ltr'>σκέλεα</span> <span class='ocrx_word' id='word_1_773' title='bbox 2075 3203 2286 3244; x_wconf 81' lang='grc' dir='ltr'>θυσανωτούς,</span> <span class='ocrx_word' id='word_1_774' title='bbox 2298 3199 2351 3241; x_wconf 78' lang='grc' dir='ltr'>οὓς</span> 
     </span>
     <span class='ocr_line' id='line_1_105' title="bbox 1280 3251 2350 3295; baseline -0.003 -10"><span class='ocrx_word' id='word_1_775' title='bbox 1280 3253 1430 3285; x_wconf 80' lang='grc' dir='ltr'>καλέουσι</span> <span class='ocrx_word' id='word_1_776' title='bbox 1455 3253 1637 3295; x_wconf 88' lang='grc' dir='ltr'>καλασίρις·</span> <span class='ocrx_word' id='word_1_777' title='bbox 1666 3254 1716 3285; x_wconf 77' lang='grc' dir='ltr'>ἐπὶ</span> <span class='ocrx_word' id='word_1_778' title='bbox 1746 3252 1886 3285; x_wconf 82' lang='grc' dir='ltr'>τούτοισι</span> <span class='ocrx_word' id='word_1_779' title='bbox 1920 3253 1952 3284; x_wconf 85' lang='grc' dir='ltr'>δὲ</span> <span class='ocrx_word' id='word_1_780' title='bbox 1976 3253 2090 3294; x_wconf 77' lang='grc' dir='ltr'>εἰρίνεα</span> <span class='ocrx_word' id='word_1_781' title='bbox 2110 3253 2225 3293; x_wconf 80' lang='grc' dir='ltr'>εἵματα</span> <span class='ocrx_word' id='word_1_782' title='bbox 2253 3251 2350 3283; x_wconf 77' lang='grc' dir='ltr'>λευκὰ</span> 
     </span>
     <span class='ocr_line' id='line_1_106' title="bbox 1284 3298 2349 3343; baseline -0.002 -11"><span class='ocrx_word' id='word_1_783' title='bbox 1284 3301 1499 3339; x_wconf 71' lang='grc' dir='ltr'>ἐπαναὸληδὸν</span> <span class='ocrx_word' id='word_1_784' title='bbox 1517 3302 1678 3343; x_wconf 86' lang='grc' dir='ltr'>φορέουσι.</span> <span class='ocrx_word' id='word_1_785' title='bbox 1694 3301 1743 3333; x_wconf 83' lang='grc' dir='ltr'>Οὐ</span> <span class='ocrx_word' id='word_1_786' title='bbox 1757 3301 1862 3342; x_wconf 85' lang='grc' dir='ltr'>μέντοι</span> <span class='ocrx_word' id='word_1_787' title='bbox 1877 3301 1906 3337; x_wconf 85' lang='grc' dir='ltr'>ἔς</span> <span class='ocrx_word' id='word_1_788' title='bbox 1923 3312 1958 3341; x_wconf 88' lang='grc' dir='ltr'>γε</span> <span class='ocrx_word' id='word_1_789' title='bbox 1975 3301 2013 3332; x_wconf 82' lang='grc' dir='ltr'>τα</span> <span class='ocrx_word' id='word_1_790' title='bbox 2031 3301 2082 3341; x_wconf 73' lang='grc' dir='ltr'>ἱρὰ</span> <span class='ocrx_word' id='word_1_791' title='bbox 2105 3301 2259 3341; x_wconf 74' lang='grc' dir='ltr'>ἐςφέρεται</span> <span class='ocrx_word' id='word_1_792' title='bbox 2276 3298 2349 3340; x_wconf 84' lang='grc' dir='ltr'>εἰρί-</span> 
     </span>
     <span class='ocr_line' id='line_1_107' title="bbox 1281 3347 2349 3390; baseline -0.002 -10"><span class='ocrx_word' id='word_1_793' title='bbox 1281 3359 1355 3388; x_wconf 87' lang='grc' dir='ltr'>νεα,</span> <span class='ocrx_word' id='word_1_794' title='bbox 1371 3349 1442 3381; x_wconf 86' lang='grc' dir='ltr'>οὐδὲ</span> <span class='ocrx_word' id='word_1_795' title='bbox 1466 3349 1764 3387; x_wconf 79' lang='grc' dir='ltr'>συγκαταθάπτεταί</span> <span class='ocrx_word' id='word_1_796' title='bbox 1781 3358 1853 3390; x_wconf 85' lang='grc' dir='ltr'>σφι·</span> <span class='ocrx_word' id='word_1_797' title='bbox 1876 3348 1913 3380; x_wconf 83' lang='grc' dir='ltr'>οὗ</span> <span class='ocrx_word' id='word_1_798' title='bbox 1932 3348 1992 3390; x_wconf 82' lang='grc' dir='ltr'>γὰρ</span> <span class='ocrx_word' id='word_1_799' title='bbox 2006 3349 2106 3381; x_wconf 82' lang='grc' dir='ltr'>ὅσιον.</span> <span class='ocrx_word' id='word_1_800' title='bbox 2121 3347 2349 3389; x_wconf 78' lang='grc' dir='ltr'>Ὁμολογέουσι</span> 
     </span>
     <span class='ocr_line' id='line_1_108' title="bbox 1281 3394 2350 3439; baseline -0.003 -11"><span class='ocrx_word' id='word_1_801' title='bbox 1281 3396 1428 3428; x_wconf 81' lang='grc' dir='ltr'>δὲταῦτα</span> <span class='ocrx_word' id='word_1_802' title='bbox 1446 3400 1529 3429; x_wconf 86' lang='grc' dir='ltr'>τοῖσι</span> <span class='ocrx_word' id='word_1_803' title='bbox 1543 3397 1720 3439; x_wconf 75' lang='grc' dir='ltr'>Ὀρφικοῖσι</span> <span class='ocrx_word' id='word_1_804' title='bbox 1738 3397 1960 3438; x_wconf 85' lang='grc' dir='ltr'>καλεομένοισι</span> <span class='ocrx_word' id='word_1_805' title='bbox 1978 3398 2031 3428; x_wconf 89' lang='grc' dir='ltr'>καὶ</span> <span class='ocrx_word' id='word_1_806' title='bbox 2052 3397 2251 3437; x_wconf 78' lang='grc' dir='ltr'>Βακχικοῖσι,</span> <span class='ocrx_word' id='word_1_807' title='bbox 2263 3394 2350 3426; x_wconf 69' lang='grc' dir='ltr'>ἐοῦσι</span> 
     </span>
     <span class='ocr_line' id='line_1_109' title="bbox 1282 3441 2350 3487; baseline -0.002 -12"><span class='ocrx_word' id='word_1_808' title='bbox 1282 3444 1315 3476; x_wconf 79' lang='grc' dir='ltr'>δὲ</span> <span class='ocrx_word' id='word_1_809' title='bbox 1343 3444 1544 3486; x_wconf 85' lang='grc' dir='ltr'>Αἰγυπτίοισι</span> <span class='ocrx_word' id='word_1_810' title='bbox 1575 3445 1630 3477; x_wconf 84' lang='grc' dir='ltr'>καὶ</span> <span class='ocrx_word' id='word_1_811' title='bbox 1663 3443 1923 3487; x_wconf 72' lang='grc' dir='ltr'>Πυθαγορείοισι.</span> <span class='ocrx_word' id='word_1_812' title='bbox 1949 3444 2031 3476; x_wconf 81' lang='grc' dir='ltr'>Οὐδὲ</span> <span class='ocrx_word' id='word_1_813' title='bbox 2056 3444 2115 3485; x_wconf 83' lang='grc' dir='ltr'>γὰρ</span> <span class='ocrx_word' id='word_1_814' title='bbox 2144 3441 2262 3475; x_wconf 78' lang='grc' dir='ltr'>τούτων</span> <span class='ocrx_word' id='word_1_815' title='bbox 2286 3445 2350 3473; x_wconf 87' lang='grc' dir='ltr'>τῶν</span> 
     </span>
     <span class='ocr_line' id='line_1_110' title="bbox 1285 3490 2348 3533; baseline -0.003 -11"><span class='ocrx_word' id='word_1_816' title='bbox 1285 3491 1400 3532; x_wconf 85' lang='grc' dir='ltr'>ὀργίων</span> <span class='ocrx_word' id='word_1_817' title='bbox 1420 3493 1592 3533; x_wconf 89' lang='grc' dir='ltr'>μετέχοντα</span> <span class='ocrx_word' id='word_1_818' title='bbox 1619 3492 1707 3525; x_wconf 82' lang='grc' dir='ltr'>ὅσιόν</span> <span class='ocrx_word' id='word_1_819' title='bbox 1730 3493 1797 3524; x_wconf 87' lang='grc' dir='ltr'>ἐστι</span> <span class='ocrx_word' id='word_1_820' title='bbox 1820 3492 1851 3524; x_wconf 86' lang='grc' dir='ltr'>ἐν</span> <span class='ocrx_word' id='word_1_821' title='bbox 1873 3492 2030 3533; x_wconf 80' lang='grc' dir='ltr'>εἰρινέοισι</span> <span class='ocrx_word' id='word_1_822' title='bbox 2054 3492 2162 3530; x_wconf 74' lang='grc' dir='ltr'>εἵμασι</span> <span class='ocrx_word' id='word_1_823' title='bbox 2184 3490 2348 3530; x_wconf 64' lang='grc' dir='ltr'>θαφῦῆναι.</span> 
     </span>
     <span class='ocr_line' id='line_1_111' title="bbox 1282 3538 2012 3583; baseline -0.001 -12"><span class='ocrx_word' id='word_1_824' title='bbox 1282 3538 1373 3572; x_wconf 80' lang='grc' dir='ltr'>Ἐστι</span> <span class='ocrx_word' id='word_1_825' title='bbox 1390 3539 1422 3572; x_wconf 86' lang='grc' dir='ltr'>δὲ</span> <span class='ocrx_word' id='word_1_826' title='bbox 1439 3541 1507 3583; x_wconf 78' lang='grc' dir='ltr'>περὶ</span> <span class='ocrx_word' id='word_1_827' title='bbox 1523 3541 1626 3573; x_wconf 86' lang='grc' dir='ltr'>αὐτῶν</span> <span class='ocrx_word' id='word_1_828' title='bbox 1648 3540 1711 3582; x_wconf 81' lang='grc' dir='ltr'>ἱρὸς</span> <span class='ocrx_word' id='word_1_829' title='bbox 1727 3540 1819 3581; x_wconf 73' lang='grc' dir='ltr'>λόγος</span> <span class='ocrx_word' id='word_1_830' title='bbox 1834 3539 2012 3580; x_wconf 84' lang='grc' dir='ltr'>λεγόμενος.</span> 
     </span>
     <span class='ocr_line' id='line_1_112' title="bbox 2196 3597 2240 3625; baseline 0.045 -2"><span class='ocrx_word' id='word_1_831' title='bbox 2196 3597 2240 3625; x_wconf 69' lang='grc' dir='ltr'>Η.</span> 
     </span>
    </p>
   </div>
  </div>
 </body>
</html>
