2612 3814
383 360 397 372 ,.
448 362 490 372 7,,
561 359 585 370 ...
915 360 918 361 ⁷
996 356 1070 372 ἕως,
1107 360 1110 361 ⁷
1132 358 1185 372 -ι--,

412 375 423 384 f
526 382 529 385 ι
573 376 576 384 ,
981 374 1006 383 η
1142 375 1147 383 .
1171 374 1197 383 ῃ

1220 337 2331 396 -efflffiffiffiffifflaeffifflfflffifflfflffiffi>

853 531 978 605 DE
1041 527 1660 605 EMPEDOCLE.

237 905 394 954 Quanta
412 904 531 943 fuerit
556 902 652 942 olim
671 901 784 952 apud.
796 900 964 952 aequales
986 900 1237 951 Empedoclis

183 972 291 1012 rama
321 974 361 1009 et
393 969 594 1020 sapientiae
622 968 745 1018 gloria
782 977 872 1006 cum
913 964 1072 1005 aliunde
1106 965 1238 1016 colligi

183 1040 339 1087 oportet
351 1064 363 1083 ,
383 1040 469 1074 tum
483 1045 504 1072 e
522 1033 747 1072 lustralium
763 1032 983 1071 carminum
1007 1031 1117 1069 initio
1131 1030 1238 1080 quod

183 1102 378 1152 Diogenes
391 1099 569 1138 Laertius
585 1094 640 1148 (ι)
657 1097 844 1135 servavit.
862 1094 965 1134 Nam
979 1105 1101 1144 quum
1115 1096 1238 1133 vitam

181 1166 233 1206 ad
273 1163 544 1216 Pythagoricae
583 1161 771 1200 doctrinae
804 1170 984 1198 normam
1028 1158 1235 1209 dirigeret,

181 1229 349 1269 multum
362 1238 456 1265 vero
475 1226 700 1275 eloquentia
718 1223 864 1281 valeret
879 1234 999 1274 quam
1016 1224 1057 1261 in
1073 1233 1119 1261 eo
1133 1234 1239 1273 pror·

182 1303 251 1332 sus
271 1290 476 1331 mirificam
497 1301 543 1329 ae
563 1288 805 1339 singularem
829 1287 947 1327 fuisse
973 1292 1125 1326 veteres
1147 1299 1238 1338 pro-

181 1356 369 1396 diderunt
381 1384 391 1402 ,
409 1365 525 1405 porro
544 1355 642 1392 artis
664 1352 845 1391 salutaris
864 1354 905 1390 et
924 1362 1055 1391 rerum
1075 1355 1237 1391 natura-

180 1422 278 1461 lium
309 1421 473 1459 scientia
502 1429 637 1458 omnes
669 1419 900 1469 superaret,
936 1427 1066 1467 neque
1111 1416 1237 1455 solum

179 1491 293 1538 poeta
312 1486 490 1536 egregius
504 1513 515 1531 ‚
529 1494 667 1523 verum
686 1484 804 1522 etiam
823 1486 934 1521 vates
953 1483 1118 1532 insignis
1132 1482 1238 1532 judi-

179 1556 349 1601 caretur,
367 1550 539 1599 denique
563 1549 749 1599 praeclare
769 1547 819 1587 de
843 1547 1044 1598 republica
1066 1549 1239 1587 meruis-

178 1621 239 1657 set
254 1644 266 1665 ‚
298 1615 446 1655 factum
475 1618 533 1653 est
546 1643 557 1664 ‚
594 1617 639 1653 ut
673 1612 924 1664 Agrigentini
960 1613 1085 1651 civem
1121 1623 1237 1651 suum

179 1681 345 1721 summis
362 1679 576 1719 honoribus
595 1681 938 1729 prosequerentur.
961 1677 1056 1725 Quae
1074 1688 1136 1716 res
1149 1688 1237 1717 eam

180 1747 260 1784 vim
280 1744 418 1785 habuit
430 1775 442 1795 ‚
459 1747 506 1783 ut
527 1745 608 1794 ipse
628 1743 740 1792 quasi
760 1742 940 1792 deposita
959 1741 1142 1780 humanae
1159 1753 1238 1780 na-

179 1813 278 1850 turae
334 1809 550 1859 fragilitate
595 1806 903 1846 immortalitatis
947 1805 1239 1856 divinitatisque

178 1875 376 1926 particeps
393 1884 477 1912 esse
501 1872 576 1911 sibi
595 1872 793 1910 videretur
813 1869 884 1923 (2).
915 1869 970 1909 Ac
989 1869 1165 1920 profecto
1189 1882 1235 1910 ea

178 1939 256 1979 fuit
273 1937 519 1989 Empedoclis
546 1941 851 1985 caeterorumque
869 1935 975 1974 illius
993 1936 1120 1974 aetatis
1136 1935 1233 1973 illu-

222 2088 251 2126 ι)
274 2087 432 2126 Diogenes
453 2085 598 2119 Laertius
612 2085 702 2124 vill,
721 2088 759 2115 02
776 2095 784 2115 ε

260 2157 305 2192 Ὦ
322 2158 403 2199 φίλοι
422 2158 451 2190 οἳ
466 2158 547 2199 μέγα
561 2156 640 2189 ἄστυ
657 2156 740 2188 κατὰ
756 2157 867 2193 ξανθοῦ
881 2155 1086 2204 Ἀκράγαντος4

259 2206 355 2238 ναίετ’
367 2204 415 2237 ἀν’
430 2205 511 2247 ἄκρα
525 2204 634 2241 πόλευς
648 2204 716 2236 κτλ.
734 2204 808 2237 Vici.
823 2212 888 2236 vss.
907 2206 1063 2237 397·4os.

220 2282 252 2323 2)
275 2280 483 2321 Empedocles
494 2289 546 2321 ap.
566 2280 659 2320 Diog.
679 2281 785 2312 Laert.
805 2278 827 2312 l.
849 2288 878 2311 c.

262 2359 402 2401 Χαίρετ’·
419 2359 482 2400 ἐγὼ
495 2358 523 2391 δ’
535 2358 634 2401 ὔμμιν
650 2359 717 2395 Θεὸς
735 2358 909 2400 ἅμὸροτος,
929 2358 1033 2390 οὐκέτι
1050 2357 1170 2396 θνητός.

178 2440 397 2480 Quamobrem
429 2439 461 2472 in
489 2439 704 2479 superborum
726 2447 900 2471 numerum
927 2438 1063 2471 refertur
1087 2447 1106 2471 a
1129 2438 1237 2470 Philo-

178 2490 273 2521 demo
298 2488 379 2520 libro
395 2487 520 2519 decimo
540 2487 581 2518 de
598 2487 695 2519 Vitiis
713 2495 783 2527 pag.
820 2487 854 2518 17
884 2486 937 2518 ed.
959 2487 1079 2527 Saupp.
1122 2486 1231 2518 verbis

178 2535 258 2568 mire
279 2533 409 2576 quidem
422 2533 615 2574 depravatis,
630 2532 685 2564 sed
702 2541 842 2573 quorum
857 2532 1051 2565 sententiam
1071 2532 1162 2565 facile
1176 2542 1234 2565 ex-

179 2580 299 2623 pedias.
318 2583 395 2614 flaec
411 2582 521 2613 autem
538 2580 689 2621 leguntur
707 2580 740 2612 in
755 2579 920 2613 volumine
933 2580 1164 2612 Herculanensi
1181 2589 1190 2609 ε

944 2673 1129 2706 ΑΡιοΤΩΝ

399 2722 455 2753 To
481 2744 490 2753 .
521 2745 529 2752 .
557 2721 611 2753 rN
635 2745 642 2752 .
666 2722 690 2752 Ε
714 2743 723 2752 .
753 2744 761 2753 .
790 2744 799 2753 .
823 2743 833 2752 .
854 2721 1132 2753 ΦΩοΠΕΡΙτοι·

398 2771 456 2802 κο
479 2793 488 2801 .
514 2770 586 2801 ψη
612 2792 621 2800 .
650 2793 657 2801 .
689 2794 695 2801 .
730 2793 738 2801 .
766 2769 1074 2801 ΠΕΡΗΦΑΝΙΑΟΕ

400 2819 446 2849 111
477 2841 485 2849 .
516 2817 970 2849 οΑ.......ΛιοΝΜ
994 2839 1136 2848 .....

404 2866 643 2897 ῐιΑ...ο.
675 2887 683 2895 .
715 2888 723 2897 .
754 2887 762 2896 .
794 2864 1056 2898 ArrxuNrn.
1087 2886 1095 2894 .
1127 2887 1168 2903 .,

409 2912 964 2944 Ηψ...Ω....ΩΝοΥΜο

407 2961 464 2993 No
485 2982 493 2989 .
515 2983 523 2991 .
543 2961 569 2991 Δ
592 2983 599 2991 .
621 2961 679 2992 A.
703 2983 711 2992 .
733 2982 741 2991 .
763 2959 1046 2992 TAr'rHcrnEP

408 3009 471 3040 Ηψ
494 3031 502 3040 .
526 3032 534 3040 .
559 3009 702 3040 .Nor.
728 3032 735 3040 .
760 3031 768 3039 .
791 3032 799 3040 .
825 3007 1045 3039 NAAAAKAi

407 3057 592 3088 ΔιΑιιΡο.
613 3079 622 3088 .
643 3056 665 3088 r
686 3079 694 3087 .
718 3078 726 3087 .
749 3055 1048 3087 MENHMEICKA!

407 3106 462 3136 ΔΗ
489 3129 497 3137 .
519 3128 528 3137 .
548 3106 560 3137 ι
583 3129 591 3136 .
615 3128 623 3136 .
646 3103 997 3137 ΔιΑΥΤΗΝψΙΛοοο

407 3153 453 3184 Φι
479 3176 487 3184 .
511 3175 519 3183 .
548 3176 555 3184 .
577 3151 987 3185 ηοΛΛΩΝΔοΞΑΝΤΩΝ

409 3200 466 3231 Ω.
491 3222 500 3230 .
527 3224 535 3232 .
558 3202 643 3232 xm:
667 3223 673 3229 .
695 3198 1024 3233 TorKAmreAro

409 3248 492 3278 Por
513 3270 667 3280 ......
690 3245 1016 3279 ΕΔοκΛΕοι-οΚΑι

409 3294 497 3325 cm<
517 3317 525 3325 .
551 3291 1023 3327 A'rorcxsinofflmNEM

409 3341 439 3372 n
457 3364 466 3372 .
486 3342 541 3372 o.
563 3342 618 3373 co
637 3365 645 3373 .
665 3341 973 3374 nAAAloimNK.

408 3387 992 3421 ΜΩιΔοΓΡΑΦΩΝΕΠΕΡΑΠιΖοΝ

184 3463 314 3498 initium
331 3463 501 3497 caterinus
516 3465 562 3497 sie
579 3466 741 3498 emendari
757 3466 859 3499 voluit
880 3475 888 3499 ;
903 3466 1049 3508 Ἀρίστων
1067 3466 1170 3498 τοίνυν
1183 3476 1232 3504 γε·

181 3511 304 3552 γραφὼς
316 3511 385 3552 περὶ
398 3514 455 3543 τοῦ
468 3512 620 3554 κουφίζειν
637 3513 844 3555 ὑπερηφανίας
861 3513 1100 3554 ἐπιστολιμαῖον
1114 3513 1233 3555 βιὸλίον

183 3558 290 3599 μηνύει
308 3561 449 3601 παρεῖναι
467 3559 561 3601 ὄγκον
579 3560 630 3593 διὰ
643 3560 741 3603 τύχην
760 3560 964 3603 ὑπερηφάνων
978 3561 1091 3593 ὀλὸίων
1104 3584 1113 3601 ,
1138 3563 1169 3592 et
1194 3560 1234 3593 de

1298 901 1439 939 strium
1453 901 1628 939 virorum
1645 900 1851 951 disciplina
1868 913 1955 953 quae
1969 914 2046 943 non
2061 905 2166 944 intra
2179 907 2356 955 privatos

1299 966 1466 1015 parietes
1485 965 1727 1005 delitesceret
1756 972 1796 1006 et
1816 968 1869 1006 ad
1901 979 2118 1018 paucorum
2148 970 2356 1012 hominum

1298 1032 1482 1070 notitiam
1495 1033 1739 1081 perveniret,
1755 1033 1824 1071 sed
1843 1033 1962 1072 modo
1975 1035 2016 1072 in
2036 1034 2109 1074 fori
2124 1035 2210 1074 luce
2225 1037 2355 1086 splen-

1299 1094 1511 1133 didissimis
1525 1099 1714 1145 tanquam
1730 1096 1823 1135 solis
1839 1097 1956 1136 radiis
1968 1099 2198 1138 collustrata
2212 1129 2223 1150 ,
2239 1101 2356 1139 modo

1299 1160 1481 1199 civilibus
1493 1159 1677 1199 fluetibus
1697 1162 1846 1211 agitata
1861 1162 2048 1201 latissime
2064 1163 2356 1205 diffunderetur

1299 1227 1338 1262 et
1355 1223 1405 1262 ad
1429 1234 1678 1263 communem
1700 1226 1848 1264 civium
1867 1226 2079 1265 utilitatem
2099 1239 2356 1278 expromere-

1298 1292 1375 1328 tur.
1405 1288 1534 1337 Quare
1567 1300 1649 1328 non
1670 1293 1729 1328 est
1748 1290 1856 1340 quod
1877 1292 2065 1330 miremur
2084 1294 2356 1343 Agrigentinos

1298 1354 1426 1392 virum
1446 1354 1586 1403 quovis
1616 1355 1810 1393 virtutum
1837 1365 1979 1404 genere
1999 1356 2355 1397 cumulatissimum

1298 1416 1480 1456 omnibus
1499 1420 1743 1457 ornamentis
1766 1416 1954 1458 affecisse.
1979 1419 2085 1459 Illud
2112 1422 2353 1473 mirandum,

1297 1482 1405 1532 quod
1418 1493 1541 1532 quum
1562 1482 1678 1522 Plato
1694 1488 1734 1523 et
1754 1485 1983 1524 Aristoteles
2000 1487 2126 1525 minus
2142 1486 2356 1527 honorifice

1299 1547 1348 1585 de
1389 1547 1623 1597 Empedocle
1664 1549 1900 1598 sensissent,
1939 1553 2072 1588 tamen
2109 1550 2355 1602 Agrigentini

1298 1615 1423 1661 poetae
1436 1612 1610 1651 carmina
1629 1613 1685 1651 ita
1703 1617 1949 1663 posterorum
1968 1614 2100 1653 studia
2118 1618 2327 1655 tenuerunt
2342 1645 2353 1665 ,

1298 1680 1340 1715 ut
1354 1687 1403 1715 ex
1417 1676 1598 1716 omnibus
1614 1677 1691 1716 illis
1705 1679 1773 1728 qui
1786 1678 1891 1729 apud
1902 1678 2056 1719 Graecos
2070 1680 2355 1731 philosophiam

1300 1752 1485 1781 versuum
1504 1743 1708 1792 majestate
1723 1754 1769 1782 ac
1787 1748 1995 1783 venustate
2014 1745 2209 1785 celebrare
2224 1748 2353 1785 conati

1299 1810 1416 1855 sunt,
1437 1806 1555 1857 hujus
1571 1808 1688 1846 unius
1705 1807 1875 1858 plurima
1886 1808 2105 1860 fragmenta
2117 1810 2169 1849 ad
2178 1814 2355 1850 nostram

1298 1871 1525 1909 memoriam
1546 1872 1779 1910 manserint.
1803 1871 1881 1910 Sed
1909 1883 1960 1911 ne
1977 1873 2026 1911 de
2047 1874 2267 1913 Aristotelis
2285 1876 2356 1914 in-

1297 1935 1534 1985 terpretibus
1548 1947 1655 1975 nunc
1669 1935 1822 1988 loquar,
1839 1938 1908 1987 qui
1919 1938 2060 1976 eximie
2078 1938 2354 1988 Empedoclem

1298 2083 1455 2117 Aristonis
1473 2083 1545 2117 Chii
1570 2083 1712 2124 epistolis
1730 2084 1861 2125 cogitari
1878 2084 1986 2125 jussit.
2007 2086 2050 2119 At
2069 2086 2276 2127 intelligenda
2299 2089 2355 2120 Cei

1297 2132 1509 2173 ὑπομνήματα
1531 2132 1611 2173 ὑπὲρ
1639 2132 1826 2169 κενοδοξίας.
1851 2132 1901 2165 Cf.
1934 2133 2027 2174 Diog.
2054 2135 2163 2166 Laert.
2187 2136 2263 2174 Vll,
2283 2137 2353 2169 163.

1276 2177 1418 2211 ‘Sensus
1447 2188 1524 2212 vero
1553 2179 1650 2220 liujus
1681 2180 1743 2212 loci
1768 2180 1820 2212 bic
1849 2179 1980 2212 videtur
2006 2189 2101 2220 esse,
2134 2184 2170 2214 ut
2202 2181 2353 2215 Philode-

1297 2237 1371 2261 mus
1389 2228 1573 2261 Aristonem
1591 2228 1647 2270 qui
1666 2227 1707 2260 de
1727 2227 1864 2260 levanda
1882 2228 2034 2269 superbia
2059 2228 2250 2270 scripserit,
2282 2231 2353 2262 toto

1296 2276 1378 2308 libro
1393 2275 1434 2308 de
1449 2276 1488 2307 iis
1511 2277 1638 2308 tantum
1655 2274 1834 2316 disputasse
1852 2274 1950 2316 dicat,
1970 2275 2025 2316 qui
2051 2275 2214 2308 fortunam
2239 2277 2354 2310 fautri-

1297 2332 1367 2356 cem
1382 2323 1467 2356 nacti
1483 2323 1515 2355 in
1530 2332 1636 2355 rerum
1649 2323 1796 2355 omnium
1807 2323 2004 2356 abundantia
2014 2323 2143 2365 superbi
2160 2324 2236 2366 sint,
2251 2334 2353 2366 quum

1296 2374 1403 2404 tamen
1421 2371 1514 2404 multi
1544 2371 1622 2403 alias
1647 2371 1691 2403 ob
1713 2380 1826 2404 causas
1847 2372 1879 2404 in
1908 2372 1994 2405 idem
2023 2373 2142 2405 vitium
2169 2373 2354 2409 inciderint.

1297 2418 1454 2459 Sauppius
1476 2417 1573 2450 verba
1605 2417 1653 2449 sic
1682 2417 1860 2459 supplenda
1891 2427 1962 2451 esse
1987 2419 2152 2452 existimat
2172 2428 2181 2448 ε
2206 2420 2354 2463 Ἀρίστων

1295 2465 1398 2498 τοίνυν
1417 2465 1578 2507 γεγραφὼς
1592 2465 1661 2505 περὶ
1680 2468 1736 2497 τοῦ
1756 2465 1910 2506 κουφίζειν
1927 2466 2135 2507 ὑπερηφανίας
2151 2467 2202 2500 ἐπὶ
2219 2469 2256 2501 τὸ
2274 2471 2353 2503 πολὺ

1295 2514 1331 2545 τὸ
1349 2513 1469 2555 βιὸλίον
1482 2513 1659 2544 ἀποτέτακε
1673 2512 1756 2544 κατὰ
1772 2515 1836 2544 τῶν
1853 2513 1904 2545 διὰ
1921 2513 2020 2555 τύχην
2039 2513 2256 2555 ὑπερηφάνων,
2278 2519 2352 2550 πολ·

1295 2561 1358 2592 λῶν
1369 2560 1398 2599 γ’
1412 2561 1448 2593 οὺ
1474 2559 1568 2602 μόνον
1585 2559 1624 2591 δι’
1641 2559 1742 2596 αἰτίας
1758 2560 1872 2598 ταύτης
1886 2561 2167 2602 ὑπερηφανοῦντων
2176 2585 2186 2602 ,
2204 2563 2283 2597 ἀλλὰ
2296 2567 2351 2598 καὶ

1296 2608 1336 2640 δι’
1352 2609 1372 2640 ἃ
1386 2607 1578 2650 προείπομεν
1598 2609 1687 2648 ἡμεῖς
1699 2631 1709 2646 ,
1734 2608 1787 2639 καὶ
1809 2607 1847 2646 δή
1869 2619 1917 2640 τοι
1929 2608 1981 2640 καὶ
1995 2607 2036 2640 δι’
2050 2608 2147 2647 αὐτὴν
2165 2610 2351 2652 φιλοσοφίαν

1296 2656 1419 2687 πολλῶν
1440 2654 1614 2695 δοξάντων,
1639 2656 1682 2691 ὡς
1699 2654 1905 2696 Ἡρακλείτου
1926 2656 1978 2687 καὶ
1997 2656 2186 2697 Πυθαγόρου
2204 2657 2257 2688 καὶ
2280 2656 2351 2698 Ἐμ-

1295 2703 1479 2738 πεδοκλέους
1490 2703 1543 2734 καὶ
1555 2701 1750 2743 Σωκράτους,
1763 2703 1817 2734 καὶ
1831 2707 1971 2740 ποιητῶν
1989 2703 2092 2741 ἐνίων,
2109 2703 2161 2740 οὓς
2178 2704 2208 2735 οἱ
2222 2704 2351 2735 παλαιοὶ

1295 2754 1358 2782 τῶν
1376 2750 1640 2792 κωμῳδογράφων
1663 2749 1876 2792 ἐπερῤάπιζον.
1900 2752 1963 2783 Pro
1982 2751 2036 2783 καὶ
2050 2751 2088 2790 δή
2101 2762 2152 2783 τοι
2164 2752 2216 2783 καὶ
2234 2755 2352 2791 praeie-

1296 2806 1348 2829 rea
1368 2797 1452 2829 idem
1473 2797 1522 2829 vir
1540 2797 1656 2830 doctus
1685 2797 1853 2839 legendum
1873 2797 2004 2838 conjicit
2030 2806 2040 2830 t
2065 2799 2120 2830 καὶ
2144 2801 2181 2837 νὴ
2196 2798 2256 2830 Δία
2277 2800 2350 2839 καὶ,

1295 2844 1383 2885 quod
1412 2843 1491 2876 mihi
1526 2853 1591 2876 non
1618 2845 1734 2885 placet.
1766 2844 1921 2886 Suspicor
1947 2845 2032 2877 enim
2061 2845 2285 2878 Pliilodemum
2319 2847 2351 2879 in

1296 2892 1382 2924 liunc
1422 2891 1488 2924 fere
1509 2893 1643 2939 modum
1686 2891 1852 2933 scripsisse
1883 2901 1892 2923 :
1921 2890 2070 2935 Ἀρίστων
2100 2892 2204 2925 τοίνυν
2239 2904 2350 2935 γεγρα-

1295 2941 1358 2981 φὼς
1383 2940 1453 2981 περὶ
1468 2942 1525 2972 τοῦ
1550 2939 1704 2978 κουφίζειν
1739 2939 1948 2981 ὑπερηφανίας
1980 2941 2203 2978 ἐπιπληκτικὸν
2233 2941 2351 2983 βιὸλίον

1296 2986 1448 3027 μέμνηται
1471 2985 1565 3027 μόνον
1581 2990 1645 3018 τῶν
1665 2986 1718 3018 διὰ
1739 2986 1837 3028 τύχην
1850 2986 2070 3028 ὑπερηφάνων,
2094 2986 2208 3028 καίπερ
2225 2988 2350 3020 πολλῶν

1294 3036 1331 3064 οὐ
1349 3032 1443 3074 μόνον
1467 3034 1519 3066 διὰ
1544 3034 1602 3072 τὴν
1618 3033 1722 3066 αἰτίαν
1743 3033 1859 3073 ταύτην
1880 3035 2173 3076 ὑπερηφανούντων,
2191 3035 2269 3068 ἀλλὰ
2292 3038 2345 3068 καὶ

1293 3080 1332 3113 δι’
1349 3080 1371 3113 ἃ
1387 3081 1579 3124 προείπομεν
1605 3082 1765 3123 ἡμεῖς,καὶ
1782 3082 1819 3120 δὴ
1833 3083 1886 3114 καὶ
1912 3081 1951 3114 δι’
1975 3082 2072 3121 αὐτὴν
2091 3084 2147 3121 τὴν
2167 3084 2350 3125 φιλοσοφίαν

1294 3129 1416 3161 πολλῶν
1439 3129 1612 3170 δοξάντων,
1631 3133 1674 3167 ὡς
1686 3130 1892 3171 Ἡρακλείτου
1914 3131 1968 3162 καὶ
1994 3130 2178 3173 Πυθαγόρου
2196 3132 2249 3164 καὶ
2275 3131 2349 3173 Ἐμ-

1293 3177 1477 3214 πεδοκλέους
1496 3178 1549 3209 καὶ
1569 3177 1771 3219 Σωκράτους,
1802 3179 1856 3209 καὶ
1884 3181 2024 3216 ποιητῶν
2049 3178 2151 3217 ἐνίων,
2172 3178 2225 3216 οὓς
2240 3180 2270 3211 οἱ
2290 3190 2348 3211 πα-

1293 3227 1376 3258 λαιοὶ
1399 3230 1461 3258 τῶν
1480 3226 1746 3267 κωμῳδογράφων
1765 3225 1981 3269 ἑπεῤῥάπιζον.
1997 3225 2124 3267 Quippe
2139 3225 2170 3258 in
2186 3225 2349 3265 corrigen-

1293 3275 1342 3307 dis
1359 3274 1581 3307 voluminibus
1603 3275 1898 3307 Herculanensibus
1917 3283 1993 3316 quae
2009 3282 2085 3306 cum
2106 3273 2211 3305 lacera
2229 3281 2297 3305 esse
2311 3281 2349 3304 ac

1293 3332 1391 3365 prope
1414 3324 1447 3355 in
1478 3323 1600 3355 cineres
1628 3330 1782 3355 conversa
1811 3323 1940 3355 constat
1967 3322 2039 3355 tum
2062 3320 2208 3354 evanidis
2237 3320 2349 3352 litteris

1292 3371 1423 3412 scripta,
1439 3372 1477 3403 ut
1497 3379 1581 3410 aegre
1597 3378 1616 3402 a
1636 3369 1714 3401 viris
1737 3369 1871 3402 eruditis
1885 3369 1944 3411 legi
1961 3378 1998 3402 ac
2014 3368 2149 3401 describi
2173 3367 2346 3408 potuerint,

1293 3418 1343 3451 vel
1369 3418 1520 3451 audacior
1539 3417 1697 3450 medicina
1729 3417 1809 3450 locis
1828 3418 1988 3459 corruptis
2004 3417 2100 3449 allata
2124 3416 2207 3457 apud
2229 3415 2347 3455 peritos

1293 3466 1383 3498 facile
1401 3470 1584 3499 excusatur.
1603 3465 1722 3498 Confer
1740 3465 1838 3497 alium
1855 3464 2032 3497 Pliilodemi
2049 3464 2154 3495 locum
2169 3471 2187 3495 e
2205 3462 2286 3494 libro
2302 3464 2347 3494 1v

1293 3514 1333 3547 ‹le
1349 3515 1470 3546 Musica
1494 3514 1525 3546 in
1546 3513 1620 3545 Vol.
1639 3512 1772 3544 Hercul.
1787 3514 1879 3545 Tom.
1895 3513 1910 3543 1
1933 3520 2002 3552 pag.
2025 3514 2081 3543 135
2101 3509 2161 3542 col.
2181 3511 2233 3548 36,
2251 3517 2345 3550 quem

1293 3561 1402 3593 sanavi
1417 3562 1566 3593 Democr.
1590 3560 1702 3600 fragm.
1723 3568 1755 3601 p.
1771 3561 1829 3591 237
1848 3559 1880 3590 et
1897 3561 1969 3591 359.

1235 3636 1300 3684 x3ij
