2612 3814
309 253 385 286 3⁴16

1041 247 1325 287 DssMocssl‘rt
1369 247 1707 287 FRAGMENTA.

304 327 483 379 κλήματι,
506 327 569 372 ἕως
599 327 640 366 ἂν
662 328 857 381 βλαστήσῃ.
877 328 928 370 Τὸ
953 327 987 367 δὲ
1009 330 1093 366 αὐτὸ
1121 329 1277 376 ποιήσεις
1295 330 1353 366 καὶ
1380 335 1385 378 1
1415 331 1530 369 θεῖσαν
1553 329 1616 375 τὴν
1636 329 1831 383 σταφυλήν.
1851 329 2042 382 (Geopon.
2059 329 2132 369 lib.
2147 329 2178 367 V
2192 329 2468 382 cap.XLV‚2.)

302 386 360 424 ἐπὶ
381 387 512 438 καρύας
529 386 588 425 καὶ
605 387 793 438 κερασέας,
815 389 844 426 εἰ
862 388 978 440 βούλει
995 387 1180 440 ἀγίγαρτον
1197 390 1354 434 ποιῆσαι.

303 444 498 497 (Geopon.
519 444 590 485 lib.
614 445 683 493 lv,
702 460 785 498 cap.
800 446 905 498 Vll.)

351 517 384 544 4.
415 506 476 543 Δεῖ
495 503 580 556 πρὸς
599 502 662 551 τὴν
679 508 748 543 τῶν
768 499 886 543 τ’όπων
912 504 1125 557 ἁρμόζεσθαι
1156 502 1256 556 φύσιν
1281 503 1349 544 ἀεί.

301 562 389 602 Ἐὰν
411 563 478 615 γὰρ
502 562 626 616 θερμὸς
646 566 664 601 ὁ
683 565 786 608 τόπος
814 558 862 616 ᾖ,
880 563 924 602 τὰ
953 565 1037 616 πρὸς
1063 565 1187 614 ἄρκτον
1208 563 1351 601 νεύοντα

297 621 525 673 φυτεύσομεν,
547 621 606 659 ἐὰν
625 621 661 660 δὲ
681 621 914 675 ψυχρότερος,
937 621 979 659 τ’ὄι
1000 621 1085 673 πρὸς
1114 620 1350 673 μεσημὸρίαν,

296 679 355 717 ἐὰν
377 679 413 718 δὲ
434 681 538 731 μέσος
567 681 627 718 καὶ
659 679 824 733 εὐκραής,
853 680 898 718 τὰ
929 678 1119 718 ἀνατολικὰ
1147 679 1207 717 καὶ
1228 678 1350 717 δυτικὰ

296 739 451 784 κάλλιον·
473 740 607 789 μᾶλλον
625 738 741 789 μέντοι
759 738 802 777 τὰ
820 737 1010 777 ἀνατολικά
1022 767 1033 786 ,
1050 739 1080 776 εἰ
1101 737 1151 788 μὴ
1171 738 1349 789 ἐνοχλοῖτο

296 798 362 836 ὑπὸ
381 802 440 837 τοῦ
465 797 591 850 Εὔρου.
614 797 751 838 Ἐνίοτε
768 797 863 836 δὲτὰ
883 798 1005 836 δυτικὰ
1023 797 1120 836 ἔσται
1135 796 1347 850 αἱρετώτερα

294 857 442 906 μᾶλλον,
466 857 548 895 ὅταν
577 856 715 908 μακρὰν
737 857 819 896 ὄντα
840 859 901 903 τῆς
932 856 1111 897 θαλάσσης
1138 855 1348 895 ἐπιπνέοντα

292 915 358 968 ἔχῃ
379 916 436 954 τὸν
462 917 614 969 ζέφυρον.
651 916 811 954 Καθόλου
837 914 872 953 δὲ
906 915 976 958 τοῖς
1004 912 1067 964 μὲν
1098 913 1348 967 χλιαρωτέροις

293 975 409 1018 τόποις
428 976 460 1014 οἱ
483 977 631 1027 ἀρκτῷοι
648 974 770 1025 ἄνεμοι
791 973 1003 1022 ἐπιτήδειοι,
1025 978 1094 1017 τοῖς
1114 973 1150 1012 δὲ
1170 975 1346 1026 ψυχεινοῖς

290 1034 321 1071 οἱ
341 1031 461 1071 νότιοι.
487 1032 676 1085 (Geopon.
695 1034 764 1071 lib.
786 1033 815 1070 V
836 1046 920 1085 cap.
941 1032 1022 1085 IV.)

343 1107 374 1132 5.
406 1094 451 1132 Οἱ
474 1092 758 1145 παραθαλάσσιοι
777 1092 878 1132 τόποι
899 1091 1030 1146 σφόδρα
1051 1091 1135 1131 εἰσὶν
1156 1090 1346 1139 ἐπιτήδειοι

289 1151 373 1203 πρὸς
396 1151 553 1202 ἄμπελον
575 1152 633 1190 διά
649 1167 687 1191 τε
703 1150 765 1199 τὴν
785 1152 984 1204 θερμότητα
1012 1151 1071 1190 καὶ
1103 1151 1161 1190 διὰ
1179 1150 1218 1189 τὸ
1238 1151 1345 1198 λελη-

288 1210 394 1254 θότως
418 1210 481 1259 τὴν
514 1210 684 1263 ὑγρασίαν
712 1211 976 1264 ἀνατρέχουσαν
999 1212 1038 1249 ἐκ
1069 1213 1131 1258 τῆς
1165 1210 1344 1258 θαλάσσης

286 1269 424 1322 τρέφειν
443 1270 487 1309 τὰ
507 1269 610 1323 φυτά.
635 1270 708 1310 Καὶ
727 1272 758 1309 οἱ
780 1271 962 1310 θαλάσσιοι
981 1270 1017 1309 δὲ
1035 1270 1157 1321 ἄνεμοι
1173 1270 1249 1314 ταῖς
1270 1271 1343 1320 ἀμ-

286 1327 404 1373 πέλοις
423 1329 490 1367 εἷσὶ
520 1327 802 1381 χρησιμώτατοι.
825 1331 929 1368 Δοκεῖ
959 1327 994 1366 δὲ
1013 1335 1085 1373 τοῖς
1115 1329 1256 1372 πολλοῖς
1276 1345 1341 1367 πο·

285 1388 395 1440 ταμὸν
416 1386 554 1439 γείτονα
583 1388 644 1427 καὶ
670 1390 803 1439 μᾶλλον
823 1388 936 1436 ἑλώδη
959 1386 1009 1439 μὴ
1031 1387 1122 1441 ἔχειν
1146 1387 1203 1427 διά
1220 1404 1257 1426 τε
1277 1388 1340 1436 τὴν

284 1446 396 1499 ἆχλὺν
416 1447 476 1486 καὶ
495 1446 558 1496 τὴν
575 1447 714 1501 ψυχρὰν
735 1441 859 1500 αῧραν,
877 1448 1086 1487 ἀναπνέουσι
1101 1448 1168 1503 γὰρ
1187 1450 1338 1487 ἐντεῦθεν

285 1506 521 1559 σι·νεχῶς·καὶ
537 1507 806 1545 συνεπίστανται
822 1506 999 1559 ἐρυσίὸαι,
1016 1506 1080 1553 τὴν
1101 1508 1260 1557 ἄμπελον
1281 1508 1340 1546 καὶ

282 1565 329 1603 τὰ
353 1564 510 1619 σπόριμά
531 1564 865 1612 καταὸλάπτουσαι,
893 1565 953 1605 καὶ
978 1565 1148 1619 βλαὸερὸν
1176 1567 1232 1604 τὸν
1255 1567 1341 1620 ἀέρα

284 1627 458 1664 ποιοῦσαι.
480 1625 543 1663 Διὸ
565 1625 617 1663 δεῖ
644 1626 820 1676 ἐπιμελῶς
847 1624 892 1663 τὰ
921 1624 983 1672 ἕλη
1014 1625 1107 1663 κατὰ
1135 1625 1175 1664 τὸ
1199 1626 1343 1664 δυνατὸν

282 1684 487 1737 περιαιρεῖν,
505 1683 632 1723 εἰδέναι
648 1684 683 1722 δὲ
696 1684 767 1737 χρή
779 1715 789 1734 ,
810 1683 862 1723 ὅτι
878 1684 958 1722 ὅσαι
978 1684 1195 1736 βλάπτεσθαι
1217 1684 1344 1724 εἰώθα-

281 1757 336 1779 σιν
361 1741 514 1792 ἄμπελοι
534 1742 601 1782 ὑπὸ
623 1742 759 1793 ἀνέμων
782 1743 962 1794 τοιούτων,
980 1743 1002 1790 ἢ
1023 1744 1190 1796 ὁμίχλης,
1224 1743 1245 1790 ἢ
1265 1746 1344 1798 ἐρυ-

281 1799 402 1848 ciem,
432 1800 565 1845 τούτοις
593 1803 810 1841 ἐπιταθεῖσαι
831 1805 869 1841 οὐ
892 1802 1157 1855 βλαὸήσονται,
1187 1806 1344 1842 τουτέστι

281 1858 486 1912 δενδρίτιδες
500 1859 699 1913 γενόμεναι.
725 1861 916 1914 (Geopon.
939 1862 1013 1902 lib.
1035 1862 1066 1900 V
1086 1875 1170 1915 cap.
1193 1862 1253 1913 V.)

334 1931 364 1958 ο.
395 1919 496 1958 Φασὶ
513 1918 580 1973 γὰρ
597 1921 628 1959 οἱ
650 1919 731 1973 περὶ
748 1921 970 1973 Δημόκριτον
989 1921 1050 1960 καὶ
1063 1921 1282 1975 Ἀφρικανόν,
1302 1920 1336 1967 ἓξ

281 1976 389 2028 μόνας
407 1977 540 2028 ἡμέρας
558 1978 619 2017 καὶ
639 1980 678 2018 οὔ
698 1978 839 2024 πλείους
860 1982 976 2025 καλῶς
1002 1980 1176 2031 διαμένειν
1199 1996 1336 2020 πεπαν-

279 2087 382 2120 donec
396 2091 565 2129 germinet.
585 2090 676 2123 Idem
694 2091 789 2123 facies
805 2092 839 2124 et
860 2093 892 2124 in
913 2091 1122 2132 juglandibus
1142 2101 1180 2124 ac
1199 2093 1337 2133 cerasis,

279 2147 305 2178 si
325 2151 356 2180 et
378 2148 495 2182 harum
510 2149 633 2182 fruetus
645 2150 714 2183 sine
726 2151 832 2191 granis
849 2160 887 2183 ae
900 2150 1022 2184 nucleis
1043 2151 1129 2183 nasci
1148 2152 1239 2184 velis.

324 2209 356 2238 4.
380 2209 515 2248 Oportet
534 2217 661 2250 semper
675 2209 820 2242 locorum
834 2212 959 2243 naturae
974 2210 1156 2252 (sationem)
1174 2211 1287 2252 aptari.
1306 2211 1338 2244 Si

281 2266 366 2299 enim
395 2267 517 2300 calidus
546 2267 643 2302 suerit
667 2269 776 2310 locus,
802 2270 910 2311 partes
927 2270 967 2303 ad
992 2271 1243 2312 septentrionem
1264 2280 1337 2313 spe-

279 2327 404 2358 ctantes
423 2335 650 2369 conseremus3
668 2328 695 2361 si
721 2327 875 2370 frigidior,
891 2330 1104 2371 meridianas;
1122 2329 1147 2363 si
1166 2331 1290 2363 medius
1306 2333 1338 2363 et

279 2385 476 2426 temperatus
486 2409 495 2425 ,
509 2386 681 2420 orientales
699 2388 732 2420 et
743 2388 956 2422 occidentales
968 2389 1119 2422 obserere
1133 2390 1331 2431 praestiterit,

279 2444 380 2484 magis
394 2448 501 2477 tamen
514 2445 697 2486 orientales,
707 2447 767 2480 nisi
779 2450 866 2480 Euro
880 2447 1081 2481 infestentur.
1098 2451 1335 2491 Nonnunquam

278 2511 356 2535 vero
372 2504 404 2535 et
419 2503 635 2538 occidentales
660 2506 800 2547 potiores
817 2508 929 2548 erunt,
951 2508 1081 2549 quando
1096 2517 1116 2540 a
1133 2509 1215 2541 mari
1242 2509 1336 2549 longe

279 2564 411 2595 remotae
438 2563 578 2596 Favonio
607 2564 768 2599 afflantur.
798 2567 836 2599 ln
862 2567 1047 2600 universum
1068 2571 1177 2601 autem
1195 2568 1336 2610 tepidio-

280 2620 368 2652 ribus
398 2621 477 2654 locis
503 2624 766 2663 septentrionales
791 2626 880 2659 venti
908 2627 1070 2660 commodi
1097 2629 1192 2668 sunt,
1215 2628 1336 2669 frigidis

279 2679 427 2712 austrini.

321 2742 352 2771 5.
375 2739 528 2772 Maritimi
543 2741 602 2774 loci
616 2742 736 2775 vitibus
748 2743 841 2777 valde
853 2745 919 2786 apti
933 2749 1022 2786 sunt,
1040 2747 1110 2779 tum
1124 2746 1167 2780 ob
1180 2747 1333 2789 calorem,

279 2800 348 2830 tum
367 2797 410 2830 ob
426 2798 596 2832 humorem
622 2801 679 2842 qui
701 2801 836 2835 latenter
849 2812 867 2836 e
881 2805 961 2836 mari
979 2805 1108 2838 elabens
1124 2807 1249 2848 plantas
1270 2815 1335 2839 nn-

277 2857 345 2889 trit.
367 2856 429 2889 Sed
449 2859 481 2890 et
497 2859 583 2891 venti
600 2859 716 2892 marini
737 2861 859 2895 vitibus
877 2866 952 2895 sunt
977 2864 1136 2905 imprimis
1157 2866 1332 2899 commodi.

278 2915 445 2956 Plerisque
472 2915 577 2957 placet
606 2916 738 2950 lluvium
769 2919 912 2953 vicinum
942 2931 1006 2954 non
1043 2932 1112 2956 esse
1146 2924 1332 2957 babendum

278 2973 446 3014 multoque
464 2973 571 3006 minus
587 2974 736 3015 paludem
747 3001 755 3015 ‚
768 2981 800 3009 et
816 2978 858 3009 ob
877 2980 1010 3013 nebulas
1028 2984 1060 3014 et
1073 2981 1116 3014 ob
1133 2982 1263 3023 frigidas
1277 2993 1333 3016 au-

278 3041 330 3064 ras
341 3056 352 3072 ‚
374 3031 450 3065 inde
468 3032 552 3065 enim
569 3033 698 3066 assidue
719 3035 840 3076 spirant
857 3049 867 3069 ε
885 3038 1046 3079 simulque
1061 3041 1204 3082 exsurgit
1219 3042 1333 3084 robigo

278 3091 377 3140 vitem
389 3092 423 3124 et
435 3094 504 3124 sata
519 3091 639 3125 laedens
650 3093 682 3125 et
691 3094 824 3127 noxium
839 3103 947 3128 aerem
964 3097 1110 3131 reddens.
1128 3101 1333 3142 Quapropter

277 3151 405 3191 oportet
424 3151 575 3192 paludes,
596 3154 754 3193 quantum
777 3154 844 3187 fieri
873 3158 997 3197 potest,
1017 3157 1184 3199 diligenter
1197 3161 1331 3194 circum·

278 3210 362 3242 cirea
377 3209 446 3245 tulli
456 3234 465 3250 ,
483 3211 637 3252 praeterea
654 3212 735 3245 scire
753 3213 902 3256 expedit,
916 3225 1118 3258 quaecunque
1131 3219 1214 3251 vites
1229 3221 1333 3253 ventis

277 3268 458 3310 eiusmodi,
487 3270 545 3302 aut
571 3270 707 3311 nebula,
733 3273 790 3305 aut
815 3272 959 3314 robigine
982 3275 1053 3308 laedi
1083 3279 1331 3320 consueverint,

278 3326 431 3359 adversus
451 3326 514 3359 ista
540 3332 710 3370 extentas,
738 3330 771 3362 id
802 3332 851 3363 est
872 3332 1041 3366 arboribus
1072 3334 1236 3367 maritatas
1265 3345 1330 3369 non

279 3384 363 3417 laedi.
646 3386 652 3391 '

321 3448 353 3477 6.
378 3445 474 3484 Ajunt
504 3446 589 3479 enim
622 3431 826 3482 Democritus
850 3449 883 3482 et
911 3451 1091 3492 Africanus,
1116 3461 1173 3485 sex
1206 3456 1330 3487 tantum

278 3495 347 3528 dies
360 3505 397 3529 ac
419 3507 480 3532 non
505 3500 611 3542 plures
633 3502 786 3543 integram
810 3511 939 3535 manere
959 3512 1055 3536 uvam
1075 3509 1245 3539 maturam.

1468 402 1499 429 7.
1530 387 1750 441 Δημόκριτος
1769 388 1806 426 δέ
1832 403 1939 441 φησι,
1960 388 2056 441 ῥοιὰν
2082 388 2143 427 καὶ
2164 388 2335 441 μυρσίνην
2360 390 2470 438 ἀλλή-

1414 448 1491 490 λαις
1507 445 1659 500 χαίρειν,
1675 446 1736 485 καὶ
1752 446 1901 495 πλησίον
1923 447 2086 493 ἀλλήλων
2106 448 2470 502 παραπεφυτευμένας

1413 507 1615 560 εὐφορήσειν
1635 505 1696 545 καὶ
1714 505 1775 550 τὰς
1792 507 1885 561 ῥίζας
1904 507 2074 555 ἀλλήλαις
2088 508 2316 558 συμπλέκειν,
2333 508 2400 548 κᾶν
2417 509 2468 560 μὴ

1412 567 1545 619 σφόδρα
1562 564 1663 617 ἐγγὺς
1684 559 1785 604 οὖσαι
1801 566 2019 619 τυγχάνωσι.
2039 567 2113 614 (lb.
2129 566 2173 612 X,
2195 581 2263 618 29,
2278 568 2300 618 §
2318 567 2372 619 5.)

1465 640 1495 665 s.
1527 624 1748 677 Δημόκριτος
1765 624 1801 663 δέ
1818 641 1936 679 φησιν,
1955 628 2001 670 ὡς
2020 624 2155 665 ἔνδοθεν
2170 631 2230 666 τοῦ
2246 629 2387 681 θριγκοῦ
2403 626 2469 675 τὴν

1410 684 1627 738 κυπάρισσον
1662 684 1714 723 δεῖ
1745 684 1975 737 φυτεύεσθαι,
2004 683 2063 722 ἵνα
2096 685 2176 723 κατ’
2208 685 2392 739 ἀμφότερα
2421 688 2471 731 εἷς

1410 743 1528 796 τέρψιν
1561 742 1625 782 καὶ
1656 743 1875 797 περιφραγὴν
1907 743 2065 795 γένηται.
2091 743 2164 796 (lb.
2182 743 2252 793 Xl,
2271 745 2311 793 5,
2332 745 2429 798 54.)

1462 816 1492 842 9.
1524 802 1744 854 Δημόκριτος
1776 801 1813 840 δέ
1843 817 1960 855 φησιν,
1989 804 2036 846 ὡς
2063 805 2082 842 ὁ
2116 803 2250 855 καρπὸς
2281 806 2344 851 τῆς
2375 803 2469 854 ἰτέας

1408 861 1605 913 λειούμενος
1635 862 1696 900 καὶ
1727 867 1804 906 ταῖς
1823 864 1892 899 τῶν
1927 864 2064 909 κτηνῶν
2084 868 2226 916 τροφαῖς
2259 862 2468 914 μιγνύμενος

1408 924 1518 958 ταῦτα
1551 920 1724 964 λιπαίνει,
1748 921 1972 971 ἓκπινόμενος
2003 920 2039 959 δὲ
2067 921 2235 966 λειανθεὶς
2265 922 2466 975 ἀνθρώπους

1408 979 1550 1030 ἀγόνους
1568 985 1682 1027 ποιεῖ,
1702 979 1737 1025 ἐξ
1752 973 1791 1019 οὗ
1812 995 1899 1033 φησι
1918 979 1978 1019 καὶ
1997 978 2161 1032 ”Ομηρος
2173 995 2181 1004 ·

1448 1070 1583 1114 Κλῆθροί
1599 1071 1626 1104 τ’
1642 1071 1774 1115 αἴγειροί
1787 1083 1821 1104 τε
1835 1072 1889 1104 καὶ
1902 1071 1982 1104 ἰτέαι
1999 1072 2223 1114 ὠλεσίκαρποι.

1407 1146 1602 1202 (Geopon.
1624 1147 1697 1188 lib.
1718 1148 1771 1186 XI
1791 1162 1876 1201 cap.
1894 1148 2010 1197 XIII,
2031 1150 2085 1200 α.)

1463 1221 1510 1248 ιο.
1541 1207 1593 1248 Τὸ
1615 1202 1879 1260 δενδρολίὸανον
1900 1209 2020 1257 ἡδεῖαν
2040 1209 2100 1248 καὶ
2119 1211 2263 1262 βαρεῖαν
2278 1208 2340 1256 τὴν
2355 1208 2466 1261 ὀδμὴν

1405 1266 1500 1320 ἔχει,
1533 1269 1581 1310 ὡς
1615 1269 1633 1305 ὃ
1672 1265 1892 1319 Δημόκριτός
1936 1282 2038 1320 φησι.
2075 1267 2150 1319 (lb.
2172 1267 2242 1315 Xl,
2268 1269 2345 1319 16.)

1461 1339 1505 1365 Η.
1525 1327 1547 1376 S
1564 1332 1629 1366 21.
1652 1324 1771 1368 Ἰόὸας
1788 1323 1851 1379 μὲν
1869 1326 1887 1362 ὁ
1904 1323 2068 1377 βασιλεὺς
2084 1325 2227 1365 Αιὸύων
2254 1327 2290 1365 ἐν
2313 1321 2465 1378 λάρνακι

1405 1384 1522 1438 ξυλίνῃ
1539 1385 1624 1440 φησὶ
1639 1385 1708 1423 δεῖν
1726 1385 1902 1423 ποιεῖσθαι
1913 1384 2096 1435 μελίσσας·
2111 1386 2335 1438 Δημόκριτος
2351 1388 2387 1426 δὲ
2402 1386 2463 1425 καὶ

1408 1445 1531 1497 Βάρων
1545 1447 1578 1484 ἐν
1588 1442 1755 1496 Ῥωμαία
1767 1443 1910 1495 γλώσσῃ
1927 1445 1962 1481 ἐν
1974 1442 2059 1498 οἴκῳ
2070 1444 2155 1496 φασὶ
2168 1448 2361 1492 ποιεῖσθαι,
2373 1445 2462 1499 ὅπερ

1404 1503 1477 1542 ἐστὶ
1496 1502 1557 1541 καὶ
1579 1503 1736 1552 ἄμεινον.
1755 1504 1778 1554 5
1803 1509 1868 1543 22.
1888 1502 1934 1543 ‘O
1952 1502 1987 1541 δὲ
2008 1503 2135 1556 τρόπος
2150 1499 2268 1550 οὗτος·
2285 1497 2391 1550 oin&
2409 1520 2464 1544 σοι

1404 1563 1496 1601 ἔστω
1509 1562 1653 1616 ὑψηλός,
1665 1563 1939 1615 δεκαπηχυαῖος,
1950 1563 2011 1603 καὶ
2021 1557 2119 1616 εἶρος
2129 1566 2254 1617 πηχῶν
2268 1563 2374 1615 ι’,καὶ
2387 1566 2464 1610 ταῖς

1406 1624 1542 1666 λοιπαῖς
1561 1624 1728 1675 πλευραῖς
1748 1622 1834 1666 ἴσος.
1870 1621 2017 1667 Εἴσοδος
2034 1624 2070 1661 δὲ
2089 1625 2136 1668 εἷς
2153 1625 2255 1662 αὐτὸν
2271 1624 2462 1676 περιτιυιεί-

1405 1686 1477 1720 σθω
1491 1681 1567 1733 μία,
1581 1681 1640 1720 καὶ
1657 1682 1790 1734 θυρίδες
1805 1682 1847 1731 δ’,
1864 1683 1898 1721 ἐν
1915 1682 2056 1736 ἑκάστῳ
2072 1684 2180 1736 τοίχῳ
2195 1683 2273 1734 μία.
2285 1685 2308 1735 S
2319 1691 2385 1724 23.
2399 1685 2463 1729 Εἷς

1404 1746 1524 1780 τοῦτον
1551 1735 1608 1780 οὖν
1634 1732 1777 1793 ἀγαγὼν
1812 1745 1895 1794 βοῦν
1925 1742 2246 1795 τριακοντάμηνον,
2274 1742 2460 1796 εὔσαρκον,

1403 1800 1552 1853 λιπαρὸν
1573 1801 1729 1852 μάλιστα
1742 1831 1752 1850 ,
1773 1801 1985 1854 περίστησαν
2006 1803 2101 1854 αὐτῷ
2119 1802 2259 1846 νεανίας
2286 1801 2459 1853 πολλούς,

1404 1861 1466 1899 καὶ
1485 1860 1710 1899 τυπτέτωσαν
1740 1859 1844 1899 αὐτὸν
1871 1863 2046 1914 ἰσχυρῶς,
2067 1861 2128 1899 καὶ
2149 1861 2336 1905 τύπτοντες
2357 1862 2460 1901 αὐτὸν

1405 1920 1570 1972 ῥοπάλοις
1591 1919 1916 1966 ἀποκτεινάτωσαν,
1938 1922 2026 1970 ὁμοῦ
2051 1927 2129 1965 ταῖς
2151 1920 2251 1973 σαρξὶ
2281 1921 2326 1960 τὰ
2353 1921 2458 1961 ὀστέα

1403 1981 1641 2023 συναλοῦντες.
1653 1982 1675 2030 S
1687 1987 1749 2019 2⁴.
1764 1980 1937 2026 Φυλακὴν
1949 1980 1984 2018 δὲ
1998 1980 2178 2033 ἐχέτωσαν
2189 1981 2230 2020 τὸ
2249 1979 2298 2031 μὴ
2310 1980 2460 2031 αἱμάξαι

1444 2095 1473 2124 7.
1499 2092 1704 2124 Democritus
1734 2092 1797 2132 ait,
1830 2091 1978 2123 arborem
2005 2091 2154 2132 punicam
2181 2092 2215 2124 et
2241 2093 2384 2133 myrtum
2410 2092 2458 2124 in·

1400 2154 1505 2184 vicem
1536 2152 1676 2193 gaudere
1713 2156 1745 2183 et
1776 2152 1869 2192 juxta
1900 2152 2060 2193 plantatas
2091 2151 2197 2183 fructu
2228 2151 2392 2184 abundare
2421 2161 2459 2184 ac

1399 2212 1525 2245 radices
1564 2215 1682 2244 mutuo
1722 2211 1906 2252 implicare,
1936 2211 2062 2243 etiamsi
2094 2219 2159 2243 non
2206 2210 2300 2244 valde
2343 2211 2459 2244 vicinoe

1400 2271 1476 2303 sint.

1439 2332 1474 2361 8.
1504 2328 1709 2362 Democritus
1729 2327 1814 2360 intra
1830 2336 1938 2369 sepem
1952 2327 2161 2370 plantandam
2175 2336 2247 2360 esse
2267 2335 2457 2369 cupressum

1397 2388 1461 2427 ait,
1490 2393 1527 2420 ut
1546 2391 1578 2420 et
1606 2387 1646 2419 ad
1671 2387 1917 2420 delectationem
1936 2391 1969 2420 et
1995 2386 2036 2419 ad
2062 2387 2278 2428 sepimentum
2307 2395 2344 2419 ae
2365 2387 2456 2428 quasi

1397 2448 1637 2479 munimentum
1655 2447 1820 2479 nascatur.

1438 2512 1468 2539 9.
1495 2507 1701 2539 Democritus
1713 2505 1777 2546 ait,
1795 2505 1935 2538 fructum
1954 2504 2062 2538 salicis
2078 2504 2193 2537 tritum
2209 2505 2243 2537 et
2260 2501 2378 2546 palmiti
2398 2513 2456 2545 pe·

1395 2577 1508 2600 curum
1535 2567 1717 2599 admixtum
1740 2567 1808 2608 ipsa
1834 2566 2077 2608 pinguefacere,
2091 2566 2203 2599 tritum
2226 2567 2337 2598 autem
2357 2568 2457 2606 atque

1396 2631 1543 2670 potatum
1563 2629 1712 2661 homines
1736 2628 1861 2661 steriles
1888 2629 1921 2660 et
1943 2626 2150 2669 procreandis
2178 2625 2289 2659 liberis
2313 2626 2454 2668 impares

1395 2688 1545 2728 reddere,
1562 2687 1649 2721 unde
1667 2687 1752 2729 apud
1773 2688 1952 2719 Homerum
1971 2699 1980 2719 :

1437 2747 1509 2781 Alni
1526 2750 1558 2781 et
1577 2747 1684 2789 populi
1705 2748 1803 2788 nigrae
1819 2748 1852 2779 et
1869 2747 1980 2778 salices
1997 2745 2203 2788 frugiperdae.

1439 2810 1489 2840 10.
1512 2808 1576 2839 Ros
1593 2806 1733 2839 marinus
1749 2806 1929 2847 jucundum
1944 2806 1977 2837 et
1988 2813 2120 2846 gravem
2138 2804 2271 2837 odorem
2287 2803 2401 2844 babet,
2416 2807 2452 2836 ut

1393 2866 1438 2898 ait
1455 2865 1672 2898 Democritus.
2170 2858 2176 2863 '

1436 2927 1486 2957 11.
1512 2923 1597 2956 Juba
1612 2924 1751 2965 Libyum
1766 2932 1821 2956 rex
1840 2922 1873 2955 in
1888 2931 1962 2955 arca
1978 2922 2079 2963 lignea
2095 2930 2172 2963 apes
2190 2921 2258 2954 fieri
2281 2921 2369 2962 vum
2387 2922 2450 2954 De·

1393 2982 1549 3015 mocritus
1569 2991 1644 3014 vero
1659 2983 1693 3014 et
1717 2983 1840 3022 Varro,
1860 2982 1915 3022 qni
1946 2983 2088 3013 Romana
2108 2980 2219 3021 lingua
2242 2979 2392 3021 scripsit,
2417 2980 2450 3012 in

1392 3043 1489 3075 domo
1507 3041 1668 3074 faciendas
1684 3049 1752 3074 esse
1768 3041 1878 3081 aiunt,
1894 3039 1980 3081 quod
1999 3039 2096 3072 etiam
2121 3039 2236 3072 melius
2251 3040 2313 3072 est.
2332 3038 2450 3072 Modus

1391 3105 1500 3135 aulem
1515 3102 1568 3134 bie
1583 3102 1642 3134 est.
1658 3102 1782 3133 Domus
1795 3100 1836 3131 sit
1855 3100 1913 3132 tibi
1931 3099 1994 3131 alta
2007 3099 2119 3132 decem
2135 3098 2264 3131 cubitos
2274 3121 2286 3138 ‚
2305 3098 2449 3132 latitudi-

1391 3162 1440 3193 nis
1455 3161 1533 3194 item
1551 3160 1734 3193 cubitorum
1750 3159 1879 3198 decem,
1902 3158 2033 3199 paribus
2046 3157 2185 3199 denique
2199 3158 2330 3199 reliquis
2343 3158 2449 3191 lateri·

1391 3220 1464 3253 bus.
1485 3220 1613 3253 Ostium
1630 3219 1662 3251 in
1681 3227 1718 3252 ea
1735 3218 1791 3251 liat
1806 3226 1907 3250 unum
1924 3219 1956 3250 et
1970 3218 2118 3250 fenestrae
2134 3220 2303 3258 quattuor,
2319 3217 2352 3250 in
2379 3217 2448 3250 sin·

1391 3279 1472 3318 gulis
1498 3278 1651 3312 lateribus
1676 3287 1752 3312 una.
1784 3279 1823 3311 In
1847 3277 1930 3309 hanc
1955 3276 2088 3308 domum
2121 3276 2306 3309 introducas
2329 3275 2447 3309 bovem

1389 3338 1519 3379 triginta
1543 3337 1722 3376 mensium,
1743 3345 1932 3375 carnosum,
1955 3336 2051 3367 valde
2071 3337 2240 3376 pinguem,
2263 3335 2356 3374 eique
2382 3335 2446 3367 cir-

1390 3397 1523 3430 cumdes
1548 3398 1685 3439 Juvenes
1712 3397 1830 3429 multos
1846 3397 1901 3437 qui
1922 3397 2046 3428 fortiter
2077 3396 2282 3428 verberatum
2308 3395 2446 3427 fustibus

1390 3456 1548 3496 occidant,
1562 3465 1626 3488 una
1640 3465 1715 3489 eum
1729 3455 1879 3488 carnibus
1891 3455 1961 3496 ipsa
1973 3454 2070 3487 etiam
2083 3463 2158 3486 ossa
2172 3454 2445 3493 comminiirntes;

1390 3508 1557 3551 diligenter
1583 3510 1691 3542 autem
1712 3510 1867 3549 caveant,
1886 3518 1927 3541 ne
1948 3509 2026 3550 quid
2053 3508 2146 3540 bovis
2171 3509 2341 3540 cruentent
2367 3508 2444 3548 (non
