2612 3814
935 236 1223 276 DEMOCRITI
1268 235 1603 275 FRAGMENTA.

196 323 372 363 πτότατον
404 318 494 363 εἶναι
515 323 574 363 καὶ
605 324 779 375 ὖμενῶδες
802 324 863 362 καὶ
894 323 1030 376 ἀραιόν,
1057 322 1186 376 φλέὸας
1207 338 1245 361 τε

197 385 356 422 ἐντεῦθεν
372 383 432 422 καὶ
456 385 506 428 εἰς
526 383 636 435 ἄκραν
652 382 714 429 τὴν
733 382 887 436 κεφαλὴν
906 382 1111 435 ὓπανίσχειν
1125 397 1245 434 παχυ-

199 441 324 486 τάτας·
344 442 408 489 τὴν
428 446 507 494 γοῦν
527 441 657 496 τροφὴν
678 441 739 481 καὶ
754 442 882 489 ταύτης
896 458 934 480 τε
947 443 986 481 τὸ
1005 441 1244 494 γονιμώτατον

195 498 333 539 ὤκιστα
353 500 591 541 ἀναδίδοσθαι.
610 499 682 539 Καὶ
696 503 718 547 ἦ
739 500 801 552 μὲν
819 500 953 551 πιμελὴ
973 501 1089 545 αὐτοῖς
1108 500 1245 551 ἔξωθεν,

201 560 299 612 φησί,
318 563 529 613 περιχεῖται,
549 562 571 607 ἡ
593 559 628 598 δὲ
649 559 748 613 ἰσχὺς
768 563 830 607 τῆς
849 563 977 614 τροφῆς
1001 561 1034 606 ἐς
1053 560 1116 607 τὴν
1135 575 1244 614 κεφα-

198 617 262 665 λὴν
285 618 341 658 διὰ
360 621 428 657 τῶν
449 619 585 672 φλεὸῶν
599 620 840 671 ἀναθόρνυται·
861 618 956 658 ἔνθεν
977 614 1035 658 ουν
1056 620 1099 657 τὰ
1113 619 1245 672 κέρατα

199 677 398 753 ἔκφύεσθαι
406 677 463 716 διὰ
483 679 615 724 πολλῆς
638 679 860 732 ἐπαρδόμενα
879 695 941 726 της
960 678 1118 730 ἰκμάδος.
1133 679 1246 717 Συνε-

196 730 322 789 Αὴςῗ
282 753 340 775 ουν
358 740 444 775 οὖσα
475 737 686 791 ε’πιρρέουσά
706 754 743 776 τε
767 738 944 783 ἐξωθεῖται
971 738 1144 792 προτέρω.
1172 737 1246 777 Καὶ

199 795 239 833 τὸ
259 794 322 846 μὲν
343 796 562 850 ὗπερίσχον
549 796 651 850 υγρὸν
674 797 739 842 ἔξω
755 801 816 836 τοῦ
836 797 999 849 σώματος
1018 799 1170 849 σκληρὸν
1191 797 1244 849 γί-

198 867 317 901 νεται,
338 854 532 904 πηγνύντος
561 855 643 894 αὐτὸ
669 856 730 895 καὶ
748 861 973 910 κερατοῧντος
1002 860 1060 895 τοῦ
1079 856 1188 908 ἀέρος·
1208 856 1247 894 τὸ

197 911 234 951 δὲ
256 913 350 952 ἔνδον
373 913 424 953 ἔτι
443 914 598 966 μεμυκὸς
617 915 752 954 ἁπαλόν
776 917 861 955 ε’στι.
899 916 972 956 Καὶ
991 915 1029 955 τὸ
1057 914 1119 966 μὲν
1137 916 1247 962 σκλη-

197 970 338 1023 ρύνεται
360 972 426 1011 ὑπὸ
445 976 508 1020 τῆς
535 973 658 1018 ἔξωθεν
676 974 820 1028 ψύξεως,
849 974 888 1014 τὸ
913 975 948 1014 δὲ
969 974 1105 1013 ἁπαλὸν
1128 974 1245 1024 μένει,

198 1030 338 1079 ὑπὸτῆς
351 1030 447 1071 ἔνδον
460 1032 578 1077 ἀλέας.
602 1034 739 1072 Οὐκοῦν
752 1035 774 1079 ἡ
796 1033 956 1087 ἐπίφυσις
972 1037 1031 1072 τοῦ
1045 1031 1121 1071 νέου
1137 1032 1247 1085 κέρα-

194 1104 252 1134 τος
286 1090 326 1128 τὸ
350 1090 584 1144 πρεσὸύτερον
617 1093 663 1135 ὡς
678 1091 875 1162 ...ἀλλότριον
909 1091 1039 1140 ἐξωθεῖ,
1064 1090 1244 1135 θλίὸοντος

198 1164 255 1187 του
278 1149 372 1188 ἔνδον
394 1152 454 1188 καὶ
475 1153 617 1189 ἀνωθεῖν
640 1153 742 1189 τοῦτο
767 1154 802 1189 θε
790 1151 934 1199 έλονιὉς,
955 1150 1016 1188 καὶ
1039 1152 1247 1202 ὄδυνῶνιος,

196 1208 256 1246 καὶ
271 1207 509 1266 σφύζοντος,“
484 1224 603 1262 ωσπερ
616 1210 871 1260 ἐπειγομένου
861 1212 1028 1262 τεχθῆναι
1042 1225 1102 1248 και
1117 1211 1246 1261 προελ-

194 1270 280 1307 θεῖν.
308 1267 353 1307 ‘ll
372 1268 440 1319 γάρ
460 1283 514 1307 τοι
534 1267 640 1319 ἰκμὰς
651 1267 856 1320 πηγνυμένη
876 1269 937 1307 καὶ
957 1269 1248 1308 ὓπανατέλλουσα

197 1327 358 1377 ἀτρεμεῖν
381 1325 583 1371 ἀδύνατός’
569 1343 653 1367 εστι·
675 1327 818 1366 δύναται
837 1327 904 1381 γὰρ
926 1327 1014 1375 αὐτὴ
1034 1328 1170 1381 σκληρὰ
1189 1345 1249 1379 γε·

191 1386 322 1434 νομένη
337 1385 397 1424 καὶ
413 1387 599 1425 ἔπωθεῖται
614 1392 684 1431 τοῖς
700 1387 893 1440 προτέροις.
912 1387 983 1427 Καὶ
997 1386 1043 1426 τὰ
1058 1387 1120 1438 μὲν
1138 1388 1247 1427 πλείω

195 1443 414 1483 ε’κθλίὸονται
435 1445 503 1483 ὑπὸ
522 1449 586 1493 τῆς
602 1445 721 1498 ἰσχύος
738 1449 798 1493 τ’ῆς
820 1445 927 1485 ἔνδον·
947 1446 1016 1494 ἤδη
1038 1446 1075 1485 δέ
1093 1463 1170 1486 τινα
1187 1447 1247 1486 καὶ

194 1501 333 1546 κλάδοις
359 1504 607 1556 περισχεθέντα
642 1505 702 1543 καὶ
731 1506 964 1555 ἐμποδίζοντα
988 1507 1036 1550 εἰς
1066 1505 1124 1544 τὸν
1150 1505 1245 1545 ’ὠκὺν

192 1560 321 1613 δρόμον
357 1562 425 1601 ὑπὸ
455 1563 574 1617 ῥώμης
607 1564 647 1604 τὸ
681 1564 797 1616 θηρίον
832 1564 1028 1616 ὠθούμενον
1054 1563 1243 1618 ἀπέρρηξε.

197 1619 268 1658 Καὶ
288 1619 332 1658 τὰ
352 1620 414 1671 μὲν
438 1620 623 1670 ἐξώλισθε,
639 1622 684 1662 τὰ
705 1622 741 1661 δὲ
758 1622 883 1674 ἕτοιμα
904 1622 1087 1662 ἐκκόπτειν
1102 1627 1124 1671 ἡ
1146 1623 1245 1677 φύσις

191 1678 354 1731 προάγει.

330 1739 489 1788 (AElian.
504 1739 715 1779 deanimal.
731 1750 859 1780 natur.
874 1741 947 1781 lib.
967 1741 1043 1780 XII
1065 1743 1146 1793 cap'.
1166 1741 1244 1794 18.)

246 1809 278 1836 σ.
301 1797 556 1849 Τοῖςτομιάις
584 1799 696 1850 βουσί,
729 1800 947 1854 Δημόκριτος
971 1799 1081 1852 λέγει,
1103 1801 1243 1849 σκολιά,

192 1854 304 1893 λεπτὰ
322 1855 383 1894 καὶ
405 1856 526 1910 μακρὰ
554 1857 677 1910 φύεται
702 1860 746 1897 τὰ
766 1858 918 1911 κέρατα·
938 1860 1010 1904 τοῖς
1034 1858 1070 1898 δὲ
1092 1859 1246 1913 ἐνόρχοις

191 1913 311 1966 παχέα
325 1916 371 1953 τὰ
386 1915 468 1968 πρὸς
487 1919 531 1968 τῇ
553 1917 641 1969 ῥίζῃ,
659 1916 719 1955 καὶ
730 1918 814 1970 ὀρθὰ
829 1918 888 1955 καὶ
902 1920 986 1971 πρὸς
998 1922 1109 1969 μῆκος
1127 1917 1243 1972 προή-

190 2028 329 2069 indeque
359 2029 398 2060 ad
421 2030 535 2071 capitis
553 2031 706 2063 verticem
739 2032 953 2064 crassissimas
975 2041 1074 2065 venas
1097 2033 1213 2065 exoriri
1233 2045 1241 2065 :

190 2088 326 2129 ideoque
358 2088 593 2121 nutrimentum
623 2092 656 2122 et
684 2090 746 2122 cibi
774 2092 896 2131 partem
919 2091 1107 2124 validiorem
1132 2092 1242 2124 nativo

190 2148 296 2180 calore
313 2148 459 2181 celeriter
475 2148 588 2190 digeri.
613 2152 658 2182 Ac
681 2150 837 2191 pinguedo
857 2150 1001 2192 quidem,
1016 2160 1090 2191 quae
1110 2151 1140 2184 iu
1164 2151 1244 2184 cibis

191 2210 251 2246 ἢεί,
266 2208 477 2248 extrinsecus,
489 2209 603 2251 inquit,
618 2210 696 2251 ipsis
709 2211 989 2252 circumfunditur,
1008 2212 1093 2252 quod
1111 2212 1243 2245 solidius

190 2266 222 2299 in
236 2267 275 2300 iis
288 2270 347 2308 est,
367 2276 423 2309 per
436 2276 532 2301 venas
547 2269 577 2301 in
597 2271 694 2309 caput
709 2270 809 2310 surgit
822 2281 831 2311 ;
845 2270 919 2303 iude
935 2279 1056 2303 cornua
1076 2271 1120 2303 ait
1136 2272 1240 2304 multo

191 2326 323 2359 humore
335 2326 462 2368 irrigata
475 2327 593 2360 enasci.
609 2328 669 2360 llic
683 2328 800 2361 humor
809 2339 909 2370 quum
918 2330 1121 2362 continenter
1132 2330 1243 2362 affluat

191 2385 288 2427 (quod
303 2394 343 2418 ex
359 2395 398 2419 eo
408 2386 589 2429 coaluerit),
604 2390 813 2429 promovetur
826 2391 857 2420 et
871 2389 1012 2421 truditur
1029 2389 1124 2422 foras.
1140 2389 1242 2427 Quid-

189 2443 268 2485 quid
280 2444 376 2485 igitur
391 2445 462 2484 ejus
479 2446 571 2478 extra
587 2455 702 2487 corpus
723 2447 861 2484 eminet,
886 2447 1028 2480 durescit
1048 2457 1120 2481 aere
1137 2448 1241 2489 ipsum

189 2502 344 2535 solidante
366 2503 442 2536 etin
458 2513 607 2536 corneam
627 2505 778 2538 duritiem
795 2506 1032 2546 confirmante3
1058 2507 1144 2548 quod
1159 2507 1244 2540 intra

188 2562 297 2593 cutem
318 2560 426 2593 adhuc
443 2562 600 2595 inclusum
619 2565 756 2604 tenetur,
778 2564 874 2596 molle
894 2567 954 2597 est.
977 2565 1082 2605 Atque
1102 2565 1240 2598 alterum

188 2619 320 2660 quidem
349 2622 483 2652 externa
517 2621 753 2662 refrigeratione
779 2622 922 2663 rigescit,
948 2622 1086 2655 alterum
1115 2623 1242 2655 interno

187 2679 293 2711 calore
307 2679 476 2712 mollitiem
490 2682 608 2712 servat.
624 2682 784 2719 Quocirca
804 2690 912 2714 recens
925 2690 1026 2713 cornu
1043 2681 1242 2715 subnascens

189 2738 284 2770 vetus
301 2739 454 2779 tanquam
471 2739 611 2771 alienum
631 2739 774 2780 expellit,
791 2740 869 2772 dum
890 2740 1020 2772 interior
1037 2749 1111 2782 pars
1127 2742 1242 2782 premit

185 2796 320 2828 alteram
332 2805 468 2838 eamque
485 2807 613 2830 sursum
631 2799 749 2839 pellere
763 2799 858 2839 gestit
872 2799 1033 2840 simulque
1046 2809 1116 2832 eam
1133 2800 1242 2834 dolore

188 2854 288 2888 afficit
304 2857 336 2888 et
355 2855 421 2897 ipsa
438 2865 456 2889 e
484 2857 597 2890 dolore
623 2857 757 2899 laborat,
784 2860 875 2899 quasi
902 2859 1051 2891 nascendi
1068 2859 1241 2900 cupiditate

187 2914 323 2955 flagrans
339 2916 372 2948 et
397 2915 428 2947 in
450 2916 554 2948 lucem
588 2926 796 2958 prorumpere
825 2917 989 2950 festinans,
1014 2920 1137 2950 Humor
1154 2919 1239 2951 enim

187 2982 398 3015 concrescens
414 2983 452 3007 ac
466 2975 618 3016 paulatim
638 2985 771 3017 surgens
784 2976 939 3009 immotus
950 2986 1079 3010 manere
1096 2978 1209 3018 nequit
1228 2990 1236 3010 z

187 3032 308 3073 quippe
338 3033 460 3065 viribus
490 3033 605 3075 pollet,
632 3036 802 3076 postquam
827 3035 993 3074 obduruit,
1015 3036 1048 3067 et
1070 3035 1101 3067 in
1133 3035 1240 3075 priora

188 3090 375 3131 impellitur.
394 3093 505 3133 ltaque
519 3101 632 3134 magna
646 3102 805 3126 cornuum
823 3103 895 3135 pars
913 3095 1039 3126 interno
1056 3094 1170 3126 robore
1184 3103 1236 3126 ex-

189 3149 317 3190 pellitur
334 3159 343 3181 :
363 3151 516 3183 nonnulla
538 3152 636 3184 etiam
657 3153 809 3185 arborum
833 3153 930 3186 ramis
949 3154 1188 3193 circumplicata
1208 3154 1240 3186 et

187 3208 289 3240 feram
306 3208 346 3240 ad
361 3217 493 3241 cursum
508 3210 672 3243 incitatam
691 3212 898 3252 impedientia
913 3213 942 3244 vi
960 3212 1107 3253 abrumpi
1122 3213 1236 3245 solent.

186 3265 239 3298 Sic
259 3266 313 3297 ubi
339 3266 400 3298 alia
428 3267 512 3300 lente
540 3269 739 3310 prodierunt,
759 3270 823 3302 alia
838 3270 876 3302 ad
898 3270 1104 3303 eminendum
1129 3272 1238 3311 parata

186 3326 309 3356 naturae
330 3325 482 3358 beneficio
502 3327 718 3368 proferuntur.

227 3386 260 3415 6.
287 3384 412 3416 Bubulo
431 3386 534 3426 pecori
552 3389 690 3420 castrato
713 3388 917 3421 Democritus
931 3389 974 3421 ait
993 3390 1150 3429 tortuosa,
1166 3397 1236 3429 gra-

2281 245 2354 278 36⁷

1308 337 1415 361 κοντα
1433 316 1554 369 ἧττον.
1579 320 1651 360 Καὶ
1668 321 1970 372 πλατυμετώπους
1988 317 2074 361 εἶναι
2096 322 2190 374 λέγει
2219 323 2358 370 τούτους

1307 382 1376 419 τῶν
1397 379 1522 432 ἑτέρων
1544 380 1666 432 πολλῷ
1693 381 1841 429 μᾶλλον.
1859 381 1950 419 Τῶν
1975 379 2041 433 γὰρ
2057 381 2195 433 φλεὸῶν
2218 384 2357 422 πολλῶν

1308 441 1456 479 ἐνταῦθα
1474 441 1602 489 οὐσῶν,
1624 437 1827 491 εὐρύνεσθαι
1850 437 1895 477 τὰ
1914 439 2019 477 ὀστέα
2041 441 2100 476 ὑπ’
2132 441 2262 481 αὐτῶν.
2290 442 2358 481 Καὶ

1309 501 1330 546 ἡ
1347 497 1490 551 ἔκφυσις
1509 496 1546 536 δὲ
1568 499 1637 536 τῶν
1656 496 1814 549 κεράτων
1838 495 2024 550 παχυτέρα
2057 492 2144 535 οῧσα
2165 500 2211 542 εἷς
2233 500 2360 544 πλάτος

1308 557 1348 596 τὸ
1368 556 1454 595 αὐτὸ
1471 557 1521 608 τῷ
1534 554 1613 609 ζώῳ
1634 554 1739 608 μέρος
1754 555 1901 609 προάγει
1914 555 1974 594 καὶ
1986 557 2116 595 ἐκεῖνο·
2138 559 2167 595 οἱ
2185 557 2220 595 δὲ
2239 559 2358 609 τομίαι

1309 617 1432 669 μικρὸν
1453 616 1590 668 ἔχοντες
1610 615 1668 654 τὸν
1687 615 1812 655 κύκλον
1829 619 1894 664 τῆς
1910 615 2012 670 ἕδρας
2025 619 2087 664 τῆς
2105 620 2173 655 τῶν
2190 617 2359 670 κεράτων,

1309 674 1544 715 πλατύνονται
1563 669 1684 727 ἧττον,
1701 675 1796 728 φησί.

1446 735 1598 786 (AElian.
1619 735 1668 773 de
1697 735 1855 775 animal.
1879 743 1957 775 nat.
1979 734 2049 776 lib.
2070 734 2143 773 XII
2170 749 2256 787 cap.
2283 740 2360 787 19.)

1362 807 1392 833 7.
1429 795 1476 833 Οἳ
1505 793 1542 832 δὲ
1570 793 1687 847 ἄκερῳ
1719 797 1840 847 ταῦροι
1856 793 1895 831 τὸ
1924 796 2153 845 τρηματῶδες
2186 795 2291 846 (οὕτω
2325 795 2360 834 δὲ

1309 853 1470 903 ὀνομάζει
1491 851 1731 906 Δημόκριτος)
1757 854 1816 892 ἐπὶ
1837 855 1897 891 τοῦ
1923 852 2120 905 βρέγματος
2138 855 2201 892 οὐκ
2223 853 2361 907 ἔχοντες

1313 911 1378 962 (εἴη
1397 913 1425 950 δ’
1443 911 1484 950 ἂν
1506 912 1544 951 τὸ
1564 913 1788 966 σηραγγῶδες
1801 911 1927 964 λέγων)
1943 911 2132 952 ἀντιτύπου
2152 916 2213 953 τοῦ
2233 914 2363 958 παντὸς

1309 971 1406 1016 ὄντος
1425 971 1547 1011 ὀστέου
1573 973 1633 1010 καὶ
1657 971 1720 1016 τὰς
1740 971 1905 1026 συρροίας
1925 973 1993 1010 τῶν
2014 974 2138 1024 χυμῶν
2153 974 2191 1012 οὐ
2214 974 2363 1026 δεχομέ-

1309 1047 1367 1069 νου
1380 1061 1390 1080 ,
1409 1031 1535 1083 γυμνοί
1550 1047 1587 1070 τε
1601 1031 1662 1070 καὶ
1680 1031 1820 1104 ἄμοιρρι
1835 1030 2103 1083 γίνονταιτῶνδε
2121 1034 2188 1070 τῶν
2205 1033 2362 1082 ἀμυντη-

1313 1089 1410 1143 ρίων.
1436 1089 1509 1128 Καὶ
1542 1092 1577 1128 αἱ
1600 1089 1731 1151 Ξλέὸες
1767 1090 1802 1128 δὲ
1834 1092 1870 1128 αἱ
1901 1089 1993 1128 κατὰ
2010 1094 2070 1128 τοῦ
2107 1089 2229 1130 ὀστέου
2264 1093 2363 1131 τουδε

1312 1148 1554 1202 ἀτροφώτεραι
1581 1152 1696 1195 οὖσαι,
1727 1148 1937 1201 λεπτότεραί
1962 1163 2000 1187 τε
2026 1148 2086 1187 καὶ
2113 1149 2361 1202 ἀσθενέστεραι

1309 1206 1479 1257 γίνονται.
1517 1207 1668 1270 Ἀνάγκη
1701 1207 1737 1246 δὲ
1767 1208 1829 1247 καὶ
1858 1207 2041 1260 ξηρότερον
2066 1209 2124 1246 τὸν
2142 1209 2276 1261 αὐχένα
2294 1225 2362 1248 των

1311 1266 1492 1318 ἀκεράτων
1512 1260 1612 1305 εἶναι·
1631 1267 1840 1321 λεπτότεραι
1861 1267 1928 1320 γὰρ
1949 1266 2010 1305 καὶ
2030 1283 2066 1305 αι
2086 1267 2208 1306 τούτου
2224 1268 2362 1321 φλέὸες,

1309 1325 1425 1378 ταύτῃ
1454 1341 1508 1364 τοι
1523 1325 1584 1364 καὶ
1615 1326 1812 1381 ἐρρωμέναι
1834 1331 1954 1374 ἦττον.
1988 1325 2102 1365 εὈο-αι
2125 1327 2159 1366 δὲ
2196 1327 2359 1380 Ἀράὸιαι

1313 1384 1390 1437 βόες
1408 1384 1545 1432 θηλειαι
1563 1385 1627 1437 μέν
1645 1387 1712 1424 εἰσι
1725 1386 1765 1426 τὸ
1780 1385 1891 1439 γένος,
1905 1387 2041 1438 ἔκφυεῒς
2053 1386 2118 1424 δὲ’
2103 1402 2138 1430 ες
2153 1386 2198 1425 τὰ
2213 1386 2363 1458 κέρατα,

1310 1460 1371 1483 και
1391 1442 1534 1488 ταύταις
1556 1461 1607 1489 τις
1633 1445 1838 1499 ἐπισύρῤοια
1864 1445 1979 1491 πολλὴ
2000 1447 2067 1483 τῶν
2100 1448 2238 1498 χυμῶν,
2262 1446 2362 1498 φησί,

1308 1502 1418 1556 τροοὴ
1433 1506 1495 1550 τῆς
1509 1505 1667 1556 εὐγενοῦς
1687 1505 1843 1556 βλάστης
1863 1510 1934 1549 τοῖς
1947 1504 2089 1558 κέρασίν
2106 1508 2210 1544 ἐστιν.
2228 1503 2365 1558 Ἄκερω

1310 1563 1346 1602 δὲ
1380 1564 1440 1602 καὶ
1477 1558 1581 1603 αὗται
1605 1557 1707 1603 οῧσαι
1726 1565 1765 1603 τὸ
1785 1565 1942 1604 δεκτικὸν
1975 1569 2038 1612 τῆς
2072 1565 2218 1616 ἰκμάδος
2244 1566 2365 1605 ὀστέον

1309 1623 1539 1676 στερεώτερόν
1566 1639 1604 1661 τε
1625 1622 1746 1676 ἔχουσι
1762 1623 1823 1662 καὶ
1843 1625 2006 1677 δέχεσθαι
2026 1624 2105 1669 τοὺς
2128 1624 2261 1676 χυμοὺς
2281 1624 2361 1672 ἥκι-

1309 1698 1405 1722 στον.
1445 1682 1516 1722 Καὶ
1547 1682 1724 1722 συνελόντι
1758 1685 1880 1731 εἰπεῖν,
1907 1682 2012 1730 αὔξης
2034 1687 2056 1732 ἡ
2078 1683 2222 1737 ἐπιρροὴ
2259 1684 2355 1723 αἰτία

1308 1743 1379 1787 τοῖς
1397 1742 1520 1794 κέρασι
1533 1742 1686 1789 ·ταύτην
1705 1741 1740 1781 δὲ
1754 1742 1823 1795 ἄρα
1843 1741 2092 1795 ἐποχετεύουσι
2113 1742 2240 1796 φλέὸες
2259 1745 2363 1782 πλεῖ-

1308 1800 1390 1839 σταί
1412 1816 1449 1839 τε
1470 1800 1530 1838 καὶ
1562 1799 1766 1853 παχύταῖαι
1795 1801 1854 1840 καὶ
1875 1801 1977 1853 ὑγρὸν
1998 1801 2159 1850 κύουσαι,
2196 1801 2277 1841 ὅσον
2299 1802 2367 1840 καὶ·

1308 1859 1472 1898 δύνανται
1494 1859 1642 1910 στέγειν.

1444 1919 1597 1971 (AElian.
1621 1919 1668 1956 (le
1686 1919 1841 1957 animal.
1862 1928 1941 1959 nat.
1964 1920 2034 1959 lib.
2057 1920 2129 1957 XII
2147 1934 2178 1958 c.
2203 1919 2280 1972 20.)

1306 2033 1390 2073 cilia,
1416 2034 1508 2074 longa
1530 2033 1616 2065 nasci
1638 2042 1772 2072 cornua,
1800 2036 1911 2065 contra
1938 2034 2074 2066 testibus
2098 2034 2234 2075 praedito
2256 2034 2362 2067 enasci

1306 2092 1483 2125 secundum
1509 2092 1649 2125 radicem
1672 2101 1794 2131 crassa,
1818 2094 1926 2131 recta,
1945 2093 2116 2133 minusque
2133 2093 2268 2134 prolixa.
2295 2095 2363 2125 Hos

1306 2149 1409 2182 latiori
1427 2159 1522 2191 quam
1535 2149 1651 2182 alteros
1667 2149 1771 2182 fronte
1786 2159 1856 2182 esse
1870 2150 1961 2183 dicit.
1981 2153 2062 2183 Nam
2079 2161 2180 2192 quum
2195 2152 2232 2184 iis
2249 2152 2360 2184 multae

1304 2208 1369 2241 sint
1383 2217 1484 2248 venae,
1507 2209 1575 2248 liis,
1593 2209 1708 2250 inquit,
1730 2218 1801 2241 ossa
1828 2209 2015 2242 dilatantur.
2033 2211 2136 2243 Simul
2154 2213 2187 2243 et
2202 2219 2358 2243 cornuum

1305 2268 1445 2309 eruptio,
1463 2268 1615 2309 quoniam
1627 2269 1762 2300 crassior
1776 2268 1829 2308 sit,
1845 2269 1928 2301 hanc
1941 2278 2070 2310 quoque
2083 2271 2205 2310 partem
2221 2270 2261 2301 ad
2275 2279 2357 2311 eam,

1305 2337 1379 2368 quae
1399 2328 1521 2368 reliquo
1539 2326 1683 2359 animalis
1699 2327 1826 2367 corpori
1842 2328 2048 2368 respondeat,
2067 2327 2268 2360 latitudinem
2283 2337 2357 2369 per-

1304 2386 1396 2418 ducit
1412 2386 1575 2418 :castratis
1584 2394 1661 2418 vero
1668 2385 1754 2426 quod
1763 2385 1854 2417 sedes
1863 2394 2019 2418 cornuum
2030 2388 2060 2418 et
2073 2386 2199 2418 initium
2208 2395 2359 2419 enascen-

1307 2443 1340 2475 di
1361 2452 1555 2485 perparvum
1573 2443 1690 2476 habeat
1703 2442 1874 2483 circulum,
1892 2444 2000 2476 minus
2020 2443 2174 2476 dilatatur
2188 2444 2259 2477 haec
2273 2454 2357 2487 pars.

1345 2505 1376 2536 7.
1390 2504 1490 2534 Porro
1510 2502 1617 2534 mutili
1635 2501 1737 2534 boves
1754 2502 1952 2535 trematodes
1964 2504 2014 2543 (ut
2032 2503 2234 2536 Democritus
2248 2505 2358 2545 vocat)

1304 2561 1336 2593 id
1357 2564 1405 2594 est
1421 2561 1646 2593 foraminatam
1664 2560 1821 2601 sincipitis
1837 2562 1961 2602 partem
1980 2570 2046 2594 non
2069 2562 2238 2602 habentes,
2256 2571 2359 2603 quum

1304 2629 1340 2652 os
1359 2619 1546 2652 universum
1576 2619 1693 2653 durum
1720 2620 1927 2662 solidumque
1957 2621 1999 2653 sit
2026 2624 2123 2662 atque
2148 2620 2358 2653 influxionen'x

1305 2678 1478 2710 liumorum
1506 2688 1571 2711 non
1598 2679 1760 2719 admittat,
1787 2679 1938 2711 cornibus
1970 2679 2047 2711 nudi
2075 2688 2113 2711 ac
2131 2679 2236 2712 mutili
2269 2683 2356 2711 sunt.

1303 2738 1403 2769 venne
1425 2737 1522 2769 etiam
1545 2737 1630 2769 circa
1656 2737 1740 2770 idem
1757 2746 1793 2770 os
1813 2738 1919 2770 minus
1937 2737 2081 2770 alimenti
2103 2738 2268 2770 continent
2286 2747 2357 2779 pro-

1307 2797 1416 2836 pterea
1433 2796 1520 2837 quod
1541 2799 1709 2838 pertenues
1728 2800 1760 2830 et
1777 2797 1914 2829 intirmae
1924 2799 2011 2829 sunt.
2027 2797 2089 2830 Sed
2102 2798 2213 2830 cervix
2226 2805 2357 2838 quoque

1303 2855 1492 2887 mutilorum
1511 2855 1608 2888 bourn
1638 2856 1817 2889 necessario
1834 2852 1949 2888 siccior
1970 2860 2032 2896 est,
2054 2866 2155 2897 quum
2170 2856 2202 2888 in
2219 2863 2257 2888 ea
2273 2857 2356 2897 pari-

1303 2918 1350 2947 ter
1369 2914 1549 2956 graciliores
1568 2914 1666 2947 insint
1697 2923 1790 2947 venae
1814 2919 1912 2956 atquc
1944 2914 2064 2947 idcirco
2095 2916 2202 2950 minus
2230 2917 2354 2950 validae.

1303 2974 1465 3006 Caeterum
1485 2982 1559 3014 quae
1578 2974 1611 3006 in
1629 2973 1743 3006 Arabia
1757 2977 1832 3006 sunt
1852 2983 1971 3015 vaccae,
1988 2983 2034 3006 eae
2048 2975 2199 3008 cornibus
2214 2975 2354 3016 insignes

1301 3041 1370 3065 esse
1388 3032 1504 3072 solent,
1522 3032 1610 3073 quod
1629 3032 1670 3064 ad
1691 3041 1729 3065 ea
1747 3032 1882 3074 scilicet,
1907 3033 2011 3073 inquit
2034 3033 2098 3074 ille,
2114 3033 2231 3066 humor
2247 3034 2356 3075 copio-

1301 3100 1370 3132 suS,
1389 3092 1473 3124 unde
1490 3100 1641 3133 generosa
1664 3092 1717 3124 illa
1744 3093 1887 3133 germina
1907 3092 2109 3134 nutriuntur,
2131 3093 2284 3126 confluat.
2310 3096 2356 3126 [tx

1302 3151 1352 3183 liis
1369 3160 1443 3192 quae
1458 3151 1609 3184 cornibus
1623 3154 1733 3184 carent
1746 3161 1782 3185 os
1805 3152 1975 3184 humorem
2001 3151 2143 3193 recipere
2158 3152 2289 3186 solitum
2304 3162 2354 3184 so-

1301 3211 1397 3244 lidius
1416 3212 1535 3245 liabent
1557 3214 1589 3246 et
1608 3213 1857 3255 haudquaquam
1878 3214 1917 3246 ad
1936 3222 2011 3246 eum
2038 3213 2257 3256 recipiendum
2285 3212 2354 3245 ido-

1286 3280 1410 3304 ·neum.
1435 3274 1478 3305 Ut
1506 3272 1647 3305 breviter
1669 3273 1787 3313 dicam,
1811 3274 1999 3306 incrementi
2019 3282 2115 3306 causa
2137 3272 2288 3306 cornibus
2307 3274 2357 3304 est

1302 3330 1580 3373 asfluentia‚quam
1592 3341 1668 3365 sane
1683 3333 1828 3374 plurimae
1839 3334 1871 3365 et
1882 3333 2089 3365 crassissimae
2100 3341 2190 3365 venae
2204 3332 2350 3371 humore,

1300 3392 1456 3430 quantum
1475 3390 1555 3424 terre
1577 3393 1721 3432 possunt,
1737 3390 1911 3432 gravidata>
1929 3391 2096 3424 invehunt.

1088 3510 1467 3528 ψ-
