2612 3814
1020 265 1086 305 DE
1113 265 1459 306 ANAXAGORA.

190 358 388 398 Animalia
402 356 572 410 primum
585 367 635 393 ex
647 353 812 393 humore
824 364 862 393 et
877 355 1004 394 calore
1018 357 1197 407 terraque
1226 355 1233 369 '

133 419 390 466 exstiterunt,
410 424 547 470 postea
564 428 614 454 ex
629 427 671 453 se
690 414 859 453 invicem
879 424 969 453 nata
987 423 1079 454 sunt
1100 416 1195 467 (33).

140 497 156 514 «
179 478 282 517 Illud
313 489 493 529 quoque,
517 475 646 527 inquit
676 474 920 514 Censorinus
945 488 1030 528 cap.
1049 474 1094 524 V,
1112 488 1198 532 am—

134 538 293 589 biguam
313 537 406 575 facit
425 536 528 574 inter
547 543 728 573 auctores
744 534 973 586 opinionem
985 564 996 584 ‚
1015 543 1199 574 utrumne

131 611 183 636 ex
201 596 324 650 patris
337 595 453 634 modo
472 594 619 633 semine
638 602 774 646 partus
791 602 987 643 nascatur,
1003 603 1048 633 ut
1061 595 1200 645 Dioge-

135 671 204 697 nes
223 666 261 696 et
281 657 440 708 Hippon
458 653 660 706 Stoicique
674 655 934 707 scripserunt,
945 668 994 694 an
1008 655 1124 694 etiam
1147 668 1197 693 ex

133 716 291 767 mame,
319 714 427 767 quod
448 714 690 764 Anaxagorae
710 723 748 752 et
779 714 990 753 Alcmaeoni
1018 727 1090 753 nec
1118 728 1197 752 non

133 775 356 816 Parmenidi
375 774 680 826 Empedoclique
694 783 731 812 et
747 773 918 825 Epicuro
934 774 1063 812 visum
1079 781 1152 813 est.
1178 790 1194 808 »

133 836 241 887 Idem
255 850 340 888 cap.
350 835 400 873 Vl
415 850 424 873 :
446 852 462 869 α
476 834 507 872 Ε
518 834 666 873 dextris
680 832 860 885 partibus
870 833 1033 885 profuso
1050 832 1199 871 semine

132 909 261 936 mares
280 895 409 947 gigni,
427 903 471 933 ut
489 907 510 932 e
526 894 636 932 laevis
654 893 818 931 feminas
839 892 1092 943 Anaxagoras
1108 891 1197 930 Em·

133 956 394 1010 pedoclesque
413 955 663 993 consentiunt
681 953 758 1003 (34)
783 970 816 992 υ.

186 1017 271 1056 Non
293 1017 420 1056 solum
440 1014 648 1062 animalia,
671 1014 739 1052 sed
761 1026 896 1051 omnes
917 1025 979 1051 res
1002 1011 1199 1063 respirant

128 1090 254 1129 eaque
273 1076 426 1116 ratione
446 1074 604 1113 aluntur
625 1071 719 1126 (35).
739 1073 898 1111 Plantas
919 1072 1113 1122 originem
1135 1086 1196 1111 ac-

130 1137 281 1189 cepisse
301 1144 431 1175 censet
450 1147 473 1173 a
491 1132 709 1173 seminibus
729 1146 816 1183 quae
836 1145 883 1170 ex
902 1144 991 1170 aere
1012 1144 1089 1169 una
1109 1145 1196 1169 cum

128 1209 231 1248 aqua
251 1196 292 1234 in
313 1205 456 1233 terram
481 1192 738 1237 deciderunt,
760 1191 864 1230 unde
883 1191 1022 1229 sumtis
1042 1190 1197 1230 viribus

127 1262 366 1294 enascuntur
393 1250 489 1303 (36).
525 1251 693 1289 Mentem
728 1250 857 1288 inesse
890 1248 1026 1310 docuit
1052 1249 1196 1300 plantis

2246 273 2324 307 24⁷

1262 368 1356 407 quas
1375 355 1593 393 animantes
1625 367 1709 394 esse
1737 354 1891 406 judicat
1924 356 2022 407 (37).
2057 356 2167 394 Mens
2199 365 2328 394 autem

1261 415 1391 454 omnis
1402 415 1545 453 similis
1562 422 1620 453 est
1632 423 1671 453 et
1684 414 1811 466 major
1822 423 1861 453 et
1875 415 2005 453 minor
2021 415 2114 466 (38).
2138 415 2329 454 Somnum

1261 474 1310 513 ad
1331 487 1494 526 corpus,
1512 487 1590 513 non
1607 475 1657 512 ad
1671 475 1846 512 animum
1862 474 2063 526 pertinere
2077 475 2211 513 statuit
2230 475 2330 527 (39).

1260 534 1346 573 Vox
1368 533 1544 583 auditur,
1566 533 1672 585 quod
1692 533 1854 585 spiritus
1872 546 1961 572 aere
1985 532 2107 572 denso
2136 547 2332 585 repercu-

1262 594 1356 633 titur
1375 594 1470 647 (40).
1495 593 1574 631 Aer
1590 593 1673 632 sole
1694 593 1868 632 interdiu
1891 592 2100 631 calefactus
2124 592 2263 631 stridet
2294 602 2333 632 et

1261 653 1476 704 obstrepit,
1503 661 1622 691 noctu
1653 652 1890 704 requiescit,
1920 665 2040 703 quum
2073 651 2199 689 omnis
2227 652 2334 690 calor

1262 712 1378 751 absit.
1405 712 1532 763 Igitur
1558 712 1668 751 horis
1698 713 1902 751 nocturnis
1932 711 2078 763 quibus
2114 711 2247 749 nullus
2278 721 2335 750 est

1262 773 1448 825 strepitus
1468 772 1598 812 audiri
1618 781 1759 812 cuncta
1775 773 1916 811 melius
1933 785 2050 824 quam
2068 771 2224 810 diurnis
2243 784 2337 822 pos-

1262 842 1354 871 sunt
1374 832 1470 884 (41).
1495 836 1710 872 Acutorum
1740 831 1971 870 morborum
2006 844 2161 869 causam
2192 830 2334 869 Clazo-

1265 893 1398 931 menio
1412 892 1653 945 philosopho
1671 893 1797 945 placet
1816 905 1901 931 esse
1918 892 1965 930 fel
1980 921 1991 939 ‚
2002 891 2117 943 'quod
2133 890 2336 929 abundans

1263 953 1303 991 in
1319 953 1565 1004 pulmonem,
1582 953 1625 991 in
1636 965 1758 991 venas
1769 952 1934 1003 atquein
1947 952 2068 989 latera
2082 950 2218 988 defluit
2233 950 2332 1004 (42).

1262 1011 1368 1050 Idem
1405 1026 1493 1050 cum
1515 1011 1658 1050 Stoicis
1685 1011 1899 1050 Fortunam
1932 1023 2016 1049 esse
2047 1010 2150 1048 dixit
2175 1022 2332 1048 causam

1262 1085 1351 1122 quae
1371 1071 1542 1110 humana
1561 1071 1863 1110 ratiocinatione
1883 1070 2069 1120 cognosci
2090 1082 2170 1107 non
2186 1078 2332 1121 posset.

1262 1130 1367 1168 Fie1i
1399 1131 1504 1169 enim
1532 1131 1611 1168 alia
1637 1130 1881 1176 necessario,
1899 1129 1977 1167 alia
2000 1129 2099 1176 fato,
2127 1129 2222 1166 alia
2240 1142 2333 1167 con-

1261 1190 1386 1237 sulto,
1412 1190 1490 1228 alia
1511 1189 1571 1227 foi
1575 1198 1609 1228 te
1631 1189 1809 1240 fortuna,
1835 1189 1912 1226 alia
1931 1201 2023 1226 casu
2042 1188 2140 1241 (43).
2156 1187 2260 1226 Sed
2249 1200 2337 1253 ipsa

1265 1249 1482 1299 fragmenta
1495 1248 1576 1300 jam
1598 1261 1880 1301 proponemus.

127 1370 289 1413 ῥυσάντων
305 1371 468 1410 ποταμῶν.
493 1366 689 1400 Plutarchus
715 1366 756 1398 de
784 1365 867 1407 plac.
896 1364 1014 1406 philos.
1040 1365 1101 1404 111,
1131 1367 1194 1397 16:

127 1416 330 1459 Ἀναξαγόρας
357 1418 414 1448 τοῦ
442 1413 513 1447 κατ’
539 1414 638 1456 ἀρχὴν
663 1413 861 1455 λιμνάζοντος
879 1413 975 1454 ὑγροῦ
997 1423 1198 1454 περικαεντος

126 1465 189 1498 ὑπὸ
207 1467 263 1503 τῆς
281 1463 413 1502 ἡλιακῆς
429 1464 616 1504 περιφορᾶς,
634 1462 688 1493 καὶ
711 1464 767 1492 τοῦ
793 1460 927 1501 λιπαροῦ
943 1459 1196 1500 ἐξατμισθέντος,

127 1513 171 1550 εἰς
190 1510 324 1544 ἁλυκίδα
339 1510 394 1543 καὶ
412 1508 539 1551 πικρίαν
555 1508 592 1541 τὸ
607 1508 718 1541 λοιπὸν
734 1509 923 1546 ὑποστῆναι.

171 1559 236 1602 (33)
259 1559 418 1599 Diogenes
438 1557 587 1591 Laertius
609 1556 665 1590 lib.
682 1558 724 1597 ΙΙ,
744 1560 763 1589 9
782 1566 791 1589 ι
807 1558 873 1597 ζῷα
891 1555 1035 1596 γενέσθαι
1050 1555 1080 1592 ἐξ
1099 1556 1196 1596 ῠγροῦ

130 1609 184 1641 καὶ
205 1609 319 1650 θερμοῦ
331 1606 386 1638 καὶ
399 1606 554 1646 γεώδους·
568 1605 697 1647 ὕστερον
712 1604 745 1636 δὲ
762 1604 793 1641 ἐξ
805 1604 960 1641 ἀλλήλων.

169 1656 235 1698 (34)
259 1654 451 1688 Aristoteles
468 1654 508 1686 de
525 1654 669 1693 generat.
694 1651 825 1684 animal.
849 1652 907 1690 IV,
926 1654 939 1684 1
958 1664 966 1684 z
984 1651 1070 1683 Φασὶ
1085 1651 1145 1693 γὰρ
1168 1653 1198 1684 οἱ

127 1704 184 1746 μὲν
200 1703 233 1737 ἐν
246 1706 312 1740 τοῖς
327 1704 504 1745 σπέρμασιν
518 1701 596 1733 εἶναι
609 1700 726 1738 ταύτην
743 1700 799 1739 τὴν
813 1698 996 1731 ἐναντίωσιν
1009 1699 1095 1736 εὐθύς
1108 1723 1117 1739 ,
1132 1699 1199 1732 οἷον

128 1750 333 1793 Ἀναξαγόρας
352 1751 407 1783 καὶ
421 1750 497 1783 ἔνιοι
511 1752 576 1782 τῶν
591 1748 798 1790 φυσιολόγων.
813 1746 953 1787 γίνεσθαί
972 1756 1007 1778 τε
1019 1746 1080 1788 γὰρ
1094 1747 1129 1778 ἐκ
1142 1748 1199 1778 τοῦ

125 1800 254 1843 ἀρῤενος
279 1799 317 1832 τὸ
338 1799 483 1841 σπέρμα,
506 1798 543 1830 τὸ
560 1797 593 1830 δὲ
612 1798 688 1836 θῆλυ
710 1796 860 1838 παρέχειν
875 1795 930 1827 τὸν
948 1794 1058 1827 τόπον.
1081 1795 1135 1826 και
1161 1795 1198 1827 τὸ

128 1849 185 1888 μὲν
201 1846 293 1891 ἄῤῥεν
309 1847 388 1880 εἶναι
407 1848 443 1879 ἐκ
455 1849 519 1879 τῶν
536 1847 655 1886 δεξιῶν,
668 1845 705 1878 τὸ
717 1844 750 1877 δὲ
774 1844 876 1883 θῆλυ
864 1855 899 1876 εκ
924 1846 988 1876 τῶν
1013 1843 1198 1885 ἀριστερῶν,

125 1898 180 1929 καὶ
206 1899 261 1935 τῆς
287 1896 418 1938 ὑστέρας
444 1894 484 1926 τὰ
512 1894 567 1936 μὲν
592 1893 707 1936 ἆῤῥενα
731 1894 763 1925 ἐν
781 1896 846 1929 τοῖς
867 1892 978 1929 δεξιοῖς
995 1890 1091 1931 εἶναι,
1109 1891 1148 1923 τὰ
1166 1892 1198 1924 δὲ

123 1944 220 1983 θήλεα
239 1944 270 1976 ἐν
285 1946 351 1980 τοῖς
370 1943 554 1985 ἀριστεροῖς.
573 1943 774 1982 Philoponus
795 1941 834 1973 ad
854 1941 885 1974 h.
905 1941 927 1973 1,
947 1950 977 1981 p.
1006 1942 1045 1973 83
1073 1941 1120 1973 b·
1141 1943 1198 1972 Δεῖ

123 1992 159 2024 δὲ
176 1994 259 2033 ἡμᾶς
278 1990 445 2032 εἰδέναι,”
428 2001 478 2023 οτι
492 1991 546 2022 καὶ
570 1990 660 2027 οὗτος
678 1990 709 2022 ἐν
725 1993 772 2031 τῷ
789 1989 946 2031 σπέρματι
967 1988 1104 2030 ἐνεργείᾳ
1120 1989 1198 2021 εἶναι

129 2039 214 2081 ἔλεγε
229 2038 269 2071 τὰ
285 2038 397 2081 μόρια,
415 2036 590 2075 ἀναίσθητα
606 2037 639 2069 δὲ
661 2037 714 2069 διὰ
733 2036 915 2078 μικρότητα.
941 2036 1137 2068 Plutarchus
1159 2036 1200 2069 de

129 2087 218 2120 Plac.
241 2086 320 2128 phil.
342 2088 384 2126 V,
397 2087 414 2118 7
436 2084 665 2127 ιἈναξαγόρας
679 2108 687 2123 ,
703 2083 899 2125 Παρμενίδης
923 2083 964 2115 τὰ
996 2083 1051 2124 μὲν
1078 2083 1114 2115 ἐκ
1135 2086 1199 2115 τῶν

127 2135 236 2172 δεξιῶν
251 2134 503 2166 καταὸάλλεσθαι
517 2133 560 2168 εἰς
575 2132 616 2164 τὰ
631 2131 715 2169 δεξιὰ
739 2132 817 2173 μέρη
840 2134 895 2170 τῆς
913 2132 1029 2173 μήτρας
1041 2155 1050 2170 ,
1066 2131 1107 2163 τὰ
1123 2130 1150 2163 δ’
1163 2131 1200 2163 ἐκ

127 2185 191 2214 τῶν
211 2182 382 2224 ἀριστερῶν
402 2182 444 2218 εἰς
458 2180 498 2213 τὰ
513 2179 678 2223 ἀριστερά·
694 2180 721 2212 εἶ
737 2178 765 2211 δ’
778 2178 933 2220 ἐναλλαγῇ
954 2178 995 2210 τὰ
1017 2181 1072 2218 τῆς
1095 2189 1197 2211 κατα-

125 2230 220 2269 δολῆς
233 2254 242 2270 ,
257 2228 398 2271 γίνεσθαι
417 2229 523 2267 θήλεα.
552 2227 712 2268 Diogenes
731 2227 879 2259 Laertius
909 2226 964 2258 lib.
994 2227 1046 2265 ΙΙ,
1064 2230 1083 2259 9
1110 2239 1118 2259 :
1143 2228 1198 2258 καὶ

128 2276 242 2321 ἄρρενα
258 2277 314 2319 μὲν
328 2278 391 2310 ἀπὸ
403 2280 467 2309 τῶν
480 2277 599 2315 δεξιῶν,
615 2276 710 2314 θήλεα
733 2275 767 2307 δὲ
781 2274 846 2307 ἀπὸ
865 2274 1048 2316 ἀριστερῶν.
1074 2274 1197 2315 Hippo-

127 2324 215 2367 lytus
241 2324 350 2358 Retut-
380 2326 501 2357 HaereS.
521 2333 553 2365 p.
577 2327 612 2355 15
630 2333 637 2355 :
660 2323 715 2355 καὶ
732 2321 861 2365 ἅρῤενας
878 2322 933 2363 μὲν
951 2323 1109 2363 γίνεσθαι,
1125 2322 1200 2354 ὅταν

127 2374 192 2406 ἀπὸ
210 2375 274 2406 τῶν
290 2373 398 2412 δεξιῶν
427 2375 528 2414 μερῶν
542 2371 707 2413 ἀποκριθὲν
725 2371 761 2403 τὸ
779 2371 905 2413 σπέρμα
925 2373 989 2407 τοῖς
1009 2370 1118 2407 δεξιοῖς
1142 2371 1195 2411 με’-

124 2421 194 2463 ρέσι
206 2424 261 2460 τῆς
276 2421 393 2463 μήτρας
405 2419 541 2460 κολληθῇ
552 2443 561 2458 ,
576 2418 617 2451 τὰ
632 2418 666 2450 δὲ
681 2418 776 2457 θήλεα
793 2417 877 2450 κατὰ
891 2417 1084 2450 τούναντίον.

170 2469 237 2510 (35)
261 2467 449 2501 Aristoteles
461 2467 503 2500 de
514 2466 737 2508 Respiratione
750 2469 769 2498 2
782 2475 790 2497 :
803 2465 1002 2506 Ἀναξαγόρας
1018 2465 1051 2497 δὲ
1064 2465 1117 2496 καὶ
1131 2466 1202 2497 Διο-

127 2517 221 2556 γένης
235 2515 340 2548 πάντα
363 2515 534 2555 φάσκοντες
554 2514 716 2554 ἀναπνεῖν,
733 2513 803 2554 περὶ
828 2516 892 2545 τῶν
912 2512 1032 2554 ἰχθύων
1060 2513 1112 2544 καὶ
1136 2516 1200 2544 τῶν

129 2563 268 2606 ὀστρέων
287 2563 413 2604 λέγουσι
430 2561 500 2595 τίνα
514 2562 630 2605 τρόπον
645 2561 857 2601 ἀναπνέουσι,
875 2560 930 2593 καί
956 2570 1050 2600 φησιν
1071 2559 1198 2595 Ἀναξα-

130 2610 225 2652 γόρας
242 2611 311 2652 μέν,
329 2610 403 2642 ὅταν
418 2610 522 2651 ἀφῶσι
536 2609 573 2642 τὸ
589 2609 674 2651 ὕδωρ
687 2608 738 2640 διὰ
752 2611 816 2640 τῶν
832 2606 1006 2651 βραγχίων,
1020 2607 1074 2639 τὸν
1099 2607 1130 2639 ἐν
1153 2611 1198 2648 τῷ

128 2658 262 2698 στόματι
293 2657 456 2698 γινόμενον
487 2656 564 2697 ἀέρα
591 2657 736 2692 ἕλκοντας
767 2656 915 2687 ἀναπνεῖν
941 2654 1013 2691 τοὺς
1034 2655 1134 2696 ἰχθῦς.
1160 2655 1197 2687 οὐ

127 2705 188 2748 γὰρ
204 2705 283 2738 εἶναι
309 2705 398 2738 κενὸν
418 2705 517 2737 οὐδέν.
538 2705 606 2736 κτλ.
625 2703 672 2736 Id.
683 2703 724 2735 de
743 2703 867 2735 Plantis
888 2704 914 2742 1,
934 2706 952 2734 2
972 2702 1197 2745 τἈναξαγόρας

127 2752 189 2796 γὰρ
202 2753 271 2786 εἶπε
288 2756 388 2785 ταῦτα
405 2753 488 2795 ἔχειν
504 2752 558 2784 καὶ
573 2752 684 2791 πνοήν,
709 2751 765 2783 ubi
786 2751 930 2792 loquitur
946 2750 987 2783 de
1003 2751 1134 2792 plantis.

172 2800 238 2842 (36)
262 2801 506 2842 Theophrastus
523 2800 606 2833 Hist.
623 2799 723 2840 plant.
735 2801 794 2841 111,
805 2804 847 2831 2:
864 2799 1067 2842 Ἀναξαγόρας
1079 2810 1135 2840 μεν
1145 2799 1199 2832 τὸν

131 2847 206 2893 ἀέρα
219 2847 346 2881 πάντων
359 2848 491 2890 φάσκων
507 2847 590 2890 ἔχειν
604 2848 790 2889 σπέρματα·
811 2848 865 2879 καὶ
882 2850 983 2879 ταῦτα
998 2858 1197 2889 συγκαταφε-

129 2894 245 2937 ρόμενα
260 2908 307 2939 τῳ
323 2897 410 2930 ὕδατι
427 2900 538 2939 γεννᾷν
553 2896 594 2928 τὰ
610 2895 700 2935 φυτά.
719 2897 817 2930 Arist.
832 2896 872 2929 de
893 2896 1053 2935 Plantisl,
1069 2899 1111 2928 2:
1131 2895 1199 2927 εἶπε

1260 1364 1293 1396 δὲ
1309 1364 1514 1406 Ἀναξαγόρας
1525 1388 1534 1404 ,
1551 1364 1599 1396 ὅτι
1613 1364 1659 1402 ἡ*
1646 1363 1779 1405 υγρὸτης
1797 1363 1917 1396 τούτων
1934 1363 2020 1395 ἐστὶν
2038 1363 2102 1394 ἀπὸ
2121 1366 2175 1401 τῆς
2192 1365 2260 1402 γῆς.
2281 1361 2336 1393 καὶ

1259 1413 1311 1446 διὰ
1337 1416 1431 1446 τοῦτο
1456 1413 1513 1454 ἔφη
1534 1412 1611 1455 πρὸς
1636 1411 1800 1453 Λεχίνεον,
1815 1411 1862 1443 ὅτι
1881 1412 1901 1448 ἡ
1924 1413 1965 1451 γῆ
1991 1410 2092 1453 μήτηρ
2110 1411 2164 1450 μέν
2183 1409 2249 1441 ἐστι
2266 1413 2331 1441 τῶν

1259 1464 1377 1504 φυτῶν,
1396 1462 1414 1493 ὁ
1430 1460 1465 1493 δὲ
1478 1460 1566 1499 ἥλιος
1579 1460 1694 1501 πατήρ.

1302 1509 1368 1551 (37)
1391 1508 1579 1542 Aristoteles
1598 1507 1638 1539 de
1658 1506 1778 1539 Plantis
1795 1508 1821 1548 1,
1842 1509 1854 1539 1
1877 1506 1938 1539 z‘O
1961 1505 1994 1538 δὲ
2010 1504 2216 1546 Ἀναξαγόρας
2239 1505 2293 1537 καὶ
2312 1506 2331 1537 ὁ

1262 1556 1459 1599 Δημόκριτος
1483 1555 1572 1587 καὶὸ
1591 1554 1824 1595 Ἐμπεδοκλῆς,
1842 1554 1896 1586 καὶ
1922 1556 1996 1586 νοῦν
2021 1553 2075 1585 καὶ
2103 1556 2222 1594 γνῶσιν
2249 1553 2332 1594 ἔχειν

1260 1605 1349 1637 εἶπον
1365 1605 1406 1637 τὰ
1419 1603 1512 1646 φυτά.
1528 1602 1613 1635 Ibid.
1630 1612 1639 1634 z
1656 1601 1860 1644 Ἀναξαγόρας
1878 1601 1933 1642 μὲν
1960 1600 2015 1633 οὖν
2028 1601 2082 1632 καὶ
2095 1601 2312 1641 Ἐμπεδοκλῆς
2322 1625 2331 1640 ,

1259 1652 1385 1694 ἐπιθυμῖ
1389 1664 1409 1694 ᾳ
1426 1654 1531 1687 ταῦτα,
1541 1652 1694 1683 κινεῖσθαι
1711 1650 1869 1691 λέγουσιν,
1886 1648 2091 1681 αἰσθάνεσθαί
2109 1660 2142 1681 τε
2157 1649 2210 1680 καὶ
2225 1651 2334 1681 λυπεῖ-

1261 1702 1332 1734 σθαι
1350 1701 1403 1732 καὶ
1430 1700 1560 1739 ἥδεσθαι
1585 1698 1854 1731 διαὸεὸαιοῦνται·
1871 1698 1914 1729 ὧν
1937 1697 1955 1728 ὁ
1972 1697 2027 1738 μὲν
2049 1695 2253 1739 Ἀναξαγόρας
2278 1698 2334 1728 καὶ

1260 1752 1325 1791 ζῷα
1341 1749 1420 1781 εἶναι
1440 1747 1494 1779 καὶ
1508 1747 1638 1785 ἥδεσθαι
1654 1747 1708 1778 καὶ
1723 1746 1887 1778 λυπεῖσθαι
1905 1745 1991 1783 εἶπε,
2006 1748 2043 1786 τῇ
2058 1756 2092 1776 τε
2113 1743 2257 1787 ἁποῤῥοῇ
2272 1747 2336 1777 τῶν

1262 1797 1383 1839 φύλλων
1398 1796 1453 1828 καὶ
1479 1798 1519 1835 τῇ
1543 1794 1672 1831 αὐξήσει
1696 1796 1790 1825 τοῦτο
1818 1792 2034 1834 ἐκλαμὸάνων.
2056 1791 2106 1824 Cf.
2137 1793 2273 1824 Aristot.
2297 1792 2338 1823 de

1259 1844 1376 1876 Anima
1390 1844 1419 1883 Ι,
1442 1847 1471 1875 2.
1494 1840 1658 1873 Plutarch.
1679 1843 1805 1880 Quaest.
1829 1843 1898 1872 nat.
1919 1843 1947 1879 1,
1968 1839 2031 1872 vol
2048 1840 2127 1871 Xlll
2146 1848 2176 1879 p.
2199 1841 2227 1870 1.

1304 1891 1369 1932 (38)
1392 1890 1468 1922 Vid.
1485 1889 1599 1930 fragm.
1621 1893 1652 1921 6.
1671 1890 1838 1921 Caeterum
1859 1889 2002 1920 mentem
2022 1885 2121 1927 (νοῦν)
2139 1890 2171 1918 et
2190 1886 2332 1919 animam

1262 1939 1391 1981 (ψυχὴν)
1405 1937 1590 1979 promiscue
1607 1936 1736 1968 videtur
1751 1935 1885 1968 dixisse.
1905 1935 2038 1967 Aristot.
2056 1933 2097 1965 de
2113 1934 2230 1965 Anima
2246 1935 2272 1974 I,
2289 1938 2333 1967 2:

1260 1987 1387 2029 ἑτερωθι
1404 1986 1437 2019 δὲ
1453 1986 1507 2018 τὸν
1520 1987 1594 2017 νοῦν
1607 1985 1687 2016 εἶναι
1706 1983 1761 2016 τὸν
1776 1984 1871 2016 αὐτον
1893 1986 1931 2024 τῇ
1949 1982 2049 2024 ψυχῇ.
2074 1981 2156 2013 Ibid.
2183 1980 2338 2019 εΑναξα-

1261 2034 1356 2092 y'6pocs,
1370 2034 1400 2066 δ’
1413 2034 1497 2066 ἔοικε
1522 2032 1579 2074 μὲν
1601 2032 1704 2074 ἕτερον
1729 2032 1831 2072 λέγειν
1854 2031 1959 2072 ψυχήν
1983 2040 2018 2062 τε
2047 2030 2102 2061 καὶ
2127 2032 2212 2068 νοῦν,
2227 2030 2336 2072 ὥσπερ

1262 2082 1390 2124 εἱπομεν
1416 2082 1471 2114 καὶ
1504 2080 1665 2123 πρότερον.
1705 2084 1820 2122 χρῆται
1852 2080 1879 2111 δ’
1914 2079 2028 2120 ἀμφοῖν
2059 2080 2101 2115 ὡς
2137 2081 2194 2120 μιᾷ
2230 2079 2333 2121 φύσει.

1262 2130 1312 2162 Cf.
1330 2130 1424 2162 Plato
1444 2128 1566 2170 cratyl.
1582 2137 1616 2170 p.
1632 2130 1757 2168 400,A.
1775 2127 1899 2169 Philop.
1914 2126 1954 2159 ad
1970 2127 2062 2160 Arist.
2080 2126 2121 2158 de
2136 2127 2242 2161 Anim.
2259 2135 2331 2168 cap.

1265 2178 1378 2265 leigii)
1395 2223 1589 2256 Plutarchus
1608 2221 1649 2255 de
1668 2222 1757 2255 Plac.
1783 2221 1861 2263 phil.
1882 2223 1941 2262 IV,
1966 2225 2005 2255 35
2034 2234 2042 2255 :
2072 2222 2275 2265 Ἀναξαγόρας
2301 2223 2335 2256 δὲ

1261 2272 1345 2304 κατὰ
1359 2271 1461 2304 κόπον
1478 2275 1534 2310 τῆς
1550 2274 1734 2312 σωματικῆς
1749 2270 1900 2312 ἐνεργείας
1920 2270 2060 2312 γίνεσθαι
2073 2270 2127 2303 τὸν
2141 2270 2250 2303 ὕπνον·
2264 2282 2332 2304 σω-

1263 2331 1395 2362 ματικον
1411 2319 1471 2361 γὰρ
1485 2319 1565 2352 εἶναι
1578 2319 1615 2351 τὸ
1631 2318 1728 2355 πάθος
1740 2342 1750 2358 ,
1766 2318 1803 2349 οὐ
1823 2317 1972 2360 ψυχικόν.

1305 2366 1372 2408 (40)
1394 2366 1469 2399 Vid.
1490 2364 1656 2398 Plutarch.
1671 2364 1712 2397 de
1727 2364 1812 2397 Plac.
1830 2364 1911 2404 phil.
1932 2365 1990 2403 IV,
2017 2368 2064 2397 19.

1308 2416 1374 2455 (41)
1397 2414 1471 2446 vid.
1486 2413 1619 2446 Aristot.
1636 2412 1794 2453 problem.
1806 2413 1863 2453 ΧΙ,
1879 2416 1930 2451 33;
1947 2412 2112 2444 Plutarch.
2128 2412 2329 2454 Symposiac.

1260 2464 1350 2501 vm,
1369 2465 1400 2503 3,
1422 2461 1487 2495 vol.
1512 2463 1553 2494 x1
1576 2470 1607 2502 p.
1627 2464 1700 2493 355.

1304 2511 1372 2551 (42)
1394 2510 1582 2543 Aristoteles
1612 2508 1653 2541 de
1672 2509 1758 2541 Part.
1783 2507 1881 2541 anim.
1910 2509 1970 2548 lv,
1996 2512 2014 2541 2
2044 2520 2052 2540 ε
2085 2509 2154 2541 Οὐκ
2179 2508 2276 2549 ὀρθῶς
2303 2508 2331 2542 δ’

1261 2558 1403 2591 ἐοίκασιν
1426 2559 1455 2589 οἱ
1479 2557 1549 2598 περὶ
1572 2555 1779 2598 Ἀναξαγόραν
1798 2557 2031 2599 ὑπολαμὸάνειν
2048 2559 2090 2594 ὡς
2110 2557 2214 2589 αἰτίαν
2233 2557 2333 2591 οὖσαν

1261 2611 1325 2639 τῶν
1369 2607 1464 2644 ὀξέων
1506 2605 1697 2647 νοσημάτων
1733 2604 1801 2646 [τὴν
1832 2604 1954 2647 χολήν)
1987 2605 2245 2646 ὑπερὸάλλουσαν
2270 2605 2333 2647 γὰρ

1261 2655 1459 2698 ἀποῤῥαίνειν
1479 2654 1555 2696 πρός
1577 2665 1611 2686 τε
1632 2654 1687 2686 τὸν
1709 2653 1869 2695 πνεύμονα
1899 2654 1952 2685 καὶ
1978 2653 2033 2690 τὰς
2061 2653 2174 2694 φλέὸας
2200 2653 2255 2685 καὶ
2277 2653 2333 2690 τὰς

1264 2703 1407 2746 πλευράς.

1307 2750 1376 2791 (43)
1398 2749 1564 2782 Plutarch.
1585 2748 1626 2782 de
1648 2749 1736 2782 Plac.
1763 2749 1818 2790 ph.
1846 2750 1873 2788 Ι,
1899 2752 1938 2782 29
1967 2762 1975 2782 2
2000 2749 2204 2792 Ἀναξαγόρας
2227 2751 2283 2782 καὶ
2302 2752 2332 2783 οἱ

1266 2798 1401 2831 Στωϊκοὶ
1420 2797 1534 2835 ἄδηλον
1554 2797 1658 2830 αἰτίαν
1684 2797 1868 2840 ἀνθρωπίνῳ
1894 2797 2038 2839 λογισμῷ
2068 2796 2136 2839 [τήν
2162 2796 2284 2839 τύχην].
2311 2797 2332 2829 ἃ

1261 2847 1316 2888 μὲν
1338 2845 1399 2888 γὰρ
1415 2846 1495 2878 εἶναι
1519 2845 1590 2878 κατ’
1604 2845 1758 2887 ἀνάγκην,
1773 2846 1794 2877 ἃ
1809 2846 1841 2877 δὲ
1858 2845 1930 2877 καθ’
1947 2847 2149 2886 εἱμαρμένην,
2166 2845 2187 2877 ἃ
2199 2845 2233 2877 δὲ
2248 2845 2332 2878 κατὰ

1262 2894 1454 2936 προαίρεσιν,
1470 2893 1490 2926 ἃ
1506 2893 1538 2927 δὲ
1553 2894 1636 2927 κατὰ
1651 2895 1763 2936 τύχην,
1779 2894 1800 2925 ἂ
1814 2894 1847 2926 δὲ
1862 2894 1944 2926 κατὰ
1962 2895 1998 2927 τὸ
2013 2894 2201 2935 αὐτόματον.
