2612 3814
314 264 363 300 ⁶2
1184 239 1604 284 COMMENTARlUS

310 359 413 386 rasse
434 344 622 384 dicendus
642 350 714 381 est.
747 338 862 387 Quod
883 338 960 377 nisi
982 336 1162 376 statuisse
1191 335 1365 373 credere·

310 416 387 453 tur,
423 415 670 455 nequaquam
698 400 747 439 ab
771 398 983 438 Aristotele
1018 395 1278 448 reprehensus
1310 406 1366 432 es-

308 474 374 503 set.

361 523 447 562 Vss.
464 521 644 572 289·298
660 535 668 558 :
691 527 843 558 exstant
859 516 960 569 apud
976 514 1230 567 Hippolytum
1248 514 1362 564 αἷρεσ.

309 585 430 637 ἐλεγχ.
460 595 549 635 pag.
573 581 646 620 251
675 579 737 620 ed.
767 578 910 618 Miller.
945 577 1070 628 liujus
1099 574 1221 613 verba
1240 582 1362 612 sunt:

307 642 453 690 τοιαύτη
484 657 535 685 τις
559 643 582 688 ἡ
605 638 697 678 κατὰ
716 637 776 677 τὸν
795 635 1048 689 Ἐμπεδοκλέα
1065 637 1151 686 ἡμῖν
1173 636 1194 681 ἡ
1215 636 1276 672 τοῦ
1304 631 1363 671 κό-

309 718 399 753 σμου
430 700 563 754 γένεσις
581 698 642 739 καὶ
675 697 785 752 φθορὰ
813 696 873 735 καὶ
895 694 1063 738 σύστασις
1084 693 1118 739 ἐξ
1140 694 1272 746 ἀγαθοῦ
1304 691 1365 730 καὶ

308 765 418 801 κακοῦ
431 762 632 800 συνεστῶσα
646 759 896 811 φιλοσοφεῖται·
911 748 1001 794 εἶναι
1013 753 1050 792 δέ
1063 768 1149 807 φησι
1164 752 1225 792 καὶ
1238 749 1364 798 νοητὴν

310 819 431 873 τρίτην
450 818 529 858 τινὰ
564 817 727 869 δύναμιν,
749 816 792 864 ἣν
823 814 885 855 καὶ
914 815 954 853 ἐκ
986 812 1117 852 τούτων
1152 813 1365 851 ἐπινοεῖσθαι

311 879 500 928 δύνασθαι,
522 878 632 929 λέγων
650 871 719 916 ὧδέ
739 892 811 920 πως
825 906 836 926 ,
858 877 887 914 εἷ
918 874 988 928 γὰρ
1008 875 1089 913 κτλ.
1118 873 1192 911 Sed
1214 887 1263 912 ex
1292 873 1365 911 hoc

311 938 514 990 Hippolyti
551 936 776 974 testimonio
805 934 904 972 nihil
934 934 981 972 ad
1011 932 1258 984 Empedoclis
1279 943 1364 969 sen-

311 998 468 1036 tentiam
493 994 760 1034 illustrandam
779 993 910 1042 colligi
931 992 1032 1030 licet.
1051 990 1114 1030 Vs.
1139 991 1215 1041 298
1233 1001 1364 1028 serva-

311 1065 372 1094 tus
392 1064 448 1093 est
468 1055 582 1092 etiam
604 1066 626 1091 a
642 1053 760 1092 Sexto
781 1051 983 1103 Empirico
1004 1049 1094 1088 adv.
1116 1048 1237 1086 Math.
1255 1047 1363 1095 Vlll,

313 1115 388 1152 286
406 1129 414 1153 :
435 1116 453 1151 ὃ
467 1113 501 1151 δὲ
521 1113 765 1164 Ἐμπεδοκλῆς
783 1110 833 1150 ἔτι
845 1108 1121 1161 παραδοξότερον
1133 1106 1247 1147 πάντα
1267 1107 1365 1155 ἠξίου

309 1171 435 1224 λογικὰ
458 1172 657 1224 τυγχάνειν,
680 1170 740 1209 καὶ
764 1171 802 1209 οὗ
823 1172 895 1215 ζῶα
917 1168 1021 1221 μόνον
1044 1166 1135 1207 ἀλλὰ
1168 1166 1229 1206 καὶ
1250 1167 1362 1220 φυτά,

316 1234 430 1285 ῥητῶς
449 1230 605 1284 γράφων·
630 1230 747 1270 πάντα
767 1228 835 1281 γὰρ
853 1232 929 1268 κτλ.
959 1227 1141 1265 Extrema
1160 1227 1216 1265 sic
1244 1239 1365 1278 expo-

311 1290 436 1329 nenda
455 1298 559 1337 sunt,
579 1298 620 1327 ut
634 1288 913 1341 philosophum
930 1295 1098 1325 mentem
1115 1298 1138 1324 a
1151 1298 1268 1324 sensu
1285 1299 1363 1323 non

311 1349 538 1388 distinxisse
557 1348 846 1400 perhibeamus.

363 1408 429 1447 Vs.
453 1409 545 1458 289.
568 1407 597 1445 εἷ
617 1406 685 1460 γὰρ
703 1407 800 1458 κτλ.]
823 1406 868 1444 ln
889 1406 979 1445 cod.
1001 1405 1145 1456 legitur
1172 1404 1201 1442 εἷ
1223 1402 1367 1457 γὰρκαὶ

313 1468 349 1506 ἐν
370 1467 578 1521 σφαδίνησιν
608 1466 675 1504 ὑπὸ
704 1465 914 1515 πραπίδεσιν
931 1464 1079 1518 ἐρείσας.
1098 1464 1278 1502 Millerus
1295 1478 1367 1516 pro

315 1526 376 1566 καὶ
398 1528 433 1565 ἐν
452 1525 652 1565 substituit
671 1525 754 1578 κέν;
775 1525 877 1564 idem
902 1539 977 1577 pro
1007 1524 1212 1577 σφαδίνησιν
1233 1523 1367 1575 posuit

312 1585 543 1638 σφαδανῇσιν.
566 1585 689 1623 Paulo
709 1585 854 1623 rectius
875 1583 1194 1622 Schneidewinus
1219 1582 1363 1620 Philol.

309 1644 361 1684 Vl
379 1658 419 1696 p.
447 1644 519 1683 165
542 1645 599 1696 σφ’
621 1644 777 1696 ἀδινῇσιν
798 1652 835 1681 et
855 1642 1090 1695 πραπίδεσσιν
1118 1641 1287 1693 scripsit.
1316 1641 1368 1679 At

312 1702 470 1741 fortiore
490 1702 683 1741 medicina
703 1715 802 1754 opus
827 1701 997 1740 videtur.
1028 1700 1111 1751 Ego
1140 1709 1264 1752 poetae
1287 1714 1366 1738 ma-

311 1773 405 1798 num
436 1760 591 1799 restitui
623 1773 738 1812 posse
770 1759 946 1798 arbitror
977 1760 1175 1798 exarando
1205 1774 1213 1798 :
1249 1760 1279 1799 εἷ
1299 1759 1366 1812 γὰρ

312 1819 411 1858 ταῦτ’
443 1819 582 1872 ἀδινῇσι
614 1822 723 1872 τορῶς
755 1819 972 1872 πραπίδεσσι
1002 1818 1144 1867 νοήσας.
1180 1819 1368 1858 Similiter

311 1879 419 1930 τορῶς
451 1887 679 1928 usurpatum
717 1886 775 1916 est
807 1891 866 1917 vs.
900 1883 972 1924 144
1009 1878 1102 1930 ἀλλὰ
1129 1879 1241 1930 τορῶς
1274 1878 1366 1916 τοῦτ’

310 1935 394 1976 ἴσθι.

366 1995 432 2035 Vs.
465 2010 556 2047 290.
582 1995 751 2047 εὖμενέως
770 1996 870 2048 κτλ.]
891 1995 987 2035 Cod.
1017 1995 1135 2034 habet
1166 1994 1368 2040 ἕποπτεύεις

314 2054 419 2106 quod
439 2055 616 2094 Millerus
636 2055 800 2094 mutavit
819 2055 861 2094 in
884 2055 1091 2108 ἐποπτεύῃς,
1109 2055 1368 2095 Schneidewi-

314 2126 387 2153 nus
404 2115 445 2152 in
465 2113 694 2167 ἐποπτεύσῃς.

365 2173 430 2213 Vs.
444 2188 535 2225 291.
558 2173 671 2212 ταῦτά
690 2172 731 2212 τέ
747 2172 816 2229 σοι]
837 2173 896 2212 Ita
912 2175 1086 2213 correxit
1105 2173 1368 2214 Schneidewi-

314 2246 387 2272 nus
408 2233 554 2272 codicis
573 2233 805 2285 scripturam
825 2235 939 2271 ταῦτα
959 2233 997 2271 δέ
1017 2248 1085 2272 σοι.

367 2291 431 2331 Vs.
454 2305 547 2342 292.
567 2291 660 2330 ἄλλα
679 2307 716 2331 τε
745 2291 846 2331 πόλλ’
868 2290 939 2330 ἀπὸ
969 2293 1037 2331 τῶν
1070 2291 1277 2345 κεκτήσεαι]
1311 2292 1369 2330 Ita

315 2349 550 2390 Ritschelius
573 2351 795 2390 emendavit
808 2355 846 2389 e't
857 2351 1056 2403 supplevit
1075 2350 1367 2403 deperditarum

313 2422 454 2448 vocum
486 2410 694 2462 reliquias,
723 2423 807 2461 quae
843 2411 886 2448 in
920 2410 1055 2449 codice
1089 2420 1320 2462 comparent
1357 2425 1366 2449 z

314 2482 356 2505 κτ
361 2497 614 2508 .......
644 2468 961 2508 Schneidewinus
980 2468 1212 2522 κατερχόμεν’
1234 2470 1373 2509 versui·

315 2525 472 2572 intulit,
498 2525 565 2564 sed
584 2525 798 2579 κατέρχεται
828 2526 1007 2567 Millerus
1043 2528 1112 2580 qui
1144 2528 1260 2567 etiam
1293 2528 1370 2577 ἥξει

318 2584 539 2635 proposuit.

371 2641 438 2681 Vs.
461 2643 553 2692 293.
574 2643 672 2682 ταῦτ’
691 2642 778 2696 ὀργὴ
806 2643 896 2684 κατὰ
914 2647 1030 2699 φῶτας
1047 2644 1142 2701 κτλ.]
1162 2646 1372 2699 Exemplar

318 2713 436 2738 manu
470 2709 669 2740 exaratum
703 2703 803 2740 ταῦτ’
834 2705 881 2748 εἷς
907 2702 980 2747 ἔθος
1015 2703 1163 2745 ἕκαστον
1197 2706 1367 2758 praebet,

319 2759 425 2811 quod
445 2773 563 2811 quum
588 2759 681 2798 ferri
713 2774 792 2799 non
823 2762 948 2813 possit
982 2775 1004 2800 a
1021 2763 1177 2803 Millero
1210 2765 1252 2803 in
1273 2765 1371 2804 ταῦτ’

319 2819 366 2863 εἷς
384 2812 465 2866 ἦθος
493 2817 641 2858 ἕκαστον
671 2833 902 2859 conversum
934 2830 1005 2865 est.
1039 2822 1136 2861 Mihi
1166 2837 1261 2862 vero
1288 2825 1371 2864 haec

319 2879 510 2917 correctio
529 2879 571 2917 in
591 2892 667 2930 qua
693 2879 1012 2919 Schneidewinus
1040 2890 1078 2919 et
1105 2883 1276 2923 Steinius
1306 2899 1369 2923 ac—

319 2939 554 2988 quieverunt
566 2938 739 2977 nondum
754 2939 952 2978 satisfacit.
963 2939 1059 2978 Nam
1074 2954 1122 2979 ne
1141 2942 1189 2980 de
1203 2944 1367 2983 molesta

320 2996 493 3047 ejusdem
517 3010 641 3049 prope
668 2998 725 3036 rei
745 2998 951 3036 iteratione
982 2999 1107 3037 dicam
1134 3000 1242 3052 (quid
1266 3004 1370 3042 enim

320 3054 399 3094 sibi
419 3057 505 3094 vult
525 3054 593 3103 ὅπη
614 3055 714 3109 φύσις
735 3057 827 3095 ἐστὶν
849 3057 988 3110 ἑκάστῳ
1001 3087 1011 3105 ,
1032 3067 1237 3110 postquam
1258 3073 1373 3113 poeta

319 3115 418 3153 ταῦτ’
439 3117 486 3158 εἷς
511 3108 592 3162 ἦθος
613 3115 764 3154 ἕκαστον
797 3116 936 3170 dixit?)
968 3118 1120 3156 restitui
1149 3119 1253 3170 quod
1286 3134 1372 3159 sen-

321 3174 441 3211 tentia
460 3174 628 3224 requirit
647 3188 656 3212 :
676 3177 775 3212 ταῦτ’
793 3174 879 3228 ὀργὴ
900 3174 992 3214 κατὰ
1009 3178 1142 3229 φῶτας.

373 3231 439 3271 Vs.
467 3239 560 3282 294.
583 3233 612 3271 εἷ
632 3231 668 3271 δὲ
688 3233 730 3272 σύ
748 3233 782 3284 γ’
799 3231 890 3289 κτλ.]
908 3234 1008 3274 τᾶλλ’
1023 3236 1104 3274 οἱῶν
1128 3236 1292 3289 ἐπιρέξεις
1309 3253 1373 3277 co-

322 3291 421 3339 dex3
453 3292 485 3344 γ’
522 3290 670 3330 ἀλλοίων
701 3292 878 3346 ἐπορέξεαι
909 3294 1130 3333 emendavit
1160 3295 1372 3335 Schneide-

322 3362 462 3388 winus.

374 3407 440 3448 Vs.
459 3408 549 3459 295.
565 3408 672 3463 μυρία
687 3409 783 3464 κτλ.]
799 3411 888 3458 δῆλα
907 3410 1293 3466 πέλονται-μεριμναι
1306 3430 1377 3454 co-

323 3465 417 3515 dex3
451 3467 534 3506 δείλ’
570 3469 991 3523 ἀπάλαμνα-μερίμνας
1037 3471 1370 3512 Schneidewinus.

1428 331 1513 369 Non
1537 329 1638 368 male
1660 327 1834 375 Steinius
1854 327 1963 381 μυρία
1994 325 2093 366 δειλὰ
2112 326 2302 380 πέλονται,
2320 325 2398 366 toi-:⁹
2418 327 2493 378 ἄμ-

1426 390 1591 430 ὅλύνουσι
1606 387 1793 441 μερίμνας,
1813 387 1880 426 sed
1895 386 2116 438 requiritur
2130 386 2240 428 δεινά.
2257 386 2316 427 Cf.
2337 399 2399 426 vs.
2424 386 2492 437 37.

1478 449 1543 488 Vs.
1580 450 1672 499 296.
1700 449 1761 494 ζῆν
1795 447 1890 500 ἄφαρ
1920 443 2016 501 κτλ.]
2040 448 2105 493 σ’ῆς
2135 446 2242 494 cod.;
2263 437 2317 485 'ic'
2335 444 2494 485 Schnei-

1426 509 1616 547 dewinus.
1654 507 1771 545 Recte
1798 506 1971 545 Steinius
1986 507 2069 554 ζῆν,
2089 505 2158 557 qui
2178 505 2295 543 etiam
2315 506 2382 559 γῆν
2402 512 2492 544 ten-

1427 568 1546 606 tabat.

1480 626 1543 666 Vs.
1582 640 1675 677 297.
1703 626 1799 675 σφῶν
1831 625 1946 663 αὐτῶν
1979 624 2074 677 κτλ.]
2091 622 2195 676 γέναν
2226 623 2340 673 cod.;
2367 622 2494 676 γένναν

1427 687 1600 725 correxit
1614 685 1802 724 Millerus.
1818 683 1927 722 Idem
1946 685 2049 735 γαῖαν
2069 695 2207 735 parum
2228 682 2494 735 probabiliter

1427 746 1611 797 conjecit.

1479 806 1546 845 Vs.
1587 805 1679 857 298.
1718 803 1836 842 πάντα
1873 801 1942 855 γὰρ
1978 802 2050 840 ἴσθι
2091 799 2191 857 κτλ.]
2230 801 2414 841 Extrema
2452 802 2495 840 in

1427 865 1633 917 llippolyti
1666 864 1800 903 codice
1830 863 1887 901 sic
1921 861 2135 912 depravata
2160 870 2284 900 sunt:
2314 860 2377 900 καὶ
2402 877 2495 913 γνω·

1427 939 1634 975 ματοσισον,
1656 923 1761 962 unde
1790 922 1968 960 Millerus
1989 921 2198 959 immemor
2218 920 2296 959 loci
2317 919 2494 959 Sextiani

1426 983 1642 1036 suspicatus
1677 992 1735 1022 est
1767 981 1909 1034 reponi
1941 989 2128 1032 oportere
2158 979 2342 1032 γνώματος
2373 979 2491 1033 ἰσχύν.

1427 1042 1723 1095 Empedocleam
1746 1041 1986 1080 locutionem
2007 1039 2171 1092 νώματος
2192 1032 2296 1078 αἶσαν
2323 1039 2498 1078 servavit

1427 1101 1566 1142 Sextus
1581 1102 1607 1142 l.
1627 1116 1660 1143 e.
1679 1102 1737 1143 Cf.
1756 1101 1871 1146 οὔδεος
1892 1093 1977 1141 αἶσα
1993 1114 2052 1139 vs.
2076 1102 2167 1140 322.

1483 1161 1548 1202 Vs.
1580 1176 1674 1213 299.
1702 1161 1861 1215 μειλιχίη
1896 1176 1933 1200 τε
1961 1159 2065 1214 χάρις
2100 1157 2197 1214 κτλ.]
2233 1159 2320 1198 erui
2349 1172 2400 1198 ex
2430 1158 2498 1199 his

1427 1221 1630 1260 Plutarchi
1666 1221 1802 1261 verbis
1850 1220 2048 1275 (Sympos.
2086 1219 2141 1258 lX
2181 1233 2222 1272 p.
2267 1218 2367 1269 745,
2409 1219 2492 1261 vol.

1426 1280 1517 1318 vlll
1550 1295 1590 1333 p.
1625 1295 1698 1332 971
1736 1281 1799 1322 ed.
1838 1280 2083 1332 Reisk3pag.
2106 1293 2200 1331 910,
2239 1279 2287 1317 32
2312 1278 2492 1331 Diibn.)=

1429 1341 1584 1391 ἄμουσον
1618 1340 1687 1394 γὰρ
1720 1344 1743 1388 ἡ
1777 1339 1938 1393 ἀνάγκη,
1975 1338 2143 1391 μουσικὸν
2173 1339 2210 1378 δὲ
2247 1341 2269 1387 ἠ
2302 1336 2414 1378 πειθὼ
2433 1339 2496 1379 καὶ

1431 1400 1593 1446 Μούσαις
1615 1401 1863 1454 φιλοδαμοῦσα
1889 1397 1980 1438 πολὺ
2002 1399 2151 1450 μᾶλλον,
2171 1391 2294 1451 οἶμαι,
2315 1401 2379 1446 τ’ῆς
2399 1397 2496 1452 Ἐμ-

1428 1459 1638 1505 πεδοκλέους
1669 1459 1817 1513 χάριτος
1846 1458 1986 1511 στυγέει
2007 1458 2215 1506 δύστλητον.
2246 1457 2429 1499 Sturzius
2457 1467 2496 1498 et

1431 1519 1659 1559 Karstenius
1702 1519 1804 1558 nihil
1839 1519 1918 1557 nisi
1949 1518 2032 1556 haec
2063 1526 2282 1570 posuerunt
2317 1531 2327 1556 ι
2361 1517 2494 1572 (χάρις)

1429 1578 1567 1632 στυγέει
1596 1579 1790 1626 δύστλητον
1815 1577 1992 1629 ἀνάγκην,
2021 1577 2165 1629 rejecta
2189 1576 2379 1628 scaligeri
2399 1591 2494 1616 con-

1424 1637 1577 1689 jectura
1591 1638 1803 1688 δύσληστον,
1815 1636 1989 1676 Steinius
2012 1636 2147 1690 (χάρις)
2164 1635 2328 1680 Μούσαις
2341 1634 2496 1690 ἔμφυλος

1428 1697 1566 1749 στυγέει
1587 1697 1781 1743 δύστλητον
1803 1696 1973 1749 ἀνάγκην.
1996 1695 2071 1734 Sed
2090 1709 2190 1748 opus
2219 1704 2278 1735 est
2297 1696 2494 1738 cautione.

1427 1757 1584 1809 Quippe
1603 1757 1645 1795 in
1675 1756 1914 1808 quibusdam
1936 1754 2143 1795 codicibus
2170 1768 2251 1794 non
2271 1755 2407 1795 omnia
2430 1756 2495 1796 vi·

1427 1816 1570 1854 dentur
1588 1816 1666 1866 legi
1690 1829 1777 1868 quae
1796 1816 1839 1855 in
1869 1816 2041 1866 vulgatis
2061 1814 2266 1854 Plutarchi
2290 1816 2495 1869 exempla-

1429 1875 1540 1914 ribus
1556 1884 1723 1914 exstant.
1740 1875 1806 1914 Sic
1819 1876 1924 1915 enim
1939 1874 2142 1927 Xylander
2158 1888 2168 1912 ε
2195 1891 2212 1909 «
2233 1874 2375 1914 Aliena
2389 1875 2495 1915 enim

1429 1943 1484 1972 est
1499 1948 1521 1972 a
1533 1934 1657 1973 Musis
1669 1933 1904 1981 Necessitas,
1918 1934 2042 1972 amica
2060 1934 2111 1972 iis
2127 1932 2256 1972 Suada
2268 1946 2356 1985 quae
2371 1924 2498 1973 multo

1430 1994 1552 2044 magis
1564 2023 1575 2041 ,
1597 2002 1693 2045 puto
1706 2023 1716 2042 ,
1735 2006 1851 2044 quam
1870 1992 2009 2031 Gratia
2033 1992 2284 2046 Empedoclis
2303 1992 2495 2032 intolera-
2539 2031 2545 2037 ,

1429 2052 1548 2091 bilem
1570 2053 1656 2091 odit
1674 2052 1967 2092 Necessitatem.
1991 2069 2008 2087 n
2033 2053 2209 2104 Apparet
2236 2065 2326 2091 eum
2354 2065 2495 2092 vocem

1430 2112 1674 2164 φιλοδαμοῦσα
1705 2125 1785 2150 non
1817 2112 2063 2164 exprimere,
2088 2111 2201 2163 cujus
2221 2111 2312 2151 loco
2335 2113 2496 2152 suerunt

1430 2172 1499 2222 qui
1532 2171 1824 2225 ἔμφιλοδαμοῦσα
1859 2171 1923 2210 vel
1954 2170 2065 2225 φίλον·
2098 2170 2152 2209 διὸ
2180 2173 2309 2211 Μοῦσα
2342 2173 2496 2212 exarari

1430 2231 1592 2269 vellent.
1613 2230 1803 2269 Neutrum
1824 2230 2030 2268 doctorum
2063 2229 2269 2269 hominum
2297 2244 2495 2270 commen-

1430 2299 1511 2328 tum
1534 2291 1650 2328 nobis
1667 2289 1858 2342 probatur
1876 2289 1981 2342 apud
2000 2289 2257 2329 Plutarchum
2275 2290 2496 2330 rescriben-

1430 2349 1536 2388 tibus
1545 2349 1842 2403 ἓμφιληδονοῦσα.
1857 2351 2048 2401 Apertum
2060 2362 2156 2389 vero
2168 2349 2244 2388 hoc
2254 2349 2494 2390 vocabulum

1430 2408 1709 2448 Plutarcheum
1727 2422 1811 2448 esse
1823 2438 1833 2458 ,
1850 2423 1930 2447 non
1950 2409 2255 2461 Empedocleum
2266 2438 2277 2458 ‚
2293 2409 2498 2463 multoque

1431 2468 1546 2520 plura
1562 2468 1754 2508 Steinium
1775 2482 1891 2520 quam
1906 2482 1928 2508 e
1943 2468 2147 2507 Plutarchi
2166 2469 2392 2509 testimonio
2408 2471 2496 2522 cogi

1431 2528 1523 2566 licet
1541 2527 1769 2578 Empedocli
1790 2528 1971 2567 donasse.
2007 2527 2049 2567 Si
2071 2528 2162 2580 quis
2192 2541 2353 2568 versum
2387 2543 2496 2568 com·

1431 2600 1578 2639 ponere
1626 2588 1748 2636 velit,
1794 2601 1876 2627 non
1918 2587 2094 2639 impedio
2143 2588 2359 2640 quominus
2407 2601 2496 2628 cum

1430 2647 1586 2686 Sturzio
1604 2655 1813 2687 comment.
1831 2661 1873 2700 p.
1899 2646 1975 2699 596
1992 2646 2139 2686 scribat
2159 2661 2168 2686 ι
2184 2646 2376 2699 ἱμερόεσσα
2392 2647 2498 2702 χάρις

1432 2705 1570 2758 στυγέει
1583 2706 1777 2754 δύστλητον
1799 2706 1986 2759 Ἀνάγκην,
2006 2707 2070 2745 vel
2091 2706 2198 2758 quod
2213 2707 2310 2746 mihi
2330 2707 2373 2745 in
2388 2720 2497 2747 men-

1432 2774 1507 2805 tem
1545 2766 1656 2805 venit
1703 2765 1863 2819 μειλιχίη
1901 2782 1939 2805 τε
1977 2765 2080 2819 χάρις
2118 2765 2256 2819 στυγέει
2303 2765 2496 2816 δύστλητον

1432 2824 1621 2876 Ἀνάγκην.
1654 2825 1843 2864 Caeterum
1871 2824 1975 2879 χᾶρις
2004 2825 2213 2864 Karstenio
2247 2825 2382 2864 eadem
2409 2839 2498 2877 quae

1432 2884 1545 2923 Φιλία
1565 2884 1735 2933 videtur,
1754 2886 1860 2937 quod
1881 2899 1930 2923 an
1952 2899 2024 2937 pro
2046 2885 2250 2937 explorato
2269 2884 2495 2924 habendum

1433 2947 1481 2983 sit
1504 2945 1651 2984 nescio.
1677 2945 1863 2983 Amicitia
1881 2945 2017 2984 saltem
2034 2958 2114 2983 non
2129 2953 2334 2983 aversatur
2350 2944 2498 2984 Neces-

1433 3005 1607 3054 sitatem,
1629 3013 1672 3042 ut
1695 3018 1782 3056 quae
1804 3005 1930 3057 ipsam
1957 3013 2069 3055 cogat
2098 3004 2318 3043 Discordiae
2337 3003 2496 3055 cedere,

1434 3064 1500 3102 sed
1538 3063 1686 3115 pariter
1717 3073 1835 3115 atque
1865 3064 2074 3103 Discordia
2103 3063 2333 3102 Necessitati
2361 3072 2491 3115 paret.

1434 3123 1548 3161 Certe
1564 3122 1820 3174 Empedocles
1840 3124 1881 3162 in
1897 3123 2108 3175 conjuncta
2123 3123 2329 3174 utriusque
2344 3122 2498 3162 actione

1434 3183 1699 3223 necessitatem
1715 3182 1843 3221 inesse
1864 3182 1963 3221 vult.
1988 3182 2049 3222 Cf.
2071 3181 2271 3220 Plutarch.
2293 3180 2341 3219 de
2361 3180 2494 3220 Anim.

1434 3251 1626 3292 procreat.
1649 3256 1690 3294 p.
1727 3243 1827 3280 1026
1855 3242 1901 3290 B,
1923 3241 2005 3280 vol.
2034 3240 2069 3279 X
2090 3254 2178 3292 pag.
2213 3239 2289 3278 252
2319 3252 2402 3291 seq.
2430 3239 2494 3278 ed.

1436 3300 1564 3340 Reisk.
1588 3316 1596 3340 :
1617 3302 1786 3352 ἀνάγκην,
1810 3299 1853 3348 ἢν
1882 3300 2097 3353 εἱμαρμένην
2118 3304 2149 3339 οἱ
2171 3298 2296 3339 πολλοὶ
2312 3299 2494 3347 καλοῦσιν,

1433 3358 1678 3408 Ἐμπεδοκλῆς
1700 3360 1737 3399 δὲ
1758 3359 1875 3413 φιλίαν
1899 3362 1988 3410 ὁμοῦ
2007 3358 2067 3398 καὶ
2086 3364 2211 3402 νεῖκος.

1486 3417 1750 3459 Vs.3oo-302.
1769 3422 1872 3458 τοῦτο
1892 3418 2260 3470 μὲν-ναιετάουσαν]
2273 3417 2390 3456 habet
2402 3417 2497 3456 Plu-

1404 3444 1410 3514 i
1434 3477 1590 3516 tarchus
1612 3477 1794 3530 Sympos.
1818 3478 1834 3516 1
1856 3492 1893 3530 p.
1918 3479 2011 3527 618,
2042 3478 2122 3518 vol.
2158 3478 2248 3517 vlu
2275 3492 2314 3530 p.
2335 3478 2411 3524 443
2433 3476 2494 3516 ed.
