2612 3814
292 258 366 293 320

429 335 640 385 (Origenes
661 338 795 369 contra
813 328 911 367 Cels.
937 327 1005 366 Vll
1028 341 1067 379 p.
1092 327 1184 364 663.
1212 325 1337 374 Vulgo

372 395 514 445 legitur
542 392 572 430 εἰ
591 390 627 429 δὲ
652 388 838 442 χρὴ-καὶ
858 387 956 434 δίκην
977 388 1080 440 ἐρεῖν,
1115 400 1200 437 quae
1220 384 1339 423 verba

373 467 461 492 cum
475 448 830 490 Schleiermachero
850 448 995 485 mutavi
1017 447 1056 484 in
1075 444 1200 483 εἰδέναι
1214 442 1339 496 χρὴ-

371 511 432 551 καὶ
453 510 551 558 δίκην
569 509 653 562 ἔριν.
674 507 854 546 Extrema
868 519 947 543 vox
963 504 1153 543 enuntiati
1172 504 1211 541 in
1230 502 1339 540 codi-

374 570 486 609 cibus
505 577 559 607 est
584 566 770 620 χρεώμεναι
785 594 795 612 ,
820 565 861 602 ἰη
881 563 992 614 cujus
1011 562 1137 600 locum
1159 560 1340 599 substitui

375 627 582 682 φθειρόμενα
601 625 704 677 quod
725 623 789 662 liic
806 622 952 671 flagitat
965 633 1114 659 sensus.
1130 618 1139 670 )

293 703 341 728 40.
365 685 515 738 ἁρμονίη
536 685 602 736 γὰρ
624 682 756 736 ἀφανὴς
776 684 925 734 φανερῆς
945 681 1114 730 κρέσσων,
1133 676 1213 715 καθ’
1233 675 1343 728 Ἡρά-

374 747 522 790 κλειτον,
543 744 577 780 ἐν
597 736 621 794 ’ᾖ
646 740 707 784 τὰς
740 736 907 791 διαφορὰς
926 737 986 775 καὶ
1005 734 1066 778 τὰς
1086 733 1291 786 ἑτερότητας
1325 735 1343 770 6

377 804 510 856 μίσγων
533 801 605 844 θεὸς
625 800 751 852 ἔκρυψε
772 797 832 836 καὶ
857 794 1039 833 κατέδυσε.

430 859 684 914 (Plutarchus
704 857 751 894 de
774 855 913 893 animae
929 861 1123 905 procreat.
1154 865 1175 890 e
1195 851 1343 889 Timaeo

378 934 463 971 cap.
487 932 552 965 27,
575 917 656 955 vol.
683 914 776 954 Xlll
798 927 839 965 p.
872 913 964 958 320,
984 910 1053 948 ubi
1073 923 1145 961 pro
1165 909 1342 947 codicum

378 976 611 1016 lectionibus
638 972 804 1025 κρείττων
831 978 869 1008 et
890 968 1041 1020 μιγνύων
1064 969 1213 1006 restitui
1239 966 1347 1020 κρέσ-

379 1052 449 1075 σων
479 1043 515 1073 et
532 1033 682 1083 μίσγων.
704 1031 895 1069 Caeterum
918 1032 936 1067 6
954 1027 1088 1079 μίσγων
1109 1027 1182 1071 θεός
1203 1035 1261 1065 est
1280 1025 1344 1065 πό-

378 1096 495 1143 λεμος.
527 1091 587 1132 Cf.
611 1090 812 1142 Hippolyt.
854 1087 997 1127 Haeres.
1040 1085 1166 1125 Resut.
1196 1099 1235 1137 p.
1269 1086 1339 1123 281

377 1153 439 1192 ed.
463 1151 624 1201 Miller.)

299 1225 348 1251 ιι.
371 1212 450 1250 Πᾶν
482 1209 548 1261 γὰρ
578 1205 723 1259 ἑρπετὸν
746 1208 811 1254 τὴν
840 1208 905 1257 γῆν
942 1203 1114 1256 νέμεται,
1153 1203 1200 1248 ὥς
1241 1218 1345 1256 φησιν

380 1268 621 1323 Ἡράκλειτος.

434 1325 824 1378 (Pseudoaristoteles
842 1324 890 1363 de
904 1323 1051 1362 Mundo
1069 1335 1155 1373 cap.
1172 1322 1195 1359 6
1214 1334 1253 1373 p.
1273 1327 1343 1367 401

382 1401 405 1427 a
419 1386 480 1427 ed.
502 1386 615 1424 Bekk.
641 1383 652 1436 )

302 1461 337 1487 ⁴2
370 1447 518 1498 Ἀγνοεῖς
544 1445 596 1482 ὅτι
616 1442 735 1482 τὸτοῦ
755 1439 989 1494 Ἡρακλείτου
1021 1433 1061 1478 εῧ
1096 1439 1183 1490 ἔχει,
1214 1439 1261 1481 ὡς
1281 1437 1350 1490 ἄρα

289 1498 292 1501 .
384 1503 542 1551 πιθήκων
571 1505 589 1541 6
616 1501 801 1546 κάλλιστος
837 1498 980 1552 αἰσχρὸς
1027 1497 1219 1551 ἀνθρώπων
1257 1496 1350 1549 γένει

385 1562 613 1614 συμὸάλλειν.

436 1622 566 1674 (Plato
586 1620 703 1671 Hipp.
725 1617 818 1670 maj.
841 1632 881 1670 p.
913 1617 991 1667 289
1018 1618 1064 1656 Α.
1085 1615 1231 1667 Recepi
1255 1615 1352 1653 Bek-

382 1682 466 1718 keri
486 1678 807 1730 conjectationem
827 1675 1018 1728 ἀνθρώπων
1035 1675 1128 1728 γένει
1147 1688 1220 1727 pro
1238 1687 1355 1713 mem·

383 1738 592 1776 branarum
605 1737 800 1788 scriptura
822 1735 920 1788 ἄλλῳ
938 1734 1043 1786 γένει.
1064 1732 1075 1787 )

304 1810 357 1837 ⁴3.
379 1795 402 1843 ἢ
422 1799 460 1836 οὐ
481 1795 542 1835 καὶ
557 1794 789 1848 Ἡράκλειτος
825 1794 952 1833 ταυτὸν
986 1798 1086 1833 τοῦτο
1110 1792 1204 1845 λέγει
1239 1791 1275 1831 ὃν
1313 1792 1354 1830 σὺ

387 1857 529 1908 ἐπάγει,
550 1853 604 1894 ὅτι
626 1853 822 1907 ἀνθρώπων
840 1856 858 1892 6
875 1852 1074 1906 σοφώτατος
1093 1852 1179 1905 πρὸς
1199 1851 1274 1891 θεὸν
1300 1851 1355 1891 πί-

388 1917 492 1962 θηκος
505 1919 687 1965 φανεῖται;

443 1970 580 2025 (Plato
599 1971 718 2023 Hipp.
743 1970 835 2022 maj.
857 1984 896 2022 p.
917 1970 995 2021 289
1016 1970 1084 2020 Β.)

308 2043 358 2072 u.
378 2028 466 2070 ‘Ort
485 2030 522 2069 δέ
550 2032 623 2070 ἐστι
639 2035 721 2074 παῖς
753 2029 792 2068 τὸ
810 2036 880 2068 πᾶν
899 2030 960 2068 καὶ
994 2030 1037 2067 δι’
1070 2030 1194 2073 αἰῶνος
1222 2028 1358 2074 αἰώνιος

391 2088 555 2142 βασιλεὺς
573 2091 643 2127 τῶν
663 2087 751 2127 δ’λων
773 2087 882 2132 οὕτως
899 2086 1005 2139 λέγει·
1035 2106 1051 2123 rt
1070 2087 1155 2126 αἰὼν
1173 2089 1255 2132 παῖς
1282 2090 1359 2127 ἐστι

389 2147 540 2196 παίζων,
561 2146 750 2186 πεττεύων·
781 2146 904 2190 παιδὸς
923 2149 945 2193 ἡ
968 2145 1151 2199 βασιληίη.
1176 2164 1192 2180 2³
1213 2143 1301 2187 “Ort
1321 2146 1359 2186 δέ

390 2207 485 2245 ἐστιν
517 2208 536 2245 6
558 2205 709 2257 πόλεμος
729 2205 849 2257 πατὴρ
882 2204 1025 2243 πάντων
1062 2207 1131 2243 τῶν
1167 2205 1358 2257 γεγονότων

390 2265 533 2317 γενητὸς
560 2264 748 2316 ἀγένητος,
767 2264 878 2308 κτίσις
903 2264 1122 2317 δημιουργός,
1149 2265 1281 2303 ἐκείνου
1300 2266 1359 2305 λέ-

390 2340 509 2375 γοντος
532 2324 731 2376 ἀκούωμεν·
756 2343 772 2359 ιι
793 2324 946 2375 πόλεμος
977 2324 1118 2364 πάντων
1153 2323 1215 2376 μὲν
1240 2325 1359 2378 πατήρ

393 2384 490 2431 ἐστι,
520 2383 658 2423 πάντων
689 2383 725 2422 δὲ
750 2382 933 2436 βασιλεύς,
966 2383 1025 2422 καὶ
1058 2382 1137 2428 τοὺς
1167 2383 1230 2434 μὲν
1266 2383 1362 2429 θεοὺς

398 2441 503 2488 ἔδειξε
537 2441 617 2487 τοὺς
653 2441 690 2481 δὲ
728 2442 930 2495 ἀνθρώπους
943 2472 955 2494 ,
1001 2441 1080 2486 τοὺς
1115 2441 1178 2494 μὲν
1221 2442 1362 2487 δούλους

390 2500 538 2547 ,ἐποίησε
561 2500 639 2545 τοὺς
660 2500 696 2540 δὲ
716 2500 924 2554 ἐλευθέρους.
942 2520 957 2535 υ

451 2564 461 2606 l
486 2559 721 2611 Hippolytus
752 2559 900 2599 Haeres.
940 2560 1069 2599 Refut.
1105 2574 1144 2612 p.
1185 2562 1258 2599 281
1297 2561 1359 2600 ed.

397 2616 539 2657 Miller.
576 2617 634 2659 Cf.
667 2621 853 2669 Bernays.
880 2618 981 2658 Mus.
1005 2618 1079 2658 Rh.
1111 2618 1164 2657 IX
1194 2633 1232 2670 p.
1269 2621 1360 2665 243.

399 2674 447 2712 In
465 2675 625 2713 eandem
643 2678 869 2716 sententiam
899 2678 1064 2717 Proclus
1081 2678 1298 2719 Commeat.
1319 2679 1361 2717 in

362 2804 415 2834 40.
438 2802 612 2834 Harmonia
627 2803 713 2835 enim
729 2804 854 2836 occulta
876 2805 989 2837 melior
1012 2807 1062 2837 est
1079 2805 1229 2838 evidente
1247 2814 1367 2839 secun-

322 2862 400 2895 dum
427 2861 646 2902 Heraclitum,
665 2862 696 2894 in
723 2872 786 2904 qua
811 2863 891 2897 deus
913 2864 1094 2898 discrimina
1110 2869 1141 2898 et
1166 2866 1368 2900 diversitates

328 2920 540 2953 commiscens
561 2920 746 2953 occultavit.

363 2982 416 3011 41.
434 2980 580 3020 Namque
592 2988 688 3012 omne
706 2979 824 3012 animal
844 2980 932 3013 linmi
950 2990 1062 3023 repens
1084 2985 1203 3015 terram
1223 2984 1369 3026 depasci·

322 3040 376 3069 tur
389 3046 426 3069 ac
447 3036 598 3079 possidet,
618 3039 653 3085 ut
672 3037 718 3070 ait
737 3038 932 3071 Heraclitus.

365 3098 417 3128 42.
443 3097 573 3137 Ignoras
590 3105 688 3137 quam
708 3098 824 3128 scitum
840 3096 881 3129 sit
907 3096 987 3129 illud
1010 3099 1187 3141 Heracliti,
1203 3101 1370 3133 simiarum

325 3155 577 3195 pulcherrimam
593 3155 769 3189 deformem
783 3165 850 3189 esse
864 3165 939 3189 cum
957 3157 1096 3191 humano
1112 3169 1227 3201 genere
1242 3170 1368 3202 compa·

324 3215 437 3246 ratam.

366 3274 418 3305 43.
436 3273 549 3304 Nonne
561 3272 744 3305 Heraclitus
758 3282 854 3314 quem
875 3275 911 3307 tu
927 3275 1043 3308 testem
1060 3275 1194 3310 adhibes
1213 3277 1274 3310 hoc
1287 3278 1371 3311 idem

324 3328 415 3369 dicit,
436 3329 604 3362 hominum
620 3330 893 3372 sapientissimum
912 3332 952 3365 ad
971 3333 1022 3366 dei
1040 3337 1258 3375 praestantiam
1281 3346 1366 3370 com-

323 3389 471 3428 paratum
490 3387 616 3422 simiam
638 3393 816 3431 apparere?

1056 237 1332 279 HERACLlTl
1362 233 1701 276 FRAGMENTA.

1479 322 1584 360 Tim.
1600 335 1641 373 p.
1663 333 1731 358 ιοι
1757 320 1809 372 (p.
1827 325 1903 365 240
1917 319 1978 359 ed.
1994 318 2244 367 Schneider.)
2266 333 2275 355 z
2293 318 2394 358 ἄλλοι
2414 317 2452 358 δὲ

1480 379 1540 420 καὶ
1568 380 1627 417 τὸν
1658 377 1868 431 δημιουργὸν
1901 379 1936 417 ἐν
1968 379 2019 430 τῷ
2053 381 2284 428 κοσμουργεὶν
2311 375 2450 422 παίζειν

1484 437 1660 490 εἰρήκασι,
1695 437 1854 489 καθάπερ
1890 435 2138 488 Ἡράκλειτος.
2171 435 2350 475 Clemens
2369 435 2456 475 Pn-

1483 498 1571 547 dag.
1592 497 1625 544 1,
1646 504 1666 536 5
1696 510 1734 548 p.
1757 509 1826 535 111
1851 509 1860 534 :
1881 496 2095 547 ἀγαλλιᾶται
2114 494 2154 533 τὸ
2174 498 2314 545 πνεῦμα
2329 496 2398 535 τῶν
2419 496 2454 535 ἐν

1482 558 1627 608 Χριστῷ
1661 554 1809 594 παιδίων
1832 556 1866 594 ἐν
1898 556 2058 607 ὑπομονῇ
2082 553 2375 604 πολιτευομένων·
2395 553 2459 593 καὶ

1483 614 1572 661 αὕτη
1593 617 1615 660 ἠ
1631 613 1704 652 θεία
1719 613 1859 653 παιδιά.
1871 612 2050 660 Τοιαύτην
2062 613 2140 651 τινὰ
2161 613 2298 658 παίζειν
2313 612 2458 654 παιδιὰν
2469 611 2476 616 ’

1480 673 1540 712 τὸν
1559 675 1682 711 ἑαυτοῦ
1697 671 1767 711 Δία
1791 670 2023 724 Ἡράκλειτος
2037 671 2146 722 λέγει.
2165 671 2360 711 Lucianus
2378 670 2456 712 Vit.

1482 740 1583 771 auct.
1602 745 1687 783 cap.
1720 738 1765 777 14
1794 731 2030 770 Heraclitum
2048 731 2199 770 inducit
2223 731 2305 770 haec
2321 731 2460 770 dicen-

1484 800 1580 830 tem:
1600 790 1661 830 καί
1681 792 1755 829 ἐστι
1769 789 1884 828 τωυτὸ
1897 788 2015 842 τέρψις
2029 789 2192 842 ἀτερψίη,
2205 793 2333 841 γνῶσις
2348 792 2461 841 ἀγνω-

1485 851 1542 897 σίη
1555 880 1565 899 ,
1594 850 1684 903 μέγα
1711 849 1853 902 μικρόν·
1871 849 1943 888 ἅνω
1962 847 2058 888 κάτω
2089 849 2380 903 περιχορεύοντα,
2398 847 2461 890 καὶ

1485 909 1705 960 ἀμειὸόμενα
1721 909 1756 947 ἐν
1771 911 1815 960 τῇ
1826 911 1887 946 τοῦ
1901 908 2024 952 αἰῶνος
2036 909 2176 960 παιδιῇ.
2189 909 2256 949 ΑΓ
2256 909 2337 948 ΟΡ.
2345 907 2381 947 τί
2389 907 2460 961 γὰρ

1485 970 1503 1006 ὁ
1532 967 1617 1007 αἰών
1649 969 1746 1015 ἐστι;
1770 967 1851 1006 HP.
1873 968 1957 1010 παῖς
1991 965 2146 1014 παίζων,
2175 965 2356 1007 πεσσεύων
2388 965 2463 1006 δια-

1487 1028 1686 1081 φερόμενος.
1717 1027 1956 1065 Heraclitum
1982 1026 2159 1065 imitatur
2176 1025 2292 1065 Philo
2317 1024 2366 1065 de
2384 1025 2460 1066 vit.

1486 1087 1611 1138 Moys.
1630 1086 1703 1138 l·p.
1725 1086 1774 1125 85
1797 1100 1806 1124 :
1829 1084 1940 1137 τύχης
1952 1084 2022 1137 γὰρ
2038 1083 2344 1136 ἀσταθμητότερον
2364 1082 2462 1124 οῦδὲν

1487 1144 1560 1183 ἅνω
1579 1144 1640 1183 καὶ
1661 1144 1758 1184 κάτω
1777 1144 1821 1182 τὰ
1844 1142 2046 1196 ἀνθρώπεια
2073 1140 2323 1189 πεττευούσης.
2355 1141 2464 1182 Idem

1487 1204 1535 1243 de
1552 1204 1688 1245 Mund.
1712 1205 1857 1242 incorr.
1875 1203 1930 1251 11,
1953 1203 2029 1242 500
2048 1217 2057 1240 :
2080 1204 2111 1242 εἰ
2125 1201 2162 1240 δὲ
2175 1200 2294 1253 ὅμοιος
2311 1200 2357 1254 [6
2373 1198 2464 1253 μετὰ

1488 1263 1551 1310 τὴν
1570 1262 1766 1316 ἐκπύρωσιν
1784 1261 2015 1314 γεγενημένος
2039 1259 2207 1315 κόσμος],
2231 1258 2466 1311 ματαιοπόνος

1490 1326 1508 1362 6
1528 1323 1687 1376 τεχνίτης
1706 1322 1802 1361 οὐδὲν
1820 1324 1949 1374 κομιδῇ
1969 1321 2104 1370 νηπίων
2124 1321 2260 1361 παίδων
2279 1319 2466 1375 διαφέρων,

1490 1382 1524 1421 οἳ
1543 1383 1713 1428 πολλάκις
1734 1381 1916 1435 ἀθύροντες
1931 1382 2080 1436 ψάμμου
2093 1381 2290 1435 γεωλόφους
2305 1383 2468 1422 ἀνιστᾶσι

1491 1441 1551 1480 καὶ
1573 1442 1679 1480 ἔπειθ’
1707 1443 1930 1495 ὑφαιροῦντες
1953 1443 2029 1485 ταῖς
2047 1431 2150 1493 χερσὶ
2168 1441 2275 1480 πάλιν
2303 1439 2469 1494 ἐρείπου·

1492 1516 1562 1540 σιν.
1591 1501 1823 1540 Plutarchus
1846 1500 1894 1539 de
1927 1502 1971 1540 Ει
1991 1500 2095 1551 apud
2119 1499 2291 1552 Delphos
2319 1513 2358 1551 p.
2390 1501 2467 1550 393

1498 1561 1529 1597 D
1546 1573 1555 1597 ε
1575 1558 1598 1607 ἢ
1624 1562 1683 1599 τοῦ
1703 1563 1886 1607 ποιητικοῦ
1907 1558 2029 1602 παιδὸς
2049 1557 2146 1597 ἔσται
2181 1557 2406 1612 φαυλότερος,
2424 1556 2468 1605 ἣν

1495 1619 1621 1663 ἐκεῖνος
1652 1618 1688 1657 ἔν
1709 1634 1777 1657 τινι
1804 1617 1963 1672 ψαμάθῳ
1994 1617 2220 1669 συντιθεμένῃ
2241 1615 2304 1656 καὶ
2329 1616 2470 1669 διαχεο-

1497 1677 1587 1730 μένῃ
1605 1677 1711 1716 πάλιν
1731 1679 1787 1731 ὑφ’
1810 1679 1933 1717 ἑαυτοῦ
1944 1676 2061 1722 παίζει
2080 1675 2241 1728 παιδιάν,
2260 1674 2372 1729 ταύτῃ
2390 1675 2470 1727 περὶ

1498 1738 1543 1775 τὰ
1573 1736 1639 1775 ὅλα
1659 1735 1842 1789 χρώμενος
1874 1734 1929 1774 ἀεὶ
1961 1734 2022 1773 καὶ
2049 1733 2107 1773 τὸν
2134 1734 2267 1785 κόσμον
2289 1735 2352 1773 οὐκ
2382 1733 2468 1773 ὄντα

1495 1794 1674 1843 πλάττων,
1690 1788 1750 1833 εἶτ’
1771 1794 1956 1834 ἀπολλύων
1969 1793 2168 1846 γενόμενον.
2189 1792 2403 1832 Probabile
2414 1801 2472 1832 est

1499 1855 1738 1894 Heraclitum
1752 1855 1795 1894 in
1809 1854 1922 1907 pueri
1939 1853 2109 1904 imagine
2125 1851 2393 1892 adumbranda
2411 1852 2472 1891 in·

1500 1915 1639 1954 tuitum
1669 1927 1752 1952 esse
1769 1926 1906 1952 versus
1923 1911 2151 1951 Homericos
2176 1911 2291 1951 Iliad.
2308 1910 2382 1950 lib.
2406 1906 2482 1949 XV'

1498 1987 1558 2012 vs.
1593 1974 1775 2017 361-364
1807 1994 1861 2002 —
1884 1994 1940 2002 —
1971 1971 2087 2023 ἔρειπε
2119 1969 2155 2008 δὲ
2186 1970 2301 2023 τεῖχος
2323 1970 2474 2022 Ἀχαιῶν

1501 2035 1577 2085 ῥεῖα
1598 2033 1682 2083 μάλ’
1701 2033 1748 2074 ὡς
1765 2030 1821 2070 ὅτε
1840 2047 1892 2075 τις
1908 2030 2071 2083 ψάμαθον
2091 2035 2171 2074 παῖς
2180 2029 2267 2083 ἄγχι
2282 2027 2473 2075 θαλάσσης,

1499 2091 1571 2131 ὅστ’
1605 2092 1680 2131 ἐπεὶ
1715 2085 1773 2130 οῧν
1805 2091 1936 2143 ποιήσῃ
1969 2090 2156 2141 ἀθύρματα
2186 2087 2391 2140 νηπιέῃσιν,
2423 2087 2475 2141 ἂψ

1499 2144 1596 2195 αῧτις
1616 2149 1780 2202 συνέχευε
1800 2149 1900 2190 ποσὶν
1920 2148 1981 2188 καὶ
1999 2148 2120 2201 χερσὶν
2141 2150 2289 2201 ἀθύρων.
2308 2148 2365 2186 De
2382 2146 2475 2186 reli·

1500 2224 1578 2261 quo
1599 2209 1718 2248 verba
1740 2209 1893 2259 πόλεμος
1911 2208 2053 2247 πάντων
2075 2206 2194 2260 πατήρ
2215 2208 2289 2246 ἐστι
2306 2205 2390 2258 jam
2407 2218 2475 2245 su·

1501 2282 1573 2320 pra
1592 2268 1786 2306 illustravi
1809 2267 1856 2305 ad
1874 2266 2012 2316 fragm.
2036 2265 2124 2317 37.)
2363 2261 2369 2266 ’

1421 2342 1472 2367 45.
1501 2327 1622 2366 Ταύτὸ
1638 2327 1674 2364 δὲ
1691 2329 1794 2364 τοῦτο
1810 2320 1851 2373 ἦν
1871 2324 1983 2363 καὶτὸ
2004 2323 2103 2376 παρὰ
2120 2325 2170 2376 τῷ
2192 2324 2360 2375 σκοτεινῷ
2376 2322 2473 2375 λεγό·

1504 2402 1606 2436 μενον
1639 2385 1877 2439 Ἡρακλείτῳ·
1907 2402 1924 2418 «
1955 2382 2144 2437 συνάψειας
2181 2376 2269 2420 οὖλα
2300 2381 2361 2421 καὶ
2396 2381 2476 2433 οὐχὶ

1502 2439 1609 2492 οῧλα,
1641 2444 1905 2497 συμφερόμενον
1936 2442 1998 2482 καὶ
2041 2440 2300 2495 διαφερόμενον,
2331 2440 2477 2494 συνᾷδον

1503 2503 1564 2542 καὶ
1585 2503 1712 2557 διᾷδον·
1735 2503 1795 2541 καὶ
1815 2505 1855 2541 ἐκ
1874 2502 2014 2541 πάντων
2036 2500 2074 2540 ἓν
2090 2499 2150 2539 καὶ
2168 2499 2202 2545 ἐξ
2223 2498 2297 2543 ἑνὸς
2313 2498 2446 2539 πάντα.
2462 2516 2478 2533 ¹·

1559 2562 1947 2614 (Pseudoaristoteles
1963 2560 2012 2600 de
2031 2560 2179 2599 Mundo
2193 2572 2280 2611 cap.
2298 2559 2320 2597 5
2341 2572 2383 2610 p.
2401 2558 2478 2608 396

1507 2621 1533 2659 b
1558 2621 1619 2659 ed.
1643 2622 1763 2660 Bekk.
1783 2621 1842 2662 Cf.
1863 2619 2039 2659 Stobaeus
2061 2619 2142 2658 Ecl.
2166 2618 2281 2670 Phys.
2303 2616 2320 2655 1
2338 2630 2380 2669 p.
2399 2617 2479 2668 690

1507 2682 1628 2730 (tom.
1648 2680 1722 2731 lp.
1744 2693 1821 2728 270
1842 2679 1904 2718 ed.
1922 2678 2047 2718 Gaisf.
2065 2676 2093 2730 ).

1430 2809 1523 2838 tuum
1542 2810 1733 2839 cunctarum
1751 2815 1859 2839 rerum
1876 2814 1982 2847 regem
1999 2809 2156 2839 aelernum
2175 2804 2221 2838 ita
2239 2805 2320 2838 dicit
2338 2813 2347 2836 ε
2370 2816 2389 2833 ι
2416 2805 2481 2838 AE·

1429 2876 1512 2901 vum
1537 2876 1626 2909 puer
1651 2869 1703 2900 est
1720 2868 1840 2908 jocans
1864 2867 2079 2909 calculisque
2101 2865 2249 2905 ludens3
2267 2865 2378 2906 hujus
2400 2873 2480 2898 uero

1425 2930 1531 2970 pueri
1553 2935 1702 2969 reynum
1727 2930 1792 2961 esc.
1814 2940 1830 2956 υ
1864 2928 2031 2960 caeterum
2064 2926 2186 2959 bellum
2215 2933 2285 2959 esse
2310 2926 2478 2965 parentem

1428 2995 1543 3019 eorum
1557 2986 1703 3019 omnium
1729 2991 1804 3026 quae
1820 2987 1892 3018 orta
1907 2986 1983 3017 sunt
2014 2984 2158 3025 genitum
2174 2987 2206 3016 et
2224 2991 2290 3015 non
2311 2982 2455 3024 genitum
2468 3007 2479 3023 ,

1429 3054 1496 3077 rem
1516 3047 1656 3078 creatam
1673 3046 1707 3077 et
1731 3043 1846 3076 mundi
1873 3045 2106 3085 procreatorem
2125 3051 2164 3075 ex
2187 3042 2257 3083 ipso
2277 3041 2448 3074 audiamus
2468 3051 2478 3073 :

1432 3117 1448 3132 «
1467 3103 1604 3137 Bellum
1635 3104 1793 3136 omnium
1822 3110 1950 3143 parens
1981 3103 2035 3134 esc
2073 3103 2301 3142 omniumque
2323 3107 2402 3141 rex,
2431 3108 2476 3133 ac

1428 3164 1565 3203 partim
1584 3161 1664 3194 deos
1673 3160 1787 3203 flnyit
1803 3162 1941 3202 partim
1962 3159 2132 3200 homines,
2152 3159 2330 3202 efficitque
2354 3161 2397 3194 ut
2409 3158 2476 3193 alii

1430 3220 1522 3252 servi
1535 3220 1610 3252 sint
1632 3218 1700 3251 alii
1721 3218 1835 3258 liberi.
1859 3230 1872 3246 ι

1472 3280 1525 3310 45.
1551 3279 1622 3310 Hoc
1635 3276 1788 3309 nimirum
1815 3275 1894 3308 illud
1913 3275 2061 3317 estquod
2080 3276 2166 3317 apud
2185 3275 2479 3316 obscurumjstum

1433 3335 1629 3368 Heraclitum
1642 3335 1688 3368 sic
1698 3335 1900 3368 enuntiatum
1915 3335 2031 3375 legitur
2051 3347 2058 3367 :
2074 3348 2089 3363 «
2101 3337 2230 3376 Integra
2239 3337 2271 3368 et
2285 3334 2419 3367 minime
2430 3334 2482 3366 in·

1433 3395 1520 3435 tegra
1538 3393 1733 3435 conjungas,
1752 3393 1953 3426 consentiens
1967 3395 1999 3425 et
2021 3393 2231 3434 dissentiens,
2255 3402 2437 3426 consonans
2448 3394 2483 3426 et

366 3447 418 3478 44.
440 3447 517 3480 Esse
531 3450 640 3480 autem
661 3448 722 3481 hoc
735 3448 923 3482 universum
944 3459 1078 3492 puerum
1097 3454 1195 3493 alque
1211 3452 1243 3484 in
1265 3461 1374 3495 perpe·
1435 3453 1618 3495 dissonans,
1633 3462 1734 3486 unum
1756 3453 1854 3486 eliam
1872 3462 1913 3486 ex
1929 3453 2081 3485 omnibus
2096 3455 2180 3486 etex
2200 3462 2264 3485 uno
2278 3452 2396 3484 omnia.
2422 3464 2438 3479 »
