2612 3814
958 258 1057 298 LIB.
1088 258 1156 298 DE
1183 259 1429 301 UNIVEsssl
1458 262 1687 303 NATURA.

2311 274 2385 308 401

233 344 300 393 γῆ,
335 341 397 381 σὺν
428 343 480 395 τῷ
507 341 552 381 τὰ
583 342 636 381 ἐπ’
660 343 767 389 αὖτῆς
797 343 953 398 φυόμενα
988 346 1050 385 καὶ
1082 347 1280 400 βοσκόμενοι
1342 348 1393 381 his
1409 349 1558 390 terra,id
1576 351 1624 383 est
1642 360 1717 383 cum
1741 351 1780 383 iis
1801 360 1876 392 quae
1899 353 1931 384 in
1959 362 1996 386 ea
2023 356 2174 387 crescunt
2199 356 2231 388 et
2250 355 2392 396 aluntur,

235 403 394 449 ὑπεῖναι,
413 401 473 439 καὶ
493 401 553 440 σὺν
572 400 684 455 τούτῳ
711 402 901 456 μετάρσιον
916 404 976 443 καὶ
991 405 1123 459 ἀέριον,
1144 406 1206 445 σὺν
1227 409 1277 460 τῷ

233 459 277 497 τὰ
295 460 331 498 ἐν
352 460 447 512 αὐτῷ
465 459 580 499 πάντα
601 459 644 499 τὰ
657 460 822 513 γινόμενα
838 463 1011 514 γίνεσθαι.
1068 466 1091 516 S
1109 472 1145 506 3.
1170 465 1280 506 Ἐπεὶ

233 511 291 556 οῧν
311 518 388 558 καθ’
407 518 557 567 ἑκάστην
578 519 761 570 ἀποτομὴν
779 521 951 575 ὑπερέχον
972 538 1006 561 τι
1025 522 1121 574 γένος
1147 524 1282 564 ἐντέτα-

231 592 314 615 κται
326 580 396 616 τῶν
415 578 545 629 ἄλλων,
565 578 600 616 ἐν
621 579 684 630 μὲν
701 580 836 633 οὐρανῷ
856 580 894 619 τὸ
911 583 979 619 τῶν
997 585 1102 631 Θεῶν,
1123 585 1157 623 ἐν
1175 584 1211 623 δὲ
1231 588 1276 636 γῆ

232 635 426 688 ἄνθρωπος,
445 637 480 675 ἐν
498 636 535 675 δὲ
555 639 605 689 τῷ
627 638 807 692 μεταρσίῳ
823 639 920 693 τόπῳ
942 640 1102 691 δαίμονες
1115 672 1125 689 ,
1143 630 1279 695 ἀνάγκη

229 695 269 732 τὸ
283 694 380 745 γένος
399 696 466 733 τῶν
488 695 681 748 ἀνθρώπων
701 691 943 747 ἀΐδιον·εἷναι,
975 699 1073 752 εἴπερ
1103 702 1241 748 ἀληθῶς
1263 705 1282 741 ὁ

229 753 327 804 λόγος
344 753 575 804 συμὸιὸάζει,
598 753 648 806 μὴ
676 755 780 807 μόνον
797 755 841 795 τὰ
869 757 959 810 μέρη
978 758 1212 813 συνυπάρχειν
1232 763 1281 813 τῷ

229 811 352 865 κόσμῳ
367 842 378 859 ,
398 812 489 851 ἀλλὰ
506 813 565 853 καὶ
591 814 635 852 τὰ
651 815 888 869 περιεχόμενα
906 817 977 861 τοῖς
1003 816 1137 871 μέρεσι.
1194 821 1216 870 ἓ
1236 827 1278 860 4.

228 870 366 922 Φθοραὶ
382 869 418 909 δὲ
437 870 498 909 καὶ
519 873 714 922 μεταὸολαὶ
729 873 838 927 βίαιοι
852 873 1004 926 γίνονται
1017 876 1109 914 κατὰ
1125 876 1168 916 τὰ
1189 877 1279 931 μέρη

228 933 291 978 τῆς
314 933 388 981 γῆς·
404 929 462 969 ὅτε
481 931 546 982 μὲν
563 931 733 984 ἀνάχυσιν
753 932 1004 984 λαμὸανούσης
1023 937 1084 982 τῆς
1101 935 1281 984 θαλάσσης

227 990 276 1033 εἷς
294 988 411 1042 ἕτερον
427 988 542 1043 μέρος·
563 989 621 1029 δ’τε
635 991 671 1030 δὲ
690 991 751 1031 καὶ
772 994 880 1039 αὐτῆς
895 995 956 1040 τῆς
969 995 1032 1044 γῆς
1052 994 1281 1045 εὐρυνομένης

227 1047 288 1086 καὶ
317 1048 542 1099 διισταμένης
568 1048 636 1087 ὑπὸ
662 1050 874 1100 πνευμάτων
899 1048 922 1098 ἢ
954 1050 1092 1090 ὑδάτων
1124 1051 1279 1104 κρύὸδην

228 1104 498 1159 ἐπιφερομένων·
533 1107 709 1154 παντελὴς
734 1107 770 1146 δὲ
800 1108 911 1162 φθορὰ
938 1111 1001 1156 τῆς
1028 1109 1111 1162 περὶ
1130 1108 1194 1158 τὴν
1214 1113 1279 1162 γῆν

228 1163 492 1216 διακοσμήσεως
511 1164 590 1204 οὔτε
619 1165 778 1217 γέγονεν,
803 1166 882 1206 οὔτε
914 1166 1013 1207 ἔσται
1041 1167 1139 1209 ποτέ.
1196 1170 1277 1220 55.

228 1222 290 1262 Διὸ
308 1223 452 1266 καὶτοῖς
472 1222 636 1276 λέγουσι,
658 1223 721 1272 τὴν
742 1229 803 1273 τῆς
828 1227 1014 1274 ἑλληνικῆς
1037 1226 1191 1279 ἱστορίας
1212 1229 1279 1280 ἀρ-

224 1281 295 1333 χὴν
316 1281 386 1321 ἀπὸ
406 1281 549 1334 Ἰνάχου
580 1277 669 1322 εἶναι
693 1287 755 1322 τοῦ
783 1283 962 1338 Ἀργείου,
985 1286 1195 1337 προσεκτέον
1214 1286 1281 1325 οὕ-

226 1356 311 1389 τως,
332 1342 396 1393 οὐχ
413 1343 459 1384 ὥς
479 1340 550 1379 ἀπό
566 1357 655 1386 τινος
671 1344 784 1395 ἀρχῆς
801 1343 961 1396 πρώτης,
982 1344 1074 1384 ἀλλὰ
1100 1348 1163 1393 τῆς
1176 1361 1273 1397 γενο-

226 1399 331 1450 μένης
357 1399 556 1450 μεταὸολῆς
585 1402 664 1440 κατ’
699 1401 821 1450 αὐτήν.
900 1403 1080 1449 Πολλάκις
1115 1405 1183 1458 γὰρ
1219 1405 1279 1444 καὶ

222 1459 342 1512 γέγονε
360 1460 421 1499 καὶ
439 1458 537 1498 ἔσται
563 1460 740 1514 βάρὸαρος
757 1465 779 1510 ἡ
801 1461 953 1511 Ἑλλάς,
975 1465 1042 1517 οὐχ
1063 1464 1120 1503 ὑπ’
1143 1465 1277 1517 ἀνθρώ-

223 1534 299 1558 πων
314 1510 422 1570 μόνον
442 1519 607 1573 γινομένη
629 1520 893 1572 μετανάστατος
907 1552 918 1573 ,
947 1522 1039 1561 ἀλλὰ
1059 1522 1120 1562 καὶ
1141 1524 1200 1562 ὑπ’
1218 1525 1280 1562 αὖ·

223 1581 285 1625 τῆς
299 1580 362 1626 τῆς
383 1578 535 1630 φύσεως,
550 1582 588 1618 οὐ
606 1580 759 1631 μείζονος
776 1580 855 1621 οὐδὲ
876 1581 1011 1633 μείονος
1026 1583 1132 1630 αὐτῆς
1145 1582 1284 1635 γινομέ-
1308 1593 1310 1616 ι’

223 1654 304 1686 νης,
338 1639 429 1678 ἀλλὰ
459 1639 661 1693 καινοτέρας
695 1640 773 1688 ἀεί,
817 1641 877 1681 καὶ
911 1641 998 1694 πρὸς
1033 1645 1128 1693 ἡμᾶς
1163 1641 1278 1696 ἀρχὴν
1308 1646 1309 1662 ³

223 1696 488 1748 λαμὸανούσης.
548 1698 637 1752 Περὶ
667 1698 729 1748 μὲν
760 1693 821 1738 οῧν
849 1703 910 1739 τοῦ
937 1699 1020 1740 ὅλου
1040 1702 1101 1740 καὶ
1122 1701 1276 1752 παντός,

222 1818 270 1858 ὡς
293 1813 400 1859 οὕτως
427 1814 502 1868 ἔχει
522 1815 583 1854 καὶ
615 1815 682 1861 ἔξει
708 1816 766 1855 τὸν
799 1816 942 1855 ἅπαντα
976 1819 1109 1867 αἰῶνα,
1130 1821 1192 1865 τῆς
1213 1817 1277 1870 μὲν
1308 1821 1310 1831 ’

223 1931 284 1969 γῆ,
307 1929 364 1962 σὺν
380 1929 481 1970 τούτῳ
497 1930 537 1961 τὰ
561 1929 615 1961 ὑπ’
631 1930 737 1969 αὐτῆς.
764 1931 822 1963 Ed.
852 1933 972 1964 Lovan.
991 1932 1084 1964 habet
1103 1933 1160 1964 σὺν
1178 1933 1280 1974 τούτῳ

223 1980 277 2017 γῆ,
292 1977 348 2009 σὺν
362 1979 407 2018 τῷ
419 1977 458 2008 τὰ
471 1977 523 2009 ὑπ’
540 1978 645 2016 αὐτῆς.
663 1978 770 2011 Verba
788 1979 845 2011 σὺν
858 1982 904 2021 τῷ
919 1980 1038 2012 omissa
1048 1989 1067 2012 a
1079 1981 1237 2021 Nogarola
1248 1983 1280 2013 et

225 2024 426 2058 commelino
442 2027 572 2057 exstant
587 2026 619 2057 in
636 2025 710 2058 edd.
727 2026 889 2065 vizzanii,
906 2028 1046 2060 Battaesii
1057 2030 1089 2061 et
1103 2029 1277 2069 Rudolphi.

265 2071 367 2104 πάντα
378 2071 418 2104 τὰ
432 2071 605 2114 γενόμενα]
621 2073 800 2106 Articulum
814 2074 970 2108 omittunt
986 2078 1050 2108 tres
1064 2076 1156 2108 codd.
1175 2079 1278 2117 Parr.;

222 2119 274 2153 ed.
294 2122 415 2153 Lovan.
431 2120 527 2153 habet
543 2121 668 2153 πάντων
683 2122 843 2163 γινόμενα.

265 2165 284 2208 §
307 2171 337 2200 3.
355 2168 442 2208 γένος
451 2170 514 2199 τῶν
531 2166 638 2210 ἀνθρ.]
656 2167 751 2200 codd.
773 2171 879 2210 Parr.;
900 2172 962 2201 τῶν
984 2169 1069 2211 apud
1090 2170 1279 2203 Battoesium

223 2215 379 2247 omissum
397 2217 459 2248 est.

265 2263 284 2305 §
313 2265 342 2296 4.
360 2262 458 2305 βίαιοι
474 2262 632 2305 γίνονται]
649 2263 745 2296 codd.
764 2266 857 2297 Parr.
879 2266 915 2297 B.
935 2267 968 2297 et
990 2265 1042 2306 C.;
1061 2264 1116 2297 sed
1145 2265 1217 2297 cod.
1238 2268 1275 2298 A.

221 2310 379 2351 γίγνονται
396 2310 482 2352 quod
502 2310 602 2343 edidit
621 2311 804 2344 BattaesiuS.
933 2310 935 2312 ’
1179 2328 1189 2344 ι

266 2358 347 2390 κατὰ
360 2358 399 2390 τὰ
421 2357 521 2400 μέρη]
552 2358 624 2391 cod.
643 2359 720 2392 Vat.
739 2358 825 2399 apud
844 2359 994 2392 Siebenk.
1022 2369 1082 2392 nec
1104 2369 1166 2392 non
1188 2361 1278 2392 Parr.

224 2407 262 2438 A.
284 2408 315 2438 et
333 2406 384 2445 B.;
402 2406 626 2438 commelinus
642 2409 674 2438 et
687 2405 860 2438 Battaesius
875 2407 957 2439 κατὰ
973 2407 1062 2449 μέρη.

265 2453 316 2485 ὅτε
337 2452 412 2495 μὲν]
432 2452 526 2486 codd.
557 2453 688 2494 Pariss.;
720 2451 804 2485 male
829 2453 902 2486 edd.
922 2456 1043 2487 Lovan.
1082 2456 1214 2488 Comm.
1248 2458 1281 2487 et

226 2502 249 2532 B
261 2503 309 2532 ιῑῑ.
325 2501 343 2532 ὁ
359 2500 393 2532 τὲ
407 2501 474 2540 μὲν.

266 2551 321 2586 τῆς
352 2546 534 2589 θαλάσσης]
553 2547 649 2581 codd.
680 2550 785 2590 Part-,3
805 2552 858 2588 τῆς
891 2548 983 2581 deest
1011 2548 1096 2589 apud
1115 2550 1229 2590 Nogar.
1249 2551 1281 2581 et

225 2594 342 2627 Patrio.
362 2603 394 2636 p.
419 2596 492 2632 279.
515 2594 571 2626 sed
601 2597 706 2628 exstat
721 2596 753 2628 in
778 2596 855 2629 edd.
884 2597 1005 2629 Lovan.
1035 2595 1169 2627 Vizzan.
1192 2597 1276 2629 Batt.

223 2642 282 2682 qui
300 2641 383 2673 hanc
400 2641 550 2672 voculam
574 2642 666 2673 uncis
683 2642 834 2682 inclusit,
859 2643 986 2674 Comm.
1007 2642 1079 2674 Gal.
1097 2641 1259 2684 Rudolph.
1276 2655 1278 2658 ⁴

265 2689 307 2725 εἰς
322 2687 446 2730 ἕτερον]
473 2688 524 2720 Sic
543 2688 637 2720 codd.
657 2690 746 2721 Parr.
765 2693 797 2721 et
813 2691 903 2722 Vatt.
926 2689 1063 2722 testibus
1078 2691 1233 2723 Vizzanio
1247 2694 1279 2723 et

221 2735 448 2767 Siebenkeesio
470 2736 569 2775 atque
583 2734 658 2766 edd.
680 2735 814 2768 Vizzan.
840 2737 922 2768 Batt.
938 2735 1115 2776 Rudolph.‚·
1132 2737 1175 2773 εἰς
1191 2736 1275 2769 desi·

223 2783 400 2816 ‹teraturin
416 2782 489 2815 edd.
512 2784 636 2815 Lovan.
653 2785 781 2816 Comm.
802 2785 900 2825 atque
913 2783 999 2824 apud
1017 2784 1135 2816 Patric.
1155 2793 1186 2824 p.
1203 2786 1277 2817 279.

265 2830 407 2872 εὐρυνομ.
420 2829 432 2871 ]
446 2829 552 2862 codd.
572 2831 675 2869 Parr.;
694 2830 750 2861 sed
765 2830 846 2863 Cod.
865 2831 934 2863 Vat.
951 2830 1126 2873 διευρυνομ.
1139 2832 1171 2864 et
1188 2841 1245 2873 pro
1261 2834 1280 2872 ἢ

221 2876 347 2909 ὑδάτων
367 2876 483 2909 Patrio.
500 2876 554 2908 lib.
571 2877 588 2908 I
606 2877 659 2908 καὶ
673 2876 807 2910 ὑδάτων.

266 2925 416 2963 παντελὴς
433 2924 465 2956 δὲ
481 2923 578 2966 φθορὰ
597 2935 628 2956 κ.
646 2935 675 2956 τ.
698 2923 752 2966 λ.]
770 2926 850 2962 Quae
863 2929 1043 2966 sequuntur
1065 2934 1167 2966 usque
1183 2926 1223 2958 ad
1242 2927 1279 2959 fi-

225 2979 299 3003 nem
321 2971 419 3012 huius
444 2971 558 3012 capitis
586 2970 737 3004 Stobaeus
768 2971 878 3004 dorico
904 2981 1053 3005 sermone
1081 2973 1190 3006 attulit
1212 2974 1278 3006 Ecl.

223 3017 320 3058 Phys.
346 3020 371 3057 1,
386 3019 425 3050 24
445 3027 475 3058 p.
493 3020 544 3050 45.

267 3064 338 3097 οὔτε
353 3064 463 3106 ἔσται]
476 3065 594 3097 Patrio.
612 3065 634 3097 l.
654 3074 684 3098 c.
701 3065 766 3098 οὐδ’
784 3066 885 3098 ἔσται.

266 3111 286 3152 §
309 3116 336 3145 5.
355 3113 433 3145 εἶναι
447 3116 502 3144 τοῦ
515 3111 616 3155 Ἀργ-]
632 3114 710 3146 εἶναι
724 3116 780 3145 τοῦ
796 3122 860 3145 ῐιοη
876 3113 1019 3155 agnoscit
1032 3113 1193 3146 Stobaens.

266 3159 327 3201 οὐχ
342 3161 384 3197 ὡς
394 3158 476 3201 ἀπὸ]
491 3162 533 3197 ὡς
549 3161 606 3193 οὐκ
624 3161 686 3193 ἀπὸ
699 3161 859 3194 Stobaeus.

270 3217 338 3247 μετ.
353 3207 422 3238 κατ’
437 3207 551 3249 αὐτὴν]
570 3208 661 3241 stob.
680 3220 748 3249 μετ.
769 3209 822 3240 καὶ
835 3209 904 3241 κατ’
928 3209 1036 3241 αὐτοῖν.
1055 3211 1137 3242 Item
1155 3209 1281 3250 adjecto

228 3255 281 3286 καὶ
297 3253 446 3286 Siebenk.
465 3264 482 3286 e
503 3255 612 3288 codice
627 3265 686 3288 suo
708 3256 837 3288 notavit
854 3267 885 3288 κ.
905 3256 1010 3288 αὑτόν.

267 3301 327 3342 γὰρ
340 3301 392 3332 καὶ
407 3302 496 3344 γέγ.]
514 3302 573 3345 γὰρ
590 3303 651 3342 ἤδη
669 3304 722 3335 καὶ
741 3303 848 3344 γέγονε
862 3304 1022 3336 Stobaeus.

268 3347 399 3390 Ἑλλάς]
420 3351 505 3382 recte
528 3350 623 3383 codd.
649 3353 737 3384 Parr.
754 3353 792 3383 A.
815 3355 847 3383 et
866 3352 918 3391 C.;
941 3350 997 3384 sed
1026 3349 1108 3383 Cod.
1127 3352 1165 3382 B.
1185 3350 1300 3385 hahet.

227 3396 327 3484 ἑλῖςυχ
342 3442 396 3474 ὑπ’
409 3442 494 3484 ἀνθρ.
510 3461 550 3466 -
565 3444 815 3486 μετανάστατος]
832 3446 881 3478 ita
901 3444 995 3477 codd.
1012 3446 1099 3476 Parr.
1114 3446 1150 3477 A.
1175 3447 1207 3476 et
1226 3447 1280 3485 C.,

233 3498 293 3522 nec
321 3499 385 3522 non
412 3492 487 3523 Vat.
517 3492 602 3532 apud
623 3492 906 3535 Siebeukeesium3
931 3495 1125 3535 μετάστατος
1159 3494 1278 3534 Nogar.

373 3547 461 3576 Puu.
487 3548 595 3579 Gnffic.

1340 417 1416 440 cum
1436 408 1485 440 his
1502 407 1642 450 denique
1660 409 1796 443 sublime
1813 413 1845 443 et
1864 411 1986 444 aerium
2013 413 2172 454 spatium,
2195 414 2227 446 id
2247 417 2297 447 est
2318 423 2392 447 cum

1339 468 1378 501 iis
1393 469 1566 510 omnibus,
1584 470 1704 511 quaein
1717 479 1755 503 eo
1767 471 1916 504 accidunt
1934 473 1965 505 et
1986 473 2173 514 gignuntur.
2217 474 2236 516 §
2259 479 2289 508 3.
2309 478 2393 509 Cum

1340 528 1436 568 igitur
1458 528 1491 560 in
1515 537 1708 570 unaquaque
1731 529 1845 562 mundi
1871 532 1962 571 parte
1990 532 2183 564 collocatum
2203 534 2244 565 sit
2263 533 2392 574 aliquod

1338 587 1463 620 caeteris
1480 589 1635 629 praestans
1658 589 1846 621 animalium
1863 597 1983 629 genus,
2010 590 2042 622 in
2062 592 2145 622 coelo
2163 591 2227 630 dii,
2249 591 2393 624 homines

1338 648 1370 680 in
1385 650 1488 688 terra,
1502 648 1535 681 in
1551 648 1682 681 sublimi
1694 649 1877 691 daemones,
1892 659 2022 684 necesse
2037 654 2085 683 est
2101 651 2279 684 humanum
2293 661 2392 693 genus

1339 715 1409 739 osse
1429 708 1646 748 perpetuum,
1665 707 1825 749 siquidem
1853 717 1928 742 vere
1944 710 2063 742 evincit
2081 710 2182 751 ratio,
2203 720 2266 742 non
2286 712 2392 744 solum

1340 765 1452 798 mundi
1475 766 1581 808 partes
1594 775 1659 799 una
1681 776 1755 799 cum
1771 768 1893 801 mundo
1904 791 1913 809 ,
1931 777 2044 800 verum
2062 770 2094 801 et
2106 778 2143 801 ea
2157 778 2230 810 quae
2250 770 2393 811 partibus

1339 826 1544 858 continentur
1563 835 1627 858 una
1646 834 1720 858 cum
1740 826 1862 859 mundo
1877 829 2011 860 exstare.
2031 827 2050 870 §
2069 830 2100 861 4.
2118 831 2158 860 At
2171 830 2268 861 terrae
2286 830 2392 870 partes

1340 884 1371 915 vi
1388 885 1556 918 mutantur
1577 886 1610 918 et
1636 885 1796 919 intereunt
1814 895 1822 918 t
1839 886 2003 919 interdum
2018 887 2148 928 quidem
2166 897 2240 920 cum
2255 897 2343 921 mare
2361 889 2393 921 in

1339 942 1435 975 aliam
1452 947 1573 984 partem
1592 944 1779 986 effunditur,
1801 945 1996 987 quandoque
2018 955 2093 979 vero
2110 955 2186 979 cum
2206 950 2290 979 terra
2313 955 2391 978 ven-

1340 1001 1380 1034 tis
1407 1005 1440 1034 et
1455 1003 1548 1044 aquis
1563 1003 1687 1044 quaein
1713 1003 1813 1045 ipsam
1837 1004 1970 1037 latenter
1986 1004 2220 1046 ingrediuntur,
2238 1005 2394 1037 dilatatur

1339 1069 1376 1092 ac
1389 1060 1578 1094 distrahitur
1596 1070 1604 1090 ε
1625 1064 1719 1094 terrae
1737 1071 1813 1095 vero
1830 1063 2023 1104 temperatio
2047 1067 2079 1096 et
2097 1064 2290 1105 compositio
2308 1073 2392 1096 nun·

1339 1129 1437 1160 quam
1453 1122 1546 1153 antea
1563 1129 1693 1162 prorsus
1706 1121 1826 1154 interiit
1840 1145 1849 1162 ,
1870 1131 1930 1154 nec
1945 1124 2015 1163 post
2030 1122 2096 1155 ullo
2116 1125 2264 1164 tempore
2282 1123 2393 1155 interi-

1339 1180 1412 1211 tura
1435 1181 1494 1212 est.
1540 1179 1559 1221 §
1587 1183 1617 1212 5.
1643 1181 1846 1221 Quapropter
1871 1181 1926 1222 qui
1943 1181 2077 1221 dicunt,
2103 1181 2245 1214 historiae
2270 1183 2394 1214 Graecae

1340 1238 1467 1270 initium
1499 1238 1541 1270 ab
1570 1239 1688 1271 Inacho
1723 1239 1842 1279 Argivo
1869 1241 2079 1281 repetendum
2106 1249 2197 1282 esse,
2223 1241 2322 1274 velim
2350 1241 2397 1274 sic

1338 1298 1539 1338 existiment,
1565 1306 1627 1330 non
1642 1297 1683 1330 ab
1702 1298 1811 1339 aliquo
1831 1298 1934 1339 primo
1952 1299 2108 1340 principio
2122 1324 2131 1340 ,
2155 1299 2210 1332 sed
2230 1300 2271 1332 ab
2287 1300 2395 1340 aliqua

1339 1357 1514 1390 mutatione
1530 1365 1603 1398 quae
1620 1360 1696 1389 tunc
1709 1356 1881 1397 accidtrit‚
1899 1366 1970 1391 eam
1983 1361 2090 1390 ortum
2104 1358 2210 1390 denuo
2226 1358 2392 1391 habuisse.

1340 1416 1466 1450 Graecia
1484 1416 1570 1449 enim
1587 1418 1621 1450 et
1646 1417 1743 1450 antea
1769 1417 1888 1458 saepius
1918 1417 1979 1449 suit
2007 1418 2039 1449 et
2062 1417 2196 1459 posthac
2215 1418 2313 1450 etiam
2334 1418 2395 1450 erit

1338 1476 1495 1517 barbara,
1522 1484 1586 1508 non
1611 1476 1709 1508 modo
1740 1476 1781 1515 ab
1810 1475 1995 1508 hominibus
2020 1475 2083 1508 alio
2109 1476 2396 1517 commigrantibus

1339 1533 1477 1574 deserta,
1489 1543 1604 1567 verum
1620 1534 1717 1567 etiam
1730 1533 1829 1575 ipsius
1843 1536 1971 1566 naturae
1986 1534 2016 1566 vi
2031 1535 2158 1567 vastata
2170 1559 2180 1575 ‚
2199 1544 2271 1576 quae
2282 1544 2398 1576 quam-

1341 1592 1389 1624 vis
1408 1601 1467 1625 nec
1483 1594 1587 1633 maior
1605 1592 1781 1634 fiatneque
1799 1592 1923 1633 minor,
1943 1602 2028 1625 nova
2051 1595 2160 1626 tamen
2179 1602 2306 1634 semper
2334 1595 2395 1633 est,

1341 1652 1439 1693 atque
1452 1651 1493 1684 ab
1505 1660 1563 1693 eo,
1584 1651 1672 1694 quod
1690 1652 1783 1684 nobis
1799 1651 1927 1684 videtur
1942 1652 2069 1684 initium
2082 1676 2092 1692 ‚
2107 1652 2334 1693 proficiscitur.
2349 1655 2397 1685 De

1341 1713 1408 1743 toto
1431 1711 1552 1743 mundo
1574 1720 1611 1743 ac
1628 1711 1668 1744 de
1692 1711 1865 1751 universo,
1889 1711 1994 1752 deque
2014 1712 2086 1743 ortu
2103 1713 2136 1744 et
2157 1712 2286 1744 interitu
2306 1736 2316 1752 ‚
2340 1712 2396 1753 qui

223 1755 275 1794 ἔτι
292 1755 327 1795 δὲ
341 1755 402 1794 καὶ
421 1754 589 1807 γενέσεως
610 1756 670 1794 καὶ
687 1757 817 1810 φθορᾶς
835 1760 899 1806 τῆς
918 1760 952 1797 ἐν
968 1760 1063 1812 αὐτῷ
1083 1759 1278 1810 γινομένης,
1308 1755 1310 1761 ’

1339 1770 1371 1802 in
1389 1779 1427 1803 eo
1447 1770 1549 1810 liunt,
1575 1772 1608 1804 et
1635 1771 1673 1804 ut
1694 1779 1729 1803 se
1750 1770 1909 1811 habeant,
1937 1772 2034 1811 atque
2055 1770 2088 1802 in
2108 1770 2196 1803 omni
2214 1771 2397 1803 aeternitate

1339 1829 1403 1862 sint
1426 1829 1591 1870 habituri,
1624 1838 1698 1862 cum
1730 1832 1846 1861 natura
1874 1829 1991 1870 partim
2019 1830 2217 1869 sempiterno
2243 1830 2275 1861 in
2306 1833 2396 1862 motu

1347 1934 1491 1972 Comm.;
1511 1933 1568 1965 ἀπ’
1587 1932 1757 1974 ἀνθρώπων
1776 1931 1854 1964 cod.
1879 1931 1991 1963 Barth.
2014 1931 2161 1963 stobaeus
2177 1932 2247 1964 haec
2268 1931 2364 1964 habet
2386 1939 2396 1959 ε

1343 1980 1380 2013 οὗ
1397 1980 1455 2021 οὐχ
1472 1980 1526 2012 ὑπ’
1544 1980 1628 2021 ἀνθρ.
1643 1990 1676 2020 μ.
1692 1980 1859 2020 γιγνομένα
1876 1978 2116 2020 μετανάστασις.

1385 2027 1422 2059 οὐ
1439 2027 1516 2067 μείζ.
1542 2027 1624 2059 οὐδὲ
1642 2025 1786 2068 μείονος]
1809 2027 1861 2059 Sic
1881 2026 1990 2066 codd.;
2017 2027 2073 2059 scd
2090 2026 2239 2059 stobaeus
2269 2027 2341 2059 οὔτε
2360 2038 2395 2068 μ.

1343 2075 1414 2107 οὔτε
1427 2074 1559 2114 μείονος.

1385 2121 1463 2152 ἀλλὰ
1481 2121 1660 2163 καινοτέρας
1677 2121 1725 2153 ἀεὶ
1749 2122 1802 2153 καὶ
1828 2121 1925 2163 πρὸς]
1948 2120 2042 2152 codd.
2071 2125 2159 2154 Parr.
2177 2124 2214 2154 A.
2236 2123 2268 2153 et
2297 2123 2347 2161 B.;
2365 2123 2398 2154 in

1342 2168 1415 2199 cod.
1442 2168 1478 2199 C.
1505 2167 1624 2208 legitur
1643 2168 1722 2200 ἀλλὰ
1747 2169 1926 2210 καινοτέρας
1943 2169 1991 2201 ἀεὶ
2016 2170 2090 2211 πρὸς
2119 2168 2397 2208 quemadmodum

1345 2215 1377 2246 in
1400 2215 1453 2247 ed.
1479 2215 1602 2247 Lovan.
1628 2215 1734 2247 Verba
1755 2214 1833 2246 ἀλλὰ
1850 2216 2028 2258 καινοτέρας
2048 2217 2179 2247 exstant
2207 2218 2290 2255 apud
2323 2218 2398 2248 Sto-

1344 2263 1452 2295 hoeum
1480 2267 1577 2303 atque
1599 2262 1632 2294 in
1655 2262 1729 2294 edd.
1751 2264 1832 2303 Nog.
1851 2263 1972 2296 Lovan.
1994 2263 2156 2303 Rudolph.
2181 2264 2222 2295 At
2244 2263 2321 2296 ἀλλὰ
2344 2265 2397 2296 καὶ

1343 2311 1483 2352 νεοτέρας
1512 2310 1596 2351 (sic)
1625 2310 1734 2351 legunt
1752 2310 1924 2342 Vizzanius
1950 2319 1967 2343 e
1988 2310 2083 2342 codd.
2114 2312 2197 2342 vatt.
2224 2313 2256 2342 et
2285 2311 2396 2343 Barth.

1343 2359 1414 2391 Gal.
1433 2360 1528 2398 Darg.
1549 2358 1648 2396 Batt.,
1669 2357 1809 2398 denique
1827 2358 1905 2390 ἀλλὰ
1917 2358 1976 2400 γὰρ
1990 2359 2130 2400 νεοτέρας
2145 2359 2302 2390 Commel.

1383 2406 1459 2446 πρὸς
1480 2406 1562 2445 ἡμᾶς
1575 2404 1672 2445 ἀρχὴν
1688 2404 1927 2446 λαμὸανούσης]
1945 2406 2102 2446 Nogarola
2117 2406 2223 2437 locum
2242 2406 2288 2438 sic
2301 2406 2397 2439 inter-

1344 2455 1510 2494 pretatur:
1532 2465 1548 2480 «
1573 2460 1645 2492 quae
1663 2452 1674 2492 (
1685 2452 1819 2492 natura)
1834 2452 1963 2484 tametsi
1980 2461 2040 2484 nec
2056 2452 2160 2492 major
2179 2453 2326 2485 redditur
2348 2462 2398 2486 ne-

1343 2509 1407 2541 que
1425 2500 1545 2540 minor,
1563 2500 1721 2532 recentior
1743 2501 1850 2532 tamen
1883 2509 2010 2540 semper
2029 2502 2078 2533 est
2096 2503 2129 2533 et
2152 2501 2277 2533 ratione
2295 2502 2397 2534 nostri

1344 2548 1537 2588 principium
1553 2547 1662 2580 sumit.
1681 2560 1697 2575 »
1722 2547 1883 2579 Bardilius
1906 2556 1913 2576 :
1935 2559 1950 2574 «
1974 2548 2006 2579 in
2023 2547 2079 2580 der
2099 2549 2214 2587 Nalm,
2235 2548 2285 2579 die
2308 2557 2399 2580 zwar

1345 2597 1388 2628 im
1418 2598 1546 2628 Ganzen
1567 2596 1618 2628 uie
1647 2595 1756 2628 weder
1778 2596 1923 2635 gewinnt
1944 2596 2029 2628 noch
2062 2595 2212 2635 verliert,
2234 2595 2310 2627 aber
2331 2595 2400 2627 sich

1346 2643 1429 2675 doch
1445 2643 1558 2675 immer
1574 2642 1718 2683 verjiingt
1733 2642 1797 2674 und
1812 2642 1844 2674 in
1858 2642 1979 2675 diesem
1997 2642 2149 2674 Betracht
2166 2642 2216 2674 fiir
2235 2651 2294 2674 uns
2306 2642 2401 2674 einen

1343 2691 1466 2730 Anfang
1495 2692 1622 2723 nimmt.
1642 2703 1658 2719 ι)
1678 2691 1734 2722 Est
1752 2691 1860 2723 autem
1882 2691 2063 2732 πρὸς”ἡμᾶ;
2090 2698 2155 2722 non
2183 2690 2285 2729 magis
2313 2690 2400 2731 quod

1347 2740 1505 2772 Bardilius
1525 2739 1627 2771 voluit
1654 2738 1749 2771 nobis
1770 2739 1839 2779 (fiir
1860 2742 1956 2778 uns),
1987 2747 2087 2779 quam
2117 2739 2205 2778 quod
2238 2739 2399 2777 Nogarola

1345 2788 1423 2821 dicit
1439 2788 1578 2819 ratione
1603 2788 1717 2818 nostri
1735 2786 1786 2827 (in
1805 2786 1986 2818 Rucksicht
2000 2785 2059 2817 aul
2080 2795 2140 2818 uns
2152 2789 2175 2826 l,
2197 2786 2251 2817 sed
2273 2787 2399 2818 utrum-

1345 2845 1408 2877 que
1423 2833 1623 2875 conjunctim
1641 2833 1812 2867 dicendum
1827 2835 1886 2866 est.
1906 2833 1999 2872 Quod
2018 2843 2122 2874 quum
2150 2842 2216 2865 uno
2241 2833 2399 2865 vocabulo

1344 2882 1484 2923 nequeat
1512 2880 1603 2920 fieri,
1643 2881 1702 2913 hac
1727 2880 2013 2913 circumlocutione
2043 2890 2120 2913 usus
2144 2890 2216 2913 sum
2247 2891 2254 2912 ε
2290 2894 2305 2910 «
2326 2890 2400 2922 quae

1347 2929 1496 2971 quamvis
1516 2936 1575 2960 nec
1600 2927 1703 2968 major
1720 2928 1774 2960 fiat
1792 2937 1897 2968 neque
1914 2929 2028 2967 minor,
2048 2937 2132 2960 nova
2153 2931 2259 2960 tamen
2276 2937 2402 2969 semper

1347 2979 1413 3017 est,
1437 2979 1533 3017 atque
1550 2975 1591 3007 ab
1616 2984 1672 3015 eo,
1692 2975 1779 3016 quod
1797 2974 1890 3008 nohis
1916 2975 2043 3008 videtur
2062 2975 2202 3015 initium,
2223 2975 2400 3016 proticisci-

1348 3027 1410 3056 tur.
1432 3037 1447 3051 »

1390 3071 1458 3113 περὶ
1486 3069 1541 3111 μὲν
1557 3068 1610 3101 οὖν
1628 3071 1683 3101 τοῦ
1708 3068 1806 3111 ὅλου]
1834 3069 1906 3102 cod.
1932 3072 2006 3102 Par.
2035 3073 2087 3109 A.;
2109 3069 2223 3109 reliqui
2245 3069 2402 3101 omittunt

1347 3116 1414 3156 οὖν,
1432 3115 1518 3157 quod
1533 3124 1551 3148 e
1567 3115 1695 3148 stobaeo
1714 3116 1932 3156 adjiciendum
1959 3118 2130 3158 putaverat
2144 3116 2345 3156 Rudolphus.
2376 3123 2381 3126 ·

1388 3164 1432 3195 ἔτι
1457 3163 1490 3194 δὲ
1512 3161 1684 3205 καί]οοᾱᾱ
1707 3164 1812 3204 Parr.;
1836 3163 1868 3196 δὲ
1888 3172 1954 3196 non
1972 3165 2077 3195 exstat
2103 3163 2136 3195 in
2163 3163 2237 3195 cod.
2268 3164 2342 3195 Vat.
2371 3164 2403 3195 et

1348 3210 1473 3250 Barth.;
1494 3210 1547 3242 καὶ
1566 3209 1674 3241 omisit
1697 3209 1858 3242 Stobaeus.

1386 3255 1521 3299 φθορᾶς]
1541 3256 1691 3289 Stobaeus
1707 3257 1888 3298 ἀφθαρσίας.

1388 3303 1418 3334 ἐν
1434 3303 1520 3345 αὐτῷ
1533 3303 1714 3345 γινομένης]
1741 3305 1814 3336 cod.
1833 3306 1905 3336 Par.
1925 3306 1964 3336 A.
1983 3305 2057 3335 Vat.
2077 3305 2188 3337 Barth.
2206 3303 2255 3335 ed.
2280 3305 2401 3334 Lovan.

1346 3352 1378 3382 et
1399 3351 1517 3383 Patric-
1545 3353 1584 3386 T.
1602 3352 1634 3384 ΙΙ
1658 3351 1714 3383 lib.
1741 3353 1786 3383 VI
1816 3360 1846 3392 p.
1866 3353 1938 3384 239.
1969 3351 2030 3384 Sed
2061 3353 2139 3391 Nog.
2170 3353 2298 3382 Comm.
2325 3349 2398 3381 Gal.

1351 3401 1445 3439 Darg.
1465 3401 1498 3430 et
1513 3398 1566 3430 alii
1589 3399 1620 3431 ἐν
1635 3399 1738 3440 ἑαυτῷ
1763 3410 1823 3438 γιν.
1845 3400 1876 3431 et
1893 3398 2042 3431 Stobaeus
2059 3398 2090 3428 ἐν
2109 3398 2187 3438 αὐτῇ
2205 3397 2398 3437 γιγνομένας.

1385 3447 1426 3482 ὡς
1455 3446 1554 3483 οὕτως
1576 3445 1662 3488 ἔχει]
1681 3446 1757 3478 cod.
1777 3448 1847 3478 Par.
1875 3448 1927 3486 C.;
1950 3448 1991 3482 ὡς
2011 3446 2211 3477 desideratur
2237 3445 2268 3475 in
2298 3443 2393 3475 codd.

1345 3495 1381 3526 A.
1397 3495 1430 3526 et
1447 3495 1491 3534 B,
1515 3494 1591 3526 item
1616 3494 1646 3525 in
1667 3496 1740 3527 Vat.
1769 3497 1801 3526 et
1825 3494 1934 3526 Barth.
1961 3495 2001 3525 At
2020 3493 2189 3524 Stobaeus:
2214 3490 2290 3523 ὥστ’
2308 3491 2395 3532 ἔχει,

2217 3553 2252 3579 26
