2612 3814
293 228 372 263 484

291 313 495 353 ὡσαύτως
477 311 514 351 οὲ
534 317 604 356 τοῖς
620 311 784 364 μονίμοις
804 311 980 367 αἰθερίοις·
995 310 1075 350 οὔτε
1102 310 1138 350 δὲ
1167 310 1246 359 ἀεί,
1275 310 1354 350 οὔτε

291 371 483 420 ὡσαύτως,
506 374 577 416 τοῖς
606 372 887 423 μεταπίπτουσιν
918 370 1082 424 αἰθερίοις
1113 370 1175 410 καὶ
1205 371 1263 409 ἐπὶ
1290 373 1355 421 γ’ῆς

291 430 539 471 πολιτεύεσθαι
559 430 748 485 πεφυκόσι.
807 431 884 479 Ίὴν
902 431 938 471 δὲ
958 431 1102 484 πρώτην
1123 446 1184 469 και
1206 430 1355 484 ἀρίστην

291 491 460 542 ὁμοίωσιν
487 492 574 544 πρὸς
606 493 688 531 θεὸν·
699 491 734 531 εἴ
762 508 814 536 τις
854 494 915 539 τῆς
946 490 1113 543 δευτέρας
1143 491 1204 529 καὶ
1233 490 1356 542 τρίτης

293 551 506 596 ἀπεικασίας
534 551 765 605 παράδειγμα
792 554 929 591 ποιοῖτο
942 581 954 603 ,
973 550 996 598 ἢ
1026 550 1091 599 τὴν
1108 549 1275 602 δευτέραν
1295 566 1356 596 της

291 611 432 665 τρίτης,
445 610 576 662 λέγοι
558 627 600 649 αν
621 613 743 663 ὀρθως.
799 611 854 649 Οὐ
872 610 940 663 γὰρ
962 610 1066 661 μόνον
1088 625 1216 653 σκοπος
1229 611 1358 661 ὁμοιω-

292 673 396 717 θῆναι
415 671 466 723 τῷ
491 671 695 723 δημιουργι)
722 671 814 722 θεῶ,
834 669 923 708 ἀλλὰ
944 668 1042 708 καὶε
1024 685 1071 713 ως
1090 669 1178 721 πρὸς
1197 667 1355 718 κανόνα,

292 727 355 776 τὴν
374 728 522 783 ἀρίστην
536 728 560 777 ἢ
573 728 637 777 τὴν
658 727 771 780 μέσην
791 728 974 778 ὁμοίωσιν.
1047 728 1091 766 Εἰ
1108 727 1144 766 δὲ
1163 727 1358 766 ἀπολειπό-

293 805 394 839 μενοι
407 788 562 837 τούτων,
579 789 801 842 τυγχάνομεν
822 785 896 833 οἵας
914 787 1094 838 δυνάμεθα
1115 803 1167 826 τυ
1158 803 1200 840 Α
1186 792 1251 837 -ἷν,
1272 787 1359 826 αὐτὸ

292 863 396 887 τουτο
413 848 452 886 τὸ
467 847 561 887 κατὰ
581 847 683 900 φύσιν
704 847 847 900 ἔχομεν,
868 847 928 887 καὶ
943 864 984 887 το
1000 846 1132 886 τέλειον
1148 863 1210 893 της
1232 848 1360 900 ἀρετῆς

294 909 329 945 ἐν
360 906 475 960 τούτῳ
504 907 757 959 καρπούμεθα,
788 907 823 945 ἐν
846 909 896 960 τῷ
923 922 963 945 το
985 906 1112 959 μέτρον
1146 908 1210 953 τῆς
1239 905 1359 950 οὐσίας

293 968 396 1018 ἡμων
418 966 508 1018 μήτε
532 968 689 1018 ἀγνοεῖν,
723 965 814 1016 μήτε
835 964 1102 1018 δυσχεραίνειν.
1162 964 1358 1018 Ἄκροτάτη

294 1027 331 1065 δὲ
354 1026 462 1080 ἀρετὴ
488 1032 576 1100 τοῖςΜ
579 1042 618 1064 τε
638 1043 700 1074 της
724 1026 954 1078 δημιουργίας
981 1024 1072 1078 δ’ροις
1104 1023 1286 1076 εμμένειν,
1309 1020 1358 1070 οἷς

293 1085 411 1124 πάντα
433 1087 511 1125 κατ’
543 1078 632 1129 εἶδος
658 1085 901 1138 διακέκριται,
929 1084 991 1124 καὶ
1016 1090 1087 1129 τοῖς
1106 1101 1169 1132 της
1190 1085 1359 1139 προνοίας

293 1144 596 1196 ἔπεσθαινόμοις,
621 1146 665 1183 δι’
693 1143 750 1189 οὒς
781 1144 824 1183 τὰ
844 1144 982 1192 πάντα,
1013 1143 1107 1184 κατὰ
1126 1144 1192 1192 τὴν
1226 1145 1358 1184 οἰκείαν

292 1204 465 1256 δύναμιν,
483 1220 570 1258 προς
585 1204 625 1244 τὸ
640 1204 843 1258 σύμμετρον
864 1204 995 1256 ἀγαθὸν
1017 1204 1220 1244 οἷκειουται.

346 1264 507 1311 Γοιαύτη
536 1266 606 1303 τῶν
627 1266 779 1316 Χρυσῶν
801 1263 923 1303 Ἐπῶν
946 1266 968 1311 ἠ
995 1263 1159 1316 ἐξηγησις
1179 1266 1266 1315 ἡμῖν
1294 1262 1358 1314 γε’-

291 1339 370 1376 γονε
385 1354 396 1373 ,
431 1323 648 1378 περιέχουσα
677 1325 713 1363 ἐν
750 1327 841 1376 αὑτῇ
876 1324 1129 1376 Πυθαγορείων
1165 1323 1353 1376 δογμάτων

293 1384 441 1437 μετρίαν
462 1383 621 1438 σύνοψιν.
680 1384 783 1424 Ἔδει
807 1384 875 1437 γὰρ
908 1383 999 1434 μήτε
1032 1385 1067 1422 ἐν
1099 1387 1143 1437 τῇ
1164 1385 1234 1422 τῶν
1264 1384 1358 1421 ἐπων

294 1443 495 1498 βραχύτητι
520 1460 649 1492 στησαι
682 1461 741 1484 τον
768 1443 902 1496 λόγον,
940 1442 1054 1496 (οὕτω
1074 1443 1182 1518 γὰρ
1165 1459 1207 1482 αν
1240 1442 1358 1482 πολλὰ

295 1503 452 1543 διέλαθεν
477 1503 531 1543 ὅτι
565 1505 683 1548 καλῶς
708 1503 1018 1556 νενομοθετηται,)
1041 1503 1131 1554 μήτε
1165 1504 1212 1546 εἷς
1245 1505 1358 1553 μ’ἥκος

292 1566 476 1604 ἀποτεῖναι
507 1581 570 1612 της
596 1564 680 1612 ὅλης
711 1563 919 1618 φιλοσοφίας
953 1564 1075 1611 αὐτόν,
1114 1564 1255 1614 (μεῖζον
1287 1562 1356 1615 γὰρ

294 1692 365 1732 per
379 1693 474 1719 vero
488 1689 653 1727 tantum,
664 1693 735 1718 nec
749 1689 878 1719 tamen
892 1680 1029 1718 eodem
1048 1679 1165 1717 modo
1181 1678 1359 1716 aethereis

292 1750 399 1780 certo
422 1741 510 1780 loco
540 1742 810 1789 manentibus,
833 1749 872 1779 at
892 1753 1020 1791 neque
1056 1753 1211 1791 semper
1231 1752 1360 1789 neque

291 1800 426 1839 eodem
448 1801 566 1838 modo
587 1800 767 1838 aethereis
791 1799 1001 1838 mutationi
1029 1798 1238 1844 obnoxiis,
1262 1812 1359 1849 quo-

291 1873 377 1898 rum
404 1872 450 1898 ea
478 1868 536 1898 est
554 1868 715 1907 natura,
737 1868 780 1898 ut
808 1859 851 1897 in
874 1858 991 1897 terris
1011 1859 1161 1896 versati
1192 1858 1357 1911 possint.

292 1918 333 1957 Si
350 1921 439 1970 quis
458 1927 588 1958 autem
615 1921 785 1970 primam
807 1917 1248 1970 praestantissimamque
1272 1931 1359 1955 cum

293 1979 376 2016 Deo
387 1978 682 2017 similitudinem
695 1977 875 2017 secundae
884 1986 922 2016 et
936 1986 995 2016 ter
999 1979 1059 2016 tiae
1067 1977 1359 2016 assimilationis

293 2039 493 2089 exemplm
512 2039 645 2085 faciat,
669 2046 736 2077 aut
752 2037 960 2077 secundam
980 2038 1128 2088 tertiae,
1147 2045 1252 2076 recte
1273 2050 1359 2075 sen-

293 2101 375 2136 tiat.
387 2098 522 2150 Neque
532 2101 634 2138 enim
647 2098 688 2136 id
702 2098 828 2137 solum
837 2106 1052 2150 spectatur,
1064 2106 1108 2136 ut
1123 2097 1260 2136 mundi
1273 2097 1361 2134 aedi-

294 2159 443 2197 ficator-i
462 2159 545 2197 Deo
574 2159 723 2198 similes
744 2159 907 2207 fiamus,
928 2158 996 2197 sed
1015 2160 1132 2197 etiam
1163 2166 1206 2196 ut
1236 2157 1283 2194 ad
1312 2170 1360 2194 o-

294 2219 456 2270 ptimam
483 2219 548 2258 vel
570 2218 736 2258 mediam
759 2188 1078 2266 similitiidinem,
1100 2227 1284 2269 tanquam
1310 2216 1358 2254 ad

293 2291 467 2316 normam
473 2279 722 2330 dirigamur.
745 2277 895 2324 Quodsi
905 2278 968 2316 his
982 2277 1162 2316 destituti
1178 2276 1359 2314 similitu-

294 2337 440 2385 dinem,
461 2339 614 2387 qualem
633 2350 864 2389 possumus,
883 2350 1151 2389 assequamur,
1175 2335 1245 2374 id
1236 2350 1360 2387 ipsum

294 2398 401 2448 quod
419 2406 569 2435 naturae
596 2399 782 2436 convenit
805 2398 1026 2435 obtinemus
1046 2406 1083 2435 et
1103 2396 1145 2434 in
1177 2397 1252 2432 hoc
1272 2408 1359 2446 per-

295 2456 438 2495 fectum
456 2458 613 2496 virtutis
630 2457 799 2496 fructum
814 2456 1074 2509 percipimus,
1091 2455 1197 2508 quod
1215 2463 1362 2494 naturae

295 2525 439 2555 nostrae
456 2517 615 2555 modum
637 2531 708 2556 nec
727 2517 958 2568 ignoramus
981 2530 1051 2555 nec
1066 2530 1167 2567 aegre
1188 2516 1359 2554 serimus.

295 2576 454 2615 Summa
485 2586 613 2616 autem
646 2578 774 2616 virtus
806 2587 864 2616 est
896 2586 934 2616 et
964 2577 1176 2616 creationis
1197 2577 1359 2624 finibus,

296 2637 442 2688 quibus
474 2638 608 2676 omnia
641 2650 714 2688 per
747 2639 895 2690 species
927 2637 1110 2677 distincta
1140 2645 1255 2684 sunt,
1278 2649 1361 2674 sese

297 2698 519 2744 continere,
541 2700 579 2736 et
606 2710 653 2748 pl
656 2711 705 2735 ox
710 2697 869 2735 identlae
887 2698 1041 2748 legibus
1061 2697 1266 2747 obtempe1
1269 2709 1335 2734 aie
1350 2725 1360 2744 ,

297 2756 444 2806 quibus
455 2756 588 2794 onmia
597 2770 646 2807 pr
651 2771 673 2793 o
686 2769 756 2795 sua
767 2770 937 2808 quaeque
954 2757 1135 2796 facultate
1146 2756 1194 2795 ad
1210 2757 1361 2794 bonum

298 2815 394 2868 ipsis
413 2815 750 2854 accommodatum
772 2816 1033 2855 adducuntur.

354 2865 587 2925 Hujusmodi
621 2883 678 2913 est
708 2877 914 2913 Aureorum
948 2879 1129 2915 Versuum
1150 2877 1361 2927 explicatio

300 2927 454 2984 nostra,
493 2947 581 2985 quae
611 2933 964 2985 Pythagmicorum
1006 2938 1238 3006 dogmatum
1270 2949 1359 2973 mo-

302 2992 434 3031 dicum
468 3002 721 3046 conspectum
753 2997 936 3033 continet.
957 2998 1129 3035 Decebat
1157 2998 1262 3035 enim
1290 3007 1362 3032 nos

302 3065 429 3104 neque
469 3053 518 3092 ad
557 3053 741 3092 carminis
791 3053 1027 3093 brevitatem
1074 3055 1360 3106 expositionem

302 3119 478 3152 nostram
510 3115 759 3162 cont1ahere
787 3114 856 3164 (ita
889 3113 993 3152 enim
1037 3115 1212 3154 latuisset
1260 3113 1360 3151 mul-

784 219 1058 261 HlEROCLIS
1089 220 1366 261 COMMENT.
1397 221 1452 261 IN
1488 220 1715 262 AUREUM
1752 221 1987 262 CARMEN.

1388 315 1519 350 ιτοῧτο
1533 310 1557 359 ἢ
1579 310 1670 350 κατὰ
1689 327 1748 350 τον
1765 311 1924 365 παρόντα
1937 311 2073 365 λόγον,)
2096 313 2187 353 ἀλλὰ
2204 314 2243 353 τὸ
2261 313 2390 368 μέτρον
2407 318 2477 355 τῶν

1414 370 1543 422 λόγων,
1557 369 1638 409 ὅσον
1651 364 1723 409 οἶόν
1741 386 1793 418 τε,
1808 371 1894 424 πρὸς
1913 371 1972 411 τὸν
1990 371 2123 411 τούτοιν
2147 372 2365 421 ποιήσασθαι
2377 379 2476 426 νοῦν,

1415 444 1582 468 τοσουτον
1603 428 1708 480 μόνον
1733 430 1769 469 ἐν
1789 432 1905 476 αὐτοῖς
1927 430 2222 483 ἐξαπλώσαντας,
2244 432 2324 473 ὅσον
2344 436 2386 474 ἐκ
2405 438 2475 475 τῶν

1417 489 1568 528 καθόλου
1589 488 1775 541 δογμάτων
1795 493 1839 543 τῇ
1855 493 1925 529 τῶν
1946 492 2040 531 ἐπῶν
2064 491 2227 544 ἐξηγήσει
2247 493 2479 548 προοήρμοτ-

1416 563 1489 589 τεν.
1511 547 1617 588 Ἔστι
1635 548 1704 600 γὰρ
1721 548 1818 588 οὐδὲν
1847 549 1935 589 ἄλλο
1948 550 1994 589 τὰ
2010 550 2080 599 ἔπη
2101 555 2235 599 ταῦτα,
2254 551 2277 600 ἢ
2294 553 2479 592 τελειότα-

1418 624 1474 652 τος
1492 608 1682 661 χαρακτὴρ
1708 609 1928 663 φιλοσοφίας,
1944 626 2005 650 και
2026 615 2095 650 τῶν
2113 611 2471 666 κεφαλαιωδιστέρων

1419 668 1529 715 αὖτης
1548 667 1764 719 δογμάτων’
1749 669 1902 719 επιτομή
1914 701 1923 717 ,
1947 670 2042 709 xoel‘
2030 670 2098 710 υπὸ
2115 688 2183 710 των
2203 672 2272 720 ἤδη
2293 670 2358 720 τὴν
2378 672 2475 711 θείαν

1419 721 1518 780 οἷμον
1548 727 1823 777 ἀναὸεὸηκότων
1856 731 2099 783 ὑπογραφεῖσα
2131 737 2204 775 τοῖς
2242 731 2318 783 μετ’
2355 731 2483 776 αὖτοὺς

1419 788 1630 835 παιδευτικὴ
1651 804 1768 842 στοιγε
1755 788 1880 834 «ίωσις
1900 789 1922 828 ἃ
1941 789 1983 837 δὴ
2006 790 2067 830 καὶ
2087 793 2138 830 τῶ
2157 791 2230 831 ὄντι
2251 791 2346 833 εἴποι
2365 807 2419 838 τις
2438 793 2480 831 ἂν

1420 851 1484 896 τῆς
1508 848 1731 901 ἀνθρωπίνης
1752 849 1926 900 εὐγενείας
1946 842 2034 888 εἶναι
2060 851 2246 903 γνώρισμα
2266 851 2479 899 κάλλιπον,

1418 908 1479 947 καὶ
1493 909 1542 947 ου
1534 924 1560 961 χ
1580 908 1652 952 ἑνός
1667 923 1759 953 τινος
1779 911 1847 948 τῶν
1867 909 2117 963 Πυθαγορείων
2140 911 2484 985 ἀπομνημόνευμα,

1418 967 1502 1007 ὅλου
1524 968 1560 1007 δὲ
1586 971 1648 1007 τοῦ
1669 970 1764 1020 ἱεροῦ
1781 968 1977 1020 συλλόγου,
1999 970 2061 1008 καὶ
2081 971 2128 1014 ὡς
2144 985 2188 1008 αν
2207 970 2308 1009 αὐτοι
2331 969 2478 1018 εἴποιεν,

1420 1044 1481 1067 του
1498 1026 1627 1079 ὁμαΐου
1649 1043 1781 1073 παντος
1797 1028 2008 1081 ἀπόφθεγμα
2025 1028 2156 1069 κοινόν.
2214 1029 2279 1069 Διο
2296 1045 2358 1068 και
2373 1029 2480 1081 νόμος

1420 1103 1463 1135 ην
1484 1087 1590 1126 ἕωθέν
1620 1103 1659 1127 τε
1683 1087 1938 1139 ἀνισταμένους
1969 1088 2094 1132 αὐτους
2123 1089 2320 1142 ἀκροᾶσθαι
2348 1088 2483 1129 τούτων

1421 1148 1490 1185 τῶν
1521 1149 1629 1196 επῶν,
1658 1146 1779 1200 ὥσπερ
1799 1150 1904 1186 τινῶν
1938 1149 2194 1200 Πυθαγορικῶν
2224 1149 2379 1197 θεσμῶν,
2410 1148 2486 1193 ἑνός

1420 1221 1511 1250 τινος
1534 1206 1906 1259 ὑπαναγινώσκοντος,
1935 1222 1995 1246 και
2019 1206 2105 1259 πρὸς
2129 1207 2283 1260 ἑσπέραν
2306 1208 2355 1252 εἷς
2375 1206 2483 1247 ὕπνον

1422 1266 1616 1315 μέλλοντας
1634 1266 1834 1320 τρέπεσθαι·
1856 1265 1984 1311 ὅπως
1968 1283 2010 1305 αν
2036 1269 2080 1319 τῇ
2101 1265 2264 1321 συνεχεία
2283 1269 2357 1342 ’τῆς
2379 1267 2484 1344 μελέ-

1422 1341 1484 1372 της
1505 1327 1575 1364 τῶν
1595 1325 1761 1366 τοιούτοιν
1783 1325 1895 1378 λόγων
1923 1328 2075 1371 ζῶντα
2060 1338 2094 1366 εν
2125 1328 2244 1372 αὐτοῖς
2275 1327 2483 1382 ἀποφηνωσι

1421 1384 1466 1423 τὰ
1483 1385 1658 1436 δόγματα.
1715 1384 1766 1426 ⁶0
1789 1384 1831 1433 δὴ
1852 1385 1912 1425 καὶ
1933 1389 2026 1436 ἡμᾶς
2043 1392 2154 1426 ποιεῖν
2176 1386 2324 1435 δίκαιον,
2339 1386 2427 1440 πρὸς
2446 1386 2487 1426 τὸ

1422 1445 1651 1492 συναίσθησιν
1683 1461 1745 1492 της
1772 1445 1833 1483 ἀπ
1855 1446 1969 1484 αὐτῶν
2002 1446 2173 1499 ὠφελείας
2196 1446 2259 1500 ὀψὲ
2287 1449 2373 1497 γοῦν
2397 1461 2486 1485 ποτε

1424 1504 1638 1552 κτήσασθαι.

1424 1687 1550 1717 torum
1587 1687 1875 1730 praeceptorum
1920 1678 2197 1730 pulchritudo,
2240 1693 2368 1731 neque
2408 1693 2490 1719 ser·

1421 1751 1575 1776 monem
1604 1738 1651 1776 ad
1673 1738 1870 1777 universae
1898 1738 2161 1790 philosophiae
2193 1739 2489 1789 amplitudinem

1422 1798 1671 1849 producere,
1705 1797 1759 1849 (id
1790 1799 1895 1836 enim
1928 1798 2058 1849 majus
2083 1798 2178 1848 quid
2199 1799 2337 1838 fuisset
2369 1813 2487 1851 quam

1423 1857 1594 1896 instituti
1632 1859 1753 1895 nostri
1791 1859 1888 1895 ratio
1933 1857 2150 1908 postulat,)
2197 1858 2266 1897 sed
2310 1858 2488 1912 disputa-

1425 1916 1544 1955 tionis
1576 1916 1759 1964 modum,
1797 1916 1928 1967 quoad
1959 1917 2185 1968 potuimus,
2217 1918 2266 1956 ad
2300 1931 2487 1959 versuum

1424 1986 1594 2015 mentem
1639 1976 1965 2023 accommodare,
2003 1985 2151 2015 tantum
2189 1979 2232 2016 in
2274 1977 2326 2017 iis
2359 1979 2487 2017 solum

1422 2036 1697 2088 explanantes,
1721 2044 1910 2087 quantum
1946 2049 1995 2074 ex
2017 2037 2214 2075 universis
2243 2037 2411 2078 decretis
2437 2039 2487 2078 ad

1422 2108 1558 2133 eorum
1581 2095 1884 2147 explicationem
1918 2104 2051 2147 aptum
2090 2104 2204 2135 esset.
2244 2096 2351 2136 Nihil
2382 2100 2487 2137 enim

1422 2157 1530 2194 aliud
1550 2164 1641 2195 sunt
1667 2155 1708 2194 hi
1729 2169 1891 2203 versus,
1911 2169 2028 2224 quam
2049 2156 2329 2208 perfectissima
2355 2158 2487 2210 philo·

1423 2217 1572 2268 sophiae
1604 2218 1735 2266 imago
1768 2225 1805 2254 et
1835 2216 2117 2266 primariorum
2141 2216 2228 2268 ejus
2259 2217 2485 2268 dogmatum

1422 2277 1594 2328 epitome
1613 2285 1730 2326 atque
1749 2276 2004 2314 elementaria
2021 2276 2216 2315 institutio
2237 2286 2485 2328 posterorum

1422 2338 1545 2403 gratia
1571 2335 1728 2387 scriptis
1755 2335 1936 2373 mandata
1956 2336 2037 2374 ab
2026 2336 2076 2374 1is
2097 2337 2166 2388 qui
2198 2337 2376 2376 divinam
2401 2338 2486 2391 jam

1422 2395 1529 2433 viam
1542 2395 1818 2435 ascenderant:
1836 2408 1938 2446 quos
1955 2395 2112 2447 quidem
2129 2405 2167 2434 et
2180 2397 2488 2448 pulcherrimum

1423 2454 1603 2493 humanae
1639 2455 1885 2504 ingenuitatis
1919 2464 2191 2494 ornamentum
2231 2469 2314 2496 esse
2345 2471 2484 2498 revera

1423 2515 1556 2553 dicene
1586 2515 1734 2566 possis,
1754 2527 1798 2552 ac
1818 2528 1897 2553 non
1917 2515 2036 2553 unius
2056 2514 2328 2566 Pythagorici
2335 2517 2485 2556 dictum

1423 2573 1699 2621 memorabile,
1731 2576 1798 2612 sed
1830 2577 1950 2614 totius
1978 2575 2077 2614 sacri
2105 2575 2285 2626 collegii,
2309 2586 2424 2629 atque
2443 2588 2487 2618 ut

1423 2635 1498 2686 ipsi
1516 2643 1705 2673 vocarent
1717 2633 1871 2685 ,ὃμαιου
1891 2635 2066 2674 universi
2083 2649 2291 2675 commune
2310 2637 2486 2678 effatum.
2511 2655 2518 2661 ·

1425 2693 1537 2733 Unde
1557 2694 1673 2732 etiam
1693 2694 1775 2733 illis
1794 2694 1916 2732 moris
1932 2703 2037 2742 erat,
2057 2703 2094 2732 et
2111 2707 2225 2733 mane
2245 2708 2266 2733 e
2283 2695 2385 2735 lecto
2405 2710 2488 2736 sur·

1424 2763 1558 2805 gentes
1598 2754 1671 2792 hos
1718 2767 1880 2802 versus,
1923 2763 2106 2806 tanquam
2142 2755 2248 2805 leges
2298 2755 2486 2807 quasdam

1424 2814 1729 2865 Pyffiagoricas,
1765 2815 1956 2853 recitante
1985 2814 2142 2865 aliquo,
2171 2814 2328 2862 audire,
2349 2823 2389 2853 et
2417 2828 2487 2854 ve·

1424 2874 1530 2924 speri
1544 2903 1555 2922 ,
1580 2887 1700 2925 quum
1720 2886 1858 2912 somno
1873 2887 1914 2912 se
1928 2873 2021 2912 daie
2041 2872 2247 2922 volebant3
2264 2882 2308 2912 ut
2328 2874 2488 2914 assidua

1424 2933 1618 2985 ejusmodi
1661 2945 1885 2971 sermonum
1934 2932 2182 2971 meditatione
2230 2933 2403 2972 viventia
2441 2934 2484 2972 in

1424 2995 1553 3031 animo
1575 2993 1774 3031 efficerent
1803 2992 1997 3043 dogmata
2041 2991 2156 3038 Quod
2174 3005 2265 3031 sane
2281 3001 2319 3031 et
2339 3005 2410 3031 nos
2432 2992 2486 3030 fa-

1425 3066 1512 3091 cere
1530 3065 1683 3105 aequum
1699 3061 1773 3100 est,
1790 3060 1834 3090 ut
1848 3052 2142 3090 sensuutilitatis
2163 3065 2250 3103 quae
2266 3065 2315 3091 ex
2330 3052 2380 3091 iis
2401 3052 2485 3091 ori-

1426 3122 1488 3151 tur
1507 3113 1659 3151 tandem
1684 3111 1897 3164 aliquando
1917 3111 2136 3150 afficiamur

2588 2098 2605 2135 -3

2594 2136 2612 2163 Z,

2591 2166 2602 2184 J

2595 2222 2612 2253 γ,

2594 2254 2603 2274 ἰ

2590 2275 2603 2310 ι

2595 2342 2612 2358 'l
