<?xml version="1.0" encoding="UTF-8"?>
<!DOCTYPE html PUBLIC "-//W3C//DTD XHTML 1.0 Transitional//EN"
    "http://www.w3.org/TR/xhtml1/DTD/xhtml1-transitional.dtd">
<html xmlns="http://www.w3.org/1999/xhtml" xml:lang="en" lang="en">
 <head>
  <title>
</title>
<meta http-equiv="Content-Type" content="text/html;charset=utf-8" />
  <meta name='ocr-system' content='tesseract 3.04.00' />
  <meta name='ocr-capabilities' content='ocr_page ocr_carea ocr_par ocr_line ocrx_word'/>
</head>
<body>
  <div class='ocr_page' id='page_1' title='image "./fragmentaphiloso01mulluoft_0177.png"; bbox 0 0 2612 3814; ppageno 0'>
   <div class='ocr_carea' id='block_1_1' title="bbox 1106 285 2317 335">
    <p class='ocr_par' dir='ltr' id='par_1_1' title="bbox 1106 285 2317 335">
     <span class='ocr_line' id='line_1_1' title="bbox 1106 285 2317 335; baseline 0.009 -11"><span class='ocrx_word' id='word_1_1' title='bbox 1106 285 1450 326; x_wconf 73' lang='lat' dir='ltr'>FRAGMENTA.</span> <span class='ocrx_word' id='word_1_2' title='bbox 2243 302 2317 335; x_wconf 79' lang='grc'><strong>137</strong></span> 
     </span>
    </p>
   </div>
   <div class='ocr_carea' id='block_1_2' title="bbox 216 372 1195 494">
    <p class='ocr_par' dir='ltr' id='par_1_2' title="bbox 216 372 1195 494">
     <span class='ocr_line' id='line_1_2' title="bbox 216 372 1128 427; baseline -0.004 -9"><span class='ocrx_word' id='word_1_3' title='bbox 216 378 275 418; x_wconf 83' lang='grc' dir='ltr'><strong>ταὶ</strong></span> <span class='ocrx_word' id='word_1_4' title='bbox 294 374 525 427; x_wconf 83' lang='grc' dir='ltr'>κακοδόκιμοί</span> <span class='ocrx_word' id='word_1_5' title='bbox 543 390 582 413; x_wconf 89' lang='grc' dir='ltr'><strong>τε</strong></span> <span class='ocrx_word' id='word_1_6' title='bbox 597 372 749 421; x_wconf 85' lang='grc' dir='ltr'>κῆωνοι,</span> <span class='ocrx_word' id='word_1_7' title='bbox 773 372 836 418; x_wconf 79' lang='grc' dir='ltr'><strong>τὰς</strong></span> <span class='ocrx_word' id='word_1_8' title='bbox 853 373 1128 427; x_wconf 69' lang='grc' dir='ltr'>ἀνδροφυκτίδας</span> 
     </span>
     <span class='ocr_line' id='line_1_3' title="bbox 217 436 1195 494; baseline -0.004 -12"><span class='ocrx_word' id='word_1_9' title='bbox 217 442 345 486; x_wconf 86' lang='grc' dir='ltr'>πάντες</span> <span class='ocrx_word' id='word_1_10' title='bbox 363 438 539 494; x_wconf 82' lang='grc' dir='ltr'>ἀνθρώποι</span> <span class='ocrx_word' id='word_1_11' title='bbox 555 437 725 487; x_wconf 83' lang='grc' dir='ltr'>καλέονθ’,</span> <span class='ocrx_word' id='word_1_12' title='bbox 735 436 824 489; x_wconf 82' lang='grc' dir='ltr'>ἁμὲς</span> <span class='ocrx_word' id='word_1_13' title='bbox 841 437 876 476; x_wconf 82' lang='grc' dir='ltr'><strong>δὲ</strong></span> <span class='ocrx_word' id='word_1_14' title='bbox 895 438 1023 484; x_wconf 84' lang='grc' dir='ltr'>λευκὰς</span> <span class='ocrx_word' id='word_1_15' title='bbox 1042 441 1095 477; x_wconf 86' lang='grc' dir='ltr'><strong>τοὶ</strong></span> <span class='ocrx_word' id='word_1_16' title='bbox 1110 439 1195 478; x_wconf 88' lang='grc' dir='ltr'>θεοί.</span> 
     </span>
    </p>
   </div>
   <div class='ocr_carea' id='block_1_3' title="bbox 214 521 1198 872">
    <p class='ocr_par' dir='ltr' id='par_1_3' title="bbox 214 521 1198 872">
     <span class='ocr_line' id='line_1_4' title="bbox 273 521 1198 579; baseline -0.004 -15"><span class='ocrx_word' id='word_1_17' title='bbox 273 525 431 579; x_wconf 83' lang='lat' dir='ltr'>(Athen.</span> <span class='ocrx_word' id='word_1_18' title='bbox 466 522 549 571; x_wconf 80' lang='lat' dir='ltr'>Ill,</span> <span class='ocrx_word' id='word_1_19' title='bbox 576 522 624 560; x_wconf 88' lang='lat'><strong>85</strong></span> <span class='ocrx_word' id='word_1_20' title='bbox 646 524 688 562; x_wconf 92' lang='lat' dir='ltr'><strong>C.</strong></span> <span class='ocrx_word' id='word_1_21' title='bbox 711 525 789 561; x_wconf 89' lang='lat' dir='ltr'><strong>Vss.</strong></span> <span class='ocrx_word' id='word_1_22' title='bbox 823 522 948 573; x_wconf 75' lang='lat'>49-50</span> <span class='ocrx_word' id='word_1_23' title='bbox 969 521 1093 571; x_wconf 78' lang='grc' dir='ltr'>τήθυα,</span> <span class='ocrx_word' id='word_1_24' title='bbox 1118 521 1198 560; x_wconf 83' lang='grc' dir='ltr'>κτέ-</span> 
     </span>
     <span class='ocr_line' id='line_1_5' title="bbox 215 582 1194 633; baseline -0.002 -11"><span class='ocrx_word' id='word_1_25' title='bbox 215 599 274 622; x_wconf 86' lang='grc' dir='ltr'><strong>νια</strong></span> <span class='ocrx_word' id='word_1_26' title='bbox 291 584 473 622; x_wconf 86' lang='lat' dir='ltr'><strong>Ahrensio</strong></span> <span class='ocrx_word' id='word_1_27' title='bbox 504 590 695 632; x_wconf 85' lang='lat' dir='ltr'><strong>praeeunte</strong></span> <span class='ocrx_word' id='word_1_28' title='bbox 727 583 865 631; x_wconf 87' lang='lat' dir='ltr'>scripsi</span> <span class='ocrx_word' id='word_1_29' title='bbox 882 595 956 633; x_wconf 90' lang='lat' dir='ltr'><strong>pro</strong></span> <span class='ocrx_word' id='word_1_30' title='bbox 986 582 1194 628; x_wconf 79' lang='grc' dir='ltr'>τηθυνάκια.</span> 
     </span>
     <span class='ocr_line' id='line_1_6' title="bbox 215 639 1197 694; baseline -0.004 -12"><span class='ocrx_word' id='word_1_31' title='bbox 215 647 276 683; x_wconf 89' lang='lat' dir='ltr'><strong>Vs.</strong></span> <span class='ocrx_word' id='word_1_32' title='bbox 313 643 361 680; x_wconf 85' lang='lat'><strong>55</strong></span> <span class='ocrx_word' id='word_1_33' title='bbox 395 640 630 694; x_wconf 80' lang='grc' dir='ltr'>κογχοθήραις</span> <span class='ocrx_word' id='word_1_34' title='bbox 661 639 769 680; x_wconf 83' lang='grc' dir='ltr'>πᾶσίν</span> <span class='ocrx_word' id='word_1_35' title='bbox 801 642 896 679; x_wconf 83' lang='grc' dir='ltr'>ἐστιν</span> <span class='ocrx_word' id='word_1_36' title='bbox 931 640 1018 679; x_wconf 87' lang='grc' dir='ltr'>ὠνία</span> <span class='ocrx_word' id='word_1_37' title='bbox 1045 643 1197 680; x_wconf 87' lang='lat' dir='ltr'><strong>Schnei-</strong></span> 
     </span>
     <span class='ocr_line' id='line_1_7' title="bbox 216 699 1198 752; baseline -0.003 -11"><span class='ocrx_word' id='word_1_38' title='bbox 216 704 330 741; x_wconf 84' lang='lat' dir='ltr'><strong>derus</strong></span> <span class='ocrx_word' id='word_1_39' title='bbox 351 702 516 750; x_wconf 86' lang='lat' dir='ltr'><strong>conjecit</strong></span> <span class='ocrx_word' id='word_1_40' title='bbox 543 714 617 750; x_wconf 88' lang='lat' dir='ltr'><strong>pro</strong></span> <span class='ocrx_word' id='word_1_41' title='bbox 645 702 823 738; x_wconf 85' lang='lat' dir='ltr'><strong>codicum</strong></span> <span class='ocrx_word' id='word_1_42' title='bbox 843 702 1009 738; x_wconf 86' lang='lat' dir='ltr'><strong>lectione</strong></span> <span class='ocrx_word' id='word_1_43' title='bbox 1026 699 1198 752; x_wconf 87' lang='grc' dir='ltr'>κογχόθη-</span> 
     </span>
     <span class='ocr_line' id='line_1_8' title="bbox 216 757 1196 814; baseline -0.001 -15"><span class='ocrx_word' id='word_1_44' title='bbox 216 777 280 814; x_wconf 86' lang='grc' dir='ltr'><strong>ραν</strong></span> <span class='ocrx_word' id='word_1_45' title='bbox 292 766 399 800; x_wconf 84' lang='grc' dir='ltr'>πᾶσιν</span> <span class='ocrx_word' id='word_1_46' title='bbox 414 762 447 804; x_wconf 80' lang='grc' dir='ltr'><strong>ἐς</strong></span> <span class='ocrx_word' id='word_1_47' title='bbox 459 757 641 812; x_wconf 85' lang='grc' dir='ltr'>τρισώνια.</span> <span class='ocrx_word' id='word_1_48' title='bbox 652 762 714 798; x_wconf 91' lang='lat' dir='ltr'><strong>Vs.</strong></span> <span class='ocrx_word' id='word_1_49' title='bbox 726 759 775 797; x_wconf 79' lang='lat'><strong>58</strong></span> <span class='ocrx_word' id='word_1_50' title='bbox 787 759 914 803; x_wconf 85' lang='grc' dir='ltr'>λευκὰς</span> <span class='ocrx_word' id='word_1_51' title='bbox 927 762 1040 810; x_wconf 87' lang='lat' dir='ltr'><strong>posui</strong></span> <span class='ocrx_word' id='word_1_52' title='bbox 1051 775 1061 807; x_wconf 92' lang='lat'>;</span> <span class='ocrx_word' id='word_1_53' title='bbox 1080 762 1196 811; x_wconf 89' lang='lat' dir='ltr'><strong>vulgo</strong></span> 
     </span>
     <span class='ocr_line' id='line_1_9' title="bbox 214 819 373 872; baseline -0.019 -12"><span class='ocrx_word' id='word_1_54' title='bbox 214 819 373 872; x_wconf 83' lang='grc' dir='ltr'>λεύκας.)</span> 
     </span>
    </p>
   </div>
   <div class='ocr_carea' id='block_1_4' title="bbox 159 902 1197 1530">
    <p class='ocr_par' dir='ltr' id='par_1_4' title="bbox 159 902 1197 1016">
     <span class='ocr_line' id='line_1_10' title="bbox 271 902 1197 956; baseline -0.003 -12"><span class='ocrx_word' id='word_1_55' title='bbox 271 904 383 948; x_wconf 77' lang='grc' dir='ltr'>Αὐτὸς</span> <span class='ocrx_word' id='word_1_56' title='bbox 403 906 421 942; x_wconf 81' lang='grc' dir='ltr'>ὃ</span> <span class='ocrx_word' id='word_1_57' title='bbox 441 902 600 944; x_wconf 80' lang='grc' dir='ltr'>Ποτιδὰν</span> <span class='ocrx_word' id='word_1_58' title='bbox 616 902 709 956; x_wconf 84' lang='grc' dir='ltr'>ἄγων</span> <span class='ocrx_word' id='word_1_59' title='bbox 724 902 906 956; x_wconf 78' lang='grc' dir='ltr'>γαύλοισιν</span> <span class='ocrx_word' id='word_1_60' title='bbox 926 904 961 942; x_wconf 80' lang='grc' dir='ltr'><strong>ἓν</strong></span> <span class='ocrx_word' id='word_1_61' title='bbox 978 904 1197 948; x_wconf 77' lang='grc' dir='ltr'>Φοινικικοῖς</span> 
     </span>
     <span class='ocr_line' id='line_1_11' title="bbox 159 957 1102 1016; baseline -0.003 -12"><span class='ocrx_word' id='word_1_62' title='bbox 159 975 197 1004; x_wconf 78' lang='grc'><strong>60</strong></span> <span class='ocrx_word' id='word_1_63' title='bbox 218 957 290 1002; x_wconf 72' lang='grc' dir='ltr'>εἶκε</span> <span class='ocrx_word' id='word_1_64' title='bbox 309 962 501 1007; x_wconf 85' lang='grc' dir='ltr'>καλλίστας</span> <span class='ocrx_word' id='word_1_65' title='bbox 519 962 674 1015; x_wconf 88' lang='grc' dir='ltr'>σαγήνας</span> <span class='ocrx_word' id='word_1_66' title='bbox 686 977 694 984; x_wconf 92' lang='grc'><em>·</em></span> <span class='ocrx_word' id='word_1_67' title='bbox 715 961 929 1015; x_wconf 85' lang='grc' dir='ltr'>χάλιεύομεν</span> <span class='ocrx_word' id='word_1_68' title='bbox 947 962 1102 1016; x_wconf 82' lang='grc' dir='ltr'>σπάρους</span> 
     </span>
    </p>

    <p class='ocr_par' dir='ltr' id='par_1_5' title="bbox 214 1022 1195 1269">
     <span class='ocr_line' id='line_1_12' title="bbox 214 1022 1195 1076; baseline -0.002 -13"><span class='ocrx_word' id='word_1_69' title='bbox 214 1023 274 1063; x_wconf 86' lang='grc' dir='ltr'><strong>καὶ</strong></span> <span class='ocrx_word' id='word_1_70' title='bbox 293 1023 463 1076; x_wconf 79' lang='grc' dir='ltr'>σκάρους,</span> <span class='ocrx_word' id='word_1_71' title='bbox 484 1025 553 1062; x_wconf 82' lang='grc' dir='ltr'><strong>τῶν</strong></span> <span class='ocrx_word' id='word_1_72' title='bbox 577 1023 656 1062; x_wconf 77' lang='grc' dir='ltr'>οὐδὲ</span> <span class='ocrx_word' id='word_1_73' title='bbox 682 1022 722 1062; x_wconf 81' lang='grc' dir='ltr'><strong>τὸ</strong></span> <span class='ocrx_word' id='word_1_74' title='bbox 740 1022 837 1075; x_wconf 87' lang='grc' dir='ltr'>σκὼρ</span> <span class='ocrx_word' id='word_1_75' title='bbox 865 1023 1004 1075; x_wconf 81' lang='grc' dir='ltr'>θεμιτὸν</span> <span class='ocrx_word' id='word_1_76' title='bbox 1033 1023 1195 1062; x_wconf 69' lang='grc' dir='ltr'>ἓκὸαλεῖν</span> 
     </span>
     <span class='ocr_line' id='line_1_13' title="bbox 1074 1083 1193 1135; baseline 0.008 -14"><span class='ocrx_word' id='word_1_77' title='bbox 1074 1083 1193 1135; x_wconf 86' lang='grc' dir='ltr'>[θεοῖς.</span> 
     </span>
     <span class='ocr_line' id='line_1_14' title="bbox 268 1158 1191 1213; baseline -0.002 -15"><span class='ocrx_word' id='word_1_78' title='bbox 268 1160 416 1213; x_wconf 84' lang='lat' dir='ltr'><strong>(Athen.</strong></span> <span class='ocrx_word' id='word_1_79' title='bbox 437 1161 520 1206; x_wconf 77' lang='lat' dir='ltr'>VII,</span> <span class='ocrx_word' id='word_1_80' title='bbox 539 1158 615 1196; x_wconf 85' lang='lat'><strong>320</strong></span> <span class='ocrx_word' id='word_1_81' title='bbox 636 1158 675 1196; x_wconf 92' lang='lat' dir='ltr'><strong>C.</strong></span> <span class='ocrx_word' id='word_1_82' title='bbox 694 1158 929 1196; x_wconf 87' lang='grc' dir='ltr'>ποτιδαναιων</span> <span class='ocrx_word' id='word_1_83' title='bbox 951 1159 1107 1209; x_wconf 84' lang='grc' dir='ltr'>γαυλοῖς.</span> <span class='ocrx_word' id='word_1_84' title='bbox 1131 1162 1191 1197; x_wconf 92' lang='lat' dir='ltr'><strong>Vs.</strong></span> 
     </span>
     <span class='ocr_line' id='line_1_15' title="bbox 214 1216 1195 1269; baseline -0.001 -12"><span class='ocrx_word' id='word_1_85' title='bbox 214 1221 263 1257; x_wconf 87' lang='grc'><strong>60</strong></span> <span class='ocrx_word' id='word_1_86' title='bbox 283 1218 375 1257; x_wconf 87' lang='grc' dir='ltr'>εἴκαι</span> <span class='ocrx_word' id='word_1_87' title='bbox 395 1216 606 1260; x_wconf 81' lang='grc' dir='ltr'>καλλίστους</span> <span class='ocrx_word' id='word_1_88' title='bbox 624 1218 738 1265; x_wconf 80' lang='grc' dir='ltr'>ἀδητα</span> <span class='ocrx_word' id='word_1_89' title='bbox 756 1226 907 1269; x_wconf 82' lang='grc' dir='ltr'>τηγάνος</span> <span class='ocrx_word' id='word_1_90' title='bbox 932 1217 1076 1268; x_wconf 85' lang='grc' dir='ltr'>ἁγεμὼν</span> <span class='ocrx_word' id='word_1_91' title='bbox 1097 1218 1195 1256; x_wconf 88' lang='grc' dir='ltr'>σπά-</span> 
     </span>
    </p>

    <p class='ocr_par' dir='ltr' id='par_1_6' title="bbox 213 1278 1128 1332">
     <span class='ocr_line' id='line_1_16' title="bbox 213 1278 1128 1332; baseline 0 -15"><span class='ocrx_word' id='word_1_92' title='bbox 213 1294 304 1332; x_wconf 83' lang='grc' dir='ltr'>ρους.</span> <span class='ocrx_word' id='word_1_93' title='bbox 329 1280 472 1328; x_wconf 88' lang='lat' dir='ltr'><strong>Recepi</strong></span> <span class='ocrx_word' id='word_1_94' title='bbox 488 1279 821 1329; x_wconf 80' lang='lat' dir='ltr'><strong>Schweighaeuseri</strong></span> <span class='ocrx_word' id='word_1_95' title='bbox 834 1278 1128 1331; x_wconf 87' lang='lat' dir='ltr'><strong>conjecturam.)</strong></span> 
     </span>
    </p>

    <p class='ocr_par' dir='ltr' id='par_1_7' title="bbox 721 1358 1041 1412">
     <span class='ocr_line' id='line_1_17' title="bbox 721 1358 1041 1412; baseline 0 -15"><span class='ocrx_word' id='word_1_96' title='bbox 721 1358 953 1408; x_wconf 78' lang='grc' dir='ltr'>Λαμὸάνοντι</span> <span class='ocrx_word' id='word_1_97' title='bbox 973 1358 1041 1412; x_wconf 77' lang='grc' dir='ltr'><strong>γὰρ</strong></span> 
     </span>
    </p>

    <p class='ocr_par' dir='ltr' id='par_1_8' title="bbox 209 1416 1192 1530">
     <span class='ocr_line' id='line_1_18' title="bbox 209 1416 1191 1472; baseline -0.001 -14"><span class='ocrx_word' id='word_1_98' title='bbox 209 1417 374 1472; x_wconf 82' lang='grc' dir='ltr'>ὂρτύγας,</span> <span class='ocrx_word' id='word_1_99' title='bbox 386 1416 573 1470; x_wconf 86' lang='grc' dir='ltr'>στρουθούς</span> <span class='ocrx_word' id='word_1_100' title='bbox 581 1433 633 1466; x_wconf 92' lang='grc' dir='ltr'><strong>τε,</strong></span> <span class='ocrx_word' id='word_1_101' title='bbox 645 1417 908 1470; x_wconf 87' lang='grc' dir='ltr'>κορυδάλλαςτε</span> <span class='ocrx_word' id='word_1_102' title='bbox 917 1417 1191 1472; x_wconf 78' lang='grc' dir='ltr'>φοινικείμονας,</span> 
     </span>
     <span class='ocr_line' id='line_1_19' title="bbox 210 1476 1192 1530; baseline -0.001 -14"><span class='ocrx_word' id='word_1_103' title='bbox 210 1477 383 1530; x_wconf 86' lang='grc' dir='ltr'>τετράγας</span> <span class='ocrx_word' id='word_1_104' title='bbox 397 1493 436 1515; x_wconf 85' lang='grc' dir='ltr'><strong>τε</strong></span> <span class='ocrx_word' id='word_1_105' title='bbox 453 1476 761 1530; x_wconf 80' lang='grc' dir='ltr'>σπερματολόγους</span> <span class='ocrx_word' id='word_1_106' title='bbox 784 1477 944 1529; x_wconf 84' lang='grc' dir='ltr'>κάγλαὰς</span> <span class='ocrx_word' id='word_1_107' title='bbox 964 1478 1192 1523; x_wconf 83' lang='grc' dir='ltr'>συκαλλίδας.</span> 
     </span>
    </p>
   </div>
   <div class='ocr_carea' id='block_1_5' title="bbox 265 1565 1192 1620">
    <p class='ocr_par' dir='ltr' id='par_1_9' title="bbox 265 1565 1192 1620">
     <span class='ocr_line' id='line_1_20' title="bbox 265 1565 1192 1620; baseline 0.004 -19"><span class='ocrx_word' id='word_1_108' title='bbox 265 1565 419 1617; x_wconf 83' lang='lat' dir='ltr'><strong>(Athen.</strong></span> <span class='ocrx_word' id='word_1_109' title='bbox 452 1565 522 1612; x_wconf 88' lang='lat' dir='ltr'><strong>IX,</strong></span> <span class='ocrx_word' id='word_1_110' title='bbox 555 1565 646 1615; x_wconf 87' lang='grc'><strong>398.</strong></span> <span class='ocrx_word' id='word_1_111' title='bbox 676 1568 724 1605; x_wconf 89' lang='lat' dir='ltr'><strong>D.</strong></span> <span class='ocrx_word' id='word_1_112' title='bbox 751 1581 789 1604; x_wconf 89' lang='grc' dir='ltr'><strong>τε</strong></span> <span class='ocrx_word' id='word_1_113' title='bbox 824 1565 886 1604; x_wconf 71' lang='grc' dir='ltr'><strong>καὶ</strong></span> <span class='ocrx_word' id='word_1_114' title='bbox 911 1565 1131 1620; x_wconf 85' lang='grc' dir='ltr'>κορυδάλλας</span> <span class='ocrx_word' id='word_1_115' title='bbox 1153 1582 1192 1605; x_wconf 92' lang='grc' dir='ltr'><strong>τε</strong></span> 
     </span>
    </p>
   </div>
   <div class='ocr_carea' id='block_1_6' title="bbox 210 1619 1193 1737">
    <p class='ocr_par' dir='ltr' id='par_1_10' title="bbox 210 1619 1193 1737">
     <span class='ocr_line' id='line_1_21' title="bbox 211 1619 1193 1677; baseline 0.002 -15"><span class='ocrx_word' id='word_1_116' title='bbox 211 1623 505 1677; x_wconf 84' lang='grc' dir='ltr'>φοινικονείμονας</span> <span class='ocrx_word' id='word_1_117' title='bbox 532 1625 724 1662; x_wconf 87' lang='lat' dir='ltr'><strong>librorum</strong></span> <span class='ocrx_word' id='word_1_118' title='bbox 758 1619 950 1677; x_wconf 80' lang='lat' dir='ltr'><strong>scriptura</strong></span> <span class='ocrx_word' id='word_1_119' title='bbox 975 1635 1044 1670; x_wconf 84' lang='lat' dir='ltr'><strong>est,</strong></span> <span class='ocrx_word' id='word_1_120' title='bbox 1078 1641 1193 1677; x_wconf 85' lang='lat' dir='ltr'><strong>quam</strong></span> 
     </span>
     <span class='ocr_line' id='line_1_22' title="bbox 210 1682 675 1737; baseline 0.006 -17"><span class='ocrx_word' id='word_1_121' title='bbox 210 1685 426 1721; x_wconf 83' lang='lat' dir='ltr'>emendavit</span> <span class='ocrx_word' id='word_1_122' title='bbox 445 1682 675 1737; x_wconf 80' lang='lat' dir='ltr'><strong>Porsonus.)</strong></span> 
     </span>
    </p>
   </div>
   <div class='ocr_carea' id='block_1_7' title="bbox 153 1757 1149 1812">
    <p class='ocr_par' dir='ltr' id='par_1_11' title="bbox 153 1757 1149 1812">
     <span class='ocr_line' id='line_1_23' title="bbox 153 1757 1149 1812; baseline -0.001 -14"><span class='ocrx_word' id='word_1_123' title='bbox 153 1771 198 1803; x_wconf 68' lang='grc'><strong>65,</strong></span> <span class='ocrx_word' id='word_1_124' title='bbox 214 1758 374 1811; x_wconf 87' lang='grc' dir='ltr'>καρκίνοι</span> <span class='ocrx_word' id='word_1_125' title='bbox 394 1758 423 1798; x_wconf 88' lang='grc' dir='ltr'><strong>θ’</strong></span> <span class='ocrx_word' id='word_1_126' title='bbox 439 1757 549 1797; x_wconf 81' lang='grc' dir='ltr'>ἵκοντ’</span> <span class='ocrx_word' id='word_1_127' title='bbox 571 1759 680 1812; x_wconf 81' lang='grc' dir='ltr'>ἐχίνοι</span> <span class='ocrx_word' id='word_1_128' title='bbox 699 1758 783 1810; x_wconf 85' lang='grc' dir='ltr'>θ’,οἳ</span> <span class='ocrx_word' id='word_1_129' title='bbox 801 1760 877 1799; x_wconf 88' lang='grc' dir='ltr'>καθ’</span> <span class='ocrx_word' id='word_1_130' title='bbox 894 1760 1058 1812; x_wconf 77' lang='grc' dir='ltr'>ἁλμυρὰν</span> <span class='ocrx_word' id='word_1_131' title='bbox 1079 1759 1149 1800; x_wconf 89' lang='grc' dir='ltr'><strong>ἅλα</strong></span> 
     </span>
    </p>
   </div>
   <div class='ocr_carea' id='block_1_8' title="bbox 208 1817 1210 1872">
    <p class='ocr_par' dir='ltr' id='par_1_12' title="bbox 208 1817 1210 1872">
     <span class='ocr_line' id='line_1_24' title="bbox 208 1817 1210 1872; baseline 0.003 -16"><span class='ocrx_word' id='word_1_132' title='bbox 208 1824 278 1857; x_wconf 85' lang='grc' dir='ltr'>νεῖν</span> <span class='ocrx_word' id='word_1_133' title='bbox 293 1819 355 1869; x_wconf 79' lang='grc' dir='ltr'><strong>μὲν</strong></span> <span class='ocrx_word' id='word_1_134' title='bbox 370 1819 434 1857; x_wconf 81' lang='grc' dir='ltr'><strong>οὒκ</strong></span> <span class='ocrx_word' id='word_1_135' title='bbox 449 1817 585 1867; x_wconf 86' lang='grc' dir='ltr'>ἴσαντι,</span> <span class='ocrx_word' id='word_1_136' title='bbox 607 1821 698 1872; x_wconf 81' lang='grc' dir='ltr'>πεζᾷ</span> <span class='ocrx_word' id='word_1_137' title='bbox 719 1820 748 1858; x_wconf 86' lang='grc' dir='ltr'><strong>δ’</strong></span> <span class='ocrx_word' id='word_1_138' title='bbox 772 1819 1027 1872; x_wconf 74' lang='grc' dir='ltr'>ἐμπορεύονται</span> <span class='ocrx_word' id='word_1_139' title='bbox 1045 1819 1163 1870; x_wconf 88' lang='grc' dir='ltr'>μόνον.</span> <span class='ocrx_word' id='word_1_140' title='bbox 1208 1865 1210 1867; x_wconf 26' lang='grc'>,</span> 
     </span>
    </p>
   </div>
   <div class='ocr_carea' id='block_1_9' title="bbox 207 1897 1190 2011">
    <p class='ocr_par' dir='ltr' id='par_1_13' title="bbox 207 1897 1190 2011">
     <span class='ocr_line' id='line_1_25' title="bbox 269 1897 1189 1952; baseline 0.002 -15"><span class='ocrx_word' id='word_1_141' title='bbox 269 1900 423 1951; x_wconf 86' lang='lat' dir='ltr'>(Athen.</span> <span class='ocrx_word' id='word_1_142' title='bbox 445 1899 519 1947; x_wconf 86' lang='lat' dir='ltr'>III,</span> <span class='ocrx_word' id='word_1_143' title='bbox 553 1913 600 1949; x_wconf 86' lang='lat'><strong>91</strong></span> <span class='ocrx_word' id='word_1_144' title='bbox 625 1901 666 1940; x_wconf 93' lang='lat' dir='ltr'><strong>C.</strong></span> <span class='ocrx_word' id='word_1_145' title='bbox 689 1897 799 1938; x_wconf 76' lang='grc' dir='ltr'>ἵκοντι</span> <span class='ocrx_word' id='word_1_146' title='bbox 821 1899 932 1952; x_wconf 82' lang='grc' dir='ltr'>ἕχίνοι</span> <span class='ocrx_word' id='word_1_147' title='bbox 956 1917 997 1939; x_wconf 87' lang='grc' dir='ltr'><strong>τε</strong></span> <span class='ocrx_word' id='word_1_148' title='bbox 1015 1900 1189 1951; x_wconf 81' lang='grc' dir='ltr'>τοὶ-μό-</span> 
     </span>
     <span class='ocr_line' id='line_1_26' title="bbox 207 1961 1190 2011; baseline 0.003 -15"><span class='ocrx_word' id='word_1_149' title='bbox 207 1974 259 1997; x_wconf 88' lang='grc' dir='ltr'><strong>νοι</strong></span> <span class='ocrx_word' id='word_1_150' title='bbox 289 1962 460 1997; x_wconf 79' lang='lat' dir='ltr'><strong>correxit</strong></span> <span class='ocrx_word' id='word_1_151' title='bbox 496 1961 668 2010; x_wconf 85' lang='lat' dir='ltr'><strong>Toupius</strong></span> <span class='ocrx_word' id='word_1_152' title='bbox 706 1961 874 2011; x_wconf 89' lang='lat' dir='ltr'><strong>append.</strong></span> <span class='ocrx_word' id='word_1_153' title='bbox 918 1962 968 1999; x_wconf 88' lang='lat' dir='ltr'><strong>ad</strong></span> <span class='ocrx_word' id='word_1_154' title='bbox 995 1963 1190 2001; x_wconf 83' lang='lat' dir='ltr'><strong>Theocrit.</strong></span> 
     </span>
    </p>
   </div>
   <div class='ocr_carea' id='block_1_10' title="bbox 205 2017 1188 2373">
    <p class='ocr_par' dir='ltr' id='par_1_14' title="bbox 205 2017 344 2071">
     <span class='ocr_line' id='line_1_27' title="bbox 205 2017 344 2071; baseline 0.014 -15"><span class='ocrx_word' id='word_1_155' title='bbox 205 2033 247 2071; x_wconf 85' lang='lat' dir='ltr'><strong>p.</strong></span> <span class='ocrx_word' id='word_1_156' title='bbox 266 2020 286 2057; x_wconf 87' lang='lat'>3</span> <span class='ocrx_word' id='word_1_157' title='bbox 297 2017 344 2071; x_wconf 89' lang='lat'><strong>1.)</strong></span> 
     </span>
    </p>

    <p class='ocr_par' dir='ltr' id='par_1_15' title="bbox 206 2099 1188 2298">
     <span class='ocr_line' id='line_1_28' title="bbox 206 2099 1188 2156; baseline 0 -16"><span class='ocrx_word' id='word_1_158' title='bbox 206 2100 305 2140; x_wconf 83' lang='grc' dir='ltr'>Ἐντὶ</span> <span class='ocrx_word' id='word_1_159' title='bbox 327 2101 356 2139; x_wconf 87' lang='grc' dir='ltr'><strong>δ’</strong></span> <span class='ocrx_word' id='word_1_160' title='bbox 375 2099 526 2141; x_wconf 76' lang='grc' dir='ltr'>ἀστακοὶ</span> <span class='ocrx_word' id='word_1_161' title='bbox 543 2100 776 2154; x_wconf 12' lang='grc' dir='ltr'>κολύηὸδαιναί</span> <span class='ocrx_word' id='word_1_162' title='bbox 793 2117 831 2140; x_wconf 88' lang='grc' dir='ltr'><strong>τε</strong></span> <span class='ocrx_word' id='word_1_163' title='bbox 850 2101 924 2154; x_wconf 85' lang='grc' dir='ltr'><strong>χῶς</strong></span> <span class='ocrx_word' id='word_1_164' title='bbox 938 2101 983 2141; x_wconf 81' lang='grc' dir='ltr'><strong>τὰ</strong></span> <span class='ocrx_word' id='word_1_165' title='bbox 1002 2102 1094 2141; x_wconf 87' lang='grc' dir='ltr'>πόδι’</span> <span class='ocrx_word' id='word_1_166' title='bbox 1114 2103 1188 2156; x_wconf 81' lang='grc' dir='ltr'>ἔχει</span> 
     </span>
     <span class='ocr_line' id='line_1_29' title="bbox 207 2158 1186 2215; baseline 0.004 -18"><span class='ocrx_word' id='word_1_167' title='bbox 207 2159 338 2213; x_wconf 88' lang='grc' dir='ltr'>μικρά,</span> <span class='ocrx_word' id='word_1_168' title='bbox 355 2158 418 2203; x_wconf 85' lang='grc' dir='ltr'><strong>τὰς</strong></span> <span class='ocrx_word' id='word_1_169' title='bbox 431 2158 552 2213; x_wconf 85' lang='grc' dir='ltr'>χείρας</span> <span class='ocrx_word' id='word_1_170' title='bbox 564 2158 600 2200; x_wconf 81' lang='grc' dir='ltr'><strong>δὲ</strong></span> <span class='ocrx_word' id='word_1_171' title='bbox 619 2160 776 2215; x_wconf 88' lang='grc' dir='ltr'>μακράς,</span> <span class='ocrx_word' id='word_1_172' title='bbox 793 2160 948 2215; x_wconf 72' lang='grc' dir='ltr'>κοίραὸος</span> <span class='ocrx_word' id='word_1_173' title='bbox 962 2160 997 2200; x_wconf 80' lang='grc' dir='ltr'><strong>δὲ</strong></span> <span class='ocrx_word' id='word_1_174' title='bbox 1016 2162 1186 2214; x_wconf 81' lang='grc' dir='ltr'>τοῦνυμα.</span> 
     </span>
     <span class='ocr_line' id='line_1_30' title="bbox 262 2243 1119 2298; baseline 0.001 -15"><span class='ocrx_word' id='word_1_175' title='bbox 262 2244 418 2295; x_wconf 86' lang='lat' dir='ltr'><strong>(Athen.</strong></span> <span class='ocrx_word' id='word_1_176' title='bbox 441 2243 515 2292; x_wconf 92' lang='lat'>111,</span> <span class='ocrx_word' id='word_1_177' title='bbox 546 2243 619 2282; x_wconf 87' lang='lat'><strong>105</strong></span> <span class='ocrx_word' id='word_1_178' title='bbox 645 2247 689 2285; x_wconf 91' lang='lat' dir='ltr'><strong>B.</strong></span> <span class='ocrx_word' id='word_1_179' title='bbox 710 2246 742 2283; x_wconf 88' lang='grc' dir='ltr'><strong>τ’</strong></span> <span class='ocrx_word' id='word_1_180' title='bbox 759 2245 1119 2298; x_wconf 58' lang='grc' dir='ltr'>ἓχοστα-ρ-τῶνυμα.)</span> 
     </span>
    </p>

    <p class='ocr_par' dir='ltr' id='par_1_16' title="bbox 206 2316 1135 2373">
     <span class='ocr_line' id='line_1_31' title="bbox 206 2316 1135 2373; baseline 0.002 -15"><span class='ocrx_word' id='word_1_181' title='bbox 206 2317 306 2362; x_wconf 84' lang='grc' dir='ltr'>Μύες</span> <span class='ocrx_word' id='word_1_182' title='bbox 325 2316 376 2356; x_wconf 77' lang='grc' dir='ltr'><strong>ἔτ’</strong></span> <span class='ocrx_word' id='word_1_183' title='bbox 398 2317 577 2371; x_wconf 78' lang='grc' dir='ltr'>ἀλφησταί</span> <span class='ocrx_word' id='word_1_184' title='bbox 592 2334 631 2357; x_wconf 86' lang='grc' dir='ltr'><strong>τε</strong></span> <span class='ocrx_word' id='word_1_185' title='bbox 652 2319 834 2372; x_wconf 90' lang='grc' dir='ltr'>κορακίνοι</span> <span class='ocrx_word' id='word_1_186' title='bbox 849 2336 886 2359; x_wconf 88' lang='grc' dir='ltr'><strong>τε</strong></span> <span class='ocrx_word' id='word_1_187' title='bbox 907 2320 1135 2373; x_wconf 82' lang='grc' dir='ltr'>κοριοειδέες,</span> 
     </span>
    </p>
   </div>
   <div class='ocr_carea' id='block_1_11' title="bbox 151 2377 1188 2430">
    <p class='ocr_par' dir='ltr' id='par_1_17' title="bbox 151 2377 1188 2430">
     <span class='ocr_line' id='line_1_32' title="bbox 151 2377 1188 2430; baseline 0.003 -13"><span class='ocrx_word' id='word_1_188' title='bbox 151 2391 189 2418; x_wconf 87' lang='grc'><strong>70</strong></span> <span class='ocrx_word' id='word_1_189' title='bbox 209 2377 340 2416; x_wconf 83' lang='grc' dir='ltr'>αἰολίαι</span> <span class='ocrx_word' id='word_1_190' title='bbox 356 2378 492 2421; x_wconf 83' lang='grc' dir='ltr'>πλώτες</span> <span class='ocrx_word' id='word_1_191' title='bbox 505 2394 543 2417; x_wconf 88' lang='grc' dir='ltr'><strong>τε</strong></span> <span class='ocrx_word' id='word_1_192' title='bbox 558 2377 796 2430; x_wconf 84' lang='grc' dir='ltr'>κυνογλώσσοι</span> <span class='ocrx_word' id='word_1_193' title='bbox 807 2380 852 2428; x_wconf 88' lang='grc' dir='ltr'><strong>τ’,</strong></span> <span class='ocrx_word' id='word_1_194' title='bbox 863 2381 942 2428; x_wconf 78' lang='grc' dir='ltr'>ἐνῆν</span> <span class='ocrx_word' id='word_1_195' title='bbox 953 2379 988 2418; x_wconf 85' lang='grc' dir='ltr'><strong>δὲ</strong></span> <span class='ocrx_word' id='word_1_196' title='bbox 998 2381 1188 2424; x_wconf 85' lang='grc' dir='ltr'>σκιαθίδες.</span> 
     </span>
    </p>
   </div>
   <div class='ocr_carea' id='block_1_12' title="bbox 205 2465 1191 2572">
    <p class='ocr_par' dir='ltr' id='par_1_18' title="bbox 205 2465 1191 2572">
     <span class='ocr_line' id='line_1_33' title="bbox 264 2465 1191 2515; baseline 0.002 -13"><span class='ocrx_word' id='word_1_197' title='bbox 264 2465 418 2515; x_wconf 87' lang='lat' dir='ltr'><strong>(Athen.</strong></span> <span class='ocrx_word' id='word_1_198' title='bbox 446 2468 531 2515; x_wconf 87' lang='lat' dir='ltr'>VII,</span> <span class='ocrx_word' id='word_1_199' title='bbox 563 2466 640 2503; x_wconf 88' lang='grc'><strong>308</strong></span> <span class='ocrx_word' id='word_1_200' title='bbox 663 2468 709 2505; x_wconf 92' lang='lat' dir='ltr'><strong>E.</strong></span> <span class='ocrx_word' id='word_1_201' title='bbox 738 2467 787 2505; x_wconf 88' lang='lat' dir='ltr'><strong>cf.</strong></span> <span class='ocrx_word' id='word_1_202' title='bbox 813 2468 889 2504; x_wconf 88' lang='grc'><strong>282</strong></span> <span class='ocrx_word' id='word_1_203' title='bbox 907 2470 957 2514; x_wconf 92' lang='lat' dir='ltr'><strong>A,</strong></span> <span class='ocrx_word' id='word_1_204' title='bbox 986 2468 1061 2505; x_wconf 84' lang='grc'><strong>322</strong></span> <span class='ocrx_word' id='word_1_205' title='bbox 1082 2470 1125 2505; x_wconf 89' lang='lat' dir='ltr'><strong>F.</strong></span> <span class='ocrx_word' id='word_1_206' title='bbox 1154 2476 1191 2504; x_wconf 85' lang='lat' dir='ltr'><strong>et</strong></span> 
     </span>
     <span class='ocr_line' id='line_1_34' title="bbox 205 2523 637 2572; baseline 0.007 -12"><span class='ocrx_word' id='word_1_207' title='bbox 205 2537 259 2561; x_wconf 84' lang='lat' dir='ltr'><strong>vs.</strong></span> <span class='ocrx_word' id='word_1_208' title='bbox 286 2524 373 2563; x_wconf 81' lang='lat'><strong>105.</strong></span> <span class='ocrx_word' id='word_1_209' title='bbox 392 2525 538 2562; x_wconf 84' lang='lat' dir='ltr'>Addidi</span> <span class='ocrx_word' id='word_1_210' title='bbox 558 2523 637 2572; x_wconf 86' lang='grc' dir='ltr'>ἔτ’.)</span> 
     </span>
    </p>
   </div>
   <div class='ocr_carea' id='block_1_13' title="bbox 1284 358 2327 1527">
    <p class='ocr_par' dir='ltr' id='par_1_19' title="bbox 1321 358 2326 902">
     <span class='ocr_line' id='line_1_35' title="bbox 1343 358 2323 432; baseline 0.007 -17"><span class='ocrx_word' id='word_1_211' title='bbox 1343 375 1404 415; x_wconf 84' lang='grc' dir='ltr'><strong>καὶ</strong></span> <span class='ocrx_word' id='word_1_212' title='bbox 1423 375 1566 429; x_wconf 84' lang='grc' dir='ltr'>σκιφίας</span> <span class='ocrx_word' id='word_1_213' title='bbox 1581 376 1710 429; x_wconf 83' lang='grc' dir='ltr'>χρόμις</span> <span class='ocrx_word' id='word_1_214' title='bbox 1729 376 1772 425; x_wconf 83' lang='grc' dir='ltr'>θ’,</span> <span class='ocrx_word' id='word_1_215' title='bbox 1787 377 1823 422; x_wconf 83' lang='grc' dir='ltr'><strong>ὃς</strong></span> <span class='ocrx_word' id='word_1_216' title='bbox 1834 379 1869 416; x_wconf 83' lang='grc' dir='ltr'><strong>ἐν</strong></span> <span class='ocrx_word' id='word_1_217' title='bbox 1881 374 2002 432; x_wconf 73' lang='grc' dir='ltr'>τῷῆρι</span> <span class='ocrx_word' id='word_1_218' title='bbox 2016 358 2144 420; x_wconf 71' lang='grc' dir='ltr'>καττδν</span> <span class='ocrx_word' id='word_1_219' title='bbox 2165 381 2323 423; x_wconf 79' lang='grc' dir='ltr'>Ἀνάνιον</span> 
     </span>
     <span class='ocr_line' id='line_1_36' title="bbox 1341 433 2200 491; baseline 0.006 -17"><span class='ocrx_word' id='word_1_220' title='bbox 1341 433 1472 489; x_wconf 75' lang='grc' dir='ltr'>ἰχθύων</span> <span class='ocrx_word' id='word_1_221' title='bbox 1491 436 1634 475; x_wconf 85' lang='grc' dir='ltr'>πάντων</span> <span class='ocrx_word' id='word_1_222' title='bbox 1661 435 1824 488; x_wconf 82' lang='grc' dir='ltr'>ἄριστος,</span> <span class='ocrx_word' id='word_1_223' title='bbox 1847 437 1967 482; x_wconf 87' lang='grc' dir='ltr'>ἀνθίας</span> <span class='ocrx_word' id='word_1_224' title='bbox 1986 439 2023 477; x_wconf 83' lang='grc' dir='ltr'><strong>δὲ</strong></span> <span class='ocrx_word' id='word_1_225' title='bbox 2042 440 2200 491; x_wconf 89' lang='grc' dir='ltr'>χείματι.</span> 
     </span>
     <span class='ocr_line' id='line_1_37' title="bbox 1397 514 2324 569; baseline 0.008 -17"><span class='ocrx_word' id='word_1_226' title='bbox 1397 514 1550 564; x_wconf 81' lang='lat' dir='ltr'><strong>(Athen.</strong></span> <span class='ocrx_word' id='word_1_227' title='bbox 1575 516 1662 560; x_wconf 90' lang='lat' dir='ltr'>VII,</span> <span class='ocrx_word' id='word_1_228' title='bbox 1697 515 1773 551; x_wconf 93' lang='grc'><strong>282</strong></span> <span class='ocrx_word' id='word_1_229' title='bbox 1802 517 1846 552; x_wconf 90' lang='lat' dir='ltr'><strong>A.</strong></span> <span class='ocrx_word' id='word_1_230' title='bbox 1879 516 1955 554; x_wconf 95' lang='grc'><strong>328</strong></span> <span class='ocrx_word' id='word_1_231' title='bbox 1986 519 2032 555; x_wconf 90' lang='lat' dir='ltr'><strong>A.</strong></span> <span class='ocrx_word' id='word_1_232' title='bbox 2065 517 2234 569; x_wconf 80' lang='grc' dir='ltr'>χρόμιος,</span> <span class='ocrx_word' id='word_1_233' title='bbox 2263 522 2324 559; x_wconf 83' lang='lat' dir='ltr'><strong>vel</strong></span> 
     </span>
     <span class='ocr_line' id='line_1_38' title="bbox 1340 571 2006 628; baseline 0.005 -18"><span class='ocrx_word' id='word_1_234' title='bbox 1340 571 1507 626; x_wconf 87' lang='grc' dir='ltr'>χρομίας.</span> <span class='ocrx_word' id='word_1_235' title='bbox 1529 574 1607 611; x_wconf 88' lang='lat' dir='ltr'><strong>vid.</strong></span> <span class='ocrx_word' id='word_1_236' title='bbox 1630 576 1768 613; x_wconf 89' lang='lat' dir='ltr'><strong>Athen.</strong></span> <span class='ocrx_word' id='word_1_237' title='bbox 1789 589 1832 626; x_wconf 88' lang='lat' dir='ltr'><strong>p.</strong></span> <span class='ocrx_word' id='word_1_238' title='bbox 1857 576 1932 613; x_wconf 84' lang='lat'><strong>328</strong></span> <span class='ocrx_word' id='word_1_239' title='bbox 1949 577 2006 628; x_wconf 92' lang='lat' dir='ltr'><strong>A.)</strong></span> 
     </span>
     <span class='ocr_line' id='line_1_39' title="bbox 1341 643 2324 710; baseline 0.005 -20"><span class='ocrx_word' id='word_1_240' title='bbox 1341 643 1412 690; x_wconf 54' lang='grc' dir='ltr'><strong>ἴΗν</strong></span> <span class='ocrx_word' id='word_1_241' title='bbox 1437 649 1474 688; x_wconf 84' lang='grc' dir='ltr'><strong>δὲ</strong></span> <span class='ocrx_word' id='word_1_242' title='bbox 1487 649 1616 702; x_wconf 81' lang='grc' dir='ltr'>νάρκαι</span> <span class='ocrx_word' id='word_1_243' title='bbox 1630 651 1724 704; x_wconf 78' lang='grc' dir='ltr'>[καὶ]</span> <span class='ocrx_word' id='word_1_244' title='bbox 1746 652 1900 706; x_wconf 86' lang='grc' dir='ltr'>βατίδες,</span> <span class='ocrx_word' id='word_1_245' title='bbox 1923 647 1966 702; x_wconf 70' lang='grc' dir='ltr'><strong>ἦν</strong></span> <span class='ocrx_word' id='word_1_246' title='bbox 1988 654 2024 693; x_wconf 83' lang='grc' dir='ltr'><strong>δὲ</strong></span> <span class='ocrx_word' id='word_1_247' title='bbox 2045 655 2218 707; x_wconf 89' lang='grc' dir='ltr'>ζυγαίναι,</span> <span class='ocrx_word' id='word_1_248' title='bbox 2235 673 2324 710; x_wconf 87' lang='grc' dir='ltr'>πρη-</span> 
     </span>
     <span class='ocr_line' id='line_1_40' title="bbox 1321 716 2326 768; baseline 0.008 -19"><span class='ocrx_word' id='word_1_249' title='bbox 1321 721 1331 731; x_wconf 82' lang='grc'><em>·</em></span> <span class='ocrx_word' id='word_1_250' title='bbox 2197 716 2304 768; x_wconf 87' lang='grc' dir='ltr'>[στίες</span> <span class='ocrx_word' id='word_1_251' title='bbox 2316 748 2326 767; x_wconf 87' lang='grc'>,</span> 
     </span>
     <span class='ocr_line' id='line_1_41' title="bbox 1340 769 2210 827; baseline 0.008 -20"><span class='ocrx_word' id='word_1_252' title='bbox 1340 769 1470 821; x_wconf 83' lang='grc' dir='ltr'>κάμίαι</span> <span class='ocrx_word' id='word_1_253' title='bbox 1490 785 1527 808; x_wconf 89' lang='grc' dir='ltr'><strong>τε</strong></span> <span class='ocrx_word' id='word_1_254' title='bbox 1547 770 1608 808; x_wconf 81' lang='grc' dir='ltr'><strong>καὶ</strong></span> <span class='ocrx_word' id='word_1_255' title='bbox 1630 769 1732 823; x_wconf 85' lang='grc' dir='ltr'>βάτοι</span> <span class='ocrx_word' id='word_1_256' title='bbox 1753 771 1845 825; x_wconf 82' lang='grc' dir='ltr'>ῥίναι</span> <span class='ocrx_word' id='word_1_257' title='bbox 1861 788 1899 811; x_wconf 90' lang='grc' dir='ltr'><strong>τε</strong></span> <span class='ocrx_word' id='word_1_258' title='bbox 1919 773 2210 827; x_wconf 81' lang='grc' dir='ltr'>τραχυδερμόνες.</span> 
     </span>
     <span class='ocr_line' id='line_1_42' title="bbox 1399 847 2056 902; baseline 0.008 -18"><span class='ocrx_word' id='word_1_259' title='bbox 1399 847 1559 899; x_wconf 89' lang='lat' dir='ltr'><strong>(Athen.</strong></span> <span class='ocrx_word' id='word_1_260' title='bbox 1582 851 1668 897; x_wconf 89' lang='lat' dir='ltr'>VII,</span> <span class='ocrx_word' id='word_1_261' title='bbox 1697 850 1774 888; x_wconf 88' lang='grc'><strong>286</strong></span> <span class='ocrx_word' id='word_1_262' title='bbox 1791 852 1835 888; x_wconf 92' lang='grc' dir='ltr'><strong>Β.</strong></span> <span class='ocrx_word' id='word_1_263' title='bbox 1859 851 2056 902; x_wconf 85' lang='grc' dir='ltr'>καμεῖται.)</span> 
     </span>
    </p>

    <p class='ocr_par' dir='ltr' id='par_1_20' title="bbox 1287 916 2325 1114">
     <span class='ocr_line' id='line_1_43' title="bbox 1287 916 2325 981; baseline 0.008 -21"><span class='ocrx_word' id='word_1_264' title='bbox 1287 935 1322 961; x_wconf 78' lang='lat'><strong>75</strong></span> <span class='ocrx_word' id='word_1_265' title='bbox 1345 916 1417 962; x_wconf 54' lang='grc' dir='ltr'><strong>ὟΗν</strong></span> <span class='ocrx_word' id='word_1_266' title='bbox 1429 922 1465 961; x_wconf 83' lang='grc' dir='ltr'><strong>δὲ</strong></span> <span class='ocrx_word' id='word_1_267' title='bbox 1478 923 1636 975; x_wconf 84' lang='grc' dir='ltr'>σαργίνοι</span> <span class='ocrx_word' id='word_1_268' title='bbox 1651 925 1720 977; x_wconf 85' lang='grc' dir='ltr'>[τε]</span> <span class='ocrx_word' id='word_1_269' title='bbox 1744 925 1953 979; x_wconf 85' lang='grc' dir='ltr'>μελανούροι</span> <span class='ocrx_word' id='word_1_270' title='bbox 1970 943 2008 966; x_wconf 88' lang='grc' dir='ltr'><strong>τε</strong></span> <span class='ocrx_word' id='word_1_271' title='bbox 2025 927 2152 967; x_wconf 77' lang='grc' dir='ltr'>καὶταὶ</span> <span class='ocrx_word' id='word_1_272' title='bbox 2163 928 2325 981; x_wconf 69' lang='grc' dir='ltr'>φίνταται</span> 
     </span>
     <span class='ocr_line' id='line_1_44' title="bbox 1341 982 2242 1040; baseline 0.008 -20"><span class='ocrx_word' id='word_1_273' title='bbox 1341 982 1486 1031; x_wconf 89' lang='grc' dir='ltr'>ταινίαι,</span> <span class='ocrx_word' id='word_1_274' title='bbox 1507 982 1635 1022; x_wconf 83' lang='grc' dir='ltr'>λεπταὶ</span> <span class='ocrx_word' id='word_1_275' title='bbox 1654 982 1730 1035; x_wconf 85' lang='grc' dir='ltr'>μὲν,</span> <span class='ocrx_word' id='word_1_276' title='bbox 1751 985 1865 1023; x_wconf 81' lang='grc' dir='ltr'>ἁδεῒαι</span> <span class='ocrx_word' id='word_1_277' title='bbox 1890 984 1926 1024; x_wconf 81' lang='grc' dir='ltr'><strong>δὲ</strong></span> <span class='ocrx_word' id='word_1_278' title='bbox 1944 986 2097 1038; x_wconf 83' lang='grc' dir='ltr'>κώλίγου</span> <span class='ocrx_word' id='word_1_279' title='bbox 2121 987 2242 1040; x_wconf 87' lang='grc' dir='ltr'>πυρός.</span> 
     </span>
     <span class='ocr_line' id='line_1_45' title="bbox 1395 1062 2208 1114; baseline 0.007 -17"><span class='ocrx_word' id='word_1_280' title='bbox 1395 1062 1549 1109; x_wconf 86' lang='lat' dir='ltr'><strong>(Athen.</strong></span> <span class='ocrx_word' id='word_1_281' title='bbox 1570 1062 1660 1108; x_wconf 88' lang='lat' dir='ltr'><strong>VII,</strong></span> <span class='ocrx_word' id='word_1_282' title='bbox 1687 1062 1759 1098; x_wconf 83' lang='lat'><strong>321</strong></span> <span class='ocrx_word' id='word_1_283' title='bbox 1784 1063 1824 1110; x_wconf 89' lang='lat' dir='ltr'><strong>C,</strong></span> <span class='ocrx_word' id='word_1_284' title='bbox 1855 1063 1947 1102; x_wconf 82' lang='lat'><strong>325.</strong></span> <span class='ocrx_word' id='word_1_285' title='bbox 1965 1065 2008 1112; x_wconf 91' lang='lat' dir='ltr'><strong>F,</strong></span> <span class='ocrx_word' id='word_1_286' title='bbox 2035 1064 2115 1102; x_wconf 85' lang='lat'><strong>313</strong></span> <span class='ocrx_word' id='word_1_287' title='bbox 2140 1067 2208 1114; x_wconf 87' lang='lat' dir='ltr'><strong>D.)</strong></span> 
     </span>
    </p>

    <p class='ocr_par' dir='ltr' id='par_1_21' title="bbox 1345 1135 2286 1191">
     <span class='ocr_line' id='line_1_46' title="bbox 1345 1135 2286 1191; baseline 0.004 -17"><span class='ocrx_word' id='word_1_288' title='bbox 1345 1135 1415 1174; x_wconf 80' lang='grc' dir='ltr'><strong>Καὶ</strong></span> <span class='ocrx_word' id='word_1_289' title='bbox 1430 1136 1606 1188; x_wconf 76' lang='grc' dir='ltr'>χελιδόνες</span> <span class='ocrx_word' id='word_1_290' title='bbox 1625 1152 1662 1174; x_wconf 87' lang='grc' dir='ltr'><strong>τε</strong></span> <span class='ocrx_word' id='word_1_291' title='bbox 1679 1135 1818 1188; x_wconf 87' lang='grc' dir='ltr'>μύρμαι</span> <span class='ocrx_word' id='word_1_292' title='bbox 1836 1140 1878 1185; x_wconf 86' lang='grc' dir='ltr'>θ’,</span> <span class='ocrx_word' id='word_1_293' title='bbox 1899 1137 1934 1177; x_wconf 81' lang='grc' dir='ltr'>οἵ</span> <span class='ocrx_word' id='word_1_294' title='bbox 1950 1154 1988 1177; x_wconf 87' lang='grc' dir='ltr'><strong>τε</strong></span> <span class='ocrx_word' id='word_1_295' title='bbox 2003 1143 2125 1178; x_wconf 80' lang='grc' dir='ltr'>κολιᾶν</span> <span class='ocrx_word' id='word_1_296' title='bbox 2146 1139 2286 1191; x_wconf 81' lang='grc' dir='ltr'>μεζόνες</span> 
     </span>
    </p>

    <p class='ocr_par' dir='ltr' id='par_1_22' title="bbox 1284 1194 2327 1527">
     <span class='ocr_line' id='line_1_47' title="bbox 1340 1194 2324 1251; baseline 0.007 -19"><span class='ocrx_word' id='word_1_297' title='bbox 1340 1194 1412 1233; x_wconf 80' lang='grc' dir='ltr'>ἐντὶ</span> <span class='ocrx_word' id='word_1_298' title='bbox 1432 1195 1493 1233; x_wconf 84' lang='grc' dir='ltr'><strong>καὶ</strong></span> <span class='ocrx_word' id='word_1_299' title='bbox 1511 1195 1713 1248; x_wconf 73' lang='grc' dir='ltr'>σκόμὸρων,</span> <span class='ocrx_word' id='word_1_300' title='bbox 1729 1195 1819 1249; x_wconf 81' lang='grc' dir='ltr'>ἀτὰρ</span> <span class='ocrx_word' id='word_1_301' title='bbox 1837 1203 1901 1235; x_wconf 68' lang='grc' dir='ltr'><strong>τᾶν</strong></span> <span class='ocrx_word' id='word_1_302' title='bbox 1920 1197 2085 1236; x_wconf 85' lang='grc' dir='ltr'>θυννίδων</span> <span class='ocrx_word' id='word_1_303' title='bbox 2107 1215 2153 1251; x_wconf 89' lang='grc' dir='ltr'><strong>γα</strong></span> <span class='ocrx_word' id='word_1_304' title='bbox 2175 1201 2324 1251; x_wconf 88' lang='grc' dir='ltr'>μειόνες.</span> 
     </span>
     <span class='ocr_line' id='line_1_48' title="bbox 1395 1276 2327 1330; baseline 0.005 -16"><span class='ocrx_word' id='word_1_305' title='bbox 1395 1276 1548 1330; x_wconf 89' lang='lat' dir='ltr'><strong>(Athen.</strong></span> <span class='ocrx_word' id='word_1_306' title='bbox 1569 1280 1653 1324; x_wconf 86' lang='lat' dir='ltr'>VII,</span> <span class='ocrx_word' id='word_1_307' title='bbox 1675 1278 1746 1315; x_wconf 90' lang='grc'><strong>321</strong></span> <span class='ocrx_word' id='word_1_308' title='bbox 1766 1281 1813 1326; x_wconf 89' lang='lat' dir='ltr'><strong>A,</strong></span> <span class='ocrx_word' id='word_1_309' title='bbox 1844 1279 1919 1316; x_wconf 83' lang='lat'><strong>313</strong></span> <span class='ocrx_word' id='word_1_310' title='bbox 1935 1281 1979 1317; x_wconf 85' lang='lat' dir='ltr'><strong>E.</strong></span> <span class='ocrx_word' id='word_1_311' title='bbox 2002 1278 2057 1318; x_wconf 87' lang='grc' dir='ltr'><strong>τοί</strong></span> <span class='ocrx_word' id='word_1_312' title='bbox 2077 1295 2114 1318; x_wconf 88' lang='grc' dir='ltr'><strong>τε</strong></span> <span class='ocrx_word' id='word_1_313' title='bbox 2136 1280 2327 1319; x_wconf 86' lang='grc' dir='ltr'>κοιλίαν-</span> 
     </span>
     <span class='ocr_line' id='line_1_49' title="bbox 1340 1335 1782 1390; baseline 0.002 -15"><span class='ocrx_word' id='word_1_314' title='bbox 1340 1335 1553 1376; x_wconf 50' lang='grc' dir='ltr'>θυννίλωνυ</span> <span class='ocrx_word' id='word_1_315' title='bbox 1566 1352 1606 1389; x_wconf 84' lang='grc' dir='ltr'>γε</span> <span class='ocrx_word' id='word_1_316' title='bbox 1625 1336 1782 1390; x_wconf 82' lang='grc' dir='ltr'>μῄονες.)</span> 
     </span>
     <span class='ocr_line' id='line_1_50' title="bbox 1338 1413 2195 1460; baseline 0.002 -8"><span class='ocrx_word' id='word_1_317' title='bbox 1338 1414 1513 1453; x_wconf 81' lang='grc' dir='ltr'>Πωλύποι</span> <span class='ocrx_word' id='word_1_318' title='bbox 1529 1429 1568 1452; x_wconf 91' lang='grc' dir='ltr'><strong>τε</strong></span> <span class='ocrx_word' id='word_1_319' title='bbox 1586 1413 1713 1460; x_wconf 86' lang='grc' dir='ltr'>σηπίαι</span> <span class='ocrx_word' id='word_1_320' title='bbox 1729 1430 1767 1452; x_wconf 90' lang='grc' dir='ltr'><strong>τε</strong></span> <span class='ocrx_word' id='word_1_321' title='bbox 1787 1413 1849 1453; x_wconf 85' lang='grc' dir='ltr'><strong>καὶ</strong></span> <span class='ocrx_word' id='word_1_322' title='bbox 1869 1414 2022 1454; x_wconf 79' lang='grc' dir='ltr'>ποταναὶ</span> <span class='ocrx_word' id='word_1_323' title='bbox 2042 1414 2195 1460; x_wconf 87' lang='grc' dir='ltr'>τευθίδες</span> 
     </span>
     <span class='ocr_line' id='line_1_51' title="bbox 1284 1472 2187 1527; baseline 0.001 -16"><span class='ocrx_word' id='word_1_324' title='bbox 1284 1486 1321 1512; x_wconf 88' lang='lat'><strong>80</strong></span> <span class='ocrx_word' id='word_1_325' title='bbox 1339 1475 1391 1527; x_wconf 81' lang='grc' dir='ltr'>χά</span> <span class='ocrx_word' id='word_1_326' title='bbox 1410 1474 1573 1522; x_wconf 86' lang='grc' dir='ltr'>δυσώδης</span> <span class='ocrx_word' id='word_1_327' title='bbox 1587 1472 1743 1527; x_wconf 75' lang='grc' dir='ltr'>βολὸίτις</span> <span class='ocrx_word' id='word_1_328' title='bbox 1759 1473 1881 1527; x_wconf 87' lang='grc' dir='ltr'>γραίαι</span> <span class='ocrx_word' id='word_1_329' title='bbox 1895 1474 1927 1512; x_wconf 82' lang='grc' dir='ltr'><strong>τ’</strong></span> <span class='ocrx_word' id='word_1_330' title='bbox 1943 1474 2187 1527; x_wconf 83' lang='grc' dir='ltr'>ἐριθακωδεές.</span> 
     </span>
    </p>
   </div>
   <div class='ocr_carea' id='block_1_14' title="bbox 1337 1549 2326 1662">
    <p class='ocr_par' dir='ltr' id='par_1_23' title="bbox 1337 1549 2326 1662">
     <span class='ocr_line' id='line_1_52' title="bbox 1393 1549 2326 1600; baseline 0.003 -13"><span class='ocrx_word' id='word_1_331' title='bbox 1393 1550 1542 1600; x_wconf 89' lang='lat' dir='ltr'><strong>(Athen.</strong></span> <span class='ocrx_word' id='word_1_332' title='bbox 1568 1552 1653 1598; x_wconf 91' lang='lat' dir='ltr'>VII,</span> <span class='ocrx_word' id='word_1_333' title='bbox 1691 1551 1767 1588; x_wconf 83' lang='lat'><strong>318</strong></span> <span class='ocrx_word' id='word_1_334' title='bbox 1789 1554 1828 1599; x_wconf 86' lang='lat' dir='ltr'><strong>E,</strong></span> <span class='ocrx_word' id='word_1_335' title='bbox 1856 1552 1931 1590; x_wconf 87' lang='grc'><strong>323</strong></span> <span class='ocrx_word' id='word_1_336' title='bbox 1951 1554 1995 1600; x_wconf 89' lang='lat' dir='ltr'><strong>F,</strong></span> <span class='ocrx_word' id='word_1_337' title='bbox 2020 1553 2089 1589; x_wconf 87' lang='lat' dir='ltr'><strong>ubi</strong></span> <span class='ocrx_word' id='word_1_338' title='bbox 2107 1549 2326 1596; x_wconf 86' lang='grc' dir='ltr'>πώλυπες-</span> 
     </span>
     <span class='ocr_line' id='line_1_53' title="bbox 1337 1609 1586 1662; baseline 0.004 -15"><span class='ocrx_word' id='word_1_339' title='bbox 1337 1609 1586 1662; x_wconf 83' lang='grc' dir='ltr'>χαλυσώδεις.)</span> 
     </span>
    </p>
   </div>
   <div class='ocr_carea' id='block_1_15' title="bbox 1335 1684 2322 2150">
    <p class='ocr_par' dir='ltr' id='par_1_24' title="bbox 1335 1684 2322 2150">
     <span class='ocr_line' id='line_1_54' title="bbox 1338 1684 2185 1739; baseline 0.002 -15"><span class='ocrx_word' id='word_1_340' title='bbox 1338 1684 1450 1729; x_wconf 85' lang='grc' dir='ltr'>Ἀόνες</span> <span class='ocrx_word' id='word_1_341' title='bbox 1468 1684 1595 1739; x_wconf 75' lang='grc' dir='ltr'>φάγροι</span> <span class='ocrx_word' id='word_1_342' title='bbox 1610 1702 1649 1724; x_wconf 88' lang='grc' dir='ltr'><strong>τε</strong></span> <span class='ocrx_word' id='word_1_343' title='bbox 1668 1684 1847 1738; x_wconf 71' lang='grc' dir='ltr'>λαὸράκες</span> <span class='ocrx_word' id='word_1_344' title='bbox 1863 1701 1901 1724; x_wconf 89' lang='grc' dir='ltr'><strong>τε</strong></span> <span class='ocrx_word' id='word_1_345' title='bbox 1912 1684 1972 1723; x_wconf 80' lang='grc' dir='ltr'><strong>καὶ</strong></span> <span class='ocrx_word' id='word_1_346' title='bbox 1989 1685 2048 1723; x_wconf 77' lang='grc' dir='ltr'><strong>ταὶ</strong></span> <span class='ocrx_word' id='word_1_347' title='bbox 2068 1685 2185 1730; x_wconf 85' lang='grc' dir='ltr'>πιόνες</span> 
     </span>
     <span class='ocr_line' id='line_1_55' title="bbox 1339 1743 2322 1799; baseline 0.002 -16"><span class='ocrx_word' id='word_1_348' title='bbox 1339 1745 1557 1798; x_wconf 65' lang='grc' dir='ltr'>σκατοφάγοι</span> <span class='ocrx_word' id='word_1_349' title='bbox 1569 1744 1704 1784; x_wconf 78' lang='grc' dir='ltr'>σαλπαὶ</span> <span class='ocrx_word' id='word_1_350' title='bbox 1718 1743 1924 1798; x_wconf 83' lang='grc' dir='ltr'>βδελυχραί,</span> <span class='ocrx_word' id='word_1_351' title='bbox 1941 1745 2042 1783; x_wconf 83' lang='grc' dir='ltr'>ἁδέαι</span> <span class='ocrx_word' id='word_1_352' title='bbox 2054 1745 2083 1783; x_wconf 86' lang='grc' dir='ltr'><strong>δ’</strong></span> <span class='ocrx_word' id='word_1_353' title='bbox 2104 1747 2139 1784; x_wconf 80' lang='grc' dir='ltr'><strong>ἐν</strong></span> <span class='ocrx_word' id='word_1_354' title='bbox 2154 1748 2205 1799; x_wconf 83' lang='grc' dir='ltr'><strong>τῷ</strong></span> <span class='ocrx_word' id='word_1_355' title='bbox 2220 1745 2322 1798; x_wconf 84' lang='grc' dir='ltr'>θέρει.</span> 
     </span>
     <span class='ocr_line' id='line_1_56' title="bbox 1393 1821 1996 1873; baseline -0.002 -15"><span class='ocrx_word' id='word_1_356' title='bbox 1393 1821 1542 1871; x_wconf 90' lang='lat' dir='ltr'><strong>(Athen.</strong></span> <span class='ocrx_word' id='word_1_357' title='bbox 1561 1822 1651 1870; x_wconf 83' lang='lat' dir='ltr'><strong>VII,</strong></span> <span class='ocrx_word' id='word_1_358' title='bbox 1676 1822 1748 1858; x_wconf 84' lang='lat'><strong>321</strong></span> <span class='ocrx_word' id='word_1_359' title='bbox 1769 1824 1819 1869; x_wconf 82' lang='lat' dir='ltr'><strong>D,</strong></span> <span class='ocrx_word' id='word_1_360' title='bbox 1846 1822 1920 1869; x_wconf 87' lang='grc'><strong>327</strong></span> <span class='ocrx_word' id='word_1_361' title='bbox 1942 1822 1996 1873; x_wconf 89' lang='lat' dir='ltr'><strong>C.)</strong></span> 
     </span>
     <span class='ocr_line' id='line_1_57' title="bbox 1338 1882 2316 1939; baseline 0.001 -16"><span class='ocrx_word' id='word_1_362' title='bbox 1338 1882 1467 1924; x_wconf 80' lang='grc' dir='ltr'>’Έτιδὲ</span> <span class='ocrx_word' id='word_1_363' title='bbox 1482 1885 1706 1924; x_wconf 77' lang='grc' dir='ltr'>ποττούτοισι</span> <span class='ocrx_word' id='word_1_364' title='bbox 1726 1885 1851 1938; x_wconf 83' lang='grc' dir='ltr'>βώκες,</span> <span class='ocrx_word' id='word_1_365' title='bbox 1863 1884 2050 1938; x_wconf 85' lang='grc' dir='ltr'>σμαρίδες,</span> <span class='ocrx_word' id='word_1_366' title='bbox 2062 1885 2173 1939; x_wconf 75' lang='grc' dir='ltr'>ἀφύαι</span> <span class='ocrx_word' id='word_1_367' title='bbox 2184 1914 2195 1934; x_wconf 93' lang='grc'>,</span> <span class='ocrx_word' id='word_1_368' title='bbox 2217 1902 2316 1937; x_wconf 87' lang='grc' dir='ltr'>καμ-</span> 
     </span>
     <span class='ocr_line' id='line_1_58' title="bbox 2182 1945 2320 1998; baseline 0.014 -15"><span class='ocrx_word' id='word_1_369' title='bbox 2182 1945 2320 1998; x_wconf 88' lang='grc' dir='ltr'>[μάροι.</span> 
     </span>
     <span class='ocr_line' id='line_1_59' title="bbox 1391 2020 1987 2071; baseline 0.003 -14"><span class='ocrx_word' id='word_1_370' title='bbox 1391 2021 1543 2071; x_wconf 88' lang='lat' dir='ltr'><strong>(Athen.</strong></span> <span class='ocrx_word' id='word_1_371' title='bbox 1563 2023 1652 2071; x_wconf 90' lang='lat' dir='ltr'>VII,</span> <span class='ocrx_word' id='word_1_372' title='bbox 1673 2021 1749 2058; x_wconf 87' lang='lat'><strong>286</strong></span> <span class='ocrx_word' id='word_1_373' title='bbox 1767 2023 1813 2066; x_wconf 79' lang='lat' dir='ltr'><strong>F,</strong></span> <span class='ocrx_word' id='word_1_374' title='bbox 1834 2020 1909 2058; x_wconf 83' lang='lat'><strong>306</strong></span> <span class='ocrx_word' id='word_1_375' title='bbox 1931 2021 1987 2071; x_wconf 90' lang='lat' dir='ltr'><strong>C.)</strong></span> 
     </span>
     <span class='ocr_line' id='line_1_60' title="bbox 1335 2095 2320 2150; baseline 0 -15"><span class='ocrx_word' id='word_1_376' title='bbox 1335 2095 1552 2150; x_wconf 67' lang='grc' dir='ltr'>Βεὸραδόνες</span> <span class='ocrx_word' id='word_1_377' title='bbox 1559 2111 1595 2135; x_wconf 91' lang='grc' dir='ltr'><strong>τε</strong></span> <span class='ocrx_word' id='word_1_378' title='bbox 1609 2096 1669 2134; x_wconf 76' lang='grc' dir='ltr'><strong>καὶ</strong></span> <span class='ocrx_word' id='word_1_379' title='bbox 1680 2095 1815 2149; x_wconf 81' lang='grc' dir='ltr'>κίχλαι,</span> <span class='ocrx_word' id='word_1_380' title='bbox 1830 2096 1950 2149; x_wconf 87' lang='grc' dir='ltr'>λαγοί,</span> <span class='ocrx_word' id='word_1_381' title='bbox 1962 2097 2149 2150; x_wconf 87' lang='grc' dir='ltr'>δρακόντες</span> <span class='ocrx_word' id='word_1_382' title='bbox 2161 2095 2320 2149; x_wconf 80' lang='grc' dir='ltr'>ἀλκίμοι.</span> 
     </span>
    </p>
   </div>
   <div class='ocr_carea' id='block_1_16' title="bbox 1336 2177 2323 2348">
    <p class='ocr_par' dir='ltr' id='par_1_25' title="bbox 1336 2177 2323 2348">
     <span class='ocr_line' id='line_1_61' title="bbox 1393 2177 2320 2228; baseline 0 -14"><span class='ocrx_word' id='word_1_383' title='bbox 1393 2179 1545 2228; x_wconf 87' lang='lat' dir='ltr'><strong>(Athen.</strong></span> <span class='ocrx_word' id='word_1_384' title='bbox 1569 2179 1651 2223; x_wconf 86' lang='lat' dir='ltr'><strong>vn,</strong></span> <span class='ocrx_word' id='word_1_385' title='bbox 1675 2178 1749 2225; x_wconf 89' lang='grc'><strong>287</strong></span> <span class='ocrx_word' id='word_1_386' title='bbox 1772 2179 1815 2224; x_wconf 90' lang='grc' dir='ltr'>Β,</span> <span class='ocrx_word' id='word_1_387' title='bbox 1845 2177 1923 2215; x_wconf 82' lang='lat'><strong>305</strong></span> <span class='ocrx_word' id='word_1_388' title='bbox 1938 2179 1981 2225; x_wconf 92' lang='lat' dir='ltr'><strong>C,</strong></span> <span class='ocrx_word' id='word_1_389' title='bbox 2006 2179 2134 2227; x_wconf 83' lang='lat' dir='ltr'><strong>Etym.</strong></span> <span class='ocrx_word' id='word_1_390' title='bbox 2149 2180 2201 2215; x_wconf 92' lang='lat' dir='ltr'><strong>M.</strong></span> <span class='ocrx_word' id='word_1_391' title='bbox 2229 2177 2320 2228; x_wconf 85' lang='lat'>195,</span> 
     </span>
     <span class='ocr_line' id='line_1_62' title="bbox 1339 2234 2323 2288; baseline -0.001 -13"><span class='ocrx_word' id='word_1_392' title='bbox 1339 2238 1408 2282; x_wconf 75' lang='grc' dir='ltr'><strong>3ο.,</strong></span> <span class='ocrx_word' id='word_1_393' title='bbox 1423 2237 1460 2275; x_wconf 82' lang='grc' dir='ltr'><strong>δέ</strong></span> <span class='ocrx_word' id='word_1_394' title='bbox 1476 2252 1511 2275; x_wconf 89' lang='grc' dir='ltr'><strong>τι</strong></span> <span class='ocrx_word' id='word_1_395' title='bbox 1523 2235 1648 2287; x_wconf 82' lang='grc' dir='ltr'>κίχλαι</span> <span class='ocrx_word' id='word_1_396' title='bbox 1662 2234 1722 2274; x_wconf 80' lang='grc' dir='ltr'><strong>καὶ</strong></span> <span class='ocrx_word' id='word_1_397' title='bbox 1741 2234 1846 2288; x_wconf 87' lang='grc' dir='ltr'>λαγοὶ</span> <span class='ocrx_word' id='word_1_398' title='bbox 1860 2238 2078 2274; x_wconf 84' lang='lat' dir='ltr'><strong>emendavit</strong></span> <span class='ocrx_word' id='word_1_399' title='bbox 2096 2237 2323 2275; x_wconf 88' lang='lat' dir='ltr'><strong>Dindorfius</strong></span> 
     </span>
     <span class='ocr_line' id='line_1_63' title="bbox 1336 2295 2210 2348; baseline 0 -14"><span class='ocrx_word' id='word_1_400' title='bbox 1336 2300 1403 2347; x_wconf 77' lang='lat' dir='ltr'><strong>qui</strong></span> <span class='ocrx_word' id='word_1_401' title='bbox 1426 2297 1455 2334; x_wconf 86' lang='grc' dir='ltr'><strong>τ’</strong></span> <span class='ocrx_word' id='word_1_402' title='bbox 1477 2295 1622 2348; x_wconf 83' lang='grc' dir='ltr'>ἀλκίμοι</span> <span class='ocrx_word' id='word_1_403' title='bbox 1643 2309 1688 2333; x_wconf 90' lang='lat' dir='ltr'><strong>ex</strong></span> <span class='ocrx_word' id='word_1_404' title='bbox 1708 2297 1849 2335; x_wconf 88' lang='lat' dir='ltr'><strong>Athen.</strong></span> <span class='ocrx_word' id='word_1_405' title='bbox 1874 2310 1916 2347; x_wconf 91' lang='lat' dir='ltr'><strong>p.</strong></span> <span class='ocrx_word' id='word_1_406' title='bbox 1946 2296 2022 2334; x_wconf 82' lang='lat'><strong>305</strong></span> <span class='ocrx_word' id='word_1_407' title='bbox 2041 2297 2210 2347; x_wconf 87' lang='lat' dir='ltr'><strong>adjecit.)</strong></span> 
     </span>
    </p>
   </div>
   <div class='ocr_carea' id='block_1_17' title="bbox 1282 2368 2282 2499">
    <p class='ocr_par' dir='ltr' id='par_1_26' title="bbox 1282 2368 2282 2499">
     <span class='ocr_line' id='line_1_64' title="bbox 1282 2368 2282 2425; baseline -0.001 -13"><span class='ocrx_word' id='word_1_408' title='bbox 1282 2387 1316 2412; x_wconf 82' lang='lat'><strong>85</strong></span> <span class='ocrx_word' id='word_1_409' title='bbox 1337 2368 1423 2425; x_wconf 72' lang='grc' dir='ltr'>’Ἄγε</span> <span class='ocrx_word' id='word_1_410' title='bbox 1446 2371 1488 2420; x_wconf 88' lang='grc' dir='ltr'><strong>δὴ</strong></span> <span class='ocrx_word' id='word_1_411' title='bbox 1509 2370 1654 2425; x_wconf 89' lang='grc' dir='ltr'>τρίγλας</span> <span class='ocrx_word' id='word_1_412' title='bbox 1675 2386 1713 2409; x_wconf 93' lang='grc' dir='ltr'><strong>τε</strong></span> <span class='ocrx_word' id='word_1_413' title='bbox 1733 2371 1845 2424; x_wconf 77' lang='grc' dir='ltr'>κυφὰς</span> <span class='ocrx_word' id='word_1_414' title='bbox 1867 2370 2105 2424; x_wconf 88' lang='grc' dir='ltr'>κάχαρίστους</span> <span class='ocrx_word' id='word_1_415' title='bbox 2125 2372 2282 2425; x_wconf 82' lang='grc' dir='ltr'>βαιόνας.</span> 
     </span>
     <span class='ocr_line' id='line_1_65' title="bbox 1390 2447 2007 2499; baseline -0.003 -14"><span class='ocrx_word' id='word_1_416' title='bbox 1390 2449 1543 2499; x_wconf 87' lang='lat' dir='ltr'><strong>(Athen.</strong></span> <span class='ocrx_word' id='word_1_417' title='bbox 1569 2450 1660 2495; x_wconf 88' lang='lat' dir='ltr'>VII,</span> <span class='ocrx_word' id='word_1_418' title='bbox 1684 2447 1761 2485; x_wconf 91' lang='grc'><strong>288</strong></span> <span class='ocrx_word' id='word_1_419' title='bbox 1783 2449 1830 2498; x_wconf 77' lang='grc' dir='ltr'>Α,</span> <span class='ocrx_word' id='word_1_420' title='bbox 1853 2447 1929 2491; x_wconf 77' lang='grc'><strong>324</strong></span> <span class='ocrx_word' id='word_1_421' title='bbox 1950 2447 2007 2498; x_wconf 85' lang='grc' dir='ltr'><strong>Ε.)</strong></span> 
     </span>
    </p>
   </div>
   <div class='ocr_carea' id='block_1_18' title="bbox 1333 2518 2316 2577">
    <p class='ocr_par' dir='ltr' id='par_1_27' title="bbox 1333 2518 2316 2577">
     <span class='ocr_line' id='line_1_66' title="bbox 1333 2518 2316 2577; baseline 0.001 -15"><span class='ocrx_word' id='word_1_422' title='bbox 1333 2518 1407 2563; x_wconf 56' lang='grc' dir='ltr'><strong>ῗΗν</strong></span> <span class='ocrx_word' id='word_1_423' title='bbox 1424 2524 1453 2562; x_wconf 86' lang='grc' dir='ltr'><strong>δ’</strong></span> <span class='ocrx_word' id='word_1_424' title='bbox 1466 2522 1615 2567; x_wconf 80' lang='grc' dir='ltr'>ὑαινίδες</span> <span class='ocrx_word' id='word_1_425' title='bbox 1631 2539 1669 2562; x_wconf 89' lang='grc' dir='ltr'><strong>τε</strong></span> <span class='ocrx_word' id='word_1_426' title='bbox 1691 2521 1912 2576; x_wconf 78' lang='grc' dir='ltr'>βουγλώσσοι</span> <span class='ocrx_word' id='word_1_427' title='bbox 1927 2539 1965 2561; x_wconf 91' lang='grc' dir='ltr'><strong>τε</strong></span> <span class='ocrx_word' id='word_1_428' title='bbox 1985 2523 2046 2562; x_wconf 76' lang='grc' dir='ltr'><strong>καὶ</strong></span> <span class='ocrx_word' id='word_1_429' title='bbox 2062 2522 2205 2577; x_wconf 87' lang='grc' dir='ltr'>κίθαρος</span> <span class='ocrx_word' id='word_1_430' title='bbox 2223 2524 2316 2572; x_wconf 78' lang='grc' dir='ltr'>ἐνῆς.</span> 
     </span>
    </p>
   </div>
   <div class='ocr_carea' id='block_1_19' title="bbox 129 2620 2313 2648">
    <p class='ocr_par' dir='ltr' id='par_1_28' title="bbox 129 2620 2313 2648">
     <span class='ocr_line' id='line_1_67' title="bbox 129 2620 2313 2648; baseline 0.001 -2"><span class='ocrx_word' id='word_1_431' title='bbox 129 2620 2313 2648; x_wconf 67' lang='lat'><strong>——————-—-—-——2————.—-.—.——--—-—-—--—-—-—-—.—-.</strong></span> 
     </span>
    </p>
   </div>
   <div class='ocr_carea' id='block_1_20' title="bbox 121 2713 1186 3588">
    <p class='ocr_par' dir='ltr' id='par_1_29' title="bbox 125 2713 879 2759">
     <span class='ocr_line' id='line_1_68' title="bbox 125 2713 879 2759; baseline -0.005 -9"><span class='ocrx_word' id='word_1_432' title='bbox 125 2715 272 2759; x_wconf 85' lang='lat' dir='ltr'><strong>reprobae</strong></span> <span class='ocrx_word' id='word_1_433' title='bbox 291 2713 448 2755; x_wconf 82' lang='lat' dir='ltr'><strong>vilesque,</strong></span> <span class='ocrx_word' id='word_1_434' title='bbox 465 2722 549 2754; x_wconf 87' lang='lat' dir='ltr'><strong>quas</strong></span> <span class='ocrx_word' id='word_1_435' title='bbox 560 2713 729 2746; x_wconf 85' lang='lat' dir='ltr'><strong>hominum</strong></span> <span class='ocrx_word' id='word_1_436' title='bbox 749 2713 879 2756; x_wconf 75' lang='lat' dir='ltr'><strong>fugaces</strong></span> 
     </span>
    </p>

    <p class='ocr_par' dir='ltr' id='par_1_30' title="bbox 123 2772 1013 2813">
     <span class='ocr_line' id='line_1_69' title="bbox 123 2772 1013 2813; baseline -0.003 -5"><span class='ocrx_word' id='word_1_437' title='bbox 123 2783 238 2808; x_wconf 86' lang='lat' dir='ltr'><strong>omnes</strong></span> <span class='ocrx_word' id='word_1_438' title='bbox 256 2773 404 2806; x_wconf 90' lang='lat' dir='ltr'><strong>homines</strong></span> <span class='ocrx_word' id='word_1_439' title='bbox 423 2772 596 2813; x_wconf 76' lang='lat' dir='ltr'><strong>appellant,</strong></span> <span class='ocrx_word' id='word_1_440' title='bbox 617 2781 676 2805; x_wconf 88' lang='grc'><strong>1105</strong></span> <span class='ocrx_word' id='word_1_441' title='bbox 695 2782 773 2806; x_wconf 89' lang='lat' dir='ltr'><strong>vero</strong></span> <span class='ocrx_word' id='word_1_442' title='bbox 792 2773 842 2806; x_wconf 85' lang='lat' dir='ltr'><strong>Dii</strong></span> <span class='ocrx_word' id='word_1_443' title='bbox 862 2772 961 2805; x_wconf 81' lang='lat' dir='ltr'><strong>albas.</strong></span> <span class='ocrx_word' id='word_1_444' title='bbox 974 2792 1013 2800; x_wconf 74' lang='grc'><strong>.-</strong></span> 
     </span>
    </p>

    <p class='ocr_par' dir='ltr' id='par_1_31' title="bbox 123 2831 832 2876">
     <span class='ocr_line' id='line_1_70' title="bbox 123 2831 832 2876; baseline -0.004 -9"><span class='ocrx_word' id='word_1_445' title='bbox 123 2836 197 2876; x_wconf 87' lang='lat' dir='ltr'><strong>lpse</strong></span> <span class='ocrx_word' id='word_1_446' title='bbox 212 2834 382 2874; x_wconf 85' lang='lat' dir='ltr'><strong>Neptunus</strong></span> <span class='ocrx_word' id='word_1_447' title='bbox 396 2831 486 2864; x_wconf 85' lang='lat' dir='ltr'><strong>venit</strong></span> <span class='ocrx_word' id='word_1_448' title='bbox 504 2831 643 2864; x_wconf 89' lang='lat' dir='ltr'><strong>navibus</strong></span> <span class='ocrx_word' id='word_1_449' title='bbox 663 2832 832 2864; x_wconf 83' lang='lat' dir='ltr'><strong>Phoeniciis</strong></span> 
     </span>
    </p>

    <p class='ocr_par' dir='ltr' id='par_1_32' title="bbox 123 2893 1010 2936">
     <span class='ocr_line' id='line_1_71' title="bbox 123 2893 1010 2936; baseline -0.002 -9"><span class='ocrx_word' id='word_1_450' title='bbox 123 2895 244 2927; x_wconf 86' lang='lat' dir='ltr'><strong>vehens</strong></span> <span class='ocrx_word' id='word_1_451' title='bbox 259 2893 476 2936; x_wconf 86' lang='lat' dir='ltr'><strong>pulcherrima</strong></span> <span class='ocrx_word' id='word_1_452' title='bbox 492 2893 582 2934; x_wconf 76' lang='lat' dir='ltr'><strong>retia,</strong></span> <span class='ocrx_word' id='word_1_453' title='bbox 600 2893 719 2934; x_wconf 88' lang='lat' dir='ltr'><strong>quibus</strong></span> <span class='ocrx_word' id='word_1_454' title='bbox 735 2893 882 2934; x_wconf 81' lang='lat' dir='ltr'><strong>capimus</strong></span> <span class='ocrx_word' id='word_1_455' title='bbox 896 2901 1010 2934; x_wconf 87' lang='lat' dir='ltr'><strong>sparos</strong></span> 
     </span>
    </p>

    <p class='ocr_par' dir='ltr' id='par_1_33' title="bbox 124 2951 1186 3053">
     <span class='ocr_line' id='line_1_72' title="bbox 124 2951 1186 2994; baseline -0.003 -8"><span class='ocrx_word' id='word_1_456' title='bbox 124 2956 157 2986; x_wconf 85' lang='lat' dir='ltr'><strong>et</strong></span> <span class='ocrx_word' id='word_1_457' title='bbox 181 2963 304 2994; x_wconf 88' lang='lat' dir='ltr'><strong>scaros,</strong></span> <span class='ocrx_word' id='word_1_458' title='bbox 321 2961 463 2994; x_wconf 85' lang='lat' dir='ltr'><strong>quorum</strong></span> <span class='ocrx_word' id='word_1_459' title='bbox 487 2961 528 2986; x_wconf 89' lang='lat' dir='ltr'><strong>ne</strong></span> <span class='ocrx_word' id='word_1_460' title='bbox 545 2954 789 2986; x_wconf 74' lang='lat' dir='ltr'><strong>excrementum</strong></span> <span class='ocrx_word' id='word_1_461' title='bbox 809 2951 940 2994; x_wconf 88' lang='lat' dir='ltr'><strong>quidem</strong></span> <span class='ocrx_word' id='word_1_462' title='bbox 960 2952 1029 2985; x_wconf 88' lang='lat' dir='ltr'><strong>Diis</strong></span> <span class='ocrx_word' id='word_1_463' title='bbox 1048 2951 1186 2992; x_wconf 87' lang='lat' dir='ltr'><strong>abjicere</strong></span> 
     </span>
     <span class='ocr_line' id='line_1_73' title="bbox 772 3011 1184 3053; baseline -0.007 -8"><span class='ocrx_word' id='word_1_464' title='bbox 772 3011 912 3053; x_wconf 78' lang='lat' dir='ltr'><strong>capiunt</strong></span> <span class='ocrx_word' id='word_1_465' title='bbox 929 3011 1017 3044; x_wconf 85' lang='lat' dir='ltr'><strong>enim</strong></span> <span class='ocrx_word' id='word_1_466' title='bbox 1053 3011 1112 3053; x_wconf 82' lang='lat' dir='ltr'><strong>[fas</strong></span> <span class='ocrx_word' id='word_1_467' title='bbox 1125 3012 1184 3044; x_wconf 84' lang='lat' dir='ltr'><strong>est.</strong></span> 
     </span>
    </p>

    <p class='ocr_par' dir='ltr' id='par_1_34' title="bbox 125 3070 1018 3113">
     <span class='ocr_line' id='line_1_74' title="bbox 125 3070 1018 3113; baseline -0.001 -9"><span class='ocrx_word' id='word_1_468' title='bbox 125 3072 320 3112; x_wconf 81' lang='lat' dir='ltr'><strong>coturnices,</strong></span> <span class='ocrx_word' id='word_1_469' title='bbox 335 3079 483 3113; x_wconf 81' lang='lat' dir='ltr'><strong>passeres</strong></span> <span class='ocrx_word' id='word_1_470' title='bbox 498 3071 532 3104; x_wconf 89' lang='lat' dir='ltr'><strong>et</strong></span> <span class='ocrx_word' id='word_1_471' title='bbox 544 3071 714 3113; x_wconf 84' lang='lat' dir='ltr'><strong>purpureis</strong></span> <span class='ocrx_word' id='word_1_472' title='bbox 726 3071 839 3113; x_wconf 83' lang='lat' dir='ltr'><strong>pennis</strong></span> <span class='ocrx_word' id='word_1_473' title='bbox 855 3070 1018 3112; x_wconf 81' lang='lat' dir='ltr'><strong>galeritos,</strong></span> 
     </span>
    </p>

    <p class='ocr_par' dir='ltr' id='par_1_35' title="bbox 123 3130 1143 3173">
     <span class='ocr_line' id='line_1_75' title="bbox 123 3130 1143 3173; baseline -0.002 -8"><span class='ocrx_word' id='word_1_474' title='bbox 123 3133 156 3165; x_wconf 89' lang='lat' dir='ltr'><strong>et</strong></span> <span class='ocrx_word' id='word_1_475' title='bbox 175 3133 337 3165; x_wconf 81' lang='lat' dir='ltr'><strong>tetraones</strong></span> <span class='ocrx_word' id='word_1_476' title='bbox 355 3132 478 3165; x_wconf 86' lang='lat' dir='ltr'><strong>semina</strong></span> <span class='ocrx_word' id='word_1_477' title='bbox 500 3132 642 3173; x_wconf 75' lang='lat' dir='ltr'><strong>legentes</strong></span> <span class='ocrx_word' id='word_1_478' title='bbox 656 3135 689 3164; x_wconf 87' lang='lat' dir='ltr'><strong>et</strong></span> <span class='ocrx_word' id='word_1_479' title='bbox 707 3131 894 3173; x_wconf 83' lang='lat' dir='ltr'><strong>splendidas</strong></span> <span class='ocrx_word' id='word_1_480' title='bbox 906 3130 1075 3163; x_wconf 82' lang='lat' dir='ltr'><strong>ficedulas.</strong></span> <span class='ocrx_word' id='word_1_481' title='bbox 1101 3147 1143 3154; x_wconf 93' lang='lat'>-</span> 
     </span>
    </p>

    <p class='ocr_par' dir='ltr' id='par_1_36' title="bbox 123 3191 1000 3233">
     <span class='ocr_line' id='line_1_76' title="bbox 123 3191 1000 3233; baseline -0.002 -8"><span class='ocrx_word' id='word_1_482' title='bbox 123 3192 240 3225; x_wconf 80' lang='lat' dir='ltr'><strong>cancri</strong></span> <span class='ocrx_word' id='word_1_483' title='bbox 260 3193 292 3225; x_wconf 92' lang='lat' dir='ltr'><strong>et</strong></span> <span class='ocrx_word' id='word_1_484' title='bbox 308 3191 412 3225; x_wconf 86' lang='lat' dir='ltr'><strong>echini</strong></span> <span class='ocrx_word' id='word_1_485' title='bbox 427 3192 599 3233; x_wconf 85' lang='lat' dir='ltr'><strong>venerunt,</strong></span> <span class='ocrx_word' id='word_1_486' title='bbox 621 3191 677 3233; x_wconf 85' lang='lat' dir='ltr'><strong>qui</strong></span> <span class='ocrx_word' id='word_1_487' title='bbox 697 3200 753 3233; x_wconf 86' lang='lat' dir='ltr'><strong>per</strong></span> <span class='ocrx_word' id='word_1_488' title='bbox 770 3191 893 3224; x_wconf 83' lang='lat' dir='ltr'><strong>salsum</strong></span> <span class='ocrx_word' id='word_1_489' title='bbox 910 3199 1000 3223; x_wconf 84' lang='lat' dir='ltr'><strong>mare</strong></span> 
     </span>
    </p>

    <p class='ocr_par' dir='ltr' id='par_1_37' title="bbox 122 3248 1184 3292">
     <span class='ocr_line' id='line_1_77' title="bbox 122 3248 1184 3292; baseline 0 -10"><span class='ocrx_word' id='word_1_490' title='bbox 122 3254 235 3283; x_wconf 84' lang='lat' dir='ltr'><strong>natare</strong></span> <span class='ocrx_word' id='word_1_491' title='bbox 251 3251 384 3291; x_wconf 84' lang='lat' dir='ltr'><strong>quidem</strong></span> <span class='ocrx_word' id='word_1_492' title='bbox 398 3251 559 3291; x_wconf 83' lang='lat' dir='ltr'><strong>nesciunt,</strong></span> <span class='ocrx_word' id='word_1_493' title='bbox 577 3251 714 3292; x_wconf 84' lang='lat' dir='ltr'><strong>pedibus</strong></span> <span class='ocrx_word' id='word_1_494' title='bbox 737 3260 815 3284; x_wconf 85' lang='lat' dir='ltr'><strong>vero</strong></span> <span class='ocrx_word' id='word_1_495' title='bbox 831 3250 938 3283; x_wconf 81' lang='lat' dir='ltr'><strong>solum</strong></span> <span class='ocrx_word' id='word_1_496' title='bbox 959 3248 1128 3282; x_wconf 85' lang='lat' dir='ltr'><strong>incedunt.</strong></span> <span class='ocrx_word' id='word_1_497' title='bbox 1142 3266 1184 3272; x_wconf 94' lang='lat'>—</span> 
     </span>
    </p>

    <p class='ocr_par' dir='ltr' id='par_1_38' title="bbox 123 3309 941 3352">
     <span class='ocr_line' id='line_1_78' title="bbox 123 3309 941 3352; baseline -0.002 -9"><span class='ocrx_word' id='word_1_498' title='bbox 123 3311 208 3343; x_wconf 89' lang='lat' dir='ltr'><strong>Sunt</strong></span> <span class='ocrx_word' id='word_1_499' title='bbox 227 3310 327 3342; x_wconf 79' lang='lat' dir='ltr'><strong>astaci</strong></span> <span class='ocrx_word' id='word_1_500' title='bbox 345 3310 538 3352; x_wconf 83' lang='lat' dir='ltr'><strong>squillaeque</strong></span> <span class='ocrx_word' id='word_1_501' title='bbox 556 3311 589 3343; x_wconf 91' lang='lat' dir='ltr'><strong>et</strong></span> <span class='ocrx_word' id='word_1_502' title='bbox 607 3310 684 3352; x_wconf 84' lang='lat' dir='ltr'><strong>quia</strong></span> <span class='ocrx_word' id='word_1_503' title='bbox 703 3309 801 3352; x_wconf 85' lang='lat' dir='ltr'><strong>pedes</strong></span> <span class='ocrx_word' id='word_1_504' title='bbox 820 3317 941 3351; x_wconf 86' lang='lat' dir='ltr'><strong>parvos</strong></span> 
     </span>
    </p>

    <p class='ocr_par' dir='ltr' id='par_1_39' title="bbox 124 3368 1078 3411">
     <span class='ocr_line' id='line_1_79' title="bbox 124 3368 1078 3411; baseline -0.002 -10"><span class='ocrx_word' id='word_1_505' title='bbox 124 3368 257 3408; x_wconf 82' lang='lat' dir='ltr'><strong>habent,</strong></span> <span class='ocrx_word' id='word_1_506' title='bbox 272 3377 387 3402; x_wconf 90' lang='lat' dir='ltr'><strong>manus</strong></span> <span class='ocrx_word' id='word_1_507' title='bbox 407 3373 517 3402; x_wconf 85' lang='lat' dir='ltr'><strong>autem</strong></span> <span class='ocrx_word' id='word_1_508' title='bbox 535 3370 655 3411; x_wconf 63' lang='lat' dir='ltr'><strong>longas,</strong></span> <span class='ocrx_word' id='word_1_509' title='bbox 677 3369 784 3402; x_wconf 82' lang='lat' dir='ltr'><strong>carabi</strong></span> <span class='ocrx_word' id='word_1_510' title='bbox 799 3368 1020 3401; x_wconf 83' lang='lat' dir='ltr'><strong>nominantur.</strong></span> <span class='ocrx_word' id='word_1_511' title='bbox 1035 3384 1078 3391; x_wconf 91' lang='lat'>—</span> 
     </span>
    </p>

    <p class='ocr_par' dir='ltr' id='par_1_40' title="bbox 124 3426 1161 3469">
     <span class='ocr_line' id='line_1_80' title="bbox 124 3426 1161 3469; baseline 0 -11"><span class='ocrx_word' id='word_1_512' title='bbox 124 3427 281 3459; x_wconf 84' lang='lat' dir='ltr'><strong>Praeterea</strong></span> <span class='ocrx_word' id='word_1_513' title='bbox 300 3427 439 3460; x_wconf 80' lang='lat' dir='ltr'><strong>musculi</strong></span> <span class='ocrx_word' id='word_1_514' title='bbox 453 3428 486 3460; x_wconf 90' lang='lat' dir='ltr'><strong>et</strong></span> <span class='ocrx_word' id='word_1_515' title='bbox 498 3427 652 3468; x_wconf 81' lang='lat' dir='ltr'><strong>alphestae</strong></span> <span class='ocrx_word' id='word_1_516' title='bbox 667 3429 700 3461; x_wconf 86' lang='lat' dir='ltr'><strong>et</strong></span> <span class='ocrx_word' id='word_1_517' title='bbox 718 3428 858 3461; x_wconf 75' lang='lat' dir='ltr'><strong>coracini</strong></span> <span class='ocrx_word' id='word_1_518' title='bbox 877 3427 1008 3469; x_wconf 83' lang='lat' dir='ltr'><strong>pupulis</strong></span> <span class='ocrx_word' id='word_1_519' title='bbox 1027 3426 1161 3467; x_wconf 85' lang='lat' dir='ltr'><strong>similes,</strong></span> 
     </span>
    </p>

    <p class='ocr_par' dir='ltr' id='par_1_41' title="bbox 121 3484 1139 3529">
     <span class='ocr_line' id='line_1_81' title="bbox 121 3484 1139 3529; baseline 0.002 -13"><span class='ocrx_word' id='word_1_520' title='bbox 121 3484 227 3517; x_wconf 79' lang='lat' dir='ltr'><strong>aeoliae</strong></span> <span class='ocrx_word' id='word_1_521' title='bbox 242 3485 443 3526; x_wconf 84' lang='lat' dir='ltr'><strong>mugilesque</strong></span> <span class='ocrx_word' id='word_1_522' title='bbox 457 3487 490 3520; x_wconf 87' lang='lat' dir='ltr'><strong>et</strong></span> <span class='ocrx_word' id='word_1_523' title='bbox 504 3486 687 3529; x_wconf 77' lang='lat' dir='ltr'><strong>lingulacae,</strong></span> <span class='ocrx_word' id='word_1_524' title='bbox 701 3487 827 3520; x_wconf 85' lang='lat' dir='ltr'><strong>inerant</strong></span> <span class='ocrx_word' id='word_1_525' title='bbox 842 3495 919 3519; x_wconf 74' lang='lat' dir='ltr'><strong>vero</strong></span> <span class='ocrx_word' id='word_1_526' title='bbox 936 3486 1074 3518; x_wconf 78' lang='lat' dir='ltr'><strong>sciaenae.</strong></span> <span class='ocrx_word' id='word_1_527' title='bbox 1096 3503 1139 3510; x_wconf 93' lang='lat'>—</span> 
     </span>
    </p>

    <p class='ocr_par' dir='ltr' id='par_1_42' title="bbox 124 3544 1092 3588">
     <span class='ocr_line' id='line_1_82' title="bbox 124 3544 1092 3588; baseline 0 -12"><span class='ocrx_word' id='word_1_528' title='bbox 124 3545 165 3576; x_wconf 88' lang='lat' dir='ltr'><strong>Et</strong></span> <span class='ocrx_word' id='word_1_529' title='bbox 181 3544 308 3585; x_wconf 80' lang='lat' dir='ltr'><strong>xiphias</strong></span> <span class='ocrx_word' id='word_1_530' title='bbox 329 3546 546 3587; x_wconf 75' lang='lat' dir='ltr'><strong>cummisque,</strong></span> <span class='ocrx_word' id='word_1_531' title='bbox 567 3548 624 3588; x_wconf 89' lang='lat' dir='ltr'><strong>qui</strong></span> <span class='ocrx_word' id='word_1_532' title='bbox 638 3556 713 3581; x_wconf 79' lang='lat' dir='ltr'><strong>vere</strong></span> <span class='ocrx_word' id='word_1_533' title='bbox 731 3547 911 3580; x_wconf 84' lang='lat' dir='ltr'><strong>secundum</strong></span> <span class='ocrx_word' id='word_1_534' title='bbox 930 3546 1092 3578; x_wconf 74' lang='lat' dir='ltr'><strong>Ananiam</strong></span> 
     </span>
    </p>
   </div>
   <div class='ocr_carea' id='block_1_21' title="bbox 1244 2714 2315 3587">
    <p class='ocr_par' dir='ltr' id='par_1_43' title="bbox 1251 2714 2190 2756">
     <span class='ocr_line' id='line_1_83' title="bbox 1251 2714 2190 2756; baseline -0.001 -9"><span class='ocrx_word' id='word_1_535' title='bbox 1251 2715 1386 2756; x_wconf 90' lang='lat' dir='ltr'><strong>piscium</strong></span> <span class='ocrx_word' id='word_1_536' title='bbox 1399 2714 1546 2747; x_wconf 90' lang='lat' dir='ltr'><strong>omnium</strong></span> <span class='ocrx_word' id='word_1_537' title='bbox 1563 2714 1717 2756; x_wconf 78' lang='lat' dir='ltr'><strong>optimus,</strong></span> <span class='ocrx_word' id='word_1_538' title='bbox 1732 2714 1862 2747; x_wconf 86' lang='lat' dir='ltr'><strong>anthias</strong></span> <span class='ocrx_word' id='word_1_539' title='bbox 1878 2717 1990 2747; x_wconf 81' lang='lat' dir='ltr'><strong>autem</strong></span> <span class='ocrx_word' id='word_1_540' title='bbox 2010 2714 2130 2747; x_wconf 87' lang='lat' dir='ltr'><strong>hieme.</strong></span> <span class='ocrx_word' id='word_1_541' title='bbox 2148 2731 2190 2738; x_wconf 88' lang='lat'><strong>——</strong></span> 
     </span>
    </p>

    <p class='ocr_par' dir='ltr' id='par_1_44' title="bbox 1247 2773 2315 2932">
     <span class='ocr_line' id='line_1_84' title="bbox 1251 2773 2314 2816; baseline -0.001 -9"><span class='ocrx_word' id='word_1_542' title='bbox 1251 2776 1352 2807; x_wconf 82' lang='lat' dir='ltr'><strong>Erant</strong></span> <span class='ocrx_word' id='word_1_543' title='bbox 1368 2779 1480 2807; x_wconf 84' lang='lat' dir='ltr'><strong>autem</strong></span> <span class='ocrx_word' id='word_1_544' title='bbox 1499 2774 1684 2816; x_wconf 83' lang='lat' dir='ltr'><strong>torpedines</strong></span> <span class='ocrx_word' id='word_1_545' title='bbox 1703 2773 1761 2816; x_wconf 82' lang='lat' dir='ltr'><strong>[et]</strong></span> <span class='ocrx_word' id='word_1_546' title='bbox 1787 2773 1934 2814; x_wconf 86' lang='lat' dir='ltr'><strong>batides‚</strong></span> <span class='ocrx_word' id='word_1_547' title='bbox 1960 2777 2054 2807; x_wconf 82' lang='lat' dir='ltr'><strong>erant</strong></span> <span class='ocrx_word' id='word_1_548' title='bbox 2074 2775 2172 2808; x_wconf 86' lang='lat' dir='ltr'><strong>etiam</strong></span> <span class='ocrx_word' id='word_1_549' title='bbox 2193 2774 2314 2815; x_wconf 87' lang='lat' dir='ltr'><strong>squali,</strong></span> 
     </span>
     <span class='ocr_line' id='line_1_85' title="bbox 1248 2831 2315 2875; baseline 0 -10"><span class='ocrx_word' id='word_1_550' title='bbox 1248 2834 1281 2865; x_wconf 91' lang='lat' dir='ltr'><strong>et</strong></span> <span class='ocrx_word' id='word_1_551' title='bbox 1299 2833 1394 2865; x_wconf 84' lang='lat' dir='ltr'><strong>amiae</strong></span> <span class='ocrx_word' id='word_1_552' title='bbox 1412 2835 1444 2865; x_wconf 87' lang='lat' dir='ltr'><strong>et</strong></span> <span class='ocrx_word' id='word_1_553' title='bbox 1457 2833 1533 2874; x_wconf 80' lang='lat' dir='ltr'><strong>rajae</strong></span> <span class='ocrx_word' id='word_1_554' title='bbox 1557 2834 1589 2865; x_wconf 87' lang='lat' dir='ltr'><strong>et</strong></span> <span class='ocrx_word' id='word_1_555' title='bbox 1606 2833 1721 2865; x_wconf 75' lang='lat' dir='ltr'><strong>scabra</strong></span> <span class='ocrx_word' id='word_1_556' title='bbox 1737 2832 1818 2874; x_wconf 80' lang='lat' dir='ltr'><strong>pelle</strong></span> <span class='ocrx_word' id='word_1_557' title='bbox 1834 2832 2057 2874; x_wconf 84' lang='lat' dir='ltr'><strong>squatinae.-</strong></span> <span class='ocrx_word' id='word_1_558' title='bbox 2143 2831 2315 2875; x_wconf 83' lang='lat' dir='ltr'><strong>[pistrices,</strong></span> 
     </span>
     <span class='ocr_line' id='line_1_86' title="bbox 1247 2891 2070 2932; baseline 0 -8"><span class='ocrx_word' id='word_1_559' title='bbox 1247 2892 1349 2924; x_wconf 78' lang='lat' dir='ltr'><strong>Erant</strong></span> <span class='ocrx_word' id='word_1_560' title='bbox 1368 2899 1448 2924; x_wconf 88' lang='lat' dir='ltr'><strong>vero</strong></span> <span class='ocrx_word' id='word_1_561' title='bbox 1467 2891 1584 2932; x_wconf 86' lang='lat' dir='ltr'><strong>sargini</strong></span> <span class='ocrx_word' id='word_1_562' title='bbox 1605 2891 1827 2932; x_wconf 82' lang='lat' dir='ltr'><strong>melanurique</strong></span> <span class='ocrx_word' id='word_1_563' title='bbox 1843 2895 1876 2924; x_wconf 88' lang='lat' dir='ltr'><strong>et</strong></span> <span class='ocrx_word' id='word_1_564' title='bbox 1893 2891 2070 2924; x_wconf 86' lang='lat' dir='ltr'><strong>carissimae</strong></span> 
     </span>
    </p>

    <p class='ocr_par' dir='ltr' id='par_1_45' title="bbox 1246 2950 2312 3110">
     <span class='ocr_line' id='line_1_87' title="bbox 1247 2950 2312 2992; baseline 0 -9"><span class='ocrx_word' id='word_1_565' title='bbox 1247 2951 1368 2992; x_wconf 85' lang='lat' dir='ltr'><strong>taeniae,</strong></span> <span class='ocrx_word' id='word_1_566' title='bbox 1391 2954 1503 2984; x_wconf 83' lang='lat' dir='ltr'><strong>tenues</strong></span> <span class='ocrx_word' id='word_1_567' title='bbox 1521 2950 1667 2992; x_wconf 83' lang='lat' dir='ltr'><strong>quidem,</strong></span> <span class='ocrx_word' id='word_1_568' title='bbox 1688 2955 1720 2983; x_wconf 86' lang='lat' dir='ltr'><strong>at</strong></span> <span class='ocrx_word' id='word_1_569' title='bbox 1737 2959 1853 2984; x_wconf 88' lang='lat' dir='ltr'><strong>suaves</strong></span> <span class='ocrx_word' id='word_1_570' title='bbox 1873 2951 2055 2992; x_wconf 82' lang='lat' dir='ltr'><strong>exiguoque</strong></span> <span class='ocrx_word' id='word_1_571' title='bbox 2070 2950 2143 2992; x_wconf 84' lang='lat' dir='ltr'><strong>igne</strong></span> <span class='ocrx_word' id='word_1_572' title='bbox 2167 2950 2312 2992; x_wconf 86' lang='lat' dir='ltr'><strong>indigen-</strong></span> 
     </span>
     <span class='ocr_line' id='line_1_88' title="bbox 1247 3009 2295 3052; baseline 0.001 -10"><span class='ocrx_word' id='word_1_573' title='bbox 1247 3010 1444 3044; x_wconf 81' lang='lat' dir='ltr'><strong>Hirundines</strong></span> <span class='ocrx_word' id='word_1_574' title='bbox 1455 3011 1489 3043; x_wconf 83' lang='lat' dir='ltr'><strong>et</strong></span> <span class='ocrx_word' id='word_1_575' title='bbox 1503 3019 1683 3052; x_wconf 82' lang='lat' dir='ltr'><strong>mormyres</strong></span> <span class='ocrx_word' id='word_1_576' title='bbox 1693 3034 1704 3052; x_wconf 89' lang='lat'>,</span> <span class='ocrx_word' id='word_1_577' title='bbox 1722 3010 1780 3052; x_wconf 78' lang='lat' dir='ltr'><strong>qui</strong></span> <span class='ocrx_word' id='word_1_578' title='bbox 1793 3011 1883 3044; x_wconf 80' lang='lat' dir='ltr'><strong>eoiiis</strong></span> <span class='ocrx_word' id='word_1_579' title='bbox 1898 3010 2038 3051; x_wconf 86' lang='lat' dir='ltr'><strong>majores</strong></span> <span class='ocrx_word' id='word_1_580' title='bbox 2187 3009 2259 3052; x_wconf 84' lang='lat' dir='ltr'><strong>[tes.</strong></span> <span class='ocrx_word' id='word_1_581' title='bbox 2271 3025 2295 3037; x_wconf 57' lang='lat'><strong>«-</strong></span> 
     </span>
     <span class='ocr_line' id='line_1_89' title="bbox 1246 3069 1994 3110; baseline 0.001 -8"><span class='ocrx_word' id='word_1_582' title='bbox 1246 3071 1325 3102; x_wconf 89' lang='lat' dir='ltr'><strong>sunt</strong></span> <span class='ocrx_word' id='word_1_583' title='bbox 1340 3071 1372 3103; x_wconf 89' lang='lat' dir='ltr'><strong>et</strong></span> <span class='ocrx_word' id='word_1_584' title='bbox 1394 3069 1566 3110; x_wconf 89' lang='lat' dir='ltr'><strong>scombris,</strong></span> <span class='ocrx_word' id='word_1_585' title='bbox 1590 3071 1623 3103; x_wconf 85' lang='lat' dir='ltr'><strong>at</strong></span> <span class='ocrx_word' id='word_1_586' title='bbox 1639 3070 1772 3103; x_wconf 87' lang='lat' dir='ltr'><strong>thunnis</strong></span> <span class='ocrx_word' id='word_1_587' title='bbox 1784 3070 1936 3103; x_wconf 80' lang='lat' dir='ltr'><strong>minores.</strong></span> <span class='ocrx_word' id='word_1_588' title='bbox 1952 3087 1994 3094; x_wconf 84' lang='lat'><strong>-·</strong></span> 
     </span>
    </p>

    <p class='ocr_par' dir='ltr' id='par_1_46' title="bbox 1247 3129 1846 3171">
     <span class='ocr_line' id='line_1_90' title="bbox 1247 3129 1846 3171; baseline 0 -9"><span class='ocrx_word' id='word_1_589' title='bbox 1247 3129 1406 3171; x_wconf 56' lang='lat' dir='ltr'><strong>Paiypiet</strong></span> <span class='ocrx_word' id='word_1_590' title='bbox 1421 3130 1520 3171; x_wconf 81' lang='lat' dir='ltr'><strong>sepiae</strong></span> <span class='ocrx_word' id='word_1_591' title='bbox 1542 3131 1575 3163; x_wconf 84' lang='lat' dir='ltr'><strong>et</strong></span> <span class='ocrx_word' id='word_1_592' title='bbox 1587 3130 1681 3162; x_wconf 85' lang='lat' dir='ltr'><strong>alatae</strong></span> <span class='ocrx_word' id='word_1_593' title='bbox 1701 3130 1846 3171; x_wconf 85' lang='lat' dir='ltr'><strong>loligines</strong></span> 
     </span>
    </p>

    <p class='ocr_par' dir='ltr' id='par_1_47' title="bbox 1246 3187 2128 3231">
     <span class='ocr_line' id='line_1_91' title="bbox 1246 3187 2128 3231; baseline -0.001 -9"><span class='ocrx_word' id='word_1_594' title='bbox 1246 3190 1280 3222; x_wconf 79' lang='lat' dir='ltr'><strong>et</strong></span> <span class='ocrx_word' id='word_1_595' title='bbox 1297 3188 1408 3231; x_wconf 84' lang='lat' dir='ltr'><strong>soetida</strong></span> <span class='ocrx_word' id='word_1_596' title='bbox 1422 3188 1555 3221; x_wconf 84' lang='lat' dir='ltr'><strong>bolbitis</strong></span> <span class='ocrx_word' id='word_1_597' title='bbox 1569 3189 1753 3230; x_wconf 80' lang='lat' dir='ltr'><strong>vetulaeque</strong></span> <span class='ocrx_word' id='word_1_598' title='bbox 1774 3188 1927 3221; x_wconf 84' lang='lat' dir='ltr'><strong>erithacis</strong></span> <span class='ocrx_word' id='word_1_599' title='bbox 1940 3187 2072 3222; x_wconf 87' lang='lat' dir='ltr'><strong>similes.</strong></span> <span class='ocrx_word' id='word_1_600' title='bbox 2087 3206 2128 3212; x_wconf 93' lang='lat'><em>-</em></span> 
     </span>
    </p>

    <p class='ocr_par' dir='ltr' id='par_1_48' title="bbox 1246 3249 1876 3291">
     <span class='ocr_line' id='line_1_92' title="bbox 1246 3249 1876 3291; baseline 0.002 -10"><span class='ocrx_word' id='word_1_601' title='bbox 1246 3252 1352 3289; x_wconf 84' lang='lat' dir='ltr'><strong>Aones</strong></span> <span class='ocrx_word' id='word_1_602' title='bbox 1373 3249 1548 3291; x_wconf 80' lang='lat' dir='ltr'><strong>phagr&#39;ique</strong></span> <span class='ocrx_word' id='word_1_603' title='bbox 1561 3251 1594 3282; x_wconf 88' lang='lat' dir='ltr'><strong>et</strong></span> <span class='ocrx_word' id='word_1_604' title='bbox 1610 3249 1677 3290; x_wconf 86' lang='lat' dir='ltr'><strong>lupi</strong></span> <span class='ocrx_word' id='word_1_605' title='bbox 1693 3251 1726 3282; x_wconf 88' lang='lat' dir='ltr'><strong>et</strong></span> <span class='ocrx_word' id='word_1_606' title='bbox 1741 3249 1876 3291; x_wconf 83' lang='lat' dir='ltr'><strong>pingues</strong></span> 
     </span>
    </p>

    <p class='ocr_par' dir='ltr' id='par_1_49' title="bbox 1246 3308 2306 3410">
     <span class='ocr_line' id='line_1_93' title="bbox 1246 3308 2306 3350; baseline 0 -9"><span class='ocrx_word' id='word_1_607' title='bbox 1246 3308 1389 3343; x_wconf 85' lang='lat' dir='ltr'><strong>merdam</strong></span> <span class='ocrx_word' id='word_1_608' title='bbox 1407 3312 1559 3342; x_wconf 81' lang='lat' dir='ltr'><strong>vorantes</strong></span> <span class='ocrx_word' id='word_1_609' title='bbox 1574 3309 1674 3350; x_wconf 79' lang='lat' dir='ltr'><strong>salpae</strong></span> <span class='ocrx_word' id='word_1_610' title='bbox 1694 3308 1921 3349; x_wconf 77' lang='lat' dir='ltr'><strong>exsecrabiles,</strong></span> <span class='ocrx_word' id='word_1_611' title='bbox 1943 3311 1976 3341; x_wconf 83' lang='lat' dir='ltr'><strong>at</strong></span> <span class='ocrx_word' id='word_1_612' title='bbox 1991 3310 2104 3341; x_wconf 75' lang='lat' dir='ltr'><strong>aestate</strong></span> <span class='ocrx_word' id='word_1_613' title='bbox 2118 3317 2246 3343; x_wconf 78' lang='lat' dir='ltr'><strong>suaves.</strong></span> <span class='ocrx_word' id='word_1_614' title='bbox 2263 3325 2306 3334; x_wconf 90' lang='lat'>-</span> 
     </span>
     <span class='ocr_line' id='line_1_94' title="bbox 1246 3367 2103 3410; baseline -0.001 -10"><span class='ocrx_word' id='word_1_615' title='bbox 1246 3369 1403 3400; x_wconf 84' lang='lat' dir='ltr'><strong>Praeterea</strong></span> <span class='ocrx_word' id='word_1_616' title='bbox 1418 3367 1528 3408; x_wconf 83' lang='lat' dir='ltr'><strong>buces,</strong></span> <span class='ocrx_word' id='word_1_617' title='bbox 1548 3367 1715 3407; x_wconf 87' lang='lat' dir='ltr'><strong>smarides,</strong></span> <span class='ocrx_word' id='word_1_618' title='bbox 1732 3367 1861 3410; x_wconf 83' lang='lat' dir='ltr'><strong>aphyae,</strong></span> <span class='ocrx_word' id='word_1_619' title='bbox 1880 3367 2045 3400; x_wconf 86' lang='lat' dir='ltr'><strong>cammari.</strong></span> <span class='ocrx_word' id='word_1_620' title='bbox 2061 3387 2103 3395; x_wconf 91' lang='lat'><em>-</em></span> 
     </span>
    </p>

    <p class='ocr_par' dir='ltr' id='par_1_50' title="bbox 1246 3427 2079 3469">
     <span class='ocr_line' id='line_1_95' title="bbox 1246 3427 2079 3469; baseline 0 -10"><span class='ocrx_word' id='word_1_621' title='bbox 1246 3427 1371 3468; x_wconf 82' lang='lat' dir='ltr'><strong>Aphyae</strong></span> <span class='ocrx_word' id='word_1_622' title='bbox 1387 3430 1419 3460; x_wconf 83' lang='lat' dir='ltr'><strong>et</strong></span> <span class='ocrx_word' id='word_1_623' title='bbox 1436 3427 1537 3468; x_wconf 84' lang='lat' dir='ltr'><strong>turdi,</strong></span> <span class='ocrx_word' id='word_1_624' title='bbox 1555 3428 1694 3469; x_wconf 77' lang='lat' dir='ltr'><strong>lepores,</strong></span> <span class='ocrx_word' id='word_1_625' title='bbox 1711 3427 1868 3461; x_wconf 85' lang='lat' dir='ltr'><strong>dracones</strong></span> <span class='ocrx_word' id='word_1_626' title='bbox 1888 3427 2022 3459; x_wconf 86' lang='lat' dir='ltr'><strong>robusti.</strong></span> <span class='ocrx_word' id='word_1_627' title='bbox 2038 3444 2079 3450; x_wconf 95' lang='lat'><strong>-—-</strong></span> 
     </span>
    </p>

    <p class='ocr_par' dir='ltr' id='par_1_51' title="bbox 1244 3486 2218 3587">
     <span class='ocr_line' id='line_1_96' title="bbox 1244 3486 2218 3528; baseline -0.002 -10"><span class='ocrx_word' id='word_1_628' title='bbox 1244 3486 1406 3519; x_wconf 80' lang='lat' dir='ltr'><strong>Afferebat</strong></span> <span class='ocrx_word' id='word_1_629' title='bbox 1420 3486 1488 3528; x_wconf 72' lang='lat' dir='ltr'><strong>iam</strong></span> <span class='ocrx_word' id='word_1_630' title='bbox 1505 3486 1624 3519; x_wconf 77' lang='lat' dir='ltr'><strong>mullos</strong></span> <span class='ocrx_word' id='word_1_631' title='bbox 1637 3486 1788 3519; x_wconf 83' lang='lat' dir='ltr'><strong>incurvos</strong></span> <span class='ocrx_word' id='word_1_632' title='bbox 1808 3489 1841 3520; x_wconf 82' lang='lat' dir='ltr'><strong>et</strong></span> <span class='ocrx_word' id='word_1_633' title='bbox 1857 3487 2005 3519; x_wconf 88' lang='lat' dir='ltr'><strong>insuaves</strong></span> <span class='ocrx_word' id='word_1_634' title='bbox 2018 3486 2158 3517; x_wconf 72' lang='lat' dir='ltr'><strong>bacones.</strong></span> <span class='ocrx_word' id='word_1_635' title='bbox 2177 3501 2218 3507; x_wconf 91' lang='lat'><strong>—-</strong></span> 
     </span>
     <span class='ocr_line' id='line_1_97' title="bbox 1246 3544 2148 3587; baseline -0.002 -11"><span class='ocrx_word' id='word_1_636' title='bbox 1246 3546 1344 3577; x_wconf 78' lang='lat' dir='ltr'><strong>Erant</strong></span> <span class='ocrx_word' id='word_1_637' title='bbox 1357 3553 1434 3578; x_wconf 87' lang='lat' dir='ltr'><strong>vero</strong></span> <span class='ocrx_word' id='word_1_638' title='bbox 1448 3546 1574 3587; x_wconf 78' lang='lat' dir='ltr'><strong>hyaenae</strong></span> <span class='ocrx_word' id='word_1_639' title='bbox 1590 3545 1749 3586; x_wconf 82' lang='lat' dir='ltr'><strong>soleaeque</strong></span> <span class='ocrx_word' id='word_1_640' title='bbox 1767 3547 1800 3578; x_wconf 85' lang='lat' dir='ltr'><strong>et</strong></span> <span class='ocrx_word' id='word_1_641' title='bbox 1816 3544 1957 3577; x_wconf 81' lang='lat' dir='ltr'><strong>citharus</strong></span> <span class='ocrx_word' id='word_1_642' title='bbox 1973 3544 2088 3575; x_wconf 73' lang='lat' dir='ltr'><strong>inerat.</strong></span> <span class='ocrx_word' id='word_1_643' title='bbox 2105 3559 2148 3566; x_wconf 95' lang='lat'>—</span> 
     </span>
    </p>
   </div>
  </div>
 </body>
</html>
