2612 3814
671 265 719 301 ΙΝ
762 264 1084 303 liMl'EDOCLlS
1116 263 1400 303 CARMINUM
1430 263 1720 310 RELlQUlAS.
2234 271 2282 304 65

123 367 331 411 pretemur.
349 357 408 395 Cf.
430 356 542 394 Hom.
562 355 695 406 hymn.
710 355 752 393 in
766 354 884 393 Mero.
902 368 960 394 vs.
978 368 1026 393 20
1047 362 1084 392 et
1099 354 1173 392 Co-

125 430 217 456 raen
237 417 284 455 ad
300 414 553 467 Theophrast.
577 414 754 452 Charact.
778 427 864 465 pag.
884 427 946 453 22.

180 479 263 518 Vss.
286 477 468 516 318-325
498 475 672 516 servavit
705 476 930 526 Simplicius
946 476 1064 527 Phys.
1088 475 1124 513 ll
1145 475 1172 512 s.

126 540 175 578 86
197 538 238 577 b.
256 550 266 576 τ
290 536 443 579 εἰπόντος
459 534 495 573 δὲ
521 538 580 573 τοῦ
601 533 879 585 Ἐμπεδοκλέους
898 537 931 573 ἐν
951 538 1002 587 τῷ
1027 535 1175 587 δευτέρῳ

124 599 192 635 τῶν
215 596 384 635 Φυσικῶν
414 592 563 645 πρὸτῆς
592 594 662 631 τῶν
693 593 858 646 ἀνδρείων
878 594 938 632 καὶ
971 597 1176 645 γυναικείων

126 652 300 703 σωμάτων
321 650 563 703 διαρθρώσεως
583 654 695 691 ταῦτα
714 651 760 690 τὰ
778 651 847 700 ἔπη
860 683 871 702 ,
887 658 946 693 νῦν
964 654 993 691 δ’
1014 652 1070 704 ἄγ’
1084 653 1177 696 ὅπως

126 712 258 765 ἀνδρῶν
290 712 368 749 κτλ.
400 713 511 749 ταῦτα
531 703 589 748 οὖν
619 709 773 755 εἰπόντος
793 711 1070 763 Ἐμπεδοκλέους
1102 712 1178 765 ἐφί-

126 785 247 816 στησιν
268 770 300 822 (ὁ
314 768 569 823 Ἀ’ριστοτέλης)
587 767 642 809 ὅτι
655 771 715 809 καὶ
733 771 846 820 αὐτός,
861 774 908 816 ὡς
921 771 1022 821 ἔοικε,
1038 771 1177 824 σπέρμα

127 828 196 882 πρὸ
214 830 283 867 τῶν
305 828 400 874 ζώων
422 827 600 881 γεγονέναι
629 828 728 883 φησί.
760 829 820 869 καὶ
850 830 891 869 τὸ
921 830 1085 884 οὐλοφυὲς
1115 831 1177 882 μὲν

126 890 248 940 πρῶτα
268 888 361 940 παρ’.
374 889 480 926 αὐτοῦ
503 887 687 941 εἰρημένον
709 887 851 941 σπέρμα
868 883 909 936 ἦν
928 888 1026 927 οὔπω
1046 889 1178 940 μελέων

127 946 250 999 ἐρατὸν
274 947 381 998 δέμας
398 948 581 1001 ἐμφαῖνον.
601 947 744 986 Statuit
761 949 883 998 igitur
898 949 1097 1001 principio
1114 963 1179 988 re-

130 1020 215 1046 rum
230 1036 241 1058 ,
261 1015 466 1058 antequam
488 1007 700 1046 exstitisset
717 1008 887 1046 humana
914 1010 1137 1061 progenies,
1159 1023 1180 1048 e

130 1074 232 1105 terra
256 1066 449 1119 prodiisse
469 1066 652 1104 informia
682 1066 857 1118 quaedam
889 1066 1093 1106 hominum
1122 1070 1180 1107 si·-

131 1126 303 1164 mulacra
322 1139 443 1177 eaque
466 1126 688 1177 promiscua
707 1129 732 1165 i.
753 1139 788 1165 e.
812 1127 922 1165 nullo
954 1141 1069 1167 sexus
1100 1129 1180 1167 dis-

131 1185 297 1223 crimine
316 1184 508 1223 notabilia
521 1214 531 1233 ,
551 1194 684 1237 postea
702 1198 796 1223 vero
813 1194 1023 1238 utrumque
1046 1200 1179 1225 sexum

130 1246 340 1284 discretum
357 1257 457 1284 esse.
838 1286 842 1293 Ι

183 1304 265 1343 Vss.
300 1304 496 1341 318—320.
517 1306 576 1341 νῦν
594 1303 623 1341 δ’
645 1301 701 1354 ἄγ’
721 1326 773 1332 —
789 1301 975 1357 ἀδαήμων]
992 1303 1070 1341 Pro
1089 1300 1184 1347 ὅπως

130 1363 302 1414 Scaliger
331 1376 410 1400 non
438 1371 541 1400 recte
565 1361 665 1405 ὅσους
694 1362 839 1413 posuit.
860 1362 1184 1401 Panzerbieterus

132 1421 241 1459 nulla
270 1420 497 1459 necessitate
528 1420 710 1459 subactus
736 1420 910 1472 ἐννυχίους
931 1422 972 1459 in
992 1422 1186 1474 ἐμμυχίους

133 1479 338 1518 convertit.
358 1479 453 1518 Nam
484 1480 552 1518 etsi
585 1479 701 1517 rudes
726 1479 805 1517 illae
824 1480 1028 1518 hominum
1053 1481 1185 1519 formae

132 1551 153 1576 e
165 1546 278 1577 terrae
293 1537 514 1577 visceribus
530 1538 713 1586 eduntur,
728 1547 855 1576 tamen
874 1539 966 1590 quia
983 1552 1003 1576 e
1014 1538 1187 1577 tenebris

132 1599 172 1634 in
201 1597 327 1636 lucem
356 1605 577 1647 emergunt,
600 1605 794 1648 tamquam
829 1597 955 1635 noctis
987 1611 1184 1649 propago,

135 1666 337 1695 nocturnae
367 1665 569 1695 vocantur.
606 1655 780 1708 ὅρπηκες,
819 1657 979 1707 proprie
1023 1660 1163 1694 surculi
1175 1686 1185 1704 ‚

134 1718 384 1754 nominantur
403 1715 522 1753 liberi
542 1715 604 1753 vel
621 1715 753 1764 proles
767 1744 777 1762 ‚
798 1729 875 1765 qua
904 1715 1189 1765 significatione

135 1775 339 1813 usitatiora
367 1783 458 1813 sunt
485 1773 602 1826 ἔρνος,
620 1774 720 1817 θάλος
741 1783 778 1812 et
795 1775 871 1812 alia
898 1773 1104 1814 vocabula.
1127 1775 1185 1814 Cf.

134 1832 314 1872 Valcken.
342 1834 383 1871 in
411 1833 549 1885 Eurip.
572 1833 710 1871 Phoen.
734 1846 793 1872 vs.
816 1834 880 1872 88.
900 1833 1101 1886 κρινόμενον
1120 1838 1189 1887 π’ὕρ

135 1900 193 1931 est
218 1893 322 1943 ignis
354 1892 447 1930 dum
486 1901 688 1944 separatur
721 1905 742 1930 a
774 1893 938 1943 reliquis
966 1893 1182 1939 elementis,

137 1951 291 1989 flamma
317 1964 338 1990 e
365 1951 533 2003 pristina
566 1964 697 1990 rerum
731 1963 916 2003 compage
944 1952 1126 1991 secedens
1155 1962 1192 1991 et

137 2011 336 2061 patefactis
353 2019 464 2048 terrae
483 2010 661 2049 faucibus
675 2024 950 2062 prorumpens.
963 2010 1099 2062 Itaque
1112 2026 1189 2050 non

137 2077 219 2107 erat
250 2069 354 2120 quod
387 2068 616 2108 Karstenius
653 2069 840 2121 ὀρνύμενον
874 2072 945 2120 πῦρ
988 2070 1189 2109 scriberet.

137 2127 328 2166 Caeterum
357 2128 509 2166 nullum
537 2128 603 2166 hic
631 2128 748 2166 video
779 2128 828 2166 de
855 2142 934 2179 quo
962 2128 1137 2167 Sturzius
1157 2139 1194 2168 et

138 2187 367 2227 Karstenius
387 2188 605 2238 loquuntur
620 2188 782 2227 Veneris
803 2189 994 2227 ardorem.
1021 2188 1194 2241 Uterque

139 2247 239 2286 male
277 2246 527 2298 Empedoclis
569 2246 691 2285 verba
730 2247 786 2285 sic
827 2247 1118 2299 interpretatur,
1151 2258 1194 2287 ut

138 2316 291 2359 poetam
322 2307 475 2345 tradere
499 2307 620 2355 dicat,
640 2308 837 2358 quomodo
868 2317 1059 2346 nocturno
1087 2308 1193 2346 coitu

138 2365 255 2405 liberi
274 2368 495 2416 gignantur.

192 2424 258 2464 Vs.
276 2425 367 2464 321.
382 2425 560 2477 οὗλοφυεῖς
581 2424 679 2477 κτλ.]
690 2425 844 2476 Spectat
857 2425 932 2464 hoc
946 2425 1193 2477 Empedoclis

139 2484 285 2522 dictum
305 2483 533 2522 Aristoteles
552 2483 672 2534 Phys.
695 2483 748 2533 ll,
771 2485 794 2522 8
817 2498 857 2535 p.
881 2498 957 2532 270
976 2485 1035 2522 D:
1057 2487 1192 2537 ἀνάγκη

141 2541 285 2595 σπέρμα
303 2541 462 2593 γενέσθαι
494 2544 646 2593 πρῶτον,
668 2543 760 2580 ἀλλὰ
780 2543 830 2593 μὴ
851 2541 950 2587 εὐθὺς
967 2543 1013 2582 τὰ
1033 2545 1118 2589 ζῶα·
1135 2546 1195 2583 καὶ

139 2599 179 2638 τὸ
200 2599 364 2653 οὖλοφυὲς
384 2598 448 2651 μὲν
467 2602 592 2653 πρῶτα
609 2599 753 2653 σπέρμα
772 2595 829 2648 ἦν.
853 2602 1053 2654 Accipitur
1068 2612 1193 2643 autem

141 2657 305 2711 οὖλοφυὲς
327 2658 375 2697 de
403 2671 449 2697 eo
477 2659 582 2710 quod
607 2670 744 2697 natura
773 2670 888 2698 totum
909 2663 994 2700 sive
1012 2666 1194 2711 integrum

142 2727 213 2758 est.
235 2717 498 2764 Quamobrem
523 2717 626 2757 τύποι
646 2720 822 2772 οὖλοφυεῖς
848 2720 1101 2771 intelligenda
1132 2722 1193 2760 in-

143 2786 249 2827 tegra
272 2777 474 2816 hominum
497 2778 705 2816 simulacra
721 2779 761 2816 in
783 2778 927 2830 quibus
947 2781 1055 2818 nulla
1080 2794 1195 2820 sexus

142 2835 350 2875 diversitas
370 2844 544 2885 notatur,
566 2837 632 2876 sed
653 2851 740 2888 quae
757 2837 932 2878 maribus
949 2852 1057 2890 aeque
1078 2853 1122 2878 ac
1143 2841 1190 2879 fe-

143 2895 262 2934 minis
298 2895 523 2934 communia
551 2895 757 2936 habentur.
794 2897 924 2943 Quid?
967 2898 1072 2950 quod
1111 2899 1196 2951 ipse

141 2953 375 2992 'Aristoteles
395 2954 442 2992 de
472 2954 592 2995 Partt.
615 2955 745 2995 Anim.
767 2955 832 3004 lV,
860 2971 904 2993 12
926 2971 1069 3008 pronas
1090 2956 1198 3010 supi-

146 3023 292 3062 nasque
327 3012 508 3064 corporis
539 3021 668 3065 partes
701 3022 738 3052 et
782 3014 1002 3063 thoracem,
1036 3030 1122 3067 quae
1155 3018 1195 3055 in

145 3069 469 3122 quadrupedibus
501 3071 677 3110 discretae
697 3081 807 3120 sunt,
840 3074 881 3111 in
910 3074 1049 3113 avibus
1079 3075 1198 3113 indis-

145 3136 269 3166 cretas
287 3141 371 3168 esse
388 3129 522 3168 dicens
542 3130 614 3168 hac
636 3131 722 3183 ipsa
737 3133 860 3170 utitur
879 3147 986 3172 voce.
1006 3134 1070 3172 Ait
1092 3134 1194 3172 enim

146 3185 190 3224 τὰ
215 3186 251 3224 δὲ
273 3189 391 3239 πρανῆ
418 3191 479 3226 τοῦ
500 3187 662 3239 σώματος
681 3190 740 3228 καὶ
763 3190 804 3228 τὰ
835 3190 960 3238 ὕπτια,
987 3191 1046 3230 καὶ
1067 3191 1110 3230 τὰ
1136 3196 1196 3232 τοῦ

147 3245 366 3296 καλουμένου
394 3245 550 3298 θώρακος
578 3247 723 3287 ἐπὶτῶν
751 3249 987 3302 τετραπόδων,
1012 3250 1159 3302 ὁλοφυὴς
1179 3254 1197 3290 ὁ

147 3302 251 3348 τόπος
271 3304 329 3342 ἐπὶ
348 3309 416 3345 τῶν
434 3306 575 3359 ὀρνίθων
594 3307 700 3346 ἐστίν.
719 3309 847 3354 Quum
872 3323 968 3348 vero
989 3310 1103 3348 rudes
1123 3311 1198 3348 illae

149 3362 284 3412 figurae
307 3365 435 3415 prima
467 3365 621 3414 generis
648 3365 807 3404 humani
829 3368 1006 3419 exempla
1022 3376 1059 3405 et
1084 3369 1197 3419 origo

149 3429 297 3468 essent,
320 3421 547 3462 Aristoteles
561 3423 679 3476 Phys.
699 3425 726 3465 l.
750 3439 783 3463 c.
804 3425 843 3463 τὸ
857 3426 1021 3479 οὐλοφυὲς
1038 3428 1199 3478 exponit

150 3477 305 3533 σπέρμα.
321 3481 367 3519 ln
383 3482 542 3521 eandem
561 3485 786 3522 sententiam
803 3485 1028 3538 Simplicius
1044 3486 1065 3523 l.
1086 3500 1119 3525 c.
1144 3502 1152 3524 ι
1170 3488 1199 3525 εἰ

294 3557 401 3581 runos
431 3558 528 3582 cuc.

1237 352 1272 391 δὲ
1291 353 1334 392 τὸ
1353 351 1543 404 (οὖλοφυὲς)
1566 352 1710 405 σπέρμα
1742 347 1795 400 ἦν,
1816 354 2025 403 θαυμαστῶς
2047 368 2106 404 μοι
2133 353 2228 391 δοκεῖ
2249 353 2288 391 τὸ

1236 415 1398 470 οὐλοφυὲς
1415 418 1510 468 αὐτῷ
1532 416 1747 469 ἐπιπρέπειν·
1766 415 1927 467 οὖλοφυὲς
1943 415 2011 467 γὰρ
2031 415 2157 468 κυρίως
2177 414 2288 454 ἐκεῖνό

1237 478 1348 526 ἐστιν,
1369 475 1407 524 ὃ,
1424 478 1504 514 καθ’
1522 475 1540 515 ὃ
1562 476 1669 524 ἔστιν,
1700 475 1785 514 αὐτὸ
1817 481 1887 514 πᾶν
1917 477 2009 513 ἐστιν
2030 474 2115 528 ὅπερ
2133 473 2174 513 ἂν
2195 478 2287 514 ἐστιν

1238 537 1323 586 (leg.
1353 529 1411 587 ᾗ),
1429 535 1538 587 μήπω
1558 535 1746 587 γενομένης
1771 536 1804 573 ἐν
1826 536 1922 586 αὐτῷ
1952 533 2172 585 διακρίσεως.
2196 534 2288 571 Phi-

1238 596 1405 646 loponus
1422 595 1462 632 in
1476 595 1596 646 Phys.
1616 595 1642 634 l.
1665 595 1693 634 l.
1714 595 1774 632 lit.
1797 594 1846 640 H,
1872 607 1909 644 p.
1933 594 1978 630 16
2004 607 2012 629 τ
2035 591 2092 630 καὶ
2113 591 2215 635 αὐτὸς
2233 592 2287 641 δὲ,

1237 654 1341 708 φησὶν
1375 656 1406 706 (ὁ
1434 653 1703 706 Ἀριστοτέλης),
1724 656 1741 691 ὁ
1769 652 2018 702 Ἐμπεδοκλῆς
2052 651 2091 689 τὸ
2126 650 2290 703 οὖλοφυὲς

1238 714 1376 768 πρῶτόν
1400 730 1486 767 φησι
1513 713 1692 766 γενέσθαι·
1713 716 1815 751 τοῦτο
1835 710 1870 750 δὲ
1899 710 1995 750 οὐδὲν
2018 710 2104 748 ἄλλο
2125 709 2291 760 σημαίνοι

1240 774 1280 813 ἂν
1303 775 1397 826 αὐτῷ
1420 772 1443 820 ἢ
1462 773 1503 812 τὸ
1530 772 1673 825 σπέρμα
1701 770 2006 824 συνεστραμμένον
2027 768 2087 808 καὶ
2107 769 2196 812 ὅλως
2216 767 2292 819 ἅμα

1240 832 1320 885 ἔχον
1340 834 1374 871 ἐν
1399 833 1515 885 ἑαυτῷ
1533 832 1612 875 τοὺς
1629 830 1749 881 λόγους
1765 834 1825 868 τοῦ
1843 828 2028 883 φυομένου.
2046 827 2144 879 παρὰ
2166 826 2234 881 γὰρ
2254 827 2294 866 τὸ

1239 891 1302 939 τὴν
1315 896 1374 931 τοῦ
1385 891 1467 932 δ’λου
1479 891 1580 944 φύσιν
1591 890 1783 944 περιέχειν,
1792 889 1832 928 τὸ
1846 889 1988 942 ὁλοφυές
2001 889 2096 940 αὐτῷ
2110 887 2292 933 κέκληται.

1240 950 1301 989 Ab
1321 951 1482 989 humani
1499 950 1651 1001 generis
1669 949 1900 1002 primordiis
1920 948 2054 999 qualia
2078 947 2191 996 fingit
2208 946 2296 983 Em-

1241 1010 1423 1060 pedocles
1447 1011 1613 1048 multum
1645 1009 1763 1047 distat
1791 1008 2036 1046 Platonicum
2067 1006 2167 1044 illud
2195 1019 2298 1043 com-

1243 1077 1413 1107 mentum
1429 1069 1470 1106 in
1486 1068 1669 1120 Sympos.
1692 1082 1732 1119 p.
1757 1068 1830 1118 189
1848 1081 1907 1118 sq.
1933 1065 2046 1116 cujus
2060 1064 2294 1103 mentionem

1243 1137 1374 1166 movet
1405 1127 1650 1167 Karstenius.
1680 1127 1806 1177 Major
1832 1135 1890 1164 est
1928 1126 2007 1163 loci
2046 1123 2296 1175 Empedoclei

1243 1200 1328 1224 cum
1348 1186 1518 1224 Lucretii
1536 1181 1670 1224 Verbis
1690 1185 1924 1224 similitudo.
1942 1183 2030 1222 vid.
2053 1183 2100 1221 ad
2123 1196 2181 1221 vs.
2205 1182 2295 1220 315.

1295 1244 1362 1285 Vs.
1386 1246 1478 1284 322.
1498 1244 1624 1287 ὕδατός
1639 1259 1676 1282 τε
1697 1244 1757 1282 καὶ
1775 1242 1907 1294 οὔδεος]
1931 1241 2046 1285 οὔδεος
2076 1241 2181 1293 quod
2210 1254 2295 1279 sen-

1245 1304 1364 1342 tentia
1401 1304 1573 1355 postulat
1603 1303 1756 1355 primus
1795 1302 1973 1352 vulgavit.
2007 1300 2185 1338 Sturzius
2225 1314 2299 1349 pro

1247 1362 1560 1401 membranarum
1582 1363 1778 1414 scriptura
1798 1361 1919 1402 εἴδεος.
1939 1360 2034 1398 Nam
2058 1373 2079 1397 e
2098 1358 2299 1397 Plutarchi

1247 1421 1332 1459 loco
1350 1421 1398 1459 de
1414 1421 1520 1461 Plac.
1540 1421 1638 1473 phil.
1668 1420 1712 1471 V,
1745 1434 1791 1470 19
1820 1419 1890 1458 ubi
1922 1419 2064 1468 legitur
2097 1418 2134 1455 ἐκ
2159 1419 2223 1466 γῆς
2240 1417 2299 1454 καὶ

1247 1480 1370 1524 ὕδατος
1391 1489 1550 1532 apparet
1565 1480 1631 1517 hic
1645 1478 1927 1517 restituendum
1946 1490 2029 1515 esse
2056 1474 2186 1519 οὔδεος.
2219 1474 2300 1512 Fal-

1247 1541 1343 1579 litur
1365 1551 1490 1580 autem
1513 1541 1743 1593 Simplicius
1763 1553 1834 1579 sua
1858 1539 2181 1591 interpretatione
2198 1537 2302 1579 εἴδεος

1251 1601 1404 1638 firmare
1421 1600 1579 1639 studens
1603 1614 1612 1638 z
1637 1599 1675 1637 τὸ
1696 1598 1862 1652 οὐλοφυὲς
1882 1597 1944 1649 μὲν
1969 1627 1978 1636 .
2003 1625 2012 1635 .
2043 1627 2054 1637 .
2085 1627 2095 1637 .
2127 1626 2137 1637 .
2159 1596 2302 1649 σπέρμα

1247 1654 1304 1707 ἧν,
1321 1659 1418 1697 οὔπω
1450 1659 1584 1710 μελέων
1608 1658 1732 1711 ἐρατὸν
1763 1658 1873 1710 δέμας
1890 1660 2074 1711 ἐμφαῖνον,
2098 1657 2186 1696 διότι
2206 1655 2299 1708 ὕδωρ

1251 1719 1314 1769 μὲν
1347 1713 1389 1766 ἦν
1417 1719 1574 1772 ἐνεργείᾳ
1607 1717 1708 1771 ὑγρὸν
1740 1717 1792 1768 ὄν,
1815 1717 1960 1768 δυνάμει
1992 1718 2027 1756 δὲ
2055 1716 2095 1754 τὸ
2130 1710 2216 1760 εἶδος
2244 1720 2302 1754 τοῦ

1251 1772 1448 1825 ἀνθρώπου.

1302 1834 1369 1873 Vs.
1391 1835 1481 1872 323.
1503 1833 1582 1878 τοὺς
1604 1832 1666 1885 μὲν
1687 1838 1755 1885 πῦρ
1774 1832 1873 1884 κτλ.]
1898 1832 2009 1882 Ignis
2029 1830 2102 1870 sub
2124 1840 2227 1869 terra
2247 1832 2302 1869 la·

1252 1903 1336 1933 tens
1354 1907 1474 1944 quum
1494 1894 1543 1931 ad
1570 1894 1631 1932 sui
1659 1893 1788 1931 simile
1810 1891 1983 1930 tenderet
2003 1891 2304 1943 superioresque

1252 1962 1398 2005 peteret
1409 1953 1603 2003 regiones,
1616 1951 1805 1991 sublimes
1817 1951 1947 2002 rapuit
1960 1963 2022 1989 res
2039 1963 2162 2001 usque
2178 1949 2304 1988 adhuc

1253 2010 1423 2051 occultas
1454 2025 1603 2063 suaque
1632 2011 1674 2049 vi
1699 2011 1848 2057 effecit,
1877 2017 1921 2047 ut
1948 2009 2082 2047 omnia
2106 2021 2127 2047 e
2154 2009 2305 2046 telluris

1253 2072 1406 2122 gremio
1420 2080 1711 2110 enascerentur.
1723 2070 1768 2108 ln
1779 2070 1841 2108 his
1857 2069 2086 2107 nominatim
2103 2069 2304 2106 hominum

1254 2132 1466 2170 simulacra
1477 2138 1755 2175 commemorat
1767 2127 2036 2180 Empedocles.
2046 2127 2174 2174 Quum
2187 2128 2306 2177 vulgo

1254 2189 1446 2240 legeretur
1463 2189 1644 2240 ἀνέπεμπε
1668 2188 1765 2227 θέλον
1782 2187 1866 2240 πρὸς
1885 2186 2016 2236 ὅμοιον,
2027 2197 2129 2226 recte
2148 2187 2306 2225 Karste-

1254 2249 1343 2287 nius
1363 2248 1470 2287 dedit
1487 2247 1663 2298 ἀνέπεμπ’
1678 2247 1793 2286 ἐθέλον
1814 2246 1900 2299 πρὸς
1920 2249 2051 2296 ὁμοῖον.

1306 2307 1367 2346 Vs.
1391 2308 1480 2346 325.
1500 2306 1572 2345 οὔτ’
1587 2305 1712 2353 ἐνοπὴν
1731 2304 1827 2359 κτλ.]
1844 2306 2043 2356 Vulgatam
2060 2304 2130 2344 οὔτ’
2148 2299 2192 2344 αῧ
2208 2306 2307 2343 male

1255 2366 1420 2404 mutavit
1442 2365 1672 2404 Karstenius
1692 2365 1733 2403 in
1758 2363 1829 2403 οὔτ’
1849 2358 1923 2412 οῧν,
1945 2365 2118 2403 offensus
2138 2365 2307 2402 tautolo—

1255 2425 1342 2475 gia;
1366 2426 1544 2476 sequitur
1569 2425 1673 2462 enim
1697 2423 1883 2476 ἐπιχώριον
1914 2423 2059 2476 ἀνδράσι
2079 2426 2199 2475 γῆρυν.
2230 2423 2307 2461 Lo-

1255 2498 1341 2522 cum
1361 2484 1512 2522 sanavit
1528 2483 1699 2522 Steinius
1716 2496 1737 2522 e
1755 2483 1910 2522 duobus
1928 2483 2131 2522 codicibus
2149 2497 2170 2521 a
2188 2484 2308 2522 Bran-

1255 2543 1356 2581 disio
1374 2542 1572 2587 excussis,
1595 2555 1760 2593 quorum
1796 2542 1892 2580 alter
1922 2541 1980 2595 (P.
2014 2543 2065 2593 1.)
2089 2542 2234 2580 omittit
2265 2536 2309 2580 αῧ

1255 2611 1293 2641 et
1311 2601 1470 2641 exhibet
1490 2601 1584 2653 γόων
1603 2614 1678 2653 pro
1691 2604 1815 2654 γῆρυν,
1833 2602 1929 2640 alter
1946 2601 2004 2651 (P.
2021 2602 2058 2653 2)
2076 2615 2228 2640 versum
2252 2603 2309 2640 sic

1256 2661 1507 2713 depravatum
1529 2661 1701 2699 continet
1719 2675 1728 2699 :
1745 2659 1817 2699 οὔτ’
1835 2661 1961 2708 ἐνοπὴν
1981 2658 2037 2700 οἵα
2057 2662 2088 2700 τ’
2106 2661 2309 2714 ἐπιχωρίοις

1257 2720 1403 2772 ἀνδράσι
1416 2720 1523 2772 γόων.
1542 2720 1640 2759 Hinc
1656 2720 1900 2759 manifestum
1918 2729 1975 2759 est
1994 2719 2114 2758 scribi
2127 2730 2310 2772 oportere

1257 2777 1445 2831 ἐπιχώριον
1461 2778 1610 2830 ἀνδράσι
1624 2785 1734 2830 γυῖον.
1752 2779 1812 2818 Cf.
1827 2779 1875 2818 ad
1895 2793 1953 2819 vs.
1969 2781 2013 2818 31
2024 2795 2059 2828 7.
2073 2779 2166 2818 Sine
2186 2779 2308 2817 dubio

1256 2837 1481 2889 Empedocli
1502 2838 1674 2890 placuit,
1697 2838 1866 2878 defuisse
1894 2839 2008 2878 istius
2040 2839 2162 2877 aetatis
2181 2838 2309 2876 homi-

1257 2896 1376 2936 nibus
1394 2897 1570 2937 membra
1584 2899 1784 2949 genitalia,
1798 2912 1917 2950 quum
1935 2899 2017 2937 haec
2038 2898 2086 2936 de
2107 2911 2153 2936 eo
2170 2898 2310 2949 prodat

1258 2956 1491 2996 Plutarchus
1510 2957 1558 2996 de
1568 2957 1675 2996 Plac.
1695 2958 1791 3010 phil.
1809 2957 1855 3005 V,
1880 2972 1926 3009 19
1951 2972 1959 2995 :
1984 2956 2229 3007 Ἐμπεδοκλῆς
2248 2955 2310 3001 τὰς

1257 3014 1399 3068 πρώτας
1424 3015 1574 3069 γενέσεις
1592 3019 1661 3055 τῶν
1692 3016 1788 3063 ζώων
1809 3017 1868 3056 καὶ
1890 3019 2006 3069 φυτῶν
2034 3017 2208 3067 μηδαμῶς
2237 3016 2311 3054 ὁλο-

1258 3075 1405 3128 κλήρους
1418 3074 1576 3128 γενέσθαι
1587 3107 1600 3124 ,
1616 3075 1812 3129 ἀσυμφυέσι
1827 3075 1862 3114 δὲ
1878 3080 1950 3121 τοῖς
1968 3075 2099 3128 μορίοις
2110 3074 2309 3126 διεζευγμέ-

1258 3150 1334 3180 νας·
1356 3134 1418 3179 τὰς
1438 3134 1475 3174 δὲ
1497 3134 1681 3189 δευτέρας,
1703 3134 1957 3187 συμφυομένων
1977 3137 2045 3173 τῶν
2066 3136 2180 3186 μερῶν
2208 3135 2310 3172 εἴδω-

1257 3195 1435 3248 λοφανεῒς·
1467 3194 1529 3239 τὰς
1563 3195 1600 3233 δὲ
1631 3194 1766 3248 τρίτας,
1796 3196 1865 3233 τῶν
1905 3195 2148 3248 ἀλληλοφυῶν·
2180 3192 2242 3236 τὰς
2273 3191 2308 3231 δὲ

1257 3253 1443 3306 τετάρτας,
1469 3254 1531 3292 οὖκ
1568 3252 1618 3292 ἔτι
1649 3255 1689 3292 ἐκ
1719 3255 1789 3292 τῶν
1820 3252 1966 3304 ὁμοίων,
1997 3246 2067 3292 οἶον
2090 3253 2130 3290 ἐκ
2159 3254 2223 3302 γῆς
2250 3251 2310 3290 καὶ

1258 3310 1402 3360 ὕδατος,
1427 3311 1518 3351 ἀλλὰ
1534 3312 1577 3351 δι’
1591 3311 1754 3360 ἀλλήλων
1773 3312 1841 3360 ἤδη
1854 3342 1867 3362 ,
1885 3314 1956 3356 τοῖς
1984 3310 2046 3362 μὲν
2070 3311 2311 3355 πυκνωθείσης

1258 3373 1320 3418 τῆς
1349 3374 1497 3424 τροφῆς,
1529 3371 1597 3416 τοῖς
1633 3370 1669 3410 δὲ
1705 3373 1766 3418 τ’ἤς
1807 3370 1998 3424 εὐμορφίας
2036 3372 2104 3407 τῶν
2135 3370 2307 3421 γυναικῶν

1260 3429 1484 3482 ἐπερεθισμὸν
1533 3432 1594 3469 τοῦ
1636 3433 1878 3483 σπερματικοῦ
1922 3427 2114 3480 κινήματος
2154 3427 2308 3478 ἐμποιη-

1261 3488 1385 3536 σάσης.
