2612 3814
1065 249 1409 290 FRAGMFATA.
2257 272 2308 306 95

214 331 454 383 δειπνομανές,
479 336 603 387 νεκροῦ
624 332 757 386 ὄμματ’
786 333 894 388 ἔχων,
911 335 1060 389 κραδίην
1090 337 1119 376 δ’
1146 339 1186 376 ἀ-

973 395 987 446 [
1008 396 1185 435 κύλιστον.

979 451 994 466 ff

399 445 416 462 t
686 446 704 464 ἡ

209 521 288 560 ἀλλ’
309 516 380 562 οἷον
395 523 452 562 τὸν
471 522 599 576 ἄτυφον
615 522 684 575 ἐγὼ
703 523 775 563 ἴδον
793 525 852 572 ἠδ’
870 525 1076 575 ἀδάμαστον

207 587 314 621 πᾶσιν
334 581 426 626 ὅσοις
446 583 646 631 δαμνᾶται,
669 582 731 634 ἅμ’
748 585 914 638 ἄῤῥήτοις
936 601 974 624 τε
995 591 1117 638 φατοῖς
1136 601 1186 634 τε,

207 642 303 681 λαῶν
324 641 424 680 ἔθνεα
439 646 552 697 κοῦφα
571 642 782 695 βαρυνόμεν’
801 643 881 682 ἔνθα
899 644 959 683 καὶ
973 644 1056 683 ἔνθα

125 713 178 740 125
207 702 247 740 ἐκ
268 701 407 740 παθέων
428 701 526 750 δόξης
551 718 591 741 τε
613 701 675 741 καὶ
698 702 832 752 εἷκαίης
845 704 1056 755 νομοῡήκης.

393 797 410 817 *²
687 800 705 818 ί

202 876 265 914 οὐκ
285 874 327 914 ἂν
346 875 388 924 δὴ
405 875 575 931 Πύῤῥωνί
593 876 626 931 γ’
645 876 795 931 ἐρίσειεν
813 877 935 931 βροτὸς
952 877 1070 921 ἄλλος.

388 977 406 994 *
682 979 695 995 ί
972 978 985 994 ί

199 1039 228 1085 ὦ
243 1047 343 1099 γέρον
357 1077 366 1095 ,
392 1039 420 1086 ὦ
438 1047 607 1103 Πύρρων,
625 1051 699 1093 πῶς
719 1048 741 1096 ἢ
759 1049 862 1088 πόθεν
876 1048 1014 1087 ἔκδυσιν
1029 1042 1127 1101 εὗρες

198 1106 363 1159 λατρείης
380 1107 486 1153 δοξῶν
509 1123 546 1146 τε
567 1106 822 1162 κενοφροσύνης
841 1124 878 1146 τε
899 1110 1073 1161 σοφιστῶν
1086 1137 1095 1154 ,

199 1167 259 1204 καὶ
281 1165 394 1214 πάσης
416 1167 556 1214 ἀπάτης
575 1171 713 1212 πειθοῦς
728 1169 760 1206 τ’
783 1165 965 1207 ἀπελύσαο
979 1167 1115 1218 &op-023

121 1238 173 1265 130
201 1224 279 1265 οὐδὲ
300 1225 399 1278 μέλει
422 1242 476 1266 σοι
490 1231 603 1266 ταῦτα
622 1226 858 1279 μεταλλήσειν
875 1227 964 1271 τίνος
981 1220 1087 1279 αῧραι

197 1283 346 1325 Ἑλλάδ’
364 1285 498 1339 ἔχουσι,
513 1286 618 1326 πόθεν
629 1302 666 1325 τε
682 1286 743 1326 καὶ
761 1288 808 1331 εἷς
821 1285 839 1325 ὃ
853 1288 953 1340 κυρεῖ
965 1285 1010 1325 τὰ
1026 1285 1179 1325 ἕκαστα.

387 1376 408 1396 4
678 1376 699 1397 4
882 1375 887 1381 ·
971 1375 989 1393 *

195 1445 342 1490 Εὔὸοιος
362 1447 497 1501 Πάριος
518 1473 600 1488 .....

405 1555 422 1570 ⁴*
640 1556 654 1570 ἠ
874 1556 891 1571 f

113 1705 267 1741 versum
307 1693 403 1731 falso
438 1693 614 1746 Hipponi
662 1695 875 1746 ascriptum
912 1708 996 1733 esse
1034 1693 1171 1732 statuit

111 1751 328 1790 Meinekius
350 1751 487 1791 Exere.
510 1753 552 1791 in
573 1753 715 1794 Athen.
740 1753 793 1801 11,
812 1767 851 1806 p.
872 1754 936 1793 33.

163 1810 228 1849 Vs.
270 1825 355 1850 121.
388 1812 617 1862 ’δειπνομανές
649 1811 747 1867 κτλ.]
783 1812 994 1851 Athenaeus
1020 1811 1092 1850 lib.
1126 1810 1174 1848 lv

111 1883 195 1922 cap.
228 1870 277 1907 55
299 1884 388 1923 pag.
423 1873 513 1919 162,
538 1871 565 1909 F'
589 1886 598 1910 ε
632 1871 825 1920 Κτησίὸιος
853 1872 889 1910 δὲ
915 1874 933 1910 ὁ
962 1869 1172 1918 Χαλκιδεὺς,

52 1975 55 1978 ,
111 1929 321 1980 Μενεδήμου
335 1929 509 1982 γνώριμος
520 1959 530 1977 ,
546 1930 593 1974 ὥς
610 1945 716 1983 φησιν
733 1930 929 1982 Ἀντίγονος
943 1933 961 1969 ὃ
978 1930 1177 1983 Καρύστιος

109 1989 144 2025 ἐν
176 1993 245 2033 τοῖς
280 1988 387 2041 βίοις,
420 1990 605 2041 ἐρωτηθεὶς
629 1990 698 2029 ὑπό
717 2006 810 2034 τινος
832 1990 867 2028 τί
887 1990 1109 2043 περιγέγονεν
1135 1990 1174 2028 ἐκ

108 2047 313 2101 φιλοσοφίας
337 2049 457 2101 αὐτῷ;
477 2047 562 2101 ἔφη,
587 2048 815 2100 Ἀσυμὸόλως
838 2051 1004 2089 δειπνεῖν.
1034 2048 1098 2088 Διὸ
1115 2050 1176 2088 καὶ

107 2108 130 2144 ὁ
146 2105 272 2154 Τίμων
290 2122 357 2145 που
374 2106 461 2159 πρὸς
478 2105 581 2146 αὐτὸν
600 2106 684 2161 ἔφη·
700 2108 946 2160 δειπνομανές,
962 2108 1041 2149 κτλ.
1062 2109 1175 2147 Hunc

111 2178 264 2204 versum
281 2166 455 2205 laudavit
475 2167 590 2205 etiam
611 2167 833 2207 Eustathius
848 2182 886 2220 p.
909 2173 1025 2216 1404,
1045 2168 1079 2206 3.
1095 2167 1173 2206 Pro

70 2228 79 2237 ⁴
107 2230 228 2279 νεκροῦ
256 2226 632 2277 Schweighaeusems
652 2228 809 2267 exarari
856 2227 985 2266 voluit
1019 2226 1172 2281 νεὸροῦ,

108 2285 214 2335 quod
240 2286 281 2324 in
301 2286 406 2325 hunc
428 2287 555 2325 locum
577 2301 657 2325 non
691 2288 887 2327 convenit.
910 2287 1087 2327 Imitatus
1117 2297 1175 2326 est

107 2343 251 2382 Timon
271 2344 384 2384 Iliad.
404 2345 474 2385 lib.
498 2346 529 2392 l,
546 2360 605 2386 vs.
628 2347 704 2385 225
729 2362 738 2386 ε
758 2346 955 2400 οἷνοὸαρές,
985 2347 1086 2392 κυνὸς
1104 2345 1174 2400 ὅμ-

109 2402 192 2453 ματ’
212 2402 319 2456 ἔχων,
341 2404 487 2456 κραδίην
509 2406 538 2444 δ’
562 2406 719 2458 ἐλάφοιο.

162 2462 251 2502 Vss.
284 2464 479 2504 νεα-ηδ.
508 2464 585 2503 ἀλλ’
606 2460 676 2504 οἶον
693 2466 751 2505 τὸν
770 2465 1170 2519 ἄτυφον-νομοθήκης]

111 2519 301 2560 Eusebius
316 2522 445 2576 Praep.
462 2537 602 2575 evang.
627 2524 660 2576 1,
689 2532 733 2572 14
752 2539 843 2578 pag.
865 2528 936 2574 761
961 2540 971 2564 ε
991 2524 1085 2566 Οὐδὲ
1104 2525 1172 2578 γὰρ

109 2582 221 2621 ἐκεῖνο
247 2582 335 2636 φαίη
365 2599 416 2627 τις
444 2582 487 2622 ἂν
505 2583 559 2622 ὅτι
584 2584 663 2628 τοὺς
694 2585 820 2635 νόμους
853 2584 1033 2623 δεδοίκασι
1054 2585 1174 2638 κριτὰς

109 2639 170 2680 καὶ
191 2641 253 2686 τὰς
274 2643 447 2696 τιμωρίας
470 2644 501 2683 οἱ
521 2647 684 2683 τοιοῦτοι.
708 2645 791 2689 Πῶς
807 2643 898 2698 γοίρ;
915 2642 1007 2696 οἵγε
1027 2646 1175 2688 ἀπαθεῖς

109 2700 170 2739 καὶ
193 2701 367 2755 ἀτάραχοι
392 2702 569 2757 (καθάπερ
590 2704 688 2743 αὐτοί
710 2706 830 2758 φασιν)
859 2704 979 2752 ὄντες;
1007 2703 1029 2743 ὅ
1048 2704 1087 2756 γέ
1121 2721 1174 2743 τοι

108 2760 234 2811 Τίμων
251 2765 363 2800 ταῦτα
385 2762 446 2802 καὶ
472 2761 567 2814 λέγει
595 2763 675 2815 περὶ
695 2767 755 2802 τοῦ
778 2763 990 2818 Πύρρωνος·
1013 2759 1173 2803 ἀλλὀἶον

109 2822 191 2861 κτλ.
214 2821 434 2874 Stephanus
453 2824 497 2862 in
528 2824 642 2864 Poes.
664 2824 764 2876 phil.
795 2838 836 2876 p.
872 2838 918 2873 71
960 2838 1039 2862 non
1073 2833 1175 2862 recte

110 2880 264 2921 ἀλλοῖον.

161 2939 230 2979 Vs.
261 2943 348 2980 126.
371 2942 435 2980 οὔκ
463 2941 504 2981 ἂν
531 2941 575 2990 δὴ
596 2940 694 2998 κτλ]
715 2943 745 2981 εἷ
765 2941 795 2981 δ’
815 2942 912 2982 οὐδὲν
945 2940 1067 2996 ὄφελός
1100 2943 1175 2980 ἐστι

109 3000 178 3038 τῶν
197 2999 325 3051 λόγων,
345 3000 379 3039 τί
398 3003 486 3052 ἡμῖν
506 3003 726 3056 ἐνοχλοῦσιν,
745 3001 768 3050 ἢ
784 3002 841 3041 διὰ
855 3002 888 3041 τί
907 3001 1035 3050 Τίμων
1055 3001 1173 3054 φησίν·

110 3059 174 3098 οὒκ
196 3057 238 3098 ἂν
259 3059 302 3107 δὴ
323 3061 405 3101 κτλ.
434 3061 506 3100 Hic
525 3075 664 3101 versus
683 3075 706 3100 a
721 3062 892 3101 Timone
923 3061 1175 3113 praecedenti·

110 3115 185 3156 bus
204 3127 389 3170 quattuor
407 3119 638 3170 subjunctus
655 3134 739 3160 esse
757 3121 929 3160 videtur.

163 3179 251 3221 Vss.
283 3184 475 3231 127·131.
503 3175 533 3227 ὦ
565 3182 682 3236 γέρον,
724 3174 753 3220 ὦ
784 3181 1107 3235 Πύῤῥων,-κυρεῒ
1132 3178 1176 3218 τὰ

112 3237 263 3292 ἕκαστα]
284 3241 477 3292 Diogenes
494 3241 672 3281 Laertius
692 3241 764 3280 lib.
779 3241 848 3288 1X,
867 3242 948 3286 64.
970 3239 1096 3287 Καιδὴ
1116 3238 1177 3278 καὶ

113 3299 271 3347 ζηλωτὰς
291 3294 368 3354 εἶχε
387 3301 536 3347 πολλους
559 3300 592 3357 [ὁ
611 3302 780 3356 Πύρρων]
802 3305 865 3350 τῆς
886 3300 1175 3354 ἀπραγμοσύνης.

111 3354 222 3398 Ὅθεν
241 3359 301 3398 καὶ
319 3364 338 3400 ὁ
354 3360 536 3414 Ἰίμωνπε
542 3362 574 3414 pt
589 3363 696 3400 αὐτοῦ
718 3377 827 3434 φησιν
843 3360 952 3404 ούτως
973 3362 1008 3398 ἐν
1025 3376 1074 3397 τω
1095 3358 1176 3398 Πύ-

110 3419 197 3467 ,θωνι
214 3419 307 3457 καὶῖ
292 3436 327 3458 εν
346 3425 417 3466 τοῖς
435 3421 597 3465 Σίλλοις·
619 3413 649 3460 ὦ
668 3421 783 3474 γέρον,
802 3437 832 3460 ω
851 3419 1004 3474 Πυρρων
1022 3420 1100 3458 κτλ.
1123 3441 1178 3451 —

113 3475 178 3516 Vs.
223 3493 292 3527 ¹27
327 3478 466 3519 ἔκδυσιν
499 3480 684 3531 Stephani
713 3480 835 3519 editio
865 3489 902 3518 et
944 3478 1178 3518 membranae

115 3536 253 3586 regiae;
279 3536 418 3576 ἔκλυσιν
444 3540 665 3591 exemplum
699 3538 999 3577 Frobenianum.
1029 3560 1083 3568 —
1110 3537 1175 3576 Vs.

1249 346 1388 386 Helluo,
1409 348 1622 383 cadaverosos
1642 351 1754 385 oculos
1769 352 1892 387 habens
1914 358 1946 389 et
1966 364 2023 389 cor
2038 357 2227 393 immotum.

1519 444 1537 461 ἡ
1770 446 1787 466 fi
2018 451 2038 470 ἱ

1245 521 1300 554 sed
1319 521 1448 563 qualem
1465 531 1524 564 ego
1542 523 1607 556 vidi
1626 524 1811 563 modestum
1826 526 2088 570 indomitumque

1247 582 1403 614 omuibus
1418 582 1458 615 iis
1480 583 1599 624 quibus
1615 583 1803 627 domantur,
1823 586 1921 620 simul
1936 588 2081 621 tacendis
2101 592 2134 622 et
2152 590 2316 633 dicendls,

1246 642 1334 674 leves
1354 642 1522 675 hominum
1543 643 1688 677 nationes
1703 645 1832 685 agitatoe
1850 646 1938 678 ultro
1952 648 2101 689 citroque

1245 702 1542 743 commotionibus,
1560 704 1661 745 gloria
1679 705 1712 737 et
1733 707 1855 738 temere
1870 706 2001 748 scriptis
2024 707 2159 749 legibus.

1519 798 1535 816 st
1766 800 1785 817 ἡ
2015 800 2031 819 ’ί

1243 885 1318 908 cum
1340 876 1507 917 Pyrrhone
1522 877 1656 918 quidem
1676 887 1741 911 non
1761 879 1846 912 alius
1860 889 1939 913 sane
1956 881 2156 914 moriallium
2175 891 2307 914 coneor-

2194 942 2307 985 [larvi-

1525 979 1543 997 *
1773 980 1788 997 k
2018 982 2035 1000 ἡ

1244 1056 1271 1086 0
1287 1063 1383 1087 senex
1397 1079 1407 1096 ‚
1431 1063 1451 1086 0
1474 1055 1598 1096 Pyirho
1611 1079 1620 1096 ,
1639 1056 1804 1097 quomodo
1821 1059 1877 1089 aut
1896 1057 1982 1090 unde
2000 1057 2139 1099 effugisti
2167 1057 2307 1101 (menta,

1243 1113 1379 1146 deorum
1396 1114 1522 1146 cultum
1552 1115 1788 1157 opinionesque
1805 1117 1837 1149 et
1862 1125 1944 1149 vana
1974 1117 2197 1159 sophistarum
2216 1127 2308 1151 com·

1241 1173 1411 1215 omnisque
1432 1174 1552 1206 fraudis
1577 1175 1610 1207 et
1631 1174 1848 1215 persuasionis
1872 1176 2004 1208 vincula
2024 1176 2230 1212 dissolvisti?

1240 1236 1351 1275 Neque
1369 1234 1428 1266 tibi
1448 1243 1535 1266 curae
1552 1237 1602 1266 est
1616 1234 1794 1275 inquirere,
1817 1234 1912 1275 qu'us
1937 1235 2031 1278 (dei)
2052 1238 2169 1269 ventus

1242 1293 1399 1326 Graeciam
1419 1293 1530 1335 perflet
1550 1296 1647 1334 atque
1663 1293 1748 1326 unde
1759 1293 1887 1336 singula
1905 1294 1968 1328 sint
1981 1298 2014 1328 et
2028 1304 2093 1336 quo
2111 1296 2305 1338 pertineant.

1515 1393 1533 1410 ἡ
1767 1391 1781 1408 ί
2019 1392 2031 1409 Δ

1242 1472 1385 1505 Euhoeus
1405 1471 1517 1504 Parius
1539 1495 1774 1504 ........

1244 1694 1313 1731 131
1352 1689 1500 1731 Ἑλλάδ’
1531 1689 1673 1742 ἔχουσι,
1710 1688 1815 1728 πόθεν
1849 1705 1887 1728 τε
1918 1689 1978 1728 καὶ
2005 1692 2054 1734 εἷς
2085 1688 2104 1728 ὃ
2141 1691 2239 1743 κυρεῖ
2260 1690 2306 1730 τὰ

1238 1750 1373 1790 ἕκαστα
1392 1749 1616 1789 emendavit
1635 1747 1917 1796 Casaubonus;
1939 1757 2051 1787 antea
2066 1749 2301 1799 legebatur:

1237 1809 1427 1851 Ἑλλάδ”’
1408 1825 1548 1862 εχουσι,
1570 1808 1676 1847 πόθεν
1697 1824 1734 1847 τε
1768 1809 1828 1847 καὶ
1849 1809 1896 1851 εἷς
1916 1807 1952 1855 ὅ,
1974 1824 2007 1846 τι
2033 1814 2133 1860 κυρεῖ
2152 1808 2302 1850 ἕκαστα.

1237 1870 1361 1908 Caete1
1365 1882 1429 1907 um
1452 1867 1574 1906 verba
1591 1866 1684 1911 τίνος
1711 1860 1816 1919 αυραι
1837 1865 1985 1906 ςἙλλάδ’
2009 1866 2130 1920 ἔχουσι
2157 1871 2260 1908 verti
2293 1885 2301 1908 ε

1237 1935 1340 1977 casus
1358 1931 1456 1966 {lei
1438 1937 1563 1965 sentus
1583 1929 1776 1965 Graeciam
1793 1926 1948 1977 perflet.
1967 1926 2058 1966 Haec
2072 1929 2306 1968 commodis-

1238 1989 1338 2027 sima
1357 1988 1442 2027 visa
1462 1996 1519 2026 est
1540 1987 1655 2026 ratio.
1672 1986 1829 2038 Quippe
1843 1987 1967 2035 venti,
1980 2000 2151 2039 quorum
2170 1988 2303 2027 flatum

1238 2049 1414 2088 sentiunt
1441 2048 1624 2086 mortales
1638 2076 1649 2094 ,
1687 2047 1773 2085 Diis
1799 2055 1865 2085 aut
1884 2046 2076 2086 obediunt
2094 2057 2161 2086 aut
2180 2049 2304 2088 adnu-

1238 2117 1450 2147 merantur.
1470 2107 1567 2145 Vide
1588 2106 1803 2146 Hesiodum
1823 2105 1857 2144 T
1862 2105 2027 2158 heogon.
2043 2121 2100 2146 vs.
2124 2109 2199 2156 378
2216 2123 2303 2148 cum

1237 2167 1431 2220 Lennepii
1453 2167 1718 2207 adnotatione.
1748 2166 1954 2205 Diversum
1981 2166 2138 2218 quidem
2160 2166 2210 2204 ab
2230 2167 2306 2208 hoc

1236 2237 1294 2267 est
1318 2227 1570 2266 Homericum
1600 2226 1704 2264 istud
1731 2225 1805 2263 Od.
1826 2224 1889 2271 lx,
1925 2239 1993 2263 111
2017 2240 2026 2264 ι
2049 2225 2109 2263 καί
2127 2240 2206 2276 σφιν
2223 2226 2304 2271 Διὸς

1236 2286 1366 2341 ὄμὸρος
1387 2286 1499 2334 ἀέξει,
1523 2285 1591 2324 ubi
1613 2284 1836 2323 Eustathius
1855 2298 1864 2324 τ
1882 2283 2015 2338 ὄμὸρος
2036 2284 2072 2324 δὲ
2097 2285 2200 2337 Διός,
2221 2302 2304 2326 του-

1236 2347 1353 2386 τέστιν
1376 2346 1476 2397 ἀέρος
1490 2374 1500 2393 ,
1524 2345 1591 2384 sed
1612 2354 1741 2384 tamen
1758 2353 1980 2394 cognatum.
2003 2344 2108 2383 lllud
2130 2359 2209 2384 non
2232 2347 2302 2384 du·
2335 2382 2340 2386 .

1236 2405 1347 2446 bium
1369 2405 1467 2457 quin
1486 2403 1576 2448 τίνος
1596 2404 1637 2442 in
1658 2403 1747 2447 τίνες
1772 2412 1920 2443 mutato
1940 2404 2069 2445 omnis
2089 2404 2303 2445 difficultas

1235 2473 1457 2513 evanescat,
1469 2473 1512 2503 ut
1526 2463 1630 2516 apud
1641 2463 1778 2514 Eurip.
1789 2462 1926 2515 Suppl.
1939 2477 1996 2503 vs.
2019 2463 2118 2502 1058
2129 2463 2180 2509 τίς
2192 2465 2300 2518 αὔρα.

1236 2525 1317 2575 Ego
1348 2538 1443 2563 vero
1477 2524 1672 2573 vulgatam
1710 2523 1917 2561 lectionem
1953 2524 2155 2576 explicare
2184 2538 2302 2576 quam

1235 2598 1392 2623 versum
1410 2583 1514 2622 hunc
1528 2582 1767 2634 interpolare
1788 2582 1921 2621 malui.
1939 2582 1999 2621 Cf.
2019 2583 2152 2635 Eurip.
2171 2582 2300 2635 lphig.

1236 2644 1326 2682 Aul.
1349 2657 1409 2684 vs,
1446 2644 1498 2695 69
1525 2656 1534 2681 z
1559 2641 1640 2681 ὅτου
1660 2640 1765 2680 πνοαὶ
1789 2639 1924 2695 φέροιεν
1945 2641 2150 2694 Ἀφροδίτης
2175 2643 2300 2696 φίλαι,

1236 2703 1305 2742 ubi
1333 2703 1538 2753 legendum
1560 2699 1640 2740 ὅποι
1669 2698 1775 2744 πνοαὶ
1808 2701 1887 2742 κτλ.
1917 2700 2079 2752 Vulgari
2105 2702 2305 2744 locutione

1235 2767 1339 2810 cujus
1360 2766 1458 2799 venti
1476 2775 1591 2806 aurae,
1617 2774 1695 2812 qua
1719 2761 1844 2799 utitur
1862 2760 2074 2813 Euripides
2106 2761 2206 2802 Med.
2238 2776 2299 2803 vs.

1238 2823 1331 2869 836,
1354 2821 1446 2859 licet
1473 2820 1678 2871 paululum
1711 2820 1937 2867 immutata,
1972 2823 2032 2860 τοῦ
2056 2820 2248 2860 καλλινᾶου
2268 2822 2302 2860 τ’

1200 2899 1202 2902 ⁴
1237 2880 1307 2918 ἀπὸ
1325 2882 1489 2933 Κηφισοῦ
1507 2878 1588 2933 ῥοὰς
1607 2878 1670 2918 τὰν
1689 2880 1828 2934 Κύπριν
1844 2880 2031 2932 κλῄζουσιν
2048 2881 2303 2934 ἀφυσσαμέναν

1234 2939 1356 2993 χώραν
1371 2943 1613 2979 καταπνεῦσαι
1635 2938 1780 2994 μετρίας
1798 2939 1938 2992 ἀνέμων
1958 2938 2150 2987 ἧδυπνόους
2173 2938 2301 2993 αὔρας,

1235 2999 1302 3038 hic
1322 2998 1598 3046 abstinendum
1615 3007 1711 3038 erat.

1289 3057 1352 3097 Vs.
1382 3059 1471 3099 132.
1492 3056 1643 3104 Εὔὸοιος
1662 3057 1816 3112 Πάριος]
1838 3057 2047 3097 Athenaeus
2063 3057 2135 3098 lib.
2153 3056 2234 3105 XV,
2253 3057 2302 3095 55

1238 3132 1277 3170 p.
1295 3120 1389 3169 698,
1409 3119 1471 3157 A:
1492 3118 1624 3158 Πολλοι
1636 3134 1726 3163 τινες
1740 3119 1929 3194 παρῳδιῶν
1943 3133 2142 3169 ποιηταιγε
2145 3117 2303 3169 γόνασιν,

1237 3194 1266 3217 ω
1287 3179 1426 3232 ἑταῖρε,
1450 3177 1669 3224 ἐνδοξότατος
1688 3180 1717 3217 δ
1740 3195 1781 3227 ην
1808 3178 1956 3221 Ei'56010<
1982 3179 2000 3216 ὁ
2020 3177 2177 3230 Πάριος,
2206 3176 2304 3227 γενό-

1238 3254 1340 3289 μενος
1361 3244 1433 3283 τοῖς
1448 3240 1587 3291 χρόνοις
1607 3238 1703 3295 κατὰ
1731 3238 1928 3278 Φίλιππον.
1951 3232 2065 3281 Οὗτός
2094 3239 2189 3276 ἐστιν
2210 3238 2228 3274 ὁ
2245 3235 2304 3274 καὶ

1237 3297 1431 3347 ἸΑθν“ναίοις
1461 3291 1780 3351 λοιδορησάμενος,
1809 3313 1870 3336 και
1905 3295 2054 3342 σώζεται
2095 3297 2202 3334 αὐτοῦ
2234 3297 2303 3333 τῶν

1239 3357 1426 3410 παρωδιῶν
1440 3356 1562 3410 βιὸλία
1578 3358 1746 3411 τέσσαρα.
1764 3356 1990 3407 Μνημονεύει
2007 3355 2038 3395 δ’
2055 3356 2163 3393 αὐτοῦ
2181 3354 2304 3404 Τίμων

1237 3418 1274 3455 ἐν
1294 3419 1344 3471 τῷ
1361 3416 1491 3470 πρώτῳ
1505 3420 1574 3456 τῶν
1587 3417 1743 3457 Σίλλων.
1762 3416 1889 3467 Hujus
1905 3415 2086 3467 exemplo
2096 3414 2316 3452 Timonem-

1237 3477 1348 3516 sillos
1371 3478 1640 3529 composuisse
1661 3477 1828 3527 ideoque
1848 3477 1979 3527 operis
1998 3474 2114 3513 initio
2128 3486 2216 3512 eum
2233 3484 2307 3509 me-

1245 3551 1417 3575 morasse
1439 3538 1582 3576 Paulus
1600 3537 1820 3588 suspicatus
1844 3545 1915 3575 est.
