2612 3814
326 224 402 259 2⁵6

323 306 392 346 Καὶ
430 300 531 344 α’ὗται
559 304 706 344 τείνουσι
737 300 794 341 διὰ
812 302 880 340 τῶν
904 301 1046 354 σφαγῶν
1075 298 1171 340 εἴσω.
1201 297 1273 338 Καὶ
1301 298 1362 335 ἀπ’

321 366 432 402 αὐτῶν
454 362 622 414 ἑκατέρας
650 360 716 402 ὕπὸ
737 358 801 408 τὴν
832 358 1048 411 ὠμοπλάτην
1070 356 1218 397 τείνουσι
1239 357 1298 395 καὶ
1317 356 1364 399 εἰς

317 423 378 467 τὰς
397 423 530 476 χεῖρας.
551 421 621 461 Καὶ
642 420 822 474 φαίνονται
841 418 938 470 παρά
955 433 993 457 τε
1016 416 1080 464 τὴν
1100 417 1282 463 σπληνῖτιν
1302 413 1362 453 καὶ

318 481 380 528 τὴν
406 482 570 527 ἡπατῖτιν
601 478 717 532 ἕτεραι
738 476 851 529 ὀλίγον
878 476 1057 523 ἐλάττους,
1078 474 1118 519 ἃς
1145 475 1363 526 ἀποσχῶσιν,

317 538 399 578 ὅταν
413 554 447 577 τι
463 537 530 576 ὑπὸ
545 538 584 576 τὸ
603 536 715 589 δέρμα
733 537 846 587 λυπῇ·
869 534 910 574 ἂν
925 534 1007 574 δέτι
1028 534 1109 587 περὶ
1129 533 1193 580 τὴν
1212 531 1360 579 κοιλίαν,

316 596 379 644 τὴν
398 598 564 645 ἡπατῖτιν
590 595 651 635 καὶ
667 594 729 643 τὴν
750 596 945 642 σπληνῖτιν.
965 595 999 633 Τ
1001 592 1127 632 είνουσι
1148 592 1183 631 δὲ
1216 591 1277 630 καὶ
1295 590 1363 628 ὑπὸ

317 654 395 700 τοὺς
419 653 571 706 μαστοὺς
592 653 662 694 ἀπὸ
681 653 808 693 τούτων
833 652 963 705 ἕτεραι.
986 651 1137 703 Ἕτεραι
1159 652 1187 689 δ’
1207 649 1291 688 εἰσὶν
1325 650 1361 687 αἱ

319 713 390 753 ἀπὸ
413 712 581 765 ἕκατίρας
608 713 782 751 τείνουσαι
806 710 863 750 διὰ
881 714 940 749 τοῦ
973 709 1133 748 νωτιαίου
1154 709 1281 757 μυελοῦ
1316 708 1362 751 εἷς

318 772 395 816 τοὺς
412 772 545 824 ὄρχεις,
568 770 706 810 λεπταί.
726 768 875 822 Ἔτεραι
895 770 924 807 δ’
938 769 1005 808 ὑπὸ
1024 768 1063 807 τὸ
1087 767 1198 821 δέρμα
1222 766 1282 806 καὶ
1304 767 1361 805 διὰ

317 833 378 878 τῆς
399 830 524 883 σαρκὸς
543 829 708 868 τείνουσιν
731 830 777 871 εἷς
796 827 873 872 τοὺς
900 827 1059 880 νεφρούς,
1078 827 1138 866 καὶ
1152 827 1359 865 τελευτῶσιν

317 890 364 933 εἷς
377 888 454 933 τοὺς
470 888 585 940 ὄρχεις
610 890 680 931 τοῖς
710 886 869 939 ἀνδράσι,
898 886 974 929 ταῖς
993 886 1028 924 δὲ
1060 884 1211 937 γυναιξὶν
1232 887 1279 928 εἰς
1299 883 1361 928 τὰς

318 946 475 1000 ὑστέρας.
507 948 554 985 Αἱ
574 945 609 984 δὲ
629 945 751 998 φλέόες
768 946 803 983 αἱ
827 943 890 995 μὲν
913 946 1051 996 πρῶται
1079 944 1119 982 ἐκ
1145 946 1207 991 τῆς
1227 943 1360 987 κοιλίας

317 1057 535 1098 frequentibus
570 1055 666 1088 ramis
685 1056 717 1087 in
747 1055 902 1096 reliquam
919 1063 1050 1087 manum
1080 1063 1118 1087 ac
1137 1054 1263 1095 digitos.
1284 1054 1362 1086 Aliae

315 1117 423 1149 autem
443 1115 604 1148 tenuiores
619 1123 639 1147 a
662 1114 775 1156 primis
792 1114 881 1147 venis
893 1113 1030 1147 tendunt
1042 1122 1061 1146 a
1082 1113 1195 1147 dextra
1212 1114 1244 1146 in
1259 1113 1362 1153 Jecur,

317 1184 335 1206 a
358 1174 438 1207 loeva
458 1173 488 1207 in
507 1173 622 1207 lienem
640 1182 680 1206 at:
695 1182 798 1207 renes.
842 1175 923 1212 Quae
939 1182 1016 1206 vero
1033 1172 1073 1205 ad
1090 1182 1184 1205 crura
1203 1172 1363 1214 pertinent

317 1232 482 1265 finduntur
497 1231 537 1264 ad
555 1232 803 1265 commissuram
813 1240 850 1265 ac
872 1241 928 1273 per
943 1233 1048 1265 totum
1067 1232 1171 1265 femur
1192 1231 1362 1265 intendun-

320 1294 383 1323 tur.
406 1291 552 1328 Quarum
572 1281 713 1322 maxima
740 1298 822 1332 pone
848 1290 952 1323 femur
976 1291 1148 1332 porrigitur
1163 1290 1364 1332 crassiorque

317 1351 462 1391 apparet,
482 1348 584 1382 altera
615 1348 723 1390 paullo
744 1349 851 1382 minus
875 1358 982 1382 crassa
1001 1350 1033 1382 in
1058 1349 1210 1383 interiore
1234 1349 1364 1382 semoris

318 1409 408 1448 parte
433 1409 549 1440 exstat.
592 1407 716 1440 Deinde
741 1408 1011 1449 quemadmodum
1034 1409 1098 1442 inae
1120 1409 1155 1441 in
1174 1418 1301 1450 manus,
1318 1410 1365 1442 sic

319 1466 371 1498 lm
393 1467 613 1507 praeterveotoe
639 1475 720 1507 genu
748 1467 780 1499 in
798 1467 891 1500 tibias
914 1469 1011 1509 atque
1028 1468 1059 1500 in
1077 1468 1172 1509 pedes
1189 1471 1223 1501 et
1238 1468 1313 1501 inde
1331 1468 1365 1500 in

319 1524 461 1565 plantam
478 1523 689 1566 descendunt,
705 1527 867 1566 postremo
877 1526 909 1558 in
919 1525 1036 1567 digitos
1050 1526 1239 1568 pervadunt.
1254 1527 1365 1560 Multoe

317 1591 395 1616 vero
410 1582 481 1615 aliae
497 1591 611 1624 eaeque
623 1584 735 1616 tenues
750 1593 841 1616 venae
857 1584 898 1617 ab
913 1585 974 1618 illis
993 1585 1025 1617 in
1045 1587 1189 1619 ventrem
1209 1590 1242 1619 et
1260 1588 1365 1619 costas

317 1641 517 1674 scinduntur.
542 1644 623 1680 Quoe
638 1645 745 1675 autem
761 1644 857 1684 caput
874 1652 929 1685 per
941 1645 1092 1686 jugulum
1111 1647 1240 1686 petunt,
1264 1655 1364 1688 appa·

319 1703 389 1733 rent
407 1699 439 1732 in
456 1698 538 1732 eollo
555 1708 697 1741 magnae,
711 1704 743 1733 et
753 1701 794 1733 ab
809 1711 919 1735 earum
939 1706 1087 1745 utraque,
1107 1713 1171 1746 qua
1190 1706 1365 1738 terminan-

318 1760 384 1798 tur,
401 1757 512 1791 multae
527 1757 560 1790 in
582 1760 679 1799 caput
694 1759 884 1793 scinduntur
901 1763 933 1794 et
954 1761 1078 1795 dextrae
1095 1762 1129 1796 in
1151 1763 1313 1798 sinistram
1332 1768 1365 1798 et

319 1815 455 1848 sinistrae
469 1815 502 1848 in
519 1815 675 1849 dextram.
719 1818 945 1852 'terminantur
966 1829 1042 1854 vero
1062 1830 1162 1863 prope
1172 1831 1280 1857 aures.
1309 1825 1366 1856 Est

319 1876 352 1907 et
376 1874 475 1907 altera
493 1883 574 1907 vena
607 1884 703 1917 prope
733 1876 906 1919 majorem,
926 1879 980 1913 sed
1003 1881 1110 1922 paullo
1141 1891 1178 1915 ea
1207 1882 1313 1916 minor
1332 1883 1364 1916 in

320 1935 456 1975 utroque
481 1932 614 1966 cervicis
635 1933 746 1975 latere,
772 1935 804 1968 in
833 1946 931 1978 quam
963 1940 1110 1981 plurimae
1125 1949 1143 1974 e
1165 1942 1269 1982 capite
1292 1943 1363 1984 ipso

884 210 1127 251 DIOGENIS
1156 206 1535 249 APOLLONIATAE
1560 204 1902 245 FRAGMENTA.

1426 293 1606 348 εὐρύτεραί
1622 295 1723 344 εἰσιν,
1751 294 1875 333 ἔπειτα
1892 293 2100 347 λεπτότεραι
2125 294 2316 348 γίγνονται,
2344 293 2411 340 ἕως
2432 294 2476 335 ἃν

1427 353 1675 406 μεταὸάλωσιν
1695 355 1735 393 ἐκ
1760 356 1829 393 τῶν
1851 353 1971 400 δεξιῶν
2005 355 2054 399 εἰς
2080 353 2126 393 τὰ
2153 352 2319 407 ἀριστερὰ
2355 354 2416 394 καὶ
2435 356 2477 395 ἐκ

1423 413 1554 452 τούτων
1575 412 1621 456 εἷς
1631 411 1676 451 τὰ
1689 410 1796 457 δεξιὼ
1812 405 1917 452 αὗται
1935 412 1971 452 δὲ
1986 411 2255 466 σπερματίτιδες
2269 412 2475 455 καλοῦνται.

1424 471 1479 511 Τὸ
1503 471 1539 509 δὲ
1560 464 1651 521 αἷμα
1670 470 1710 510 τὸ
1731 468 1794 520 μὲν
1812 470 2017 525 παχύτατον
2037 470 2107 511 ὑπὸ
2125 473 2194 510 τῶν
2214 472 2356 524 σαρκῶν
2376 470 2478 525 ἐγγί-

1426 543 1556 583 γνεται·
1580 528 1800 582 ὖπερὸάλλον
1817 529 1853 569 δὲ
1874 531 1921 575 εἰς
1945 529 2024 575 τοὺς
2040 529 2165 575 τόπους
2188 529 2330 575 τούτους
2346 529 2476 571 λεπτὸν

1424 588 1486 629 καὶ
1502 587 1629 642 θερμὸν
1649 588 1711 627 καὶ
1729 589 1885 641 ἀφρῶδες
1897 588 2070 640 γίγνεται.

1478 646 1719 700 (Aristoteles
1752 646 1852 688 nist.
1883 647 2003 687 anim.
2034 647 2104 688 lib.
2135 647 2194 687 111
2216 661 2300 701 cap.
2333 662 2371 697 α,
2407 652 2429 694 l.
2464 661 2476 687 ε

1424 705 1591 758 Διογένης
1612 705 1649 744 δὲ
1668 708 1687 744 ὁ
1707 705 1988 754 Ἀπολλωνιάτης
2007 706 2090 747 τάδε
2109 706 2223 759 λέγει·
2249 709 2285 746 αἱ
2299 706 2335 746 δὲ
2351 705 2479 761 φλίὸες

1422 764 1502 805 κτλ.
1523 763 1653 810 Quum
1671 764 1822 803 nullum
1856 764 1998 804 ionicae
2019 764 2176 804 dialecti
2201 765 2411 816 vestigium
2433 765 2478 806 in

1423 823 1498 862 hoc
1530 823 1746 873 fragmento
1768 832 1986 875 appareret,
2017 823 2152 863 atticas
2171 837 2313 863 vocum
2334 825 2478 865 formas

1423 881 1473 921 ab
1493 882 1702 921 Aristotele
1717 883 1865 934 positas
1879 890 2030 921 mutare
2043 882 2182 935 nolui.)

1424 1053 1633 1086 conveniunt.
1677 1054 1853 1096 Atqnejlae
1866 1054 2013 1095 jugulum
2042 1054 2194 1087 subeunt.
2217 1055 2301 1088 Tum
2323 1054 2365 1088 ab
2385 1058 2478 1089 utra-

1424 1121 1487 1154 que
1502 1113 1564 1146 sub
1579 1113 1742 1155 scapulam
1756 1115 1854 1155 atque
1867 1113 1900 1146 in
1911 1122 2025 1147 manus
2034 1113 2185 1147 tendunt.
2202 1116 2366 1156 Appareut
2380 1114 2478 1149 etiam

1427 1180 1527 1214 propo
1546 1172 1699 1206 lienarem
1713 1173 1747 1206 et
1762 1172 1952 1222 ieoorarian)
1965 1173 2037 1206 aliae
2058 1173 2166 1215 paullo
2184 1173 2326 1206 minores
2338 1182 2420 1216 quas
2433 1173 2481 1208 in·

1426 1231 1618 1264 terscindere
1646 1231 1764 1273 solent,
1784 1241 1886 1274 quum
1903 1232 1983 1274 quid
2004 1232 2109 1266 morbi
2137 1232 2200 1265 sub
2222 1233 2298 1267 cute
2313 1234 2380 1274 esu
2397 1233 2479 1267 etin

1424 1290 1595 1324 ventriculi
1611 1291 2036 1332 aegrotationibuslienarem
2045 1293 2077 1325 et
2082 1291 2285 1332 jeeorariam.
2295 1291 2479 1332 Quinetiam

1425 1349 1497 1383 aliae
1509 1350 1550 1383 ab
1574 1350 1674 1384 bisin
1702 1359 1862 1384 mammas
1888 1352 2048 1393 vergunt,
2077 1351 2150 1384 aliae
2169 1359 2282 1394 eaeque
2309 1353 2423 1385 tenues
2437 1350 2480 1384 ab

1425 1411 1564 1451 utraque
1576 1419 1634 1452 per
1665 1410 1824 1452 spinalem
1845 1410 2020 1444 medullam
2054 1411 2089 1444 in
2116 1411 2283 1445 testiculos
2305 1410 2479 1454 pertinent.

1424 1467 1505 1500 Aliae
1521 1468 1583 1501 sub
1597 1470 1672 1502 cute
1691 1478 1747 1511 per
1768 1477 1899 1503 carnem
1917 1469 1952 1502 in
1970 1479 2062 1503 renes
2078 1471 2298 1512 porriguntur,
2311 1479 2388 1512 quoe
2402 1469 2480 1504 viris

1425 1526 1457 1560 in
1472 1527 1653 1569 testiculos,
1669 1528 1861 1561 mulieribus
1872 1529 1906 1561 in
1922 1531 2053 1562 uterum
2077 1529 2239 1563 desinunt.
2285 1531 2371 1569 Quae
2386 1538 2481 1563 vena

1427 1585 1540 1626 primae
1558 1595 1578 1618 a
1606 1586 1788 1619 ventriculo
1814 1587 1995 1629 prodeunt,
2018 1588 2146 1621 latiores
2170 1587 2376 1630 sungdeiude
2397 1589 2482 1622 atte-

1425 1648 1581 1686 nuantur,
1599 1644 1704 1678 donec
1723 1648 1928 1679 commutent
1942 1646 2065 1687 sedem,
2083 1650 2121 1680 ut
2138 1656 2157 1680 a
2180 1646 2297 1680 dextra
2318 1646 2482 1681 sinistror-

1425 1713 1497 1736 sum
1523 1703 1734 1746 indidemque
1764 1705 1805 1737 ad
1830 1705 1976 1738 dextram
2011 1708 2207 1739 transeant:
2231 1706 2285 1740 hoe
2309 1705 2484 1740 seminales

1425 1763 1638 1804 appellantur.
1663 1765 1706 1797 Et
1721 1764 1940 1798 crassissimus
1958 1764 2088 1807 quidem
2107 1765 2239 1808 sanguis
2251 1765 2313 1799 sul)
2333 1773 2430 1799 earne
2447 1765 2482 1799 in

1425 1823 1518 1854 venis
1537 1822 1677 1863 gignitur
1705 1831 1714 1854 ι
1736 1823 1768 1855 in
1794 1823 1854 1856 lios
1874 1832 1952 1857 vero
1980 1823 2070 1857 locos
2087 1826 2305 1866 transgressus
2321 1823 2428 1858 tenuis
2446 1822 2482 1856 m

1425 1882 1459 1914 et
1476 1881 1599 1914 calidus
1618 1885 1650 1914 et
1668 1890 1851 1923 spumosuS.
2008 1874 2012 1879 ’
