2612 3814
290 299 365 334 ⁴72

283 390 411 428 γηται·
436 375 477 414 τὸ
509 374 546 414 δὲ
586 374 644 426 μὴ
677 377 783 426 δρᾶν
813 373 952 419 πέλας
983 375 1120 423 ὄντα,
1147 375 1188 414 τὸ
1211 374 1262 426 μὴ
1290 373 1332 413 δι’

285 437 409 474 ἑαυτοῦ
435 436 674 474 ἀνακινεῖσθαι
699 433 787 486 πρὸς
806 433 938 487 εὕρεσιν
955 437 1027 473 τῶν
1053 436 1172 473 καλῶν
1184 449 1192 458 ·
1213 434 1273 473 καὶ
1292 432 1333 472 τὸ

284 493 344 545 μὴ
374 494 580 543 ἀκούειν,
609 494 650 534 τὸ
673 501 750 538 ταῖς
768 496 851 543 παρ’
871 493 988 532 ἄλλων
1020 493 1262 537 διδασκαλίαις
1283 492 1333 544 μὴ

285 552 439 601 ὑπήκοον
457 553 627 605 γίνεσθαι.
685 555 803 599 Διπλῆ
824 553 892 605 γὰρ
919 555 941 599 ἡ
957 555 1020 599 τῆς
1036 552 1234 602 ἐπιστήμης
1252 551 1335 591 ἀνά-

284 614 409 667 ληψις·
428 612 452 661 ἢ
473 612 530 652 διὰ
551 612 734 663 μαθήσεως
749 641 759 659 ,
781 613 827 655 ὡς
845 612 888 650 δι’
906 612 1035 658 ἀκοῆς·
1055 610 1077 658 ἢ
1097 611 1139 649 δι’
1152 610 1332 663 εὑρέσεως,

282 674 328 723 ὡς
348 673 391 711 δι’
413 672 580 726 ὁράσεως.
640 670 838 722 Αὐθαίρε
853 685 903 708 τα
923 664 982 708 οὖν
999 669 1190 720 πήματα
1209 668 1334 722 ἔχειν

282 731 445 783 λέγονται
462 733 493 770 οἱ
511 731 601 781 μήτε
618 730 803 781 μανθάνειν
820 730 904 780 παρ’
921 729 1037 767 ἄλλων
1056 729 1145 779 μήτε
1163 730 1334 781 εὑρίσκειν

285 791 328 829 δι’
350 793 483 829 ἑαυτῶν
502 791 674 832 ἐθέλοντες
688 819 698 835 ,
717 790 762 831 ὡς
782 791 844 835 τῆς
864 787 1122 834 συναισθήσεως
1141 790 1210 825 τῶν
1241 792 1333 840 ἀγα-

281 850 349 890 θῶν
371 851 615 901 ἀμοιροῦντες,
637 849 696 886 καὶ
717 846 773 884 διὰ
793 851 894 885 τοῦτο
913 847 1029 893 πάντη
1052 848 1206 899 ἀχρεῖοι.
1266 847 1334 892 *ος

281 907 348 962 γὰρ
368 907 410 947 ἂν
431 907 513 959 μήτ’
535 907 638 950 αὐτὸς
658 905 760 958 νοέῃ,
781 905 864 956 μήτ’
881 906 987 944 ἄλλου
1004 904 1164 957 λέγοντος
1185 908 1219 944 ἐν
1235 909 1334 960 θυμῷ

282 969 480 1020 βάλληται,
500 968 627 1009 ἐκεῖνος
646 966 675 1003 δ’
695 959 771 1003 αὖτ’
790 965 934 1017 ἀχρήϊος
956 965 1059 1018 ἀνήρ.
1118 967 1164 1004 Οἱ
1185 966 1220 1003 δὲ
1237 967 1334 1019 παρὰ

279 1030 346 1066 τῶν
379 1026 495 1064 ἄλλων
517 1025 702 1076 μανθάνειν
723 1040 758 1062 τε
779 1025 840 1062 καὶ
867 1023 1036 1076 εὑρίσκειν
1058 1024 1156 1076 ἔργον
1185 1040 1334 1073 πεποιη·

278 1087 395 1137 μένοι,
414 1079 508 1124 οῦτοί
538 1087 624 1123 εἷο-ιν
649 1086 680 1122 οἱ
711 1086 780 1122 τῶν
803 1086 951 1122 κακῶν
971 1084 1045 1131 τὴν
1075 1083 1212 1122 λύσιν
1239 1101 1334 1123 συν·

279 1146 398 1184 ιε’ντε
412 1161 426 1189 ς
439 1174 449 1191 ,
480 1144 540 1182 καὶ
562 1146 654 1196 φυγῇ
673 1145 743 1181 τῶν
764 1143 849 1194 τῇδε
865 1143 980 1181 πόνων
1001 1145 1046 1186 εἷς
1077 1143 1136 1181 τὸν
1156 1144 1332 1197 ἐλεύθερον

278 1204 400 1256 αἰθέρα
422 1202 711 1255 μετοικιζόμενοι.
770 1200 949 1252 Ὀλίγοι
971 1202 1007 1239 δέ
1023 1203 1109 1240 εἰσιν
1127 1204 1157 1240 οἱ
1174 1207 1332 1242 τοιοῦτοι.

276 1265 322 1303 Οἱ
341 1263 409 1315 γὰρ
437 1263 595 1300 πλεῖστοι
622 1259 745 1308 κακοί,
770 1260 830 1298 καὶ
858 1263 920 1307 τῆς
951 1263 1076 1308 θνητῆς
1096 1263 1334 1313 προσπαθείας

277 1323 422 1370 ἥττους,
456 1320 515 1358 καὶ
549 1318 799 1373 φρενοὸλαὸεῒς
836 1318 901 1358 ὑπὸ
933 1321 996 1366 τῆς
1017 1321 1066 1363 εἷς
1085 1321 1151 1369 γῆν
1184 1320 1331 1365 νεύσεως

275 1380 474 1433 γενόμενοι·
493 1382 539 1423 ὡς
556 1378 732 1417 καὶτοῦτο
751 1380 837 1430 παρ’
850 1381 984 1417 ἑαυτῶν
1003 1378 1052 1418 τὸ
1071 1394 1093 1417 κ
1105 1379 1210 1417 ακὸν
1228 1379 1333 1431 ἔχειν,

277 1436 336 1475 διὰ
355 1437 395 1477 τὸ
430 1439 644 1490 βουληθῆναι
672 1442 792 1491 φυγεῖν
816 1437 886 1478 ἀπὸ
909 1441 1007 1485 θεοῦ,
1036 1437 1096 1476 καὶ
1118 1438 1334 1490 ἀπομερίσαι

275 1496 399 1540 αὖτοὺς
427 1500 490 1544 τῆς
507 1497 631 1536 τούτου
655 1496 794 1546 ὁμιλίας
810 1528 822 1545 ,
845 1492 886 1544 ἧς
907 1496 1073 1548 εὐτύχουν
1099 1498 1134 1536 ἐν
1155 1499 1245 1549 αὐγῇ
1267 1514 1334 1536 κα-

275 1559 367 1609 θαρᾷ
400 1555 590 1606 διάγοντες.
648 1557 719 1594 Τὸν
758 1554 826 1608 γὰρ
877 1555 948 1594 ἀπὸ
983 1559 1059 1594 θεοῦ
1097 1556 1277 1608 χωρισμὸν
1311 1558 1332 1602 ἡ

273 1671 428 1720 quando
447 1683 560 1716 vero,
577 1684 695 1719 quum
715 1671 804 1707 hinc
821 1672 930 1707 citius
947 1680 1101 1720 possent
1115 1672 1327 1717 discedere,

271 1731 342 1779 ipsi
362 1742 402 1767 se
418 1718 635 1767 immodicis
654 1730 854 1767 affectibus
871 1731 1079 1779 implicant.
1097 1733 1181 1768 Hoc
1202 1740 1328 1768 autem

271 1796 328 1826 est
348 1789 465 1834 illud,
487 1790 604 1834 bona,
625 1802 736 1838 quum
766 1792 805 1824 in
833 1792 1042 1838 propinquo
1066 1794 1162 1834 sint,
1182 1803 1250 1826 nec
1266 1794 1329 1826 υί-

270 1849 360 1885 dere
393 1861 513 1897 neque
540 1849 697 1894 audire,
727 1854 770 1883 ut
797 1848 900 1884 bona
929 1849 1003 1884 hoc
1035 1849 1121 1885 loco
1153 1849 1330 1886 dicantur

269 1908 389 1944 virtus
408 1914 446 1945 et
460 1909 597 1944 veritas
610 1937 621 1955 ‚
641 1919 716 1944 non
736 1908 865 1943 videre
881 1899 1006 1943 autem
1019 1934 1029 1952 ,
1052 1921 1163 1956 quum
1182 1912 1221 1944 in
1239 1922 1327 1957 pro-

266 1971 407 2018 pinquo
435 1972 526 2016 sint,
544 1969 591 2004 sit
612 1980 690 2003 non
712 1979 783 2016 per
802 1979 841 2003 se
859 1968 1010 2003 incitari
1029 1967 1077 2003 ad
1101 1968 1202 2004 bona
1223 1969 1327 2004 inve-

270 2028 457 2078 stiganda,
471 2028 635 2076 denique
651 2039 725 2063 non
738 2028 879 2071 audire,
903 2027 1063 2063 aliorum
1079 2027 1233 2063 monitis
1248 2040 1326 2063 non

270 2088 496 2125 auscultare.
517 2088 668 2136 Duplex
685 2087 786 2124 enim
803 2093 858 2123 est
872 2087 1037 2123 scientiae
1058 2086 1325 2135 comparandae

268 2149 353 2194 via3
375 2153 441 2184 aut
456 2159 528 2197 per
547 2146 809 2195 disciplinam,
828 2152 1009 2194 tanquam
1027 2157 1098 2194 per
1128 2145 1297 2181 auditum
1312 2158 1323 2191 ;

270 2214 337 2244 aut
351 2219 423 2256 per
435 2206 709 2251 inventionem,
723 2212 906 2253 tanquam
921 2217 992 2253 per
1010 2205 1145 2241 visum.
1181 2203 1241 2241 Illi
1256 2205 1325 2254 igi·

270 2272 333 2302 tur
345 2266 459 2302 malis
474 2266 570 2301 ultro
585 2267 770 2300 arcessitis
785 2264 892 2299 obrui
905 2262 1098 2310 dicuntur,
1118 2263 1184 2311 qui
1200 2275 1325 2311 neque

269 2325 318 2362 ab
338 2325 420 2361 aliis
446 2324 616 2370 discere,
638 2335 764 2373 neque
797 2334 870 2371 per
888 2334 928 2359 se
962 2322 1135 2358 invenire
1167 2322 1322 2369 volunt,

269 2385 414 2434 quippe
434 2385 501 2432 qui
516 2382 840 2420 bonorum'sensu
857 2387 1008 2418 careant
1028 2380 1196 2430 ideoque
1208 2393 1322 2431 pror-

268 2455 329 2479 sus
360 2443 510 2479 inutiles
538 2441 627 2480 sint.
649 2443 744 2478 Nam
764 2441 831 2490 qui
858 2453 929 2477 nec
962 2453 1033 2491 per
1060 2452 1098 2477 se
1117 2442 1234 2490 sapit,
1252 2454 1323 2479 nec

269 2500 378 2537 alteri
395 2502 566 2537 monenti
589 2501 739 2546 obedit,
762 2501 793 2537 is
814 2512 906 2537 vero
933 2500 1052 2536 homo
1083 2500 1228 2538 inutilis
1250 2509 1319 2538 est.

269 2559 343 2606 Qui
375 2566 500 2595 autem
533 2559 574 2594 id
610 2567 787 2608 egerunt,
819 2567 864 2595 ut
895 2560 1057 2596 aliorum
1083 2561 1227 2598 auxilio
1253 2563 1321 2599 ali-

272 2617 368 2666 quid
396 2617 585 2654 discerent
616 2625 732 2667 atque
758 2619 995 2665 invenirent,
1026 2619 1054 2654 ii
1086 2626 1174 2655 sunt
1202 2621 1270 2669 qui
1300 2633 1321 2657 c

272 2676 386 2711 malis
414 2688 454 2711 se
485 2677 665 2725 expedite
691 2681 833 2723 sciunt,
862 2685 899 2714 et
928 2678 1128 2727 laborum,
1154 2679 1221 2727 qui
1254 2679 1318 2716 hic

269 2741 379 2780 sunt,
426 2735 516 2783 fuga
547 2736 587 2770 in
631 2736 793 2772 liberum
838 2737 1014 2773 aetherem
1052 2737 1319 2788 commigrant.

269 2794 345 2832 Sed
374 2795 489 2843 pauci
518 2802 604 2830 sunt
632 2794 834 2842 ejusmodi.
859 2795 1039 2845 Plerique
1067 2797 1168 2833 enim
1193 2810 1323 2835 omnes

268 2860 356 2890 sunt
376 2854 465 2889 mali
491 2860 529 2890 et
557 2852 824 2892 affectionibus
847 2856 1075 2893 mortalibus
1097 2856 1259 2893 obnoxii
1280 2865 1319 2894 et

268 2925 336 2949 sua
364 2913 405 2948 in
431 2919 570 2948 terram
598 2913 843 2951 inclinatione
862 2915 1047 2952 vecordes
1068 2915 1180 2962 facti,
1200 2917 1254 2952 ita
1278 2922 1322 2952 ut

269 2970 344 3008 hoc
359 2973 475 3008 etiam
491 2972 635 3008 malum
654 2984 700 3008 ex
711 2984 751 3008 se
769 2973 859 3022 ipsis
876 2974 1157 3021 nanciscantur,
1175 2975 1282 3023 quod
1300 2988 1321 3012 a

268 3032 351 3068 Deo
370 3030 497 3080 fugere
515 3031 650 3067 volunt
664 3043 779 3079 seque
798 3031 846 3068 ab
867 3031 946 3079 ejus
965 3034 1241 3071 consuetudine
1256 3047 1322 3072 se-

263 3090 442 3140 jungere,
481 3102 556 3138 qua
590 3090 752 3126 feliciter
788 3089 1025 3138 fruebantur,
1061 3093 1245 3141 quamdiu
1281 3095 1322 3130 in

269 3161 364 3198 pura
393 3149 479 3185 luce
511 3148 713 3198 degebant.
748 3148 1040 3198 Separationcm
1059 3152 1159 3187 enim
1188 3164 1210 3188 a
1237 3154 1321 3190 Deo

257 3207 390 3255 satum
419 3208 536 3256 illud,
556 3208 663 3256 quod
691 3216 831 3244 mentes
863 3209 988 3254 loedit,
1023 3210 1086 3246 hic
1117 3210 1318 3260 significat.

267 3268 371 3304 Fieri
391 3268 493 3304 enim
521 3279 600 3303 non
619 3274 770 3316 potest,
788 3274 832 3304 ut
850 3268 910 3304 vel
939 3281 1019 3303 non
1051 3268 1231 3317 desipiat,
1254 3272 1320 3318 qui

267 3328 350 3363 Deo
371 3326 572 3363 destitutus
584 3327 646 3371 sit,
662 3327 722 3362 vel
741 3328 822 3363 Deo
842 3339 920 3362 non
940 3328 987 3363 sit
1006 3327 1226 3372 destitutus,
1254 3331 1320 3378 qui

267 3386 308 3421 in
335 3386 539 3434 amentiam
567 3385 757 3424 inciderit.
781 3387 846 3421 Est
865 3386 965 3422 enim
994 3399 1142 3422 necesse
1167 3395 1204 3423 et
1231 3388 1318 3424 insi·

267 3445 433 3493 pientem
464 3447 546 3482 Deo
573 3457 703 3481 carere
718 3472 728 3491 ,
751 3452 788 3481 et
807 3447 889 3481 Deo
917 3454 1109 3482 carentem
1130 3446 1315 3495 desipere.

268 3503 429 3552 Utrique
446 3511 571 3540 autem
584 3531 593 3549 ‚
613 3511 656 3540 ut
675 3504 740 3552 qui
763 3504 811 3540 a'd
828 3504 1019 3540 bonorum
1034 3504 1198 3540 studium
1218 3506 1319 3541 exci-

1356 1674 1365 1708 -

946 283 950 287 ⁶
1002 291 1278 333 fflERocus
1311 291 1729 333 COMMENTARIUS

1398 374 1667 426 βλάπτουσα
1694 372 1776 419 τὰς
1796 374 1963 429 φρένας
1980 382 2120 428 μοῖρα
2140 377 2200 414 νῦν
2221 377 2336 423 δηλοῖ.
2392 377 2447 417 Οὗ

1395 432 1462 485 γάρ
1482 434 1574 471 ἐστιν
1589 431 1672 483 ἢμὴ
1689 433 1907 480 ἀνοηταίνειν
1922 433 1982 472 τὸν
1995 438 2055 473 τοῦ
2070 437 2148 472 θεοῦ
2161 433 2346 486 γενόμενον
2363 434 2446 488 ἔρη·

1397 507 1485 541 μον,
1511 490 1603 543 ἢμὴ
1630 490 1761 545 ἔρημον
1793 484 1882 530 εἶναι
1907 496 2008 539 θεοῦ,
2040 493 2100 532 τὸν
2128 494 2175 537 εἷς
2195 493 2313 532 ἄνοιαν
2342 494 2448 534 lxm-

1396 549 1515 589 σόντα.
1570 549 1643 590 Τὸν
1663 547 1731 602 γὰρ
1767 550 1916 598 ἀνόητον
1944 551 2082 602 ἀνάγκη
2114 552 2175 591 καὶ
2209 551 2309 591 ἄθεον
2335 545 2424 593 εἶναι
2436 583 2447 602 ,

1396 608 1457 649 καὶ
1484 609 1543 648 τὸν
1566 610 1666 649 ἄθεον
1692 609 1853 658 ἀνόητον.
1911 610 2118 665 Ἀμφότεροι
2135 610 2192 660 δέ,
2217 613 2264 655 ὡς
2286 609 2337 661 μὴ
2363 611 2449 664 πρὸς

1396 668 1456 707 τὸν
1476 668 1592 722 ἔρωτα
1616 670 1685 707 τῶν
1706 669 1827 707 καλῶν
1854 669 2103 723 ἔγηγερμένοι,
2126 670 2344 723 ἀπείρονα
2368 669 2449 718 πή-

1399 727 1497 778 ματ’
1521 727 1728 780 ἔχουσιν,
1762 721 1832 766 οἶον
1863 727 2100 783 κύλινδροι
2121 730 2196 773 ταῖς
2229 729 2450 782 καταγώγοις

1396 786 1562 839 πράξεσιν
1590 787 1751 826 ἄλλοτε
1784 787 1917 826 ἄλλοι
1932 804 1947 831 ς
1978 794 2139 833 κακοῖς
2170 790 2447 842 συμφερόμενοι,

1396 847 1455 884 καὶ
1479 846 1528 898 μὴ
1544 846 1681 898 ἔχοντες
1696 845 1729 894 ὅ,
1751 862 1785 884 τι
1798 846 1992 898 χρήσονται
2013 849 2169 896 ἑαυτοῖς,
2187 848 2243 887 διὰ
2260 848 2300 887 τὸ
2318 847 2451 892 πάσαις

1396 912 1472 949 ταῖς
1490 905 1614 957 τύχαις
1647 905 1866 950 ἀπαιδεύτως
1886 906 2165 959 προσφέρεσθαι·
2196 910 2255 944 νῦν
2279 907 2341 956 μὲν
2370 906 2450 952 ἰξυ-

1398 963 1574 1016 6ρίζοντες
1593 965 1629 1002 ἐν
1648 963 1811 1016 πλούτῳ,
1839 967 1898 1003 νῦν
1920 963 1955 1003 δὲ
1976 966 2012 1003 ἐν
2035 965 2140 1018 πενίᾳ
2159 969 2451 1018 κακουργοῦντες,

1397 1023 1456 1062 καὶ
1477 1023 1561 1075 πρὸς
1581 1022 1748 1075 λῃστείαν
1770 1022 1833 1073 μὲν
1851 1023 1918 1062 ὑπὸ
1939 1023 2061 1077 ῥώμης
2078 1020 2240 1075 σώματος
2261 1024 2450 1078 ἐκφερόμε-

1396 1098 1447 1122 νοι
1460 1111 1471 1128 ,
1492 1082 1578 1135 πρὸς
1597 1082 1633 1121 δὲ
1656 1082 1888 1135 βλασφημίαν
1909 1082 1975 1121 ὑπὸ
1996 1082 2178 1128 ἀσθενείας
2205 1083 2267 1122 καὶ
2294 1086 2452 1134 νοσημά-

1396 1157 1464 1179 των
1477 1156 1486 1165 ·
1501 1141 1564 1188 τήν
1584 1156 1621 1179 τε
1640 1142 1807 1179 ἀπαιδίαν
1822 1141 2025 1195 ὀδυρόμενοι
2035 1172 2046 1193 ,
2060 1142 2122 1181 καὶ
2136 1141 2199 1189 τὴν
2215 1143 2450 1183 πολυπαιδίαν

1397 1199 1556 1253 ἀφορμὴν
1591 1199 1756 1251 πολέμων
1795 1200 1855 1238 καὶ
1904 1201 2192 1254 αἰσχροκερδείας
2209 1239 2217 1246 ,
2230 1201 2448 1253 ποιούμενοι.

1399 1261 1470 1299 Καὶ
1490 1261 1611 1304 ἁπλῶς
1631 1261 1760 1308 εἰπεῖν,
1789 1261 1852 1298 οὐκ
1871 1259 1947 1299 ἔστι
1964 1276 1998 1298 τι
2017 1263 2088 1300 τῶν
2109 1262 2145 1300 ἐν
2165 1262 2215 1315 τῷ
2240 1261 2306 1314 βίῳ
2319 1291 2330 1310 ,
2359 1261 2378 1301 ὃ
2399 1261 2449 1313 μὴ

1395 1319 1481 1371 πρὸς
1500 1318 1660 1372 ἀφορμὴν
1681 1322 1792 1357 κακοῦ
1813 1318 1884 1363 τοῖς
1904 1319 2062 1367 ἀνοήτοις
2088 1319 2239 1370 γίνεται,
2269 1320 2450 1372 πανταχό·

1398 1381 1452 1416 θεν
1476 1378 1820 1431 στενοχωρουμένοις
1850 1377 1919 1417 ὑπὸ
1938 1380 2000 1425 τ’ῆς
2020 1379 2129 1417 αὖθα
2143 1378 2287 1431 ιρέτου
2303 1379 2448 1427 κακίας,

1395 1437 1455 1475 καὶ
1475 1441 1535 1475 τοῦ
1552 1437 1601 1487 μὴ
1635 1435 1866 1476 ἀναὸλέπε
1880 1452 1918 1475 ιν
1938 1437 2024 1490 πρὸς
2058 1436 2098 1476 τὸ
2133 1441 2222 1476 θεῖον
2251 1439 2344 1491 φῶς,
2366 1439 2451 1489 μηδ’

1397 1498 1450 1535 ἐπ
1462 1495 1531 1534 αΐε
1543 1512 1578 1533 ιν
1599 1496 1725 1535 ἐθέλειν
1743 1498 1811 1533 τῶν
1831 1496 1938 1540 ὄντως
1955 1498 2092 1547 ἀγαθῶν
2107 1512 2115 1521 ·
2137 1496 2229 1535 ἀλλὰ
2256 1498 2450 1536 καταδεδυ·

1396 1555 1501 1599 κότας
1529 1557 1575 1599 εἰς
1594 1555 1658 1601 τὴν
1685 1555 1814 1601 θνητὴν
1832 1555 2074 1607 προσπάθειαν
2098 1557 2144 1599 ὥς
2164 1558 2198 1594 ἐν
2218 1556 2368 1594 κλύδωνι
2399 1559 2449 1608 τῷ

1397 1672 1463 1708 tati
1477 1684 1557 1707 non
1564 1672 1653 1718 sint,
1667 1671 1817 1719 infinita
1827 1673 1931 1707 mala
1939 1675 2151 1720 patiuntur,
2171 1670 2324 1722 flagitiis
2339 1671 2445 1709 deor-

1394 1743 1477 1767 sum
1488 1731 1725 1779 rapientibus
1734 1738 1915 1779 tanquam
1927 1731 2104 1779 cylindri,
2116 1732 2217 1767 alias
2229 1733 2319 1768 aliis
2335 1733 2448 1772 malis

1392 1793 1591 1841 implicati,
1606 1799 1643 1828 et
1657 1793 1791 1829 incerti
1806 1792 1902 1840 quid
1917 1800 2045 1841 agant,
2057 1793 2146 1841 quia
2156 1793 2195 1828 in
2205 1795 2308 1829 omni
2323 1794 2443 1830 fortu-

1391 1863 1442 1887 na
1461 1852 1635 1901 imperite
1651 1863 1691 1888 se
1706 1858 1865 1901 gerunt3
1881 1863 1983 1888 nunc
2002 1850 2144 1888 divitiis
2160 1852 2438 1899 insolescentes,

1391 1924 1493 1948 nunc
1502 1918 1665 1960 propter
1678 1917 1944 1960 paupertatem
1956 1908 2134 1959 malefici,
2146 1916 2260 1958 atque
2271 1911 2320 1947 ad
2334 1911 2452 1951 latro·

1391 1971 1489 2007 cinia
1501 1971 1677 2020 corporis
1689 1969 1846 2020 viribus,
1859 1969 1909 2006 ad
1922 1969 2124 2006 maledicta
2135 1976 2261 2006 autem
2277 1970 2446 2007 imbecil-

1390 2029 1494 2065 litate
1504 2034 1541 2066 et
1548 2026 1695 2065 morbis
1701 2028 1775 2064 inci
1782 2029 1846 2064 tati
1855 2042 1866 2074 ;
1880 2028 2083 2065 orbitatem
2091 2028 2344 2078 deplorantes,
2354 2030 2445 2068 libe·

1390 2100 1523 2124 rorum
1533 2095 1655 2124 autem
1664 2087 1949 2124 multitudinem
1958 2087 2150 2124 bellorum
2160 2094 2198 2124 et
2208 2089 2329 2138 turpis
2347 2089 2444 2127 lucri

1388 2153 1613 2195 praetextum
1629 2146 1821 2184 facientes.
1840 2148 1964 2194 Atque
1982 2153 2026 2182 ut
2043 2146 2164 2183 verbo
2183 2146 2324 2194 dicam,
2346 2149 2443 2185 nihil

1389 2212 1445 2241 est
1462 2206 1503 2241 in
1524 2206 1603 2241 vita
1623 2205 1728 2254 quod
1748 2218 1826 2242 non
1846 2205 2059 2242 amentibus
2086 2206 2177 2242 mali
2204 2207 2442 2244 occasionem

1388 2265 1577 2313 praebeat,
1602 2265 1668 2313 qui
1689 2271 1883 2314 anguntur
1902 2264 2074 2313 undique
2089 2265 2189 2301 vitiis
2207 2266 2304 2302 ultm
2317 2279 2432 2304 arces-

1386 2326 1467 2358 sitis
1482 2334 1606 2371 eoque
1623 2322 1729 2371 quod
1747 2334 1872 2372 neque
1888 2323 2015 2359 lucem
2034 2321 2203 2360 divinam
2219 2323 2361 2362 intueri
2377 2338 2443 2363 vo-

1387 2380 1491 2427 lunt,
1512 2393 1638 2430 neque
1664 2394 1705 2419 ea
1728 2381 1862 2419 audire
1881 2394 1965 2431 quae
1988 2393 2079 2418 vere
2106 2381 2209 2419 bona
2239 2390 2350 2431 sunt;
2375 2385 2443 2423 sed

1387 2440 1615 2478 mortalibus
1624 2440 1891 2478 affectionibus
1907 2442 2075 2478 immersi
2086 2441 2129 2478 in
2140 2442 2220 2479 vita
2229 2469 2241 2488 ,
2260 2449 2442 2493 tanquam

1386 2500 1427 2535 in
1444 2499 1635 2549 procella,
1651 2500 1857 2550 agitantur.
1876 2502 1927 2538 At
1943 2500 2085 2537 horum
2099 2513 2177 2538 una
2192 2500 2372 2540 liberatio
2385 2511 2443 2542 est

1386 2559 1585 2596 conversio
1617 2559 1669 2597 ad
1700 2562 1844 2608 Deum,
1876 2572 1991 2609 quam
2023 2561 2080 2596 illi
2110 2560 2337 2608 inveniunt,
2370 2563 2440 2612 qui

1384 2618 1501 2654 animi
1521 2619 1675 2655 oculum
1694 2626 1810 2668 atque
1829 2631 1961 2656 aurem
1980 2618 2030 2656 ad
2047 2619 2244 2656 bonorum
2271 2631 2440 2670 recupe-

1383 2677 1573 2714 rationem
1604 2678 1756 2728 erigunt
1797 2677 1942 2727 quique
1979 2678 2083 2715 malo
2118 2677 2228 2727 quod
2262 2686 2441 2717 naturam

1383 2742 1553 2772 nostram
1573 2737 1779 2774 comitatur
1809 2736 1988 2774 facultate
2009 2749 2158 2774 sursum
2183 2735 2342 2775 tollente
2357 2751 2441 2776 me-

1385 2794 1538 2832 dentur.
1556 2796 1623 2832 Est
1640 2808 1730 2833 vero
1745 2795 1859 2832 nobis
1875 2798 2024 2832 insitum
2038 2796 2203 2833 simulet
2219 2797 2439 2834 arcessitum

1384 2856 1524 2891 malum
1548 2855 1662 2892 liberi
1683 2855 1832 2892 arbitrii
1845 2862 1971 2892 motus
1985 2863 2124 2904 praeter
2141 2863 2317 2892 naturam
2329 2883 2340 2904 ‚
2359 2868 2438 2905 quo

1383 2915 1602 2951 contendere
1618 2922 1656 2951 et
1671 2913 1810 2951 divinis
1835 2914 1984 2963 legibus
2002 2926 2218 2963 repugnare
2237 2926 2438 2962 conamur,

1382 2973 1542 3011 minime
1568 2974 1792 3022 sentientes,
1815 2980 2000 3023 quantum
2028 2985 2100 3009 nos
2130 2974 2235 3021 ipsos
2256 2972 2439 3018 laedamus

1384 3046 1430 3070 eo
1461 3034 1544 3083 ipso
1570 3033 1679 3083 quod
1711 3033 1907 3070 adversari
1934 3034 2018 3069 Deo
2046 3031 2244 3079 videmur3
2270 3032 2338 3069 sed
2361 3033 2455 3070 hoc¹

1385 3100 1533 3129 tantum
1559 3094 1738 3129 occaecati
1776 3090 2140 3138 animadvertentes,
2168 3092 2337 3140 potuisse
2366 3103 2437 3129 nos

1383 3153 1481 3202 leges
1500 3152 1580 3200 ejus
1599 3151 1811 3200 aspernari.
1829 3151 1916 3187 Hoc
1932 3150 2066 3198 utique
2086 3157 2142 3186 est
2160 3149 2271 3188 liberi
2288 3151 2434 3189 arbitrii

1383 3212 1499 3247 nimia
1516 3218 1554 3247 et
1569 3209 1778 3246 immodica
1792 3209 1947 3246 licentia
1963 3209 2018 3243 uti
2031 3235 2041 3253 ‚
2066 3207 2171 3256 quod
2191 3220 2213 3244 a
2234 3210 2316 3245 Deo
2337 3221 2434 3246 receb

1384 3269 1474 3305 dere
1491 3277 1529 3306 et
1543 3281 1695 3317 gravem
1717 3271 1986 3305 contentionem
2007 3266 2185 3303 adversus
2204 3280 2291 3303 eum
2319 3269 2429 3304 susci-

1382 3340 1474 3376 pere
1505 3328 1685 3366 audemus
1697 3354 1709 3374 ,
1739 3339 1818 3376 qua
1848 3339 1935 3363 cum
1958 3339 2004 3362 eo
2026 3327 2216 3374 litigamus
2245 3326 2433 3375 quodam-

1383 3387 1500 3423 modo
1520 3388 1772 3436 nitimurque,
1791 3387 1822 3421 si
1841 3385 1903 3422 ille
1921 3385 2045 3434 dicat,
2066 3387 2151 3421 Hoc
2168 3398 2216 3421 ne
2235 3386 2371 3434 facias,
2393 3387 2433 3422 id

1383 3447 1503 3495 ipsum
1518 3447 1682 3483 maxime
1703 3446 1848 3490 facere,
1867 3451 1905 3482 et
1925 3445 1956 3480 si
1977 3448 2107 3480 rurs‘us
2127 3445 2247 3490 dicat,
2271 3445 2353 3483 Hoc
2373 3444 2432 3480 fa-

1383 3507 1479 3554 cito,
1503 3506 1541 3542 id
1562 3507 1685 3555 ipsum
1704 3517 1781 3541 non
1801 3504 1924 3541 facere
1937 3532 1946 3550 ,
1967 3511 2010 3540 ut
2030 3505 2083 3540 illi
2105 3505 2296 3553 utrimque
2318 3505 2430 3540 mise-
