2612 3814
955 252 1052 291 LIB.
1084 252 1152 291 DE
1179 251 1427 310 UNIVEoSI
1456 253 1687 294 NATURA.
2316 267 2387 299 397

238 328 379 370 Ἰοότων
408 331 444 371 δὲ
463 332 638 383 γνωστικὴ
666 332 726 372 καὶ
754 332 892 385 κριτικὴ
914 333 1055 372 πάντων
1076 333 1162 387 ἁφή.
1222 333 1284 374 Διὸ

240 393 298 431 καὶ
316 392 354 431 rb
366 394 502 445 πρῶτον
525 395 648 443 σῶμα,
662 392 698 430 ἐν
714 384 743 444 ῳ
759 394 793 430 αἱ
816 392 978 445 διαφοραὶ
998 395 1103 430 αὗται
1123 391 1280 442 δυνάμει,

238 451 400 500 αἰσθητόν
415 453 488 491 ἔστι
508 451 591 503 πρὸς
605 450 709 504 ἅφην.
767 452 789 501 §
809 459 844 491 8.
864 453 913 489 Τὸ
930 451 992 503 μὲν
1008 455 1066 490 οὖν
1086 451 1210 503 θερμὸν
1223 450 1283 488 καὶ

236 512 276 551 τὸ
295 510 408 564 ξηρόν,
431 510 491 550 καὶ
517 510 554 549 τὸ
574 510 695 563 ἀραιὸν
715 510 775 549 καὶ
804 509 844 548 rb
860 510 938 558 ὀξύ,
954 510 1060 563 πυρός
1080 511 1165 548 ἔστι·
1186 509 1226 548 τὸ
1247 509 1283 548 δὲ

236 570 369 622 ψυχρὸν
396 568 454 607 καὶ
475 568 514 606 τὸ
541 566 664 621 ὑγρόν,
696 569 756 607 καὶ
776 567 816 607 rb
837 568 967 608 πυκνὸν
996 569 1057 606 καὶ
1081 567 1119 606 τὸ
1139 566 1280 616 duffio,

236 626 358 672 ὕδατος
371 639 380 649 ·
401 627 440 666 τὸ
463 626 497 665 δὲ
514 626 673 678 μαλακὸν
694 627 754 666 καὶ
774 627 814 666 τὸ
833 628 924 666 λεῖον
939 627 999 667 καὶ
1018 627 1057 666 τὸ
1074 631 1201 681 κοῦφον
1222 627 1282 667 καὶ

235 686 274 725 τὸ
293 685 437 730 λεπτόν,
461 685 572 738 ἀέρος·
589 686 630 726 rb
656 685 692 725 δὲ
718 686 868 740 σκληρὸν
891 687 950 725 καὶ
969 685 1082 740 τραχὺ
1112 686 1171 725 καὶ
1193 686 1282 739 βαρὺ

233 744 293 782 καὶ
313 744 422 796 παχύ,
444 761 522 797 γης.
540 746 610 796 §9.
625 746 709 784 Τῶν
729 746 765 784 δὲ
786 745 963 799 τεσσάρων
985 749 1054 798 πῦρ
1076 744 1138 795 μὲν
1157 745 1217 784 καὶ
1236 760 1281 794 γη

233 802 424 854 ὓπερὸολαὶ
444 802 505 841 καὶ
526 802 716 855 ἀκρότητες
730 806 799 843 τῶν
818 803 991 842 ἐναντίων.
1064 803 1116 842 Τὸ
1139 802 1202 854 μὲν
1223 797 1282 843 ουν

233 863 301 914 πῦρ
327 863 420 900 ἐστιν
442 862 616 913 ὓπερὸολὴ
636 862 847 916 θερμότητος
860 893 870 913 ,
889 862 1010 914 ὥσπερ
1030 864 1048 900 6
1068 860 1282 913 κρύσταλλος

231 920 460 972 ψυχρότητος.
518 921 564 960 Η
596 920 662 975 γὰρ
697 921 799 969 π’ἥξίς
825 937 864 959 τε
887 920 949 960 καὶ
983 919 1072 966 ζέσις
1102 919 1280 971 ὓπερὸολή

232 978 320 1023 τινός
337 981 446 1027 ἔστιν,
470 982 490 1025 ἡ
509 980 571 1030 μὲν
593 979 860 1033 θερμότητος,’
843 996 865 1026 η
887 979 922 1018 δὲ
943 978 1174 1032 ψυχρότητος.
1235 980 1280 1017 Εἰ

232 1036 295 1085 μὲν
316 1031 374 1077 οὖν
395 1041 413 1076 6
430 1038 646 1091 κρύσταλλός
676 1040 750 1077 ἐστι
766 1037 907 1085 πηξις(
894 1041 999 1090 υγροῦ
1030 1035 1091 1075 καὶ
1121 1037 1278 1089 ψυχροῦ,

230 1111 289 1133 και
311 1096 350 1134 τὸ
366 1100 435 1149 πῦρ
463 1096 562 1135 ἔσται
581 1098 617 1142 ζέ
620 1112 671 1140 σις
692 1096 796 1149 ξηροῦ
827 1095 887 1135 καὶ
915 1097 1059 1148 θερμοῦ.
1137 1093 1270 1146 Διόπερ

231 1155 306 1192 οὐδε
294 1153 326 1192 ν
345 1157 384 1194 ἐκ
401 1156 618 1195 κρυστάλλου
637 1159 769 1208 γίνεται
789 1154 866 1194 οὖδὲ
882 1155 921 1192 ἐκ
936 1153 1056 1206 πυρός.
1101 1154 1123 1203 §
1143 1160 1202 1192 10.
1223 1154 1274 1191 Τὸ

231 1211 293 1264 μὲν
314 1206 372 1252 ουν
391 1216 460 1266 πῦρ
477 1218 537 1251 καὶ
554 1216 575 1259 ἧ
595 1229 640 1265 νη
659 1213 767 1266 ἄκρα,
790 1213 828 1251 τὸ
849 1212 886 1252 δὲ
906 1212 996 1264 ὕδωρ
1016 1227 1076 1250 και
1096 1212 1151 1249 6
1133 1213 1200 1263 αὴρ
1219 1226 1261 1260 με
1263 1232 1280 1239 -

231 1271 384 1321 σότητες.
471 1270 612 1318 Μικτὴν
645 1272 713 1323 γὰρ
745 1271 867 1324 ἔχουσι
905 1269 967 1318 τὴν
1002 1266 1278 1322 σωματοποιΐαν.

230 1330 323 1370 Οὔτε
344 1330 379 1369 δὲ
399 1330 434 1369 ἓν
455 1346 524 1368 των
540 1329 655 1383 ἄκρων
672 1324 742 1369 οἶόν
763 1345 798 1368 τε
815 1324 919 1377 εἶναι,
935 1330 985 1368 δεῖ
999 1328 1106 1367 δὲκαὶ
1123 1327 1161 1366 rb
1180 1329 1277 1366 ἐναν-

227 1405 260 1427 τι
252 1393 298 1428 ὀν
320 1383 426 1428 εἶναι·
445 1387 523 1427 οὔτε
545 1388 612 1426 δὲ
595 1388 668 1439 060,
686 1389 738 1427 δεῖ
754 1388 876 1442 γὰρτὸ
891 1386 1020 1440 μεταξυ
1042 1381 1145 1426 εἶναι.
1166 1386 1275 1426 Ἀντί·

229 1451 265 1486 θε
251 1462 319 1485 ετοι
336 1448 404 1499 γὰρ
425 1450 500 1490 ταῖς
531 1447 718 1499 ἀκρότησιν
751 1449 787 1485 αἱ
821 1447 1022 1500 μεσότητες.
1082 1448 1104 1497 §
1142 1453 1204 1485 11.
1226 1444 1279 1485 Tb

228 1506 292 1557 μὲν
321 1501 379 1545 οῧν
393 1510 467 1579 πῦρ
494 1506 618 1558 Οερμὸν
651 1506 711 1545 καὶ
732 1506 852 1579 ξηρόν,
877 1509 895 1545 6
914 1507 949 1545 δὲ
982 1505 1049 1558 ἀὴρ
1069 1503 1194 1556 θερμὸς
1219 1503 1280 1542 καὶ

228 1563 351 1636 ὑγρός,
371 1564 410 1603 τὸ
430 1564 465 1603 δὲ
489 1564 581 1618 ὕδωρ
606 1563 714 1625 ὑγρὸν
727 1564 788 1603 καὶ
815 1564 970 1618 ψυχρόν,
991 1566 1014 1610 ἡ
1037 1562 1072 1601 δὲ
1090 1579 1136 1614 γη
1155 1561 1277 1615 ψυχρὰ

229 1623 287 1661 καὶ
308 1622 409 1676 ξηρά.
470 1622 561 1676 Ἀερι
590 1621 652 1673 μὲν
675 1626 733 1661 οὖν
754 1623 814 1662 καὶ
835 1623 918 1676 πυρὶ
934 1621 1046 1661 κοινὸν
1067 1620 1107 1659 rb
1136 1619 1276 1673 θερμόν·

228 1679 329 1720 ύδατι
350 1680 386 1719 δὲ
419 1697 481 1720 και
510 1684 554 1732 γῇ
588 1680 701 1720 κοινὸν
728 1682 768 1719 rb
799 1681 948 1734 ψυχρόν·
971 1684 1015 1734 γῇ
1046 1679 1163 1718 δὲκαὶ
1195 1695 1277 1733 πυρι

227 1740 338 1778 κοινὸν
370 1740 410 1779 τὸ
441 1739 554 1793 ξηρόψ
587 1739 688 1778 ὕδατι
709 1740 745 1779 δὲ
779 1740 838 1778 καὶ
857 1739 933 1793 ἀέρι
961 1739 1072 1778 κοινὸν
1098 1738 1139 1778 rb
1158 1739 1276 1792 ὑγρόν.

227 1795 318 1837 Ἴδια
335 1798 371 1836 δὲ
392 1798 540 1836 ἑκάστου
555 1828 565 1848 ,
598 1798 703 1852 πυρὸς
724 1798 787 1849 μὲν
809 1798 847 1837 τὸ
867 1797 1005 1851 θερμόν,
1022 1801 1085 1850 γῆς
1103 1797 1138 1835 δὲ
1156 1796 1194 1835 τὸ
1218 1796 1276 1845 ξη·

230 1856 299 1911 ρόν,
317 1854 415 1911 ἀέρος
434 1856 470 1896 δὲ
489 1856 527 1896 τὸ
548 1857 666 1910 ὑγρόν,
687 1855 810 1903 ὕδατος
831 1856 867 1897 δὲ
883 1857 922 1896 τὸ
936 1855 1083 1911 ψυχρόν.
1174 1855 1277 1895 Κατὰ

228 1915 291 1966 μὲν
330 1911 388 1955 οὖν
426 1915 470 1954 τὰ
498 1917 594 1955 κοινὰ
628 1913 850 1968 διαμένουσιν
881 1918 926 1955 αἶ’
955 1916 1088 1964 οὐσίαι,
1108 1913 1202 1967 κατᾲ
1239 1914 1275 1952 δὲ

228 1974 270 2012 τὰ
302 1974 372 2013 ἴδια
404 1975 708 2026 μεταὸάλλουσιν,.
728 1975 785 2014 ὅτε
819 1974 859 2014 τὸ
892 1974 1044 2014 ἐναντίον
1077 1977 1138 2012 τοῦ
1176 1973 1276 2011 ἐναν-

228 2033 301 2072 τίου
333 2034 605 2086 κατακρατῆσει·
630 2035 669 2073 τὸ
703 2034 766 2087 μὲν
786 2027 843 2074 οῧν
863 2036 897 2073 ἐν
918 2036 968 2087 τῷ
987 2033 1060 2087 ἀέρι
1083 2032 1184 2085 ὑγρὸν
1217 2035 1276 2070 τοῦ

227 2093 261 2129 ἐν
292 2093 342 2144 τῷ
371 2093 454 2144 πυρὶ
485 2091 613 2145 ξηροῦ,
655 2092 695 2132 τὸ
727 2094 757 2131 δ’
796 2094 829 2132 ἐν
850 2095 900 2146 τῷ
938 2093 1038 2132 ὕδατι
1058 2092 1192 2145 ψυχρὸν
1215 2094 1275 2129 τοῦ

230 2151 264 2188 ἐν
293 2153 343 2204 τῷ
375 2150 452 2203 ἀέρι
486 2155 637 2204 θερμοῦ,
664 2151 703 2190 rb
733 2151 769 2190 δὲ
803 2154 836 2190 ἐν
857 2156 899 2205 τῇ
934 2155 978 2205 γῇ
1012 2151 1113 2203 ξηρὸν
1152 2154 1211 2189 τοῦ
1244 2150 1278 2188 ἐν

1345 335 1510 375 cognoscit
1538 337 1570 368 et
1591 336 1724 377 judicat.
1769 339 1817 369 Ex
1849 346 1913 378 quo
1931 347 2007 371 sane
2027 339 2065 372 fit
2090 341 2126 372 ut
2149 341 2291 382 primum
2317 351 2388 375 cor-

1344 408 1422 440 pus,
1442 400 1474 431 in
1492 409 1556 441 quo
1570 400 1620 432 liae
1634 401 1900 442 differentiaejam
1919 412 1974 444 per
1998 412 2032 436 se
2054 404 2179 445 insunt,
2196 406 2387 439 contrectari

1343 463 1454 505 possit.
1498 463 1517 505 §
1538 466 1569 496 8.
1586 465 1634 496 Ac
1652 464 1740 496 calor
1759 465 1889 506 quidem
1908 467 1940 498 et
1959 466 2105 508 siccitas,
2122 468 2237 500 raritas
2256 471 2288 502 et
2308 479 2390 502 acu-

1343 539 1416 563 men
1436 531 1571 571 propriae
1588 531 1687 572 ipsius
1713 531 1793 572 ignis
1807 532 1880 563 sunt
1899 532 2066 565 facultates
2089 542 2098 565 :
2126 542 2219 574 aquae
2242 543 2317 567 vero
2337 536 2390 568 fri-

1342 603 1419 636 gus,
1443 594 1572 635 humor,
1590 594 1732 627 densitas
1749 597 1781 627 et
1797 594 1958 627 hebetatio
1982 608 1990 628 :
2014 595 2099 628 aeris
2116 596 2288 629 mollitudo
2303 623 2313 638 ‚
2335 599 2388 632 loe-

1343 668 1413 700 vor,
1434 659 1547 692 levitas
1566 662 1599 692 et
1620 660 1760 692 tenuitas
1777 668 1786 688 t
1806 660 1902 692 terrae
1922 662 2030 692 autem
2050 659 2184 701 duritia,
2208 662 2365 701 asperitas
2378 687 2388 703 ,

1342 725 1483 765 gravitas
1513 727 1544 756 et
1571 724 1753 756 crassitudo
1780 724 1912 757 tributae
1939 726 2026 756 sunt.
2070 723 2090 766 §
2117 728 2149 757 9.
2170 727 2217 757 Ex
2245 727 2390 767 quatuor

1342 788 1530 830 corporibus
1561 788 1643 830 ignis
1665 790 1696 821 et
1728 789 1814 821 terra
1833 788 1936 821 ultimi
1957 789 2033 821 sunt
2064 789 2097 821 et
2122 789 2257 821 extremi
2278 799 2386 823 rerum

1343 854 1577 886 contrariarum
1591 855 1740 894 termini,
1761 858 1858 896 atque
1882 859 1917 888 ut
1934 856 2016 896 ignis
2041 856 2170 896 quidem
2186 858 2321 897 caloris,
2344 859 2390 890 sic

1341 916 1457 956 glacies
1484 915 1607 956 frigoris
1626 917 1715 957 quasi
1743 916 1906 958 fastigium
1932 919 1990 950 est.
2034 919 2115 949 Nam
2145 919 2324 958 congelatio
2355 923 2387 952 et

1342 978 1439 1010 aestus
1463 977 1509 1010 rei
1536 977 1671 1019 alicujus
1687 978 1910 1019 exsuperantia
1931 979 1998 1019 est,
2017 972 2115 1011 altera
2135 979 2250 1012 caloris
2262 1004 2272 1020 ‚
2288 980 2388 1014 altera

1343 1038 1477 1079 frigoris.
1534 1038 1655 1076 Quodsi
1672 1039 1787 1080 glacies
1805 1039 1949 1072 humoris
1968 1042 2000 1072 et
2021 1040 2143 1081 frigoris
2157 1040 2319 1074 concretio
2336 1041 2387 1082 ju-

1343 1098 1482 1139 dicatur,
1507 1099 1587 1140 ignis
1603 1100 1722 1140 pariter
1737 1099 1890 1132 siccitatis
1902 1102 1933 1132 et
1948 1099 2063 1132 caloris
2084 1100 2187 1132 fervor
2205 1099 2277 1132 erit.
2295 1102 2388 1138 Qua-

1342 1162 1472 1201 propter
1486 1170 1589 1201 neque
1608 1170 1650 1193 ex
1671 1161 1770 1202 glacie
1789 1170 1894 1203 neque
1906 1162 2032 1202 exigue
2046 1162 2219 1203 quicquam
2238 1161 2388 1202 gignitur.

1340 1220 1358 1262 §
1380 1225 1429 1254 10.
1459 1222 1544 1262 Ignis
1565 1230 1642 1255 sane
1656 1224 1689 1255 et
1706 1222 1791 1254 terra
1810 1224 1952 1255 extrema
1974 1223 2048 1254 sunt
2064 1222 2241 1262 elementa,
2259 1230 2342 1263 aqua
2358 1223 2391 1254 et

1341 1291 1394 1315 aer
1415 1283 1518 1315 media
1530 1308 1539 1323 ‚
1557 1284 1675 1325 quippe
1695 1292 1769 1324 quae
1788 1284 1924 1316 mixtam
1941 1283 2078 1316 habeant
2090 1283 2139 1315 sui
2155 1283 2298 1324 corporis
2313 1293 2388 1316 con-

1341 1345 1580 1378 formationem.
1637 1347 1702 1378 Nec
1721 1354 1797 1378 vero
1811 1346 1847 1378 ut
1861 1354 1963 1377 unum
1979 1346 2105 1377 tantum
2130 1342 2170 1374 sit
2186 1346 2367 1376 extremum
2381 1368 2391 1383 ,

1341 1405 1407 1438 fieri
1429 1406 1643 1447 potest‚cum
1658 1406 1687 1439 ei
1709 1406 1894 1448 oppositum
1918 1405 2037 1448 aliquid
2061 1414 2130 1439 esse
2149 1407 2308 1448 oporteat.
2336 1407 2387 1439 Si-

1343 1468 1461 1501 militer
1474 1477 1578 1510 neque
1593 1468 1658 1500 duo
1668 1469 1811 1501 extrema
1823 1468 1891 1501 sola
1902 1470 2030 1501 exstare
2042 1469 2193 1509 possunt,
2206 1477 2308 1510 quum
2323 1477 2390 1500 me-

1342 1530 1394 1562 dia
1411 1530 1508 1563 etiam
1530 1539 1600 1562 esse
1626 1530 1785 1572 debeant,
1802 1539 1876 1572 quae
1892 1531 2045 1563 extremis
2056 1533 2269 1572 opponantur.
2293 1529 2312 1571 §
2340 1532 2388 1561 ιι.

1341 1594 1446 1633 Atque
1462 1592 1547 1633 ignis
1566 1592 1698 1633 quidem
1720 1592 1841 1625 calidus
1869 1594 1902 1625 et
1918 1593 2022 1626 siccus
2048 1595 2120 1633 est,
2139 1602 2193 1625 aer
2214 1592 2337 1625 calidus
2357 1593 2390 1621 et

1339 1653 1510 1693 humidus,
1530 1662 1615 1695 aqua
1638 1654 1770 1686 humida
1789 1655 1821 1687 et
1844 1654 1976 1695 frigida,
2000 1656 2083 1687 terra
2109 1655 2220 1695 frigida
2239 1658 2271 1687 et
2290 1655 2387 1689 sicca.

1338 1717 1400 1747 Aer
1420 1715 1515 1756 igitur
1533 1717 1564 1747 et
1582 1714 1664 1756 ignis
1678 1716 1838 1756 calorem,
1856 1715 1954 1756 frigus
1976 1724 2062 1757 aqua
2077 1717 2109 1749 et
2128 1718 2236 1759 terra,
2252 1720 2337 1752 terra
2355 1723 2389 1756 et

1339 1777 1419 1819 ignis
1438 1777 1631 1818 siccitatem,
1664 1778 1834 1810 humorem
1865 1787 1950 1820 aqua
1973 1781 2004 1811 et
2022 1787 2076 1811 aer
2098 1788 2304 1814 communem
2326 1783 2385 1815 ha·

1339 1840 1417 1873 bent
1433 1847 1447 1872 :⁴
1459 1842 1606 1883 quamvis
1619 1841 1794 1883 unicuique
1809 1841 1948 1883 propriae
1962 1842 2143 1884 facultates,
2156 1845 2192 1876 ut
2206 1844 2270 1885 igni
2290 1846 2389 1886 calor,

1345 1912 1437 1941 terrae
1459 1905 1606 1943 siccitas,
1621 1904 1739 1936 humor
1752 1903 1835 1945 aeri,
1853 1903 1886 1936 et
1908 1903 2008 1945 frigus
2028 1912 2143 1946 aquae,
2163 1905 2294 1939 tributae
2311 1907 2387 1940 sint.

1340 1972 1413 2003 Jam
1443 1976 1519 2001 vero
1541 1974 1614 2008 quae
1641 1964 1824 1998 eommunia
1849 1966 1928 1998 sunt
1959 1965 2010 1997 his
2034 1966 2159 1998 naturis
2191 1969 2392 2008 permanent,

1341 2041 1417 2073 quae
1436 2030 1561 2072 propria
1585 2017 1840 2068 commutantur,
1864 2027 1994 2070 quando
2010 2028 2171 2061 contraria
2198 2029 2248 2062 vis
2267 2032 2391 2062 contra-

1341 2095 1421 2127 riam
1442 2093 1585 2134 superat.
1648 2093 1754 2130 Quare
1769 2098 1844 2122 cum
1859 2089 1940 2122 aeris
1952 2090 2070 2122 humor
2085 2090 2169 2131 ignis
2188 2090 2366 2140 siccitatem
2377 2114 2386 2130 ‚

1342 2165 1435 2198 aquae
1452 2155 1550 2196 frigus
1566 2153 1706 2186 calorem
1724 2152 1806 2185 aeris
1821 2177 1828 2193 ,
1843 2152 1939 2185 terrae
1962 2151 2088 2184 siccitas
2109 2159 2203 2192 aquae
2222 2151 2392 2183 humorem

269 2315 361 2348 αὗται
377 2316 503 2357 δυνάμει
523 2316 684 2360 αἰσθητόν]
702 2317 754 2350 Sic
771 2326 883 2349 omnes
899 2317 993 2349 codd.
1013 2319 1111 2355 Parr.,
1127 2318 1281 2357 praeterea

229 2364 315 2396 Vatt.
336 2364 368 2396 et
387 2364 510 2403 Barth.;
532 2364 587 2396 sed
606 2365 688 2405 Nog.
708 2365 834 2397 comm.
854 2365 923 2398 Gal.
944 2366 1040 2405 Darg.
1059 2365 1146 2396 Batt.
1170 2363 1280 2400 αἱσθη·

227 2409 312 2442 τικόν
330 2409 407 2442 ἐστι.

269 2457 289 2498 §
312 2459 342 2489 8.
366 2457 467 2489 καὶτὸ
482 2457 551 2498 ὕγρ.
569 2476 606 2483 -
619 2457 733 2499 ᾰμὸλὺ]
751 2457 846 2490 codd.
862 2460 964 2496 Parr.;
986 2457 1041 2490 sed
1059 2457 1192 2490 Vizzan.
1219 2456 1281 2488 alio

228 2502 339 2534 ordine
355 2503 391 2534 rb
404 2503 496 2543 ὑγρὸν
512 2503 564 2534 καὶ
576 2503 612 2534 τὸ
631 2503 733 2542 ἀμὸλὺ
746 2504 799 2535 καὶ
818 2504 853 2535 τὸ
872 2502 1000 2535 πυκνόν.

269 2549 305 2580 τὸ
324 2549 356 2580 δὲ
371 2548 524 2590 μαλακὸν]
539 2549 816 2581 Conformavimus
831 2550 935 2582 locum
950 2549 990 2581 ad
1004 2548 1097 2581 codd.
1114 2551 1216 2588 Parr.;
1230 2549 1282 2581 ed.

229 2597 346 2628 Lovan.
361 2605 370 2628 :
386 2609 403 2624 «
419 2597 455 2628 τὸ
467 2597 499 2628 δὲ
513 2597 606 2639 ὑγρὸν
625 2608 678 2629 και
693 2597 729 2629 τὸ
745 2598 854 2639 θερμὸν
867 2598 921 2629 καὶ
939 2597 974 2629 τὸ
992 2597 1132 2638 μαλακὸν
1154 2597 1208 2628 καὶ
1227 2609 1243 2624 »2
1264 2606 1282 2629 e

230 2645 323 2675 Varr.
340 2644 438 2675 Lectt.
458 2643 615 2676 Commel.
634 2646 666 2675 et
684 2643 817 2676 Vizzan.

268 2690 321 2721 καὶ
334 2691 432 2732 τραχὺ
444 2702 475 2722 κ.
494 2691 526 2732 β.
542 2702 572 2722 κ.
588 2690 675 2732 παχὺ
690 2690 758 2733 γῆς]
779 2691 831 2723 Sic
848 2690 942 2723 codd.
961 2691 1065 2731 Parr.;
1082 2689 1213 2722 Vizzan.
1228 2690 1281 2722 καὶ

228 2737 313 2778 παχὺ
333 2738 385 2769 καὶ
407 2738 485 2779 βαρὺ
504 2738 556 2769 καὶ
572 2738 669 2780 τραχὺ
684 2741 756 2779 γῆς.

269 2784 288 2825 §
311 2787 341 2816 9.
366 2788 405 2823 γῆ
422 2784 602 2826 ὑπερὸολαὶ]
622 2785 774 2817 Vizzanio
796 2786 878 2817 teste
900 2784 994 2817 codd.
1013 2786 1087 2817 Vat.
1115 2787 1148 2818 et
1171 2785 1279 2817 Barth.

228 2832 276 2871 (B.
295 2831 463 2872 legendum
483 2841 538 2872 pro
557 2832 610 2873 D.)
635 2837 693 2874 γῆν
710 2834 899 2875 ὑπερὸολὰς;
918 2832 1013 2865 codd.
1029 2834 1120 2865 Parr.
1137 2834 1281 2865 nomina·

228 2879 330 2910 tivum
349 2878 486 2911 liabent:

248 2928 288 2964 ’ἡ
304 2927 363 2969 γὰρ
382 2927 468 2965 πῆξις
480 2927 735 2969 -ψυχρὸτητος]
750 2928 830 2960 Cod.
848 2929 917 2959 Par.
934 2931 971 2959 A.
990 2937 998 2958 ε
1014 2929 1034 2966 ἡ
1056 2927 1114 2969 γὰρ
1139 2927 1224 2966 πῆξίς
1249 2939 1282 2959 τε

228 2974 281 3005 καὶ
292 2974 371 3010 ζέσις
380 2974 531 3015 ὒπερὸολὴ
539 2977 619 3011 τινός
633 2975 711 3007 ἐστι·
723 2977 742 3014 ἡ
752 2975 816 3016 μὲν,
828 2974 1024 3016 θερμότητος,
1038 2976 1057 3013 ἡ
1070 2975 1114 3013 δὲ,
1129 2974 1282 3016 ψυχρότη-

228 3030 291 3057 τος.
315 3020 368 3052 ἐὰν
381 3020 434 3052 οὖν
451 3022 467 3053 ὁ
486 3022 674 3063 κρύσταλλος
692 3033 724 3054 κ.
745 3033 774 3054 τ.
793 3023 822 3054 λ.
843 3030 860 3053 a
881 3031 945 3062 quo
965 3022 995 3053 in
1012 3030 1051 3053 eo
1073 3023 1199 3054 tantum
1219 3022 1280 3054 dif-

231 3066 290 3099 fert
299 3067 369 3100 cod.
389 3069 424 3100 B.
439 3068 522 3107 quod
542 3069 593 3100 hic
606 3072 637 3101 et
652 3069 746 3110 paulo
761 3068 892 3100 inferius
905 3069 1002 3101 habet
1018 3071 1102 3107 ζῆσις
1118 3070 1150 3100 et
1164 3069 1282 3108 ubique

231 3114 399 3155 κρύσταλος
418 3115 552 3156 simplici
583 3118 611 3147 λ.
642 3117 776 3148 Exstant
801 3116 872 3148 haec
897 3115 995 3148 verba
1014 3116 1109 3148 etiam
1129 3115 1160 3147 in
1186 3116 1280 3148 codd.

230 3158 319 3193 vait.
334 3163 367 3193 et
380 3162 502 3201 Barth„
515 3163 612 3203 atque
625 3163 655 3194 in
670 3163 743 3195 edd.
758 3164 847 3196 Vizz.
859 3164 944 3196 Batt.
959 3162 1058 3203 Rud.;
1076 3162 1195 3195 desunt
1209 3172 1283 3196 vero

232 3207 265 3239 in
289 3207 362 3240 edd.
391 3210 471 3248 Nog.
493 3210 650 3242 Commei.
677 3210 748 3243 Gal.
767 3211 862 3251 Darg.
883 3210 980 3242 Arist.
1003 3209 1043 3243 de
1063 3218 1133 3249 gen.
1153 3211 1184 3242 et
1201 3219 1281 3243 corr.

233 3255 282 3294 Π,
299 3258 334 3286 21
358 3255 465 3287 scribit
481 3257 501 3294 ἡ
521 3257 579 3298 γὰρ
599 3257 684 3295 πῆξις
698 3258 750 3290 καὶ
769 3260 788 3295 ἡ
812 3259 891 3295 ζέσις
915 3256 1082 3299 ὑπερὸολαί
1096 3257 1173 3294 τινές
1192 3258 1282 3290 εἰσιν.

233 3299 326 3389 Ἐξιν
329 3300 382 3333 οὗν
401 3303 523 3334 mutavi
540 3303 572 3334 in
591 3303 617 3335 εἰ
635 3305 691 3345 μὲν
711 3303 775 3337 οὖν.
792 3305 886 3337 Cous.
902 3314 975 3346 quae
996 3305 1137 3337 diximus
1155 3304 1194 3337 ad
1212 3313 1282 3346 cap.

236 3442 261 3473 g.
276 3395 346 3427 οᾶδὲ
370 3396 404 3428 ἐκ
431 3396 538 3439 πυρὸς]
555 3397 606 3430 Sic
627 3407 738 3433 omnes
754 3399 842 3442 edd;
872 3401 903 3432 in
921 3400 1016 3433 codd.
1035 3401 1124 3432 Parr.
1146 3401 1195 3433 est
1214 3401 1267 3432 οὔτ
1270 3411 1285 3432 ε

275 3453 309 3473 π.

277 3488 296 3531 §
321 3494 363 3522 lo.
385 3491 564 3535 μεσότητες]
577 3493 670 3527 codd.
688 3496 772 3528 Parr.
795 3497 828 3528 B.
847 3498 878 3529 et
894 3497 944 3536 C.;
964 3495 1095 3537 μεσότης
1113 3495 1184 3528 cod.
1203 3497 1240 3528 A.

1391 2311 1501 2353 μικτὴν
1517 2310 1575 2351 γὰρ
1589 2307 1711 2350 ἔχουσι]
1725 2308 1820 2340 codd.
1840 2310 1942 2347 Patr-3
1958 2308 1990 2339 at
2003 2306 2053 2339 ed.
2069 2308 2147 2339 Lov.
2167 2306 2263 2348 μικτά
2276 2309 2307 2339 ct
2318 2307 2391 2339 cod·

1343 2361 1418 2391 Vat.
1440 2357 1560 2390 omittit
1579 2357 1699 2397 ἔχουσι.

1385 2407 1416 2438 ἓν
1432 2410 1494 2437 τῶν
1515 2403 1631 2446 ἄκρων]
1655 2403 1749 2435 codd.
1777 2404 1865 2435 Parr.
1892 2405 1929 2435 A.
1959 2402 1990 2434 et
2013 2403 2062 2441 B.;
2086 2401 2161 2433 item
2185 2401 2359 2432 Vaticanus
2376 2411 2394 2434 a

1343 2453 1495 2485 Vizzanic
1526 2455 1558 2483 et
1587 2450 1811 2483 Siebenkeesio
1839 2457 2012 2488 excussus,
2039 2451 2136 2489 atque
2155 2448 2198 2480 ita
2227 2448 2394 2481 ediderunt

1346 2499 1535 2537 Vizzanius‚
1556 2497 1689 2537 Galens,
1709 2495 1900 2537 Dargensius
1926 2499 1957 2528 et
1980 2494 2161 2528 Battaesius.
2184 2494 2245 2526 Sed
2263 2495 2343 2535 Nog.
2362 2497 2395 2528 et

1343 2548 1468 2579 Comm.
1488 2545 1570 2577 male
1585 2545 1621 2576 ἐκ
1635 2547 1698 2576 τῶν
1712 2543 1826 2584 ἄκρων.

1385 2593 1454 2626 οὔτε
1470 2593 1503 2625 δὲ
1516 2593 1547 2624 ἓν
1560 2611 1601 2618 -
1616 2591 1752 2623 ἐναντίον
1774 2588 1865 2631 εἶναι]
1884 2589 2020 2622 Exstant
2036 2588 2106 2621 haec
2125 2589 2157 2621 in
2186 2589 2279 2622 codd.
2301 2591 2390 2623 vait.

1342 2645 1375 2674 et
1391 2644 1478 2673 Parr.
1496 2642 1534 2672 A.
1547 2643 1578 2671 et
1595 2640 1644 2679 B„
1664 2638 1718 2670 sed
1728 2638 1843 2671 desunt
1856 2638 1887 2669 in
1903 2639 1973 2669 Par.
1991 2638 2028 2669 G.
2044 2639 2140 2678 atque
2157 2637 2188 2668 in
2207 2637 2257 2669 ed.
2272 2638 2392 2669 Lovan.

1385 2690 1431 2721 δεῖ
1447 2688 1480 2720 δὲ
1496 2688 1531 2719 τὸ
1544 2687 1680 2719 ἐναντίον
1699 2685 1775 2718 εἶναι
1786 2695 1793 2702 ·
1809 2685 1879 2717 οὔτε
1898 2685 1931 2717 δὲ
1945 2684 2014 2726 δύο]
2034 2684 2261 2716 Desiderantur
2274 2684 2345 2717 llaec
2361 2687 2392 2717 in

1313 2744 1315 2750 ⁴
1343 2737 1414 2768 cod.
1429 2737 1519 2774 Vat„
1538 2738 1573 2766 ut
1590 2734 1685 2766 refert
1709 2733 1891 2764 Vizzanius.
1911 2732 2155 2765 Siebenkeesius
2172 2734 2277 2764 autem
2298 2742 2334 2764 ex
2355 2742 2393 2765 eo

1343 2791 1438 2824 quem
1455 2782 1519 2823 ipse
1539 2781 1692 2821 contulit,
1710 2781 1802 2813 affert
1818 2780 1863 2812 δεῖ
1879 2780 1910 2811 δὲ
1924 2780 2022 2812 καὶτὸ
2036 2778 2183 2819 ἐναντίον,
2199 2787 2271 2820 quae
2286 2782 2318 2811 et
2332 2782 2392 2812 Pa-

1341 2835 1480 2868 risiensis
1493 2838 1532 2866 A.
1548 2834 1713 2875 scriptura.
1727 2835 1787 2866 est.
1801 2833 1879 2866 Hinc
1889 2834 1941 2865 καὶ
1953 2842 2025 2865 cum
2039 2831 2209 2873 Rudolpho
2220 2832 2392 2865 verborum

1342 2883 1444 2915 ordini
1463 2881 1674 2914 inserendum.

1383 2931 1430 2962 δεῖ
1442 2928 1514 2971 γὰρ]
1530 2929 1623 2961 codd.
1643 2931 1747 2969 Parr.;
1764 2930 1822 2970 γὰρ
1837 2928 1926 2960 deest
1945 2927 1974 2958 in
1993 2926 2065 2958 cod.
2083 2928 2158 2958 vat.
2173 2926 2328 2958 Vizzanii.

1384 2975 1543 3019 ἀντίθετοι]
1566 2976 1661 3009 codd.
1678 2985 1807 3016 omnes;
1831 2975 1951 3008 inutilis
1979 2975 2187 3008 Rotermundi
2210 2976 2392 3015 conjectura

1343 3023 1553 3056 ἀντιτίθενται.

1384 3070 1403 3112 §
1429 3073 1477 3102 11.
1500 3074 1540 3112 γῇ
1559 3070 1592 3102 δὲ
1609 3070 1662 3102 καὶ
1682 3069 1754 3111 πυρὶ
1772 3087 1810 3092 -
1826 3069 1929 3100 κοινὸν
1942 3070 1977 3100 τὸ
1995 3068 2099 3110 ὑγρόν]
2116 3069 2164 3099 Ita
2181 3067 2275 3100 codd.
2299 3070 2390 3100 Parr-

1344 3121 1380 3150 Α.
1401 3121 1432 3150 et
1462 3119 1514 3158 C.;
1532 3118 1564 3150 in
1587 3117 1659 3150 cod.
1684 3119 1718 3150 Β.
1738 3117 1806 3149 haec
1832 3117 1941 3149 omnia
1961 3116 2193 3148 desiderantur.
2217 3115 2336 3148 Eadem
2361 3116 2392 3147 in

1343 3166 1438 3198 codd.
1459 3167 1549 3198 Vati.
1574 3166 1607 3198 et
1631 3165 1739 3198 Barth.
1758 3165 1875 3196 omissa
1895 3173 1963 3196 esse
1979 3165 2024 3196 ait
2049 3163 2231 3195 Vizzanius.
2261 3163 2392 3195 Sieben·

1343 3212 1469 3245 keesius
1487 3214 1581 3246 tacet.

1384 3262 1416 3292 αἱ
1431 3258 1534 3292 οὐσίαι
1549 3259 1663 3302 αὐτῶν]
1679 3260 1732 3292 Sic
1744 3259 1851 3300 codd.;
1862 3258 1964 3291 delevi
1975 3259 2089 3298 αὐτῶν,
2099 3257 2183 3299 quod
2195 3257 2284 3289 salvo
2297 3265 2392 3289 sensu

1343 3307 1455 3339 abesse
1470 3310 1583 3348 polest.

1384 3354 1419 3386 τὸ
1440 3354 1494 3395 μὲν
1514 3353 1567 3386 οὖν
1586 3354 1617 3386 ἐν
1634 3353 1691 3395 τῷ]
1707 3351 1779 3384 cod.
1797 3354 1866 3384 Par.
1885 3353 1934 3392 B.;
1948 3351 2018 3383 cod.
2038 3353 2076 3382 Α.
2095 3352 2125 3381 et
2139 3351 2176 3381 C.
2192 3349 2309 3380 omittit
2326 3360 2390 3381 cuv.

1344 3402 1392 3436 Ab
1421 3401 1470 3434 liis
1498 3401 1606 3434 verbis
1632 3409 1748 3433 novam
1782 3399 2012 3441 paragraphum
2043 3398 2208 3430 ordiuntur
2236 3395 2391 3428 Comniel.

1345 3449 1433 3481 Vizz.
1453 3449 1522 3480 Gal.
1540 3450 1623 3481 Batt.
1642 3450 1682 3480 At
1699 3447 1780 3480 bene
1796 3446 1990 3488 Dargensius
2004 3444 2144 3484 monuit,
2163 3444 2230 3475 hacc
2247 3451 2309 3475 non
2326 3451 2394 3475 esse

1346 3495 1533 3528 dirimenda.
