2612 3814
915 273 1203 313 CARMINUM
1231 272 1514 321 RELlQUIAE.
2218 279 2287 315 121

192 363 333 417 ὕστερον
352 361 376 411 ἢ
396 361 557 416 πρόσθεν;
572 362 673 416 φύσις
692 363 731 402 οὔ
751 361 820 416 γὰρ
842 362 931 402 ἐόντι
947 361 1008 401 καὶ
1026 361 1139 416 ἀρχή.

191 423 315 466 Οὕτως
333 421 356 471 ἢ
372 423 525 474 πάμπαν
547 422 699 474 πελέμεν
718 423 834 476 χρεών
852 424 946 461 ἐστιν
967 421 990 469 ἢ
1009 422 1099 462 οὐκί.

192 483 287 523 Οὖδέ
305 485 384 523 ποτ’
402 483 441 522 ἐκ
458 486 518 522 τοῦ
539 481 652 526 ἐόντος
671 483 796 536 ἐφήσει
811 482 953 526 πίστεος
974 481 1073 535 ἰσχὺς

189 541 371 595 γίγνεσθαί
389 558 424 582 τι
441 541 524 595 παρ’
545 542 642 582 αὐτό.
660 545 694 582 Τ
695 542 834 582 οὕνεκεν
850 541 929 581 οὔτε
943 545 1104 593 γενέσθαι

130 617 166 643 70
184 601 256 642 οὔτ’
277 602 444 642 ὄλλυσθαι
464 603 572 650 ἀνῆκε
593 601 694 650 δίκη,
714 602 908 654 χαλάσασα
928 600 1093 653 πέδῃσιν,

191 662 271 700 ἀλλ’
289 660 377 714 ἔχει.
396 660 444 700 Ἥ
461 660 497 699 δὲ
513 662 627 712 κρίσις
644 661 726 716 περὶ
745 661 878 700 τούτων
896 662 931 700 ἓν
948 660 1030 714 τῷδ’
1046 659 1153 699 ἐστίν·

189 718 285 759 ἔστιν
300 720 322 768 ἢ
338 722 401 760 οὖκ
412 719 519 761 ἔστιν.
534 720 706 774 Κέκριται
718 722 748 760 δ’
763 714 838 769 οὖν,
851 719 973 775 ὥσπερ
983 719 1136 771 ἀνάγκη,

192 778 256 828 τὴν
276 780 339 831 μὲν
357 782 417 834 ἐᾷν
434 779 596 829 ἀνόητον,
616 781 811 832 ἀνώνυμον,
831 781 886 835 (οὗ
906 779 974 832 γὰρ
996 778 1130 840 ἀλῃθής

191 842 286 878 ἐστιν
298 838 406 890 δδός,)
421 839 486 887 τὴν
499 839 528 879 δ’
539 838 629 878 ὥστε
642 840 761 880 πέλειν
774 838 834 878 καὶ
849 839 1020 889 ἐτήτυμον
1033 841 1136 876 εἰναι.

132 913 168 940 75
188 901 276 944 Πῶς
288 898 372 938 δ’ἂν
387 899 510 939 ἔπειτα
525 899 626 939 πέλοι
636 899 676 940 τὸ
693 899 763 947 ε’όν;
779 903 853 944 πῶς
865 901 896 938 δ’
912 898 954 938 ἄν
968 914 1008 938 κε
1021 898 1169 950 γένοιτο;

194 956 239 998 Εἴ
251 973 292 1011 γε
308 958 453 1011 γένοιτ’,
468 960 532 998 οὐκ
545 958 632 1007 ἔστ’,
648 959 720 998 οὐδ’
736 958 770 998 εἴ
779 974 864 998 ποτε
880 957 1004 1010 μέλλει
1017 958 1172 997 ἔσεσθαι·

191 1016 259 1061 τὼς
278 1017 411 1070 γένεσις
430 1018 494 1069 μὲν
516 1018 735 1058 ἀπέσὸεσται
754 1018 815 1057 καὶ
836 1017 982 1061 ἄπιστος
999 1016 1155 1070 ὄλεθρος.

194 1076 286 1117 Οὐδὲ
307 1076 481 1130 διαίρετόν
502 1079 608 1125 ἐστιν,
630 1077 708 1116 ἐπεὶ
727 1083 798 1116 πᾶν
817 1078 910 1116 ἔστιν
930 1079 1063 1128 ὁμοῖον,

191 1136 269 1176 οὐδέ
289 1136 324 1175 τί
339 1153 389 1184 πη
412 1138 562 1188 μᾶλλον,
581 1137 622 1175 τό
639 1152 697 1176 κεν
719 1136 826 1191 εἴργοι
845 1152 904 1188 μιν
927 1135 1152 1190 ξυνέχεσθαι,

163 1280 210 1318 V.
231 1278 297 1316 66.
321 1275 534 1330 ’Ύστερόνῆ
555 1278 722 1331 πρόσθεν;
745 1268 898 1334 φύσιςόὖ
919 1279 987 1332 γὰρ
1011 1278 1100 1318 ἐόντι
1115 1278 1176 1317 καὶ

111 1335 219 1390 ἀρχή)
251 1340 310 1374 Ita
345 1339 418 1388 ipsi
453 1339 741 1377 emendavimus
771 1353 922 1377 versum
957 1341 1024 1389 qui
1071 1340 1176 1389 apud

111 1398 349 1447 Simplicium
377 1399 555 1449 neglecto
576 1407 699 1437 metro
721 1400 774 1437 sic
794 1401 975 1437 scribitur
1001 1413 1009 1436 :
1031 1397 1175 1451 ὕστερον

110 1454 134 1503 ἢ
164 1454 314 1508 πρόσθεν
362 1460 422 1496 τοῦ
457 1456 606 1508 μηδενὸς
637 1456 830 1511 ἀρξάμενον
865 1463 984 1512 φῦναι.
1013 1460 1178 1497 Videtur

111 1516 213 1553 enim
229 1517 467 1567 simpliciana
484 1519 674 1569 scriptura
684 1520 779 1555 nihil
793 1532 872 1557 esse
885 1520 956 1556 nisi
970 1520 1175 1569 explicatio

111 1588 244 1613 eorum
266 1590 349 1626 quae
369 1589 392 1615 a
419 1578 648 1616 Parmenide
663 1580 804 1629 scripta
824 1587 945 1616 erant.

164 1637 211 1674 V.
234 1637 300 1684 67.
315 1636 393 1675 Pro
413 1636 493 1690 οὐχί
519 1639 647 1676 ionice
674 1640 824 1689 scripsit
844 1637 919 1678 οὐκί
939 1640 1014 1675 hoc
1034 1639 1122 1675 loco
1139 1646 1177 1675 et

110 1709 223 1733 versu
245 1709 318 1734 100
343 1698 586 1745 Karstenius‚
613 1711 697 1748 quae
716 1700 878 1736 mutatio
900 1706 939 1736 et
957 1699 1070 1735 nobis
1084 1711 1175 1748 pro-

110 1755 238 1794 batur.

164 1817 210 1853 V.
242 1813 308 1852 68.
336 1813 414 1854 οὗδέ
427 1813 508 1853 ποτ’
532 1816 571 1853 ἐκ
590 1818 651 1853 τοῦ
674 1815 801 1867 ἐόντος)
822 1819 881 1854 Ita
897 1817 976 1865 jam
995 1829 1174 1854 correxe-

110 1881 170 1911 rat
181 1874 404 1911 Karstenius
419 1874 519 1912 duce
537 1875 737 1912 Brandisio
751 1877 817 1925 qui
837 1877 912 1927 legi
928 1876 1084 1913 volebat
1101 1874 1175 1913 οὐδ’

51 1964 54 1967 ,
110 1930 150 1968 ἔκ
167 1945 208 1983 γε
224 1934 284 1970 τοῦ
304 1929 400 1976 ὄντος
410 1946 485 1983 pro
501 1946 547 1970 eo
563 1934 669 1982 quod
686 1935 791 1984 apud
810 1936 1050 1986 Simplicium
1066 1947 1175 1982 repe-

109 1992 209 2028 ritur
217 1990 291 2029 οὐδ’
301 1990 388 2043 ἔκγε
397 1991 447 2043 μὴ
457 1991 553 2036 ὄντος
564 1994 623 2031 vel
634 1993 682 2044 μὴ
696 1993 823 2037 ἐόντος.
834 1997 920 2033 Hoc
929 1997 1031 2033 enim
1039 1995 1175 2032 falsum

110 2063 188 2088 esse
209 2052 483 2089 sententiarum
505 2053 604 2090 ordo
620 2054 780 2100 evincit3
799 2067 925 2104 neque
940 2055 1031 2092 huic
1046 2067 1176 2092 emen-

111 2110 256 2147 dationi
270 2118 459 2161 repugnat
475 2111 694 2161 Simplicius
709 2112 867 2149 effatum
883 2114 1176 2151 Parmenideum

110 2170 165 2206 sic
185 2171 442 2220 interpretans
468 2171 578 2220 Phys.
599 2171 627 2211 f.
654 2185 715 2220 17,
739 2185 762 2209 a
785 2186 793 2209 :
816 2173 942 2211 Ταῦτα
960 2171 1003 2219 δὴ
1018 2171 1098 2224 περὶ
1115 2175 1175 2210 τοῦ

113 2226 242 2281 κυρίως
258 2228 356 2273 ὄντος
379 2227 492 2282 λέγων
515 2230 948 2282 ἐναργῶξάποδείκνυσιν,
969 2230 1022 2270 ὅτι
1043 2229 1176 2281 ἀγένη-

111 2303 169 2326 τον
186 2291 288 2328 τοῦτο
314 2288 355 2328 τὸ
369 2287 428 2327 ὄν·
451 2287 530 2328 οὔτε
549 2288 616 2343 γὰρ
634 2289 669 2335 ἐξ
686 2291 783 2336 ὄντος
803 2291 991 2345 (γενέσθαι)
1017 2319 1028 2330 .
1046 2320 1056 2331 .
1077 2321 1088 2332 .
1111 2325 1118 2333 .
1138 2292 1176 2331 οὗ

112 2346 181 2400 γὰρ
202 2350 431 2401 προϋπῆρχεν
458 2348 547 2388 ἄλλο
568 2347 618 2388 ὄν·
640 2348 719 2389 οὔτε
742 2353 781 2390 ἐκ
811 2351 861 2403 μὴ
878 2350 986 2400 ὄντος,
1004 2381 1012 2390 .
1038 2382 1047 2392 .
1075 2380 1085 2389 .
1111 2381 1119 2390 .
1137 2353 1175 2391 οὗ

112 2408 180 2461 γὰρ
206 2406 281 2447 ἔστι
300 2406 339 2447 τὸ
359 2407 409 2460 μὴ
429 2406 482 2449 ὄν.
501 2411 683 2448 Similiter
702 2412 729 2451 f.
766 2413 831 2461 34,
849 2413 875 2450 b
906 2425 914 2451 :
947 2412 1177 2465 Παρμενίδης

115 2468 168 2506 ὅτι
197 2465 365 2519 ἀγένητον
384 2467 425 2507 τὸ
450 2467 558 2513 ὄντως
582 2467 619 2508 ὂν
637 2468 764 2516 ἔδειξεν
793 2472 831 2509 ἐκ
857 2474 917 2509 τοῦ
946 2470 1038 2521 μήτε
1061 2472 1099 2510 ἐκ
1116 2475 1176 2509 τοῦ

114 2525 212 2569 ὄντος
225 2526 395 2578 γίνεσθαι,
411 2527 501 2578 μήτε
523 2530 563 2567 ἐκ
579 2532 640 2568 τοῦ
660 2530 709 2580 μὴ
725 2531 835 2574 ὄντος.
854 2531 1038 2571 Caeterum
1053 2539 1177 2568 totum

115 2588 244 2625 locum
260 2587 350 2625 inde
367 2600 388 2625 a
403 2601 512 2625 versu
528 2587 578 2640 59
594 2602 716 2639 usque
733 2590 784 2627 ad
805 2603 855 2638 70
876 2592 1076 2628 Bessarion
1092 2592 1176 2629 adv.

115 2647 284 2685 Platonis
304 2647 541 2694 Calumn.11‚
565 2661 606 2685 11
632 2649 656 2686 f.
683 2648 748 2694 31,
765 2649 808 2696 b,
833 2650 886 2686 sic
903 2651 1087 2699 expressit
1110 2663 1118 2686 :

201 2740 382 2781 ingenitum
397 2741 528 2782 quando
551 2744 612 2783 est,
629 2742 671 2775 sit
688 2744 722 2776 et
743 2742 927 2776 immortale
945 2751 1094 2785 necesse,

200 2799 393 2841 Unigenum‚
410 2801 594 2842 immotum,
618 2802 828 2844 immensum,
858 2804 926 2836 sine
942 2803 1007 2837 fine
1026 2813 1179 2846 perenne,

199 2859 294 2899 Quod
306 2869 366 2893 nec
378 2862 448 2893 erat
462 2870 520 2894 nec
532 2861 605 2901 erit,
622 2863 729 2895 totum
744 2872 833 2896 nunc
849 2872 919 2897 esse
939 2864 1104 2897 fatendum
1117 2868 1179 2904 est,

202 2921 322 2960 Unum,
337 2920 539 2953 continuum.
556 2922 638 2953 Nam
658 2930 757 2963 quem
774 2922 845 2964 ejus
861 2922 982 2955 dixeris
995 2926 1129 2956 ortum?

202 2980 267 3011 Aut
277 2979 505 3020 quotandem?
521 2980 763 3014 autundepnee
774 2990 812 3014 ex
825 2990 890 3014 uon
905 2983 984 3015 ente
998 2982 1179 3023 putandum

200 3039 266 3071 Nec
284 3037 346 3070 dici
360 3047 416 3070 ore
433 3040 551 3080 potest,
569 3042 679 3073 nostra
693 3049 754 3073 nec
767 3042 877 3074 mente
896 3041 1031 3082 revolvi,
1099 3041 1180 3085 [est;

202 3097 298 3136 Quod
317 3097 395 3130 nihil
413 3101 473 3131 est.
493 3100 575 3132 Nam
592 3100 668 3142 quid
692 3103 765 3142 post
786 3100 895 3143 ipsum
914 3100 989 3134 iecit
1006 3101 1081 3134 oriri

203 3157 269 3189 Aut
283 3156 393 3198 prius?
413 3158 505 3191 Entis
522 3159 608 3192 enim
630 3168 696 3193 non
710 3161 787 3193 sunt
806 3161 979 3202 primordia
998 3162 1105 3204 primi.

207 3216 382 3257 Nunquam
399 3225 474 3259 ergo
487 3220 545 3250 aut
560 3227 701 3261 semper,
718 3219 758 3253 de
775 3229 841 3262 quo
863 3230 951 3254 nunc
964 3221 1115 3262 dicimus,
1126 3231 1184 3255 ens

206 3276 253 3307 Ex
267 3275 434 3318 nihiloque
449 3277 529 3310 nihil
547 3277 615 3310 fieri
632 3280 791 3312 sententia
811 3281 932 3322 perstat
949 3292 958 3314 ε
1099 3280 1182 3324 [est;

203 3334 287 3374 Ergo
302 3336 394 3367 ortus
410 3335 517 3369 nunus
531 3345 590 3370 neo
604 3337 666 3370 erit
684 3340 756 3379 post
776 3339 897 3372 saecula
911 3339 994 3372 finis.

177 3413 219 3449 V.
243 3424 367 3460 71-72
386 3414 407 3460 ἡ
423 3411 459 3451 δὲ
475 3412 750 3467 κρίσις-ἔστιν)
766 3419 857 3454 Haec
873 3418 989 3454 verba
1003 3430 1087 3466 quae
1104 3430 1182 3455 ser-

123 3470 227 3507 vavit
245 3471 460 3522 Simplicius
482 3473 508 3511 f.
534 3473 600 3522 31,
625 3475 669 3521 b,
689 3476 737 3512 ab
757 3476 1030 3526 interpretibus
1045 3483 1185 3526 praeter

123 3529 367 3568 Karstenium
391 3533 526 3571 omissa
547 3541 649 3574 sunt.
665 3535 931 3586 Fiillebprnius
947 3548 992 3574 ea
1014 3550 1092 3574 non
1108 3550 1183 3574 esse

1237 369 1348 408 postea
1363 367 1422 399 aut
1438 368 1536 399 ante?
1556 374 1662 408 neque
1678 366 1763 398 enim
1785 367 1851 399 enti
1869 368 1960 400 ortus
1975 369 2007 400 et
2025 367 2152 400 initium
2173 373 2232 401 est.

1237 428 1319 467 Ergo
1336 427 1394 458 aut
1411 434 1479 458 esse
1493 426 1626 458 omnino
1640 426 1698 458 aut
1713 435 1779 458 non
1796 435 1867 459 esse
1884 435 2013 459 necesse
2032 427 2096 459 est.

1234 488 1348 527 Neque
1366 494 1509 527 unquam
1526 494 1564 518 ex
1584 487 1658 518 ente
1674 486 1840 527 permittet
1858 485 1932 517 fidei
1950 485 1999 518 vis

1235 545 1303 578 lieri
1315 545 1494 586 quidquam
1503 545 1683 587 praeterens
1694 545 1810 587 ipsum.
1824 546 2029 587 Quapropter
2037 555 2094 578 nec
2105 549 2217 578 nalum
2229 555 2300 580 esse

1234 613 1340 646 neque
1361 604 1490 637 interire
1505 604 1584 637 illud
1599 604 1720 646 patitur
1731 605 1855 646 justitia
1865 629 1875 645 ,
1891 605 2034 637 remissis
2047 605 2188 638 vinculis
2200 631 2210 646 ,

1233 665 1288 698 sed
1308 663 1448 697 cohibet.
1469 664 1634 697 Judicium
1652 666 1761 697 autem
1775 664 1814 697 de
1831 664 1883 697 his
1897 664 1928 697 in
1943 664 2044 698 hocce
2058 665 2199 707 positum
2218 679 2226 699 :

1234 725 1290 756 aut
1305 724 1355 757 est
1371 725 1427 757 aut
1443 733 1507 756 non
1523 726 1585 757 est.
1605 726 1678 757 Jam
1692 733 1770 757 vero
1783 724 1949 757 decretum
1971 726 2037 763 est,
2055 725 2141 758 sicut
2158 734 2299 766 necesse,

1234 784 1372 816 alterum
1385 783 1854 826 mittereincomprehensibile,
1863 785 2003 817 nominis
2014 794 2129 826 expers
2141 786 2217 826 (non
2226 793 2301 818 vera

1235 843 1283 876 est
1297 843 1385 876 enim
1400 844 1462 876 ista
1481 843 1565 886 via),
1586 843 1630 876 ita
1649 845 1686 876 ut
1702 843 1844 877 alterum
1859 843 1901 876 sit
1919 852 1957 876 ac
1974 853 2049 877 vere
2066 846 2183 877 exstet.

1238 904 1302 941 Qui
1321 904 1419 945 igitur
1435 904 1547 946 postea
1564 904 1710 936 futurum
1727 903 1768 937 sit
1784 906 1864 937 ens?
1882 904 1933 936 vel
1950 905 2006 946 qui
2025 906 2122 940 antea
2139 905 2259 938 fucrit?

1236 964 1267 997 Si
1286 963 1361 1004 mit,
1376 972 1438 995 non
1455 965 1522 1003 est,
1540 972 1645 1005 neque
1661 963 1688 996 si
1705 964 1836 1005 quando
1854 955 2001 996 futurum
2019 965 2068 996 est
2087 975 2097 997 ε

1236 1022 1283 1055 sic
1303 1023 1335 1055 et
1354 1026 1445 1055 ortus
1461 1022 1640 1055 exstinctus
1656 1024 1707 1055 est
1722 1026 1754 1055 et
1771 1022 1967 1056 incredibilis
1981 1023 2144 1056 interitus.

1238 1083 1349 1124 Neque
1362 1082 1533 1114 dividuum
1547 1084 1613 1122 est,
1630 1082 1790 1124 siquidem
1810 1092 1908 1115 omne
1924 1083 1974 1115 sui
1992 1083 2098 1116 simile
2116 1085 2164 1116 cst
2176 1107 2186 1122 ,

1237 1151 1342 1183 neque
1363 1151 1500 1183 usquam
1515 1142 1633 1183 magis,
1655 1142 1742 1184 quod
1760 1142 1945 1184 prohiberet
1963 1142 2071 1184 ipsum
2087 1142 2269 1183 cohaerere,

1236 1280 1482 1325 Parmenidis‚
1496 1279 1564 1317 sed
1581 1280 1720 1316 inserta
1742 1293 1762 1316 a
1782 1271 1979 1329 Simplicio
1993 1283 2163 1331 putavit;
2184 1285 2303 1319 Bran-

1238 1340 1354 1377 disius
1369 1339 1476 1376 nulla
1490 1352 1625 1376 eorum
1645 1340 1796 1381 ratione
1806 1340 1940 1377 habita
1956 1341 2173 1378 inchoatam
2189 1354 2302 1392 argu-

1237 1400 1528 1436 mentationem·
1549 1398 1705 1448 abrupit
1734 1397 1942 1447 interjectis
1978 1401 2169 1448 versibus,
2206 1414 2303 1450 quos

1237 1472 1325 1495 cum
1344 1450 1550 1496 Karstenio
1570 1457 1670 1494 infra
1688 1458 1886 1507 posuimus
1905 1460 2034 1509 90-93
2058 1459 2196 1511 (λεῦσσε
2215 1459 2303 1498 δ’·-

1236 1512 1519 1569 συνιστάμενον).

1291 1581 1335 1617 V.
1366 1578 1429 1625 73.
1459 1575 1521 1624 τὴν
1544 1573 1729 1628 μὲν-τὴν
1764 1576 1794 1612 δ’
1822 1575 1927 1629 ὥστε)
1947 1579 1972 1617 i.
1995 1592 2029 1619 e.
2053 1577 2117 1625 τὴν
2139 1577 2202 1628 μὲν
2224 1579 2303 1618 ὁδὸν

1236 1637 1282 1680 ὡς
1302 1637 1366 1674 οὐκ
1385 1635 1474 1684 ἔστι,
1487 1657 1542 1666 —
1560 1634 1624 1683 τὴν
1653 1634 1686 1674 δ’
1705 1638 1751 1680 ὡς
1770 1634 1857 1682 ἔστι,
1879 1638 1919 1673 in
1937 1651 2013 1687 qua
2035 1638 2219 1687 junctura
2239 1637 2303 1686 τὴν

1238 1694 1302 1747 μὲν
1323 1698 1372 1735 ad
1386 1698 1591 1747 posterius,
1605 1694 1672 1744 τὴν
1694 1694 1730 1734 δὲ
1755 1697 1805 1733 ad
1822 1699 1930 1747 prius
1946 1699 2164 1736 membrum
2183 1699 2304 1736 refer-

1238 1764 1308 1802 tur,
1339 1756 1447 1805 cujus
1468 1758 1617 1807 generis
1634 1758 1809 1806 exempla
1830 1758 1981 1807 aliquot
1997 1760 2164 1796 citantur
2183 1772 2203 1795 a
2221 1761 2303 1796 Pe-

1238 1818 1403 1853 tersenio
1435 1817 1577 1855 Philos.
1611 1816 1815 1865 Chrysipp.
1848 1829 1887 1866 p.
1911 1829 1961 1863 72
1993 1824 2031 1854 et
2053 1818 2231 1854 Prahmio
2264 1820 2302 1855 in

1236 1878 1374 1916 Annal.
1396 1876 1533 1927 philol.
1556 1875 1619 1915 ed.
1638 1875 1755 1915 Jahn.
1780 1876 1873 1922 XII,
1899 1876 1920 1912 3
1943 1890 1983 1926 p.
2008 1877 2100 1924 317.
2120 1879 2306 1915 Praeterea

1237 1935 1383 1984 ἀνόητον
1420 1937 1502 1973 aliis
1534 1936 1795 1986 praeeuntibus
1815 1935 1922 1972 edidi
1948 1949 2022 1986 pro
2047 1937 2203 1986 vulgato
2222 1934 2305 1973 ἀνό-

1235 2012 1354 2044 νητον.

1290 2059 1334 2096 V.
1368 2061 1432 2104 74.
1463 2057 1688 2093 Karstenius
1722 2056 1825 2092 hunc
1848 2069 2001 2093 versum
2032 2057 2086 2094 sic
2115 2056 2300 2109 refingit:

1237 2116 1330 2154 ἔστιν
1348 2115 1443 2161 ὁδός,
1464 2114 1527 2162 τὴν
1546 2115 1576 2153 δ’
1594 2116 1640 2158 ὡς
1660 2113 1821 2162 πελέναι,
1845 2113 2094 2166 πανετήτυμον
2110 2109 2214 2168 εἶναι,
2235 2119 2304 2157 sed

1239 2177 1308 2213 etsi
1327 2173 1419 2213 ὥστε
1434 2175 1612 2212 hocloco
1639 2175 1786 2224 aliquid
1812 2176 1979 2212 insolens
1996 2175 2128 2223 habet,
2150 2190 2300 2215 versum

1237 2243 1363 2273 tamen
1382 2242 1532 2272 mutare
1551 2247 1631 2271 non
1651 2234 1795 2272 audeo.

1294 2297 1337 2334 V.
1363 2308 1425 2342 77.
1458 2295 1529 2332 Hic
1551 2306 1683 2331 versus
1705 2301 1826 2331 exstat
1846 2294 1885 2329 in
1915 2292 2105 2344 Simplicii
2126 2294 2174 2332 de
2195 2295 2303 2334 Coelo

1238 2361 1443 2392 comment.
1475 2366 1539 2403 ap.
1572 2355 1737 2402 Peyron.
1781 2366 1821 2403 p.
1852 2352 1925 2400 563
1958 2353 2028 2390 sol.
2068 2353 2158 2404 138,
2184 2367 2206 2391 a
2234 2356 2296 2394 ed.

1238 2415 1328 2453 Ald.
1355 2415 1398 2451 ln
1417 2412 1517 2453 Cod.
1539 2415 1654 2450 Taur.
1690 2420 1794 2449 recte
1817 2414 1957 2462 legitur
1980 2411 2202 2452 ἀπέσὸεσται
2227 2428 2304 2465 pro

1239 2472 1458 2520 ἀπέσὸηται,
1474 2473 1541 2510 sed
1562 2472 1706 2509 ibidem
1732 2470 1889 2515 ἄπυστος
1914 2472 2009 2509 falso
2030 2474 2211 2510 scribitur
2231 2487 2303 2524 pro

1239 2530 1396 2576 ἄπιστος.
1415 2532 1532 2582 Apud
1551 2532 1691 2569 Aldum
1708 2545 1781 2581 pro
1797 2530 1941 2575 ἄπιστος
1961 2529 2101 2585 ὄλεθρος
2112 2535 2303 2583 reperitur

1238 2591 1381 2644 δακνηρ’
1396 2590 1570 2630 ἀπώλεια.

1291 2654 1335 2690 V.
1357 2652 1419 2700 78.
1443 2653 1623 2689 Servatus
1651 2658 1708 2688 est
1738 2651 1801 2688 hic
1821 2663 1954 2688 versus
1980 2664 2002 2688 a
2023 2649 2225 2701 Simplicio
2252 2653 2302 2689 ad

1239 2711 1396 2748 Aristot.
1414 2711 1524 2760 Phys.
1550 2710 1618 2748 fol.
1645 2722 1708 2759 19,
1728 2722 1764 2756 a,
1783 2710 1852 2747 ubi
1875 2717 2004 2747 tamen
2031 2711 2213 2747 scribitur
2241 2710 2302 2749 καὶ

1240 2768 1453 2821 ἀδιαίρετον.
1477 2772 1613 2806 Veram
1631 2770 1858 2818 scripturam
1869 2766 1945 2806 οὐδὲ
1961 2766 2134 2821 διαιρετόν
2147 2770 2305 2807 exhibet

1240 2830 1343 2866 idem
1362 2830 1552 2879 interpres
1582 2829 1651 2868 fol.
1674 2828 1739 2877 31,
1760 2841 1783 2866 a
1810 2836 1848 2866 ct
1866 2829 1903 2865 b.
1933 2830 2019 2866 Huc
2046 2828 2148 2866 refer
2172 2830 2303 2866 locum

1242 2889 1436 2926 Plutarchi
1455 2888 1543 2928 adv.
1568 2889 1694 2928 Colot.
1716 2902 1757 2939 p.
1783 2902 1796 2925 1
1809 2893 1898 2934 114,
1918 2889 1986 2937 qui
2006 2889 2302 2926 Parmenideum

1242 2959 1307 2984 ens
1333 2945 1454 2996 ὅμοιον
1480 2946 1595 2999 ἑαυτῷ
1614 2948 1804 2983 nominat.

1294 3007 1340 3044 V.
1363 3018 1425 3054 79.
1448 3003 1530 3044 οὐδέ
1542 3020 1575 3042 τι
1587 3006 1630 3057 τῇ
1650 3001 1923 3055 μᾶλλον-οὐδέ
1936 3020 1968 3042 τι
1982 3003 2195 3057 χειρότερον)
2213 3007 2304 3043 Haee

1241 3066 1392 3116 vulgata
1407 3073 1461 3102 est
1476 3067 1606 3113 lectio,
1619 3067 1658 3102 in
1673 3078 1747 3115 qua
1759 3079 1879 3116 quum
1892 3066 2100 3102 verborum
2111 3072 2305 3103 structura

1241 3138 1321 3162 non
1341 3125 1546 3163 commode
1566 3126 1774 3172 cohaereat,
1801 3126 2026 3162 Karstenius
2045 3125 2162 3162 scribi
2181 3126 2306 3162 voluit

1242 3193 1308 3222 aut
1326 3183 1406 3223 οὒδέ
1421 3201 1455 3224 τι
1472 3186 1515 3238 τῇ
1531 3185 1767 3238 μᾶλλον-τῇ
1785 3185 1814 3222 δ’
1838 3177 1883 3223 αῧ
1897 3183 2097 3237 χειρότερον
2113 3192 2177 3223 aut
2198 3187 2305 3235 quod

1241 3244 1395 3294 praefert
1419 3244 1499 3284 οὐδέ
1517 3259 1551 3282 τι
1573 3245 1707 3297 μᾶλλον
1724 3242 1914 3283 ἐόν-οὐδέ
1928 3258 1961 3282 τι
1981 3241 2193 3296 χειρότερον.
2212 3245 2306 3280 Mihi

1242 3307 1287 3357 τῇ
1316 3305 1549 3343 mutandum
1583 3305 1737 3342 videtur
1770 3305 1812 3341 in
1838 3316 1913 3355 πη;
1950 3317 2029 3355 quo
2059 3304 2157 3341 facto
2179 3303 2306 3340 omnia

1242 3371 1346 3402 recte
1364 3377 1400 3403 se
1419 3365 1574 3402 habent.
1594 3365 1656 3402 Sic
1676 3364 1773 3402 infra
1791 3377 1830 3403 v.
1854 3367 1925 3408 ¹04
1947 3375 2026 3412 seq.

1822 3476 1899 3516 οὔτε
1917 3492 1950 3515 τι
1971 3478 2087 3527 μεῖζον

1297 3536 1374 3577 οὔτε
1394 3553 1427 3577 τι
1449 3537 1630 3591 βαιότερον
1651 3537 1795 3576 πελέναι
1815 3535 1930 3590 χρεών
1947 3537 2022 3574 ἔστι
2038 3538 2081 3587 τῇ
2100 3534 2123 3580 ἢ
2137 3534 2198 3586 τῇ.

2605 1918 2608 1930 ..
2605 1304 2612 1904 .-*Qg.uffl-ffl—nm
2610 1283 2612 1287 .
2609 1253 2612 1259 .
