2612 3814
309 238 382 272 322

309 1863 356 1891 5⁴.

386 321 539 360 κλειτον·
561 318 664 371 κρέας
695 317 731 357 δὲ
754 323 823 356 πᾶν
850 317 968 371 νεκρὸν
997 317 1058 356 καὶ
1086 321 1207 371 νεκροῦ
1237 316 1352 369 μέρος.

439 378 691 431 (Plutarchus
713 377 954 429 Symposiac.
974 376 1045 416 lib.
1063 377 1133 424 lv,
1159 381 1193 422 4,
1216 376 1254 423 3,
1269 375 1350 413 vol.

386 439 458 486 Xl,
489 453 530 491 p.
559 439 648 478 186.
675 437 802 476 Verba
822 437 926 490 κρέας
953 435 989 475 δὲ
1008 441 1078 474 πᾶν
1099 434 1352 475 κτλ.Ρ111131--

387 498 450 536 chi
484 503 591 538 sunt.
621 499 757 550 Inepte
785 496 925 535 Suidas
957 509 998 536 v.
1020 493 1247 548 Ἡράκλειτος
1266 493 1351 530 ait:

388 555 614 610 Ἡράκλειτος
628 554 693 609 ἔφη
711 556 889 606 ὀὶιγωρεῖν
906 553 1020 600 πάντη
1035 556 1096 591 τοῦ
1114 551 1277 602 σώματος
1295 548 1355 587 καὶ

389 615 539 666 νομίζειν
571 614 655 652 αὐτὸ
675 614 735 652 καὶ
762 613 915 665 κοπρίων
942 612 1204 664 έκὸλητότερον·
1237 611 1277 649 ἐκ
1297 611 1356 647 τοῦ

389 673 515 727 ῥάστου
539 673 575 712 δὲ
597 674 692 726 αὖτῳ
712 671 772 716 τὰς
791 671 934 725 Θεραπὲ
924 687 974 715 ιας
987 671 1224 722 ἀποπληρουν,
1240 667 1333 711 ἕως
1317 683 1356 705 αν

389 735 407 772 ὁ
428 732 502 777 θεὸς
523 730 642 785 ὥσπερ
663 730 798 784 ὀργᾶνι)
817 732 867 783 τῶ
886 729 1023 781 σώματι
1037 731 1189 782 χρῆσθαι
1210 726 1357 765 ἐπιτάτ-

387 791 698 843 ¹171.Cf.Cedr.en
720 790 807 828 hist.
823 803 862 838 p.
888 796 976 836 ¹57·
993 787 1122 833 Quid?
1143 785 1246 837 quod
1263 785 1359 822 Cel-

389 864 454 889 sus
472 863 627 901 quoque
656 848 837 886 Heracliti
861 847 1034 885 dictum
1025 860 1065 884 111
1084 846 1250 883 alienam
1265 857 1358 882 sen-

388 910 478 946 tiam
497 908 672 946 detorsit.
699 907 842 944 Locum
869 905 956 956 ejus
977 904 1150 944 servavit
1167 904 1358 954 Origenes

388 976 524 1005 contra
545 966 645 1004 Cels.
673 965 704 1002 V
723 979 761 1017 p.
795 965 871 1003 588
896 979 904 1003 ι
927 964 988 1002 καὶ
1004 965 1120 1017 ψυχῆς
1138 962 1200 1014 μὲν
1222 961 1359 1001 αἰώνιον

391 1025 511 1077 βιοτὴν
545 1023 678 1063 δύναιτ’
710 1024 749 1062 ἂν
784 1024 994 1077 παρασχεῖν·
1021 1023 1138 1068 νέκυες
1164 1022 1222 1070 δέ,
1254 1020 1360 1075 φησῖν

387 1084 627 1137 Ἡράκλειτος,
642 1082 795 1136 κοπρίων
807 1082 1064 1136 ἐκὸλητότεροι·
1082 1086 1195 1136 σάρκα
1215 1081 1257 1129 δὴ
1281 1111 1290 1120 .
1315 1110 1325 1121 .
1348 1110 1360 1122 .

388 1142 524 1182 αἰώνιον
557 1144 733 1197 ἀποφῆναι
763 1172 773 1183 .
797 1172 806 1182 .
829 1172 839 1182 .
865 1141 943 1181 οὔτε
982 1141 1192 1195 βουλήσεται
1225 1144 1242 1180 ὃ
1270 1140 1358 1188 θεός,

387 1203 465 1243 οὔτε
503 1202 702 1250 δυνήσεται.
737 1202 992 1241 Heracliteam
1028 1202 1265 1240 locutionem
1302 1215 1361 1238 κο-

388 1262 498 1315 πρίων
537 1261 785 1313 ἐκὸλητότερος
824 1261 1027 1300 adnotavit
1061 1261 1176 1299 etiam
1212 1259 1360 1298 Pollux

386 1321 584 1360 Onomast.
599 1320 645 1368 V,
671 1322 757 1361 163.
781 1320 882 1359 Hinc
908 1320 1011 1372 apud
1033 1320 1192 1359 Sextum
1214 1319 1360 1368 legitur

389 1380 475 1419 adV.
499 1380 617 1420 Math.
639 1379 748 1426 Vlll,
779 1381 856 1418 286
878 1394 886 1417 :
910 1379 970 1417 καὶ
989 1378 1058 1429 μὴν
1080 1381 1192 1432 ῥητῶς
1209 1381 1227 1417 ὁ
1247 1376 1363 1429 ς11ροὶ-

388 1438 521 1482 κλειτός
553 1454 637 1492 φησι
655 1439 694 1476 τὸ
719 1438 768 1488 μὴ
789 1432 878 1477 εἶναι
897 1439 1036 1489 λογικὸν
1067 1437 1127 1476 τὸν
1161 1437 1358 1489 ἄνθρωπον,

389 1496 492 1548 μόνον
518 1498 548 1535 δ’
566 1497 736 1550 ὑπάρχειν
757 1513 922 1551 φρενηρες
939 1513 979 1536 το
998 1496 1174 1550 περιέχον·
1199 1503 1237 1534 et
1256 1495 1359 1547 apud

388 1536 664 1595 philostratum
691 1557 760 1609 Ep.
800 1558 886 1596 18.
910 1555 1142 1609 Ἡράκλειτος
1168 1557 1186 1593 ὁ
1215 1554 1357 1607 φυσικὸς

389 1615 514 1667 ἄλογον
534 1607 622 1653 εἶναι
637 1616 728 1654 κατὰ
743 1614 844 1669 φύσιν
860 1615 967 1670 ἔφησε
981 1615 1040 1654 τὸν
1058 1614 1252 1681 ἄνθρωπον.
1277 1613 1360 1651 Hoc

387 1674 434 1713 de
455 1675 549 1713 solis
567 1675 731 1713 mortuis
747 1674 1043 1726 accipiendum,
1067 1675 1136 1724 qui
1159 1673 1252 1724 quia
1274 1672 1360 1710 ani-

388 1746 487 1771 mam
509 1733 557 1771 de
577 1733 676 1771 coelo
697 1747 776 1772 non
806 1733 955 1772 ducunt
986 1733 1152 1771 rationis
1181 1740 1359 1784 expertes

387 1792 556 1844 Ephesio
577 1791 813 1843 philosopho
833 1791 1083 1831 videbantur.
1095 1791 1108 1842 )

385 1849 564 1890 Ἐνθοίδε’
550 1850 669 1894 εόντας
683 1849 935 1889 ἐπανίστασθαι
953 1866 1012 1889 και
1027 1849 1185 1904 φύλακας
1204 1848 1360 1902 γίνεσθαι

388 1908 500 1962 ἐγερτὶ
520 1908 657 1955 ζώντων
678 1908 738 1948 καὶ
757 1911 902 1962 νεκρῶν.

442 1969 707 2020 (Hippolytus
723 1968 809 2006 Han
812 1981 867 2007 es
885 1969 1015 2008 Refut.
1037 1981 1077 2020 p.
1099 1968 1174 2006 283
1193 1968 1256 2009 ed.
1273 1969 1360 2009 Mil-

390 2028 460 2067 let.
482 2026 602 2079 ελέγει
617 2026 652 2065 δὲ
671 2026 732 2065 καὶ
754 2026 883 2080 σαρκὸς
898 2027 1090 2066 ἀνάστασιν
1111 2027 1238 2075 ταύτης
1255 2045 1358 2083 φανε-

390 2092 449 2138 ρᾶς
465 2086 498 2124 ἐν
515 2079 537 2138 ᾗ
557 2084 797 2138 γεγενήμεθα,
815 2085 874 2124 καὶ
894 2085 951 2124 τὸν
970 2086 1044 2125 θεὸν
1060 2079 1131 2124 οἶδε
1152 2086 1283 2134 ταύτης
1298 2091 1360 2136 τῆς

393 2146 618 2190 ἀναστάσεως
639 2143 747 2183 αἴτιον
774 2144 883 2189 οὕτως
905 2144 1065 2196 λέγων’(ε
1080 2142 1193 2184 Ἔνθα
1216 2146 1247 2184 δ’
1269 2147 1360 2185 ἐόντι

392 2202 645 2243 ἐπανίστασθαι
665 2203 726 2242 καὶ
748 2202 907 2257 φύλακας
933 2204 1089 2255 γίνεσθαι
1119 2204 1359 2257 ἔγερτιζόντων

388 2263 448 2302 καὶ
470 2264 613 2314 νεκρῶν.
637 2280 652 2297 υ
681 2262 915 2301 Emendavit
941 2263 1020 2301 liaec
1050 2263 1288 2315 Bernaysius
1319 2265 1359 2302 in

389 2321 488 2359 Mus.
512 2320 586 2360 Rh.
607 2320 658 2358 [X
674 2334 712 2372 p.
731 2321 824 2366 245.
839 2321 1001 2360 Fallitur
1016 2322 1256 2374 Hippolytus
1275 2337 1359 2362 car·

391 2380 453 2418 nis
475 2381 802 2418 resurrectionem
818 2394 902 2431 quae
918 2380 1139 2419 christianae
1154 2382 1359 2432 religionis

389 2438 552 2489 propria
567 2447 624 2476 est
645 2439 840 2477 Heraclito
857 2439 1046 2478 tribuens.
1058 2439 1137 2479 Nos
1157 2441 1359 2480 existima-

392 2510 476 2535 mus
526 2496 735 2548 Ephesium
784 2499 1064 2551 philosophum
1115 2507 1358 2541 mortuorum

393 2556 545 2593 animos
559 2556 742 2595 vivorum
763 2558 942 2597 custodes
963 2571 1047 2596 esse
1069 2559 1254 2599 voluisse.
1272 2561 1359 2607 Qua

393 2613 436 2650 in
454 2625 494 2651 re
513 2622 666 2652 secutus
686 2623 744 2652 est
764 2615 974 2654 Hesiodum
1003 2617 1075 2685 Op.
1102 2625 1140 2655 et
1157 2617 1270 2658 Dieb.
1295 2633 1355 2659 vs,

398 2683 489 2708 121-
472 2685 568 2708 -122
593 2672 648 2710 ita
674 2682 872 2711 canentem
905 2674 989 2713 ιτοὶ
1019 2675 1081 2725 μὲν
1107 2675 1270 2724 δαίμονές
1292 2680 1358 2717 εἰσι

392 2728 473 2772 Διὸς
494 2730 648 2781 μεγάλου
667 2732 723 2769 διὰ
742 2733 891 2785 βουλάς,
911 2713 1025 2772 ἐσθλοί
1036 2730 1268 2788 ,ἐπι-χθόνιοι,
1290 2737 1359 2791 φύ-

390 2790 494 2832 λακες
507 2791 642 2835 θνητυν
667 2791 876 2843 ἀνθρώπων.
905 2792 1019 2839 Quod
1038 2802 1164 2832 autem
1189 2795 1360 2846 vigilan-

394 2855 450 2886 ter
466 2848 644 2887 viventes
663 2858 701 2888 et
717 2863 802 2889 11101
806 2859 892 2890 tuos
919 2853 1096 2904 opponit,
1120 2854 1160 2892 id
1177 2867 1224 2892 eo
1241 2855 1356 2906 valet,

394 2915 435 2944 ut
463 2907 671 2957 vigilantes
701 2917 739 2947 et
767 2909 1003 2949 dormientes
1031 2920 1145 2962 atque
1171 2913 1266 2952 adeo
1293 2927 1357 2952 sz-

390 2965 542 3015 pientes
556 2974 593 3004 et
613 2966 842 3018 insipientes
861 2969 1140 3019 intelligantur.
1159 2972 1170 3022 )

1414 329 1464 356 55.

1422 1392 1471 1419 56.

1421 2162 1466 2189 57·

1054 227 1332 268 flEnAthTt
1362 225 1701 267 FRAGMENTA.

1495 307 1666 366 εἶναιγὰρ
1683 310 1780 351 ἓντὸ
1801 310 1907 367 σοφὸν
1933 310 2144 351 ἐπίστασθαι
2171 307 2314 360 γνώμην
2336 307 2412 358 οἵην
2430 323 2471 350 τε

1494 372 1749 425 ἔγκυὸερνῆσαι
1769 370 1883 410 πάντα
1900 370 1957 410 διὰ
1974 369 2127 409 πάντων.

1498 431 1716 485 (Diogenes
1737 430 1916 469 Laertius
1947 429 2004 468 lib
2038 428 2103 478 lX,
2140 443 2173 476 1,
2211 426 2326 479 cujus
2347 440 2471 467 mern·

1497 490 1628 529 branae
1648 488 1793 528 habent
1818 487 1963 540 γνώμην
1984 486 2045 535 ἤτε
2079 489 2110 526 οἱ
2132 487 2202 538 (al.
2224 484 2281 525 ὅτε
2298 480 2344 539 ᾖ)
2366 487 2472 538 ἔγκυ-

1498 547 1675 601 ὃερνήσει.
1698 549 1842 586 Sensus
1861 548 2006 597 flagitat
2023 546 2129 599 quod
2143 545 2249 584 edidi
2266 544 2342 593 οἵην
2362 561 2400 587 τι
2414 546 2475 598 ἐγ-

1497 607 1713 661 κυὸερνῆσαι
1732 607 1794 645 vel
1817 606 2064 661 ἐγκυὸερνῇν
2054 620 2081 647 1.
2102 619 2137 648 e.
2157 603 2382 660 ἐγκυὸερνᾷν.
2407 604 2475 645 Si-

1500 667 1606 706 milis
1625 675 1683 705 est
1713 666 1823 705 locus
1845 666 1950 718 apud
1978 665 2255 718 Hippocratem
2274 664 2357 718 περὶ
2384 665 2476 704 διαί-

1499 742 1561 774 της
1578 727 1594 765 1
1610 738 1700 778 pag.
1721 725 1799 775 639
1815 724 1863 763 ed
1877 724 2008 764 Ktihn.
2031 737 2040 763 τ
2057 726 2181 774 τοῦτο(
2197 723 2236 763 τὸ
2249 722 2341 777 πῦρ)
2355 722 2475 763 πάντα

1500 783 1557 824 διὰ
1573 784 1703 828 παντὸς
1722 783 1875 836 κυὸερνᾷ
1887 795 1898 807 ·
1916 797 2000 835 quae
2019 783 2142 822 verba
2157 782 2389 838 Heracliteis
2409 795 2476 822 su·

1499 857 1573 895 pra
1587 844 1842 883 adnumeravi
1858 842 1906 882 ad
1924 843 2059 894 fragm.
2080 844 2145 890 46.
2163 843 2326 882 Videtur
2344 851 2474 882 autem

1504 904 1723 943 Heraclitus
1759 902 1933 956 κυὸερνᾷν
1965 911 2003 940 et
2025 900 2191 947 οἷακίζειν
2215 901 2376 953 (fragm.
2404 901 2475 952 So)

1502 964 1724 1016 promiscue
1743 975 1970 1015 usurpasse.
1997 961 2156 1014 Ephesii
2179 961 2353 1001 hominis
2381 961 2477 1002 effa·

1502 1032 1583 1062 tum
1599 1024 1656 1062 sic
1676 1022 1852 1061 imitatus
1873 1030 1931 1060 est
1950 1019 2157 1059 Cleanthes
2179 1019 2313 1071 hymn.
2330 1019 2374 1059 in
2386 1018 2476 1061 J0V.

1501 1096 1560 1122 vs.
1577 1083 1644 1121 31·
1649 1083 1735 1127 34:
1726 1080 1849 1120 ·ἁλλὰ
1871 1082 1939 1120 Ζεῦ
1956 1079 2143 1131 πάνδωρε,
2165 1076 2391 1132 κελαινεφές,
2409 1079 2477 1132 ἀρ-

1505 1140 1694 1196 χικέραυνε
1707 1170 1718 1190 ,
1765 1135 1967 1193 ἀνθρωπους
2008 1137 2102 1192 ῥόοιο
2146 1136 2378 1190 ἀπειροσύνης
2409 1138 2480 1179 ἀπὸ

1502 1202 1650 1253 λυγρῆς,
1666 1199 1710 1248 ἣν
1721 1198 1763 1239 σύ
1777 1198 1929 1252 ,πάτερ,
1947 1197 2117 1237 σκέδασον
2133 1195 2288 1251 ψυχῆς”
2265 1211 2351 1249 απο,
2365 1195 2422 1242 δὸς
2441 1196 2479 1236 δὲ

1503 1262 1657 1313 κυρῆσαι
1673 1258 1831 1312 γνώμης,
1853 1253 1877 1311 ᾗ
1903 1257 2048 1301 πίσυνος
2066 1255 2108 1295 συ
2131 1255 2231 1304 δίκης
2251 1272 2295 1308 μ.
2286 1254 2342 1296 ’τα
2361 1255 2478 1297 πάντα

1502 1318 1684 1373 κυὸερνᾷς.
1702 1319 1713 1370 )

1504 1378 1624 1430 Νόμος
1640 1377 1702 1417 καὶ
1727 1375 1835 1430 βουλὴ
1853 1375 2034 1416 πείθεσθαι
2048 1373 2137 1421 ἑνός.

1559 1438 1758 1489 (Clemens
1776 1436 1917 1475 Strom.
1939 1437 1982 1482 V,
2014 1441 2059 1482 14
2083 1449 2123 1487 p.
2148 1434 2240 1484 718.
2262 1433 2328 1473 Sic
2345 1442 2384 1473 et
2403 1395 2478 1474 He·

1502 1497 1662 1535 rodotus
1678 1495 1749 1535 lib.
1771 1495 1805 1543 1,
1827 1496 1899 1533 126
1915 1493 2095 1533 πείθεσθαί
2111 1508 2202 1538 τινος
2219 1493 2338 1543 dixit,
2356 1506 2479 1546 quum

1502 1556 1650 1594 Atticos
1670 1555 1903 1608 plerumque
1926 1551 2106 1592 πείθεσθαί
2133 1567 2200 1590 τινι
2221 1552 2370 1591 dixisse
2387 1567 2481 1592 con-

1504 1622 1586 1653 stet
1604 1614 1686 1652 Huc
1709 1613 1907 1665 pertinent
1927 1611 2114 1650 Heracliti
2136 1609 2257 1649 verba
2277 1609 2381 1662 apud
2396 1610 2480 1650 Sto-

1503 1673 1627 1711 baeum
1645 1672 1747 1710 Flor.
1768 1671 1840 1719 111,
1859 1672 1943 1717 84:
1934 1668 2167 1724 ,σωφρονέειν
2185 1667 2292 1722 ἀρετὴ
2313 1667 2481 1721 μεγίστη,

1502 1732 1562 1770 καὶ
1589 1731 1691 1784 σοφίη
1723 1729 1856 1778 ἀληθέα
1875 1729 1989 1782 λέγειν
2011 1729 2072 1768 καὶ
2103 1726 2233 1768 ποιέειν
2255 1727 2350 1768 κατὰ
2378 1727 2478 1782 φύσιν

1503 1788 1687 1835 ἐπαΐοντας
1703 1822 1712 1842 ,
1728 1804 1812 1841 quae
1828 1799 1956 1829 tamen
1978 1789 2113 1839 fragm.
2144 1788 2193 1826 55
2213 1786 2480 1827 consideranti

1501 1851 1571 1889 vix
1590 1850 1749 1902 Ephesii
1771 1849 1999 1902 philosophi
2026 1862 2110 1888 esse
2135 1846 2390 1888 videbuntur.
2423 1847 2483 1886 De

1504 1911 1659 1961 reliquo
1687 1922 1790 1948 unus
1823 1909 1891 1947 ille
1928 1922 2044 1960 quem
2070 1903 2288 1947 Heraclitus
2309 1919 2480 1958 sequen-

1502 1970 1594 2008 dum
1615 1977 1749 2007 censet
1770 1977 1835 2006 aut
1857 1967 1942 2020 ipse
1963 1966 2120 2019 Jupiter
2139 1973 2197 2004 est
2223 1973 2289 2005 aut
2309 1965 2480 2017 quicun-

1502 2042 1579 2080 que
1599 2028 1743 2067 divinae
1765 2028 1906 2066 mentis
1928 2026 2111 2079 (γνώμης)
2133 2025 2328 2078 interpres
2356 2024 2477 2065 habe·

1503 2091 1611 2136 1111.)

1507 2147 1738 2187 Καθάπτεται
1757 2145 1794 2185 δὲ
1811 2145 1872 2185 καὶ
1887 2148 1957 2184 τῶν
1974 2143 2148 2198 Ἐφεσίων
2167 2143 2224 2182 ἐπὶ
2241 2145 2291 2198 τῶ
2306 2142 2365 2183 τὸν
2379 2145 2477 2184 ἑταῖ-

1503 2222 1559 2260 ρον
1587 2206 1749 2245 ἐκὸαλεῖν
1771 2205 2012 2259 Ἑρμόδωρον,
2035 2205 2070 2242 ἐν
2099 2197 2147 2247 οἷς
2178 2217 2298 2258 φησιν·
2326 2220 2343 2238 α
2360 2201 2476 2249 Ἄξιον

1502 2265 1696 2319 Ἐφεσίοισι
1716 2265 1848 2314 ἡὸηδὸν
1871 2261 2075 2302 ἀποθανέειν
2097 2269 2187 2302 πᾶσι
2205 2261 2266 2301 καὶ
2285 2264 2376 2302 τοῖσι
2390 2262 2479 2311 ἀνή-

1503 2325 1596 2365 ὅοισι
1612 2324 1677 2373 τὴν
1701 2325 1803 2363 πόλιν
1829 2322 2004 2363 καταλιπέ
1989 2338 2081 2373 ειν,
2104 2320 2226 2366 οἵτινες
2252 2320 2479 2376 Ἑρμόδωρον

1502 2386 1639 2423 ἑωυτῶν
1658 2383 1817 2432 ὀνήῖστον
1836 2382 1999 2429 ἐξέὸαλον
2019 2381 2189 2434 λέγοντες·
2210 2379 2356 2432 (Ημέων
2390 2381 2494 2434 μηδὲ’

1501 2445 1582 2487 εἷς
1566 2442 1725 2491 ονήϊστος
1742 2442 1844 2481 ἔστω·
1863 2458 1892 2480 ει
1912 2441 1949 2481 δέ
1965 2457 2017 2485 τις
2045 2455 2199 2484 τοιουτος
2212 2469 2224 2489 ,
2246 2440 2338 2494 ἄλλῃ
2359 2455 2397 2480 τε
2417 2439 2481 2480 καὶ

1503 2501 1578 2554 μετ’
1595 2501 1725 2542 ἄλλων.
1757 2519 1773 2537 »

1557 2561 1769 2614 (Diogenes
1790 2561 1820 2599 L
1822 2570 1968 2599 ae1t1us
1982 2560 2040 2599 hb
2058 2558 2128 2611 lx,
2151 2574 2187 2598 2.
2201 2552 2367 2610 Vulgavi
2394 2559 2483 2598 ἄπο-

1503 2619 1636 2659 θανέειν
1657 2629 1695 2658 et
1713 2619 1959 2667 καταλιπέειν;
1977 2619 2092 2659 codd.
2110 2619 2295 2658 ἀποθανεῖν
2312 2625 2351 2657 et
2369 2633 2481 2659 κοιτα-

1500 2681 1626 2718 λιπεῖν.
1642 2679 1786 2718 Iisdem
1803 2691 1927 2730 prope
1940 2678 2074 2717 verbis
2087 2678 2168 2716 haec
2186 2685 2320 2716 narrat
2338 2676 2479 2717 Cicero

1500 2741 1615 2778 Tusc.
1635 2737 1681 2786 V,
1713 2739 1775 2777 36.
1794 2738 1926 2776 Minus
1954 2745 2132 2775 accurate
2160 2735 2399 2776 lamblichus
2432 2737 2483 2776 de

1501 2798 1571 2835 vit.
1589 2796 1705 2847 Pyth.
1728 2809 1760 2836 5.
1782 2796 1853 2844 173
1885 2809 1894 2833 z
1917 2796 1955 2833 οὗ
1975 2794 2043 2847 γὰρ
2059 2793 2220 2848 καθάπερ
2248 2793 2479 2847 Ἡράκλειτος

1502 2854 1678 2907 Ἐφεσίοις
1709 2854 1858 2907 γράψειν
1889 2853 1955 2904 ἔφη
1983 2852 2062 2897 τοὺς
2083 2852 2227 2903 νόμους,
2255 2849 2479 2903 ἀπάγξασθαι

1501 2913 1580 2958 τοὺς
1587 2913 1734 2957 πολίτας
1743 2913 1874 2961 ἡδηδὸν
1887 2912 2068 2957 κελεύσας.
2082 2914 2127 2950 111
2140 2911 2276 2963 paucis
2288 2924 2311 2950 a
2321 2910 2477 2950 Laertio

1446 3031 1450 3035 ⁴
1499 2973 1696 3025 discrepat
1711 2971 1852 3010 Strabo
1872 2971 1943 3011 lib.
1962 2972 2055 3011 XIV
2079 2985 2120 3022 p.
2143 2972 2220 3015 642
2239 2970 2303 3010 ed.
2316 2969 2422 3022 Cas.)

353 3161 404 3192 54.
428 3160 489 3192 Hic
502 3163 740 3194 commorantes
758 3163 892 3196 excitari
915 3167 949 3197 et
967 3165 1118 3198 custodes
1138 3166 1204 3199 fieri
1223 3168 1356 3208 vigilan-

310 3219 362 3252 ter
383 3218 562 3252 viventium
578 3220 610 3252 et
629 3223 845 3255 mortuorum.

353 3281 403 3310 55.
430 3280 504 3310 Esse
526 3278 611 3311 enim
629 3287 725 3314 unam
739 3280 942 3322 sapientiam,
968 3291 1063 3316 nosse
1083 3285 1222 3318 mentem
1241 3294 1279 3318 ea
1298 3295 1356 3328 po-

310 3336 408 3368 tentia
427 3337 610 3378 praeditam,
628 3339 664 3370 ut
682 3339 791 3371 omnia
806 3340 942 3373 omnino
956 3340 1126 3382 gubernet.

1421 3169 1659 3203 Hermodorum
1694 3169 1884 3211 ejecissent,
1919 3168 2055 3200 dicens:
2095 3181 2112 3196 «ι
2141 3170 2307 3201 Merentur
2331 3166 2476 3201 universi

1419 3228 1548 3270 Ephesii
1579 3228 1700 3269 adulti,
1717 3230 1755 3262 ut
1781 3229 1886 3261 morte
1905 3227 2100 3267 afficiantur,
2131 3226 2315 3268 impuberes
2337 3234 2414 3259 vero
2438 3226 2476 3259 ut

1418 3286 1531 3320 urbem
1549 3286 1748 3328 relinquant,
1763 3285 1838 3326 quia
1856 3285 2093 3318 Hermodorum
2108 3284 2412 3327 praestantissimum
2428 3284 2476 3317 ci-

1417 3353 1492 3378 vem
1516 3345 1620 3387 patria
1638 3344 1835 3387 expellentes
1864 3345 1906 3376 ita
1927 3344 2026 3376 locuti
2047 3346 2124 3376 sunt
2147 3357 2155 3377 z
2181 3347 2284 3378 Nemo
2310 3338 2350 3377 de
2379 3343 2474 3376 nobis

352 3399 402 3428 56.
417 3397 480 3429 Lex
497 3397 529 3429 et
547 3397 714 3429 consilium
728 3399 779 3430 est
799 3398 853 3431 uni
866 3399 1006 3433 obedire.

351 3456 403 3488 57.
430 3455 643 3497 Reprehendit
667 3457 763 3490 etiam
784 3458 938 3499 Ephesios
968 3459 1053 3500 quod
1081 3452 1225 3494 sodalem
1242 3469 1353 3495 ·suum

1416 3413 1500 3437 unus
1513 3404 1671 3446 excellat;
1691 3403 1745 3437 sed
1761 3405 1788 3436 si
1804 3403 1876 3445 quis
1891 3403 1962 3436 talis
1979 3404 2152 3445 exstiterit,
2170 3403 2245 3436 alibi
2261 3403 2295 3436 et
2312 3411 2386 3436 cum
2400 3402 2472 3435 aliis

1414 3462 1518 3504 degat.
1534 3474 1552 3493 ι
