<?xml version="1.0" encoding="UTF-8"?>
<!DOCTYPE html PUBLIC "-//W3C//DTD XHTML 1.0 Transitional//EN"
    "http://www.w3.org/TR/xhtml1/DTD/xhtml1-transitional.dtd">
<html xmlns="http://www.w3.org/1999/xhtml" xml:lang="en" lang="en">
 <head>
  <title>
</title>
<meta http-equiv="Content-Type" content="text/html;charset=utf-8" />
  <meta name='ocr-system' content='tesseract 3.04.00' />
  <meta name='ocr-capabilities' content='ocr_page ocr_carea ocr_par ocr_line ocrx_word'/>
</head>
<body>
  <div class='ocr_page' id='page_1' title='image "./fragmentaphiloso01mulluoft_0488.png"; bbox 0 0 2612 3814; ppageno 0'>
   <div class='ocr_carea' id='block_1_1' title="bbox 267 252 345 287">
    <p class='ocr_par' dir='ltr' id='par_1_1' title="bbox 267 252 345 287">
     <span class='ocr_line' id='line_1_1' title="bbox 267 252 345 287; baseline -0.013 0"><span class='ocrx_word' id='word_1_1' title='bbox 267 252 345 287; x_wconf 75' lang='lat'>448</span> 
     </span>
    </p>
   </div>
   <div class='ocr_carea' id='block_1_2' title="bbox 261 320 1328 798">
    <p class='ocr_par' dir='ltr' id='par_1_2' title="bbox 261 320 1328 798">
     <span class='ocr_line' id='line_1_2' title="bbox 262 320 1322 379; baseline -0.008 -12"><span class='ocrx_word' id='word_1_2' title='bbox 262 331 280 367; x_wconf 80' lang='grc' dir='ltr'><strong>ὁ</strong></span> <span class='ocrx_word' id='word_1_3' title='bbox 306 327 494 379; x_wconf 83' lang='grc' dir='ltr'>δυνάμενος</span> <span class='ocrx_word' id='word_1_4' title='bbox 528 329 588 365; x_wconf 80' lang='grc' dir='ltr'>νῦν</span> <span class='ocrx_word' id='word_1_5' title='bbox 619 323 773 372; x_wconf 80' lang='grc' dir='ltr'>ἀκούειν,</span> <span class='ocrx_word' id='word_1_6' title='bbox 801 322 955 373; x_wconf 76' lang='grc' dir='ltr'>μηδεὶς</span> <span class='ocrx_word' id='word_1_7' title='bbox 987 321 1099 373; x_wconf 87' lang='grc' dir='ltr'>μήτε</span> <span class='ocrx_word' id='word_1_8' title='bbox 1126 320 1245 374; x_wconf 83' lang='grc' dir='ltr'>λόγῳ</span> <span class='ocrx_word' id='word_1_9' title='bbox 1278 334 1322 359; x_wconf 85' lang='grc' dir='ltr'>σε</span> 
     </span>
     <span class='ocr_line' id='line_1_3' title="bbox 261 378 1325 441; baseline -0.009 -14"><span class='ocrx_word' id='word_1_10' title='bbox 261 387 483 441; x_wconf 88' lang='grc' dir='ltr'>παρείπῃ,</span> <span class='ocrx_word' id='word_1_11' title='bbox 510 384 623 438; x_wconf 85' lang='grc' dir='ltr'>μήτε</span> <span class='ocrx_word' id='word_1_12' title='bbox 654 399 695 423; x_wconf 88' lang='grc' dir='ltr'>τι</span> <span class='ocrx_word' id='word_1_13' title='bbox 724 382 850 437; x_wconf 84' lang='grc' dir='ltr'><strong>ἔργῳ.</strong></span> <span class='ocrx_word' id='word_1_14' title='bbox 897 382 1012 425; x_wconf 86' lang='grc' dir='ltr'>Μόνος</span> <span class='ocrx_word' id='word_1_15' title='bbox 1049 380 1118 434; x_wconf 85' lang='grc' dir='ltr'>γὰρ</span> <span class='ocrx_word' id='word_1_16' title='bbox 1151 378 1325 425; x_wconf 78' lang='grc' dir='ltr'>ἀνεξαπά·</span> 
     </span>
     <span class='ocr_line' id='line_1_4' title="bbox 261 438 1323 497; baseline -0.008 -10"><span class='ocrx_word' id='word_1_17' title='bbox 261 462 382 497; x_wconf 88' lang='grc' dir='ltr'>τητος,</span> <span class='ocrx_word' id='word_1_18' title='bbox 400 446 461 485; x_wconf 82' lang='grc' dir='ltr'>καὶ</span> <span class='ocrx_word' id='word_1_19' title='bbox 475 446 533 485; x_wconf 71' lang='grc' dir='ltr'>ὑπ’</span> <span class='ocrx_word' id='word_1_20' title='bbox 551 443 686 488; x_wconf 83' lang='grc' dir='ltr'>οὐδενὸς</span> <span class='ocrx_word' id='word_1_21' title='bbox 706 444 869 494; x_wconf 79' lang='grc' dir='ltr'>οὐδαμῶς</span> <span class='ocrx_word' id='word_1_22' title='bbox 887 440 1184 493; x_wconf 81' lang='grc' dir='ltr'>εὗπαραλόγιστος</span> <span class='ocrx_word' id='word_1_23' title='bbox 1197 469 1208 487; x_wconf 85' lang='grc'>,</span> <span class='ocrx_word' id='word_1_24' title='bbox 1227 441 1245 478; x_wconf 84' lang='grc' dir='ltr'>ὁ</span> <span class='ocrx_word' id='word_1_25' title='bbox 1259 438 1323 486; x_wconf 82' lang='grc' dir='ltr'>τὴν</span> 
     </span>
     <span class='ocr_line' id='line_1_5' title="bbox 263 499 1327 557; baseline -0.01 -10"><span class='ocrx_word' id='word_1_26' title='bbox 263 507 361 553; x_wconf 77' lang='grc' dir='ltr'>ἀξίαν</span> <span class='ocrx_word' id='word_1_27' title='bbox 382 508 508 546; x_wconf 76' lang='grc' dir='ltr'>ἑαυτοῦ</span> <span class='ocrx_word' id='word_1_28' title='bbox 528 503 629 557; x_wconf 71' lang='grc' dir='ltr'>γνοὺς</span> <span class='ocrx_word' id='word_1_29' title='bbox 649 503 849 556; x_wconf 84' lang='grc' dir='ltr'>ἄνθρωπος,</span> <span class='ocrx_word' id='word_1_30' title='bbox 868 501 928 540; x_wconf 80' lang='grc' dir='ltr'>καὶ</span> <span class='ocrx_word' id='word_1_31' title='bbox 947 499 1027 540; x_wconf 84' lang='grc' dir='ltr'>οὔτε</span> <span class='ocrx_word' id='word_1_32' title='bbox 1043 499 1243 543; x_wconf 81' lang='grc' dir='ltr'>κολακείαις</span> <span class='ocrx_word' id='word_1_33' title='bbox 1260 501 1327 536; x_wconf 87' lang='grc' dir='ltr'>θω-</span> 
     </span>
     <span class='ocr_line' id='line_1_6' title="bbox 262 557 1326 616; baseline -0.008 -11"><span class='ocrx_word' id='word_1_34' title='bbox 262 564 452 616; x_wconf 89' lang='grc' dir='ltr'>πευόμενος</span> <span class='ocrx_word' id='word_1_35' title='bbox 464 595 474 612; x_wconf 93' lang='grc'>,</span> <span class='ocrx_word' id='word_1_36' title='bbox 489 562 569 603; x_wconf 80' lang='grc' dir='ltr'>οὔτε</span> <span class='ocrx_word' id='word_1_37' title='bbox 589 563 659 606; x_wconf 81' lang='grc' dir='ltr'>τοῖς</span> <span class='ocrx_word' id='word_1_38' title='bbox 679 561 935 611; x_wconf 82' lang='grc' dir='ltr'>ἐκδειμαίνουσι</span> <span class='ocrx_word' id='word_1_39' title='bbox 951 558 1241 609; x_wconf 81' lang='grc' dir='ltr'>ταπεινούμενος,</span> <span class='ocrx_word' id='word_1_40' title='bbox 1259 557 1326 596; x_wconf 81' lang='grc' dir='ltr'>κᾶν</span> 
     </span>
     <span class='ocr_line' id='line_1_7' title="bbox 263 617 1326 677; baseline -0.008 -13"><span class='ocrx_word' id='word_1_41' title='bbox 263 623 466 676; x_wconf 82' lang='grc' dir='ltr'>πολέμιοιῆ</span> <span class='ocrx_word' id='word_1_42' title='bbox 486 622 579 677; x_wconf 77' lang='grc' dir='ltr'>φίλοι</span> <span class='ocrx_word' id='word_1_43' title='bbox 598 623 809 674; x_wconf 79' lang='grc' dir='ltr'>ὁποτεραοῦν</span> <span class='ocrx_word' id='word_1_44' title='bbox 832 619 966 659; x_wconf 87' lang='grc' dir='ltr'>τούτων</span> <span class='ocrx_word' id='word_1_45' title='bbox 997 618 1241 672; x_wconf 88' lang='grc' dir='ltr'>προτείνωσιν.</span> <span class='ocrx_word' id='word_1_46' title='bbox 1265 617 1326 655; x_wconf 82' lang='grc' dir='ltr'>Ἐν</span> 
     </span>
     <span class='ocr_line' id='line_1_8' title="bbox 264 677 1326 738; baseline -0.008 -14"><span class='ocrx_word' id='word_1_47' title='bbox 264 685 335 738; x_wconf 81' lang='grc' dir='ltr'>γὰρ</span> <span class='ocrx_word' id='word_1_48' title='bbox 361 687 411 738; x_wconf 81' lang='grc' dir='ltr'>τῷ</span> <span class='ocrx_word' id='word_1_49' title='bbox 442 682 607 736; x_wconf 77' lang='grc' dir='ltr'>μηδεὶς</span> <span class='ocrx_word' id='word_1_50' title='bbox 623 688 693 720; x_wconf 81' lang='grc' dir='ltr'>πᾶν</span> <span class='ocrx_word' id='word_1_51' title='bbox 714 681 903 733; x_wconf 89' lang='grc' dir='ltr'>πρόσωπον</span> <span class='ocrx_word' id='word_1_52' title='bbox 935 684 1073 728; x_wconf 85' lang='grc' dir='ltr'>κεῖται,</span> <span class='ocrx_word' id='word_1_53' title='bbox 1100 678 1160 717; x_wconf 87' lang='grc' dir='ltr'>καὶ</span> <span class='ocrx_word' id='word_1_54' title='bbox 1184 677 1326 731; x_wconf 85' lang='grc' dir='ltr'>πατήρ,</span> 
     </span>
     <span class='ocr_line' id='line_1_9' title="bbox 264 737 1328 798; baseline -0.009 -14"><span class='ocrx_word' id='word_1_55' title='bbox 264 744 326 784; x_wconf 73' lang='grc' dir='ltr'>καὶ</span> <span class='ocrx_word' id='word_1_56' title='bbox 344 744 532 798; x_wconf 87' lang='grc' dir='ltr'>τύραννος,</span> <span class='ocrx_word' id='word_1_57' title='bbox 555 742 614 782; x_wconf 76' lang='grc' dir='ltr'>καὶ</span> <span class='ocrx_word' id='word_1_58' title='bbox 634 740 750 795; x_wconf 88' lang='grc' dir='ltr'>φίλος,</span> <span class='ocrx_word' id='word_1_59' title='bbox 770 741 830 779; x_wconf 86' lang='grc' dir='ltr'>καὶ</span> <span class='ocrx_word' id='word_1_60' title='bbox 851 738 984 792; x_wconf 86' lang='grc' dir='ltr'>ἐχθρός.</span> <span class='ocrx_word' id='word_1_61' title='bbox 1002 740 1050 778; x_wconf 84' lang='grc' dir='ltr'>Οἱ</span> <span class='ocrx_word' id='word_1_62' title='bbox 1070 738 1106 777; x_wconf 84' lang='grc' dir='ltr'>δὲ</span> <span class='ocrx_word' id='word_1_63' title='bbox 1127 737 1252 790; x_wconf 85' lang='grc' dir='ltr'>τρόποι</span> <span class='ocrx_word' id='word_1_64' title='bbox 1266 739 1328 783; x_wconf 70' lang='grc' dir='ltr'>τῆς</span> 
     </span>
    </p>
   </div>
   <div class='ocr_carea' id='block_1_3' title="bbox 263 796 1338 858">
    <p class='ocr_par' dir='ltr' id='par_1_3' title="bbox 263 796 1338 858">
     <span class='ocr_line' id='line_1_10' title="bbox 263 796 1338 858; baseline -0.008 -14"><span class='ocrx_word' id='word_1_65' title='bbox 263 806 481 858; x_wconf 77' lang='grc' dir='ltr'>παραγωγῆς</span> <span class='ocrx_word' id='word_1_66' title='bbox 515 802 537 850; x_wconf 82' lang='grc' dir='ltr'>ἢ</span> <span class='ocrx_word' id='word_1_67' title='bbox 567 800 624 840; x_wconf 79' lang='grc' dir='ltr'>διὰ</span> <span class='ocrx_word' id='word_1_68' title='bbox 642 799 785 852; x_wconf 89' lang='grc' dir='ltr'>λόγων</span> <span class='ocrx_word' id='word_1_69' title='bbox 815 797 996 851; x_wconf 84' lang='grc' dir='ltr'>ἢέργων</span> <span class='ocrx_word' id='word_1_70' title='bbox 1027 798 1195 850; x_wconf 87' lang='grc' dir='ltr'>γίνονται·</span> <span class='ocrx_word' id='word_1_71' title='bbox 1215 796 1338 849; x_wconf 64' lang='grc' dir='ltr'>λόγων.</span> 
     </span>
    </p>
   </div>
   <div class='ocr_carea' id='block_1_4' title="bbox 263 857 1337 2045">
    <p class='ocr_par' dir='ltr' id='par_1_4' title="bbox 263 857 1337 2045">
     <span class='ocr_line' id='line_1_11' title="bbox 266 857 1327 916; baseline -0.008 -12"><span class='ocrx_word' id='word_1_72' title='bbox 266 864 343 916; x_wconf 90' lang='grc' dir='ltr'>μέν,</span> <span class='ocrx_word' id='word_1_73' title='bbox 376 863 602 903; x_wconf 82' lang='grc' dir='ltr'>θωπευόντων</span> <span class='ocrx_word' id='word_1_74' title='bbox 629 860 652 908; x_wconf 84' lang='grc' dir='ltr'>ἢ</span> <span class='ocrx_word' id='word_1_75' title='bbox 681 859 933 907; x_wconf 85' lang='grc' dir='ltr'>ἀπειλούντων,</span> <span class='ocrx_word' id='word_1_76' title='bbox 963 858 1074 912; x_wconf 86' lang='grc' dir='ltr'>ἔργων</span> <span class='ocrx_word' id='word_1_77' title='bbox 1109 859 1165 906; x_wconf 89' lang='grc' dir='ltr'>δέ,</span> <span class='ocrx_word' id='word_1_78' title='bbox 1195 857 1327 909; x_wconf 72' lang='grc' dir='ltr'>δωρεὰς</span> 
     </span>
     <span class='ocr_line' id='line_1_12' title="bbox 264 917 1328 976; baseline -0.008 -13"><span class='ocrx_word' id='word_1_79' title='bbox 264 923 287 972; x_wconf 81' lang='grc' dir='ltr'>ἢ</span> <span class='ocrx_word' id='word_1_80' title='bbox 307 923 478 976; x_wconf 85' lang='grc' dir='ltr'>τιμωρίας</span> <span class='ocrx_word' id='word_1_81' title='bbox 498 919 762 975; x_wconf 86' lang='grc' dir='ltr'>προτεινόντων.</span> <span class='ocrx_word' id='word_1_82' title='bbox 786 917 880 971; x_wconf 80' lang='grc' dir='ltr'>Πρὸς</span> <span class='ocrx_word' id='word_1_83' title='bbox 894 919 1011 958; x_wconf 89' lang='grc' dir='ltr'>πάντα</span> <span class='ocrx_word' id='word_1_84' title='bbox 1028 917 1071 963; x_wconf 85' lang='grc' dir='ltr'>δὴ</span> <span class='ocrx_word' id='word_1_85' title='bbox 1089 920 1200 957; x_wconf 75' lang='grc' dir='ltr'>ταῦτα</span> <span class='ocrx_word' id='word_1_86' title='bbox 1220 933 1328 956; x_wconf 86' lang='grc' dir='ltr'>τετει·</span> 
     </span>
     <span class='ocr_line' id='line_1_13' title="bbox 263 976 1329 1037; baseline -0.008 -14"><span class='ocrx_word' id='word_1_87' title='bbox 263 982 437 1037; x_wconf 86' lang='grc' dir='ltr'>χισμένην</span> <span class='ocrx_word' id='word_1_88' title='bbox 458 984 508 1021; x_wconf 87' lang='grc' dir='ltr'>δεῖ</span> <span class='ocrx_word' id='word_1_89' title='bbox 529 980 592 1028; x_wconf 84' lang='grc' dir='ltr'>τὴν</span> <span class='ocrx_word' id='word_1_90' title='bbox 610 979 728 1033; x_wconf 79' lang='grc' dir='ltr'>ψυχὴν</span> <span class='ocrx_word' id='word_1_91' title='bbox 749 978 842 1031; x_wconf 85' lang='grc' dir='ltr'>ἔχειν</span> <span class='ocrx_word' id='word_1_92' title='bbox 866 979 917 1031; x_wconf 78' lang='grc' dir='ltr'>τῷ</span> <span class='ocrx_word' id='word_1_93' title='bbox 936 979 1027 1031; x_wconf 81' lang='grc' dir='ltr'>ὀρθῷ</span> <span class='ocrx_word' id='word_1_94' title='bbox 1047 977 1142 1032; x_wconf 86' lang='grc' dir='ltr'>λόγῳ</span> <span class='ocrx_word' id='word_1_95' title='bbox 1155 1010 1164 1027; x_wconf 91' lang='grc'>,</span> <span class='ocrx_word' id='word_1_96' title='bbox 1185 976 1270 1029; x_wconf 82' lang='grc' dir='ltr'>πρὸς</span> <span class='ocrx_word' id='word_1_97' title='bbox 1288 976 1329 1016; x_wconf 82' lang='grc' dir='ltr'>τὸ</span> 
     </span>
     <span class='ocr_line' id='line_1_14' title="bbox 265 1036 1328 1093; baseline -0.007 -11"><span class='ocrx_word' id='word_1_98' title='bbox 265 1042 465 1093; x_wconf 83' lang='grc' dir='ltr'>ἀμείλικτον</span> <span class='ocrx_word' id='word_1_99' title='bbox 499 1039 559 1079; x_wconf 75' lang='grc' dir='ltr'>καὶ</span> <span class='ocrx_word' id='word_1_100' title='bbox 587 1038 786 1079; x_wconf 86' lang='grc' dir='ltr'>ἀδούλωτον</span> <span class='ocrx_word' id='word_1_101' title='bbox 810 1036 879 1086; x_wconf 66' lang='grc' dir='ltr'>ὑπὸ</span> <span class='ocrx_word' id='word_1_102' title='bbox 908 1040 977 1076; x_wconf 86' lang='grc' dir='ltr'>τῶν</span> <span class='ocrx_word' id='word_1_103' title='bbox 1013 1040 1172 1077; x_wconf 84' lang='grc' dir='ltr'>ὁπωσοῦν</span> <span class='ocrx_word' id='word_1_104' title='bbox 1205 1037 1328 1083; x_wconf 86' lang='grc' dir='ltr'>ἔξωθεν</span> 
     </span>
     <span class='ocr_line' id='line_1_15' title="bbox 265 1096 1329 1155; baseline -0.005 -15"><span class='ocrx_word' id='word_1_105' title='bbox 265 1100 556 1155; x_wconf 85' lang='grc' dir='ltr'>προσπιπτόντων</span> <span class='ocrx_word' id='word_1_106' title='bbox 576 1099 662 1149; x_wconf 81' lang='grc' dir='ltr'>ἡμῖν</span> <span class='ocrx_word' id='word_1_107' title='bbox 682 1097 794 1146; x_wconf 83' lang='grc' dir='ltr'>ἡδέων</span> <span class='ocrx_word' id='word_1_108' title='bbox 825 1113 864 1136; x_wconf 92' lang='grc' dir='ltr'>τε</span> <span class='ocrx_word' id='word_1_109' title='bbox 897 1096 958 1135; x_wconf 78' lang='grc' dir='ltr'>καὶ</span> <span class='ocrx_word' id='word_1_110' title='bbox 989 1097 1172 1150; x_wconf 81' lang='grc' dir='ltr'>λυπηρῶν.</span> <span class='ocrx_word' id='word_1_111' title='bbox 1197 1096 1242 1136; x_wconf 91' lang='grc' dir='ltr'>Ὁ</span> <span class='ocrx_word' id='word_1_112' title='bbox 1261 1097 1329 1150; x_wconf 82' lang='grc' dir='ltr'>γὰρ</span> 
     </span>
     <span class='ocr_line' id='line_1_16' title="bbox 266 1155 1332 1213; baseline -0.005 -14"><span class='ocrx_word' id='word_1_113' title='bbox 266 1160 363 1213; x_wconf 83' lang='grc' dir='ltr'>ὀρθὸς</span> <span class='ocrx_word' id='word_1_114' title='bbox 382 1159 589 1213; x_wconf 82' lang='grc' dir='ltr'>ἐνυπάρχων</span> <span class='ocrx_word' id='word_1_115' title='bbox 602 1158 723 1210; x_wconf 84' lang='grc' dir='ltr'>λόγος,</span> <span class='ocrx_word' id='word_1_116' title='bbox 738 1155 967 1211; x_wconf 82' lang='grc' dir='ltr'>σωφροσύνην</span> <span class='ocrx_word' id='word_1_117' title='bbox 988 1155 1049 1195; x_wconf 81' lang='grc' dir='ltr'>καὶ</span> <span class='ocrx_word' id='word_1_118' title='bbox 1070 1155 1231 1209; x_wconf 82' lang='grc' dir='ltr'>ἀνδρείαν</span> <span class='ocrx_word' id='word_1_119' title='bbox 1253 1157 1332 1195; x_wconf 82' lang='grc' dir='ltr'>ἑκα-</span> 
     </span>
     <span class='ocr_line' id='line_1_17' title="bbox 265 1214 1331 1273; baseline -0.004 -15"><span class='ocrx_word' id='word_1_120' title='bbox 265 1218 414 1273; x_wconf 87' lang='grc' dir='ltr'>τέρωθεν</span> <span class='ocrx_word' id='word_1_121' title='bbox 433 1218 667 1272; x_wconf 75' lang='grc' dir='ltr'>παραστήσας</span> <span class='ocrx_word' id='word_1_122' title='bbox 687 1220 730 1266; x_wconf 83' lang='grc' dir='ltr'>τῇ</span> <span class='ocrx_word' id='word_1_123' title='bbox 758 1218 858 1269; x_wconf 76' lang='grc' dir='ltr'>ψυχῇ</span> <span class='ocrx_word' id='word_1_124' title='bbox 878 1215 959 1261; x_wconf 83' lang='grc' dir='ltr'>τοὺς</span> <span class='ocrx_word' id='word_1_125' title='bbox 988 1215 1244 1268; x_wconf 85' lang='grc' dir='ltr'>ἀδαμαντίνους</span> <span class='ocrx_word' id='word_1_126' title='bbox 1263 1214 1331 1270; x_wconf 80' lang='grc' dir='ltr'>φύ-</span> 
     </span>
     <span class='ocr_line' id='line_1_18' title="bbox 263 1274 1332 1329; baseline -0.003 -12"><span class='ocrx_word' id='word_1_127' title='bbox 263 1280 399 1326; x_wconf 81' lang='grc' dir='ltr'>λακας,</span> <span class='ocrx_word' id='word_1_128' title='bbox 417 1276 703 1324; x_wconf 83' lang='grc' dir='ltr'>ἀνεξαπατήτους</span> <span class='ocrx_word' id='word_1_129' title='bbox 730 1279 827 1327; x_wconf 83' lang='grc' dir='ltr'>ἡμᾶς</span> <span class='ocrx_word' id='word_1_130' title='bbox 855 1274 1064 1329; x_wconf 82' lang='grc' dir='ltr'>διατηρήσει</span> <span class='ocrx_word' id='word_1_131' title='bbox 1087 1274 1148 1314; x_wconf 80' lang='grc' dir='ltr'>καὶ</span> <span class='ocrx_word' id='word_1_132' title='bbox 1170 1274 1240 1314; x_wconf 85' lang='grc' dir='ltr'>ἀπὸ</span> <span class='ocrx_word' id='word_1_133' title='bbox 1268 1278 1332 1322; x_wconf 76' lang='grc' dir='ltr'>τῆς</span> 
     </span>
     <span class='ocr_line' id='line_1_19' title="bbox 264 1332 1332 1390; baseline -0.005 -14"><span class='ocrx_word' id='word_1_134' title='bbox 264 1338 334 1376; x_wconf 80' lang='grc' dir='ltr'>τῶν</span> <span class='ocrx_word' id='word_1_135' title='bbox 365 1339 551 1390; x_wconf 83' lang='grc' dir='ltr'>προσηνῶν</span> <span class='ocrx_word' id='word_1_136' title='bbox 582 1334 754 1383; x_wconf 84' lang='grc' dir='ltr'>θωπείας,</span> <span class='ocrx_word' id='word_1_137' title='bbox 787 1334 848 1373; x_wconf 73' lang='grc' dir='ltr'>καὶ</span> <span class='ocrx_word' id='word_1_138' title='bbox 881 1334 952 1374; x_wconf 83' lang='grc' dir='ltr'>ἀπὸ</span> <span class='ocrx_word' id='word_1_139' title='bbox 982 1336 1044 1382; x_wconf 76' lang='grc' dir='ltr'>τῆς</span> <span class='ocrx_word' id='word_1_140' title='bbox 1072 1336 1142 1373; x_wconf 82' lang='grc' dir='ltr'>τῶν</span> <span class='ocrx_word' id='word_1_141' title='bbox 1173 1332 1332 1387; x_wconf 76' lang='grc' dir='ltr'>φοὸερῶν</span> 
     </span>
     <span class='ocr_line' id='line_1_20' title="bbox 266 1389 1331 1447; baseline -0.006 -10"><span class='ocrx_word' id='word_1_142' title='bbox 266 1395 538 1442; x_wconf 80' lang='grc' dir='ltr'>καταπλήξεως·</span> <span class='ocrx_word' id='word_1_143' title='bbox 568 1389 617 1440; x_wconf 70' lang='grc' dir='ltr'>οἶς</span> <span class='ocrx_word' id='word_1_144' title='bbox 650 1394 843 1446; x_wconf 78' lang='grc' dir='ltr'>ἐπιγίνεται</span> <span class='ocrx_word' id='word_1_145' title='bbox 870 1392 1073 1441; x_wconf 86' lang='grc' dir='ltr'>δικαιοσύνη</span> <span class='ocrx_word' id='word_1_146' title='bbox 1101 1393 1268 1447; x_wconf 77' lang='grc' dir='ltr'>ἀκριὸής,</span> <span class='ocrx_word' id='word_1_147' title='bbox 1287 1393 1331 1441; x_wconf 85' lang='grc' dir='ltr'>ἣν</span> 
     </span>
     <span class='ocr_line' id='line_1_21' title="bbox 266 1451 1329 1512; baseline -0.003 -16"><span class='ocrx_word' id='word_1_148' title='bbox 266 1456 505 1512; x_wconf 86' lang='grc' dir='ltr'>παρήγγειλεν</span> <span class='ocrx_word' id='word_1_149' title='bbox 528 1454 601 1494; x_wconf 84' lang='grc' dir='ltr'>ἅνω</span> <span class='ocrx_word' id='word_1_150' title='bbox 631 1470 699 1493; x_wconf 91' lang='grc' dir='ltr'>που</span> <span class='ocrx_word' id='word_1_151' title='bbox 721 1456 871 1493; x_wconf 83' lang='grc' dir='ltr'>ἀσκεῖν</span> <span class='ocrx_word' id='word_1_152' title='bbox 906 1452 1016 1507; x_wconf 87' lang='grc' dir='ltr'>ἔργῳ</span> <span class='ocrx_word' id='word_1_153' title='bbox 1048 1468 1091 1492; x_wconf 89' lang='grc' dir='ltr'>τε</span> <span class='ocrx_word' id='word_1_154' title='bbox 1123 1451 1243 1507; x_wconf 85' lang='grc' dir='ltr'>λόγῳ</span> <span class='ocrx_word' id='word_1_155' title='bbox 1275 1468 1329 1493; x_wconf 82' lang='grc' dir='ltr'>τε.</span> 
     </span>
     <span class='ocr_line' id='line_1_22' title="bbox 265 1510 1331 1567; baseline -0.006 -10"><span class='ocrx_word' id='word_1_156' title='bbox 265 1516 373 1557; x_wconf 74' lang='grc' dir='ltr'>Οὕτω</span> <span class='ocrx_word' id='word_1_157' title='bbox 391 1515 453 1567; x_wconf 81' lang='grc' dir='ltr'>μὲν</span> <span class='ocrx_word' id='word_1_158' title='bbox 471 1510 529 1555; x_wconf 66' lang='grc' dir='ltr'>οὗν</span> <span class='ocrx_word' id='word_1_159' title='bbox 544 1514 653 1559; x_wconf 77' lang='grc' dir='ltr'>οὐδεὶς</span> <span class='ocrx_word' id='word_1_160' title='bbox 672 1515 834 1565; x_wconf 81' lang='grc' dir='ltr'>οὐδαμῶς</span> <span class='ocrx_word' id='word_1_161' title='bbox 852 1516 946 1563; x_wconf 82' lang='grc' dir='ltr'>ἡμᾶς</span> <span class='ocrx_word' id='word_1_162' title='bbox 966 1511 1149 1552; x_wconf 84' lang='grc' dir='ltr'>ἀναπείσει</span> <span class='ocrx_word' id='word_1_163' title='bbox 1162 1510 1185 1560; x_wconf 85' lang='grc' dir='ltr'>ἢ</span> <span class='ocrx_word' id='word_1_164' title='bbox 1200 1511 1331 1562; x_wconf 89' lang='grc' dir='ltr'>λόγον</span> 
     </span>
     <span class='ocr_line' id='line_1_23' title="bbox 265 1571 1331 1631; baseline -0.003 -16"><span class='ocrx_word' id='word_1_165' title='bbox 265 1575 458 1631; x_wconf 86' lang='grc' dir='ltr'>προέσθαι,</span> <span class='ocrx_word' id='word_1_166' title='bbox 473 1574 496 1623; x_wconf 83' lang='grc' dir='ltr'>ἢ</span> <span class='ocrx_word' id='word_1_167' title='bbox 511 1575 531 1615; x_wconf 82' lang='grc' dir='ltr'>ἔ</span> <span class='ocrx_word' id='word_1_168' title='bbox 542 1591 589 1628; x_wconf 92' lang='grc' dir='ltr'>ργ</span> <span class='ocrx_word' id='word_1_169' title='bbox 603 1590 620 1612; x_wconf 94' lang='lat' dir='ltr'><strong>o</strong></span> <span class='ocrx_word' id='word_1_170' title='bbox 631 1590 648 1611; x_wconf 95' lang='grc' dir='ltr'>ν</span> <span class='ocrx_word' id='word_1_171' title='bbox 670 1573 948 1626; x_wconf 85' lang='grc' dir='ltr'>διαπράξασθαι,</span> <span class='ocrx_word' id='word_1_172' title='bbox 965 1572 983 1612; x_wconf 89' lang='grc' dir='ltr'>ὃ</span> <span class='ocrx_word' id='word_1_173' title='bbox 1000 1572 1050 1624; x_wconf 88' lang='grc' dir='ltr'>μὴ</span> <span class='ocrx_word' id='word_1_174' title='bbox 1065 1574 1115 1625; x_wconf 80' lang='grc' dir='ltr'>τῷ</span> <span class='ocrx_word' id='word_1_175' title='bbox 1129 1574 1221 1626; x_wconf 80' lang='grc' dir='ltr'>ὀρθῷ</span> <span class='ocrx_word' id='word_1_176' title='bbox 1237 1571 1331 1626; x_wconf 84' lang='grc' dir='ltr'>λόγῳ</span> 
     </span>
     <span class='ocr_line' id='line_1_24' title="bbox 267 1631 1332 1687; baseline -0.002 -13"><span class='ocrx_word' id='word_1_177' title='bbox 267 1635 341 1674; x_wconf 82' lang='grc' dir='ltr'>ἐστὶ</span> <span class='ocrx_word' id='word_1_178' title='bbox 362 1634 560 1687; x_wconf 80' lang='grc' dir='ltr'>σύμφωνον.</span> <span class='ocrx_word' id='word_1_179' title='bbox 598 1635 643 1674; x_wconf 85' lang='grc' dir='ltr'>Εἰ</span> <span class='ocrx_word' id='word_1_180' title='bbox 662 1633 730 1686; x_wconf 82' lang='grc' dir='ltr'>γὰρ</span> <span class='ocrx_word' id='word_1_181' title='bbox 751 1633 894 1672; x_wconf 83' lang='grc' dir='ltr'>πάντων</span> <span class='ocrx_word' id='word_1_182' title='bbox 923 1632 1067 1683; x_wconf 85' lang='grc' dir='ltr'>μάλιστ’</span> <span class='ocrx_word' id='word_1_183' title='bbox 1089 1631 1332 1685; x_wconf 80' lang='grc' dir='ltr'>αἰσχυνοίμεθ’</span> 
     </span>
     <span class='ocr_line' id='line_1_25' title="bbox 265 1691 1331 1744; baseline -0.004 -11"><span class='ocrx_word' id='word_1_184' title='bbox 265 1694 427 1744; x_wconf 84' lang='grc' dir='ltr'>ἑαυτούς,</span> <span class='ocrx_word' id='word_1_185' title='bbox 455 1693 559 1740; x_wconf 81' lang='grc' dir='ltr'>δῆλον</span> <span class='ocrx_word' id='word_1_186' title='bbox 590 1694 636 1737; x_wconf 81' lang='grc' dir='ltr'>ὥς</span> <span class='ocrx_word' id='word_1_187' title='bbox 658 1692 777 1736; x_wconf 59' lang='grc' dir='ltr'>οὐδεὶς</span> <span class='ocrx_word' id='word_1_188' title='bbox 812 1695 899 1743; x_wconf 85' lang='grc' dir='ltr'>ἡμῖν</span> <span class='ocrx_word' id='word_1_189' title='bbox 929 1691 1201 1744; x_wconf 85' lang='grc' dir='ltr'>αἷδεσιμώτερος</span> <span class='ocrx_word' id='word_1_190' title='bbox 1229 1694 1331 1742; x_wconf 86' lang='grc' dir='ltr'>ἡμῶν</span> 
     </span>
     <span class='ocr_line' id='line_1_26' title="bbox 268 1750 1332 1806; baseline -0.003 -14"><span class='ocrx_word' id='word_1_191' title='bbox 268 1754 382 1793; x_wconf 77' lang='grc' dir='ltr'>αὐτῶν</span> <span class='ocrx_word' id='word_1_192' title='bbox 408 1752 623 1806; x_wconf 89' lang='grc' dir='ltr'>φανήσεται,</span> <span class='ocrx_word' id='word_1_193' title='bbox 648 1750 726 1791; x_wconf 78' lang='grc' dir='ltr'>οὐδὲ</span> <span class='ocrx_word' id='word_1_194' title='bbox 748 1751 1007 1805; x_wconf 74' lang='grc' dir='ltr'>φοὸερώτερος,</span> <span class='ocrx_word' id='word_1_195' title='bbox 1027 1753 1074 1795; x_wconf 85' lang='grc' dir='ltr'>ὡς</span> <span class='ocrx_word' id='word_1_196' title='bbox 1102 1751 1332 1804; x_wconf 83' lang='grc' dir='ltr'>προκαλέσα-</span> 
     </span>
     <span class='ocr_line' id='line_1_27' title="bbox 266 1809 1332 1865; baseline -0.001 -15"><span class='ocrx_word' id='word_1_197' title='bbox 266 1814 346 1850; x_wconf 86' lang='grc' dir='ltr'>σθαι</span> <span class='ocrx_word' id='word_1_198' title='bbox 364 1811 462 1865; x_wconf 77' lang='grc' dir='ltr'>παρὰ</span> <span class='ocrx_word' id='word_1_199' title='bbox 481 1811 521 1850; x_wconf 81' lang='grc' dir='ltr'>τὸ</span> <span class='ocrx_word' id='word_1_200' title='bbox 542 1810 617 1851; x_wconf 87' lang='grc' dir='ltr'>δέον</span> <span class='ocrx_word' id='word_1_201' title='bbox 635 1811 743 1850; x_wconf 85' lang='grc' dir='ltr'>εἰπεῖν</span> <span class='ocrx_word' id='word_1_202' title='bbox 761 1826 796 1850; x_wconf 92' lang='grc' dir='ltr'>τι</span> <span class='ocrx_word' id='word_1_203' title='bbox 815 1810 838 1859; x_wconf 84' lang='grc' dir='ltr'>ἢ</span> <span class='ocrx_word' id='word_1_204' title='bbox 860 1810 1005 1864; x_wconf 82' lang='grc' dir='ltr'>πρᾶξαι.</span> <span class='ocrx_word' id='word_1_205' title='bbox 1026 1809 1245 1855; x_wconf 73' lang='grc' dir='ltr'>Ἔπιὸλαὸὲς</span> <span class='ocrx_word' id='word_1_206' title='bbox 1263 1810 1332 1864; x_wconf 85' lang='grc' dir='ltr'>γὰρ</span> 
     </span>
     <span class='ocr_line' id='line_1_28' title="bbox 265 1869 1337 1925; baseline 0.003 -17"><span class='ocrx_word' id='word_1_207' title='bbox 265 1874 309 1925; x_wconf 68' lang='grc' dir='ltr'>τῇ</span> <span class='ocrx_word' id='word_1_208' title='bbox 329 1873 428 1925; x_wconf 77' lang='grc' dir='ltr'>ψυχῇ</span> <span class='ocrx_word' id='word_1_209' title='bbox 452 1870 632 1924; x_wconf 78' lang='grc' dir='ltr'>ἑκάτερον.</span> <span class='ocrx_word' id='word_1_210' title='bbox 656 1870 709 1910; x_wconf 85' lang='grc' dir='ltr'>Τὸ</span> <span class='ocrx_word' id='word_1_211' title='bbox 730 1870 767 1908; x_wconf 83' lang='grc' dir='ltr'>δὲ</span> <span class='ocrx_word' id='word_1_212' title='bbox 787 1869 902 1924; x_wconf 83' lang='grc' dir='ltr'>ἐκείνῃ</span> <span class='ocrx_word' id='word_1_213' title='bbox 937 1870 1124 1925; x_wconf 75' lang='grc' dir='ltr'>βλαὸερόν,</span> <span class='ocrx_word' id='word_1_214' title='bbox 1145 1873 1249 1910; x_wconf 75' lang='grc' dir='ltr'>τοῦτο</span> <span class='ocrx_word' id='word_1_215' title='bbox 1276 1871 1337 1911; x_wconf 78' lang='grc' dir='ltr'>καὶ</span> 
     </span>
     <span class='ocr_line' id='line_1_29' title="bbox 265 1925 1335 1984; baseline 0.002 -16"><span class='ocrx_word' id='word_1_216' title='bbox 265 1934 352 1982; x_wconf 82' lang='grc' dir='ltr'>ἡμῖν</span> <span class='ocrx_word' id='word_1_217' title='bbox 376 1930 591 1983; x_wconf 89' lang='grc' dir='ltr'>ἀσύμφορον·</span> <span class='ocrx_word' id='word_1_218' title='bbox 610 1929 755 1984; x_wconf 82' lang='grc' dir='ltr'>ἐπείπερ</span> <span class='ocrx_word' id='word_1_219' title='bbox 774 1932 877 1982; x_wconf 87' lang='grc' dir='ltr'>ἡμεῖς</span> <span class='ocrx_word' id='word_1_220' title='bbox 896 1933 918 1978; x_wconf 85' lang='grc' dir='ltr'>ἡ</span> <span class='ocrx_word' id='word_1_221' title='bbox 939 1930 1052 1984; x_wconf 83' lang='grc' dir='ltr'>ψυχή.</span> <span class='ocrx_word' id='word_1_222' title='bbox 1082 1930 1252 1984; x_wconf 76' lang='grc' dir='ltr'>Ἀκριὸῶς</span> <span class='ocrx_word' id='word_1_223' title='bbox 1276 1925 1335 1970; x_wconf 75' lang='grc' dir='ltr'>οῧν</span> 
     </span>
     <span class='ocr_line' id='line_1_30' title="bbox 267 1987 1335 2045; baseline 0.002 -17"><span class='ocrx_word' id='word_1_224' title='bbox 267 1989 456 2030; x_wconf 81' lang='grc' dir='ltr'>ἀκουστέον</span> <span class='ocrx_word' id='word_1_225' title='bbox 475 1993 536 2029; x_wconf 79' lang='grc' dir='ltr'>τοῦ</span> <span class='ocrx_word' id='word_1_226' title='bbox 553 1989 593 2039; x_wconf 79' lang='grc' dir='ltr'>ὅ,</span> <span class='ocrx_word' id='word_1_227' title='bbox 614 2005 658 2028; x_wconf 91' lang='grc' dir='ltr'>τι</span> <span class='ocrx_word' id='word_1_228' title='bbox 683 2005 752 2029; x_wconf 89' lang='grc' dir='ltr'>τοι</span> <span class='ocrx_word' id='word_1_229' title='bbox 778 1987 837 2040; x_wconf 82' lang='grc' dir='ltr'>μὴ</span> <span class='ocrx_word' id='word_1_230' title='bbox 861 1989 1081 2045; x_wconf 87' lang='grc' dir='ltr'>βέλτερόν</span> <span class='ocrx_word' id='word_1_231' title='bbox 1111 1991 1231 2030; x_wconf 83' lang='grc' dir='ltr'>ἐστι·</span> <span class='ocrx_word' id='word_1_232' title='bbox 1255 1993 1335 2030; x_wconf 89' lang='grc' dir='ltr'>κατ’</span> 
     </span>
    </p>
   </div>
   <div class='ocr_carea' id='block_1_5' title="bbox 255 2138 1340 3553">
    <p class='ocr_par' dir='ltr' id='par_1_5' title="bbox 255 2138 1340 3553">
     <span class='ocr_line' id='line_1_31' title="bbox 255 2138 1334 2190; baseline 0.004 -14"><span class='ocrx_word' id='word_1_233' title='bbox 255 2138 437 2188; x_wconf 78' lang='lat' dir='ltr'><strong>facinore</strong></span> <span class='ocrx_word' id='word_1_234' title='bbox 458 2142 536 2177; x_wconf 83' lang='lat' dir='ltr'>ullo</span> <span class='ocrx_word' id='word_1_235' title='bbox 555 2141 732 2190; x_wconf 81' lang='lat' dir='ltr'><strong>decipiat.</strong></span> <span class='ocrx_word' id='word_1_236' title='bbox 764 2142 834 2178; x_wconf 92' lang='lat' dir='ltr'><strong>Ille</strong></span> <span class='ocrx_word' id='word_1_237' title='bbox 864 2143 965 2178; x_wconf 90' lang='lat' dir='ltr'><strong>enim</strong></span> <span class='ocrx_word' id='word_1_238' title='bbox 995 2142 1098 2179; x_wconf 89' lang='lat' dir='ltr'><strong>solus</strong></span> <span class='ocrx_word' id='word_1_239' title='bbox 1133 2142 1334 2180; x_wconf 86' lang='lat' dir='ltr'><strong>fraudibus</strong></span> 
     </span>
     <span class='ocr_line' id='line_1_32' title="bbox 268 2200 1333 2251; baseline 0.003 -15"><span class='ocrx_word' id='word_1_240' title='bbox 268 2213 348 2237; x_wconf 90' lang='lat' dir='ltr'>non</span> <span class='ocrx_word' id='word_1_241' title='bbox 367 2207 424 2237; x_wconf 91' lang='lat' dir='ltr'>est</span> <span class='ocrx_word' id='word_1_242' title='bbox 441 2201 651 2247; x_wconf 87' lang='lat' dir='ltr'><strong>obnoxius,</strong></span> <span class='ocrx_word' id='word_1_243' title='bbox 673 2213 799 2250; x_wconf 90' lang='lat' dir='ltr'><strong>neque</strong></span> <span class='ocrx_word' id='word_1_244' title='bbox 819 2200 929 2238; x_wconf 85' lang='lat' dir='ltr'><strong>facile</strong></span> <span class='ocrx_word' id='word_1_245' title='bbox 946 2209 1076 2250; x_wconf 90' lang='lat' dir='ltr'><strong>potest</strong></span> <span class='ocrx_word' id='word_1_246' title='bbox 1094 2215 1116 2238; x_wconf 88' lang='lat' dir='ltr'><strong>a</strong></span> <span class='ocrx_word' id='word_1_247' title='bbox 1135 2215 1333 2251; x_wconf 89' lang='lat' dir='ltr'><strong>quoquam</strong></span> 
     </span>
     <span class='ocr_line' id='line_1_33' title="bbox 268 2259 1335 2310; baseline 0.004 -15"><span class='ocrx_word' id='word_1_248' title='bbox 268 2259 345 2297; x_wconf 86' lang='lat' dir='ltr'><strong>ulla</strong></span> <span class='ocrx_word' id='word_1_249' title='bbox 362 2260 512 2296; x_wconf 87' lang='lat' dir='ltr'><strong>ratione</strong></span> <span class='ocrx_word' id='word_1_250' title='bbox 529 2259 672 2309; x_wconf 87' lang='lat' dir='ltr'>decipi,</span> <span class='ocrx_word' id='word_1_251' title='bbox 691 2261 758 2309; x_wconf 91' lang='lat' dir='ltr'><strong>qui</strong></span> <span class='ocrx_word' id='word_1_252' title='bbox 776 2273 852 2297; x_wconf 83' lang='lat' dir='ltr'><strong>suae</strong></span> <span class='ocrx_word' id='word_1_253' title='bbox 865 2261 937 2297; x_wconf 90' lang='lat' dir='ltr'><strong>sibi</strong></span> <span class='ocrx_word' id='word_1_254' title='bbox 954 2261 1147 2310; x_wconf 85' lang='lat' dir='ltr'><strong>dignitatis</strong></span> <span class='ocrx_word' id='word_1_255' title='bbox 1161 2262 1335 2299; x_wconf 91' lang='lat' dir='ltr'><strong>conscius</strong></span> 
     </span>
     <span class='ocr_line' id='line_1_34' title="bbox 269 2319 1334 2369; baseline 0.002 -15"><span class='ocrx_word' id='word_1_256' title='bbox 269 2325 323 2354; x_wconf 90' lang='lat' dir='ltr'>est</span> <span class='ocrx_word' id='word_1_257' title='bbox 342 2325 379 2355; x_wconf 89' lang='lat' dir='ltr'>et</span> <span class='ocrx_word' id='word_1_258' title='bbox 394 2331 519 2368; x_wconf 89' lang='lat' dir='ltr'><strong>neque</strong></span> <span class='ocrx_word' id='word_1_259' title='bbox 535 2319 820 2356; x_wconf 89' lang='lat' dir='ltr'><strong>adulationibus</strong></span> <span class='ocrx_word' id='word_1_260' title='bbox 843 2320 1007 2369; x_wconf 88' lang='lat' dir='ltr'><strong>capitur,</strong></span> <span class='ocrx_word' id='word_1_261' title='bbox 1029 2333 1099 2357; x_wconf 88' lang='lat' dir='ltr'>nec</span> <span class='ocrx_word' id='word_1_262' title='bbox 1120 2321 1334 2358; x_wconf 88' lang='lat' dir='ltr'><strong>terroribus</strong></span> 
     </span>
     <span class='ocr_line' id='line_1_35' title="bbox 269 2378 1335 2430; baseline 0.004 -16"><span class='ocrx_word' id='word_1_263' title='bbox 269 2378 512 2430; x_wconf 81' lang='lat' dir='ltr'><strong>deprimitur,</strong></span> <span class='ocrx_word' id='word_1_264' title='bbox 534 2386 777 2428; x_wconf 85' lang='lat' dir='ltr'><strong>utracunque</strong></span> <span class='ocrx_word' id='word_1_265' title='bbox 810 2380 951 2417; x_wconf 91' lang='lat' dir='ltr'><strong>horum</strong></span> <span class='ocrx_word' id='word_1_266' title='bbox 977 2381 1012 2417; x_wconf 93' lang='lat' dir='ltr'>ei</span> <span class='ocrx_word' id='word_1_267' title='bbox 1032 2381 1089 2418; x_wconf 90' lang='lat' dir='ltr'>vel</span> <span class='ocrx_word' id='word_1_268' title='bbox 1117 2381 1244 2418; x_wconf 89' lang='lat' dir='ltr'><strong>hostes</strong></span> <span class='ocrx_word' id='word_1_269' title='bbox 1274 2382 1335 2417; x_wconf 82' lang='lat' dir='ltr'>vel</span> 
     </span>
     <span class='ocr_line' id='line_1_36' title="bbox 270 2438 1336 2488; baseline 0.005 -15"><span class='ocrx_word' id='word_1_270' title='bbox 270 2439 382 2474; x_wconf 80' lang='lat' dir='ltr'><strong>amici</strong></span> <span class='ocrx_word' id='word_1_271' title='bbox 399 2438 624 2487; x_wconf 89' lang='lat' dir='ltr'><strong>objecerint.</strong></span> <span class='ocrx_word' id='word_1_272' title='bbox 637 2440 733 2476; x_wconf 86' lang='lat' dir='ltr'>Nam</span> <span class='ocrx_word' id='word_1_273' title='bbox 748 2441 854 2488; x_wconf 87' lang='lat' dir='ltr'><strong>quod</strong></span> <span class='ocrx_word' id='word_1_274' title='bbox 869 2440 966 2477; x_wconf 83' lang='lat' dir='ltr'><strong>dixit</strong></span> <span class='ocrx_word' id='word_1_275' title='bbox 975 2454 1103 2486; x_wconf 87' lang='lat' dir='ltr'><strong>nemo,</strong></span> <span class='ocrx_word' id='word_1_276' title='bbox 1119 2440 1187 2478; x_wconf 88' lang='lat' dir='ltr'><strong>illo</strong></span> <span class='ocrx_word' id='word_1_277' title='bbox 1205 2454 1336 2478; x_wconf 88' lang='lat' dir='ltr'><strong>omnes</strong></span> 
     </span>
     <span class='ocr_line' id='line_1_37' title="bbox 271 2501 1336 2550; baseline 0.003 -17"><span class='ocrx_word' id='word_1_278' title='bbox 271 2509 464 2548; x_wconf 78' lang='lat' dir='ltr'>personae,</span> <span class='ocrx_word' id='word_1_279' title='bbox 482 2506 520 2535; x_wconf 85' lang='lat' dir='ltr'>et</span> <span class='ocrx_word' id='word_1_280' title='bbox 538 2506 663 2548; x_wconf 89' lang='lat' dir='ltr'><strong>pater,</strong></span> <span class='ocrx_word' id='word_1_281' title='bbox 681 2508 718 2536; x_wconf 87' lang='lat' dir='ltr'>et</span> <span class='ocrx_word' id='word_1_282' title='bbox 738 2506 945 2550; x_wconf 84' lang='lat' dir='ltr'><strong>tyrannus,</strong></span> <span class='ocrx_word' id='word_1_283' title='bbox 967 2507 1005 2537; x_wconf 91' lang='lat' dir='ltr'>et</span> <span class='ocrx_word' id='word_1_284' title='bbox 1026 2501 1171 2537; x_wconf 87' lang='lat' dir='ltr'><strong>amicus</strong></span> <span class='ocrx_word' id='word_1_285' title='bbox 1198 2507 1236 2537; x_wconf 93' lang='lat' dir='ltr'>et</span> <span class='ocrx_word' id='word_1_286' title='bbox 1258 2501 1336 2536; x_wconf 90' lang='lat' dir='ltr'><strong>ini—</strong></span> 
     </span>
     <span class='ocr_line' id='line_1_38' title="bbox 271 2557 1337 2608; baseline 0.004 -17"><span class='ocrx_word' id='word_1_287' title='bbox 271 2557 392 2592; x_wconf 89' lang='lat' dir='ltr'><strong>micus</strong></span> <span class='ocrx_word' id='word_1_288' title='bbox 421 2558 683 2597; x_wconf 87' lang='lat' dir='ltr'><strong>continentur.</strong></span> <span class='ocrx_word' id='word_1_289' title='bbox 716 2560 966 2608; x_wconf 90' lang='lat' dir='ltr'><strong>Deceptionis</strong></span> <span class='ocrx_word' id='word_1_290' title='bbox 995 2572 1089 2597; x_wconf 82' lang='lat' dir='ltr'><strong>vero</strong></span> <span class='ocrx_word' id='word_1_291' title='bbox 1123 2559 1231 2596; x_wconf 92' lang='lat' dir='ltr'><strong>modi</strong></span> <span class='ocrx_word' id='word_1_292' title='bbox 1270 2567 1337 2596; x_wconf 86' lang='lat' dir='ltr'>aut</span> 
     </span>
     <span class='ocr_line' id='line_1_39' title="bbox 273 2615 1336 2669; baseline 0.004 -18"><span class='ocrx_word' id='word_1_293' title='bbox 273 2615 383 2652; x_wconf 83' lang='lat' dir='ltr'><strong>dictis</strong></span> <span class='ocrx_word' id='word_1_294' title='bbox 404 2624 469 2652; x_wconf 90' lang='lat' dir='ltr'>aut</span> <span class='ocrx_word' id='word_1_295' title='bbox 487 2617 596 2654; x_wconf 86' lang='lat' dir='ltr'><strong>factis</strong></span> <span class='ocrx_word' id='word_1_296' title='bbox 615 2617 733 2666; x_wconf 86' lang='lat' dir='ltr'><strong>fiunt,</strong></span> <span class='ocrx_word' id='word_1_297' title='bbox 751 2619 864 2655; x_wconf 87' lang='lat' dir='ltr'><strong>dictis</strong></span> <span class='ocrx_word' id='word_1_298' title='bbox 879 2620 1038 2669; x_wconf 89' lang='lat' dir='ltr'><strong>quidem</strong></span> <span class='ocrx_word' id='word_1_299' title='bbox 1053 2619 1336 2657; x_wconf 79' lang='lat' dir='ltr'>blandientium</span> 
     </span>
     <span class='ocr_line' id='line_1_40' title="bbox 272 2675 1338 2729; baseline 0.007 -19"><span class='ocrx_word' id='word_1_300' title='bbox 272 2675 332 2711; x_wconf 87' lang='lat' dir='ltr'>vel</span> <span class='ocrx_word' id='word_1_301' title='bbox 348 2676 621 2724; x_wconf 81' lang='lat' dir='ltr'><strong>minitantium,</strong></span> <span class='ocrx_word' id='word_1_302' title='bbox 642 2678 747 2715; x_wconf 86' lang='lat' dir='ltr'><strong>factis</strong></span> <span class='ocrx_word' id='word_1_303' title='bbox 769 2686 897 2716; x_wconf 82' lang='lat' dir='ltr'><strong>autem</strong></span> <span class='ocrx_word' id='word_1_304' title='bbox 925 2692 1087 2717; x_wconf 89' lang='lat' dir='ltr'><strong>munera</strong></span> <span class='ocrx_word' id='word_1_305' title='bbox 1114 2680 1176 2717; x_wconf 88' lang='lat' dir='ltr'>vel</span> <span class='ocrx_word' id='word_1_306' title='bbox 1205 2692 1338 2729; x_wconf 81' lang='lat' dir='ltr'><strong>poenas</strong></span> 
     </span>
     <span class='ocr_line' id='line_1_41' title="bbox 272 2736 1337 2789; baseline 0.008 -20"><span class='ocrx_word' id='word_1_307' title='bbox 272 2736 588 2784; x_wconf 86' lang='lat' dir='ltr'><strong>proponentium.</strong></span> <span class='ocrx_word' id='word_1_308' title='bbox 627 2737 790 2786; x_wconf 84' lang='lat' dir='ltr'><strong>Oportet</strong></span> <span class='ocrx_word' id='word_1_309' title='bbox 825 2751 917 2789; x_wconf 89' lang='lat' dir='ltr'><strong>ergo</strong></span> <span class='ocrx_word' id='word_1_310' title='bbox 952 2753 1023 2776; x_wconf 90' lang='lat' dir='ltr'>nos</span> <span class='ocrx_word' id='word_1_311' title='bbox 1044 2740 1226 2777; x_wconf 86' lang='lat' dir='ltr'><strong>adversus</strong></span> <span class='ocrx_word' id='word_1_312' title='bbox 1258 2741 1337 2777; x_wconf 87' lang='lat' dir='ltr'>haec</span> 
     </span>
     <span class='ocr_line' id='line_1_42' title="bbox 276 2796 1338 2848; baseline 0.005 -16"><span class='ocrx_word' id='word_1_313' title='bbox 276 2796 404 2832; x_wconf 90' lang='lat' dir='ltr'><strong>omnia</strong></span> <span class='ocrx_word' id='word_1_314' title='bbox 422 2803 526 2832; x_wconf 90' lang='lat' dir='ltr'><strong>recta</strong></span> <span class='ocrx_word' id='word_1_315' title='bbox 546 2798 694 2834; x_wconf 91' lang='lat' dir='ltr'><strong>ratione</strong></span> <span class='ocrx_word' id='word_1_316' title='bbox 715 2800 905 2836; x_wconf 89' lang='lat' dir='ltr'><strong>munitum</strong></span> <span class='ocrx_word' id='word_1_317' title='bbox 922 2800 1065 2837; x_wconf 89' lang='lat' dir='ltr'><strong>habere</strong></span> <span class='ocrx_word' id='word_1_318' title='bbox 1082 2801 1252 2837; x_wconf 88' lang='lat' dir='ltr'><strong>animum</strong></span> <span class='ocrx_word' id='word_1_319' title='bbox 1265 2829 1276 2848; x_wconf 86' lang='lat'><strong>,</strong></span> <span class='ocrx_word' id='word_1_320' title='bbox 1294 2808 1338 2837; x_wconf 91' lang='lat' dir='ltr'>ut</span> 
     </span>
     <span class='ocr_line' id='line_1_43' title="bbox 275 2853 1339 2905; baseline 0.008 -16"><span class='ocrx_word' id='word_1_321' title='bbox 275 2867 401 2902; x_wconf 85' lang='lat' dir='ltr'><strong>neque</strong></span> <span class='ocrx_word' id='word_1_322' title='bbox 428 2853 610 2902; x_wconf 86' lang='lat' dir='ltr'><strong>jucundis</strong></span> <span class='ocrx_word' id='word_1_323' title='bbox 640 2870 723 2905; x_wconf 88' lang='lat' dir='ltr'><strong>quae</strong></span> <span class='ocrx_word' id='word_1_324' title='bbox 756 2859 986 2895; x_wconf 87' lang='lat' dir='ltr'><strong>extrinsecus</strong></span> <span class='ocrx_word' id='word_1_325' title='bbox 1015 2860 1128 2896; x_wconf 90' lang='lat' dir='ltr'><strong>nobis</strong></span> <span class='ocrx_word' id='word_1_326' title='bbox 1156 2860 1339 2897; x_wconf 86' lang='lat' dir='ltr'><strong>accidunt</strong></span> 
     </span>
     <span class='ocr_line' id='line_1_44' title="bbox 276 2913 1336 2970; baseline 0.009 -23"><span class='ocrx_word' id='word_1_327' title='bbox 276 2913 520 2959; x_wconf 86' lang='lat' dir='ltr'><strong>deliniamur,</strong></span> <span class='ocrx_word' id='word_1_328' title='bbox 529 2927 655 2964; x_wconf 91' lang='lat' dir='ltr'><strong>neque</strong></span> <span class='ocrx_word' id='word_1_329' title='bbox 670 2917 814 2954; x_wconf 82' lang='lat' dir='ltr'>acerbis</span> <span class='ocrx_word' id='word_1_330' title='bbox 825 2919 865 2953; x_wconf 93' lang='lat' dir='ltr'>in</span> <span class='ocrx_word' id='word_1_331' title='bbox 875 2918 1092 2956; x_wconf 89' lang='lat' dir='ltr'><strong>servitutem</strong></span> <span class='ocrx_word' id='word_1_332' title='bbox 1101 2919 1336 2970; x_wconf 86' lang='lat' dir='ltr'><strong>redigamur.</strong></span> 
     </span>
     <span class='ocr_line' id='line_1_45' title="bbox 276 2973 1337 3017; baseline 0.008 -9"><span class='ocrx_word' id='word_1_333' title='bbox 276 2973 397 3009; x_wconf 84' lang='lat' dir='ltr'><strong>Recta</strong></span> <span class='ocrx_word' id='word_1_334' title='bbox 435 2974 534 3010; x_wconf 87' lang='lat' dir='ltr'><strong>enim</strong></span> <span class='ocrx_word' id='word_1_335' title='bbox 569 2976 667 3012; x_wconf 90' lang='lat' dir='ltr'><strong>ratio</strong></span> <span class='ocrx_word' id='word_1_336' title='bbox 703 2977 816 3013; x_wconf 88' lang='lat' dir='ltr'><strong>nobis</strong></span> <span class='ocrx_word' id='word_1_337' title='bbox 847 2978 960 3014; x_wconf 89' lang='lat' dir='ltr'><strong>insita</strong></span> <span class='ocrx_word' id='word_1_338' title='bbox 1001 2979 1176 3016; x_wconf 85' lang='lat' dir='ltr'><strong>custodes</strong></span> <span class='ocrx_word' id='word_1_339' title='bbox 1206 2981 1337 3017; x_wconf 88' lang='lat' dir='ltr'><strong>animo</strong></span> 
     </span>
     <span class='ocr_line' id='line_1_46' title="bbox 276 3032 1338 3085; baseline 0.009 -18"><span class='ocrx_word' id='word_1_340' title='bbox 276 3032 458 3082; x_wconf 89' lang='lat' dir='ltr'><strong>utrinque</strong></span> <span class='ocrx_word' id='word_1_341' title='bbox 486 3032 777 3081; x_wconf 88' lang='lat' dir='ltr'><strong>adamantinos,</strong></span> <span class='ocrx_word' id='word_1_342' title='bbox 798 3038 1093 3085; x_wconf 82' lang='lat' dir='ltr'><strong>temperantiam</strong></span> <span class='ocrx_word' id='word_1_343' title='bbox 1118 3046 1156 3075; x_wconf 89' lang='lat' dir='ltr'>et</span> <span class='ocrx_word' id='word_1_344' title='bbox 1180 3039 1338 3076; x_wconf 88' lang='lat' dir='ltr'><strong>fortitu—</strong></span> 
     </span>
     <span class='ocr_line' id='line_1_47' title="bbox 278 3091 1339 3145; baseline 0.008 -19"><span class='ocrx_word' id='word_1_345' title='bbox 278 3091 423 3137; x_wconf 89' lang='lat' dir='ltr'><strong>dinem,</strong></span> <span class='ocrx_word' id='word_1_346' title='bbox 453 3103 652 3141; x_wconf 86' lang='lat' dir='ltr'><strong>apponens</strong></span> <span class='ocrx_word' id='word_1_347' title='bbox 678 3105 748 3130; x_wconf 90' lang='lat' dir='ltr'>nos</span> <span class='ocrx_word' id='word_1_348' title='bbox 782 3101 860 3130; x_wconf 88' lang='lat' dir='ltr'>tum</span> <span class='ocrx_word' id='word_1_349' title='bbox 882 3107 903 3131; x_wconf 90' lang='lat' dir='ltr'><strong>a</strong></span> <span class='ocrx_word' id='word_1_350' title='bbox 922 3103 1119 3145; x_wconf 87' lang='lat' dir='ltr'><strong>gratorum</strong></span> <span class='ocrx_word' id='word_1_351' title='bbox 1138 3098 1339 3135; x_wconf 87' lang='lat' dir='ltr'><strong>hominum</strong></span> 
     </span>
     <span class='ocr_line' id='line_1_48' title="bbox 276 3149 1338 3201; baseline 0.008 -16"><span class='ocrx_word' id='word_1_352' title='bbox 276 3149 486 3197; x_wconf 78' lang='lat' dir='ltr'><strong>blanditi-is,</strong></span> <span class='ocrx_word' id='word_1_353' title='bbox 506 3157 588 3186; x_wconf 90' lang='lat' dir='ltr'>tum</span> <span class='ocrx_word' id='word_1_354' title='bbox 616 3163 638 3188; x_wconf 87' lang='lat' dir='ltr'><strong>a</strong></span> <span class='ocrx_word' id='word_1_355' title='bbox 666 3154 996 3201; x_wconf 85' lang='lat' dir='ltr'><strong>consternatione,</strong></span> <span class='ocrx_word' id='word_1_356' title='bbox 1022 3157 1252 3193; x_wconf 85' lang='lat' dir='ltr'><strong>terribilium</strong></span> <span class='ocrx_word' id='word_1_357' title='bbox 1273 3171 1338 3194; x_wconf 86' lang='lat' dir='ltr'>co-</span> 
     </span>
     <span class='ocr_line' id='line_1_49' title="bbox 277 3208 1339 3259; baseline 0.01 -17"><span class='ocrx_word' id='word_1_358' title='bbox 277 3208 392 3254; x_wconf 91' lang='lat' dir='ltr'><strong>mite,</strong></span> <span class='ocrx_word' id='word_1_359' title='bbox 416 3215 518 3244; x_wconf 89' lang='lat' dir='ltr'><strong>tutos</strong></span> <span class='ocrx_word' id='word_1_360' title='bbox 551 3210 766 3258; x_wconf 83' lang='lat' dir='ltr'><strong>praestabit;</strong></span> <span class='ocrx_word' id='word_1_361' title='bbox 798 3212 938 3259; x_wconf 91' lang='lat' dir='ltr'><strong>quibus</strong></span> <span class='ocrx_word' id='word_1_362' title='bbox 973 3214 1177 3251; x_wconf 84' lang='lat' dir='ltr'><strong>virtutibus</strong></span> <span class='ocrx_word' id='word_1_363' title='bbox 1209 3225 1339 3254; x_wconf 84' lang='lat' dir='ltr'><strong>exacta</strong></span> 
     </span>
     <span class='ocr_line' id='line_1_50' title="bbox 277 3265 1339 3318; baseline 0.011 -17"><span class='ocrx_word' id='word_1_364' title='bbox 277 3266 344 3302; x_wconf 90' lang='lat' dir='ltr'><strong>illa</strong></span> <span class='ocrx_word' id='word_1_365' title='bbox 365 3265 513 3314; x_wconf 86' lang='lat' dir='ltr'><strong>justitia</strong></span> <span class='ocrx_word' id='word_1_366' title='bbox 532 3266 702 3315; x_wconf 83' lang='lat' dir='ltr'><strong>accedit,</strong></span> <span class='ocrx_word' id='word_1_367' title='bbox 727 3282 842 3318; x_wconf 88' lang='lat' dir='ltr'><strong>quam</strong></span> <span class='ocrx_word' id='word_1_368' title='bbox 863 3278 900 3307; x_wconf 90' lang='lat' dir='ltr'>et</span> <span class='ocrx_word' id='word_1_369' title='bbox 921 3273 962 3307; x_wconf 92' lang='lat' dir='ltr'>in</span> <span class='ocrx_word' id='word_1_370' title='bbox 985 3272 1093 3310; x_wconf 84' lang='lat' dir='ltr'><strong>factis</strong></span> <span class='ocrx_word' id='word_1_371' title='bbox 1114 3281 1150 3310; x_wconf 90' lang='lat' dir='ltr'>et</span> <span class='ocrx_word' id='word_1_372' title='bbox 1170 3275 1210 3310; x_wconf 93' lang='lat' dir='ltr'>in</span> <span class='ocrx_word' id='word_1_373' title='bbox 1230 3276 1339 3314; x_wconf 89' lang='lat' dir='ltr'><strong>dictis</strong></span> 
     </span>
     <span class='ocr_line' id='line_1_51' title="bbox 278 3327 1340 3386; baseline 0.009 -23"><span class='ocrx_word' id='word_1_374' title='bbox 278 3327 529 3365; x_wconf 88' lang='lat' dir='ltr'><strong>exercendam</strong></span> <span class='ocrx_word' id='word_1_375' title='bbox 562 3342 638 3366; x_wconf 90' lang='lat' dir='ltr'><strong>esse</strong></span> <span class='ocrx_word' id='word_1_376' title='bbox 667 3331 841 3380; x_wconf 87' lang='lat' dir='ltr'><strong>superius</strong></span> <span class='ocrx_word' id='word_1_377' title='bbox 873 3334 1037 3370; x_wconf 87' lang='lat' dir='ltr'><strong>monuit.</strong></span> <span class='ocrx_word' id='word_1_378' title='bbox 1070 3334 1192 3372; x_wconf 90' lang='lat' dir='ltr'><strong>Nobis</strong></span> <span class='ocrx_word' id='word_1_379' title='bbox 1222 3337 1340 3386; x_wconf 86' lang='lat' dir='ltr'><strong>igitur</strong></span> 
     </span>
     <span class='ocr_line' id='line_1_52' title="bbox 278 3387 1340 3441; baseline 0.011 -19"><span class='ocrx_word' id='word_1_380' title='bbox 278 3387 331 3423; x_wconf 91' lang='lat' dir='ltr'><strong>sic</strong></span> <span class='ocrx_word' id='word_1_381' title='bbox 358 3387 550 3424; x_wconf 86' lang='lat' dir='ltr'><strong>instructis</strong></span> <span class='ocrx_word' id='word_1_382' title='bbox 574 3402 688 3426; x_wconf 90' lang='lat' dir='ltr'><strong>nemo</strong></span> <span class='ocrx_word' id='word_1_383' title='bbox 719 3403 887 3439; x_wconf 83' lang='lat' dir='ltr'><strong>unquam</strong></span> <span class='ocrx_word' id='word_1_384' title='bbox 916 3393 1181 3441; x_wconf 85' lang='lat' dir='ltr'><strong>persuadebit,</strong></span> <span class='ocrx_word' id='word_1_385' title='bbox 1204 3403 1246 3432; x_wconf 89' lang='lat' dir='ltr'>ut</span> <span class='ocrx_word' id='word_1_386' title='bbox 1274 3405 1340 3434; x_wconf 87' lang='lat' dir='ltr'>aut</span> 
     </span>
     <span class='ocr_line' id='line_1_53' title="bbox 278 3445 1335 3505; baseline 0.012 -25"><span class='ocrx_word' id='word_1_387' title='bbox 278 3445 441 3481; x_wconf 87' lang='lat' dir='ltr'><strong>verbum</strong></span> <span class='ocrx_word' id='word_1_388' title='bbox 474 3447 732 3498; x_wconf 84' lang='lat' dir='ltr'><strong>proferamus,</strong></span> <span class='ocrx_word' id='word_1_389' title='bbox 763 3457 828 3485; x_wconf 83' lang='lat' dir='ltr'>aut</span> <span class='ocrx_word' id='word_1_390' title='bbox 862 3450 1009 3488; x_wconf 86' lang='lat' dir='ltr'><strong>facinus</strong></span> <span class='ocrx_word' id='word_1_391' title='bbox 1030 3454 1335 3505; x_wconf 80' lang='lat' dir='ltr'><strong>committamus,</strong></span> 
     </span>
     <span class='ocr_line' id='line_1_54' title="bbox 280 3505 1337 3553; baseline 0.011 -13"><span class='ocrx_word' id='word_1_392' title='bbox 280 3505 387 3553; x_wconf 85' lang='lat' dir='ltr'><strong>quod</strong></span> <span class='ocrx_word' id='word_1_393' title='bbox 405 3514 516 3543; x_wconf 79' lang='lat' dir='ltr'><strong>rectae</strong></span> <span class='ocrx_word' id='word_1_394' title='bbox 539 3509 676 3545; x_wconf 88' lang='lat' dir='ltr'><strong>rationi</strong></span> <span class='ocrx_word' id='word_1_395' title='bbox 695 3522 772 3546; x_wconf 89' lang='lat' dir='ltr'>non</span> <span class='ocrx_word' id='word_1_396' title='bbox 789 3511 837 3546; x_wconf 88' lang='lat' dir='ltr'>sit</span> <span class='ocrx_word' id='word_1_397' title='bbox 854 3519 1164 3553; x_wconf 86' lang='lat' dir='ltr'><strong>consentaneum.</strong></span> <span class='ocrx_word' id='word_1_398' title='bbox 1183 3515 1220 3552; x_wconf 90' lang='lat' dir='ltr'><strong>Si</strong></span> <span class='ocrx_word' id='word_1_399' title='bbox 1238 3517 1337 3552; x_wconf 89' lang='lat' dir='ltr'><strong>enim</strong></span> 
     </span>
    </p>
   </div>
   <div class='ocr_carea' id='block_1_6' title="bbox 1364 2147 1370 2290">
    <p class='ocr_par' dir='ltr' id='par_1_6' title="bbox 1364 2147 1370 2290">
     <span class='ocr_line' id='line_1_55' title="bbox 1364 2147 1370 2290; baseline 0 0"><span class='ocrx_word' id='word_1_400' title='bbox 1364 2147 1370 2290; x_wconf 95' lang='lat' dir='ltr'> </span> 
     </span>
    </p>
   </div>
   <div class='ocr_carea' id='block_1_7' title="bbox 987 234 1721 278">
    <p class='ocr_par' dir='ltr' id='par_1_7' title="bbox 987 234 1721 278">
     <span class='ocr_line' id='line_1_56' title="bbox 987 234 1721 278; baseline -0.005 0"><span class='ocrx_word' id='word_1_401' title='bbox 987 236 1266 278; x_wconf 80' lang='lat' dir='ltr'>HIEROCLIS</span> <span class='ocrx_word' id='word_1_402' title='bbox 1300 234 1721 276; x_wconf 78' lang='lat' dir='ltr'><strong>COMMENTARIUS</strong></span> 
     </span>
    </p>
   </div>
   <div class='ocr_carea' id='block_1_8' title="bbox 1388 315 2467 2046">
    <p class='ocr_par' dir='ltr' id='par_1_8' title="bbox 1388 315 2456 674">
     <span class='ocr_line' id='line_1_57' title="bbox 1388 315 2452 374; baseline 0.007 -18"><span class='ocrx_word' id='word_1_403' title='bbox 1388 317 1522 357; x_wconf 82' lang='grc' dir='ltr'>ἐκείνου</span> <span class='ocrx_word' id='word_1_404' title='bbox 1541 318 1710 372; x_wconf 87' lang='grc' dir='ltr'>φέροντας</span> <span class='ocrx_word' id='word_1_405' title='bbox 1723 316 1788 366; x_wconf 78' lang='grc' dir='ltr'>τὴν</span> <span class='ocrx_word' id='word_1_406' title='bbox 1805 318 2029 371; x_wconf 86' lang='grc' dir='ltr'>ἀντωνυμίαν</span> <span class='ocrx_word' id='word_1_407' title='bbox 2048 335 2137 367; x_wconf 90' lang='grc' dir='ltr'>τοι,</span> <span class='ocrx_word' id='word_1_408' title='bbox 2156 318 2175 360; x_wconf 81' lang='grc' dir='ltr'>ὃ</span> <span class='ocrx_word' id='word_1_409' title='bbox 2194 321 2321 374; x_wconf 84' lang='grc' dir='ltr'>κυρίως</span> <span class='ocrx_word' id='word_1_410' title='bbox 2339 320 2388 362; x_wconf 77' lang='grc' dir='ltr'>σὺ</span> <span class='ocrx_word' id='word_1_411' title='bbox 2407 315 2452 365; x_wconf 70' lang='grc' dir='ltr'>εἷ.</span> 
     </span>
     <span class='ocr_line' id='line_1_58' title="bbox 1388 371 2454 434; baseline 0.003 -17"><span class='ocrx_word' id='word_1_412' title='bbox 1388 378 1476 417; x_wconf 80' lang='grc' dir='ltr'>Ἐὰν</span> <span class='ocrx_word' id='word_1_413' title='bbox 1496 371 1555 416; x_wconf 68' lang='grc' dir='ltr'>οἶν</span> <span class='ocrx_word' id='word_1_414' title='bbox 1586 377 1628 416; x_wconf 82' lang='grc' dir='ltr'>τὸ</span> <span class='ocrx_word' id='word_1_415' title='bbox 1657 376 1860 430; x_wconf 86' lang='grc' dir='ltr'>λεγόμενον,</span> <span class='ocrx_word' id='word_1_416' title='bbox 1897 379 2050 428; x_wconf 80' lang='grc' dir='ltr'>μηδεὶς</span> <span class='ocrx_word' id='word_1_417' title='bbox 2081 379 2194 431; x_wconf 88' lang='grc' dir='ltr'>μήτε</span> <span class='ocrx_word' id='word_1_418' title='bbox 2223 381 2276 419; x_wconf 87' lang='grc' dir='ltr'>δι’</span> <span class='ocrx_word' id='word_1_419' title='bbox 2296 381 2454 434; x_wconf 78' lang='grc' dir='ltr'>ἔργων,</span> 
     </span>
     <span class='ocr_line' id='line_1_59' title="bbox 1388 436 2456 493; baseline 0.006 -18"><span class='ocrx_word' id='word_1_420' title='bbox 1388 436 1479 488; x_wconf 86' lang='grc' dir='ltr'>μήτε</span> <span class='ocrx_word' id='word_1_421' title='bbox 1500 436 1557 475; x_wconf 83' lang='grc' dir='ltr'>διὰ</span> <span class='ocrx_word' id='word_1_422' title='bbox 1576 436 1736 488; x_wconf 88' lang='grc' dir='ltr'>λόγων,</span> <span class='ocrx_word' id='word_1_423' title='bbox 1766 438 1961 493; x_wconf 83' lang='grc' dir='ltr'>παραγάγῃ</span> <span class='ocrx_word' id='word_1_424' title='bbox 1991 438 2032 478; x_wconf 86' lang='grc' dir='ltr'>σέ</span> <span class='ocrx_word' id='word_1_425' title='bbox 2060 454 2094 477; x_wconf 88' lang='grc' dir='ltr'>τι</span> <span class='ocrx_word' id='word_1_426' title='bbox 2120 441 2313 487; x_wconf 77' lang='grc' dir='ltr'>ποιῆσαι</span> <span class='ocrx_word' id='word_1_427' title='bbox 2346 439 2370 489; x_wconf 81' lang='grc' dir='ltr'>ἢ</span> <span class='ocrx_word' id='word_1_428' title='bbox 2398 442 2456 481; x_wconf 70' lang='lat' dir='ltr'><strong>et-</strong></span> 
     </span>
     <span class='ocr_line' id='line_1_60' title="bbox 1389 493 2455 552; baseline 0.004 -17"><span class='ocrx_word' id='word_1_429' title='bbox 1389 503 1501 546; x_wconf 88' lang='grc' dir='ltr'>πεῖν,</span> <span class='ocrx_word' id='word_1_430' title='bbox 1521 495 1557 545; x_wconf 83' lang='grc' dir='ltr'>ὅ,</span> <span class='ocrx_word' id='word_1_431' title='bbox 1579 495 1695 548; x_wconf 77' lang='grc' dir='ltr'>τιμὴ</span> <span class='ocrx_word' id='word_1_432' title='bbox 1716 497 1944 552; x_wconf 82' lang='grc' dir='ltr'>συμφέρον</span> <span class='ocrx_word' id='word_1_433' title='bbox 1963 498 2061 537; x_wconf 79' lang='grc' dir='ltr'>ἐστί</span> <span class='ocrx_word' id='word_1_434' title='bbox 2082 514 2166 537; x_wconf 89' lang='grc' dir='ltr'>σοι·</span> <span class='ocrx_word' id='word_1_435' title='bbox 2186 497 2239 537; x_wconf 76' lang='grc' dir='ltr'>σὺ</span> <span class='ocrx_word' id='word_1_436' title='bbox 2264 498 2302 539; x_wconf 74' lang='grc' dir='ltr'>δὲ</span> <span class='ocrx_word' id='word_1_437' title='bbox 2322 493 2455 549; x_wconf 70' lang='grc' dir='ltr'>ἦσθα-ἡ</span> 
     </span>
     <span class='ocr_line' id='line_1_61' title="bbox 1388 553 2454 615; baseline 0.001 -17"><span class='ocrx_word' id='word_1_438' title='bbox 1388 557 1513 611; x_wconf 83' lang='grc' dir='ltr'>λογικὴ</span> <span class='ocrx_word' id='word_1_439' title='bbox 1543 557 1662 613; x_wconf 78' lang='grc' dir='ltr'>ψυχή·</span> <span class='ocrx_word' id='word_1_440' title='bbox 1691 559 1754 597; x_wconf 75' lang='grc' dir='ltr'>οὐκ</span> <span class='ocrx_word' id='word_1_441' title='bbox 1775 557 1900 611; x_wconf 85' lang='grc' dir='ltr'>ἀνέξῃ,</span> <span class='ocrx_word' id='word_1_442' title='bbox 1923 558 1982 599; x_wconf 75' lang='grc' dir='ltr'>ἐὰν</span> <span class='ocrx_word' id='word_1_443' title='bbox 2012 553 2051 598; x_wconf 70' lang='grc' dir='ltr'>εὗ</span> <span class='ocrx_word' id='word_1_444' title='bbox 2071 562 2197 615; x_wconf 74' lang='grc' dir='ltr'>φρονῇς</span> <span class='ocrx_word' id='word_1_445' title='bbox 2211 589 2221 608; x_wconf 91' lang='grc'>,</span> <span class='ocrx_word' id='word_1_446' title='bbox 2255 562 2316 599; x_wconf 78' lang='grc' dir='ltr'>τοῦ</span> <span class='ocrx_word' id='word_1_447' title='bbox 2335 575 2386 600; x_wconf 86' lang='grc' dir='ltr'>πα</span> <span class='ocrx_word' id='word_1_448' title='bbox 2411 575 2454 599; x_wconf 83' lang='grc' dir='ltr'>α·</span> 
     </span>
     <span class='ocr_line' id='line_1_62' title="bbox 1391 575 2412 674; baseline 0 -15"><span class='ocrx_word' id='word_1_449' title='bbox 1391 617 1608 663; x_wconf 72' lang='grc' dir='ltr'>ὅλάπτοντός</span> <span class='ocrx_word' id='word_1_450' title='bbox 1628 634 1667 657; x_wconf 91' lang='grc' dir='ltr'>σε</span> <span class='ocrx_word' id='word_1_451' title='bbox 1678 648 1690 670; x_wconf 89' lang='grc'>,</span> <span class='ocrx_word' id='word_1_452' title='bbox 1706 618 1764 657; x_wconf 80' lang='grc' dir='ltr'>τὸν</span> <span class='ocrx_word' id='word_1_453' title='bbox 1780 618 1864 658; x_wconf 83' lang='grc' dir='ltr'>ὄντα</span> <span class='ocrx_word' id='word_1_454' title='bbox 1880 618 2026 671; x_wconf 88' lang='grc' dir='ltr'>λογικὴν</span> <span class='ocrx_word' id='word_1_455' title='bbox 2043 620 2178 661; x_wconf 82' lang='grc' dir='ltr'>οὐσίαν.</span> <span class='ocrx_word' id='word_1_456' title='bbox 2206 619 2258 660; x_wconf 74' lang='grc' dir='ltr'>Σὺ</span> <span class='ocrx_word' id='word_1_457' title='bbox 2287 618 2358 674; x_wconf 74' lang='grc' dir='ltr'>γὰρ</span> <span class='ocrx_word' id='word_1_458' title='bbox 2377 575 2412 660; x_wconf 50' lang='grc' dir='ltr'>ες</span> 
     </span>
    </p>

    <p class='ocr_par' dir='ltr' id='par_1_9' title="bbox 1390 676 2467 2046">
     <span class='ocr_line' id='line_1_63' title="bbox 1390 676 2456 732; baseline 0.004 -16"><span class='ocrx_word' id='word_1_459' title='bbox 1390 677 1510 731; x_wconf 84' lang='grc' dir='ltr'>ψυχή·</span> <span class='ocrx_word' id='word_1_460' title='bbox 1539 676 1579 716; x_wconf 83' lang='grc' dir='ltr'>τὸ</span> <span class='ocrx_word' id='word_1_461' title='bbox 1608 676 1644 716; x_wconf 83' lang='grc' dir='ltr'>δὲ</span> <span class='ocrx_word' id='word_1_462' title='bbox 1675 680 1781 728; x_wconf 77' lang='grc' dir='ltr'>σῶμα</span> <span class='ocrx_word' id='word_1_463' title='bbox 1795 708 1805 726; x_wconf 92' lang='grc'>,</span> <span class='ocrx_word' id='word_1_464' title='bbox 1828 677 1900 718; x_wconf 88' lang='grc' dir='ltr'>σόν·</span> <span class='ocrx_word' id='word_1_465' title='bbox 1931 678 1976 717; x_wconf 80' lang='grc' dir='ltr'>τὰ</span> <span class='ocrx_word' id='word_1_466' title='bbox 1998 678 2034 718; x_wconf 83' lang='grc' dir='ltr'>δὲ</span> <span class='ocrx_word' id='word_1_467' title='bbox 2057 680 2155 724; x_wconf 82' lang='grc' dir='ltr'>ἐκτός</span> <span class='ocrx_word' id='word_1_468' title='bbox 2169 710 2180 729; x_wconf 92' lang='grc'>,</span> <span class='ocrx_word' id='word_1_469' title='bbox 2197 683 2262 719; x_wconf 67' lang='grc' dir='ltr'>τοῦ</span> <span class='ocrx_word' id='word_1_470' title='bbox 2277 678 2456 732; x_wconf 84' lang='grc' dir='ltr'>σώματος.</span> 
     </span>
     <span class='ocr_line' id='line_1_64' title="bbox 1391 737 2459 793; baseline 0.004 -17"><span class='ocrx_word' id='word_1_471' title='bbox 1391 738 1458 777; x_wconf 81' lang='grc' dir='ltr'>Ἐκ</span> <span class='ocrx_word' id='word_1_472' title='bbox 1476 737 1544 790; x_wconf 86' lang='grc' dir='ltr'>γὰρ</span> <span class='ocrx_word' id='word_1_473' title='bbox 1567 740 1630 785; x_wconf 80' lang='grc' dir='ltr'>τῆς</span> <span class='ocrx_word' id='word_1_474' title='bbox 1649 738 1865 782; x_wconf 86' lang='grc' dir='ltr'>διαστάσεως</span> <span class='ocrx_word' id='word_1_475' title='bbox 1883 738 2015 786; x_wconf 87' lang='grc' dir='ltr'>ταύτης</span> <span class='ocrx_word' id='word_1_476' title='bbox 2036 739 2095 778; x_wconf 82' lang='grc' dir='ltr'>καὶ</span> <span class='ocrx_word' id='word_1_477' title='bbox 2118 739 2157 779; x_wconf 87' lang='grc' dir='ltr'>τὸ</span> <span class='ocrx_word' id='word_1_478' title='bbox 2178 739 2376 793; x_wconf 81' lang='grc' dir='ltr'>ἀσύγχυτον</span> <span class='ocrx_word' id='word_1_479' title='bbox 2392 757 2459 790; x_wconf 84' lang='grc' dir='ltr'>τη·</span> 
     </span>
     <span class='ocr_line' id='line_1_65' title="bbox 1393 796 2459 851; baseline 0.006 -17"><span class='ocrx_word' id='word_1_480' title='bbox 1393 797 1509 851; x_wconf 88' lang='grc' dir='ltr'>ρήσεις</span> <span class='ocrx_word' id='word_1_481' title='bbox 1537 799 1608 836; x_wconf 86' lang='grc' dir='ltr'>τῶν</span> <span class='ocrx_word' id='word_1_482' title='bbox 1639 796 1777 850; x_wconf 87' lang='grc' dir='ltr'>φύσεων</span> <span class='ocrx_word' id='word_1_483' title='bbox 1806 797 1866 837; x_wconf 82' lang='grc' dir='ltr'>καὶ</span> <span class='ocrx_word' id='word_1_484' title='bbox 1890 798 1953 846; x_wconf 75' lang='grc' dir='ltr'>τὴν</span> <span class='ocrx_word' id='word_1_485' title='bbox 1978 799 2199 851; x_wconf 85' lang='grc' dir='ltr'>ἀνθρωπίνην</span> <span class='ocrx_word' id='word_1_486' title='bbox 2231 800 2353 840; x_wconf 82' lang='grc' dir='ltr'>οὐσίαν</span> <span class='ocrx_word' id='word_1_487' title='bbox 2380 799 2459 850; x_wconf 78' lang='grc' dir='ltr'>ἥτις</span> 
     </span>
     <span class='ocr_line' id='line_1_66' title="bbox 1393 856 2459 910; baseline 0.005 -15"><span class='ocrx_word' id='word_1_488' title='bbox 1393 856 1486 896; x_wconf 84' lang='grc' dir='ltr'>ἐστὶν</span> <span class='ocrx_word' id='word_1_489' title='bbox 1520 856 1699 910; x_wconf 80' lang='grc' dir='ltr'>εὑρήσεις,</span> <span class='ocrx_word' id='word_1_490' title='bbox 1732 857 1898 897; x_wconf 73' lang='grc' dir='ltr'>οὐδέποτε</span> <span class='ocrx_word' id='word_1_491' title='bbox 1931 857 1971 897; x_wconf 81' lang='grc' dir='ltr'>τὸ</span> <span class='ocrx_word' id='word_1_492' title='bbox 2000 861 2128 910; x_wconf 86' lang='grc' dir='ltr'>σῶμα,</span> <span class='ocrx_word' id='word_1_493' title='bbox 2158 858 2237 899; x_wconf 75' lang='grc' dir='ltr'>οὐδὲ</span> <span class='ocrx_word' id='word_1_494' title='bbox 2264 859 2309 899; x_wconf 76' lang='grc' dir='ltr'>τὰ</span> <span class='ocrx_word' id='word_1_495' title='bbox 2337 859 2459 910; x_wconf 75' lang='grc' dir='ltr'>ἐκτός,</span> 
     </span>
     <span class='ocr_line' id='line_1_67' title="bbox 1393 910 2459 971; baseline 0.003 -14"><span class='ocrx_word' id='word_1_496' title='bbox 1393 918 1538 958; x_wconf 86' lang='grc' dir='ltr'>σεαυτὸν</span> <span class='ocrx_word' id='word_1_497' title='bbox 1581 910 1670 957; x_wconf 67' lang='grc' dir='ltr'>εἶναι</span> <span class='ocrx_word' id='word_1_498' title='bbox 1687 917 1884 969; x_wconf 79' lang='grc' dir='ltr'>τιθέμενος,</span> <span class='ocrx_word' id='word_1_499' title='bbox 1925 917 1996 957; x_wconf 79' lang='grc' dir='ltr'>οὐδ’</span> <span class='ocrx_word' id='word_1_500' title='bbox 2035 920 2284 971; x_wconf 76' lang='grc' dir='ltr'>ὑπεραγωνιῶν</span> <span class='ocrx_word' id='word_1_501' title='bbox 2323 919 2459 960; x_wconf 85' lang='grc' dir='ltr'>τούτων</span> 
     </span>
     <span class='ocr_line' id='line_1_68' title="bbox 1392 975 2461 1035; baseline 0.005 -19"><span class='ocrx_word' id='word_1_502' title='bbox 1392 977 1512 1031; x_wconf 81' lang='grc' dir='ltr'>ὥσπερ</span> <span class='ocrx_word' id='word_1_503' title='bbox 1549 982 1703 1028; x_wconf 76' lang='grc' dir='ltr'>σαυτοῦ,</span> <span class='ocrx_word' id='word_1_504' title='bbox 1730 975 1789 1016; x_wconf 71' lang='grc' dir='ltr'>ἵνα</span> <span class='ocrx_word' id='word_1_505' title='bbox 1810 975 1860 1029; x_wconf 86' lang='grc' dir='ltr'>μὴ</span> <span class='ocrx_word' id='word_1_506' title='bbox 1881 977 1973 1030; x_wconf 55' lang='grc' dir='ltr'>πρὸςΑ</span> <span class='ocrx_word' id='word_1_507' title='bbox 1987 978 2254 1031; x_wconf 86' lang='grc' dir='ltr'>φιλοσωματίαν</span> <span class='ocrx_word' id='word_1_508' title='bbox 2273 979 2334 1019; x_wconf 71' lang='grc' dir='ltr'>καὶ</span> <span class='ocrx_word' id='word_1_509' title='bbox 2353 980 2461 1035; x_wconf 83' lang='grc' dir='ltr'>φιλο-</span> 
     </span>
     <span class='ocr_line' id='line_1_69' title="bbox 1393 1036 2461 1093; baseline 0.003 -16"><span class='ocrx_word' id='word_1_510' title='bbox 1393 1037 1599 1091; x_wconf 78' lang='grc' dir='ltr'>χρηματίαν</span> <span class='ocrx_word' id='word_1_511' title='bbox 1628 1038 1880 1091; x_wconf 81' lang='grc' dir='ltr'>καθελκυσθῇς.</span> <span class='ocrx_word' id='word_1_512' title='bbox 1909 1036 2032 1082; x_wconf 63' lang='grc' dir='ltr'>’Ὀλως</span> <span class='ocrx_word' id='word_1_513' title='bbox 2058 1037 2126 1090; x_wconf 79' lang='grc' dir='ltr'>γὰρ</span> <span class='ocrx_word' id='word_1_514' title='bbox 2153 1037 2175 1077; x_wconf 80' lang='grc' dir='ltr'>ὅ</span> <span class='ocrx_word' id='word_1_515' title='bbox 2189 1041 2294 1090; x_wconf 87' lang='grc' dir='ltr'>ε’σμεν</span> <span class='ocrx_word' id='word_1_516' title='bbox 2325 1039 2461 1093; x_wconf 84' lang='grc' dir='ltr'>ἀγνοή-</span> 
     </span>
     <span class='ocr_line' id='line_1_70' title="bbox 1394 1091 2460 1152; baseline 0.003 -15"><span class='ocrx_word' id='word_1_517' title='bbox 1394 1114 1519 1143; x_wconf 88' lang='grc' dir='ltr'>σαντες</span> <span class='ocrx_word' id='word_1_518' title='bbox 1534 1129 1544 1147; x_wconf 91' lang='grc'>,</span> <span class='ocrx_word' id='word_1_519' title='bbox 1568 1097 1629 1137; x_wconf 75' lang='grc' dir='ltr'>καὶ</span> <span class='ocrx_word' id='word_1_520' title='bbox 1651 1091 1690 1136; x_wconf 65' lang='grc' dir='ltr'>οὗ</span> <span class='ocrx_word' id='word_1_521' title='bbox 1710 1097 1773 1144; x_wconf 70' lang='grc' dir='ltr'>τὴν</span> <span class='ocrx_word' id='word_1_522' title='bbox 1791 1096 1993 1146; x_wconf 81' lang='grc' dir='ltr'>ἐπιμέλειαν</span> <span class='ocrx_word' id='word_1_523' title='bbox 2012 1096 2196 1149; x_wconf 84' lang='grc' dir='ltr'>ποιώμεθα</span> <span class='ocrx_word' id='word_1_524' title='bbox 2219 1099 2460 1152; x_wconf 87' lang='grc' dir='ltr'>συναγνοήσο-</span> 
     </span>
     <span class='ocr_line' id='line_1_71' title="bbox 1395 1155 2459 1210; baseline 0.005 -16"><span class='ocrx_word' id='word_1_525' title='bbox 1395 1172 1471 1205; x_wconf 90' lang='grc' dir='ltr'>μεν,</span> <span class='ocrx_word' id='word_1_526' title='bbox 1505 1157 1648 1196; x_wconf 86' lang='grc' dir='ltr'>πάντων</span> <span class='ocrx_word' id='word_1_527' title='bbox 1681 1158 1816 1208; x_wconf 84' lang='grc' dir='ltr'>μᾶλλον</span> <span class='ocrx_word' id='word_1_528' title='bbox 1840 1155 2173 1208; x_wconf 79' lang='grc' dir='ltr'>ἐπιμελούμενοι,ἢ</span> <span class='ocrx_word' id='word_1_529' title='bbox 2202 1159 2306 1210; x_wconf 82' lang='grc' dir='ltr'>ἡμῶν</span> <span class='ocrx_word' id='word_1_530' title='bbox 2328 1159 2459 1207; x_wconf 76' lang='grc' dir='ltr'>αὐτῶν,</span> 
     </span>
     <span class='ocr_line' id='line_1_72' title="bbox 1394 1210 2462 1273; baseline 0.003 -18"><span class='ocrx_word' id='word_1_531' title='bbox 1394 1210 1442 1255; x_wconf 73' lang='grc' dir='ltr'>ὧν</span> <span class='ocrx_word' id='word_1_532' title='bbox 1461 1217 1513 1255; x_wconf 82' lang='grc' dir='ltr'>δεῖ</span> <span class='ocrx_word' id='word_1_533' title='bbox 1530 1216 1798 1270; x_wconf 85' lang='grc' dir='ltr'>προηγουμένην</span> <span class='ocrx_word' id='word_1_534' title='bbox 1817 1220 1994 1255; x_wconf 89' lang='grc' dir='ltr'>ποιεῖσθαι</span> <span class='ocrx_word' id='word_1_535' title='bbox 2012 1216 2076 1265; x_wconf 82' lang='grc' dir='ltr'>τὴν</span> <span class='ocrx_word' id='word_1_536' title='bbox 2094 1215 2311 1268; x_wconf 84' lang='grc' dir='ltr'>ἐπιμέλειαν.</span> <span class='ocrx_word' id='word_1_537' title='bbox 2330 1219 2376 1258; x_wconf 78' lang='grc' dir='ltr'>Εἰ</span> <span class='ocrx_word' id='word_1_538' title='bbox 2392 1217 2462 1273; x_wconf 75' lang='grc' dir='ltr'>γὰρ</span> 
     </span>
     <span class='ocr_line' id='line_1_73' title="bbox 1394 1275 2461 1332; baseline 0.004 -18"><span class='ocrx_word' id='word_1_539' title='bbox 1394 1275 1434 1315; x_wconf 82' lang='grc' dir='ltr'>τὸ</span> <span class='ocrx_word' id='word_1_540' title='bbox 1465 1276 1649 1330; x_wconf 85' lang='grc' dir='ltr'>χρώμενον</span> <span class='ocrx_word' id='word_1_541' title='bbox 1669 1280 1720 1331; x_wconf 81' lang='grc' dir='ltr'>τῷ</span> <span class='ocrx_word' id='word_1_542' title='bbox 1752 1275 1893 1328; x_wconf 84' lang='grc' dir='ltr'>σώματί</span> <span class='ocrx_word' id='word_1_543' title='bbox 1925 1277 2019 1315; x_wconf 80' lang='grc' dir='ltr'>ἐστιν</span> <span class='ocrx_word' id='word_1_544' title='bbox 2041 1280 2064 1324; x_wconf 82' lang='grc' dir='ltr'>ἡ</span> <span class='ocrx_word' id='word_1_545' title='bbox 2084 1275 2206 1332; x_wconf 77' lang='grc' dir='ltr'>ψυχή,</span> <span class='ocrx_word' id='word_1_546' title='bbox 2227 1275 2274 1316; x_wconf 67' lang='lat' dir='ltr'><strong>‘rb&#39;</strong></span> <span class='ocrx_word' id='word_1_547' title='bbox 2298 1277 2336 1317; x_wconf 84' lang='grc' dir='ltr'>δὲ</span> <span class='ocrx_word' id='word_1_548' title='bbox 2356 1279 2461 1330; x_wconf 83' lang='grc' dir='ltr'>σῶμα</span> 
     </span>
     <span class='ocr_line' id='line_1_74' title="bbox 1394 1334 2462 1391; baseline 0.001 -16"><span class='ocrx_word' id='word_1_549' title='bbox 1394 1336 1541 1389; x_wconf 82' lang='grc' dir='ltr'>ὀργάνου</span> <span class='ocrx_word' id='word_1_550' title='bbox 1560 1335 1656 1382; x_wconf 80' lang='grc' dir='ltr'>τάξιν</span> <span class='ocrx_word' id='word_1_551' title='bbox 1677 1335 1797 1389; x_wconf 76' lang='grc' dir='ltr'>ἐπέχει</span> <span class='ocrx_word' id='word_1_552' title='bbox 1816 1334 1902 1390; x_wconf 68' lang='grc' dir='ltr'>πρὸς</span> <span class='ocrx_word' id='word_1_553' title='bbox 1920 1335 2042 1384; x_wconf 80' lang='grc' dir='ltr'>αὐτήν,</span> <span class='ocrx_word' id='word_1_554' title='bbox 2061 1339 2122 1375; x_wconf 75' lang='grc' dir='ltr'>τοῦ</span> <span class='ocrx_word' id='word_1_555' title='bbox 2139 1335 2176 1375; x_wconf 82' lang='grc' dir='ltr'>δὲ</span> <span class='ocrx_word' id='word_1_556' title='bbox 2192 1335 2342 1390; x_wconf 79' lang='grc' dir='ltr'>ὀργάνου</span> <span class='ocrx_word' id='word_1_557' title='bbox 2354 1336 2462 1391; x_wconf 84' lang='grc' dir='ltr'>χάριν</span> 
     </span>
     <span class='ocr_line' id='line_1_75' title="bbox 1395 1395 2461 1454; baseline 0.003 -20"><span class='ocrx_word' id='word_1_558' title='bbox 1395 1395 1439 1434; x_wconf 82' lang='grc' dir='ltr'>τὰ</span> <span class='ocrx_word' id='word_1_559' title='bbox 1461 1396 1552 1435; x_wconf 87' lang='grc' dir='ltr'>ἄλλα</span> <span class='ocrx_word' id='word_1_560' title='bbox 1565 1426 1576 1444; x_wconf 94' lang='grc'>,</span> <span class='ocrx_word' id='word_1_561' title='bbox 1598 1395 1685 1450; x_wconf 83' lang='grc' dir='ltr'>πρὸς</span> <span class='ocrx_word' id='word_1_562' title='bbox 1712 1395 1876 1447; x_wconf 87' lang='grc' dir='ltr'>βοήθειαν</span> <span class='ocrx_word' id='word_1_563' title='bbox 1902 1398 1967 1443; x_wconf 76' lang='grc' dir='ltr'>τῆς</span> <span class='ocrx_word' id='word_1_564' title='bbox 1989 1395 2135 1450; x_wconf 76' lang='grc' dir='ltr'>ῥεούσης</span> <span class='ocrx_word' id='word_1_565' title='bbox 2166 1397 2274 1437; x_wconf 77' lang='grc' dir='ltr'>αὐτοῦ</span> <span class='ocrx_word' id='word_1_566' title='bbox 2300 1396 2461 1454; x_wconf 77' lang='grc' dir='ltr'>φύσεως,</span> 
     </span>
     <span class='ocr_line' id='line_1_76' title="bbox 1395 1454 2464 1510; baseline 0.002 -16"><span class='ocrx_word' id='word_1_567' title='bbox 1395 1455 1611 1509; x_wconf 79' lang='grc' dir='ltr'>ἐξευρημένα</span> <span class='ocrx_word' id='word_1_568' title='bbox 1624 1471 1633 1480; x_wconf 95' lang='grc'><em>·</em></span> <span class='ocrx_word' id='word_1_569' title='bbox 1661 1457 1766 1504; x_wconf 82' lang='grc' dir='ltr'>δῆλον</span> <span class='ocrx_word' id='word_1_570' title='bbox 1799 1458 1847 1500; x_wconf 85' lang='grc' dir='ltr'>ὡς</span> <span class='ocrx_word' id='word_1_571' title='bbox 1890 1458 1952 1495; x_wconf 80' lang='grc' dir='ltr'>τοῦ</span> <span class='ocrx_word' id='word_1_572' title='bbox 1992 1454 2188 1508; x_wconf 88' lang='grc' dir='ltr'>ἡγουμένου</span> <span class='ocrx_word' id='word_1_573' title='bbox 2226 1455 2287 1496; x_wconf 78' lang='grc' dir='ltr'>καὶ</span> <span class='ocrx_word' id='word_1_574' title='bbox 2320 1455 2464 1510; x_wconf 77' lang='grc' dir='ltr'>πρώτου</span> 
     </span>
     <span class='ocr_line' id='line_1_77' title="bbox 1397 1514 2463 1569; baseline 0.003 -16"><span class='ocrx_word' id='word_1_575' title='bbox 1397 1515 1666 1569; x_wconf 86' lang='grc' dir='ltr'>προηγουμένην</span> <span class='ocrx_word' id='word_1_576' title='bbox 1692 1530 1731 1554; x_wconf 84' lang='grc' dir='ltr'>τε</span> <span class='ocrx_word' id='word_1_577' title='bbox 1759 1514 1821 1554; x_wconf 82' lang='grc' dir='ltr'>καὶ</span> <span class='ocrx_word' id='word_1_578' title='bbox 1839 1514 1985 1568; x_wconf 88' lang='grc' dir='ltr'>πρώτην</span> <span class='ocrx_word' id='word_1_579' title='bbox 2010 1516 2063 1554; x_wconf 85' lang='grc' dir='ltr'>δεῖ</span> <span class='ocrx_word' id='word_1_580' title='bbox 2096 1518 2272 1555; x_wconf 86' lang='grc' dir='ltr'>ποιεῖσθαι</span> <span class='ocrx_word' id='word_1_581' title='bbox 2292 1515 2356 1565; x_wconf 74' lang='grc' dir='ltr'>τὴν</span> <span class='ocrx_word' id='word_1_582' title='bbox 2380 1517 2463 1556; x_wconf 73' lang='grc' dir='ltr'>ἐπι-</span> 
     </span>
     <span class='ocr_line' id='line_1_78' title="bbox 1398 1572 2464 1628; baseline 0.003 -15"><span class='ocrx_word' id='word_1_583' title='bbox 1398 1575 1554 1625; x_wconf 88' lang='grc' dir='ltr'>μέλειαν·</span> <span class='ocrx_word' id='word_1_584' title='bbox 1573 1575 1738 1628; x_wconf 84' lang='grc' dir='ltr'>δευτέραν</span> <span class='ocrx_word' id='word_1_585' title='bbox 1769 1574 1834 1628; x_wconf 86' lang='grc' dir='ltr'>δέ,</span> <span class='ocrx_word' id='word_1_586' title='bbox 1855 1575 1919 1624; x_wconf 78' lang='grc' dir='ltr'>τὴν</span> <span class='ocrx_word' id='word_1_587' title='bbox 1953 1577 2014 1614; x_wconf 74' lang='grc' dir='ltr'>τοῦ</span> <span class='ocrx_word' id='word_1_588' title='bbox 2047 1574 2220 1628; x_wconf 87' lang='grc' dir='ltr'>δευτέρου.</span> <span class='ocrx_word' id='word_1_589' title='bbox 2240 1572 2351 1617; x_wconf 82' lang='grc' dir='ltr'>Ὅθεν</span> <span class='ocrx_word' id='word_1_590' title='bbox 2384 1575 2464 1617; x_wconf 64' lang='grc' dir='ltr'>οὗδὲ</span> 
     </span>
     <span class='ocr_line' id='line_1_79' title="bbox 1398 1633 2462 1688; baseline 0.004 -17"><span class='ocrx_word' id='word_1_591' title='bbox 1398 1633 1530 1685; x_wconf 75' lang='grc' dir='ltr'>ὑγιείας</span> <span class='ocrx_word' id='word_1_592' title='bbox 1547 1634 1720 1686; x_wconf 87' lang='grc' dir='ltr'>ἀμελήσει</span> <span class='ocrx_word' id='word_1_593' title='bbox 1737 1636 1755 1673; x_wconf 84' lang='grc' dir='ltr'>ὁ</span> <span class='ocrx_word' id='word_1_594' title='bbox 1776 1633 1899 1688; x_wconf 88' lang='grc' dir='ltr'>σοφός·</span> <span class='ocrx_word' id='word_1_595' title='bbox 1914 1633 1989 1674; x_wconf 86' lang='grc' dir='ltr'>οὔτι</span> <span class='ocrx_word' id='word_1_596' title='bbox 2005 1634 2271 1688; x_wconf 88' lang='grc' dir='ltr'>προηγούμενον</span> <span class='ocrx_word' id='word_1_597' title='bbox 2291 1635 2332 1675; x_wconf 80' lang='grc' dir='ltr'>τὸ</span> <span class='ocrx_word' id='word_1_598' title='bbox 2353 1636 2462 1687; x_wconf 77' lang='grc' dir='ltr'>σῶμα</span> 
     </span>
     <span class='ocr_line' id='line_1_80' title="bbox 1400 1693 2464 1748; baseline 0.003 -16"><span class='ocrx_word' id='word_1_599' title='bbox 1400 1693 1563 1745; x_wconf 63' lang='grc' dir='ltr'>δοξάζων,</span> <span class='ocrx_word' id='word_1_600' title='bbox 1582 1693 1674 1733; x_wconf 83' lang='grc' dir='ltr'>ἀλλὰ</span> <span class='ocrx_word' id='word_1_601' title='bbox 1692 1693 1778 1748; x_wconf 84' lang='grc' dir='ltr'>πρὸς</span> <span class='ocrx_word' id='word_1_602' title='bbox 1801 1693 1865 1740; x_wconf 80' lang='grc' dir='ltr'>τὴν</span> <span class='ocrx_word' id='word_1_603' title='bbox 1884 1696 1947 1741; x_wconf 82' lang='grc' dir='ltr'>τ’ἦς</span> <span class='ocrx_word' id='word_1_604' title='bbox 1965 1696 2081 1748; x_wconf 79' lang='grc' dir='ltr'>ψυχῆς</span> <span class='ocrx_word' id='word_1_605' title='bbox 2098 1694 2223 1747; x_wconf 85' lang='grc' dir='ltr'>χρείαν</span> <span class='ocrx_word' id='word_1_606' title='bbox 2240 1693 2325 1734; x_wconf 79' lang='grc' dir='ltr'>αὐτὸ</span> <span class='ocrx_word' id='word_1_607' title='bbox 2338 1695 2464 1736; x_wconf 86' lang='grc' dir='ltr'>παιδα·</span> 
     </span>
     <span class='ocr_line' id='line_1_81' title="bbox 1399 1751 2464 1808; baseline 0.003 -17"><span class='ocrx_word' id='word_1_608' title='bbox 1399 1755 1539 1806; x_wconf 85' lang='grc' dir='ltr'>γωγῶν,</span> <span class='ocrx_word' id='word_1_609' title='bbox 1564 1751 1657 1797; x_wconf 78' lang='grc' dir='ltr'>ὅπως</span> <span class='ocrx_word' id='word_1_610' title='bbox 1687 1752 1728 1792; x_wconf 82' lang='grc' dir='ltr'>ἃν</span> <span class='ocrx_word' id='word_1_611' title='bbox 1754 1755 1833 1799; x_wconf 87' lang='grc' dir='ltr'>ταῖς</span> <span class='ocrx_word' id='word_1_612' title='bbox 1858 1753 2045 1808; x_wconf 79' lang='grc' dir='ltr'>ἐνεργείαις</span> <span class='ocrx_word' id='word_1_613' title='bbox 2063 1756 2172 1803; x_wconf 70' lang='grc' dir='ltr'>αὐτῆς</span> <span class='ocrx_word' id='word_1_614' title='bbox 2198 1753 2464 1807; x_wconf 82' lang='grc' dir='ltr'>ἀνεμποδίστως</span> 
     </span>
     <span class='ocr_line' id='line_1_82' title="bbox 1400 1812 2464 1868; baseline 0.002 -16"><span class='ocrx_word' id='word_1_615' title='bbox 1400 1813 1583 1866; x_wconf 76' lang='grc' dir='ltr'>ὑπακούῃ·</span> <span class='ocrx_word' id='word_1_616' title='bbox 1611 1813 1672 1853; x_wconf 81' lang='grc' dir='ltr'>καὶ</span> <span class='ocrx_word' id='word_1_617' title='bbox 1708 1814 1747 1852; x_wconf 83' lang='grc' dir='ltr'>ἔκ</span> <span class='ocrx_word' id='word_1_618' title='bbox 1775 1814 1892 1868; x_wconf 88' lang='grc' dir='ltr'>τρίτου</span> <span class='ocrx_word' id='word_1_619' title='bbox 1925 1815 1996 1852; x_wconf 80' lang='grc' dir='ltr'>τῶν</span> <span class='ocrx_word' id='word_1_620' title='bbox 2023 1812 2151 1866; x_wconf 86' lang='grc' dir='ltr'>τρίτων</span> <span class='ocrx_word' id='word_1_621' title='bbox 2185 1813 2464 1866; x_wconf 80' lang='grc' dir='ltr'>ἐπιμελήσεται,</span> 
     </span>
     <span class='ocr_line' id='line_1_83' title="bbox 1398 1872 2463 1928; baseline 0.002 -16"><span class='ocrx_word' id='word_1_622' title='bbox 1398 1875 1591 1924; x_wconf 82' lang='grc' dir='ltr'>οἰκονομῶν</span> <span class='ocrx_word' id='word_1_623' title='bbox 1616 1873 1660 1912; x_wconf 79' lang='grc' dir='ltr'>τὰ</span> <span class='ocrx_word' id='word_1_624' title='bbox 1684 1872 1783 1918; x_wconf 80' lang='grc' dir='ltr'>ἐκτὸς</span> <span class='ocrx_word' id='word_1_625' title='bbox 1809 1873 1897 1928; x_wconf 85' lang='grc' dir='ltr'>πρὸς</span> <span class='ocrx_word' id='word_1_626' title='bbox 1915 1873 1978 1921; x_wconf 81' lang='grc' dir='ltr'>τὴν</span> <span class='ocrx_word' id='word_1_627' title='bbox 2010 1876 2071 1912; x_wconf 81' lang='grc' dir='ltr'>τοῦ</span> <span class='ocrx_word' id='word_1_628' title='bbox 2091 1873 2239 1926; x_wconf 70' lang='grc' dir='ltr'>ὀργάνου</span> <span class='ocrx_word' id='word_1_629' title='bbox 2268 1873 2463 1928; x_wconf 71' lang='grc' dir='ltr'>σωτηρίαν.</span> 
     </span>
     <span class='ocr_line' id='line_1_84' title="bbox 1401 1926 2465 1986; baseline 0.002 -15"><span class='ocrx_word' id='word_1_630' title='bbox 1401 1932 1553 1984; x_wconf 85' lang='grc' dir='ltr'>Πρώτης</span> <span class='ocrx_word' id='word_1_631' title='bbox 1578 1926 1638 1971; x_wconf 72' lang='grc' dir='ltr'>οῧν</span> <span class='ocrx_word' id='word_1_632' title='bbox 1660 1934 1723 1980; x_wconf 70' lang='grc' dir='ltr'>τῆς</span> <span class='ocrx_word' id='word_1_633' title='bbox 1746 1934 1885 1986; x_wconf 73' lang='grc' dir='ltr'>ψυχῆς,</span> <span class='ocrx_word' id='word_1_634' title='bbox 1907 1933 2003 1986; x_wconf 84' lang='grc' dir='ltr'>τάχα</span> <span class='ocrx_word' id='word_1_635' title='bbox 2028 1931 2064 1971; x_wconf 86' lang='grc' dir='ltr'>δὲ</span> <span class='ocrx_word' id='word_1_636' title='bbox 2090 1932 2151 1972; x_wconf 84' lang='grc' dir='ltr'>καὶ</span> <span class='ocrx_word' id='word_1_637' title='bbox 2178 1931 2310 1983; x_wconf 85' lang='grc' dir='ltr'>μόνης,</span> <span class='ocrx_word' id='word_1_638' title='bbox 2337 1933 2465 1986; x_wconf 60' lang='lat' dir='ltr'><strong>impe-</strong></span> 
     </span>
     <span class='ocr_line' id='line_1_85' title="bbox 1399 1991 2467 2046; baseline 0.001 -16"><span class='ocrx_word' id='word_1_639' title='bbox 1399 1991 1565 2040; x_wconf 84' lang='grc' dir='ltr'>λήσεται·</span> <span class='ocrx_word' id='word_1_640' title='bbox 1589 1993 1686 2045; x_wconf 84' lang='grc' dir='ltr'>εἴπερ</span> <span class='ocrx_word' id='word_1_641' title='bbox 1712 1995 1734 2040; x_wconf 82' lang='grc' dir='ltr'>ἡ</span> <span class='ocrx_word' id='word_1_642' title='bbox 1755 1994 1824 2030; x_wconf 82' lang='grc' dir='ltr'>τῶν</span> <span class='ocrx_word' id='word_1_643' title='bbox 1849 1994 1924 2043; x_wconf 86' lang='grc' dir='ltr'>μετ’</span> <span class='ocrx_word' id='word_1_644' title='bbox 1948 1991 2058 2040; x_wconf 80' lang='grc' dir='ltr'>αὐτὴν</span> <span class='ocrx_word' id='word_1_645' title='bbox 2080 1991 2266 2043; x_wconf 81' lang='grc' dir='ltr'>ἐπιμέλεια</span> <span class='ocrx_word' id='word_1_646' title='bbox 2291 1992 2378 2046; x_wconf 81' lang='grc' dir='ltr'>πρὸς</span> <span class='ocrx_word' id='word_1_647' title='bbox 2399 1992 2467 2040; x_wconf 80' lang='grc' dir='ltr'>τὴν</span> 
     </span>
    </p>
   </div>
   <div class='ocr_carea' id='block_1_9' title="bbox 1393 2142 2461 2374">
    <p class='ocr_par' dir='ltr' id='par_1_10' title="bbox 1393 2142 2461 2374">
     <span class='ocr_line' id='line_1_86' title="bbox 1395 2142 2460 2194; baseline 0.002 -14"><span class='ocrx_word' id='word_1_648' title='bbox 1395 2146 1568 2182; x_wconf 90' lang='lat' dir='ltr'><strong>omnium</strong></span> <span class='ocrx_word' id='word_1_649' title='bbox 1597 2146 1763 2182; x_wconf 85' lang='lat' dir='ltr'><strong>maxime</strong></span> <span class='ocrx_word' id='word_1_650' title='bbox 1793 2157 1864 2181; x_wconf 90' lang='lat' dir='ltr'>nos</span> <span class='ocrx_word' id='word_1_651' title='bbox 1886 2157 2100 2194; x_wconf 88' lang='lat' dir='ltr'><strong>vereamur,</strong></span> <span class='ocrx_word' id='word_1_652' title='bbox 2121 2142 2364 2182; x_wconf 83' lang='lat' dir='ltr'><strong>manifestum</strong></span> <span class='ocrx_word' id='word_1_653' title='bbox 2381 2151 2460 2192; x_wconf 85' lang='lat' dir='ltr'><strong>est,</strong></span> 
     </span>
     <span class='ocr_line' id='line_1_87' title="bbox 1393 2205 2461 2255; baseline 0.003 -15"><span class='ocrx_word' id='word_1_654' title='bbox 1393 2206 1585 2242; x_wconf 90' lang='lat' dir='ltr'><strong>neminem</strong></span> <span class='ocrx_word' id='word_1_655' title='bbox 1605 2206 1717 2243; x_wconf 92' lang='lat' dir='ltr'><strong>nobis</strong></span> <span class='ocrx_word' id='word_1_656' title='bbox 1737 2211 1801 2242; x_wconf 92' lang='lat' dir='ltr'>aut</span> <span class='ocrx_word' id='word_1_657' title='bbox 1820 2205 1940 2255; x_wconf 85' lang='lat' dir='ltr'><strong>magis</strong></span> <span class='ocrx_word' id='word_1_658' title='bbox 1959 2205 2214 2242; x_wconf 83' lang='lat' dir='ltr'><strong>reverendum</strong></span> <span class='ocrx_word' id='word_1_659' title='bbox 2245 2212 2311 2242; x_wconf 85' lang='lat' dir='ltr'>aut</span> <span class='ocrx_word' id='word_1_660' title='bbox 2340 2205 2461 2243; x_wconf 86' lang='lat' dir='ltr'><strong>refor-</strong></span> 
     </span>
     <span class='ocr_line' id='line_1_88' title="bbox 1394 2265 2460 2315; baseline 0.001 -15"><span class='ocrx_word' id='word_1_661' title='bbox 1394 2265 1644 2312; x_wconf 88' lang='lat' dir='ltr'><strong>midandum,</strong></span> <span class='ocrx_word' id='word_1_662' title='bbox 1666 2278 1781 2315; x_wconf 89' lang='lat' dir='ltr'><strong>quam</strong></span> <span class='ocrx_word' id='word_1_663' title='bbox 1800 2272 1951 2301; x_wconf 89' lang='lat' dir='ltr'><strong>nosmet</strong></span> <span class='ocrx_word' id='word_1_664' title='bbox 1971 2266 2073 2314; x_wconf 88' lang='lat' dir='ltr'><strong>ipsos</strong></span> <span class='ocrx_word' id='word_1_665' title='bbox 2087 2294 2097 2314; x_wconf 90' lang='lat'><strong>,</strong></span> <span class='ocrx_word' id='word_1_666' title='bbox 2118 2265 2240 2301; x_wconf 80' lang='lat' dir='ltr'><strong>visum</strong></span> <span class='ocrx_word' id='word_1_667' title='bbox 2257 2266 2325 2312; x_wconf 86' lang='lat' dir='ltr'><strong>iri,</strong></span> <span class='ocrx_word' id='word_1_668' title='bbox 2347 2273 2390 2303; x_wconf 89' lang='lat' dir='ltr'>ut</span> <span class='ocrx_word' id='word_1_669' title='bbox 2412 2266 2460 2302; x_wconf 83' lang='lat' dir='ltr'><strong>ad</strong></span> 
     </span>
     <span class='ocr_line' id='line_1_89' title="bbox 1395 2325 2459 2374; baseline 0.003 -14"><span class='ocrx_word' id='word_1_670' title='bbox 1395 2325 1543 2373; x_wconf 86' lang='lat' dir='ltr'><strong>aliquid</strong></span> <span class='ocrx_word' id='word_1_671' title='bbox 1571 2325 1779 2362; x_wconf 88' lang='lat' dir='ltr'><strong>dicendum</strong></span> <span class='ocrx_word' id='word_1_672' title='bbox 1808 2326 1869 2362; x_wconf 89' lang='lat' dir='ltr'>vel</span> <span class='ocrx_word' id='word_1_673' title='bbox 1897 2325 2115 2362; x_wconf 81' lang='lat' dir='ltr'><strong>faciendum</strong></span> <span class='ocrx_word' id='word_1_674' title='bbox 2134 2333 2274 2374; x_wconf 85' lang='lat' dir='ltr'><strong>praeter</strong></span> <span class='ocrx_word' id='word_1_675' title='bbox 2292 2325 2459 2363; x_wconf 84' lang='lat' dir='ltr'><strong>officium</strong></span> 
     </span>
    </p>
   </div>
   <div class='ocr_carea' id='block_1_10' title="bbox 1393 2384 2482 2433">
    <p class='ocr_par' dir='ltr' id='par_1_11' title="bbox 1393 2384 2482 2433">
     <span class='ocr_line' id='line_1_90' title="bbox 1393 2384 2482 2433; baseline 0 -13"><span class='ocrx_word' id='word_1_676' title='bbox 1393 2397 1464 2421; x_wconf 88' lang='lat' dir='ltr'>nos</span> <span class='ocrx_word' id='word_1_677' title='bbox 1477 2384 1648 2423; x_wconf 85' lang='lat' dir='ltr'><strong>inducat.</strong></span> <span class='ocrx_word' id='word_1_678' title='bbox 1664 2387 1815 2422; x_wconf 86' lang='lat' dir='ltr'><strong>Horum</strong></span> <span class='ocrx_word' id='word_1_679' title='bbox 1831 2385 1933 2421; x_wconf 84' lang='lat' dir='ltr'><strong>enim</strong></span> <span class='ocrx_word' id='word_1_680' title='bbox 1947 2391 2156 2433; x_wconf 90' lang='lat' dir='ltr'><strong>utrumque</strong></span> <span class='ocrx_word' id='word_1_681' title='bbox 2167 2384 2293 2421; x_wconf 86' lang='lat' dir='ltr'><strong>animo</strong></span> <span class='ocrx_word' id='word_1_682' title='bbox 2303 2385 2463 2421; x_wconf 77' lang='lat' dir='ltr'><strong>noxium</strong></span> <span class='ocrx_word' id='word_1_683' title='bbox 2474 2413 2482 2420; x_wconf 93' lang='lat'>.</span> 
     </span>
    </p>
   </div>
   <div class='ocr_carea' id='block_1_11' title="bbox 1386 2442 2468 3564">
    <p class='ocr_par' dir='ltr' id='par_1_12' title="bbox 1386 2442 2468 3564">
     <span class='ocr_line' id='line_1_91' title="bbox 1395 2442 2462 2493; baseline 0.001 -13"><span class='ocrx_word' id='word_1_684' title='bbox 1395 2452 1463 2481; x_wconf 89' lang='lat' dir='ltr'><strong>est.</strong></span> <span class='ocrx_word' id='word_1_685' title='bbox 1483 2444 1599 2491; x_wconf 87' lang='lat' dir='ltr'><strong>Quod</strong></span> <span class='ocrx_word' id='word_1_686' title='bbox 1620 2451 1747 2482; x_wconf 84' lang='lat' dir='ltr'><strong>autem</strong></span> <span class='ocrx_word' id='word_1_687' title='bbox 1770 2445 1827 2481; x_wconf 91' lang='lat' dir='ltr'><strong>illi</strong></span> <span class='ocrx_word' id='word_1_688' title='bbox 1843 2444 2090 2490; x_wconf 88' lang='lat' dir='ltr'><strong>damnosum,</strong></span> <span class='ocrx_word' id='word_1_689' title='bbox 2109 2443 2152 2479; x_wconf 89' lang='lat' dir='ltr'>id</span> <span class='ocrx_word' id='word_1_690' title='bbox 2171 2442 2285 2480; x_wconf 87' lang='lat' dir='ltr'><strong>nobis</strong></span> <span class='ocrx_word' id='word_1_691' title='bbox 2304 2455 2462 2493; x_wconf 87' lang='lat' dir='ltr'><strong>quoque</strong></span> 
     </span>
     <span class='ocr_line' id='line_1_92' title="bbox 1394 2501 2462 2552; baseline 0.001 -15"><span class='ocrx_word' id='word_1_692' title='bbox 1394 2502 1686 2539; x_wconf 87' lang='lat' dir='ltr'><strong>incommodum</strong></span> <span class='ocrx_word' id='word_1_693' title='bbox 1736 2510 1813 2550; x_wconf 89' lang='lat' dir='ltr'><strong>est,</strong></span> <span class='ocrx_word' id='word_1_694' title='bbox 1858 2501 2175 2552; x_wconf 89' lang='lat' dir='ltr'><strong>quandoquidem</strong></span> <span class='ocrx_word' id='word_1_695' title='bbox 2219 2513 2291 2537; x_wconf 88' lang='lat' dir='ltr'>nos</span> <span class='ocrx_word' id='word_1_696' title='bbox 2332 2514 2462 2538; x_wconf 83' lang='lat' dir='ltr'><strong>smnus</strong></span> 
     </span>
     <span class='ocr_line' id='line_1_93' title="bbox 1396 2560 2460 2612; baseline 0.002 -15"><span class='ocrx_word' id='word_1_697' title='bbox 1396 2562 1556 2600; x_wconf 72' lang='lat' dir='ltr'><strong>animm.</strong></span> <span class='ocrx_word' id='word_1_698' title='bbox 1575 2562 1638 2599; x_wconf 86' lang='lat' dir='ltr'>Ad</span> <span class='ocrx_word' id='word_1_699' title='bbox 1653 2560 1751 2599; x_wconf 82' lang='lat' dir='ltr'><strong>illud</strong></span> <span class='ocrx_word' id='word_1_700' title='bbox 1766 2563 1884 2612; x_wconf 86' lang='lat' dir='ltr'><strong>igitur</strong></span> <span class='ocrx_word' id='word_1_701' title='bbox 1900 2569 2077 2599; x_wconf 83' lang='lat' dir='ltr'><strong>accurate</strong></span> <span class='ocrx_word' id='word_1_702' title='bbox 2096 2561 2265 2597; x_wconf 89' lang='lat' dir='ltr'><strong>animum</strong></span> <span class='ocrx_word' id='word_1_703' title='bbox 2281 2560 2460 2599; x_wconf 83' lang='lat' dir='ltr'><strong>intenda-</strong></span> 
     </span>
     <span class='ocr_line' id='line_1_94' title="bbox 1395 2619 2465 2671; baseline 0.002 -16"><span class='ocrx_word' id='word_1_704' title='bbox 1395 2632 1480 2657; x_wconf 90' lang='lat' dir='ltr'>mus</span> <span class='ocrx_word' id='word_1_705' title='bbox 1502 2628 1675 2670; x_wconf 88' lang='lat' dir='ltr'><strong>oportet,</strong></span> <span class='ocrx_word' id='word_1_706' title='bbox 1695 2622 1798 2671; x_wconf 84' lang='lat' dir='ltr'><strong>quod</strong></span> <span class='ocrx_word' id='word_1_707' title='bbox 1813 2622 1881 2658; x_wconf 78' lang='lat' dir='ltr'><strong>tibi</strong></span> <span class='ocrx_word' id='word_1_708' title='bbox 1901 2634 1977 2657; x_wconf 80' lang='lat' dir='ltr'>non</span> <span class='ocrx_word' id='word_1_709' title='bbox 2005 2625 2063 2658; x_wconf 80' lang='lat' dir='ltr'>sic</span> <span class='ocrx_word' id='word_1_710' title='bbox 2090 2620 2343 2666; x_wconf 85' lang='lat' dir='ltr'><strong>commodum,</strong></span> <span class='ocrx_word' id='word_1_711' title='bbox 2364 2619 2465 2657; x_wconf 83' lang='lat' dir='ltr'><strong>refe-</strong></span> 
     </span>
     <span class='ocr_line' id='line_1_95' title="bbox 1396 2678 2463 2730; baseline 0.001 -15"><span class='ocrx_word' id='word_1_712' title='bbox 1396 2688 1519 2717; x_wconf 86' lang='lat' dir='ltr'><strong>rentes</strong></span> <span class='ocrx_word' id='word_1_713' title='bbox 1538 2681 1612 2718; x_wconf 89' lang='lat' dir='ltr'>hoc</span> <span class='ocrx_word' id='word_1_714' title='bbox 1640 2693 1858 2730; x_wconf 88' lang='lat' dir='ltr'><strong>pronomen</strong></span> <span class='ocrx_word' id='word_1_715' title='bbox 1884 2682 1954 2717; x_wconf 74' lang='lat' dir='ltr'><strong>tibi</strong></span> <span class='ocrx_word' id='word_1_716' title='bbox 1979 2680 2028 2718; x_wconf 93' lang='lat' dir='ltr'><strong>ad</strong></span> <span class='ocrx_word' id='word_1_717' title='bbox 2049 2680 2089 2717; x_wconf 93' lang='lat' dir='ltr'><strong>id</strong></span> <span class='ocrx_word' id='word_1_718' title='bbox 2117 2678 2225 2728; x_wconf 90' lang='lat' dir='ltr'><strong>quod</strong></span> <span class='ocrx_word' id='word_1_719' title='bbox 2246 2679 2407 2728; x_wconf 90' lang='lat' dir='ltr'><strong>proprie</strong></span> <span class='ocrx_word' id='word_1_720' title='bbox 2425 2687 2463 2716; x_wconf 82' lang='lat' dir='ltr'><strong>tu</strong></span> 
     </span>
     <span class='ocr_line' id='line_1_96' title="bbox 1397 2740 2464 2790; baseline -0.002 -14"><span class='ocrx_word' id='word_1_721' title='bbox 1397 2752 1449 2779; x_wconf 77' lang='lat' dir='ltr'>es,</span> <span class='ocrx_word' id='word_1_722' title='bbox 1474 2741 1513 2777; x_wconf 92' lang='lat' dir='ltr'><strong>Si</strong></span> <span class='ocrx_word' id='word_1_723' title='bbox 1541 2740 1581 2776; x_wconf 90' lang='lat' dir='ltr'><strong>id</strong></span> <span class='ocrx_word' id='word_1_724' title='bbox 1602 2741 1718 2790; x_wconf 83' lang='lat' dir='ltr'><strong>igitur</strong></span> <span class='ocrx_word' id='word_1_725' title='bbox 1748 2740 1855 2789; x_wconf 92' lang='lat' dir='ltr'><strong>quod</strong></span> <span class='ocrx_word' id='word_1_726' title='bbox 1873 2740 2098 2789; x_wconf 77' lang='lat' dir='ltr'><strong>praecipi&#39;tur</strong></span> <span class='ocrx_word' id='word_1_727' title='bbox 2115 2740 2181 2785; x_wconf 86' lang='lat' dir='ltr'><strong>sit,</strong></span> <span class='ocrx_word' id='word_1_728' title='bbox 2202 2751 2313 2775; x_wconf 85' lang='lat' dir='ltr'><strong>nemo</strong></span> <span class='ocrx_word' id='word_1_729' title='bbox 2331 2747 2368 2775; x_wconf 79' lang='lat' dir='ltr'>te</span> <span class='ocrx_word' id='word_1_730' title='bbox 2393 2750 2464 2775; x_wconf 81' lang='lat' dir='ltr'>nec</span> 
     </span>
     <span class='ocr_line' id='line_1_97' title="bbox 1386 2797 2468 2848; baseline -0.004 -11"><span class='ocrx_word' id='word_1_731' title='bbox 1386 2800 1511 2847; x_wconf 84' lang='lat' dir='ltr'><strong>factis</strong></span> <span class='ocrx_word' id='word_1_732' title='bbox 1529 2814 1598 2837; x_wconf 84' lang='lat' dir='ltr'>nec</span> <span class='ocrx_word' id='word_1_733' title='bbox 1610 2802 1723 2837; x_wconf 81' lang='lat' dir='ltr'><strong>dictis</strong></span> <span class='ocrx_word' id='word_1_734' title='bbox 1741 2800 1910 2837; x_wconf 87' lang='lat' dir='ltr'><strong>adducat</strong></span> <span class='ocrx_word' id='word_1_735' title='bbox 1922 2829 1933 2847; x_wconf 94' lang='lat'><strong>,</strong></span> <span class='ocrx_word' id='word_1_736' title='bbox 1953 2807 1996 2836; x_wconf 88' lang='lat' dir='ltr'>ut</span> <span class='ocrx_word' id='word_1_737' title='bbox 2014 2798 2160 2848; x_wconf 86' lang='lat' dir='ltr'><strong>aliquid</strong></span> <span class='ocrx_word' id='word_1_738' title='bbox 2179 2805 2246 2834; x_wconf 87' lang='lat' dir='ltr'>aut</span> <span class='ocrx_word' id='word_1_739' title='bbox 2265 2797 2381 2834; x_wconf 84' lang='lat' dir='ltr'><strong>facias</strong></span> <span class='ocrx_word' id='word_1_740' title='bbox 2398 2804 2468 2834; x_wconf 85' lang='lat' dir='ltr'>aut</span> 
     </span>
     <span class='ocr_line' id='line_1_98' title="bbox 1398 2858 2464 2910; baseline -0.004 -13"><span class='ocrx_word' id='word_1_741' title='bbox 1398 2860 1524 2907; x_wconf 87' lang='lat' dir='ltr'><strong>dicas,</strong></span> <span class='ocrx_word' id='word_1_742' title='bbox 1546 2862 1647 2910; x_wconf 81' lang='lat' dir='ltr'><strong>quod</strong></span> <span class='ocrx_word' id='word_1_743' title='bbox 1673 2861 1740 2896; x_wconf 79' lang='lat' dir='ltr'><strong>te‘bi</strong></span> <span class='ocrx_word' id='word_1_744' title='bbox 1759 2873 1833 2896; x_wconf 84' lang='lat' dir='ltr'>non</span> <span class='ocrx_word' id='word_1_745' title='bbox 1858 2863 1906 2896; x_wconf 80' lang='lat' dir='ltr'><strong>sit</strong></span> <span class='ocrx_word' id='word_1_746' title='bbox 1930 2860 2182 2903; x_wconf 83' lang='lat' dir='ltr'><strong>commodum,</strong></span> <span class='ocrx_word' id='word_1_747' title='bbox 2209 2866 2248 2894; x_wconf 79' lang='lat' dir='ltr'>tu</span> <span class='ocrx_word' id='word_1_748' title='bbox 2267 2864 2397 2894; x_wconf 86' lang='lat' dir='ltr'><strong>autem</strong></span> <span class='ocrx_word' id='word_1_749' title='bbox 2414 2858 2464 2894; x_wconf 80' lang='lat' dir='ltr'><strong>sis</strong></span> 
     </span>
     <span class='ocr_line' id='line_1_99' title="bbox 1398 2916 2463 2968; baseline -0.004 -12"><span class='ocrx_word' id='word_1_750' title='bbox 1398 2921 1546 2957; x_wconf 84' lang='lat' dir='ltr'><strong>animus</strong></span> <span class='ocrx_word' id='word_1_751' title='bbox 1572 2920 1721 2956; x_wconf 85' lang='lat' dir='ltr'><strong>ratione</strong></span> <span class='ocrx_word' id='word_1_752' title='bbox 1743 2918 1947 2967; x_wconf 83' lang='lat' dir='ltr'><strong>praeditus,</strong></span> <span class='ocrx_word' id='word_1_753' title='bbox 1969 2929 2214 2967; x_wconf 88' lang='lat' dir='ltr'><strong>nequaquam</strong></span> <span class='ocrx_word' id='word_1_754' title='bbox 2234 2916 2415 2968; x_wconf 80' lang='lat' dir='ltr'><strong>patieris,</strong></span> <span class='ocrx_word' id='word_1_755' title='bbox 2432 2917 2463 2953; x_wconf 90' lang='lat' dir='ltr'><strong>si</strong></span> 
     </span>
     <span class='ocr_line' id='line_1_100' title="bbox 1397 2978 2464 3029; baseline -0.005 -13"><span class='ocrx_word' id='word_1_756' title='bbox 1397 2980 1540 3029; x_wconf 87' lang='lat' dir='ltr'><strong>sapias,</strong></span> <span class='ocrx_word' id='word_1_757' title='bbox 1562 2979 1680 3015; x_wconf 91' lang='lat' dir='ltr'><strong>alium</strong></span> <span class='ocrx_word' id='word_1_758' title='bbox 1715 2978 1786 3014; x_wconf 91' lang='lat' dir='ltr'><strong>tibi</strong></span> <span class='ocrx_word' id='word_1_759' title='bbox 1815 2978 2086 3015; x_wconf 90' lang='lat' dir='ltr'><strong>detrimentum</strong></span> <span class='ocrx_word' id='word_1_760' title='bbox 2114 2978 2344 3026; x_wconf 79' lang='lat' dir='ltr'><strong>importare,</strong></span> <span class='ocrx_word' id='word_1_761' title='bbox 2365 2987 2464 3024; x_wconf 90' lang='lat' dir='ltr'><strong>quo—</strong></span> 
     </span>
     <span class='ocr_line' id='line_1_101' title="bbox 1397 3036 2464 3087; baseline -0.003 -12"><span class='ocrx_word' id='word_1_762' title='bbox 1397 3040 1500 3076; x_wconf 87' lang='lat' dir='ltr'><strong>niam</strong></span> <span class='ocrx_word' id='word_1_763' title='bbox 1513 3046 1651 3076; x_wconf 90' lang='lat' dir='ltr'><strong>natura</strong></span> <span class='ocrx_word' id='word_1_764' title='bbox 1667 3038 1877 3087; x_wconf 81' lang='lat' dir='ltr'><strong>inteiligens</strong></span> <span class='ocrx_word' id='word_1_765' title='bbox 1893 3050 1943 3076; x_wconf 89' lang='lat' dir='ltr'>es.</span> <span class='ocrx_word' id='word_1_766' title='bbox 1959 3039 2017 3074; x_wconf 89' lang='lat' dir='ltr'><strong>Tu</strong></span> <span class='ocrx_word' id='word_1_767' title='bbox 2031 3037 2131 3074; x_wconf 90' lang='lat' dir='ltr'><strong>enim</strong></span> <span class='ocrx_word' id='word_1_768' title='bbox 2145 3049 2182 3072; x_wconf 90' lang='lat' dir='ltr'>es</span> <span class='ocrx_word' id='word_1_769' title='bbox 2195 3036 2343 3073; x_wconf 89' lang='lat' dir='ltr'><strong>animus</strong></span> <span class='ocrx_word' id='word_1_770' title='bbox 2351 3061 2369 3082; x_wconf 97' lang='lat'><strong>,-</strong></span> <span class='ocrx_word' id='word_1_771' title='bbox 2377 3047 2464 3072; x_wconf 88' lang='lat' dir='ltr'><strong>cor·</strong></span> 
     </span>
     <span class='ocr_line' id='line_1_102' title="bbox 1398 3096 2464 3148; baseline -0.003 -13"><span class='ocrx_word' id='word_1_772' title='bbox 1398 3112 1472 3148; x_wconf 89' lang='lat' dir='ltr'>pus</span> <span class='ocrx_word' id='word_1_773' title='bbox 1485 3111 1590 3146; x_wconf 84' lang='lat' dir='ltr'><strong>vero,</strong></span> <span class='ocrx_word' id='word_1_774' title='bbox 1603 3105 1711 3134; x_wconf 87' lang='lat' dir='ltr'><strong>tuum</strong></span> <span class='ocrx_word' id='word_1_775' title='bbox 1721 3112 1732 3145; x_wconf 91' lang='lat'>;</span> <span class='ocrx_word' id='word_1_776' title='bbox 1751 3105 1907 3135; x_wconf 85' lang='lat' dir='ltr'><strong>externa</strong></span> <span class='ocrx_word' id='word_1_777' title='bbox 1922 3105 2064 3145; x_wconf 86' lang='lat' dir='ltr'><strong>autem,</strong></span> <span class='ocrx_word' id='word_1_778' title='bbox 2082 3096 2269 3145; x_wconf 77' lang='lat' dir='ltr'><strong>corporiS.</strong></span> <span class='ocrx_word' id='word_1_779' title='bbox 2289 3096 2464 3144; x_wconf 88' lang='lat' dir='ltr'><strong>Namque</strong></span> 
     </span>
     <span class='ocr_line' id='line_1_103' title="bbox 1398 3154 2464 3196; baseline -0.005 0"><span class='ocrx_word' id='word_1_780' title='bbox 1398 3159 1470 3196; x_wconf 89' lang='lat' dir='ltr'><strong>hac</strong></span> <span class='ocrx_word' id='word_1_781' title='bbox 1485 3158 1728 3195; x_wconf 90' lang='lat' dir='ltr'><strong>distinctione</strong></span> <span class='ocrx_word' id='word_1_782' title='bbox 1743 3164 1968 3193; x_wconf 90' lang='lat' dir='ltr'><strong>naturarum</strong></span> <span class='ocrx_word' id='word_1_783' title='bbox 1988 3156 2254 3193; x_wconf 88' lang='lat' dir='ltr'><strong>confusionem</strong></span> <span class='ocrx_word' id='word_1_784' title='bbox 2268 3154 2406 3192; x_wconf 82' lang='lat' dir='ltr'><strong>vitabis</strong></span> <span class='ocrx_word' id='word_1_785' title='bbox 2425 3161 2464 3192; x_wconf 90' lang='lat' dir='ltr'>et</span> 
     </span>
     <span class='ocr_line' id='line_1_104' title="bbox 1401 3216 2461 3268; baseline -0.005 -13"><span class='ocrx_word' id='word_1_786' title='bbox 1401 3232 1485 3268; x_wconf 86' lang='lat' dir='ltr'><strong>quae</strong></span> <span class='ocrx_word' id='word_1_787' title='bbox 1510 3219 1558 3255; x_wconf 91' lang='lat' dir='ltr'>sit</span> <span class='ocrx_word' id='word_1_788' title='bbox 1586 3219 1754 3255; x_wconf 91' lang='lat' dir='ltr'><strong>humana</strong></span> <span class='ocrx_word' id='word_1_789' title='bbox 1782 3224 1919 3254; x_wconf 87' lang='lat' dir='ltr'><strong>natura</strong></span> <span class='ocrx_word' id='word_1_790' title='bbox 1938 3216 2122 3265; x_wconf 88' lang='lat' dir='ltr'><strong>reperies,</strong></span> <span class='ocrx_word' id='word_1_791' title='bbox 2143 3216 2174 3251; x_wconf 92' lang='lat' dir='ltr'><strong>si</strong></span> <span class='ocrx_word' id='word_1_792' title='bbox 2197 3226 2268 3251; x_wconf 89' lang='lat' dir='ltr'>nec</span> <span class='ocrx_word' id='word_1_793' title='bbox 2298 3225 2461 3263; x_wconf 84' lang='lat' dir='ltr'><strong>corpus,</strong></span> 
     </span>
     <span class='ocr_line' id='line_1_105' title="bbox 1398 3272 2463 3326; baseline -0.007 -11"><span class='ocrx_word' id='word_1_794' title='bbox 1398 3291 1470 3316; x_wconf 90' lang='lat' dir='ltr'>nec</span> <span class='ocrx_word' id='word_1_795' title='bbox 1486 3285 1644 3315; x_wconf 84' lang='lat' dir='ltr'><strong>externa</strong></span> <span class='ocrx_word' id='word_1_796' title='bbox 1667 3290 1840 3326; x_wconf 86' lang='lat' dir='ltr'><strong>unquam</strong></span> <span class='ocrx_word' id='word_1_797' title='bbox 1861 3283 1897 3313; x_wconf 87' lang='lat' dir='ltr'>te</span> <span class='ocrx_word' id='word_1_798' title='bbox 1917 3288 1995 3313; x_wconf 89' lang='lat' dir='ltr'><strong>esse</strong></span> <span class='ocrx_word' id='word_1_799' title='bbox 2016 3275 2224 3321; x_wconf 84' lang='lat' dir='ltr'><strong>existimes,</strong></span> <span class='ocrx_word' id='word_1_800' title='bbox 2242 3285 2313 3310; x_wconf 86' lang='lat' dir='ltr'>nec</span> <span class='ocrx_word' id='word_1_801' title='bbox 2342 3272 2392 3309; x_wconf 90' lang='lat' dir='ltr'>de</span> <span class='ocrx_word' id='word_1_802' title='bbox 2417 3272 2463 3308; x_wconf 86' lang='lat' dir='ltr'>iis</span> 
     </span>
     <span class='ocr_line' id='line_1_106' title="bbox 1400 3332 2461 3387; baseline -0.006 -13"><span class='ocrx_word' id='word_1_803' title='bbox 1400 3345 1581 3387; x_wconf 85' lang='lat' dir='ltr'><strong>tanquam</strong></span> <span class='ocrx_word' id='word_1_804' title='bbox 1598 3337 1646 3374; x_wconf 91' lang='lat' dir='ltr'>de</span> <span class='ocrx_word' id='word_1_805' title='bbox 1664 3344 1702 3374; x_wconf 92' lang='lat' dir='ltr'>te</span> <span class='ocrx_word' id='word_1_806' title='bbox 1722 3338 1807 3386; x_wconf 88' lang='lat' dir='ltr'><strong>ipso</strong></span> <span class='ocrx_word' id='word_1_807' title='bbox 1832 3336 2016 3373; x_wconf 86' lang='lat' dir='ltr'><strong>sollicitus</strong></span> <span class='ocrx_word' id='word_1_808' title='bbox 2045 3335 2114 3382; x_wconf 89' lang='lat' dir='ltr'><strong>sis,</strong></span> <span class='ocrx_word' id='word_1_809' title='bbox 2139 3346 2188 3371; x_wconf 87' lang='lat' dir='ltr'>ne</span> <span class='ocrx_word' id='word_1_810' title='bbox 2222 3332 2273 3370; x_wconf 90' lang='lat' dir='ltr'><strong>ad</strong></span> <span class='ocrx_word' id='word_1_811' title='bbox 2302 3332 2461 3369; x_wconf 88' lang='lat' dir='ltr'><strong>nimiam</strong></span> 
     </span>
     <span class='ocr_line' id='line_1_107' title="bbox 1400 3391 2460 3447; baseline -0.007 -12"><span class='ocrx_word' id='word_1_812' title='bbox 1400 3398 1573 3447; x_wconf 88' lang='lat' dir='ltr'><strong>corporis</strong></span> <span class='ocrx_word' id='word_1_813' title='bbox 1592 3410 1722 3434; x_wconf 89' lang='lat' dir='ltr'><strong>curam</strong></span> <span class='ocrx_word' id='word_1_814' title='bbox 1740 3404 1778 3434; x_wconf 89' lang='lat' dir='ltr'>et</span> <span class='ocrx_word' id='word_1_815' title='bbox 1805 3396 2024 3433; x_wconf 78' lang='lat' dir='ltr'><strong>divitiarum</strong></span> <span class='ocrx_word' id='word_1_816' title='bbox 2054 3395 2302 3444; x_wconf 88' lang='lat' dir='ltr'><strong>cupiditatem</strong></span> <span class='ocrx_word' id='word_1_817' title='bbox 2322 3391 2460 3442; x_wconf 88' lang='lat' dir='ltr'><strong>impel-</strong></span> 
     </span>
     <span class='ocr_line' id='line_1_108' title="bbox 1398 3452 2460 3504; baseline -0.008 -10"><span class='ocrx_word' id='word_1_818' title='bbox 1398 3458 1497 3494; x_wconf 86' lang='lat' dir='ltr'><strong>laris.</strong></span> <span class='ocrx_word' id='word_1_819' title='bbox 1515 3458 1679 3495; x_wconf 89' lang='lat' dir='ltr'><strong>Omnino</strong></span> <span class='ocrx_word' id='word_1_820' title='bbox 1700 3458 1801 3494; x_wconf 91' lang='lat' dir='ltr'><strong>enim</strong></span> <span class='ocrx_word' id='word_1_821' title='bbox 1816 3485 1826 3503; x_wconf 95' lang='lat'>‚</span> <span class='ocrx_word' id='word_1_822' title='bbox 1849 3457 1880 3493; x_wconf 85' lang='lat' dir='ltr'><strong>si</strong></span> <span class='ocrx_word' id='word_1_823' title='bbox 1897 3456 1992 3504; x_wconf 90' lang='lat' dir='ltr'><strong>quid</strong></span> <span class='ocrx_word' id='word_1_824' title='bbox 2010 3456 2083 3504; x_wconf 91' lang='lat' dir='ltr'><strong>ipsi</strong></span> <span class='ocrx_word' id='word_1_825' title='bbox 2102 3455 2216 3490; x_wconf 84' lang='lat' dir='ltr'><strong>simus</strong></span> <span class='ocrx_word' id='word_1_826' title='bbox 2234 3452 2460 3498; x_wconf 79' lang='lat' dir='ltr'><strong>nesciamus,</strong></span> 
     </span>
     <span class='ocr_line' id='line_1_109' title="bbox 1401 3510 2463 3564; baseline -0.006 -13"><span class='ocrx_word' id='word_1_827' title='bbox 1401 3516 1441 3552; x_wconf 90' lang='lat' dir='ltr'><strong>id</strong></span> <span class='ocrx_word' id='word_1_828' title='bbox 1461 3517 1594 3564; x_wconf 89' lang='lat' dir='ltr'><strong>etiam,</strong></span> <span class='ocrx_word' id='word_1_829' title='bbox 1616 3515 1722 3564; x_wconf 88' lang='lat' dir='ltr'><strong>cujus</strong></span> <span class='ocrx_word' id='word_1_830' title='bbox 1738 3529 1829 3553; x_wconf 87' lang='lat' dir='ltr'><strong>cura</strong></span> <span class='ocrx_word' id='word_1_831' title='bbox 1848 3516 1960 3552; x_wconf 89' lang='lat' dir='ltr'><strong>nobis</strong></span> <span class='ocrx_word' id='word_1_832' title='bbox 1980 3513 2159 3551; x_wconf 85' lang='lat' dir='ltr'><strong>habenda</strong></span> <span class='ocrx_word' id='word_1_833' title='bbox 2179 3513 2247 3559; x_wconf 91' lang='lat' dir='ltr'><strong>sit,</strong></span> <span class='ocrx_word' id='word_1_834' title='bbox 2267 3510 2378 3548; x_wconf 90' lang='lat' dir='ltr'><strong>simul</strong></span> <span class='ocrx_word' id='word_1_835' title='bbox 2396 3521 2463 3546; x_wconf 86' lang='lat' dir='ltr'>ne·</span> 
     </span>
    </p>
   </div>
  </div>
 </body>
</html>
