<?xml version="1.0" encoding="UTF-8"?>
<!DOCTYPE html PUBLIC "-//W3C//DTD XHTML 1.0 Transitional//EN"
    "http://www.w3.org/TR/xhtml1/DTD/xhtml1-transitional.dtd">
<html xmlns="http://www.w3.org/1999/xhtml" xml:lang="en" lang="en">
 <head>
  <title>
</title>
<meta http-equiv="Content-Type" content="text/html;charset=utf-8" />
  <meta name='ocr-system' content='tesseract 3.04.00' />
  <meta name='ocr-capabilities' content='ocr_page ocr_carea ocr_par ocr_line ocrx_word'/>
</head>
<body>
  <div class='ocr_page' id='page_1' title='image "./fragmentaphiloso01mulluoft_0261.png"; bbox 0 0 2612 3814; ppageno 0'>
   <div class='ocr_carea' id='block_1_1' title="bbox 0 0 97 3814">
    <p class='ocr_par' dir='ltr' id='par_1_1' title="bbox 0 0 97 3814">
     <span class='ocr_line' id='line_1_1' title="bbox 0 0 97 3814; baseline 0 0"><span class='ocrx_word' id='word_1_1' title='bbox 0 0 97 3814; x_wconf 95' lang='lat' dir='ltr'><strong> </strong></span> 
     </span>
    </p>
   </div>
   <div class='ocr_carea' id='block_1_2' title="bbox 967 231 2297 287">
    <p class='ocr_par' dir='ltr' id='par_1_2' title="bbox 967 231 2297 287">
     <span class='ocr_line' id='line_1_2' title="bbox 967 231 2297 287; baseline -0.008 -10"><span class='ocrx_word' id='word_1_2' title='bbox 967 231 1451 277; x_wconf 84' lang='lat' dir='ltr'><strong>APOPHTHEGMATA.</strong></span> <span class='ocrx_word' id='word_1_3' title='bbox 1950 282 1955 287; x_wconf 33' lang='grc'><em>.</em></span> <span class='ocrx_word' id='word_1_4' title='bbox 2228 233 2249 266; x_wconf 88' lang='grc'>2</span> <span class='ocrx_word' id='word_1_5' title='bbox 2257 235 2276 267; x_wconf 77' lang='lat'>2</span> <span class='ocrx_word' id='word_1_6' title='bbox 2288 234 2297 267; x_wconf 85' lang='grc' dir='ltr'>Ι</span> 
     </span>
    </p>
   </div>
   <div class='ocr_carea' id='block_1_3' title="bbox 263 327 1075 390">
    <p class='ocr_par' dir='ltr' id='par_1_3' title="bbox 263 327 1075 390">
     <span class='ocr_line' id='line_1_3' title="bbox 263 327 1075 390; baseline -0.015 -13"><span class='ocrx_word' id='word_1_7' title='bbox 263 338 432 390; x_wconf 80' lang='lat' dir='ltr'><strong>(Anton.</strong></span> <span class='ocrx_word' id='word_1_8' title='bbox 449 333 595 374; x_wconf 88' lang='lat' dir='ltr'><strong>Meliss.</strong></span> <span class='ocrx_word' id='word_1_9' title='bbox 615 331 739 371; x_wconf 87' lang='lat' dir='ltr'><strong>Serm.</strong></span> <span class='ocrx_word' id='word_1_10' title='bbox 760 327 840 382; x_wconf 76' lang='grc' dir='ltr'>περὶ</span> <span class='ocrx_word' id='word_1_11' title='bbox 859 329 1047 380; x_wconf 84' lang='grc' dir='ltr'>γερόντων.</span> <span class='ocrx_word' id='word_1_12' title='bbox 1063 327 1075 378; x_wconf 92' lang='grc'>)</span> 
     </span>
    </p>
   </div>
   <div class='ocr_carea' id='block_1_4' title="bbox 126 394 1187 523">
    <p class='ocr_par' dir='ltr' id='par_1_4' title="bbox 126 394 1187 523">
     <span class='ocr_line' id='line_1_4' title="bbox 126 394 1187 462; baseline -0.015 -12"><span class='ocrx_word' id='word_1_13' title='bbox 126 425 177 452; x_wconf 79' lang='grc'><strong>22.</strong></span> <span class='ocrx_word' id='word_1_14' title='bbox 208 410 278 451; x_wconf 86' lang='grc' dir='ltr'>Ἐκ</span> <span class='ocrx_word' id='word_1_15' title='bbox 296 412 428 462; x_wconf 74' lang='grc' dir='ltr'>γρυσοῢ</span> <span class='ocrx_word' id='word_1_16' title='bbox 458 405 628 459; x_wconf 70' lang='grc' dir='ltr'>ποτηρίου</span> <span class='ocrx_word' id='word_1_17' title='bbox 649 402 760 442; x_wconf 79' lang='grc' dir='ltr'>πίνειν</span> <span class='ocrx_word' id='word_1_18' title='bbox 790 400 978 455; x_wconf 83' lang='grc' dir='ltr'>φάρμακον</span> <span class='ocrx_word' id='word_1_19' title='bbox 1006 398 1067 437; x_wconf 81' lang='grc' dir='ltr'><strong>καὶ</strong></span> <span class='ocrx_word' id='word_1_20' title='bbox 1087 394 1187 449; x_wconf 80' lang='grc' dir='ltr'>παρὰ</span> 
     </span>
     <span class='ocr_line' id='line_1_5' title="bbox 211 454 1187 523; baseline -0.016 -13"><span class='ocrx_word' id='word_1_21' title='bbox 211 454 321 523; x_wconf 30' lang='grc' dir='ltr'>φίλου*</span> <span class='ocrx_word' id='word_1_22' title='bbox 345 465 564 519; x_wconf 79' lang='grc' dir='ltr'>εὐγνώμονος</span> <span class='ocrx_word' id='word_1_23' title='bbox 591 460 807 515; x_wconf 76' lang='grc' dir='ltr'>συμὸουλίαν</span> <span class='ocrx_word' id='word_1_24' title='bbox 838 459 1037 512; x_wconf 73' lang='grc' dir='ltr'>λαμὸάνειν</span> <span class='ocrx_word' id='word_1_25' title='bbox 1059 455 1187 496; x_wconf 85' lang='grc' dir='ltr'>ταυτόν</span> 
     </span>
    </p>
   </div>
   <div class='ocr_carea' id='block_1_5' title="bbox 127 530 1193 1239">
    <p class='ocr_par' dir='ltr' id='par_1_5' title="bbox 210 530 1191 710">
     <span class='ocr_line' id='line_1_6' title="bbox 210 530 318 568; baseline -0.028 0"><span class='ocrx_word' id='word_1_26' title='bbox 210 530 318 568; x_wconf 78' lang='grc' dir='ltr'>ἐστιν.</span> 
     </span>
     <span class='ocr_line' id='line_1_7' title="bbox 267 588 1191 651; baseline -0.014 -13"><span class='ocrx_word' id='word_1_27' title='bbox 267 600 440 651; x_wconf 86' lang='lat' dir='ltr'><strong>(Anton.</strong></span> <span class='ocrx_word' id='word_1_28' title='bbox 464 595 611 635; x_wconf 87' lang='lat' dir='ltr'><strong>Meliss.</strong></span> <span class='ocrx_word' id='word_1_29' title='bbox 636 594 762 633; x_wconf 86' lang='lat' dir='ltr'><strong>Serm.</strong></span> <span class='ocrx_word' id='word_1_30' title='bbox 798 591 879 646; x_wconf 87' lang='grc' dir='ltr'>περὶ</span> <span class='ocrx_word' id='word_1_31' title='bbox 901 590 1010 645; x_wconf 76' lang='grc' dir='ltr'>φίλων</span> <span class='ocrx_word' id='word_1_32' title='bbox 1047 588 1109 628; x_wconf 71' lang='grc' dir='ltr'><strong>καὶ</strong></span> <span class='ocrx_word' id='word_1_33' title='bbox 1138 603 1191 643; x_wconf 84' lang='grc' dir='ltr'><strong>φι-</strong></span> 
     </span>
     <span class='ocr_line' id='line_1_8' title="bbox 316 657 433 710; baseline -0.009 -13"><span class='ocrx_word' id='word_1_34' title='bbox 316 657 433 710; x_wconf 87' lang='grc' dir='ltr'>λίας.)</span> 
     </span>
    </p>

    <p class='ocr_par' dir='ltr' id='par_1_6' title="bbox 128 721 1189 840">
     <span class='ocr_line' id='line_1_9' title="bbox 128 721 1189 781; baseline -0.013 -10"><span class='ocrx_word' id='word_1_35' title='bbox 128 743 178 772; x_wconf 70' lang='grc'><strong>23.</strong></span> <span class='ocrx_word' id='word_1_36' title='bbox 210 729 258 770; x_wconf 81' lang='lat' dir='ltr'><strong>‘O</strong></span> <span class='ocrx_word' id='word_1_37' title='bbox 275 727 369 769; x_wconf 83' lang='grc' dir='ltr'>κατὰ</span> <span class='ocrx_word' id='word_1_38' title='bbox 389 726 466 767; x_wconf 81' lang='grc' dir='ltr'>θεὸν</span> <span class='ocrx_word' id='word_1_39' title='bbox 486 726 583 781; x_wconf 86' lang='grc' dir='ltr'>φίλος</span> <span class='ocrx_word' id='word_1_40' title='bbox 608 724 677 780; x_wconf 78' lang='grc' dir='ltr'>ῥέει</span> <span class='ocrx_word' id='word_1_41' title='bbox 698 723 780 776; x_wconf 82' lang='grc' dir='ltr'>μέλι</span> <span class='ocrx_word' id='word_1_42' title='bbox 808 723 870 763; x_wconf 79' lang='grc' dir='ltr'><strong>καὶ</strong></span> <span class='ocrx_word' id='word_1_43' title='bbox 890 722 982 776; x_wconf 83' lang='grc' dir='ltr'>γάλα</span> <span class='ocrx_word' id='word_1_44' title='bbox 1009 726 1079 765; x_wconf 82' lang='grc' dir='ltr'>τοῖς</span> <span class='ocrx_word' id='word_1_45' title='bbox 1102 721 1189 767; x_wconf 82' lang='grc' dir='ltr'>ἀλη-</span> 
     </span>
     <span class='ocr_line' id='line_1_10' title="bbox 210 788 432 840; baseline -0.005 -11"><span class='ocrx_word' id='word_1_46' title='bbox 210 789 286 830; x_wconf 86' lang='grc' dir='ltr'>θέσι</span> <span class='ocrx_word' id='word_1_47' title='bbox 303 788 432 840; x_wconf 87' lang='grc' dir='ltr'>λόγοις.</span> 
     </span>
    </p>

    <p class='ocr_par' dir='ltr' id='par_1_7' title="bbox 266 847 1190 969">
     <span class='ocr_line' id='line_1_11' title="bbox 266 847 1190 911; baseline -0.012 -13"><span class='ocrx_word' id='word_1_48' title='bbox 266 859 439 911; x_wconf 88' lang='lat' dir='ltr'><strong>(Anton.</strong></span> <span class='ocrx_word' id='word_1_49' title='bbox 470 857 616 895; x_wconf 60' lang='lat' dir='ltr'><strong>Meliss</strong></span> <span class='ocrx_word' id='word_1_50' title='bbox 653 855 776 894; x_wconf 85' lang='lat' dir='ltr'><strong>Serm.</strong></span> <span class='ocrx_word' id='word_1_51' title='bbox 807 852 887 905; x_wconf 83' lang='grc' dir='ltr'>περὶ</span> <span class='ocrx_word' id='word_1_52' title='bbox 908 847 1017 906; x_wconf 81' lang='grc' dir='ltr'>φίλων</span> <span class='ocrx_word' id='word_1_53' title='bbox 1039 849 1100 889; x_wconf 80' lang='grc' dir='ltr'><strong>καὶ</strong></span> <span class='ocrx_word' id='word_1_54' title='bbox 1130 865 1190 902; x_wconf 84' lang='grc' dir='ltr'><strong>φι-</strong></span> 
     </span>
     <span class='ocr_line' id='line_1_12' title="bbox 317 917 445 969; baseline 0.008 -13"><span class='ocrx_word' id='word_1_55' title='bbox 317 917 410 961; x_wconf 86' lang='grc' dir='ltr'>λίας.</span> <span class='ocrx_word' id='word_1_56' title='bbox 433 917 445 969; x_wconf 97' lang='grc'>)</span> 
     </span>
    </p>

    <p class='ocr_par' dir='ltr' id='par_1_8' title="bbox 127 979 1192 1168">
     <span class='ocr_line' id='line_1_13' title="bbox 127 979 1192 1042; baseline -0.01 -13"><span class='ocrx_word' id='word_1_57' title='bbox 127 1002 180 1031; x_wconf 77' lang='grc'><strong>24.</strong></span> <span class='ocrx_word' id='word_1_58' title='bbox 213 990 275 1034; x_wconf 77' lang='grc' dir='ltr'><strong>Εἰς</strong></span> <span class='ocrx_word' id='word_1_59' title='bbox 293 986 407 1042; x_wconf 77' lang='grc' dir='ltr'>ἀρχὴν</span> <span class='ocrx_word' id='word_1_60' title='bbox 432 985 665 1031; x_wconf 70' lang='grc' dir='ltr'>κατασταθεὶς</span> <span class='ocrx_word' id='word_1_61' title='bbox 699 982 823 1036; x_wconf 82' lang='grc' dir='ltr'>μηδενὶ</span> <span class='ocrx_word' id='word_1_62' title='bbox 847 985 926 1036; x_wconf 84' lang='grc' dir='ltr'>χρῶ</span> <span class='ocrx_word' id='word_1_63' title='bbox 945 982 1088 1034; x_wconf 80' lang='grc' dir='ltr'>πονηρῷ</span> <span class='ocrx_word' id='word_1_64' title='bbox 1105 979 1192 1034; x_wconf 84' lang='grc' dir='ltr'>πρὸς</span> 
     </span>
     <span class='ocr_line' id='line_1_14' title="bbox 211 1046 1192 1106; baseline -0.008 -13"><span class='ocrx_word' id='word_1_65' title='bbox 211 1054 274 1100; x_wconf 87' lang='grc' dir='ltr'>τὰς</span> <span class='ocrx_word' id='word_1_66' title='bbox 294 1053 480 1102; x_wconf 78' lang='grc' dir='ltr'>διοικήσεις</span> <span class='ocrx_word' id='word_1_67' title='bbox 492 1069 500 1077; x_wconf 89' lang='grc'><em>·</em></span> <span class='ocrx_word' id='word_1_68' title='bbox 521 1046 570 1092; x_wconf 64' lang='grc' dir='ltr'><strong>ὧν</strong></span> <span class='ocrx_word' id='word_1_69' title='bbox 590 1051 658 1106; x_wconf 85' lang='grc' dir='ltr'>γὰρ</span> <span class='ocrx_word' id='word_1_70' title='bbox 676 1050 718 1090; x_wconf 76' lang='grc' dir='ltr'><strong>ἂν</strong></span> <span class='ocrx_word' id='word_1_71' title='bbox 735 1052 863 1095; x_wconf 84' lang='grc' dir='ltr'>ἐκεῖνος</span> <span class='ocrx_word' id='word_1_72' title='bbox 880 1048 1039 1103; x_wconf 84' lang='grc' dir='ltr'>ἁμάρτῃ,</span> <span class='ocrx_word' id='word_1_73' title='bbox 1055 1046 1110 1088; x_wconf 81' lang='grc' dir='ltr'><strong>σοὶ</strong></span> <span class='ocrx_word' id='word_1_74' title='bbox 1130 1046 1192 1091; x_wconf 83' lang='grc' dir='ltr'>τὰς</span> 
     </span>
     <span class='ocr_line' id='line_1_15' title="bbox 213 1110 799 1168; baseline -0.007 -14"><span class='ocrx_word' id='word_1_75' title='bbox 213 1114 328 1159; x_wconf 86' lang='grc' dir='ltr'>αἷτίας</span> <span class='ocrx_word' id='word_1_76' title='bbox 342 1117 391 1168; x_wconf 84' lang='grc' dir='ltr'>τῷ</span> <span class='ocrx_word' id='word_1_77' title='bbox 415 1113 559 1167; x_wconf 87' lang='grc' dir='ltr'>ἄρχοντι</span> <span class='ocrx_word' id='word_1_78' title='bbox 580 1110 799 1158; x_wconf 79' lang='grc' dir='ltr'>ἐπιθήσουσι.</span> 
     </span>
    </p>

    <p class='ocr_par' dir='ltr' id='par_1_9' title="bbox 267 1176 1193 1239">
     <span class='ocr_line' id='line_1_16' title="bbox 267 1176 1193 1239; baseline -0.013 -13"><span class='ocrx_word' id='word_1_79' title='bbox 267 1188 444 1239; x_wconf 85' lang='lat' dir='ltr'><strong>(Anton.</strong></span> <span class='ocrx_word' id='word_1_80' title='bbox 469 1185 613 1224; x_wconf 85' lang='lat' dir='ltr'><strong>Meliss.</strong></span> <span class='ocrx_word' id='word_1_81' title='bbox 635 1183 761 1222; x_wconf 86' lang='lat' dir='ltr'><strong>Serm.</strong></span> <span class='ocrx_word' id='word_1_82' title='bbox 778 1179 862 1236; x_wconf 44' lang='grc' dir='ltr'>περὶ.</span> <span class='ocrx_word' id='word_1_83' title='bbox 881 1181 994 1232; x_wconf 73' lang='grc' dir='ltr'>ἀρχῆς</span> <span class='ocrx_word' id='word_1_84' title='bbox 1013 1177 1074 1217; x_wconf 76' lang='grc' dir='ltr'><strong>καὶ</strong></span> <span class='ocrx_word' id='word_1_85' title='bbox 1095 1176 1193 1222; x_wconf 80' lang='grc' dir='ltr'>ἐξου-</span> 
     </span>
    </p>
   </div>
   <div class='ocr_carea' id='block_1_6' title="bbox 319 1238 1190 1356">
    <p class='ocr_par' dir='ltr' id='par_1_10' title="bbox 319 1238 1190 1356">
     <span class='ocr_line' id='line_1_17' title="bbox 319 1238 1190 1290; baseline -0.011 -5"><span class='ocrx_word' id='word_1_86' title='bbox 319 1246 411 1290; x_wconf 86' lang='grc' dir='ltr'>σίας.</span> <span class='ocrx_word' id='word_1_87' title='bbox 429 1245 486 1284; x_wconf 81' lang='lat' dir='ltr'><strong>Cf.</strong></span> <span class='ocrx_word' id='word_1_88' title='bbox 503 1244 664 1283; x_wconf 85' lang='lat' dir='ltr'><strong>Isocrat.</strong></span> <span class='ocrx_word' id='word_1_89' title='bbox 681 1242 790 1280; x_wconf 82' lang='lat' dir='ltr'><strong>Orat.</strong></span> <span class='ocrx_word' id='word_1_90' title='bbox 802 1239 849 1278; x_wconf 91' lang='lat' dir='ltr'><strong>ad</strong></span> <span class='ocrx_word' id='word_1_91' title='bbox 866 1238 1066 1277; x_wconf 87' lang='lat' dir='ltr'><strong>Demonic.</strong></span> <span class='ocrx_word' id='word_1_92' title='bbox 1079 1251 1119 1289; x_wconf 90' lang='lat' dir='ltr'><strong>p.</strong></span> <span class='ocrx_word' id='word_1_93' title='bbox 1143 1251 1190 1275; x_wconf 93' lang='lat'><strong>10</strong></span> 
     </span>
     <span class='ocr_line' id='line_1_18' title="bbox 319 1303 564 1356; baseline 0 -12"><span class='ocrx_word' id='word_1_94' title='bbox 319 1305 381 1344; x_wconf 90' lang='lat' dir='ltr'><strong>ed.</strong></span> <span class='ocrx_word' id='word_1_95' title='bbox 406 1303 564 1356; x_wconf 83' lang='lat' dir='ltr'><strong>Steph.)</strong></span> 
     </span>
    </p>
   </div>
   <div class='ocr_carea' id='block_1_7' title="bbox 129 1364 1197 2009">
    <p class='ocr_par' dir='ltr' id='par_1_11' title="bbox 129 1364 1197 2009">
     <span class='ocr_line' id='line_1_19' title="bbox 129 1364 1192 1428; baseline -0.01 -12"><span class='ocrx_word' id='word_1_96' title='bbox 129 1390 180 1416; x_wconf 76' lang='lat'><strong>25.</strong></span> <span class='ocrx_word' id='word_1_97' title='bbox 213 1375 387 1428; x_wconf 75' lang='grc' dir='ltr'>Γαμὸροῧ</span> <span class='ocrx_word' id='word_1_98' title='bbox 404 1377 423 1414; x_wconf 83' lang='grc' dir='ltr'>ὁ</span> <span class='ocrx_word' id='word_1_99' title='bbox 444 1374 507 1424; x_wconf 83' lang='grc' dir='ltr'><strong>μὲν</strong></span> <span class='ocrx_word' id='word_1_100' title='bbox 528 1370 705 1425; x_wconf 79' lang='grc' dir='ltr'>ἐπιτυχὼν</span> <span class='ocrx_word' id='word_1_101' title='bbox 727 1364 824 1425; x_wconf 71' lang='grc' dir='ltr'>εῧρεν</span> <span class='ocrx_word' id='word_1_102' title='bbox 844 1368 916 1409; x_wconf 74' lang='grc' dir='ltr'>υἱόν</span> <span class='ocrx_word' id='word_1_103' title='bbox 930 1399 940 1418; x_wconf 86' lang='grc'><em>,</em></span> <span class='ocrx_word' id='word_1_104' title='bbox 960 1371 978 1407; x_wconf 88' lang='grc' dir='ltr'>ὁ</span> <span class='ocrx_word' id='word_1_105' title='bbox 1003 1367 1039 1407; x_wconf 83' lang='grc' dir='ltr'><strong>δὲ</strong></span> <span class='ocrx_word' id='word_1_106' title='bbox 1060 1369 1192 1406; x_wconf 83' lang='grc' dir='ltr'>ἀποτυ-</span> 
     </span>
     <span class='ocr_line' id='line_1_20' title="bbox 211 1430 760 1488; baseline -0.004 -14"><span class='ocrx_word' id='word_1_107' title='bbox 211 1434 286 1488; x_wconf 79' lang='grc' dir='ltr'><strong>χὼν</strong></span> <span class='ocrx_word' id='word_1_108' title='bbox 309 1433 472 1474; x_wconf 83' lang='grc' dir='ltr'>ἀπώλεσε</span> <span class='ocrx_word' id='word_1_109' title='bbox 489 1431 549 1473; x_wconf 81' lang='grc' dir='ltr'><strong>καὶ</strong></span> <span class='ocrx_word' id='word_1_110' title='bbox 569 1430 760 1485; x_wconf 82' lang='grc' dir='ltr'>θυγατέρα.</span> 
     </span>
     <span class='ocr_line' id='line_1_21' title="bbox 271 1499 1196 1559; baseline -0.006 -15"><span class='ocrx_word' id='word_1_111' title='bbox 271 1507 436 1559; x_wconf 86' lang='lat' dir='ltr'><strong>(Anton.</strong></span> <span class='ocrx_word' id='word_1_112' title='bbox 458 1514 496 1544; x_wconf 90' lang='lat' dir='ltr'><strong>et</strong></span> <span class='ocrx_word' id='word_1_113' title='bbox 513 1504 673 1544; x_wconf 82' lang='lat' dir='ltr'>Maxim.</span> <span class='ocrx_word' id='word_1_114' title='bbox 698 1502 824 1541; x_wconf 86' lang='lat' dir='ltr'><strong>Serm.</strong></span> <span class='ocrx_word' id='word_1_115' title='bbox 848 1499 930 1555; x_wconf 67' lang='grc' dir='ltr'>περὶ</span> <span class='ocrx_word' id='word_1_116' title='bbox 950 1499 1114 1554; x_wconf 74' lang='grc' dir='ltr'>εὐτυχίας</span> <span class='ocrx_word' id='word_1_117' title='bbox 1134 1499 1196 1539; x_wconf 86' lang='grc' dir='ltr'><strong>καὶ</strong></span> 
     </span>
     <span class='ocr_line' id='line_1_22' title="bbox 321 1563 554 1618; baseline -0.009 -14"><span class='ocrx_word' id='word_1_118' title='bbox 321 1564 525 1618; x_wconf 79' lang='grc' dir='ltr'>δυστυχίας.</span> <span class='ocrx_word' id='word_1_119' title='bbox 543 1563 554 1618; x_wconf 91' lang='grc'>)</span> 
     </span>
     <span class='ocr_line' id='line_1_23' title="bbox 131 1628 1197 1689; baseline -0.006 -14"><span class='ocrx_word' id='word_1_120' title='bbox 131 1649 182 1678; x_wconf 75' lang='grc' dir='ltr'><strong>2ο.</strong></span> <span class='ocrx_word' id='word_1_121' title='bbox 212 1637 288 1689; x_wconf 79' lang='grc' dir='ltr'><strong>Υἱῷ</strong></span> <span class='ocrx_word' id='word_1_122' title='bbox 306 1635 365 1674; x_wconf 87' lang='grc' dir='ltr'><strong>καὶ</strong></span> <span class='ocrx_word' id='word_1_123' title='bbox 386 1634 530 1688; x_wconf 85' lang='grc' dir='ltr'>θυγατρὶ</span> <span class='ocrx_word' id='word_1_124' title='bbox 551 1632 603 1687; x_wconf 83' lang='grc' dir='ltr'><strong>μὴ</strong></span> <span class='ocrx_word' id='word_1_125' title='bbox 623 1631 930 1688; x_wconf 84' lang='grc' dir='ltr'>προσμειδιάσεις,</span> <span class='ocrx_word' id='word_1_126' title='bbox 947 1628 1005 1669; x_wconf 80' lang='grc' dir='ltr'><strong>ἵνα</strong></span> <span class='ocrx_word' id='word_1_127' title='bbox 1027 1629 1076 1682; x_wconf 85' lang='grc' dir='ltr'><strong>μὴ</strong></span> <span class='ocrx_word' id='word_1_128' title='bbox 1099 1630 1197 1670; x_wconf 80' lang='grc' dir='ltr'>ὕστε·</span> 
     </span>
     <span class='ocr_line' id='line_1_24' title="bbox 216 1694 490 1750; baseline 0.004 -15"><span class='ocrx_word' id='word_1_129' title='bbox 216 1711 273 1749; x_wconf 87' lang='grc' dir='ltr'><strong>ρον</strong></span> <span class='ocrx_word' id='word_1_130' title='bbox 297 1694 490 1750; x_wconf 84' lang='grc' dir='ltr'>δακρύσης.</span> 
     </span>
     <span class='ocr_line' id='line_1_25' title="bbox 273 1760 1195 1820; baseline -0.01 -13"><span class='ocrx_word' id='word_1_131' title='bbox 273 1767 443 1820; x_wconf 83' lang='lat' dir='ltr'><strong>(Anton.</strong></span> <span class='ocrx_word' id='word_1_132' title='bbox 481 1767 629 1806; x_wconf 90' lang='lat' dir='ltr'><strong>Meliss.</strong></span> <span class='ocrx_word' id='word_1_133' title='bbox 663 1767 790 1804; x_wconf 78' lang='lat' dir='ltr'><strong>Serm,</strong></span> <span class='ocrx_word' id='word_1_134' title='bbox 822 1762 903 1816; x_wconf 82' lang='grc' dir='ltr'>περὶ</span> <span class='ocrx_word' id='word_1_135' title='bbox 943 1760 1070 1814; x_wconf 83' lang='grc' dir='ltr'>γονέων</span> <span class='ocrx_word' id='word_1_136' title='bbox 1106 1776 1195 1814; x_wconf 80' lang='grc' dir='ltr'>χρη-</span> 
     </span>
     <span class='ocr_line' id='line_1_26' title="bbox 325 1826 462 1879; baseline 0 -14"><span class='ocrx_word' id='word_1_137' title='bbox 325 1826 462 1879; x_wconf 72' lang='grc' dir='ltr'>στῶν.)</span> 
     </span>
     <span class='ocr_line' id='line_1_27' title="bbox 135 1890 1196 1948; baseline -0.008 -11"><span class='ocrx_word' id='word_1_138' title='bbox 135 1912 186 1939; x_wconf 87' lang='grc'><strong>27.</strong></span> <span class='ocrx_word' id='word_1_139' title='bbox 222 1897 381 1939; x_wconf 81' lang='grc' dir='ltr'>Σπάνιον</span> <span class='ocrx_word' id='word_1_140' title='bbox 402 1896 522 1948; x_wconf 82' lang='grc' dir='ltr'>εἴσαγε</span> <span class='ocrx_word' id='word_1_141' title='bbox 541 1895 598 1935; x_wconf 70' lang='grc' dir='ltr'><strong>τον</strong></span> <span class='ocrx_word' id='word_1_142' title='bbox 621 1895 714 1935; x_wconf 81' lang='grc' dir='ltr'>πόδα</span> <span class='ocrx_word' id='word_1_143' title='bbox 733 1892 819 1947; x_wconf 83' lang='grc' dir='ltr'>πρὸς</span> <span class='ocrx_word' id='word_1_144' title='bbox 839 1892 897 1932; x_wconf 85' lang='grc' dir='ltr'><strong>τὸν</strong></span> <span class='ocrx_word' id='word_1_145' title='bbox 921 1891 1040 1947; x_wconf 84' lang='grc' dir='ltr'>φίλον,</span> <span class='ocrx_word' id='word_1_146' title='bbox 1063 1890 1121 1931; x_wconf 77' lang='grc' dir='ltr'><strong>ἵνα</strong></span> <span class='ocrx_word' id='word_1_147' title='bbox 1147 1890 1196 1943; x_wconf 89' lang='grc' dir='ltr'><strong>μὴ</strong></span> 
     </span>
     <span class='ocr_line' id='line_1_28' title="bbox 217 1956 694 2009; baseline -0.004 -12"><span class='ocrx_word' id='word_1_148' title='bbox 217 1961 278 1997; x_wconf 80' lang='grc' dir='ltr'><strong>σοῦ</strong></span> <span class='ocrx_word' id='word_1_149' title='bbox 297 1957 465 2006; x_wconf 85' lang='grc' dir='ltr'>πλησθεὶς</span> <span class='ocrx_word' id='word_1_150' title='bbox 482 1956 620 2009; x_wconf 75' lang='grc' dir='ltr'>μισήσῃ</span> <span class='ocrx_word' id='word_1_151' title='bbox 641 1970 694 1995; x_wconf 90' lang='grc' dir='ltr'><strong>σε.</strong></span> 
     </span>
    </p>
   </div>
   <div class='ocr_carea' id='block_1_8' title="bbox 138 2023 1198 2268">
    <p class='ocr_par' dir='ltr' id='par_1_12' title="bbox 138 2023 1198 2268">
     <span class='ocr_line' id='line_1_29' title="bbox 275 2023 1197 2081; baseline -0.007 -13"><span class='ocrx_word' id='word_1_152' title='bbox 275 2029 449 2081; x_wconf 78' lang='lat' dir='ltr'><strong>(Anton.</strong></span> <span class='ocrx_word' id='word_1_153' title='bbox 482 2028 632 2067; x_wconf 89' lang='lat' dir='ltr'><strong>Meliss.</strong></span> <span class='ocrx_word' id='word_1_154' title='bbox 667 2027 796 2066; x_wconf 89' lang='lat' dir='ltr'><strong>Serm.</strong></span> <span class='ocrx_word' id='word_1_155' title='bbox 823 2025 903 2078; x_wconf 87' lang='grc' dir='ltr'>περὶ</span> <span class='ocrx_word' id='word_1_156' title='bbox 926 2023 1036 2078; x_wconf 83' lang='grc' dir='ltr'>φίλων</span> <span class='ocrx_word' id='word_1_157' title='bbox 1057 2024 1117 2063; x_wconf 85' lang='grc' dir='ltr'><strong>καὶ</strong></span> <span class='ocrx_word' id='word_1_158' title='bbox 1143 2040 1197 2078; x_wconf 85' lang='grc' dir='ltr'><strong>φι-</strong></span> 
     </span>
     <span class='ocr_line' id='line_1_30' title="bbox 324 2087 502 2141; baseline 0 -13"><span class='ocrx_word' id='word_1_159' title='bbox 324 2087 402 2134; x_wconf 85' lang='grc' dir='ltr'>λίας</span> <span class='ocrx_word' id='word_1_160' title='bbox 421 2088 502 2141; x_wconf 72' lang='lat'><strong>(⁸).)</strong></span> 
     </span>
     <span class='ocr_line' id='line_1_31' title="bbox 138 2150 1198 2209; baseline -0.007 -13"><span class='ocrx_word' id='word_1_161' title='bbox 138 2168 189 2196; x_wconf 75' lang='grc'><strong>28.</strong></span> <span class='ocrx_word' id='word_1_162' title='bbox 222 2153 414 2203; x_wconf 85' lang='grc' dir='ltr'>Μηδέποτε</span> <span class='ocrx_word' id='word_1_163' title='bbox 433 2155 579 2209; x_wconf 75' lang='grc' dir='ltr'>ὄρεχθῇς</span> <span class='ocrx_word' id='word_1_164' title='bbox 600 2151 800 2199; x_wconf 81' lang='grc' dir='ltr'>κτήσασθαι</span> <span class='ocrx_word' id='word_1_165' title='bbox 820 2151 919 2205; x_wconf 85' lang='grc' dir='ltr'>φίλον</span> <span class='ocrx_word' id='word_1_166' title='bbox 939 2151 997 2189; x_wconf 83' lang='grc' dir='ltr'><strong>τὸν</strong></span> <span class='ocrx_word' id='word_1_167' title='bbox 1020 2150 1108 2202; x_wconf 80' lang='grc' dir='ltr'>μήτε</span> <span class='ocrx_word' id='word_1_168' title='bbox 1133 2151 1198 2204; x_wconf 78' lang='grc' dir='ltr'>ψυ·</span> 
     </span>
     <span class='ocr_line' id='line_1_32' title="bbox 218 2207 977 2268; baseline -0.004 -16"><span class='ocrx_word' id='word_1_169' title='bbox 218 2212 288 2268; x_wconf 85' lang='grc' dir='ltr'><strong>χὴν</strong></span> <span class='ocrx_word' id='word_1_170' title='bbox 306 2213 396 2265; x_wconf 80' lang='grc' dir='ltr'>μήτε</span> <span class='ocrx_word' id='word_1_171' title='bbox 417 2215 522 2264; x_wconf 84' lang='grc' dir='ltr'>σῶμα</span> <span class='ocrx_word' id='word_1_172' title='bbox 545 2207 582 2251; x_wconf 74' lang='grc' dir='ltr'><strong>εὖ</strong></span> <span class='ocrx_word' id='word_1_173' title='bbox 604 2214 752 2259; x_wconf 63' lang='grc' dir='ltr'>ποιῆσαι</span> <span class='ocrx_word' id='word_1_174' title='bbox 772 2209 977 2262; x_wconf 80' lang='grc' dir='ltr'>δυνάμενον.</span> 
     </span>
    </p>
   </div>
   <div class='ocr_carea' id='block_1_9' title="bbox 183 2319 904 2364">
    <p class='ocr_par' dir='ltr' id='par_1_13' title="bbox 183 2319 904 2364">
     <span class='ocr_line' id='line_1_33' title="bbox 183 2319 904 2364; baseline -0.003 -10"><span class='ocrx_word' id='word_1_175' title='bbox 183 2323 225 2364; x_wconf 83' lang='lat'><strong>(*)</strong></span> <span class='ocrx_word' id='word_1_176' title='bbox 244 2321 365 2363; x_wconf 86' lang='lat' dir='ltr'><strong>Scripsi</strong></span> <span class='ocrx_word' id='word_1_177' title='bbox 377 2322 430 2354; x_wconf 89' lang='grc' dir='ltr'><strong>τὸν</strong></span> <span class='ocrx_word' id='word_1_178' title='bbox 447 2320 531 2353; x_wconf 71' lang='grc' dir='ltr'>πόδα</span> <span class='ocrx_word' id='word_1_179' title='bbox 548 2320 634 2362; x_wconf 78' lang='lat' dir='ltr'><strong>vulg.</strong></span> <span class='ocrx_word' id='word_1_180' title='bbox 655 2329 714 2362; x_wconf 89' lang='lat' dir='ltr'><strong>pro</strong></span> <span class='ocrx_word' id='word_1_181' title='bbox 735 2319 792 2353; x_wconf 89' lang='grc' dir='ltr'><strong>σὸν</strong></span> <span class='ocrx_word' id='word_1_182' title='bbox 809 2320 904 2352; x_wconf 81' lang='grc' dir='ltr'>πόδα.</span> 
     </span>
    </p>
   </div>
   <div class='ocr_carea' id='block_1_10' title="bbox 141 2422 1210 3542">
    <p class='ocr_par' dir='ltr' id='par_1_14' title="bbox 141 2422 1200 2524">
     <span class='ocr_line' id='line_1_34' title="bbox 183 2422 1200 2467; baseline -0.003 -9"><span class='ocrx_word' id='word_1_183' title='bbox 183 2431 233 2459; x_wconf 79' lang='lat'><strong>22.</strong></span> <span class='ocrx_word' id='word_1_184' title='bbox 256 2425 409 2467; x_wconf 79' lang='lat' dir='ltr'><strong>Accipere</strong></span> <span class='ocrx_word' id='word_1_185' title='bbox 425 2425 595 2458; x_wconf 88' lang='lat' dir='ltr'><strong>consilium</strong></span> <span class='ocrx_word' id='word_1_186' title='bbox 615 2433 634 2456; x_wconf 92' lang='lat' dir='ltr'><strong>a</strong></span> <span class='ocrx_word' id='word_1_187' title='bbox 661 2423 819 2456; x_wconf 86' lang='lat' dir='ltr'><strong>benevolo</strong></span> <span class='ocrx_word' id='word_1_188' title='bbox 847 2423 951 2455; x_wconf 88' lang='lat' dir='ltr'><strong>amico</strong></span> <span class='ocrx_word' id='word_1_189' title='bbox 972 2423 1086 2455; x_wconf 87' lang='lat' dir='ltr'><strong>datum</strong></span> <span class='ocrx_word' id='word_1_190' title='bbox 1115 2422 1200 2455; x_wconf 89' lang='lat' dir='ltr'><strong>idem</strong></span> 
     </span>
     <span class='ocr_line' id='line_1_35' title="bbox 141 2482 1084 2524; baseline -0.004 -6"><span class='ocrx_word' id='word_1_191' title='bbox 141 2489 189 2518; x_wconf 88' lang='lat' dir='ltr'><strong>est</strong></span> <span class='ocrx_word' id='word_1_192' title='bbox 206 2493 244 2518; x_wconf 83' lang='lat' dir='ltr'><strong>ao</strong></span> <span class='ocrx_word' id='word_1_193' title='bbox 266 2484 292 2518; x_wconf 92' lang='lat' dir='ltr'><strong>si</strong></span> <span class='ocrx_word' id='word_1_194' title='bbox 310 2484 454 2517; x_wconf 82' lang='lat' dir='ltr'><strong>salutare</strong></span> <span class='ocrx_word' id='word_1_195' title='bbox 475 2483 656 2517; x_wconf 85' lang='lat' dir='ltr'><strong>remedium</strong></span> <span class='ocrx_word' id='word_1_196' title='bbox 672 2492 715 2516; x_wconf 83' lang='lat' dir='ltr'><strong>ex</strong></span> <span class='ocrx_word' id='word_1_197' title='bbox 728 2492 828 2515; x_wconf 82' lang='lat' dir='ltr'><strong>aureo</strong></span> <span class='ocrx_word' id='word_1_198' title='bbox 847 2483 963 2524; x_wconf 84' lang='lat' dir='ltr'><strong>poculo</strong></span> <span class='ocrx_word' id='word_1_199' title='bbox 977 2482 1084 2515; x_wconf 84' lang='lat' dir='ltr'>bibas.</span> 
     </span>
    </p>

    <p class='ocr_par' dir='ltr' id='par_1_15' title="bbox 142 2542 1206 2638">
     <span class='ocr_line' id='line_1_36' title="bbox 185 2542 1206 2584; baseline -0.005 -5"><span class='ocrx_word' id='word_1_200' title='bbox 185 2548 236 2578; x_wconf 84' lang='lat'><strong>23.</strong></span> <span class='ocrx_word' id='word_1_201' title='bbox 264 2545 398 2579; x_wconf 73' lang='lat' dir='ltr'><strong>Amicus</strong></span> <span class='ocrx_word' id='word_1_202' title='bbox 416 2544 572 2577; x_wconf 88' lang='lat' dir='ltr'><strong>divinitus</strong></span> <span class='ocrx_word' id='word_1_203' title='bbox 594 2543 689 2576; x_wconf 90' lang='lat' dir='ltr'><strong>nobis</strong></span> <span class='ocrx_word' id='word_1_204' title='bbox 717 2542 890 2584; x_wconf 85' lang='lat' dir='ltr'><strong>adjunctus</strong></span> <span class='ocrx_word' id='word_1_205' title='bbox 907 2543 971 2576; x_wconf 88' lang='lat' dir='ltr'><strong>mel</strong></span> <span class='ocrx_word' id='word_1_206' title='bbox 988 2544 1021 2576; x_wconf 89' lang='lat' dir='ltr'><strong>et</strong></span> <span class='ocrx_word' id='word_1_207' title='bbox 1046 2543 1096 2575; x_wconf 87' lang='lat' dir='ltr'><strong>lac</strong></span> <span class='ocrx_word' id='word_1_208' title='bbox 1119 2542 1206 2575; x_wconf 87' lang='lat' dir='ltr'><strong>veris</strong></span> 
     </span>
     <span class='ocr_line' id='line_1_37' title="bbox 142 2603 511 2638; baseline -0.005 -1"><span class='ocrx_word' id='word_1_209' title='bbox 142 2604 345 2638; x_wconf 81' lang='lat' dir='ltr'>sermonibus</span> <span class='ocrx_word' id='word_1_210' title='bbox 361 2603 511 2636; x_wconf 80' lang='lat' dir='ltr'><strong>effundit.</strong></span> 
     </span>
    </p>

    <p class='ocr_par' dir='ltr' id='par_1_16' title="bbox 143 2660 1204 2822">
     <span class='ocr_line' id='line_1_38' title="bbox 186 2660 1204 2705; baseline -0.005 -8"><span class='ocrx_word' id='word_1_211' title='bbox 186 2666 240 2697; x_wconf 75' lang='grc'><strong>24.</strong></span> <span class='ocrx_word' id='word_1_212' title='bbox 266 2662 491 2705; x_wconf 85' lang='lat' dir='ltr'><strong>Magistratum</strong></span> <span class='ocrx_word' id='word_1_213' title='bbox 508 2661 646 2704; x_wconf 87' lang='lat' dir='ltr'><strong>adeptus</strong></span> <span class='ocrx_word' id='word_1_214' title='bbox 674 2662 743 2694; x_wconf 91' lang='lat' dir='ltr'><strong>noli</strong></span> <span class='ocrx_word' id='word_1_215' title='bbox 767 2661 800 2693; x_wconf 91' lang='lat' dir='ltr'><strong>in</strong></span> <span class='ocrx_word' id='word_1_216' title='bbox 821 2660 956 2702; x_wconf 84' lang='lat' dir='ltr'><strong>negotiis</strong></span> <span class='ocrx_word' id='word_1_217' title='bbox 974 2660 1134 2693; x_wconf 87' lang='lat' dir='ltr'>obeundis</span> <span class='ocrx_word' id='word_1_218' title='bbox 1153 2660 1204 2692; x_wconf 85' lang='lat' dir='ltr'><strong>ul-</strong></span> 
     </span>
     <span class='ocr_line' id='line_1_39' title="bbox 143 2719 1204 2766; baseline -0.005 -10"><span class='ocrx_word' id='word_1_219' title='bbox 143 2723 207 2756; x_wconf 83' lang='lat' dir='ltr'><strong>iius</strong></span> <span class='ocrx_word' id='word_1_220' title='bbox 230 2722 368 2766; x_wconf 87' lang='lat' dir='ltr'><strong>improbi</strong></span> <span class='ocrx_word' id='word_1_221' title='bbox 388 2720 569 2755; x_wconf 86' lang='lat' dir='ltr'><strong>ministerio</strong></span> <span class='ocrx_word' id='word_1_222' title='bbox 589 2721 660 2763; x_wconf 83' lang='lat' dir='ltr'><strong>uti;</strong></span> <span class='ocrx_word' id='word_1_223' title='bbox 678 2729 755 2753; x_wconf 88' lang='lat' dir='ltr'><strong>nam</strong></span> <span class='ocrx_word' id='word_1_224' title='bbox 775 2719 934 2761; x_wconf 85' lang='lat' dir='ltr'><strong>quidquid</strong></span> <span class='ocrx_word' id='word_1_225' title='bbox 952 2719 1005 2752; x_wconf 88' lang='lat' dir='ltr'><strong>ille</strong></span> <span class='ocrx_word' id='word_1_226' title='bbox 1021 2719 1204 2761; x_wconf 86' lang='lat' dir='ltr'><strong>deliquerit,</strong></span> 
     </span>
     <span class='ocr_line' id='line_1_40' title="bbox 144 2779 840 2822; baseline -0.006 -7"><span class='ocrx_word' id='word_1_227' title='bbox 144 2782 176 2815; x_wconf 89' lang='lat' dir='ltr'><strong>id</strong></span> <span class='ocrx_word' id='word_1_228' title='bbox 197 2781 256 2815; x_wconf 88' lang='lat' dir='ltr'><strong>tibi</strong></span> <span class='ocrx_word' id='word_1_229' title='bbox 274 2790 384 2815; x_wconf 90' lang='lat' dir='ltr'><strong>rerum</strong></span> <span class='ocrx_word' id='word_1_230' title='bbox 402 2779 598 2814; x_wconf 82' lang='lat' dir='ltr'><strong>moderatori</strong></span> <span class='ocrx_word' id='word_1_231' title='bbox 615 2779 840 2822; x_wconf 76' lang='lat' dir='ltr'><strong>imputabitur.</strong></span> 
     </span>
    </p>

    <p class='ocr_par' dir='ltr' id='par_1_17' title="bbox 145 2837 1207 2948">
     <span class='ocr_line' id='line_1_41' title="bbox 187 2837 1207 2880; baseline -0.006 -5"><span class='ocrx_word' id='word_1_232' title='bbox 187 2845 238 2875; x_wconf 82' lang='lat'><strong>25.</strong></span> <span class='ocrx_word' id='word_1_233' title='bbox 260 2842 427 2875; x_wconf 76' lang='lat' dir='ltr'><strong>Generum</strong></span> <span class='ocrx_word' id='word_1_234' title='bbox 444 2841 560 2873; x_wconf 82' lang='lat' dir='ltr'><strong>nactus</strong></span> <span class='ocrx_word' id='word_1_235' title='bbox 574 2839 694 2872; x_wconf 91' lang='lat' dir='ltr'><strong>bonum</strong></span> <span class='ocrx_word' id='word_1_236' title='bbox 712 2838 851 2880; x_wconf 86' lang='lat' dir='ltr'><strong>repperit</strong></span> <span class='ocrx_word' id='word_1_237' title='bbox 870 2838 974 2871; x_wconf 85' lang='lat' dir='ltr'><strong>filium</strong></span> <span class='ocrx_word' id='word_1_238' title='bbox 987 2862 997 2880; x_wconf 94' lang='lat'><strong>,</strong></span> <span class='ocrx_word' id='word_1_239' title='bbox 1013 2837 1137 2870; x_wconf 82' lang='lat' dir='ltr'><strong>malum</strong></span> <span class='ocrx_word' id='word_1_240' title='bbox 1151 2846 1207 2869; x_wconf 90' lang='lat' dir='ltr'><strong>au-</strong></span> 
     </span>
     <span class='ocr_line' id='line_1_42' title="bbox 145 2898 680 2948; baseline -0.006 -14"><span class='ocrx_word' id='word_1_241' title='bbox 145 2901 212 2948; x_wconf 81' lang='lat' dir='ltr'><strong>tem</strong></span> <span class='ocrx_word' id='word_1_242' title='bbox 233 2901 348 2934; x_wconf 84' lang='lat' dir='ltr'><strong>nactus</strong></span> <span class='ocrx_word' id='word_1_243' title='bbox 365 2899 504 2943; x_wconf 84' lang='lat' dir='ltr'><strong>perdidit</strong></span> <span class='ocrx_word' id='word_1_244' title='bbox 517 2899 550 2932; x_wconf 89' lang='lat' dir='ltr'><strong>et</strong></span> <span class='ocrx_word' id='word_1_245' title='bbox 569 2898 680 2932; x_wconf 83' lang='lat' dir='ltr'><strong>filiam.</strong></span> 
     </span>
    </p>

    <p class='ocr_par' dir='ltr' id='par_1_18' title="bbox 189 2957 1037 3000">
     <span class='ocr_line' id='line_1_43' title="bbox 189 2957 1037 3000; baseline -0.005 -6"><span class='ocrx_word' id='word_1_246' title='bbox 189 2965 242 2994; x_wconf 85' lang='grc'><strong>26.</strong></span> <span class='ocrx_word' id='word_1_247' title='bbox 267 2959 390 2994; x_wconf 87' lang='lat' dir='ltr'><strong>Liberis</strong></span> <span class='ocrx_word' id='word_1_248' title='bbox 401 2959 543 2993; x_wconf 86' lang='lat' dir='ltr'><strong>arridere</strong></span> <span class='ocrx_word' id='word_1_249' title='bbox 556 2959 640 3000; x_wconf 90' lang='lat' dir='ltr'><strong>noli,</strong></span> <span class='ocrx_word' id='word_1_250' title='bbox 659 2968 699 2991; x_wconf 87' lang='lat' dir='ltr'><strong>ne</strong></span> <span class='ocrx_word' id='word_1_251' title='bbox 720 2959 750 2990; x_wconf 92' lang='lat' dir='ltr'><strong>in</strong></span> <span class='ocrx_word' id='word_1_252' title='bbox 767 2960 931 3000; x_wconf 83' lang='lat' dir='ltr'><strong>posterum</strong></span> <span class='ocrx_word' id='word_1_253' title='bbox 949 2957 1037 2990; x_wconf 82' lang='lat' dir='ltr'><strong>fleas.</strong></span> 
     </span>
    </p>

    <p class='ocr_par' dir='ltr' id='par_1_19' title="bbox 146 3019 1209 3116">
     <span class='ocr_line' id='line_1_44' title="bbox 190 3019 1209 3062; baseline -0.005 -6"><span class='ocrx_word' id='word_1_254' title='bbox 190 3025 243 3056; x_wconf 90' lang='grc'><strong>27.</strong></span> <span class='ocrx_word' id='word_1_255' title='bbox 267 3024 354 3056; x_wconf 88' lang='lat' dir='ltr'><strong>Raro</strong></span> <span class='ocrx_word' id='word_1_256' title='bbox 371 3021 467 3054; x_wconf 86' lang='lat' dir='ltr'><strong>amici</strong></span> <span class='ocrx_word' id='word_1_257' title='bbox 483 3021 571 3054; x_wconf 70' lang='lat' dir='ltr'><strong>aedes</strong></span> <span class='ocrx_word' id='word_1_258' title='bbox 596 3020 779 3062; x_wconf 83' lang='lat' dir='ltr'><strong>ingredere,</strong></span> <span class='ocrx_word' id='word_1_259' title='bbox 800 3029 841 3053; x_wconf 91' lang='lat' dir='ltr'><strong>ne</strong></span> <span class='ocrx_word' id='word_1_260' title='bbox 863 3019 990 3053; x_wconf 81' lang='lat' dir='ltr'><strong>fastidio</strong></span> <span class='ocrx_word' id='word_1_261' title='bbox 1013 3019 1156 3061; x_wconf 90' lang='lat' dir='ltr'><strong>quodam</strong></span> <span class='ocrx_word' id='word_1_262' title='bbox 1177 3020 1209 3051; x_wconf 84' lang='lat' dir='ltr'><strong>et</strong></span> 
     </span>
     <span class='ocr_line' id='line_1_45' title="bbox 146 3080 641 3116; baseline -0.004 -1"><span class='ocrx_word' id='word_1_263' title='bbox 146 3081 294 3116; x_wconf 73' lang='lat' dir='ltr'><strong>satietate</strong></span> <span class='ocrx_word' id='word_1_264' title='bbox 309 3081 367 3114; x_wconf 89' lang='lat' dir='ltr'><strong>abs</strong></span> <span class='ocrx_word' id='word_1_265' title='bbox 384 3082 416 3115; x_wconf 85' lang='lat' dir='ltr'><strong>te</strong></span> <span class='ocrx_word' id='word_1_266' title='bbox 428 3080 641 3114; x_wconf 82' lang='lat' dir='ltr'><strong>abalienetur.</strong></span> 
     </span>
    </p>

    <p class='ocr_par' dir='ltr' id='par_1_20' title="bbox 149 3138 1209 3242">
     <span class='ocr_line' id='line_1_46' title="bbox 193 3138 1209 3183; baseline -0.005 -8"><span class='ocrx_word' id='word_1_267' title='bbox 193 3145 247 3175; x_wconf 85' lang='grc'><strong>28.</strong></span> <span class='ocrx_word' id='word_1_268' title='bbox 274 3142 324 3176; x_wconf 79' lang='lat' dir='ltr'><strong>Ne</strong></span> <span class='ocrx_word' id='word_1_269' title='bbox 351 3140 466 3183; x_wconf 80' lang='lat' dir='ltr'><strong>cupias</strong></span> <span class='ocrx_word' id='word_1_270' title='bbox 497 3139 557 3174; x_wconf 87' lang='lat' dir='ltr'><strong>tibi</strong></span> <span class='ocrx_word' id='word_1_271' title='bbox 576 3148 722 3182; x_wconf 89' lang='lat' dir='ltr'><strong>unquam</strong></span> <span class='ocrx_word' id='word_1_272' title='bbox 747 3146 935 3181; x_wconf 87' lang='lat' dir='ltr'><strong>comparare</strong></span> <span class='ocrx_word' id='word_1_273' title='bbox 969 3138 1132 3178; x_wconf 89' lang='lat' dir='ltr'><strong>amicum,</strong></span> <span class='ocrx_word' id='word_1_274' title='bbox 1153 3139 1209 3180; x_wconf 90' lang='lat' dir='ltr'><strong>qui</strong></span> 
     </span>
     <span class='ocr_line' id='line_1_47' title="bbox 149 3197 1081 3242; baseline -0.002 -10"><span class='ocrx_word' id='word_1_275' title='bbox 149 3209 256 3242; x_wconf 78' lang='lat' dir='ltr'><strong>neque</strong></span> <span class='ocrx_word' id='word_1_276' title='bbox 281 3199 429 3234; x_wconf 79' lang='lat' dir='ltr'><strong>animum</strong></span> <span class='ocrx_word' id='word_1_277' title='bbox 450 3200 545 3234; x_wconf 90' lang='lat' dir='ltr'><strong>tuum</strong></span> <span class='ocrx_word' id='word_1_278' title='bbox 562 3208 669 3242; x_wconf 88' lang='lat' dir='ltr'><strong>neque</strong></span> <span class='ocrx_word' id='word_1_279' title='bbox 686 3207 805 3241; x_wconf 88' lang='lat' dir='ltr'><strong>corpus</strong></span> <span class='ocrx_word' id='word_1_280' title='bbox 831 3198 947 3239; x_wconf 87' lang='lat' dir='ltr'><strong>juvare</strong></span> <span class='ocrx_word' id='word_1_281' title='bbox 969 3197 1081 3239; x_wconf 83' lang='lat' dir='ltr'><strong>possit.</strong></span> 
     </span>
    </p>

    <p class='ocr_par' dir='ltr' id='par_1_21' title="bbox 149 3255 1210 3422">
     <span class='ocr_line' id='line_1_48' title="bbox 193 3255 1209 3302; baseline -0.005 -10"><span class='ocrx_word' id='word_1_282' title='bbox 193 3262 247 3293; x_wconf 85' lang='lat'><strong>29.</strong></span> <span class='ocrx_word' id='word_1_283' title='bbox 270 3259 489 3301; x_wconf 83' lang='lat' dir='ltr'><strong>Interrogatus</strong></span> <span class='ocrx_word' id='word_1_284' title='bbox 514 3267 533 3291; x_wconf 92' lang='lat' dir='ltr'><strong>a</strong></span> <span class='ocrx_word' id='word_1_285' title='bbox 557 3259 689 3302; x_wconf 71' lang='lat' dir='ltr'><strong>§Ji-ceso,</strong></span> <span class='ocrx_word' id='word_1_286' title='bbox 711 3258 791 3299; x_wconf 90' lang='lat' dir='ltr'><strong>Quis</strong></span> <span class='ocrx_word' id='word_1_287' title='bbox 820 3257 882 3291; x_wconf 90' lang='lat' dir='ltr'><strong>tibi</strong></span> <span class='ocrx_word' id='word_1_288' title='bbox 916 3256 1044 3290; x_wconf 88' lang='lat' dir='ltr'><strong>videtur</strong></span> <span class='ocrx_word' id='word_1_289' title='bbox 1070 3255 1209 3288; x_wconf 79' lang='lat' dir='ltr'><strong>beatus?</strong></span> 
     </span>
     <span class='ocr_line' id='line_1_49' title="bbox 151 3317 1210 3362; baseline -0.005 -9"><span class='ocrx_word' id='word_1_290' title='bbox 151 3319 280 3361; x_wconf 81' lang='lat' dir='ltr'><strong>Tellus,</strong></span> <span class='ocrx_word' id='word_1_291' title='bbox 301 3319 425 3362; x_wconf 83' lang='lat' dir='ltr'><strong>inquit,</strong></span> <span class='ocrx_word' id='word_1_292' title='bbox 441 3319 652 3355; x_wconf 77' lang='lat' dir='ltr'><strong>Atheniensis</strong></span> <span class='ocrx_word' id='word_1_293' title='bbox 676 3320 710 3353; x_wconf 90' lang='lat' dir='ltr'><strong>et</strong></span> <span class='ocrx_word' id='word_1_294' title='bbox 729 3318 858 3354; x_wconf 87' lang='lat' dir='ltr'><strong>Cleobis</strong></span> <span class='ocrx_word' id='word_1_295' title='bbox 877 3319 909 3352; x_wconf 89' lang='lat' dir='ltr'><strong>et</strong></span> <span class='ocrx_word' id='word_1_296' title='bbox 929 3317 1020 3359; x_wconf 89' lang='lat' dir='ltr'><strong>Bito,</strong></span> <span class='ocrx_word' id='word_1_297' title='bbox 1044 3317 1077 3350; x_wconf 87' lang='lat' dir='ltr'><strong>et</strong></span> <span class='ocrx_word' id='word_1_298' title='bbox 1104 3320 1210 3349; x_wconf 85' lang='lat' dir='ltr'><strong>cetera</strong></span> 
     </span>
     <span class='ocr_line' id='line_1_50' title="bbox 149 3378 664 3422; baseline 0.004 -11"><span class='ocrx_word' id='word_1_299' title='bbox 149 3379 267 3421; x_wconf 82' lang='lat' dir='ltr'><strong>adjecit</strong></span> <span class='ocrx_word' id='word_1_300' title='bbox 282 3387 356 3421; x_wconf 76' lang='lat' dir='ltr'><strong>qum</strong></span> <span class='ocrx_word' id='word_1_301' title='bbox 367 3378 464 3422; x_wconf 80' lang='lat' dir='ltr'><strong>vulgo</strong></span> <span class='ocrx_word' id='word_1_302' title='bbox 479 3380 664 3414; x_wconf 84' lang='lat' dir='ltr'><strong>narrantur.</strong></span> 
     </span>
    </p>

    <p class='ocr_par' dir='ltr' id='par_1_22' title="bbox 153 3435 1210 3542">
     <span class='ocr_line' id='line_1_51' title="bbox 194 3435 1210 3482; baseline -0.003 -11"><span class='ocrx_word' id='word_1_303' title='bbox 194 3441 247 3471; x_wconf 89' lang='grc'><strong>30.</strong></span> <span class='ocrx_word' id='word_1_304' title='bbox 266 3437 364 3479; x_wconf 75' lang='lat' dir='ltr'><strong>Aiunt</strong></span> <span class='ocrx_word' id='word_1_305' title='bbox 374 3437 505 3480; x_wconf 77' lang='lat' dir='ltr'><strong>quidam</strong></span> <span class='ocrx_word' id='word_1_306' title='bbox 515 3463 526 3481; x_wconf 84' lang='grc'><strong><em>,</em></strong></span> <span class='ocrx_word' id='word_1_307' title='bbox 537 3439 815 3482; x_wconf 84' lang='lat' dir='ltr'><strong>Groesum,quum</strong></span> <span class='ocrx_word' id='word_1_308' title='bbox 829 3447 863 3472; x_wconf 91' lang='lat' dir='ltr'><strong>se</strong></span> <span class='ocrx_word' id='word_1_309' title='bbox 880 3437 967 3478; x_wconf 88' lang='lat' dir='ltr'><strong>omni</strong></span> <span class='ocrx_word' id='word_1_310' title='bbox 986 3435 1102 3470; x_wconf 87' lang='lat' dir='ltr'><strong>decore</strong></span> <span class='ocrx_word' id='word_1_311' title='bbox 1118 3444 1210 3469; x_wconf 84' lang='lat' dir='ltr'><strong>exor-</strong></span> 
     </span>
     <span class='ocr_line' id='line_1_52' title="bbox 153 3497 1210 3542; baseline -0.001 -12"><span class='ocrx_word' id='word_1_312' title='bbox 153 3498 263 3531; x_wconf 83' lang='lat' dir='ltr'><strong>nasset</strong></span> <span class='ocrx_word' id='word_1_313' title='bbox 283 3499 382 3541; x_wconf 74' lang='lat' dir='ltr'><strong>atque</strong></span> <span class='ocrx_word' id='word_1_314' title='bbox 403 3498 436 3531; x_wconf 86' lang='lat' dir='ltr'><strong>in</strong></span> <span class='ocrx_word' id='word_1_315' title='bbox 451 3498 532 3532; x_wconf 91' lang='lat' dir='ltr'><strong>solio</strong></span> <span class='ocrx_word' id='word_1_316' title='bbox 554 3499 772 3542; x_wconf 74' lang='lat' dir='ltr'><strong>consedisset,</strong></span> <span class='ocrx_word' id='word_1_317' title='bbox 793 3499 1008 3540; x_wconf 86' lang='lat' dir='ltr'><strong>interrogasse</strong></span> <span class='ocrx_word' id='word_1_318' title='bbox 1035 3497 1187 3531; x_wconf 82' lang='lat' dir='ltr'><strong>solonem</strong></span> <span class='ocrx_word' id='word_1_319' title='bbox 1199 3520 1210 3538; x_wconf 93' lang='lat'><em>‚</em></span> 
     </span>
    </p>
   </div>
   <div class='ocr_carea' id='block_1_11' title="bbox 1218 329 1224 357">
    <p class='ocr_par' dir='ltr' id='par_1_23' title="bbox 1218 329 1224 357">
     <span class='ocr_line' id='line_1_53' title="bbox 1218 329 1224 357; baseline 0 0"><span class='ocrx_word' id='word_1_320' title='bbox 1218 329 1224 357; x_wconf 86' lang='grc'>1</span> 
     </span>
    </p>
   </div>
   <div class='ocr_carea' id='block_1_12' title="bbox 1219 360 1224 572">
    <p class='ocr_par' dir='ltr' id='par_1_24' title="bbox 1219 360 1224 572">
     <span class='ocr_line' id='line_1_54' title="bbox 1219 360 1224 572; baseline 0 3242"><span class='ocrx_word' id='word_1_321' title='bbox 1219 360 1224 572; x_wconf 95' lang='lat' dir='ltr'><strong> </strong></span> 
     </span>
    </p>
   </div>
   <div class='ocr_carea' id='block_1_13' title="bbox 1220 574 1225 808">
    <p class='ocr_par' dir='ltr' id='par_1_25' title="bbox 1220 574 1225 808">
     <span class='ocr_line' id='line_1_55' title="bbox 1220 574 1225 808; baseline 0 3006"><span class='ocrx_word' id='word_1_322' title='bbox 1220 574 1225 808; x_wconf 95' lang='lat' dir='ltr'><strong> </strong></span> 
     </span>
    </p>
   </div>
   <div class='ocr_carea' id='block_1_14' title="bbox 1235 3155 1242 3344">
    <p class='ocr_par' dir='ltr' id='par_1_26' title="bbox 1235 3155 1242 3344">
     <span class='ocr_line' id='line_1_56' title="bbox 1235 3155 1242 3344; baseline 0 470"><span class='ocrx_word' id='word_1_323' title='bbox 1235 3155 1242 3344; x_wconf 95' lang='lat' dir='ltr'><strong> </strong></span> 
     </span>
    </p>
   </div>
   <div class='ocr_carea' id='block_1_15' title="bbox 1242 3393 1248 3527">
    <p class='ocr_par' dir='ltr' id='par_1_27' title="bbox 1242 3393 1248 3527">
     <span class='ocr_line' id='line_1_57' title="bbox 1242 3393 1248 3527; baseline 0 287"><span class='ocrx_word' id='word_1_324' title='bbox 1242 3393 1248 3527; x_wconf 95' lang='lat' dir='ltr'><strong> </strong></span> 
     </span>
    </p>
   </div>
   <div class='ocr_carea' id='block_1_16' title="bbox 1248 316 2316 983">
    <p class='ocr_par' dir='ltr' id='par_1_28' title="bbox 1387 316 2309 430">
     <span class='ocr_line' id='line_1_58' title="bbox 1387 316 2309 373; baseline -0.002 -15"><span class='ocrx_word' id='word_1_325' title='bbox 1387 322 1554 372; x_wconf 76' lang='grc' dir='ltr'>(Αηῑοη.</span> <span class='ocrx_word' id='word_1_326' title='bbox 1587 319 1733 358; x_wconf 90' lang='lat' dir='ltr'><strong>Meliss.</strong></span> <span class='ocrx_word' id='word_1_327' title='bbox 1764 318 1891 358; x_wconf 84' lang='lat' dir='ltr'><strong>Serm.</strong></span> <span class='ocrx_word' id='word_1_328' title='bbox 1914 316 1995 371; x_wconf 81' lang='grc' dir='ltr'>περὶ</span> <span class='ocrx_word' id='word_1_329' title='bbox 2015 318 2124 372; x_wconf 82' lang='grc' dir='ltr'>φίλων</span> <span class='ocrx_word' id='word_1_330' title='bbox 2157 316 2219 357; x_wconf 83' lang='grc' dir='ltr'><strong>καὶ</strong></span> <span class='ocrx_word' id='word_1_331' title='bbox 2248 333 2309 373; x_wconf 74' lang='grc' dir='ltr'><strong>φι·</strong></span> 
     </span>
     <span class='ocr_line' id='line_1_59' title="bbox 1437 378 1552 430; baseline 0.009 -13"><span class='ocrx_word' id='word_1_332' title='bbox 1437 378 1552 430; x_wconf 85' lang='grc' dir='ltr'>λίας.)</span> 
     </span>
    </p>

    <p class='ocr_par' dir='ltr' id='par_1_29' title="bbox 1248 440 2313 615">
     <span class='ocr_line' id='line_1_60' title="bbox 1248 440 2309 497; baseline -0.006 -12"><span class='ocrx_word' id='word_1_333' title='bbox 1248 459 1297 485; x_wconf 87' lang='grc'><strong>29.</strong></span> <span class='ocrx_word' id='word_1_334' title='bbox 1330 442 1543 497; x_wconf 75' lang='grc' dir='ltr'>Ἐρωτηθεὶς</span> <span class='ocrx_word' id='word_1_335' title='bbox 1560 441 1628 481; x_wconf 73' lang='grc' dir='ltr'>ὑπὸ</span> <span class='ocrx_word' id='word_1_336' title='bbox 1651 444 1710 480; x_wconf 77' lang='grc' dir='ltr'><strong>τοῦ</strong></span> <span class='ocrx_word' id='word_1_337' title='bbox 1731 440 1967 494; x_wconf 81' lang='grc' dir='ltr'>Κροίσου,τίς</span> <span class='ocrx_word' id='word_1_338' title='bbox 1990 457 2046 479; x_wconf 86' lang='grc' dir='ltr'><strong>σοι</strong></span> <span class='ocrx_word' id='word_1_339' title='bbox 2066 442 2161 480; x_wconf 86' lang='grc' dir='ltr'>δοκεῖ</span> <span class='ocrx_word' id='word_1_340' title='bbox 2183 440 2309 480; x_wconf 70' lang='grc' dir='ltr'>εὐδαί-</span> 
     </span>
     <span class='ocr_line' id='line_1_61' title="bbox 1332 501 2313 555; baseline -0.002 -14"><span class='ocrx_word' id='word_1_341' title='bbox 1332 519 1429 555; x_wconf 83' lang='grc' dir='ltr'>μων;</span> <span class='ocrx_word' id='word_1_342' title='bbox 1450 502 1602 550; x_wconf 84' lang='grc' dir='ltr'>Τέλλος,</span> <span class='ocrx_word' id='word_1_343' title='bbox 1621 501 1687 554; x_wconf 79' lang='grc' dir='ltr'><strong>ἔφη</strong></span> <span class='ocrx_word' id='word_1_344' title='bbox 1701 532 1710 549; x_wconf 90' lang='grc'><strong>,</strong></span> <span class='ocrx_word' id='word_1_345' title='bbox 1728 501 1911 549; x_wconf 85' lang='grc' dir='ltr'>Ἀθηναῖος</span> <span class='ocrx_word' id='word_1_346' title='bbox 1930 502 1990 540; x_wconf 76' lang='grc' dir='ltr'><strong>καὶ</strong></span> <span class='ocrx_word' id='word_1_347' title='bbox 2013 501 2163 546; x_wconf 60' lang='lat' dir='ltr'><strong>meoet&lt;</strong></span> <span class='ocrx_word' id='word_1_348' title='bbox 2179 501 2240 540; x_wconf 82' lang='grc' dir='ltr'><strong>καὶ</strong></span> <span class='ocrx_word' id='word_1_349' title='bbox 2254 502 2313 541; x_wconf 92' lang='grc' dir='ltr'>Βί-</span> 
     </span>
     <span class='ocr_line' id='line_1_62' title="bbox 1330 561 1838 615; baseline -0.006 -13"><span class='ocrx_word' id='word_1_350' title='bbox 1330 580 1418 612; x_wconf 86' lang='grc' dir='ltr'>των,</span> <span class='ocrx_word' id='word_1_351' title='bbox 1440 562 1500 602; x_wconf 83' lang='grc' dir='ltr'><strong>καὶ</strong></span> <span class='ocrx_word' id='word_1_352' title='bbox 1518 562 1562 601; x_wconf 84' lang='grc' dir='ltr'>τὰ</span> <span class='ocrx_word' id='word_1_353' title='bbox 1583 561 1838 615; x_wconf 81' lang='grc' dir='ltr'>θρυλλούμενα.</span> 
     </span>
    </p>

    <p class='ocr_par' dir='ltr' id='par_1_30' title="bbox 1387 631 2068 688">
     <span class='ocr_line' id='line_1_63' title="bbox 1387 631 2068 688; baseline -0.004 -15"><span class='ocrx_word' id='word_1_354' title='bbox 1387 635 1607 688; x_wconf 86' lang='lat' dir='ltr'><strong>(Diogenes</strong></span> <span class='ocrx_word' id='word_1_355' title='bbox 1625 633 1803 671; x_wconf 81' lang='lat' dir='ltr'><strong>Laertius</strong></span> <span class='ocrx_word' id='word_1_356' title='bbox 1819 632 1892 672; x_wconf 88' lang='lat' dir='ltr'><strong>lib.</strong></span> <span class='ocrx_word' id='word_1_357' title='bbox 1913 632 1946 679; x_wconf 84' lang='lat'><strong>1,</strong></span> <span class='ocrx_word' id='word_1_358' title='bbox 1971 632 2037 671; x_wconf 95' lang='grc' dir='ltr'><strong>5ο.</strong></span> <span class='ocrx_word' id='word_1_359' title='bbox 2056 631 2068 681; x_wconf 90' lang='grc'>)</span> 
     </span>
    </p>

    <p class='ocr_par' dir='ltr' id='par_1_31' title="bbox 1249 689 2316 983">
     <span class='ocr_line' id='line_1_64' title="bbox 1249 689 2315 742; baseline -0.008 -6"><span class='ocrx_word' id='word_1_360' title='bbox 1249 709 1299 736; x_wconf 84' lang='lat'><strong>30.</strong></span> <span class='ocrx_word' id='word_1_361' title='bbox 1332 694 1433 734; x_wconf 78' lang='grc' dir='ltr'>Φασὶ</span> <span class='ocrx_word' id='word_1_362' title='bbox 1454 694 1491 733; x_wconf 84' lang='grc' dir='ltr'><strong>δέ</strong></span> <span class='ocrx_word' id='word_1_363' title='bbox 1529 709 1616 737; x_wconf 85' lang='grc' dir='ltr'>τινες</span> <span class='ocrx_word' id='word_1_364' title='bbox 1631 723 1641 742; x_wconf 85' lang='grc'><em>,</em></span> <span class='ocrx_word' id='word_1_365' title='bbox 1669 691 1721 730; x_wconf 83' lang='grc' dir='ltr'>ὅτι</span> <span class='ocrx_word' id='word_1_366' title='bbox 1754 691 1940 742; x_wconf 80' lang='grc' dir='ltr'>κοσμήσας</span> <span class='ocrx_word' id='word_1_367' title='bbox 1972 689 2094 729; x_wconf 79' lang='grc' dir='ltr'>ἑαυτὸν</span> <span class='ocrx_word' id='word_1_368' title='bbox 2115 691 2133 728; x_wconf 83' lang='grc' dir='ltr'>ὁ</span> <span class='ocrx_word' id='word_1_369' title='bbox 2165 691 2315 742; x_wconf 85' lang='grc' dir='ltr'>Κροῖσος</span> 
     </span>
     <span class='ocr_line' id='line_1_65' title="bbox 1332 749 2316 804; baseline -0.006 -12"><span class='ocrx_word' id='word_1_370' title='bbox 1332 754 1566 796; x_wconf 80' lang='grc' dir='ltr'>παντοδαπῶς</span> <span class='ocrx_word' id='word_1_371' title='bbox 1583 751 1642 790; x_wconf 80' lang='grc' dir='ltr'><strong>καὶ</strong></span> <span class='ocrx_word' id='word_1_372' title='bbox 1663 750 1812 795; x_wconf 80' lang='grc' dir='ltr'>καθίσας</span> <span class='ocrx_word' id='word_1_373' title='bbox 1832 751 1878 794; x_wconf 85' lang='grc' dir='ltr'><strong>εἷς</strong></span> <span class='ocrx_word' id='word_1_374' title='bbox 1898 749 1956 788; x_wconf 77' lang='grc' dir='ltr'><strong>τὸν</strong></span> <span class='ocrx_word' id='word_1_375' title='bbox 1977 749 2096 804; x_wconf 87' lang='grc' dir='ltr'>θρόνον</span> <span class='ocrx_word' id='word_1_376' title='bbox 2115 749 2223 802; x_wconf 83' lang='grc' dir='ltr'>ἤρετο</span> <span class='ocrx_word' id='word_1_377' title='bbox 2245 751 2316 786; x_wconf 76' lang='grc' dir='ltr'><strong>αὐ-</strong></span> 
     </span>
     <span class='ocr_line' id='line_1_66' title="bbox 1330 807 2316 862; baseline -0.006 -10"><span class='ocrx_word' id='word_1_378' title='bbox 1330 813 1413 862; x_wconf 88' lang='grc' dir='ltr'>τόν,</span> <span class='ocrx_word' id='word_1_379' title='bbox 1443 812 1474 852; x_wconf 79' lang='grc' dir='ltr'><strong>εἴ</strong></span> <span class='ocrx_word' id='word_1_380' title='bbox 1506 827 1539 850; x_wconf 88' lang='grc' dir='ltr'>τι</span> <span class='ocrx_word' id='word_1_381' title='bbox 1565 809 1682 862; x_wconf 84' lang='grc' dir='ltr'>θέαμα</span> <span class='ocrx_word' id='word_1_382' title='bbox 1708 809 1854 850; x_wconf 85' lang='grc' dir='ltr'>κάλλιον</span> <span class='ocrx_word' id='word_1_383' title='bbox 1881 809 2064 850; x_wconf 85' lang='grc' dir='ltr'>τεθέαται·</span> <span class='ocrx_word' id='word_1_384' title='bbox 2091 810 2109 848; x_wconf 85' lang='grc' dir='ltr'><strong><em>ὃ</em></strong></span> <span class='ocrx_word' id='word_1_385' title='bbox 2146 807 2205 859; x_wconf 81' lang='grc' dir='ltr'><strong>δέ,</strong></span> <span class='ocrx_word' id='word_1_386' title='bbox 2234 809 2316 846; x_wconf 86' lang='grc' dir='ltr'>ἀλε-</span> 
     </span>
     <span class='ocr_line' id='line_1_67' title="bbox 1332 864 2315 926; baseline -0.006 -14"><span class='ocrx_word' id='word_1_387' title='bbox 1332 873 1523 926; x_wconf 86' lang='grc' dir='ltr'>κτρυόνας,</span> <span class='ocrx_word' id='word_1_388' title='bbox 1547 864 1645 919; x_wconf 70' lang='grc' dir='ltr'>εἷπε,</span> <span class='ocrx_word' id='word_1_389' title='bbox 1665 869 1854 925; x_wconf 73' lang='grc' dir='ltr'>φασιανοὺς</span> <span class='ocrx_word' id='word_1_390' title='bbox 1874 869 1934 909; x_wconf 80' lang='grc' dir='ltr'><strong>καὶ</strong></span> <span class='ocrx_word' id='word_1_391' title='bbox 1950 869 2066 914; x_wconf 86' lang='grc' dir='ltr'>ταώς·</span> <span class='ocrx_word' id='word_1_392' title='bbox 2087 871 2224 924; x_wconf 75' lang='grc' dir='ltr'>φυσικῷ</span> <span class='ocrx_word' id='word_1_393' title='bbox 2246 867 2315 921; x_wconf 79' lang='grc' dir='ltr'>γὰρ</span> 
     </span>
     <span class='ocr_line' id='line_1_68' title="bbox 1333 927 2098 983; baseline -0.003 -13"><span class='ocrx_word' id='word_1_394' title='bbox 1333 931 1429 971; x_wconf 85' lang='grc' dir='ltr'>ἄνθει</span> <span class='ocrx_word' id='word_1_395' title='bbox 1446 930 1688 983; x_wconf 67' lang='grc' dir='ltr'>κεκόσμηνται</span> <span class='ocrx_word' id='word_1_396' title='bbox 1708 929 1768 969; x_wconf 75' lang='grc' dir='ltr'><strong>καὶ</strong></span> <span class='ocrx_word' id='word_1_397' title='bbox 1789 928 1904 981; x_wconf 79' lang='grc' dir='ltr'>μυρίῳ</span> <span class='ocrx_word' id='word_1_398' title='bbox 1926 927 2098 968; x_wconf 87' lang='grc' dir='ltr'>καλλίονι.</span> 
     </span>
    </p>
   </div>
   <div class='ocr_carea' id='block_1_17' title="bbox 1251 999 2319 1447">
    <p class='ocr_par' dir='ltr' id='par_1_32' title="bbox 1251 999 2319 1447">
     <span class='ocr_line' id='line_1_69' title="bbox 1388 999 2071 1057; baseline -0.003 -15"><span class='ocrx_word' id='word_1_399' title='bbox 1388 1004 1398 1057; x_wconf 92' lang='grc'>(</span> <span class='ocrx_word' id='word_1_400' title='bbox 1418 1004 1614 1054; x_wconf 82' lang='lat' dir='ltr'><strong>Diogenes</strong></span> <span class='ocrx_word' id='word_1_401' title='bbox 1631 1002 1809 1042; x_wconf 86' lang='lat' dir='ltr'><strong>Laertius</strong></span> <span class='ocrx_word' id='word_1_402' title='bbox 1828 1001 1901 1040; x_wconf 89' lang='lat' dir='ltr'><strong>lib.</strong></span> <span class='ocrx_word' id='word_1_403' title='bbox 1926 1000 1958 1049; x_wconf 94' lang='lat'><strong>1,</strong></span> <span class='ocrx_word' id='word_1_404' title='bbox 1983 999 2071 1051; x_wconf 84' lang='lat'>51.)</span> 
     </span>
     <span class='ocr_line' id='line_1_70' title="bbox 1251 1068 2319 1127; baseline -0.007 -13"><span class='ocrx_word' id='word_1_405' title='bbox 1251 1089 1299 1114; x_wconf 76' lang='grc' dir='ltr'><strong>π.</strong></span> <span class='ocrx_word' id='word_1_406' title='bbox 1331 1073 1565 1127; x_wconf 83' lang='grc' dir='ltr'>Ἐρωτηθείς,</span> <span class='ocrx_word' id='word_1_407' title='bbox 1595 1073 1654 1113; x_wconf 82' lang='grc' dir='ltr'><strong>διὰ</strong></span> <span class='ocrx_word' id='word_1_408' title='bbox 1676 1073 1709 1112; x_wconf 91' lang='grc' dir='ltr'><strong>τί</strong></span> <span class='ocrx_word' id='word_1_409' title='bbox 1741 1071 1835 1112; x_wconf 85' lang='grc' dir='ltr'>κατὰ</span> <span class='ocrx_word' id='word_1_410' title='bbox 1855 1070 2094 1124; x_wconf 85' lang='grc' dir='ltr'>πατροκτόνου</span> <span class='ocrx_word' id='word_1_411' title='bbox 2123 1068 2227 1122; x_wconf 88' lang='grc' dir='ltr'>νόμον</span> <span class='ocrx_word' id='word_1_412' title='bbox 2255 1069 2319 1107; x_wconf 80' lang='grc' dir='ltr'><strong>οὒκ</strong></span> 
     </span>
     <span class='ocr_line' id='line_1_71' title="bbox 1334 1131 1933 1185; baseline -0.007 -11"><span class='ocrx_word' id='word_1_413' title='bbox 1334 1134 1437 1184; x_wconf 83' lang='grc' dir='ltr'>ἔθηκε</span> <span class='ocrx_word' id='word_1_414' title='bbox 1450 1165 1460 1183; x_wconf 91' lang='grc'><em>,</em></span> <span class='ocrx_word' id='word_1_415' title='bbox 1481 1133 1538 1174; x_wconf 76' lang='grc' dir='ltr'><strong>διὰ</strong></span> <span class='ocrx_word' id='word_1_416' title='bbox 1555 1133 1595 1172; x_wconf 82' lang='grc' dir='ltr'>τὸ</span> <span class='ocrx_word' id='word_1_417' title='bbox 1618 1131 1835 1181; x_wconf 87' lang='grc' dir='ltr'>ἀπελπίσαι,</span> <span class='ocrx_word' id='word_1_418' title='bbox 1853 1131 1933 1185; x_wconf 83' lang='grc' dir='ltr'>ἔφη.</span> 
     </span>
     <span class='ocr_line' id='line_1_72' title="bbox 1391 1203 2082 1257; baseline -0.006 -13"><span class='ocrx_word' id='word_1_419' title='bbox 1391 1205 1615 1257; x_wconf 87' lang='lat' dir='ltr'><strong>(Diogenes</strong></span> <span class='ocrx_word' id='word_1_420' title='bbox 1636 1204 1815 1242; x_wconf 89' lang='lat' dir='ltr'><strong>Laertius</strong></span> <span class='ocrx_word' id='word_1_421' title='bbox 1837 1203 1909 1243; x_wconf 80' lang='lat' dir='ltr'><strong>lib.</strong></span> <span class='ocrx_word' id='word_1_422' title='bbox 1933 1203 1965 1251; x_wconf 87' lang='lat'><strong>1,</strong></span> <span class='ocrx_word' id='word_1_423' title='bbox 1986 1203 2082 1252; x_wconf 86' lang='lat'>59.)</span> 
     </span>
     <span class='ocr_line' id='line_1_73' title="bbox 1253 1271 2318 1329; baseline -0.008 -12"><span class='ocrx_word' id='word_1_424' title='bbox 1253 1290 1303 1318; x_wconf 88' lang='grc'><strong>32.</strong></span> <span class='ocrx_word' id='word_1_425' title='bbox 1336 1275 1597 1329; x_wconf 77' lang='grc' dir='ltr'>(Ἐρωτηθεὶς)</span> <span class='ocrx_word' id='word_1_426' title='bbox 1619 1277 1694 1319; x_wconf 82' lang='grc' dir='ltr'>πῶς</span> <span class='ocrx_word' id='word_1_427' title='bbox 1709 1273 1750 1313; x_wconf 80' lang='grc' dir='ltr'><strong>ἂν</strong></span> <span class='ocrx_word' id='word_1_428' title='bbox 1762 1272 1894 1321; x_wconf 79' lang='grc' dir='ltr'>ἥκιστα</span> <span class='ocrx_word' id='word_1_429' title='bbox 1913 1275 2064 1312; x_wconf 77' lang='grc' dir='ltr'>ἀδικοῖεν</span> <span class='ocrx_word' id='word_1_430' title='bbox 2080 1274 2111 1311; x_wconf 80' lang='grc' dir='ltr'>οἱ</span> <span class='ocrx_word' id='word_1_431' title='bbox 2127 1271 2318 1325; x_wconf 82' lang='grc' dir='ltr'>ἄνθρωποι,</span> 
     </span>
     <span class='ocr_line' id='line_1_74' title="bbox 1336 1331 2318 1390; baseline -0.004 -15"><span class='ocrx_word' id='word_1_432' title='bbox 1336 1339 1366 1376; x_wconf 89' lang='grc' dir='ltr'><strong>εἷ</strong></span> <span class='ocrx_word' id='word_1_433' title='bbox 1385 1336 1535 1388; x_wconf 80' lang='grc' dir='ltr'>ὁμοίως,</span> <span class='ocrx_word' id='word_1_434' title='bbox 1556 1336 1622 1390; x_wconf 74' lang='grc' dir='ltr'><strong>ἔφη</strong></span> <span class='ocrx_word' id='word_1_435' title='bbox 1636 1365 1646 1384; x_wconf 90' lang='grc'>,</span> <span class='ocrx_word' id='word_1_436' title='bbox 1676 1334 1841 1387; x_wconf 80' lang='grc' dir='ltr'>ἄχθοιντο</span> <span class='ocrx_word' id='word_1_437' title='bbox 1862 1340 1934 1379; x_wconf 83' lang='grc' dir='ltr'>τοῖς</span> <span class='ocrx_word' id='word_1_438' title='bbox 1955 1332 2196 1385; x_wconf 85' lang='grc' dir='ltr'>ἀδικουμένοις</span> <span class='ocrx_word' id='word_1_439' title='bbox 2213 1334 2246 1372; x_wconf 77' lang='grc' dir='ltr'>οἳ</span> <span class='ocrx_word' id='word_1_440' title='bbox 2268 1331 2318 1383; x_wconf 83' lang='grc' dir='ltr'><strong>μὴ</strong></span> 
     </span>
     <span class='ocr_line' id='line_1_75' title="bbox 1338 1395 1576 1447; baseline 0.008 -13"><span class='ocrx_word' id='word_1_441' title='bbox 1338 1395 1576 1447; x_wconf 82' lang='grc' dir='ltr'>ἀδικούμενοι.</span> 
     </span>
    </p>
   </div>
   <div class='ocr_carea' id='block_1_18' title="bbox 1396 1465 2084 1520">
    <p class='ocr_par' dir='ltr' id='par_1_33' title="bbox 1396 1465 2084 1520">
     <span class='ocr_line' id='line_1_76' title="bbox 1396 1465 2084 1520; baseline 0.001 -15"><span class='ocrx_word' id='word_1_442' title='bbox 1396 1467 1609 1518; x_wconf 82' lang='lat' dir='ltr'><strong>(Diogenes</strong></span> <span class='ocrx_word' id='word_1_443' title='bbox 1631 1466 1812 1505; x_wconf 85' lang='lat' dir='ltr'><strong>Laertius</strong></span> <span class='ocrx_word' id='word_1_444' title='bbox 1826 1466 1897 1505; x_wconf 90' lang='lat' dir='ltr'><strong>lib.</strong></span> <span class='ocrx_word' id='word_1_445' title='bbox 1922 1466 1955 1515; x_wconf 90' lang='grc' dir='ltr'><strong>Ι,</strong></span> <span class='ocrx_word' id='word_1_446' title='bbox 1982 1466 2047 1506; x_wconf 87' lang='lat'><strong>51.</strong></span> <span class='ocrx_word' id='word_1_447' title='bbox 2070 1465 2084 1520; x_wconf 98' lang='lat'><em>)</em></span> 
     </span>
    </p>
   </div>
   <div class='ocr_carea' id='block_1_19' title="bbox 1257 1535 2324 1779">
    <p class='ocr_par' dir='ltr' id='par_1_34' title="bbox 1257 1535 2324 1709">
     <span class='ocr_line' id='line_1_77' title="bbox 1257 1535 2321 1590; baseline -0.005 -12"><span class='ocrx_word' id='word_1_448' title='bbox 1257 1552 1307 1579; x_wconf 72' lang='lat'><strong>23.</strong></span> <span class='ocrx_word' id='word_1_449' title='bbox 1339 1536 1510 1590; x_wconf 77' lang='grc' dir='ltr'>Δακρύων</span> <span class='ocrx_word' id='word_1_450' title='bbox 1532 1535 1590 1575; x_wconf 80' lang='grc' dir='ltr'><strong>τὸν</strong></span> <span class='ocrx_word' id='word_1_451' title='bbox 1619 1537 1731 1575; x_wconf 84' lang='grc' dir='ltr'>παῖδα</span> <span class='ocrx_word' id='word_1_452' title='bbox 1762 1537 2050 1585; x_wconf 80' lang='grc' dir='ltr'>τελευτήσαντα,</span> <span class='ocrx_word' id='word_1_453' title='bbox 2074 1535 2161 1590; x_wconf 76' lang='grc' dir='ltr'>πρὸς</span> <span class='ocrx_word' id='word_1_454' title='bbox 2188 1535 2245 1575; x_wconf 82' lang='grc' dir='ltr'><strong>τὸν</strong></span> <span class='ocrx_word' id='word_1_455' title='bbox 2273 1536 2321 1574; x_wconf 85' lang='grc' dir='ltr'><strong>εἷ·</strong></span> 
     </span>
     <span class='ocr_line' id='line_1_78' title="bbox 1339 1589 2324 1648; baseline -0.002 -12"><span class='ocrx_word' id='word_1_456' title='bbox 1339 1597 1471 1637; x_wconf 87' lang='grc' dir='ltr'>πόντα·</span> <span class='ocrx_word' id='word_1_457' title='bbox 1507 1596 1585 1634; x_wconf 82' lang='grc' dir='ltr'>ἀλλ’</span> <span class='ocrx_word' id='word_1_458' title='bbox 1612 1596 1711 1635; x_wconf 80' lang='grc' dir='ltr'>οὐδὲν</span> <span class='ocrx_word' id='word_1_459' title='bbox 1731 1595 1888 1648; x_wconf 76' lang='grc' dir='ltr'>ἀνύτεις,</span> <span class='ocrx_word' id='word_1_460' title='bbox 1910 1589 2005 1645; x_wconf 72' lang='grc' dir='ltr'>εἶπε,</span> <span class='ocrx_word' id='word_1_461' title='bbox 2033 1595 2076 1635; x_wconf 85' lang='grc' dir='ltr'><strong>δι’</strong></span> <span class='ocrx_word' id='word_1_462' title='bbox 2111 1595 2197 1635; x_wconf 79' lang='grc' dir='ltr'>αὐτὸ</span> <span class='ocrx_word' id='word_1_463' title='bbox 2222 1599 2324 1634; x_wconf 79' lang='grc' dir='ltr'>τοῦτο</span> 
     </span>
     <span class='ocr_line' id='line_1_79' title="bbox 1340 1654 1833 1709; baseline 0.002 -14"><span class='ocrx_word' id='word_1_464' title='bbox 1340 1656 1480 1709; x_wconf 79' lang='grc' dir='ltr'>δακρύω</span> <span class='ocrx_word' id='word_1_465' title='bbox 1494 1685 1504 1704; x_wconf 93' lang='grc'><strong>,</strong></span> <span class='ocrx_word' id='word_1_466' title='bbox 1520 1654 1573 1694; x_wconf 78' lang='grc' dir='ltr'>ὅτι</span> <span class='ocrx_word' id='word_1_467' title='bbox 1590 1655 1684 1694; x_wconf 80' lang='grc' dir='ltr'>οὐδὲν</span> <span class='ocrx_word' id='word_1_468' title='bbox 1703 1654 1833 1696; x_wconf 74' lang='grc' dir='ltr'>ἀνύτω.</span> 
     </span>
    </p>

    <p class='ocr_par' dir='ltr' id='par_1_35' title="bbox 1395 1725 2075 1779">
     <span class='ocr_line' id='line_1_80' title="bbox 1395 1725 2075 1779; baseline 0.001 -15"><span class='ocrx_word' id='word_1_469' title='bbox 1395 1727 1407 1779; x_wconf 89' lang='lat'><strong>(</strong></span> <span class='ocrx_word' id='word_1_470' title='bbox 1425 1727 1618 1777; x_wconf 87' lang='lat' dir='ltr'><strong>Diogenes</strong></span> <span class='ocrx_word' id='word_1_471' title='bbox 1635 1726 1815 1765; x_wconf 85' lang='lat' dir='ltr'><strong>Laertius</strong></span> <span class='ocrx_word' id='word_1_472' title='bbox 1831 1725 1905 1766; x_wconf 84' lang='lat' dir='ltr'><strong>lib.</strong></span> <span class='ocrx_word' id='word_1_473' title='bbox 1929 1726 1961 1774; x_wconf 91' lang='lat'><strong>1,</strong></span> <span class='ocrx_word' id='word_1_474' title='bbox 1984 1726 2075 1777; x_wconf 84' lang='lat'><strong>63.)</strong></span> 
     </span>
    </p>
   </div>
   <div class='ocr_carea' id='block_1_20' title="bbox 1260 1789 2328 2291">
    <p class='ocr_par' dir='ltr' id='par_1_36' title="bbox 1260 1789 2324 1970">
     <span class='ocr_line' id='line_1_81' title="bbox 1260 1789 2321 1851; baseline -0.003 -13"><span class='ocrx_word' id='word_1_475' title='bbox 1260 1813 1309 1838; x_wconf 77' lang='grc'><strong>34.</strong></span> <span class='ocrx_word' id='word_1_476' title='bbox 1342 1796 1558 1851; x_wconf 76' lang='grc' dir='ltr'>Ἐρωτηθεὶς</span> <span class='ocrx_word' id='word_1_477' title='bbox 1576 1799 1650 1842; x_wconf 82' lang='grc' dir='ltr'>πῶς</span> <span class='ocrx_word' id='word_1_478' title='bbox 1668 1796 1715 1835; x_wconf 58' lang='grc' dir='ltr'><strong>&gt;διν</strong></span> <span class='ocrx_word' id='word_1_479' title='bbox 1737 1796 1866 1849; x_wconf 85' lang='grc' dir='ltr'>ἄριστα</span> <span class='ocrx_word' id='word_1_480' title='bbox 1889 1799 1923 1835; x_wconf 83' lang='grc' dir='ltr'><strong>αἱ</strong></span> <span class='ocrx_word' id='word_1_481' title='bbox 1944 1798 2062 1840; x_wconf 88' lang='grc' dir='ltr'>πόλεις</span> <span class='ocrx_word' id='word_1_482' title='bbox 2078 1797 2251 1846; x_wconf 80' lang='grc' dir='ltr'>οἰκοῖντο,</span> <span class='ocrx_word' id='word_1_483' title='bbox 2273 1789 2321 1835; x_wconf 64' lang='grc' dir='ltr'><strong>εἷ-</strong></span> 
     </span>
     <span class='ocr_line' id='line_1_82' title="bbox 1341 1855 2324 1910; baseline -0.003 -14"><span class='ocrx_word' id='word_1_484' title='bbox 1341 1873 1404 1896; x_wconf 85' lang='grc' dir='ltr'><strong>πεν</strong></span> <span class='ocrx_word' id='word_1_485' title='bbox 1418 1886 1430 1907; x_wconf 88' lang='grc'><strong><em>,</em></strong></span> <span class='ocrx_word' id='word_1_486' title='bbox 1456 1856 1514 1895; x_wconf 82' lang='grc' dir='ltr'><strong>ἐὰν</strong></span> <span class='ocrx_word' id='word_1_487' title='bbox 1537 1855 1601 1908; x_wconf 81' lang='grc' dir='ltr'><strong>μὲν</strong></span> <span class='ocrx_word' id='word_1_488' title='bbox 1620 1858 1651 1895; x_wconf 82' lang='grc' dir='ltr'>οἱ</span> <span class='ocrx_word' id='word_1_489' title='bbox 1677 1858 1822 1896; x_wconf 86' lang='grc' dir='ltr'>πολῖται</span> <span class='ocrx_word' id='word_1_490' title='bbox 1841 1858 1912 1901; x_wconf 81' lang='grc' dir='ltr'>τοῖς</span> <span class='ocrx_word' id='word_1_491' title='bbox 1937 1856 2085 1910; x_wconf 83' lang='grc' dir='ltr'>ἄρχουσι</span> <span class='ocrx_word' id='word_1_492' title='bbox 2113 1855 2324 1903; x_wconf 85' lang='grc' dir='ltr'>πείθωνται,</span> 
     </span>
     <span class='ocr_line' id='line_1_83' title="bbox 1341 1916 1864 1970; baseline 0.002 -14"><span class='ocrx_word' id='word_1_493' title='bbox 1341 1919 1372 1956; x_wconf 82' lang='grc' dir='ltr'>οἱ</span> <span class='ocrx_word' id='word_1_494' title='bbox 1396 1916 1430 1956; x_wconf 77' lang='grc' dir='ltr'><strong>δὲ</strong></span> <span class='ocrx_word' id='word_1_495' title='bbox 1453 1916 1618 1970; x_wconf 81' lang='grc' dir='ltr'>ἄρχοντες</span> <span class='ocrx_word' id='word_1_496' title='bbox 1638 1917 1708 1960; x_wconf 80' lang='grc' dir='ltr'>τοῖς</span> <span class='ocrx_word' id='word_1_497' title='bbox 1727 1916 1864 1967; x_wconf 86' lang='grc' dir='ltr'>νόμοις.-</span> 
     </span>
    </p>

    <p class='ocr_par' dir='ltr' id='par_1_37' title="bbox 1395 1987 2153 2040">
     <span class='ocr_line' id='line_1_84' title="bbox 1395 1987 2153 2040; baseline 0 -14"><span class='ocrx_word' id='word_1_498' title='bbox 1395 1988 1652 2032; x_wconf 83' lang='lat' dir='ltr'><strong>(Plutarchus</strong></span> <span class='ocrx_word' id='word_1_499' title='bbox 1669 1987 1837 2028; x_wconf 88' lang='lat' dir='ltr'><strong>Conviv.</strong></span> <span class='ocrx_word' id='word_1_500' title='bbox 1855 1987 1926 2026; x_wconf 88' lang='lat' dir='ltr'><strong>Vll</strong></span> <span class='ocrx_word' id='word_1_501' title='bbox 1947 1988 2122 2040; x_wconf 86' lang='lat' dir='ltr'><strong>Sapient.</strong></span> <span class='ocrx_word' id='word_1_502' title='bbox 2141 1989 2153 2040; x_wconf 94' lang='lat'>)</span> 
     </span>
    </p>

    <p class='ocr_par' dir='ltr' id='par_1_38' title="bbox 1260 2057 2328 2291">
     <span class='ocr_line' id='line_1_85' title="bbox 1260 2057 2325 2112; baseline -0.003 -12"><span class='ocrx_word' id='word_1_503' title='bbox 1260 2074 1310 2100; x_wconf 84' lang='lat'><strong>35.</strong></span> <span class='ocrx_word' id='word_1_504' title='bbox 1343 2059 1559 2112; x_wconf 76' lang='grc' dir='ltr'>Ἐρωτηθεὶς</span> <span class='ocrx_word' id='word_1_505' title='bbox 1594 2059 1663 2098; x_wconf 81' lang='grc' dir='ltr'>ὑπὸ</span> <span class='ocrx_word' id='word_1_506' title='bbox 1701 2058 1921 2112; x_wconf 82' lang='grc' dir='ltr'>Περιάνδρου</span> <span class='ocrx_word' id='word_1_507' title='bbox 1957 2058 2057 2111; x_wconf 82' lang='grc' dir='ltr'>παρὰ</span> <span class='ocrx_word' id='word_1_508' title='bbox 2088 2058 2194 2097; x_wconf 88' lang='grc' dir='ltr'>πότον</span> <span class='ocrx_word' id='word_1_509' title='bbox 2208 2088 2219 2109; x_wconf 83' lang='grc'><em>,</em></span> <span class='ocrx_word' id='word_1_510' title='bbox 2247 2057 2325 2098; x_wconf 76' lang='grc' dir='ltr'>ἐπεὶ</span> 
     </span>
     <span class='ocr_line' id='line_1_86' title="bbox 1342 2116 2328 2172; baseline -0.003 -13"><span class='ocrx_word' id='word_1_511' title='bbox 1342 2121 1484 2159; x_wconf 84' lang='grc' dir='ltr'>σιωπῶν</span> <span class='ocrx_word' id='word_1_512' title='bbox 1506 2119 1676 2172; x_wconf 82' lang='grc' dir='ltr'>ἐτύγχανε</span> <span class='ocrx_word' id='word_1_513' title='bbox 1690 2149 1701 2168; x_wconf 89' lang='grc'><em>,</em></span> <span class='ocrx_word' id='word_1_514' title='bbox 1722 2118 1855 2171; x_wconf 86' lang='grc' dir='ltr'>πότερα</span> <span class='ocrx_word' id='word_1_515' title='bbox 1876 2119 1933 2158; x_wconf 85' lang='grc' dir='ltr'><strong>διὰ</strong></span> <span class='ocrx_word' id='word_1_516' title='bbox 1952 2117 2072 2171; x_wconf 80' lang='grc' dir='ltr'>λόγων</span> <span class='ocrx_word' id='word_1_517' title='bbox 2083 2116 2248 2165; x_wconf 85' lang='grc' dir='ltr'>σπάνινῆ</span> <span class='ocrx_word' id='word_1_518' title='bbox 2269 2118 2328 2156; x_wconf 82' lang='grc' dir='ltr'><strong>διὰ</strong></span> 
     </span>
     <span class='ocr_line' id='line_1_87' title="bbox 1343 2171 2327 2231; baseline -0.003 -14"><span class='ocrx_word' id='word_1_519' title='bbox 1343 2179 1480 2231; x_wconf 86' lang='grc' dir='ltr'>μωρίαν</span> <span class='ocrx_word' id='word_1_520' title='bbox 1502 2185 1632 2231; x_wconf 78' lang='grc' dir='ltr'>σιωπᾷ,</span> <span class='ocrx_word' id='word_1_521' title='bbox 1656 2197 1672 2212; x_wconf 69' lang='grc' dir='ltr'><strong>τι</strong></span> <span class='ocrx_word' id='word_1_522' title='bbox 1693 2177 1771 2217; x_wconf 84' lang='grc' dir='ltr'>ἀλλ’</span> <span class='ocrx_word' id='word_1_523' title='bbox 1791 2177 1903 2223; x_wconf 79' lang='grc' dir='ltr'>οὐδεὶς</span> <span class='ocrx_word' id='word_1_524' title='bbox 1925 2176 1964 2216; x_wconf 81' lang='grc' dir='ltr'><strong>ἂν</strong></span> <span class='ocrx_word' id='word_1_525' title='bbox 1986 2195 2001 2213; x_wconf 68' lang='lat' dir='ltr'><strong>n</strong></span> <span class='ocrx_word' id='word_1_526' title='bbox 2024 2171 2099 2216; x_wconf 74' lang='grc' dir='ltr'>εἶπε</span> <span class='ocrx_word' id='word_1_527' title='bbox 2118 2196 2134 2211; x_wconf 76' lang='grc' dir='ltr'>α</span> <span class='ocrx_word' id='word_1_528' title='bbox 2154 2176 2271 2229; x_wconf 80' lang='grc' dir='ltr'>μωρὸς</span> <span class='ocrx_word' id='word_1_529' title='bbox 2293 2179 2327 2215; x_wconf 86' lang='grc' dir='ltr'><strong>ἐν</strong></span> 
     </span>
     <span class='ocr_line' id='line_1_88' title="bbox 1341 2235 1896 2291; baseline -0.004 -14"><span class='ocrx_word' id='word_1_530' title='bbox 1341 2237 1528 2291; x_wconf 83' lang='grc' dir='ltr'>συμποσίῳ</span> <span class='ocrx_word' id='word_1_531' title='bbox 1545 2242 1683 2276; x_wconf 79' lang='grc' dir='ltr'>σιωπᾶν</span> <span class='ocrx_word' id='word_1_532' title='bbox 1709 2235 1862 2275; x_wconf 82' lang='grc' dir='ltr'>δύναιτο.</span> <span class='ocrx_word' id='word_1_533' title='bbox 1882 2254 1896 2270; x_wconf 77' lang='grc' dir='ltr'>υ</span> 
     </span>
    </p>
   </div>
   <div class='ocr_carea' id='block_1_21' title="bbox 1399 2303 2028 2358">
    <p class='ocr_par' dir='ltr' id='par_1_39' title="bbox 1399 2303 2028 2358">
     <span class='ocr_line' id='line_1_89' title="bbox 1399 2303 2028 2358; baseline -0.002 -12"><span class='ocrx_word' id='word_1_534' title='bbox 1399 2308 1604 2358; x_wconf 87' lang='lat' dir='ltr'><strong>(Stobaeus</strong></span> <span class='ocrx_word' id='word_1_535' title='bbox 1626 2303 1731 2348; x_wconf 83' lang='lat' dir='ltr'><strong>Flor.</strong></span> <span class='ocrx_word' id='word_1_536' title='bbox 1749 2307 1921 2346; x_wconf 86' lang='lat' dir='ltr'><strong>XXXIV.</strong></span> <span class='ocrx_word' id='word_1_537' title='bbox 1949 2308 2028 2355; x_wconf 79' lang='lat'><strong>15.)</strong></span> 
     </span>
    </p>
   </div>
   <div class='ocr_carea' id='block_1_22' title="bbox 1266 2421 2334 3536">
    <p class='ocr_par' dir='ltr' id='par_1_40' title="bbox 1266 2421 2330 2584">
     <span class='ocr_line' id='line_1_90' title="bbox 1270 2421 2328 2465; baseline -0.001 -10"><span class='ocrx_word' id='word_1_538' title='bbox 1270 2433 1350 2455; x_wconf 90' lang='lat' dir='ltr'><strong>num</strong></span> <span class='ocrx_word' id='word_1_539' title='bbox 1377 2423 1543 2465; x_wconf 84' lang='lat' dir='ltr'><strong>pulchrius</strong></span> <span class='ocrx_word' id='word_1_540' title='bbox 1573 2432 1718 2464; x_wconf 88' lang='lat' dir='ltr'><strong>unquam</strong></span> <span class='ocrx_word' id='word_1_541' title='bbox 1743 2422 1966 2464; x_wconf 85' lang='lat' dir='ltr'><strong>spectaculum</strong></span> <span class='ocrx_word' id='word_1_542' title='bbox 1990 2421 2146 2462; x_wconf 86' lang='lat' dir='ltr'><strong>vidisset,</strong></span> <span class='ocrx_word' id='word_1_543' title='bbox 2168 2422 2328 2464; x_wconf 87' lang='lat' dir='ltr'><strong>illumque</strong></span> 
     </span>
     <span class='ocr_line' id='line_1_91' title="bbox 1266 2482 2330 2524; baseline -0.001 -9"><span class='ocrx_word' id='word_1_544' title='bbox 1266 2483 1386 2516; x_wconf 83' lang='lat' dir='ltr'><strong>dixisse</strong></span> <span class='ocrx_word' id='word_1_545' title='bbox 1403 2493 1412 2515; x_wconf 86' lang='lat'>:</span> <span class='ocrx_word' id='word_1_546' title='bbox 1431 2482 1541 2516; x_wconf 91' lang='lat' dir='ltr'><strong>Gallos</strong></span> <span class='ocrx_word' id='word_1_547' title='bbox 1559 2482 1769 2524; x_wconf 84' lang='lat' dir='ltr'><strong>gallinaceos,</strong></span> <span class='ocrx_word' id='word_1_548' title='bbox 1786 2482 1959 2524; x_wconf 87' lang='lat' dir='ltr'><strong>phasianos</strong></span> <span class='ocrx_word' id='word_1_549' title='bbox 1972 2482 2005 2515; x_wconf 87' lang='lat' dir='ltr'><strong>et</strong></span> <span class='ocrx_word' id='word_1_550' title='bbox 2022 2491 2163 2523; x_wconf 87' lang='lat' dir='ltr'><strong>pavones</strong></span> <span class='ocrx_word' id='word_1_551' title='bbox 2174 2506 2183 2523; x_wconf 95' lang='lat'>‚</span> <span class='ocrx_word' id='word_1_552' title='bbox 2204 2482 2260 2524; x_wconf 91' lang='lat' dir='ltr'><strong>qui</strong></span> <span class='ocrx_word' id='word_1_553' title='bbox 2272 2491 2330 2514; x_wconf 88' lang='lat' dir='ltr'><strong>ua—</strong></span> 
     </span>
     <span class='ocr_line' id='line_1_92' title="bbox 1266 2541 2073 2584; baseline -0.002 -8"><span class='ocrx_word' id='word_1_554' title='bbox 1266 2543 1364 2576; x_wconf 87' lang='lat' dir='ltr'><strong>turali</strong></span> <span class='ocrx_word' id='word_1_555' title='bbox 1381 2543 1551 2584; x_wconf 85' lang='lat' dir='ltr'><strong>multoque</strong></span> <span class='ocrx_word' id='word_1_556' title='bbox 1571 2541 1694 2583; x_wconf 86' lang='lat' dir='ltr'><strong>majore</strong></span> <span class='ocrx_word' id='word_1_557' title='bbox 1710 2542 1814 2575; x_wconf 89' lang='lat' dir='ltr'><strong>nitore</strong></span> <span class='ocrx_word' id='word_1_558' title='bbox 1831 2543 1939 2575; x_wconf 87' lang='lat' dir='ltr'><strong>essent</strong></span> <span class='ocrx_word' id='word_1_559' title='bbox 1956 2541 2073 2574; x_wconf 85' lang='lat' dir='ltr'><strong>ornati.</strong></span> 
     </span>
    </p>

    <p class='ocr_par' dir='ltr' id='par_1_41' title="bbox 1267 2600 2331 2763">
     <span class='ocr_line' id='line_1_93' title="bbox 1309 2600 2331 2643; baseline -0.001 -8"><span class='ocrx_word' id='word_1_560' title='bbox 1309 2605 1362 2636; x_wconf 86' lang='lat'><strong>31.</strong></span> <span class='ocrx_word' id='word_1_561' title='bbox 1380 2602 1601 2643; x_wconf 85' lang='lat' dir='ltr'><strong>Interrogatus</strong></span> <span class='ocrx_word' id='word_1_562' title='bbox 1618 2610 1676 2634; x_wconf 89' lang='lat' dir='ltr'><strong>cur</strong></span> <span class='ocrx_word' id='word_1_563' title='bbox 1701 2601 1825 2634; x_wconf 87' lang='lat' dir='ltr'><strong>nullam</strong></span> <span class='ocrx_word' id='word_1_564' title='bbox 1844 2601 1972 2634; x_wconf 88' lang='lat' dir='ltr'><strong>tulisset</strong></span> <span class='ocrx_word' id='word_1_565' title='bbox 1994 2601 2097 2642; x_wconf 90' lang='lat' dir='ltr'><strong>legem</strong></span> <span class='ocrx_word' id='word_1_566' title='bbox 2114 2600 2148 2633; x_wconf 91' lang='lat' dir='ltr'><strong>in</strong></span> <span class='ocrx_word' id='word_1_567' title='bbox 2174 2610 2250 2634; x_wconf 89' lang='lat' dir='ltr'><strong>eum</strong></span> <span class='ocrx_word' id='word_1_568' title='bbox 2275 2601 2331 2643; x_wconf 91' lang='lat' dir='ltr'><strong>qui</strong></span> 
     </span>
     <span class='ocr_line' id='line_1_94' title="bbox 1268 2660 2331 2703; baseline -0.002 -9"><span class='ocrx_word' id='word_1_569' title='bbox 1268 2663 1438 2703; x_wconf 85' lang='lat' dir='ltr'><strong>parentem</strong></span> <span class='ocrx_word' id='word_1_570' title='bbox 1460 2662 1626 2702; x_wconf 84' lang='lat' dir='ltr'><strong>necasset,</strong></span> <span class='ocrx_word' id='word_1_571' title='bbox 1649 2660 1839 2703; x_wconf 90' lang='lat' dir='ltr'><strong>respondit,</strong></span> <span class='ocrx_word' id='word_1_572' title='bbox 1855 2660 1932 2703; x_wconf 88' lang='lat' dir='ltr'><strong>quia</strong></span> <span class='ocrx_word' id='word_1_573' title='bbox 1949 2660 2014 2694; x_wconf 83' lang='lat' dir='ltr'><strong>hoc</strong></span> <span class='ocrx_word' id='word_1_574' title='bbox 2031 2660 2138 2694; x_wconf 88' lang='lat' dir='ltr'><strong>scelus</strong></span> <span class='ocrx_word' id='word_1_575' title='bbox 2158 2660 2200 2693; x_wconf 86' lang='lat' dir='ltr'><strong>ab</strong></span> <span class='ocrx_word' id='word_1_576' title='bbox 2224 2661 2331 2693; x_wconf 84' lang='lat' dir='ltr'><strong>homi-</strong></span> 
     </span>
     <span class='ocr_line' id='line_1_95' title="bbox 1267 2719 1867 2763; baseline 0.002 -11"><span class='ocrx_word' id='word_1_577' title='bbox 1267 2721 1360 2752; x_wconf 88' lang='lat' dir='ltr'><strong>nibus</strong></span> <span class='ocrx_word' id='word_1_578' title='bbox 1373 2720 1501 2753; x_wconf 85' lang='lat' dir='ltr'><strong>admitti</strong></span> <span class='ocrx_word' id='word_1_579' title='bbox 1521 2729 1584 2753; x_wconf 91' lang='lat' dir='ltr'><strong>non</strong></span> <span class='ocrx_word' id='word_1_580' title='bbox 1599 2729 1695 2763; x_wconf 90' lang='lat' dir='ltr'><strong>posse</strong></span> <span class='ocrx_word' id='word_1_581' title='bbox 1709 2719 1867 2754; x_wconf 87' lang='lat' dir='ltr'><strong>crederet.</strong></span> 
     </span>
    </p>

    <p class='ocr_par' dir='ltr' id='par_1_42' title="bbox 1267 2779 2329 2934">
     <span class='ocr_line' id='line_1_96' title="bbox 1309 2779 2326 2822; baseline -0.002 -8"><span class='ocrx_word' id='word_1_582' title='bbox 1309 2783 1361 2814; x_wconf 84' lang='lat'><strong>32.</strong></span> <span class='ocrx_word' id='word_1_583' title='bbox 1383 2782 1688 2822; x_wconf 74' lang='lat' dir='ltr'><strong>interrogatusque</strong></span> <span class='ocrx_word' id='word_1_584' title='bbox 1709 2781 1803 2822; x_wconf 87' lang='lat' dir='ltr'><strong>pacto</strong></span> <span class='ocrx_word' id='word_1_585' title='bbox 1829 2780 1979 2814; x_wconf 89' lang='lat' dir='ltr'><strong>homines</strong></span> <span class='ocrx_word' id='word_1_586' title='bbox 2000 2780 2134 2813; x_wconf 89' lang='lat' dir='ltr'><strong>minime</strong></span> <span class='ocrx_word' id='word_1_587' title='bbox 2151 2779 2206 2821; x_wconf 84' lang='lat' dir='ltr'><strong>jus</strong></span> <span class='ocrx_word' id='word_1_588' title='bbox 2221 2780 2326 2812; x_wconf 89' lang='lat' dir='ltr'><strong>viola-</strong></span> 
     </span>
     <span class='ocr_line' id='line_1_97' title="bbox 1267 2839 2329 2882; baseline 0 -10"><span class='ocrx_word' id='word_1_589' title='bbox 1267 2842 1341 2873; x_wconf 88' lang='lat' dir='ltr'><strong>rent</strong></span> <span class='ocrx_word' id='word_1_590' title='bbox 1365 2853 1373 2874; x_wconf 87' lang='lat'>:</span> <span class='ocrx_word' id='word_1_591' title='bbox 1391 2840 1424 2872; x_wconf 92' lang='lat' dir='ltr'><strong>Si</strong></span> <span class='ocrx_word' id='word_1_592' title='bbox 1445 2840 1532 2881; x_wconf 86' lang='lat' dir='ltr'><strong>laesi,</strong></span> <span class='ocrx_word' id='word_1_593' title='bbox 1550 2839 1673 2882; x_wconf 89' lang='lat' dir='ltr'><strong>inquit,</strong></span> <span class='ocrx_word' id='word_1_594' title='bbox 1690 2849 1755 2873; x_wconf 91' lang='lat' dir='ltr'><strong>non</strong></span> <span class='ocrx_word' id='word_1_595' title='bbox 1777 2841 1882 2873; x_wconf 90' lang='lat' dir='ltr'><strong>minus</strong></span> <span class='ocrx_word' id='word_1_596' title='bbox 1898 2849 1982 2882; x_wconf 83' lang='lat' dir='ltr'><strong>aegre</strong></span> <span class='ocrx_word' id='word_1_597' title='bbox 2000 2839 2134 2882; x_wconf 86' lang='lat' dir='ltr'><strong>injurias</strong></span> <span class='ocrx_word' id='word_1_598' title='bbox 2151 2849 2250 2882; x_wconf 91' lang='lat' dir='ltr'><strong>quam</strong></span> <span class='ocrx_word' id='word_1_599' title='bbox 2263 2849 2329 2872; x_wconf 93' lang='lat' dir='ltr'><strong>non</strong></span> 
     </span>
     <span class='ocr_line' id='line_1_98' title="bbox 1268 2900 1470 2934; baseline 0.005 -1"><span class='ocrx_word' id='word_1_600' title='bbox 1268 2900 1470 2934; x_wconf 81' lang='lat' dir='ltr'><strong>loesi&#39;ferunt.</strong></span> 
     </span>
    </p>

    <p class='ocr_par' dir='ltr' id='par_1_43' title="bbox 1270 2959 2331 3122">
     <span class='ocr_line' id='line_1_99' title="bbox 1313 2959 2331 3002; baseline -0.001 -10"><span class='ocrx_word' id='word_1_601' title='bbox 1313 2963 1365 2993; x_wconf 84' lang='lat'><strong>33.</strong></span> <span class='ocrx_word' id='word_1_602' title='bbox 1387 2963 1497 2999; x_wconf 86' lang='lat' dir='ltr'><strong>Quum</strong></span> <span class='ocrx_word' id='word_1_603' title='bbox 1527 2959 1658 3002; x_wconf 89' lang='lat' dir='ltr'><strong>quidam</strong></span> <span class='ocrx_word' id='word_1_604' title='bbox 1679 2960 1820 3002; x_wconf 86' lang='lat' dir='ltr'><strong>diceret,</strong></span> <span class='ocrx_word' id='word_1_605' title='bbox 1854 2960 1908 2993; x_wconf 90' lang='lat' dir='ltr'><strong>illo</strong></span> <span class='ocrx_word' id='word_1_606' title='bbox 1936 2960 1993 2992; x_wconf 82' lang='lat' dir='ltr'><strong>lilii</strong></span> <span class='ocrx_word' id='word_1_607' title='bbox 2022 2961 2162 2992; x_wconf 87' lang='lat' dir='ltr'><strong>mortem</strong></span> <span class='ocrx_word' id='word_1_608' title='bbox 2185 2959 2331 2992; x_wconf 87' lang='lat' dir='ltr'><strong>lacrimis</strong></span> 
     </span>
     <span class='ocr_line' id='line_1_100' title="bbox 1270 3018 2330 3062; baseline -0.001 -11"><span class='ocrx_word' id='word_1_609' title='bbox 1270 3020 1500 3062; x_wconf 85' lang='lat' dir='ltr'><strong>prosequente,</strong></span> <span class='ocrx_word' id='word_1_610' title='bbox 1517 3020 1559 3053; x_wconf 88' lang='lat' dir='ltr'><strong>At</strong></span> <span class='ocrx_word' id='word_1_611' title='bbox 1575 3019 1655 3053; x_wconf 85' lang='lat' dir='ltr'><strong>nihil</strong></span> <span class='ocrx_word' id='word_1_612' title='bbox 1675 3019 1806 3061; x_wconf 81' lang='lat' dir='ltr'><strong>proficis</strong></span> <span class='ocrx_word' id='word_1_613' title='bbox 1824 3029 1832 3052; x_wconf 77' lang='grc' dir='ltr'><strong>ε</strong></span> <span class='ocrx_word' id='word_1_614' title='bbox 1852 3021 1894 3052; x_wconf 83' lang='lat' dir='ltr'><strong>At</strong></span> <span class='ocrx_word' id='word_1_615' title='bbox 1911 3020 2042 3061; x_wconf 85' lang='lat' dir='ltr'><strong>propter</strong></span> <span class='ocrx_word' id='word_1_616' title='bbox 2055 3018 2120 3052; x_wconf 88' lang='lat' dir='ltr'><strong>boc</strong></span> <span class='ocrx_word' id='word_1_617' title='bbox 2139 3018 2257 3060; x_wconf 89' lang='lat' dir='ltr'><strong>ipsum,</strong></span> <span class='ocrx_word' id='word_1_618' title='bbox 2278 3018 2330 3050; x_wconf 82' lang='lat' dir='ltr'><strong>in—</strong></span> 
     </span>
     <span class='ocr_line' id='line_1_101' title="bbox 1270 3079 1992 3122; baseline 0 -11"><span class='ocrx_word' id='word_1_619' title='bbox 1270 3079 1341 3121; x_wconf 90' lang='lat' dir='ltr'><strong>quit</strong></span> <span class='ocrx_word' id='word_1_620' title='bbox 1359 3080 1434 3120; x_wconf 89' lang='lat' dir='ltr'><strong>ille,</strong></span> <span class='ocrx_word' id='word_1_621' title='bbox 1451 3079 1608 3121; x_wconf 80' lang='lat' dir='ltr'><strong>lacrimo,</strong></span> <span class='ocrx_word' id='word_1_622' title='bbox 1632 3079 1721 3122; x_wconf 85' lang='lat' dir='ltr'><strong>quod</strong></span> <span class='ocrx_word' id='word_1_623' title='bbox 1741 3079 1822 3112; x_wconf 89' lang='lat' dir='ltr'><strong>nihil</strong></span> <span class='ocrx_word' id='word_1_624' title='bbox 1846 3079 1992 3121; x_wconf 83' lang='lat' dir='ltr'><strong>proficio.</strong></span> 
     </span>
    </p>

    <p class='ocr_par' dir='ltr' id='par_1_44' title="bbox 1269 3137 2334 3300">
     <span class='ocr_line' id='line_1_102' title="bbox 1313 3137 2332 3180; baseline -0.002 -9"><span class='ocrx_word' id='word_1_625' title='bbox 1313 3140 1365 3171; x_wconf 82' lang='grc'><strong>34.</strong></span> <span class='ocrx_word' id='word_1_626' title='bbox 1384 3139 1624 3180; x_wconf 83' lang='lat' dir='ltr'><strong>Interrogatus,</strong></span> <span class='ocrx_word' id='word_1_627' title='bbox 1653 3137 1820 3180; x_wconf 90' lang='lat' dir='ltr'><strong>quomodo</strong></span> <span class='ocrx_word' id='word_1_628' title='bbox 1843 3137 2029 3180; x_wconf 72' lang='lat' dir='ltr'><strong>reipublicae</strong></span> <span class='ocrx_word' id='word_1_629' title='bbox 2061 3138 2165 3171; x_wconf 78' lang='lat' dir='ltr'><strong>status</strong></span> <span class='ocrx_word' id='word_1_630' title='bbox 2188 3137 2332 3179; x_wconf 86' lang='lat' dir='ltr'><strong>optimus</strong></span> 
     </span>
     <span class='ocr_line' id='line_1_103' title="bbox 1269 3197 2334 3240; baseline -0.001 -10"><span class='ocrx_word' id='word_1_631' title='bbox 1269 3206 1339 3231; x_wconf 86' lang='lat' dir='ltr'><strong>esse</strong></span> <span class='ocrx_word' id='word_1_632' title='bbox 1367 3199 1500 3240; x_wconf 78' lang='lat' dir='ltr'><strong>posset-2</strong></span> <span class='ocrx_word' id='word_1_633' title='bbox 1520 3197 1571 3240; x_wconf 89' lang='lat' dir='ltr'><strong>Si,</strong></span> <span class='ocrx_word' id='word_1_634' title='bbox 1588 3198 1715 3240; x_wconf 88' lang='lat' dir='ltr'><strong>inquit,</strong></span> <span class='ocrx_word' id='word_1_635' title='bbox 1735 3198 1822 3232; x_wconf 88' lang='lat' dir='ltr'><strong>cives</strong></span> <span class='ocrx_word' id='word_1_636' title='bbox 1849 3198 2097 3240; x_wconf 86' lang='lat' dir='ltr'><strong>magistratibus</strong></span> <span class='ocrx_word' id='word_1_637' title='bbox 2124 3197 2275 3230; x_wconf 88' lang='lat' dir='ltr'><strong>obediant</strong></span> <span class='ocrx_word' id='word_1_638' title='bbox 2300 3198 2334 3229; x_wconf 85' lang='lat' dir='ltr'><strong>et</strong></span> 
     </span>
     <span class='ocr_line' id='line_1_104' title="bbox 1271 3257 1638 3300; baseline 0.005 -11"><span class='ocrx_word' id='word_1_639' title='bbox 1271 3257 1478 3300; x_wconf 85' lang='lat' dir='ltr'><strong>magistratus</strong></span> <span class='ocrx_word' id='word_1_640' title='bbox 1500 3257 1638 3300; x_wconf 84' lang='lat' dir='ltr'><strong>legibus.</strong></span> 
     </span>
    </p>

    <p class='ocr_par' dir='ltr' id='par_1_45' title="bbox 1272 3315 2333 3536">
     <span class='ocr_line' id='line_1_105' title="bbox 1314 3315 2332 3363; baseline -0.002 -14"><span class='ocrx_word' id='word_1_641' title='bbox 1314 3319 1366 3350; x_wconf 83' lang='grc'><strong>35.</strong></span> <span class='ocrx_word' id='word_1_642' title='bbox 1396 3316 1497 3350; x_wconf 90' lang='lat' dir='ltr'><strong>Solon</strong></span> <span class='ocrx_word' id='word_1_643' title='bbox 1524 3316 1607 3351; x_wconf 90' lang='lat' dir='ltr'><strong>inter</strong></span> <span class='ocrx_word' id='word_1_644' title='bbox 1625 3316 1802 3363; x_wconf 79' lang='lat' dir='ltr'><strong>bibendum</strong></span> <span class='ocrx_word' id='word_1_645' title='bbox 1828 3317 1949 3351; x_wconf 87' lang='lat' dir='ltr'><strong>tacitus</strong></span> <span class='ocrx_word' id='word_1_646' title='bbox 1969 3316 2183 3358; x_wconf 88' lang='lat' dir='ltr'><strong>interroganti</strong></span> <span class='ocrx_word' id='word_1_647' title='bbox 2201 3315 2332 3348; x_wconf 86' lang='lat' dir='ltr'><strong>Perian-</strong></span> 
     </span>
     <span class='ocr_line' id='line_1_106' title="bbox 1272 3374 2332 3420; baseline -0.004 -10"><span class='ocrx_word' id='word_1_648' title='bbox 1272 3377 1350 3420; x_wconf 90' lang='lat' dir='ltr'><strong>dro,</strong></span> <span class='ocrx_word' id='word_1_649' title='bbox 1365 3379 1530 3412; x_wconf 84' lang='lat' dir='ltr'><strong>taceretne</strong></span> <span class='ocrx_word' id='word_1_650' title='bbox 1548 3377 1670 3411; x_wconf 77' lang='lat' dir='ltr'><strong>idcireo</strong></span> <span class='ocrx_word' id='word_1_651' title='bbox 1688 3376 1766 3419; x_wconf 78' lang='lat' dir='ltr'><strong>quia</strong></span> <span class='ocrx_word' id='word_1_652' title='bbox 1783 3376 1882 3411; x_wconf 81' lang='lat' dir='ltr'><strong>verba</strong></span> <span class='ocrx_word' id='word_1_653' title='bbox 1904 3376 1965 3419; x_wconf 90' lang='lat' dir='ltr'><strong>ipsi</strong></span> <span class='ocrx_word' id='word_1_654' title='bbox 1985 3375 2156 3414; x_wconf 89' lang='lat' dir='ltr'><strong>deessent,</strong></span> <span class='ocrx_word' id='word_1_655' title='bbox 2185 3383 2225 3406; x_wconf 86' lang='lat' dir='ltr'><strong>an</strong></span> <span class='ocrx_word' id='word_1_656' title='bbox 2255 3374 2332 3415; x_wconf 84' lang='lat' dir='ltr'><strong>quia</strong></span> 
     </span>
     <span class='ocr_line' id='line_1_107' title="bbox 1274 3433 2333 3478; baseline -0.004 -9"><span class='ocrx_word' id='word_1_657' title='bbox 1274 3436 1407 3478; x_wconf 87' lang='lat' dir='ltr'><strong>prodere</strong></span> <span class='ocrx_word' id='word_1_658' title='bbox 1426 3437 1526 3470; x_wconf 75' lang='lat' dir='ltr'><strong>nollet</strong></span> <span class='ocrx_word' id='word_1_659' title='bbox 1557 3436 1730 3470; x_wconf 86' lang='lat' dir='ltr'><strong>stultitiam</strong></span> <span class='ocrx_word' id='word_1_660' title='bbox 1750 3445 1759 3468; x_wconf 72' lang='grc' dir='ltr'><strong><em>ε</em></strong></span> <span class='ocrx_word' id='word_1_661' title='bbox 1781 3435 1878 3477; x_wconf 81' lang='lat' dir='ltr'><strong>Atqui</strong></span> <span class='ocrx_word' id='word_1_662' title='bbox 1905 3444 2025 3476; x_wconf 81' lang='lat' dir='ltr'><strong>nemo,</strong></span> <span class='ocrx_word' id='word_1_663' title='bbox 2059 3433 2182 3475; x_wconf 88' lang='lat' dir='ltr'><strong>inquit,</strong></span> <span class='ocrx_word' id='word_1_664' title='bbox 2212 3433 2333 3466; x_wconf 87' lang='lat' dir='ltr'><strong>stultus</strong></span> 
     </span>
     <span class='ocr_line' id='line_1_108' title="bbox 1275 3494 1733 3536; baseline -0.002 -8"><span class='ocrx_word' id='word_1_665' title='bbox 1275 3498 1381 3529; x_wconf 87' lang='lat' dir='ltr'><strong>tacere</strong></span> <span class='ocrx_word' id='word_1_666' title='bbox 1395 3495 1426 3528; x_wconf 91' lang='lat' dir='ltr'><strong>in</strong></span> <span class='ocrx_word' id='word_1_667' title='bbox 1447 3494 1599 3528; x_wconf 85' lang='lat' dir='ltr'><strong>convivio</strong></span> <span class='ocrx_word' id='word_1_668' title='bbox 1616 3495 1733 3536; x_wconf 83' lang='lat' dir='ltr'><strong>potest.</strong></span> 
     </span>
    </p>
   </div>
   <div class='ocr_carea' id='block_1_23' title="bbox 2584 1509 2612 2781">
    <p class='ocr_par' dir='ltr' id='par_1_46' title="bbox 2584 1509 2612 2781">
     <span class='ocr_line' id='line_1_109' title="bbox 2584 1509 2612 2781; baseline 0 0"><span class='ocrx_word' id='word_1_669' title='bbox 2584 1509 2612 2781; x_wconf 95' lang='lat' dir='ltr'><strong> </strong></span> 
     </span>
    </p>
   </div>
  </div>
 </body>
</html>
