2612 3814
318 284 394 318 150

310 370 410 407 enim
460 381 593 406 omnes
639 368 832 409 Cleanthis
879 381 1037 407 carmen
1076 369 1248 406 versibus
1293 370 1369 406 ele-

310 429 536 479 gantissimis
557 428 720 466 reddere
739 436 947 467 tentarunt.
970 429 1104 478 Neque
1122 441 1215 465 vero
1238 436 1369 479 postea

309 488 484 525 homines
515 487 658 525 eruditi
689 488 786 525 illud
818 489 1054 538 poematium
1084 487 1144 525 vel
1173 488 1371 537 divulgare

310 549 371 585 vel
382 548 570 586 illustrare
585 547 826 585 destiterunt.
840 549 934 585 Nam
947 547 1059 586 Fred.
1078 547 1182 584 Guil.
1203 547 1371 584 Sturzius

312 607 450 656 Lipsiae
476 605 591 654 1785,
611 606 657 645 H.
674 606 832 644 Cludius
850 607 1040 656 Gottingae
1074 605 1173 653 1786
1194 606 1372 656 publica-

312 667 382 713 vit,
399 667 440 706 C.
454 667 692 704 Petersenius
710 666 924 716 Hamburgi
943 666 1042 715 1829
1060 665 1372 703 adnotationibus

313 727 546 764 instructum
561 727 694 765 emisit.
711 726 822 763 Adde
839 725 949 775 quod
962 726 1127 762 Thomas
1138 725 1373 764 Gaisfordius

313 787 353 823 in
375 799 476 824 nova
495 787 654 824 Joannis
687 784 833 823 Stobaei
860 786 1093 836 Eclogarum
1122 786 1372 836 physicarum

314 853 353 883 et
371 847 583 884 ethicarum
609 846 776 883 editione
797 846 935 884 Oxonii
953 857 1054 882 anno
1075 844 1176 883 1850
1191 846 1373 883 adornata

315 905 360 948 de
379 906 454 944 hoc
471 919 627 956 quoque
645 907 788 955 hymno
805 905 904 945 bene
923 907 1077 943 meruit.

1220 277 1288 316 DE
1317 276 1590 318 CLEANTHE

1486 371 1628 406 Verum
1646 379 1761 404 nemo
1784 368 1924 404 exstitit
1944 367 2012 417 qui
2041 366 2172 404 omnia
2197 364 2391 403 Cleanthis
2423 365 2499 404 fra·

1434 435 1588 478 gmenta
1603 428 1652 464 ab
1666 429 1784 464 Henr.
1800 425 1997 478 Stephano
2014 426 2107 463 olim
2121 425 2370 476 promulgata
2386 437 2498 476 repe·

1435 494 1532 524 teret
1544 494 1582 524 et
1595 487 1926 536 interpretaretur.
1938 486 2075 535 Itaque
2085 497 2156 536 ego
2167 485 2286 534 longo
2295 484 2496 522 intervallo

1435 546 1670 595 Stephanum
1690 546 1857 583 imitatus
1885 546 2098 583 Cleantheae
2123 544 2318 595 sapientiae
2345 555 2498 582 memo-

1435 606 1531 642 riam
1570 605 1776 652 renovavi,
1809 604 2114 655 fragmentorum
2157 615 2363 641 numerum
2409 604 2499 641 auxi

1436 666 1597 715 ipsaque
1617 664 1806 714 fragmina
1826 665 2004 714 inspectis
2021 671 2159 701 nostrae
2173 662 2293 701 aetatis
2310 662 2498 700 doetrinae

1436 725 1621 775 praesidiis
1640 732 1678 762 et
1703 724 1965 762 instrumentis
1990 724 2215 774 recognovi.
2249 723 2426 772 Denique
2450 734 2500 760 ne

1437 784 1532 833 quid
1549 784 1711 835 deesset,
1734 782 1842 832 quod
1859 782 1909 819 ad
1928 782 2041 831 hujus
2063 783 2155 819 libri
2173 782 2388 819 institutum
2411 792 2499 831 per-

1439 845 1551 891 tinet,
1571 842 1693 881 Stoici
1718 842 1940 893 philosophi
1960 842 2127 879 carmina
2149 848 2187 879 et
2209 841 2326 879 effata
2349 840 2390 877 in
2406 839 2499 877 lati-

1438 916 1527 941 nam
1543 905 1714 954 linguam
1736 903 1924 942 transtuli.
