2612 3814
22 3326 30 3349 ,ἱ
55 3335 67 3357 .'·

22 3422 27 3423 ⁷
51 3410 69 3437 :¹-

18 3463 41 3486 .'-
58 3467 69 3477 Δ

3 3593 65 3631 ,ff

0 3636 63 3680 5

18 3694 29 3706 ιι
51 3689 70 3711 't

25 3720 29 3728 1
48 3717 71 3730 “,

16 3715 31 3801 *7⁵²

32 958 34 965 s

32 983 40 1025 ,ἑ

32 1072 35 1083 l

961 280 1251 320 DEMOCRth
1283 280 1618 320 FRAGMENTA.

175 418 182 422 .
228 369 383 443 ὕδρευμα
408 367 524 407 καὶτὸ
542 368 577 406 ἔν
597 365 794 419 Ἡρακλεία
817 369 879 405 τοῦ
900 367 1050 408 Πόντου.
1073 369 1095 418 §
1121 375 1181 410 10.
1202 366 1278 411 Ἰὰς

2310 283 2384 319 873

1337 366 1447 406 ὕδατα
1461 366 1517 405 διὰ
1533 369 1600 404 τῶν
1615 365 1781 417 οὐρανίων
1797 365 1945 406 ὑδάτων.
1966 368 1987 416 5
2005 375 2062 406 17.
2080 366 2141 406 Διὸ
2158 382 2216 405 και
2234 366 2390 416 μάλιστα

227 427 304 465 δὲ’
285 429 343 480 αφ’
365 427 508 479 ὑψηλῶν
528 425 643 464 τόπών
662 424 777 476 πηγὰς
806 424 996 477 φερομένας
1027 425 1187 478 λέγουσι,
1220 425 1277 462 διὰ
1303 417 1307 470 1
1337 424 1500 470 αὔξεσθαι
1531 424 1592 468 τὰς
1624 423 1739 475 πηγὰς
1772 424 1853 476 περὶ
1891 424 2091 476 χειμερινὰς
2137 425 2287 475 τροπάς,
2327 441 2387 464 του
2422 456 2425 458 >

227 484 306 529 τους
301 483 589 567 vfiwepxezpe'vouc
606 482 732 528 τόπους
744 513 755 532 ,
776 483 1035 535 παρακειμένου
1055 488 1116 522 τοῦ
1131 471 1307 555 λεγομέ-Ι

228 559 285 583 νου
300 544 466 587 Σαώκους
478 541 575 581 xci*
556 557 693 594 εχοντος
708 544 746 580 οὗ
762 541 899 595 μακρὰν
913 558 973 590 της
986 545 1138 596 κορυφῆς
1153 542 1278 585 τόπους

227 607 368 655 τραχεῖς
389 601 448 643 καὶ
469 600 709 655 φαραγγώδεις
727 601 788 640 καὶ
817 600 1026 651 δυναμένους
1050 601 1094 639 τὰ
1128 602 1277 639 πλεῖστα

227 663 296 699 τῶν
317 660 482 712 οὐρανίων
502 660 637 698 υδοίτων
665 659 843 712 δέχεσθαι.
878 660 900 710 §
937 667 996 700 11.
1018 659 1094 704 Τὰς
1127 658 1189 710 μὲν
1218 653 1276 697 ουν

228 720 428 773 ἐπιῤῥύτους
443 719 558 770 πηγὰς
575 718 743 771 ὑπάρχειν
762 719 1012 771 ἀποφαίνονται
1029 718 1085 758 διὰ
1100 719 1161 763 τὰς
1177 719 1277 766 δεδη-

227 778 388 829 λωμένας
407 779 534 821 αἰτίας.
554 781 653 815 Εἶναι
674 777 709 815 δὲ
725 777 786 815 καὶ
805 780 839 816 ἐν
858 793 928 822 τοις
955 777 1130 821 πλείστοις
1155 777 1278 829 μέρεσι

228 839 289 883 τῆς
308 839 370 887 γ’ἧς
389 836 520 889 φλέὸας
543 835 689 888 ἐχούσας
708 835 814 889 ὕδωρ.
844 837 866 886 §
901 843 959 876 ¹2.
989 837 1158 887 Καθάπερ
1186 836 1276 887 γάρ,

197 924 201 926 v
226 895 334 947 φασί,
355 895 415 934 καὶ
442 894 499 934 ἐπὶ
522 898 591 933 τῶν
624 894 789 948 ἐμψύχων
818 894 993 946 σωμάτων
1023 894 1209 946 συμὸαίνει
1239 894 1278 932 τὸ

227 954 306 992 ὅλον
325 957 429 1004 σῶμα
456 954 561 1007 φλεψὶ
580 953 640 992 καὶ
661 953 841 1006 ἀρτηρίαις
861 955 1056 1007 διειλῆφθαι
1083 953 1276 1005 συνεχέσιν,

228 1012 317 1052 οὕτω
340 1012 401 1051 καὶ
429 1015 462 1052 ἐν
479 1016 523 1064 τῇ
540 1016 585 1065 γῇ
605 1012 731 1058 τόπους
747 1029 784 1051 τε
805 1012 947 1065 ἀραιοὺς
975 1012 1157 1069 ὑπάρχειν,
1179 1012 1279 1064 ἀέρος

227 1072 371 1123 πλήρεις
391 1072 508 1120 ὄντας,
530 1073 590 1110 καὶ
612 1071 741 1124 φλέδας
770 1071 862 1125 ὕδωρ
884 1071 1126 1124 ἐχούσας,καὶ
1153 1070 1188 1108 ἔν
1209 1086 1279 1109 τισι

228 1130 292 1179 μὲν
311 1130 403 1170 πάνυ
428 1130 561 1174 πυκνὰς
580 1125 668 1170 εἶναι
688 1131 747 1169 καὶ
765 1131 809 1169 δι’
831 1132 994 1177 ἀλλήλων
1016 1129 1276 1181 πεπλεγμένας,

227 1189 262 1233 ἔν
292 1205 363 1228 τισι
396 1189 432 1228 δὲ
455 1189 677 1242 ἀραιοτέρας,
700 1183 755 1233 αἷς
785 1189 1028 1241 ἐπιτυγχάνειν
1058 1188 1183 1243 ῥαδίως
1202 1188 1280 1233 τοὺς

226 1248 271 1286 τὰ
285 1248 416 1300 φρέατα
430 1249 637 1300 ὀρύσσοντας
652 1247 708 1285 διὰ
721 1247 760 1286 τὸ
770 1246 900 1294 πλῆθος
912 1248 972 1286 καὶ
985 1247 1048 1294 τὴν
1059 1246 1276 1294 πυκνότητα.

227 1309 250 1357 §
279 1314 337 1346 is.
359 1306 481 1356 Πηγὰς
504 1300 562 1344 οὖν
583 1307 710 1355 ὁμοίως
730 1306 912 1344 καλεῖσθαι
945 1306 1006 1345 καὶ
1038 1306 1098 1350 τὰς
1119 1309 1279 1346 ἀναπτυ-

225 1365 366 1417 χθείσας
378 1367 446 1402 τῶν
460 1364 595 1417 φλεὸῶν
616 1364 672 1402 διὰ
688 1365 727 1403 τὸ
740 1363 1007 1416 παραμονίμους
1024 1358 1126 1414 εἶναι,
1147 1365 1280 1417 μακρό-

225 1427 281 1462 θεν
314 1423 506 1476 φερομένας
538 1424 598 1461 καὶ
630 1424 674 1461 δι’
697 1423 860 1470 ἀλλήλων
878 1423 919 1462 τὸ
951 1423 1042 1476 ὕδωρ
1075 1424 1277 1476 δεχομένας.

224 1484 246 1532 S
288 1490 348 1522 14.
382 1482 539 1525 Λιὸοίδας
571 1482 606 1520 δὲ
629 1483 812 1520 καλεῖσθαι
847 1482 892 1520 τὰ
922 1482 991 1520 ἀπὸ
1024 1485 1093 1521 τῶν
1123 1483 1279 1534 ὂμὸρίων

227 1541 361 1580 ὑδάτων
382 1540 589 1590 διηθούμενα
610 1540 669 1578 καὶ
688 1539 781 1578 κατὰ
800 1542 863 1590 γῆς
886 1541 920 1577 ἐν
939 1541 1090 1591 στεγνοῖς
1105 1540 1165 1578 καὶ
1184 1555 1279 1578 σκιε-

228 1606 296 1650 ροῖς
333 1599 450 1642 τόποις
471 1598 724 1646 ’συνεστηκότα
737 1629 748 1644 ,
769 1598 926 1651 καθάπερ
948 1600 983 1636 ἐν
1019 1599 1168 1650 ἀγγείοις
1182 1629 1195 1648 ,
1230 1599 1278 1647 μὴ

227 1658 363 1710 φλεὸῶν
383 1658 571 1712 ἅποῤῥοίας
597 1657 719 1701 οὔσας·
740 1657 815 1696 ὅθεν
836 1656 912 1696 οὐδὲ
933 1657 1105 1707 διαμένειν
1131 1657 1193 1701 τὰς
1221 1659 1280 1695 λι-

227 1717 356 1765 ὅάδας,
377 1717 467 1755 ἀλλὰ
486 1717 579 1756 πάνυ
597 1716 777 1768 συντόμως
797 1715 984 1766 ἐκλείπειν,
999 1715 1059 1755 ἐὰν
1078 1715 1127 1766 μὴ
1148 1716 1279 1769 σφόδρα

227 1776 383 1825 μεγάλας
394 1774 511 1819 ,αὐτὰς
529 1769 617 1813 εἶναι
637 1775 771 1826 συμὸῇ.
799 1777 820 1826 §
852 1781 911 1814 15.
934 1773 1008 1818 Τὰς
1028 1774 1064 1812 δὲ
1084 1773 1199 1825 πηγὰς
1218 1773 1280 1812 αὔ-

226 1833 343 1877 ξεσθαί
362 1849 398 1872 τε
420 1833 480 1872 καὶ
498 1833 618 1884 λήγειν
637 1832 729 1872 κατὰ
754 1833 817 1880 τὴν
844 1836 904 1871 τοῦ
926 1832 1026 1884 ἀέρος
1059 1833 1278 1885 περίστασιν.

226 1894 247 1942 S
267 1899 283 1932 1
296 1900 332 1932 6.
355 1893 513 1944 Λῦχμῶν
531 1891 592 1941 μὲν
608 1891 676 1944 γὰρ
695 1891 901 1943 γινομένων,
924 1891 982 1930 καὶ
1001 1890 1063 1934 τὰς
1082 1889 1197 1942 πηγὰς
1216 1890 1279 1936 λή-

226 1966 310 2003 γειν·
328 1950 505 2002 ἐπόμὸρου
525 1950 559 1989 δὲ
578 1954 639 1989 τοῦ
660 1950 754 1994 ἔτους
771 1950 885 1997 ὄντος,
902 1949 1121 2001 ἕπαύξεσθαι.
1136 1951 1170 1988 Τ
1173 1950 1279 2003 ροφὴν

223 2006 293 2060 γὰρ
314 2008 521 2058 λαμὸοίνειν,
539 2009 584 2051 ὡς
599 2009 658 2046 καὶ
674 2007 836 2060 ἀνωτέρω
854 2007 1001 2061 ε’ῥρήθη,
1019 2007 1063 2045 τὰ
1077 2009 1156 2046 κατ’
1174 2007 1281 2052 αὐτὰς

225 2118 257 2148 81
269 2116 308 2148 ad
322 2117 507 2149 Heracleam
523 2117 698 2149 Ponticam.
715 2119 815 2149 Porro
831 2126 932 2157 aquas
946 2127 1018 2158 quae
1035 2127 1076 2150 ex
1094 2118 1172 2150 locis
1184 2117 1280 2149 editis

224 2176 423 2216 deferuntur,
436 2176 557 2208 defluos
571 2177 673 2209 fontes
687 2179 814 2217 vocant,
827 2177 922 2218 idque
934 2177 977 2209 ob
992 2178 1280 2218 superincubantes

199 2262 201 2265 ,
227 2235 330 2275 locos,
344 2234 508 2276 adJacente
525 2236 615 2267 verbi
629 2236 728 2276 gratia
743 2237 854 2268 monte
873 2236 928 2278 qui
947 2238 1064 2268 Soaces
1080 2236 1279 2276 nominatur,

225 2295 258 2326 81
277 2294 415 2326 habente
433 2304 495 2326 non
510 2294 604 2335 longe
620 2303 638 2326 a
653 2297 773 2327 vertice
790 2296 876 2327 locos
892 2304 1022 2337 asperos
1035 2296 1067 2327 et
1083 2304 1278 2327 cavernosos

211 2354 256 2384 ⁴et
285 2361 416 2393 capaces
446 2352 592 2393 plurimae
619 2353 760 2386 coelestis
790 2361 896 2395 aquae.
926 2356 1026 2395 „luges
1053 2354 1150 2395 igitur
1177 2354 1280 2386 fontes

227 2412 355 2451 propter
370 2420 483 2444 causas
499 2415 691 2445 memoratas
703 2414 830 2445 exstare
846 2414 1003 2445 statuunt.
1015 2415 1093 2446 Esse
1109 2422 1185 2445 vero
1199 2421 1279 2453 prae-

226 2470 313 2502 terea
329 2469 425 2502 etiam
443 2470 476 2502 in
496 2470 641 2511 plurimis
657 2472 753 2503 181138
768 2471 912 2511 partibus
926 2481 1023 2504 venas
1039 2481 1156 2513 aquam
1175 2472 1277 2504 feren-

229 2531 287 2560 tes.
312 2528 592 2565 Quemadmodum
608 2529 714 2570 enim,
733 2530 899 2571 inquiunt,
914 2530 947 2563 in
975 2531 1057 2563 vivis
1081 2532 1114 2564 et
1130 2532 1279 2564 animatis

196 2606 198 2610 -
226 2586 415 2626 corporibus
446 2587 620 2628 contingit,
639 2590 674 2620 ut
697 2591 800 2621 totum
826 2598 943 2630 corpus
976 2589 1066 2622 venis
1095 2593 1127 2621 et
1144 2590 1280 2623 31181115

228 2645 390 2677 801111111ιί5
418 2645 605 2678 distinctum
624 2647 682 2685 sit,
699 2648 744 2679 sic
771 2647 867 2679 etiam
887 2648 919 2679 in
946 2650 1030 2679 terra
1055 2648 1170 2701 partim
1191 2648 1280 2681 locos

227 2711 314 2735 13105
340 2707 468 2737 exstare
495 2714 615 2746 eosque
642 2714 713 2738 aere
735 2707 865 2747 plenos,
895 2707 1012 2748 partim
1042 2716 1139 2740 venas
1162 2716 1279 2749 aquam

225 2763 427 2795 continentes
449 2772 567 2805 easque
587 2765 619 2796 in
646 2765 714 2797 aliis
743 2765 916 2797 admodum
949 2765 1062 2798 densas
1087 2768 1119 2799 et
1145 2766 1229 2799 inter
1246 2776 1279 2799 se

226 2820 423 2861 implicatas,
439 2821 471 2853 in
491 2822 558 2854 aliis
575 2822 710 2854 rariores
726 2831 814 2862 esse,
832 2832 912 2864 quas
932 2823 1023 2855 facile
1039 2823 1203 2855 offendant
1223 2833 1280 2865 pu-

227 2880 354 2911 teorum
377 2880 512 2912 fossores
531 2880 574 2913 ob
595 2881 834 2914 multitudinem
860 2883 892 2915 et
921 2882 1143 2923 frequentiam.
1162 2884 1279 2915 Fontes

227 2938 322 2981 igitur
331 2939 481 2972 similiter
489 2941 638 2982 appellari
651 2942 745 2973 etiam
756 2942 881 2982 apertas
894 2951 1004 2982 venas,
1017 2945 1183 2983 propterea
1192 2942 1277 2982 quod

225 2997 354 3030 stabiles
384 2999 499 3031 5111181
525 3008 544 3031 e
572 3000 746 3041 longinquo
775 3001 917 3033 ferantur
945 3003 977 3032 et
1005 3009 1060 3042 per
1079 3009 1114 3033 se
1138 3001 1277 3033 invicem

229 3065 346 3097 aquam
361 3057 528 3098 accipiant.
548 3060 589 3091 At
603 3068 679 3091 vero
697 3059 824 3096 nesea:
838 3060 944 3092 vocari
962 3068 1060 3101 aquas
1077 3060 1186 3101 pluvia
1212 3059 1278 3091 stil-

230 3114 330 3147 latitia
344 3117 432 3147 ortas
442 3125 516 3157 quae
532 3117 613 3149 intra
624 3118 741 3149 terram
754 3118 871 3159 opertis
882 3120 914 3150 et
924 3118 1082 3150 umbrosis
1101 3118 1177 3150 locis
1190 3118 1279 3151 velut

227 3172 313 3204 vasis
330 3174 567 3215 contineantur,
581 3185 684 3216 neque
700 3185 855 3208 venarum
871 3176 1000 3209 eflluvia
1017 3176 1097 3216 sint;
1114 3176 1187 3208 inde
1202 3177 1279 3209 acci-

227 3229 326 3271 dere,·
339 3232 377 3263 ut
389 3241 429 3264 ne
448 3235 655 3272 permaneant
671 3234 801 3276 quidem
818 3235 960 3274 ὶιὸάδες,
979 3235 1035 3267 sed
1052 3235 1202 3267 citissime
1220 3235 1273 3267 de-

229 3289 355 3328 ficiant,
371 3290 429 3323 11151
451 3291 532 3324 forte
548 3292 722 3326 admodum
745 3303 870 3335 magnae
886 3296 961 3327 51111.
985 3295 1101 3327 Fontes
1123 3295 1229 3327 autem
1246 3296 1277 3327 et

227 3349 334 3389 augeri
363 3351 396 3382 et
425 3350 568 3384 desinere
590 3361 648 3393 pro
673 3354 756 3386 aeris
783 3348 946 3395 temperie.
969 3353 1174 3386 siccitatibus
1193 3354 1276 3385 8111111

228 3407 367 3448 obortis,
385 3410 488 3441 fontes
507 3418 636 3452 quoque
655 3411 818 3452 desinere,
838 3413 985 3454 pluvioso
1002 3421 1080 3445 vero
1107 3421 1191 3444 anno
1219 3422 1276 3444 au-

228 3474 366 3504 gescere.
384 3469 685 3510 Namquealimenta
695 3480 832 3511 sumere,
844 3471 1036 3513 utsuperius
1046 3472 1141 3504 etiam
1154 3471 1275 3504 dictum

202 3548 207 3555 .
226 3525 450 3563 851,10111111111
471 3536 569 3568 aquas
587 3537 605 3560 e
621 3529 804 3562 coetestibus
820 3530 923 3572 aquis.
952 3533 1115 3572 Quaprop·
1121 3540 1156 3563 er
1178 3531 1274 3564 etiam

1337 484 1400 535 μὲν
1415 483 1514 530 ἡλίου
1534 483 1583 534 μὴ
1595 483 1722 532 ὁμοίως
1739 483 1965 533 ἀκμάζοντος,
1982 498 2050 520 των
2069 483 2104 521 δὲ
2121 483 2262 535 ὅμὸρων
2280 499 2386 536 προσ-

1336 542 1510 590 τιθέντων,
1530 542 1597 581 ὓπὸ
1623 542 1659 582 δὲ
1690 541 1751 585 τὰς
1773 541 1908 593 θερινὰς
1933 540 1993 579 καὶ
2016 544 2076 579 τοῦ
2104 543 2203 585 κυνὸς
2222 541 2286 588 τὴν
2312 544 2391 580 ἐπι-

1337 601 1440 649 τολὴν
1466 600 1664 641 τούναντίον
1696 601 1861 653 πάσχειν.
1883 601 1906 650 5
1932 607 1994 642 18.
2028 600 2327 651 Διαγινώσκεσθαι
2356 600 2391 638 δὲ

1336 659 1397 704 τὰς
1421 659 1666 713 εὖρισκομένας
1687 659 1802 711 πηγὰς
1829 660 1889 697 καὶ
1909 658 1969 702 τὰς
1987 658 2135 702 λιὸοίδας
2159 658 2305 710 τοιούτῳ
2325 659 2391 696 τινὶ

1336 720 1470 772 τρόπῳ.
1505 720 1527 770 5
1562 725 1624 759 19.
1658 717 1736 765 Τὴν
1770 717 1832 769 μὲν
1862 716 1929 769 γὰρ
1961 720 2156 769 εὑρεθεῖσαν
2184 717 2301 768 πηγὴν
2323 718 2392 756 ἀπὸ

1339 779 1463 829 φλεὸὸς
1483 781 1639 828 εὐγενοῦς
1665 776 1802 830 πραέως
1821 776 1882 815 καὶ
1904 776 2101 828 ἀρξαμένην
2133 776 2219 829 ῥέειν
2237 775 2391 814 ἐπίδοσίν

1338 853 1374 876 τε
1396 838 1489 876 κατὰ
1516 836 1638 889 μικρὸν
1668 838 1863 882 ποιεῖσθαι,
1890 835 1951 874 καὶ
1971 835 2036 879 ἔως
2068 835 2157 878 τινὸς
2186 834 2391 882 αὐξηθεῖσαν

1338 896 1511 946 διαμένειν
1536 895 1685 945 ὁμοίως,
1701 893 1723 942 ἢ
1740 895 1802 942 τὴν
1823 894 1931 942 αὐτὴν
1955 893 2047 946 ἔχειν
2066 894 2109 932 δι’
2123 894 2205 932 ὅλου
2226 895 2321 946 ῥύσιν
2347 897 2391 946 τῇ

1337 955 1369 999 ἐξ
1392 957 1503 1007 ἀρχῆς
1520 954 1696 1006 εὑρεθείσῃ
1710 984 1719 1001 ,
1739 953 1780 992 ἂν
1803 953 1887 1003 μήτι
1908 953 2052 1005 ἐλλείπῃ
2068 952 2125 991 διὰ
2142 951 2204 1000 τὴν
2222 956 2280 990 τοῦ
2296 952 2395 1005 ἀέρος

1337 1013 1543 1065 περίστασιν
1559 1013 1581 1060 ἢ
1600 1014 1715 1065 ἐπιθῇ.
1736 1014 1759 1064 5
1779 1019 1841 1052 20.
1860 1012 1935 1056 Τὰς
1955 1011 2104 1055 λιὸάδας
2130 1011 2165 1050 δὲ
2193 1009 2231 1049 οὔ
2251 1026 2336 1064 φασι
2355 1011 2395 1049 τὸ

1337 1073 1456 1123 ομοιον
1488 1073 1615 1121 ποιεῖν,
1649 1071 1726 1110 ἀλλ’
1758 1073 1793 1110 ἔν
1828 1072 1921 1123 ἀρχῇ
1947 1072 2010 1122 μὲν
2039 1071 2187 1123 λοίὸρον,
2216 1070 2276 1108 καὶ
2305 1069 2392 1115 πολὺ

1338 1130 1519 1183 προΐεσθαι
1538 1131 1577 1169 τὸ
1604 1133 1734 1182 ῥεῦμα,
1764 1129 1839 1179 μετ’
1860 1131 1898 1168 οὗ
1915 1129 2023 1168 πολὺν
2046 1129 2082 1167 δὲ
2113 1129 2236 1181 χρόνον
2262 1128 2393 1180 λήγειν.

1338 1191 1448 1240 521.
1477 1191 1554 1228 Οὐκ
1583 1191 1684 1227 ἐῶσιν
1719 1182 1777 1227 οῧν
1811 1190 1853 1239 τῇ
1878 1188 2021 1239 τοιαύτῃ
2058 1187 2172 1240 ῥεύσει
2203 1186 2392 1235 πιστεύειν,

1339 1243 1416 1286 τοὺς
1433 1242 1468 1280 δὲ
1486 1245 1674 1289 ζητοῦντας
1696 1241 1740 1278 τὰ
1759 1241 1870 1278 ὕδατα
1888 1243 2020 1293 πρῶτοι
2032 1241 2094 1290 μὲν
2118 1241 2298 1279 κελεύουσι
2317 1240 2395 1283 τοὺς

1338 1301 1484 1348 τόπους,
1505 1303 1539 1338 ἐν
1559 1294 1608 1344 οἷς
1628 1300 1668 1338 ἂν
1690 1298 1952 1338 ἐπιδοίλλωνται
1977 1302 2106 1346 ζητεῖν,
2136 1299 2395 1351 ἐπιθεωρῆσαι,

1339 1362 1412 1402 πῶς
1431 1359 1551 1412 ἔχουσι
1571 1364 1640 1403 τοῖς
1658 1359 1825 1409 κλίμασι,
1847 1359 1907 1396 καὶ
1928 1357 2020 1396 ποῖοί
2041 1373 2130 1401 τινες
2149 1359 2244 1400 ὄντες
2261 1357 2396 1410 τυγχά-

1338 1434 1457 1463 νουσι,
1477 1417 1634 1466 σημείοις
1656 1416 1859 1470 χρωμένους
1885 1417 1954 1460 τοῖς
1982 1416 2249 1467 δεδηλωμένοις.
2279 1418 2301 1467 5
2327 1424 2391 1456 22.

1341 1477 1413 1517 Καὶ
1432 1477 1490 1516 ἐὰν
1513 1471 1581 1515 ὦσι
1613 1477 1717 1529 πόροι
1735 1476 1821 1529 πρὸς
1851 1475 2054 1528 ε’ξίχνευσιν,
2074 1475 2133 1513 καὶ
2159 1476 2203 1513 τὰ
2223 1475 2315 1513 ἄλλα
2335 1491 2397 1521 ση-

1341 1540 1423 1585 μεῖα
1451 1534 1494 1572 τὰ
1516 1534 1572 1573 διὰ
1604 1537 1674 1572 τῶν
1706 1535 1841 1586 ἐδαφῶν
1865 1535 1924 1572 καὶ
1943 1536 2011 1572 τῶν
2047 1532 2240 1584 φυομένων.
2273 1535 2295 1584 5
2330 1541 2395 1573 23.

1342 1593 1511 1646 Σχοίνους
1525 1609 1562 1632 τε
1581 1592 1648 1647 γὰρ
1665 1593 1857 1646 φυομένους
1868 1623 1878 1640 ,
1896 1592 1984 1636 τινὲς
2001 1592 2222 1644 ὁλοσχοίνους
2237 1594 2396 1638 καλοῦσι,

1340 1654 1400 1691 καὶ
1425 1654 1593 1704 βούτομον
1614 1652 1674 1690 καὶ
1694 1653 1819 1703 βάτους
1837 1651 1898 1690 καὶ
1918 1650 2097 1703 κύπειρον,
2113 1650 2156 1698 ἥν
2170 1667 2259 1694 τινες
2274 1650 2394 1702 ζέρναν

1341 1713 1519 1750 καλοῦσιν·
1543 1711 1593 1750 ἔτι
1615 1710 1651 1750 δὲ
1674 1711 1735 1750 καὶ
1760 1711 1933 1763 ἄγρωστιν
1961 1711 2094 1758 πολλὴν
2128 1710 2189 1749 καὶ
2216 1711 2395 1764 εὔτροφον,

1340 1771 1520 1822 καλάμους
1543 1787 1580 1809 τε
1598 1771 1677 1816 τοὺς
1696 1771 1930 1822 καλουμένους
1950 1770 2133 1822 Ἰνδικούς,
2151 1771 2220 1809 ὑπό
2239 1786 2342 1809 τινων
2361 1770 2396 1808 δὲ

1343 1830 1633 1881 μεστοκαλάμους
1647 1860 1657 1877 ,
1690 1831 1749 1870 ὑπ’
1787 1829 1886 1869 ἐνίων
1918 1829 2065 1882 βαλίτας
2110 1829 2171 1868 καὶ
2208 1829 2396 1882 σύριγγας,

1343 1891 1459 1934 δασεῖς
1481 1890 1541 1928 καὶ
1562 1889 1719 1933 ἁπαλοὺς
1740 1888 1923 1940 σημαίνειν
1942 1889 2061 1943 φασίν,
2081 1891 2126 1931 ὡς
2146 1887 2239 1942 ὕδωρ
2260 1888 2397 1940 ἔχοντος

1341 1953 1401 1987 τοῦ
1421 1948 1539 1988 τόπου.
1566 1951 1587 1999 5
1615 1956 1680 1988 24.
1719 1949 1787 1987 Καὶ
1811 1948 1938 1998 ὁμοίως
1970 1947 2089 1986 κισσὸν
2114 1948 2172 1986 τὸν
2206 1948 2396 1997 θάλλοντα,

1343 2007 1379 2045 ὅν
1412 2023 1500 2052 τινες
1538 2007 1801 2057 μαλακόκισσον
1835 2006 2157 2059 προσαγορεύουσι,
2190 2008 2250 2046 καὶ
2288 2010 2397 2053 συκῆν

1341 2118 1479 2150 maxime
1509 2119 1616 2159 augeri
1650 2119 1751 2150 fontes
1783 2119 1866 2150 circa
1899 2119 2074 2150 solstitium
2107 2118 2299 2157 hibernum,
2328 2119 2398 2150 sole

1339 2178 1469 2219 quidem
1484 2186 1547 2209 non
1563 2177 1710 2209 similiter
1721 2181 1866 2218 urgente,
1878 2177 2034 2209 imbribus
2046 2186 2123 2208 vero
2143 2177 2276 2217 (aliquid
2289 2183 2396 2218 aquae)

1339 2236 1588 2277 adjicientibus:
1602 2235 1662 2268 sub
1675 2236 1824 2268 aestivum
1838 2237 1946 2267 autem
1960 2235 2130 2267 solstitium
2146 2236 2177 2267 et
2195 2235 2283 2267 canis
2302 2244 2396 2267 excr-

1341 2299 1409 2327 tum
1429 2295 1623 2327 contrarium
1647 2295 1685 2327 iis
1701 2294 1856 2327 accidere.
1879 2295 2039 2326 Caeterum
2060 2294 2200 2335 dignosci
2223 2294 2326 2326 fontes
2346 2304 2396 2326 18-

1340 2356 1447 2395 pertos
1464 2357 1496 2386 et
1513 2362 1614 2395 aquas
1632 2355 1815 2393 stagnantes
1835 2353 1974 2394 (ὶιὸάδας
1977 2352 1988 2393 )
2008 2353 2040 2384 111
2060 2353 2145 2384 bunc
2165 2353 2229 2391 fere
2246 2353 2394 2384 modum.

1340 2414 1470 2444 Fontem
1489 2412 1649 2453 repertum
1663 2420 1681 2444 e
1697 2420 1848 2452 generosa
1867 2419 1949 2443 vena
1966 2412 1998 2443 et
2011 2411 2125 2443 18111181
2142 2410 2265 2443 fluere
2257 2411 2396 2452 incipere

1338 2473 1371 2503 et
1398 2471 1552 2512 paulatim
1577 2470 1775 2503 incrementa
1801 2479 1914 2511 capere
1936 2471 1969 2502 et
1995 2470 2035 2502 ad
2064 2471 2184 2502 certam
2211 2479 2394 2502 mensuram

1341 2531 1473 2562 auctum
1493 2530 1525 2562 in
1545 2529 1657 2562 eodem
1683 2530 1769 2562 statu
1795 2538 1920 2570 semper
1942 2537 2146 2570 permanere,
2174 2530 2230 2560 3111
2255 2529 2395 2561 eundem

1343 2591 1494 2629 perpetuo
1506 2587 1629 2620 fluxum
1643 2590 1763 2628 tenere,
1780 2588 1835 2629 qui
1855 2587 1945 2620 initio
1962 2587 2030 2627 fuit,
2045 2596 2146 2628 quum
2162 2587 2392 2628 reperiebatur,

1339 2648 1398 2680 nisi
1418 2648 1460 2680 ob
1477 2648 1560 2680 aeris
1585 2648 1851 2689 temperationem
1876 2649 1932 2679 aut
1957 2647 2083 2679 deficiat
2102 2648 2158 2679 aut
2177 2646 2292 2688 (copiae
2312 2648 2392 2687 suae)

1339 2706 1459 2748 aliquid
1491 2706 1596 2739 addat„
1630 2709 1750 2739 verum
1769 2707 1897 2744 λιὸάδας
1925 2709 2043 2747 negant
2072 2706 2158 2738 idem
2189 2706 2314 2746 facere,
2338 2706 2392 2738 sed

1339 2765 1494 2806 principio
1511 2765 1642 2807 quidem
1656 2765 1803 2807 rapidum
1814 2767 1846 2798 et
1860 2765 1999 2798 multum
2015 2765 2162 2798 emittere
2178 2765 2314 2804 fluxum,
2329 2765 2394 2798 cito

1339 2826 1446 2857 autem
1464 2824 1610 2857 deficere.
1620 2827 1725 2863 Quare
1736 2834 1797 2856 non
1813 2826 2002 2866 permittunt
2014 2824 2172 2864 ejusmodi
2184 2824 2283 2855 fluxui
2297 2823 2393 2856 fidem

1340 2883 1473 2924 habere,
1497 2883 1552 2916 sed
1571 2892 1728 2924 aquarum
1750 2884 1958 2924 vestigatores
1973 2883 2112 2924 primum
2127 2882 2238 2915 locos·
2230 2892 2262 2914 m
2275 2882 2393 2923 quibus

1338 2951 1455 2983 aquam
1467 2951 1611 2983 quaerere
1618 2942 1857 2984 aggrediuntur,
1867 2942 2036 2982 diligenter
2046 2924 2390 2984 contemplarijubent,

1338 3010 1434 3042 quam
1458 3001 1595 3034 habeant
1617 3002 1689 3034 coeli
1713 3001 1951 3034 inclinationem
1968 3004 1999 3034 et
2020 3001 2130 3043 quales
2152 3000 2279 3032 taudem
2308 3000 2391 3039 51111,

1337 3061 1435 3102 signis
1451 3061 1595 3094 indicatis
1616 3062 1754 3094 utentes.
1776 3062 1815 3094 Et
1840 3061 1864 3093 si
1882 3060 2013 3103 quidem
2032 3060 2189 3092 foramina
2212 3058 2390 3092 exstiterint

1337 3120 1376 3153 ad
1395 3120 1670 3162 investigationem
1694 3122 1820 3162 aliaque
1841 3122 1932 3162 sigua
1949 3123 2018 3153 tum
2043 3129 2084 3152 ex
2099 3120 2189 3159 solo,
2207 3121 2278 3151 tum
2293 3128 2330 3151 ex
2348 3118 2391 3150 iis

1337 3188 1410 3220 quae
1426 3174 1499 3212 inde
1515 3181 1608 3211 enata
1621 3181 1707 3211 sunt.
1725 3180 1846 3212 Juncos
1859 3179 1944 3211 8111111
1961 3179 2147 3217 nascentes,
2158 3187 2240 3219 quos
2259 3177 2388 3218 quidam

1337 3237 1488 3269 mariscos
1507 3238 1643 3276 vocant,
1661 3240 1693 3269 et
1709 3237 1881 3269 butomum
1899 3239 1931 3269 et
1947 3237 2044 3270 rubos
2060 3239 2091 3269 et
2105 3245 2277 3278 cyperum,
2292 3244 2388 3276 quam

1336 3295 1466 3336 quidam
1497 3304 1625 3328 zernam
1653 3295 1837 3335 nominant,
1859 3298 2013 3337 praeterea
2034 3304 2163 3336 gramen
2185 3294 2323 3326 multum
2346 3302 2384 3324 ac

1337 3354 1470 3394 pingue,
1493 3354 1718 3396 calamosque,
1746 3364 1828 3396 quos
1848 3355 2010 3396 appellant
2034 3353 2179 3393 Indicos,
2199 3352 2250 3384 3111
2281 3355 2386 3383 31118111

1336 3413 1599 3453 1118510831311105,
1615 3414 1675 3446 1108
1691 3416 1756 3454 851,
1773 3415 1882 3455 plenas
1895 3414 2088 3455 arundines,
2105 3413 2156 3444 alii
2175 3412 2270 3444 etiam
2291 3411 2387 3451 sagit-

1335 3472 1454 3512 tarios,
1474 3472 1613 3513 itemque
1631 3471 1752 3503 fistulas
1769 3471 1883 3502 densas
1900 3473 1931 3503 et
1947 3473 2082 3509 teneras,
2102 3470 2190 3509 signa
2211 3477 2281 3500 8558
2295 3466 2386 3507 aiunt

1337 3531 1396 3563 loci
1410 3540 1527 3573 aquam
1541 3531 1699 3564 habentis.
1721 3531 1871 3563 Similiter
1890 3533 1921 3562 et
1938 3529 2088 3562 hederam
2106 3529 2275 3566 virente-,m
2289 3535 2383 3568 quam
