2612 3814
278 256 351 290 100

271 340 413 378 Verum
434 336 554 375 multa
574 349 662 375 eum
682 335 831 387 ingenii
853 342 1105 374 monumenta
1122 334 1332 386 reliquisse

272 405 446 451 apparet.
467 395 563 435 Nam
586 396 780 446 Diogenes
803 394 982 434 Laertius
1002 392 1061 448 (1)
1089 394 1331 441 testificatur,

273 470 361 495 eum
381 469 520 494 versus
538 455 720 494 heroicos
736 464 774 494 et
793 456 937 506 elegias
951 455 1122 494 edidisse
1137 484 1147 503 ‚
1168 468 1212 494 ac
1231 468 1330 506 prae-

273 527 376 554 terea
395 515 537 554 iambis
556 515 767 554 Hesiodum
789 525 905 567 atque
934 515 1145 554 Homerum
1165 514 1332 553 insecta-

273 586 352 614 tum
366 588 449 614 esse
463 605 472 623 ,
490 588 609 627 quum
628 587 673 613 ea
687 589 774 627 quae
791 575 839 614 de
855 575 932 613 diis
946 574 1128 613 dixerant
1141 574 1328 626 perstrin-

272 643 393 684 geret.
409 635 515 674 Idem
534 634 705 686 scriptor
722 636 776 686 (2)
797 633 1074 686 Xenophanem
1089 633 1333 685 Colophonis

271 705 308 734 et
325 694 445 733 Veliae
469 694 627 734 urbium
649 694 821 744 origines
849 693 1005 732 duobus
1037 692 1215 731 millibus
1240 706 1330 731 ver-

209 784 212 787 >
271 769 384 794 suum
420 763 665 807 persecutum
698 767 782 792 esse
817 753 950 792 refert.
988 751 1222 804 Adjungunt
1259 752 1328 790 alii

271 817 390 855 Sillos
407 824 444 854 et
461 815 648 853 Parodias
669 815 737 866 (3),
756 814 840 851 sive
857 813 1012 852 diversa
1025 812 1108 851 haec
1128 826 1150 851 a
1167 811 1332 863 reliquis

272 875 448 915 carmina
468 875 642 920 fuerunt,
670 874 756 912 sive
779 873 1026 924 reliquorum
1050 881 1194 924 partes.
1216 871 1333 910 Deni-

271 948 348 986 que
375 935 424 974 de
444 933 586 973 Rerum
606 933 751 971 Natura
775 931 921 970 librum
943 931 1076 970 laudat
1096 932 1239 970 Pollux
1256 929 1305 968 Vl
1319 960 1330 981 ,

271 1010 310 1044 9.
334 994 496 1033 Fallitur
512 1001 638 1031 autem
667 991 862 1031 Eusebius
884 990 949 1043 (4),
969 990 1176 1043 physicum
1199 999 1236 1029 et
1255 999 1332 1028 tra-

272 1053 491 1104 goediarum
513 1052 744 1104 scriptorem
772 1050 1052 1103 Xenophanem
1068 1063 1228 1098 vocans,
1251 1050 1330 1089 nisi

272 1112 478 1164 tragoedias
495 1125 541 1150 eo
558 1124 673 1150 sensu
690 1110 839 1163 accepit
852 1139 863 1158 ,
882 1123 961 1162 quo
977 1110 1088 1148 Plato
1110 1110 1164 1161 (5)
1187 1110 1331 1148 Home·

272 1185 357 1210 rum
387 1170 589 1222 tragoediae
607 1170 829 1222 principem
865 1181 950 1207 esse
973 1168 1096 1217 dixit,
1123 1176 1167 1207 ut
1194 1182 1333 1220 poema

270 1243 389 1281 grave
415 1239 530 1282 atque
551 1243 573 1269 a
594 1229 798 1269 comoediae
815 1227 919 1280 jocis
937 1227 1153 1267 abhorrens
1179 1228 1329 1267 intelli-

271 1299 398 1341 gatur.
421 1290 612 1329 Caeterum
627 1288 708 1341 jam
723 1287 772 1327 ab
793 1289 882 1326 aliis
896 1287 1118 1341 improbata
1133 1296 1190 1326 est
1205 1287 1333 1326 Mena-

270 1350 326 1399 gii
345 1349 571 1402 conjectura
589 1349 637 1388 ad
658 1349 823 1399 Diogen.
842 1347 972 1387 Laert.
989 1347 1062 1388 lib.
1083 1346 1152 1396 IX,
1173 1348 1219 1386 18
1238 1362 1332 1400 pro-

270 1409 419 1459 posita,
439 1421 517 1460 qua
530 1407 595 1447 bis
614 1408 717 1461 apud
739 1407 966 1446 Athenaeum
982 1406 1054 1447 lib.
1072 1406 1105 1444 X
1125 1420 1213 1459 pag.
1236 1413 1330 1457 424,

270 1468 300 1505 (ἶ
319 1476 358 1507 et
387 1467 460 1507 lib.
481 1467 575 1506 XIII
605 1482 644 1520 p.
670 1467 763 1516 576,
786 1467 821 1505 D
848 1480 922 1519 pro
940 1465 1147 1519 Ζηνοφάνης
1164 1467 1269 1518 quod
1290 1467 1331 1505 in

271 1527 510 1567 membranis
526 1528 720 1578 reperitur
735 1526 940 1580 Ξενοφάνης
955 1525 1141 1565 substitui
1156 1525 1328 1574 volebat,

270 1588 448 1637 ignotum
476 1586 654 1625 libellum
674 1585 714 1625 τὸ
732 1587 933 1638 συγγενικὸν
954 1585 1189 1637 inscriptum
1217 1585 1331 1637 cujus

271 1647 405 1698 priore
442 1646 531 1685 loco
563 1645 743 1684 meminit
783 1645 995 1684 Athenaeus
1037 1658 1060 1683 a
1085 1645 1331 1697 Xenophane

271 1714 492 1745 contextum
514 1718 598 1744 esse
619 1713 740 1746 ratus.
761 1705 819 1743 Ex
840 1706 977 1756 elegiis
996 1705 1189 1755 Diogenes
1207 1705 1332 1743 Laer—

271 1766 349 1804 tius
379 1764 488 1814 vm,
521 1766 569 1803 36
593 1765 768 1804 servavit
799 1765 1057 1816 fragmentum
1084 1778 1164 1816 quo
1184 1764 1331 1817 Pytha-

271 1838 377 1873 gorae
415 1824 763 1877 metempsychosis
784 1825 1005 1875 exagitatur
1036 1823 1105 1877 (6),
1139 1833 1176 1862 et
1210 1824 1330 1862 alium

271 1883 399 1922 locum
430 1883 636 1923 Athenaeus
656 1883 725 1932 IX,
759 1898 801 1937 p.
828 1885 920 1932 368,
943 1883 975 1921 E
996 1883 1077 1936 (7);
1100 1897 1122 1922 e
1157 1884 1333 1936 parodiis

273 1943 449 1994 quinque
473 1956 609 1982 versus
645 1942 761 1982 habet
793 1943 896 1982 idem
935 1943 1143 1983 Athenaeus
1173 1944 1246 1985 lib.
1276 1945 1329 1993 ΙΙ,

271 2015 312 2052 p.
337 2001 402 2052 54,
433 2001 464 2039 Ε
485 2002 552 2055 (8).
583 2001 615 2039 Ε
646 2000 752 2041 libro
772 2002 820 2041 de
841 2015 971 2041 rerum
1001 2011 1141 2042 natura
1171 2017 1329 2043 versum

272 2060 428 2112 profert
449 2060 627 2100 Stobaeus
646 2061 781 2113 Eclog.
805 2062 922 2115 phys.
943 2062 961 2101 I
990 2077 1026 2116 p.
1059 2069 1136 2115 294
1158 2065 1170 2117 (
1188 2073 1284 2103 toni.
1315 2066 1330 2103 l

272 2136 312 2171 p.
343 2135 416 2159 112
435 2120 498 2161 ed.
517 2120 642 2160 Gaisf.
660 2121 671 2171 )
689 2122 758 2173 qui
776 2122 907 2162 dubiae
919 2114 1162 2163 auctoritatis
1185 2134 1243 2163 est
1266 2125 1329 2179 (9).

271 2181 405 2232 Neque
444 2181 571 2233 pluris
606 2181 825 2220 faciendum
865 2183 970 2234 quod
1010 2183 1155 2222 Pollux
1181 2184 1247 2232 Vl,
1281 2187 1330 2230 46

272 2253 313 2290 p.
337 2239 414 2291 590
435 2253 482 2279 ex
495 2239 630 2279 eodem
647 2241 795 2281 fontein
810 2243 982 2282 medium
998 2243 1112 2282 affert
1131 2243 1224 2298 (ιο).
1245 2246 1327 2284 Cae·

272 2299 347 2338 teri
365 2299 441 2338 loci
459 2299 562 2339 unde
578 2302 696 2340 sumti
709 2302 801 2351 sint,
820 2303 1060 2353 ignoramus.
1076 2299 1331 2357 Xenophanis

273 2358 564 2411 philosophiam
588 2362 771 2413 exposuit
792 2362 1021 2411 Aristoteles
1042 2363 1147 2402 libro
1173 2365 1222 2404 de
1245 2365 1331 2404 Me-

271 2417 382 2465 lisso,
395 2417 632 2471 Xenophane
649 2428 687 2458 et
703 2420 867 2472 Gorgia,
886 2423 955 2474 qui
974 2436 996 2461 a
1015 2423 1131 2463 nobis
1149 2424 1278 2463 editus
1295 2435 1332 2464 et

274 2477 554 2515 commentario
577 2477 796 2519 illustratus
819 2489 886 2520 est.
905 2481 995 2533 Ipsa
1012 2496 1099 2533 quae
1120 2493 1332 2535 supersunt

1003 242 1282 283 PRAEFATIO
1312 242 1380 282 DE
1410 243 1440 281 Χ
1450 241 1748 281 ΕΝΟΡΗΑΝΕ.

1393 332 1569 372 carmina
1590 340 1628 370 et
1646 332 1863 381 fragmenta
1887 329 2074 370 uberiore
2092 330 2360 384 disputatione
2377 345 2457 371 non

1392 399 1522 441 egent.
1541 391 1635 431 Haec
1657 390 1810 443 primus
1831 389 2017 441 colligere
2036 390 2207 429 instituit
2228 390 2350 430 Henr.
2370 390 2457 430 Ste-

1393 451 1546 503 phanus
1566 451 1608 489 in
1632 450 1747 488 Poesi
1771 449 2069 502 philosophica,
2090 450 2157 489 sed
2182 450 2328 489 omissa
2347 451 2456 491 omni

1392 510 1657 562 explicatione
1675 518 1714 548 et
1733 509 1922 548 doctrinae
1938 518 2143 562 apparatu.
2160 509 2275 556 Quod
2295 510 2455 550 inchoa·

1392 578 1503 609 verat
1515 570 1578 608 vir
1597 568 1922 621 incomparabilis
1937 568 2093 608 duobus
2111 570 2264 609 saeculis
2285 578 2374 623 post
2388 570 2459 610 alii

1393 630 1580 681 perficere
1595 637 1808 668 tentarunt.
1825 628 2003 681 Namque
2023 628 2167 680 Georg.
2189 629 2304 669 Gust.
2326 629 2458 670 Fiille·

1392 689 1558 728 bornius
1572 690 1613 728 in
1629 688 1749 728 Silvis
1766 688 1968 728 historicis
1984 697 2021 727 et
2036 688 2325 741 philosophicis
2345 690 2460 741 (Ber-

1392 761 1510 803 troege
1539 767 1608 791 zur
1632 752 1855 790 GeschIclue
1885 753 1956 788 der
1978 750 2242 805 Philosophie)
2255 781 2266 798 ,
2287 751 2397 791 Jenae
2422 761 2461 791 et

1392 811 1553 864 Lipsiae,
1574 812 1690 863 1799)
1710 810 1864 850 easdem
1884 809 2139 863 Xenophanis
2159 811 2380 851 carminum
2398 825 2458 851 re-

1393 872 1540 924 liquias
1560 872 1779 923 recensuit,
1799 870 1867 910 sed
1885 870 2087 923 copiosius
2108 879 2146 910 et
2163 870 2319 910 doctius
2334 871 2459 910 inter·

1394 941 1569 985 pretatus
1597 940 1655 970 est
1683 930 1780 971 Chr.
1825 937 1925 981 Aug.
1961 930 2218 980 Brandisius,
2254 929 2459 983 divulgata

1395 991 1781 1030 Commentationum
1802 989 2062 1028 Eleaticarum
2084 998 2196 1043 parte
2214 989 2346 1042 prima
2361 1019 2372 1039 ,
2395 990 2464 1030 Al-

1395 1060 1497 1089 tonae
1526 1052 1645 1099 1813,
1669 1051 1712 1089 in
1738 1062 1815 1102 qua
1844 1048 2122 1102 Xenophanis‚
2143 1049 2395 1089 Parmenidis
2423 1058 2462 1089 et

1396 1110 1544 1149 Melissi
1565 1110 1816 1162 disciplinam
1837 1109 2111 1161 rationemque
2134 1108 2324 1148 adhibitis
2351 1109 2460 1163 ipso-

1396 1183 1482 1208 rum
1514 1170 1644 1208 effatis
1670 1169 1912 1221 explanavit.
1947 1169 2018 1207 His
2045 1177 2294 1213 accesserunt
2324 1168 2464 1209 Victor

1393 1229 1591 1268 Cousinus
1618 1237 1657 1268 et
1685 1228 1823 1267 Simon
1857 1227 2110 1276 Karstenius‚
2140 1241 2311 1280 quorum
2331 1227 2401 1268 ille
2419 1227 2462 1268 in

1397 1289 1692 1339 elegantissimo
1727 1287 2051 1339 Fragmentorum
2090 1287 2462 1341 philosophicorum

1394 1348 1596 1386 volumine
1618 1347 1854 1398 (Nouveaux
1875 1350 2105 1397 Fragments
2117 1348 2456 1399 philosophique-5,

1394 1409 1559 1447 Parisiis
1580 1423 1592 1445 1
1603 1408 1694 1460 828)
1706 1420 1794 1460 pag.
1807 1407 1922 1459 9-95,
1941 1407 1989 1446 de
2002 1407 2258 1460 Xenophanis
2271 1408 2369 1456 vita,
2380 1416 2461 1448 stu-

1393 1469 1490 1516 diis,
1507 1467 1690 1507 doctrina
1718 1467 1852 1506 dedita
1876 1481 1996 1520 opera
2015 1468 2119 1518 egit,
2147 1467 2213 1507 hic
2231 1467 2462 1521 philosophi

1394 1529 1499 1568 dicta
1518 1538 1555 1568 et
1574 1542 1712 1568 versus
1724 1528 1882 1581 plenius
1896 1528 2055 1579 collegit
2071 1526 2236 1580 adjectis
2252 1527 2352 1567 locis
2367 1541 2465 1580 quo·

1394 1603 1481 1627 rum
1505 1589 1727 1641 Stephanus
1741 1588 1890 1641 aliique
1906 1589 2156 1627 immemores
2170 1587 2338 1628 fuerant.
2353 1587 2465 1626 Adde

1393 1647 1499 1699 quod
1517 1648 1565 1686 de
1579 1647 1820 1700 Colophonii
1838 1656 1964 1700 poetae
1980 1648 2082 1696 vita,
2103 1647 2264 1700 scriptis
2279 1655 2318 1686 et
2333 1647 2463 1700 philo·

1393 1706 1534 1758 sophia
1553 1706 1798 1745 abundanter
1817 1715 1856 1745 et
1885 1706 2039 1746 erudite
2058 1707 2247 1745 disseruit
2269 1706 2303 1759 (ι
2316 1705 2364 1759 1).
2391 1706 2464 1745 Se-

1395 1775 1483 1804 cuta
1515 1774 1573 1804 est
1606 1766 1752 1818 duplex
1788 1766 1911 1805 editio
1942 1775 2076 1806 nostra
2091 1797 2102 1814 ‚
2133 1766 2247 1818 prior
2285 1765 2464 1805 Berolini

1398 1839 1503 1864 anno
1536 1826 1637 1870 1845
1659 1826 1934 1878 promulgata,
1959 1827 2158 1879 posterior
2183 1826 2266 1865 haec
2287 1825 2336 1865 ad
2356 1839 2463 1879 prae·-

1394 1885 1516 1924 sentis
1537 1885 1672 1938 operis
1699 1885 1924 1924 institutum
1946 1885 2254 1926 accommodata.
2272 1885 2467 1933 Quamvis

1395 1954 1524 1984 autem
1545 1945 1586 1984 in
1617 1945 1903 1998 Xenophanis‚*
1925 1946 2195 1994 Parmenidis,
2212 1945 2364 1985 Melissi
2386 1945 2465 1985 fra-

1393 2003 1595 2056 gminibus
1615 2018 1703 2057 quae
1719 2018 1843 2057 prope
1861 2006 1995 2044 omnia
2011 2006 2212 2044 intellectu
2229 2005 2360 2044 facilia
2372 2014 2464 2045 sunt

1394 2065 1553 2118 copiose
1582 2065 1828 2117 explicandis
1863 2079 2024 2117 operam
2056 2078 2207 2117 ponere
2234 2065 2460 2118 noluerim,

1392 2125 1493 2163 nihil
1514 2134 1643 2164 tamen
1658 2124 1813 2175 neglexi
1830 2138 1910 2177 quo
1930 2125 2016 2177 ipsa
2029 2123 2361 2177 philosophorum
2376 2137 2465 2164 ora·

1393 2186 1450 2224 tio
1468 2183 1715 2224 Fiillebornii
1728 2213 1740 2233 ‚
1757 2183 1955 2223 Brandisii
1970 2214 1980 2234 ,
2000 2184 2200 2223 Karstenii
2214 2184 2468 2237 aliorumque

1392 2245 1570 2284 virorum
1616 2244 1822 2283 doctorum
1856 2244 1988 2283 studio
2022 2243 2206 2296 pluribus
2242 2243 2351 2283 locis'
2374 2243 2460 2296 jam

1393 2305 1597 2345 emendata
1614 2305 1738 2355 magis
1752 2304 1868 2342 etiam
1888 2304 2147 2357 expoliretur.
2166 2303 2363 2342 Praeterea
2381 2316 2461 2356 qua

1393 2364 1600 2416 diligentia
1616 2363 1664 2402 ad
1681 2363 1859 2403 ornanda
1879 2364 1963 2402 haec
1987 2363 2108 2402 laceri
2128 2362 2315 2415 corporis
2335 2375 2462 2401 mem·

1392 2424 1467 2464 bra
1482 2423 1671 2471 incubui,
1689 2423 1824 2462 eadem
1847 2424 1890 2463 in
1910 2424 2080 2474 singulis
2098 2423 2280 2476 partibus
2295 2435 2318 2462 e
2333 2435 2466 2474 graeco

1393 2485 1435 2523 in
1456 2485 1623 2523 latinum
1636 2497 1857 2523 sermonem
1876 2483 2079 2523 vertendis
2094 2496 2190 2522 usus
2205 2496 2305 2522 sum.

317 2624 363 2663 (1)
385 2624 476 2665 Diog.
498 2626 604 2658 Laert.
624 2627 647 2659 l.
668 2635 696 2659 c.
717 2636 726 2656 2
746 2629 882 2670 Γέγραφε
903 2629 936 2662 δὲ
950 2631 1004 2662 καὶ
1022 2631 1053 2663 ἐν
1070 2631 1179 2671 ἔπεσι,
1196 2633 1251 2664 καὶ
1268 2633 1332 2665 ἐλε-

275 2670 360 2709 γείας
378 2671 431 2702 καὶ
454 2671 584 2714 ἰάμὸους
603 2674 672 2706 καθ’
697 2675 846 2708 Ἡσιόδου
873 2678 927 2709 καὶ
956 2678 1096 2720 Ὁμήρου
1109 2704 1118 2719 ,
1143 2680 1326 2712 ἐπικόπτων

274 2717 378 2748 αὐτῶν
397 2717 436 2749 τὰ
450 2719 517 2760 περὶ
533 2719 609 2751 θεῶν
624 2721 780 2762 εἰρημένα.

317 2763 363 2805 (2)
380 2764 473 2805 Diog.
496 2767 600 2799 Laert.
615 2767 674 2808 IX,
695 2772 735 2801 20
757 2779 764 2801 :
782 2768 935 2809 Ἐποίησε
948 2772 980 2804 δὲ
994 2774 1047 2805 καὶ
1067 2775 1252 2815 Κολοφῶνος
1271 2775 1334 2808 κτί-

275 2823 328 2890 <xpi
338 2835 347 2851 ‚
367 2812 421 2844 καὶ
440 2812 495 2845 τὸν
523 2814 566 2851 εἷς
586 2813 694 2847 Ἐλέαν
718 2820 772 2856 τῆς
799 2816 935 2856 Ἰταλίας
953 2819 1144 2863 ἀποικισμόν
1157 2846 1165 2862 ,
1190 2822 1251 2861 ἔπη
1268 2823 1332 2855 δισ-

275 2869 308 2900 χι
329 2869 373 2891 ια.

319 2906 364 2947 (3)
380 2907 496 2940 Strabo
512 2907 567 2940 lib.
584 2909 675 2950 xlv,
687 2915 727 2943 28
743 2919 811 2952 pag.
827 2914 887 2945 643
904 2913 955 2946 ed.
970 2914 1108 2948 casaub.
1127 2929 1136 2949 ι
1158 2917 1334 2959 Ξενοφάνης

276 2955 293 2985 ὀ
310 2953 438 2995 φυσικός
449 2979 458 2993 ,
472 2955 491 2987 ὁ
512 2955 584 2993 τοὺς
598 2956 721 2995 σίλλους
737 2959 872 2998 ποιήσας
891 2961 943 2992 διὰ
962 2963 1160 3004 ποιημάτων.
1184 2966 1331 2998 eustath.

276 3001 316 3033 ad
337 3001 428 3034 Iliad.
443 3002 499 3035 lib.
517 3005 551 3036 11
574 3013 606 3045 p.
625 3007 683 3038 154
703 3019 711 3038 ι
730 3005 804 3039 Ὅτι
820 3007 858 3040 οὗ
874 3009 968 3050 μόνον
987 3010 1164 3053 Ξενοφάνης
1180 3014 1335 3053 πεποίηκε

277 3049 402 3087 σίλλους
418 3049 450 3082 ἐν
475 3050 521 3088 οἷς
541 3051 730 3094 εὐδοκίμησε
751 3055 818 3087 κτλ.
841 3056 1016 3090 Atlienaeus
1047 3059 1101 3091 lib.
1125 3062 1154 3092 li
1184 3069 1252 3102 pag.
1278 3065 1333 3103 54,

280 3099 302 3126 li
328 3108 336 3127 ε
355 3095 535 3138 Ξενοφάνης
548 3099 565 3131 ὁ
585 3099 783 3141 Κολοφώνιος
803 3100 835 3134 ἐν
854 3104 1024 3146 παρῳδίαις
1046 3106 1115 3138 κτλ.
1134 3107 1184 3139 cf.
1205 3109 1331 3150 Menag.

278 3143 317 3174 ad
333 3143 424 3184 Diog.
442 3146 550 3178 Laert.
573 3148 632 3187 lX,
655 3150 704 3180 18.

321 3190 377 3232 (4)
397 3191 553 3225 Eusebius
576 3195 699 3227 canon.
727 3195 871 3231 chronic.
895 3198 934 3230 ad
964 3199 1154 3241 Olympsso
1175 3211 1248 3235 ann.
1272 3208 1290 3236 2
1325 3213 1333 3235 :

278 3238 463 3290 ιἵζωκυλίδης
497 3240 550 3272 καὶ
593 3241 772 3284 Ξενοφάνης
811 3246 943 3286 φυσικὸς
975 3248 1210 3290 τραγῳδοποιὸς
1236 3251 1336 3292 ἐγνω-

278 3287 387 3325 ριζετο.

322 3332 366 3373 (5)
391 3332 485 3366 Plato
503 3334 671 3369 'theaetet
688 3345 722 3379 p.
749 3339 823 3371 152.
845 3341 872 3372 E
890 3348 898 3367 ι
919 3341 981 3373 Καὶ
1000 3342 1069 3383 περὶ
1087 3342 1202 3376 τούτου
1224 3343 1336 3382 πάντες

279 3378 346 3417 ἑξῆς
362 3381 390 3411 οἱ
412 3380 522 3423 σοφοί,
543 3382 624 3421 πλὴν
642 3382 860 3426 Παρμενίδου,
886 3385 1109 3431 ξυμφέρεσθον,
1127 3391 1336 3433 Πρωταγόρας

1398 2644 1431 2666 τε
1457 2635 1511 2665 καὶ
1531 2634 1733 2676 Ἡράκλειτος
1761 2634 1815 2666 καὶ
1835 2633 2052 2675 Ἐμπεδοκλῆς
2065 2658 2073 2672 ,
2101 2633 2156 2665 καὶ
2174 2635 2238 2665 τῶν
2270 2634 2412 2670 ποιητῶν
2433 2631 2467 2665 οἱ

1398 2681 1490 2724 ἄκροι
1527 2686 1582 2721 τῆς
1603 2683 1764 2720 ποιήσεως
1781 2682 1951 2725 ἑκατέρας·
1977 2681 2149 2723 κωμῳδίας
2170 2681 2226 2722 μὲν
2241 2679 2463 2723 Ἐπίχαρμος,

1398 2729 1576 2772 τραγῳδίας
1593 2729 1625 2762 δὲ
1641 2730 1784 2772 Ὄμηρος
1800 2730 1870 2763 κτλ.

1440 2778 1490 2818 (6)
1509 2777 1586 2810 Vid.
1607 2777 1722 2818 fragm.
1745 2782 1795 2810 18.

1439 2825 1485 2865 (7)
1502 2826 1633 2866 Fragm.
1653 2829 1706 2858 22.

1440 2874 1485 2913 (8)
1501 2874 1628 2913 Fragm.
1657 2874 1706 2904 17.

1440 2920 1486 2962 (9)
1507 2920 1589 2952 Vide
1611 2928 1688 2961 quac
1710 2918 1777 2952 dixi
1792 2917 1831 2950 ad
1854 2918 1967 2958 fragm.
1988 2920 2019 2951 8.

1440 2967 1508 3010 (to)
1528 2967 1604 3001 Vid.
1621 2968 1734 3009 fragm.
1752 2966 1865 2999 incert.
1882 2970 1914 2999 2.

1440 3015 1507 3057 (11)
1527 3015 1801 3057 Philosophorum
1819 3021 1996 3054 graecorum
2019 3013 2187 3052 vetorum,
2206 3010 2388 3053 praesertim
2403 3011 2463 3053 qui

1396 3064 1472 3096 ante
1489 3063 1657 3096 Platonem
1680 3062 1882 3100 floruerunt,
1902 3068 2038 3102 operum
2061 3059 2220 3100 reliquiae.
2234 3057 2411 3090 Recensnit
2429 3059 2465 3091 et

1397 3111 1571 3144 illustravit
1590 3113 1702 3144 Simon
1715 3110 1869 3142 Karsten.
1884 3107 2047 3140 volumen
2062 3108 2089 3148 1,
2105 3115 2178 3147 pars
2193 3107 2220 3138 Ι.
2236 3104 2462 3146 xenophanes.

1399 3158 1651 3200 Amstelodami,
1667 3156 1830 3190 sumtibus
1846 3158 1877 3189 J.
1898 3155 2024 3188 Miilleri
2042 3157 2075 3187 et
2095 3163 2164 3186 soc.
2190 3155 2284 3186 1830.
2305 3152 2463 3185 Aristote-

1399 3205 1438 3237 lis
1456 3205 1497 3238 de
1523 3205 1673 3245 Mehsso,
1696 3203 1895 3245 Xenophane
1924 3204 1957 3234 et
1974 3202 2094 3242 Gorgia
2119 3199 2357 3241 disputationes
2387 3207 2465 3231 cum

1398 3251 1618 3284 Eleaticornm
1650 3251 1918 3293 philosophorum
1949 3249 2137 3290 fragmentis
2164 3251 2197 3281 et
2219 3247 2322 3280 Ocelli
2343 3247 2463 3280 Lucani

1399 3299 1456 3340 qui
1478 3299 1582 3332 fertur
1609 3299 1651 3332 de
1672 3298 1813 3331 universi
1837 3301 1957 3330 natura
1985 3297 2093 3329 libello
2121 3295 2321 3336 conjunctim
2338 3293 2461 3333 edidit,

1399 3345 1577 3386 recensuit,
1606 3345 1837 3387 interpretatus
1855 3346 1903 3378 est
1926 3346 1961 3377 F.
1992 3345 2032 3376 G.
2055 3347 2093 3376 Α.
2127 3342 2335 3376 Multae-hius.
2361 3342 2463 3375 Bero-

1397 3393 1452 3425 lini
1465 3418 1475 3434 ‚
1494 3395 1584 3427 1845.

1196 3528 1573 3552 ψ
