2612 3814
299 290 370 324 28⁴.-

292 386 359 415 τως
379 368 419 408 ἂν
440 367 535 421 {loq
556 366 639 413 ἴσως
659 366 725 407 κᾶν
746 366 832 421 φαίη
853 382 904 411 τις
925 364 1058 415 τούτοις
1073 366 1226 405 ἐναντία.
1250 365 1343 405 Οὔτε

254 446 272 472 ι
288 429 355 482 γὰρ
370 428 504 476 δείξας,
519 427 571 467 ὅτι
591 428 609 467 ὅ
633 426 675 474 θὴ
693 427 774 473 δόξα
795 428 853 481 ἀφ’
869 420 911 473 ἧς
925 426 1094 479 ἄρχεται,
1111 424 1189 465 οὔτε
1210 426 1344 475 μᾶλλον

293 481 482 537 βέὸαιον,ἢ
502 481 582 534 περὶ
623 498 638 527 ς
656 480 824 530 δείκνυσι,
844 479 965 519 λαὸὼν
982 479 1158 532 διελέχθη.
1199 479 1344 518 Μᾶλλον

291 542 357 596 γὰρ
383 540 676 591 ὑπολαμὸάνεται
706 539 797 585 εἰκὸς
814 533 902 579 εἶναι
921 538 1100 591 γίγνεσθαι
1126 540 1166 578 ἐκ
1184 538 1233 588 μὴ
1251 537 1347 581 ὄντος

290 595 314 644 ἢ
331 595 381 648 μὴ
391 595 506 636 πολλὰ
527 589 626 634 εἶναι.
684 592 834 645 Λέγεταί
850 608 888 632 τε
907 593 966 631 καὶ
981 591 1115 646 σφόδρα
1134 591 1221 643 ὑπὲρ
1232 592 1345 630 αὐτῶν

290 653 471 708 γίγνεσθαί
496 669 533 693 τε
558 653 601 693 τὰ
626 652 676 706 μὴ
692 652 788 701 ὄντα,
815 652 874 691 καὶ
893 650 1072 703 γεγονέναι
1093 650 1210 690 πολλὰ
1235 652 1274 690 ἐκ
1296 649 1345 701 μὴ

240 725 274 752 10
291 714 417 765 ὄντων,
432 713 493 753 καὶ
507 714 573 766 οὐχ
585 712 637 751 ὅτι
649 713 680 752 οἱ
694 710 939 764 τυγχάνοντες,
958 709 1050 749 ἀλλὰ
1066 709 1126 748 καὶ
1137 711 1206 748 τῶν
1225 708 1345 754 δοξάν-

290 790 359 814 των
378 773 467 818 τινὲς
486 767 573 812 εἶναι
601 775 715 824 σοφῶν
745 770 940 824 εἰρήκασιν.
1000 770 1136 810 Αὐτίκα
1161 769 1203 817 δὴ
1222 768 1345 809 ‘Heio-

291 831 346 873 δος
365 846 381 861 ι
392 827 533 867 πάντων
554 826 617 878 μὲν
634 825 815 878 πρώτιστα
834 842 849 858 υ
862 823 971 877 φησὶκ
985 825 1072 876 χάος
1088 822 1212 875 γένετ’,
1234 823 1346 876 αὐτὰρ

1318 883 1344 898 R!

291 888 410 927 ἔπειτα
431 887 505 939 γαῖ’
520 885 748 939 εὐρύστερνος,
760 884 900 922 πάντων
919 883 992 927 ἕδος
1013 882 1167 937 ἀσφαλὲς
1182 882 1251 922 αἰεί
1262 913 1272 928 ,
1288 885 1332 929 ἠο

351 1003 381 1033 4.
407 1001 489 1033 Οὔτε
506 999 564 1041 γὰρ
586 1000 695 1038 δείξας,
711 998 759 1030 ὅτι
784 997 858 1039 ὀρθὴ
880 997 956 1034 δόξα
977 996 1027 1037 ἀφ’
1051 995 1088 1035 ἧς
1108 996 1249 1037 ἄρχεται,
1272 995 1345 1028 οὔτε

291 1050 405 1090 μᾶλλον
429 1047 552 1089 βέὅαιον
571 1046 719 1086 (intellige
748 1044 850 1086 δόξαν)
866 1046 886 1084 ἢ
912 1045 979 1086 περὶ
1006 1043 1042 1083 ἧς
1063 1044 1212 1082 δείκνυσι,
1227 1044 1345 1082 λαθών,

291 1096 439 1137 διελέχθη.
483 1095 554 1126 Non
583 1093 665 1125 male
687 1092 870 1125 Felicianus
888 1104 897 1124 ι
916 1104 932 1120 «
952 1101 1058 1134 neque
1083 1092 1169 1124 enim
1201 1092 1256 1124 ubi
1287 1091 1346 1124 de-

290 1141 481 1176 monstravit
507 1141 629 1174 rectam
650 1149 719 1173 esse
748 1139 947 1181 opinionem,
970 1148 990 1171 a
1010 1148 1075 1181 qua
1091 1139 1215 1180 incipit,
1241 1148 1347 1181 neque

289 1190 388 1232 magis
403 1190 537 1229 certam,
561 1197 659 1230 quam
677 1188 717 1221 de
736 1197 800 1229 qua
820 1187 1034 1227 demonstrat,
1051 1187 1223 1225 sumendo.
1244 1187 1346 1221 disse·

288 1238 363 1272 ruit.
382 1250 399 1267 u
443 1238 506 1270 Sed
522 1236 649 1278 planius
674 1235 704 1267 id
728 1234 815 1276 quod
834 1235 1045 1277 philosophus
1062 1235 1115 1267 hic
1145 1234 1190 1267 ait
1215 1235 1260 1268 ita
1279 1235 1347 1268 elo-

287 1285 414 1328 quaris:
426 1297 442 1313 a
452 1284 596 1317 Melissus
608 1282 693 1316 enim
706 1282 813 1315 statim
826 1283 1066 1323 argumentatus
1076 1284 1138 1320 est.
1153 1281 1198 1314 ita
1207 1283 1243 1314 ut
1258 1281 1348 1323 prius

288 1341 393 1374 neque
411 1331 646 1364 demonstraret
666 1331 787 1362 rectam
806 1337 876 1362 esse
892 1329 1078 1371 opinionem
1101 1338 1121 1361 a
1139 1338 1205 1370 qua
1221 1329 1345 1370 incipe·

290 1381 351 1420 ret,
368 1387 474 1421 neque
485 1378 654 1411 certiorem
671 1378 816 1410 sumeret
830 1377 1032 1418 opinionem,
1054 1385 1153 1418 quam
1173 1386 1211 1409 ea
1227 1379 1290 1418 est,
1304 1377 1344 1409 ad

290 1436 387 1469 quam
419 1427 489 1468 ejus
512 1425 743 1459 demonstratio
768 1427 903 1466 spectat.
922 1437 939 1453 2»
986 1426 1134 1463 Quorum
1167 1424 1343 1457 verborum

290 1484 402 1509 sensus
419 1484 481 1508 non
498 1474 559 1506 erit
574 1473 743 1514 obscurus,
760 1473 785 1505 si
802 1472 873 1514 quis
884 1481 921 1505 ea
937 1481 1010 1514 quae
1030 1481 1059 1513 p.
1072 1475 1147 1506 974.
1169 1472 1203 1506 0.
1229 1475 1264 1505 15
1276 1481 1344 1515 seq.

289 1522 376 1554 dicta
393 1523 469 1554 sunt
485 1530 596 1554 secum
619 1521 826 1562 reputaverit.
875 1520 1040 1553 Desiderat
1070 1520 1166 1560 igitur
1188 1519 1347 1553 Aristote-

290 1570 336 1602 les
350 1571 381 1602 in
397 1570 525 1602 Melisso
537 1577 645 1602 veram
654 1568 840 1609 disputandi
851 1568 1066 1601 subtilitatem
1079 1576 1117 1600 ac
1134 1568 1346 1600 necessariam

289 1617 375 1650 illam
402 1616 597 1658 philosophis
614 1614 827 1647 ratiocinandi
848 1615 943 1652 viam.
967 1624 1032 1657 qua
1050 1625 1069 1648 a
1086 1616 1182 1648 certis
1203 1618 1260 1649 aut
1277 1626 1346 1658 pro·

290 1664 448 1697 habilibus
471 1664 569 1696 initiis
588 1663 722 1706 profecti
743 1663 783 1695 ad
800 1663 862 1695 alia
879 1663 1028 1705 progredi
1045 1664 1194 1697 debeant.

330 1707 518 1747 6..Μᾶλ>.ον’
532 1712 590 1755 γὰρ
606 1711 795 1753 λαμὸάνεται
812 1711 894 1749 εἰκὸς
909 1711 986 1744 εἶναι
999 1712 1138 1753 γίνεσθαι
1152 1713 1188 1745 ἐκ
1202 1713 1244 1754 μὴ
1261 1712 1348 1750 ὄντος

288 1763 308 1800 ἢ
322 1762 365 1802 μὴ
382 1761 482 1794 πολλὰ
493 1761 589 1793 sivae:
604 1760 648 1792 ita
669 1759 700 1792 in
711 1759 852 1800 vulgatis
868 1760 1109 1801 exemplaribus
1128 1760 1200 1794 haec
1216 1769 1349 1793 exaran-

290 1812 353 1841 tur.
400 1811 434 1842 ln
462 1808 534 1841 cod.
562 1808 649 1849 Lips.
680 1816 738 1850 pro
766 1808 957 1849 λαμὸάνεται
987 1808 1069 1842 bene
1094 1808 1348 1851 ὑπολαμῧοίνεται

288 1857 443 1897 scriptum
457 1857 519 1895 est,
540 1855 594 1888 sed
612 1855 698 1897 quod
717 1856 863 1896 sequitur
879 1856 906 1888 εἰ
923 1856 966 1896 μή
989 1856 1089 1888 πολλὰ
1109 1865 1166 1898 pro
1182 1858 1350 1899 scripturae

290 1903 407 1937 mendo
430 1903 624 1935 habendum.
670 1903 835 1935 Sententia
853 1903 909 1935 vix
922 1907 993 1945 eget
1015 1904 1240 1945 explicatione.
1283 1907 1349 1938 Ma·

289 1953 349 1993 gis.
373 1952 490 1993 inquit,
512 1952 607 1992 vulgo
632 1950 796 1992 probabile
813 1951 944 1984 ducitur
963 1952 1030 1985 lieri
1054 1953 1176 1994 aliquid
1198 1962 1217 1987 e
1233 1954 1347 1995 nihile,

290 2009 387 2042 quam
404 2008 469 2032 non
487 2008 555 2032 esse
571 1999 629 2032 nisi
645 2008 746 2031 unum
763 1999 795 2031 in
813 1999 875 2032 hoc
894 2009 1000 2033 rerum
1019 2002 1144 2034 naturae
1158 2010 1305 2044 corpore.

332 2053 363 2083 7.
393 2048 526 2089 Λέγεταί
546 2059 580 2081 τε
600 2048 653 2080 καὶ
672 2047 791 2090 σφόδρα
804 2049 882 2090 ὑπὲρ
903 2049 1007 2082 αὐτῶν
1024 2049 1184 2091 γίγνεσθαί
1200 2062 1235 2083 τε
1250 2051 1290 2083 τὰ
1307 2052 1350 2091 μή

290 2097 364 2129 ὄντα
376 2097 430 2128 καὶ
444 2096 487 2137 μή
503 2095 661 2136 γεγονέναι
673 2095 773 2127 πολλὰ
785 2095 820 2127 ἐκ
838 2096 880 2136 μὴ
888 2096 1002 2128 ὄντων.
1050 2098 1097 2128 na
1109 2105 1222 2129 omnes
1238 2097 1349 2137 codd.;

289 2143 343 2176 sed
364 2143 536 2176 delendum
558 2144 607 2174 est
623 2143 666 2183 μὴ
683 2145 758 2175 ante
785 2143 942 2183 γεγονέναι
961 2152 1036 2175 cum
1066 2143 1251 2185 Spaldingio
1264 2169 1273 2185 ‚
1293 2145 1349 2185 qui

292 2193 377 2225 recte
397 2191 477 2223 vidit
497 2190 725 2232 philosophum
746 2189 853 2223 dicere
874 2203 880 2223 :
900 2203 915 2219 α
930 2191 1008 2232 quin
1030 2191 1230 2224 confidenter
1249 2192 1290 2224 de
1313 2193 1350 2224 iis

290 2241 496 2279 asseverant,
522 2238 588 2271 lieri
613 2246 688 2280 quae
706 2245 769 2270 non
789 2241 867 2271 sunt
886 2240 918 2271 et
937 2238 1103 2271 exstitisse
1134 2239 1237 2272 multa
1255 2248 1273 2272 e
1298 2240 1349 2272 ni·

291 2286 368 2318 11110.
385 2299 401 2315 u

335 2337 385 2366 10.
406 2333 509 2374 Vulgo
530 2333 681 2370 δοξάντων
697 2333 776 2365 εἶναι
793 2337 898 2375 σοφῶν
916 2335 994 2372 τινὲς
1019 2335 1193 2378 εἰρήκασιν,
1215 2336 1295 2369 cod.
1314 2338 1350 2370 [ι.

292 2380 500 2413 commodiori
521 2380 697 2414 verborum
713 2381 926 2415 collocatione
937 2383 1093 2420 δοξάντων
1106 2384 1184 2422 τινὲς
1202 2385 1279 2417 εἶναι
1294 2397 1350 2418 so·

290 2432 354 2470 φῶν
373 2429 429 2472 εἰρ.

336 2478 386 2509 11.
411 2475 505 2513 Quod
534 2474 661 2508 codices
684 2475 830 2517 praebent
855 2476 968 2509 αὐτίκα
995 2478 1022 2510 δ’
1052 2478 1199 2516 Ἡσίοδος
1224 2482 1350 2514 statim

293 2531 371 2556 vero
389 2522 556 2556 Hesiodus
571 2522 643 2555 terri
658 2532 722 2556 nou
736 2524 861 2566 potest;
873 2525 1050 2566 requiritur
1059 2526 1145 2558 enim
1159 2527 1257 2561 velut
1275 2528 1351 2568 jam

298 2569 478 2603 Hesiodus.
522 2571 638 2611 Itaque
654 2570 767 2603 αὐτίκα
781 2572 818 2611 δὴ
832 2572 956 2614 scripsi.
986 2574 1164 2615 Sequentia
1182 2575 1214 2608 in
1236 2576 1351 2617 pleris-

293 2625 356 2657 que
381 2617 617 2657 exemplaribus
649 2619 696 2650 sic
718 2620 895 2652 exarantur
924 2633 940 2649 «
967 2625 1091 2664 πρῶτον
1118 2622 1174 2663 μὲν
1204 2623 1344 2661 πάντων,

294 2663 382 2705 φησί,
412 2663 488 2706 χάος
515 2664 640 2704 ἐγένετ’,
665 2666 765 2708 αὐτὰρ
788 2666 895 2700 ἔπειτα
918 2669 983 2710 γαῖ’
995 2669 1205 2712 εὐρύστερνος,
1225 2671 1351 2704 πάντων

294 2711 361 2748 ἕδος
375 2711 510 2751 ἀσφαλὲς
525 2712 596 2753 αἰεί,
622 2713 670 2751 ἠδ’
687 2713 765 2756 ἔρος,
778 2714 810 2752 ὃς
823 2715 972 2749 πάντεσσι
988 2718 1352 2759 μεταπρέπει,ἀθανάτοι-

295 2771 357 2793 σιν.
376 2773 391 2789 u
409 2760 449 2792 τὰ
465 2759 492 2792 δ’
509 2761 585 2792 ἄλλα
599 2762 673 2802 φησὶ
686 2762 840 2804 γενέσθαι,
851 2767 949 2796 ταῦτα
960 2764 986 2796 δ’
998 2765 1028 2802 ἐξ
1047 2765 1184 2805 οὐδενός.
1229 2768 1352 2800 Contra

298 2807 330 2839 in
352 2807 435 2840 libro
465 2808 618 2849 Lipsiensi
650 2808 764 2851 legitur
785 2811 909 2844 πάντων
935 2812 990 2853 μὲν
1014 2816 1137 2856 πρῶτα,
1160 2814 1248 2856 φησί,
1275 2815 1352 2857 χάος

298 2854 430 2896 ἐγένετο,
444 2855 541 2897 αὐτὰρ
564 2856 670 2889 ἔπειτα
685 2859 840 2898 γαῖα-τὰ
858 2859 885 2892 δ’
905 2859 984 2893 ἄλλα
993 2862 1067 2903 φησὶ
1083 2862 1242 2902 γιγνέσθαι
1265 2863 1350 2904 (sic).

299 2903 404 2948 Longe
424 2902 486 2934 alia
510 2902 627 2935 horum
647 2912 800 2937 versuum
826 2907 985 2948 scriptura
1008 2908 1094 2950 apud
1113 2909 1220 2950 ipsum
1238 2911 1351 2943 Hesio·

299 2949 377 2982 dum
395 2950 445 2982 est
466 2949 522 2991 qui
541 2950 660 2992 Theog.
683 2960 715 2984 v.
739 2955 794 2984 116
811 2962 900 2996 seqq.
916 2955 959 2988 ita
975 2957 1061 2989 canit
1081 2966 1089 2989 z

399 3031 494 3064 Ἤτοι
508 3031 563 3073 μὲν
575 3032 737 3075 πρώτιστα
749 3034 821 3075 χάος
837 3035 944 3077 γένετ’,
959 3037 1057 3079 αὐτὰρ
1073 3038 1179 3071 ἔπειτα

401 3079 470 3111 Γαῖ’
484 3079 697 3122 εὐρύστερνος,
709 3080 833 3113 πάντων
851 3083 918 3120 ἕδος
938 3084 1074 3127 ἀσφαλὲς
1089 3087 1150 3119 αἰεὶ

402 3125 574 3167 ἀθανάτων,
591 3127 620 3159 οἳ
634 3127 742 3170 ἔχουσι
755 3129 833 3172 κάρη
846 3130 1001 3171 νιφόεντος
1011 3133 1172 3174 Ὀλύμπου

402 3172 543 3216 Τάρταρά
552 3174 579 3205 τ’
590 3174 736 3217 ἠερόεντα
748 3181 840 3220 μυχῷ
863 3180 972 3220 χθονὸς
983 3180 1157 3223 εὐρυοδείης

403 3218 454 3259 ἠδ’
471 3220 576 3263 Ἔρος,
589 3221 623 3260 ὃς
637 3223 800 3262 κάλλιστος
816 3226 847 3258 ἐν
860 3226 1041 3261 ἀθανάτοισι
1057 3230 1167 3263 θεοῖο-ι.

302 3298 422 3332 Eodem
448 3300 545 3333 modo
565 3301 695 3336 Hesiodi
716 3304 814 3337 verba
836 3306 979 3340 citantur
995 3316 1014 3340 a
1035 3309 1180 3341 Cornuto
1203 3318 1275 3351 cap.
1301 3313 1351 3352 17,

301 3355 331 3388 p.
349 3351 388 3401 sa
403 3347 455 3380 ed.
473 3350 607 3390 Osann„
624 3350 680 3383 ubi
705 3354 810 3386 tamen
829 3353 912 3387 inter
927 3356 1088 3398 πρώτιστα
1106 3358 1140 3390 et
1157 3357 1235 3399 χάος
1251 3358 1352 3400 expli-

301 3394 434 3428 cationis
449 3396 549 3436 gratia
557 3396 793 3439 interjiciuntur
810 3400 880 3434 baec
893 3412 901 3434 ε
914 3403 931 3435 ὁ
945 3404 1057 3445 μεταξὺ
1068 3407 1123 3444 τῆς
1143 3409 1199 3445 γῆς
1212 3405 1265 3438 καὶ
1297 3409 1352 3438 τοῦ

301 3441 431 3495 οὐρανοῦ
446 3443 539 3481 τόπος
553 3446 586 3477 et
605 3454 662 3487 pro
679 3446 774 3485 γένετ’
792 3448 875 3481 male
891 3449 1042 3482 scribitur
1056 3450 1185 3491 γίνεται.
1231 3452 1352 3485 Sextus

304 3489 482 3528 Empiricos
501 3491 616 3531 partim
643 3492 739 3527 habet
759 3495 828 3533 ἦτοι
855 3496 909 3537 μὲν
933 3498 993 3541 γὰρ
1009 3501 1130 3540 πρῶτα,
1154 3499 1190 3531 nt
1206 3499 1243 3532 P.
1266 3500 1351 3542 Hyp.

310 3535 430 3575 111,16,
450 3540 518 3578 121,
542 3543 610 3579 123,
629 3541 745 3582 partim
761 3543 830 3582 ἤτοι
847 3545 902 3586 μὲν
915 3546 1077 3587 πρώτιστα
1093 3548 1132 3579 ut
1153 3546 1229 3580 adv.
1249 3546 1349 3590 Phys.
1381 3583 1389 3589 ,

1112 275 1446 315 ARlSTOTELlS
1496 274 1646 313 LIBER

1406 363 1536 416 Ἔρος,
1566 363 1602 407 ὃς
1628 363 1801 403 πάντεσσι
1831 364 2052 419 μεταπρέπει
2077 364 2316 406 ἀθανάτοισιν·
2346 366 2424 407 κτὰ
2442 366 2475 409 δ’
2505 357 2507 361 ⁴
2559 371 2560 374 ’

1407 423 1498 462 ἄλλα
1517 421 1604 477 φησὶ
1625 422 1811 472 γενέσθαι,
1831 428 1944 464 ταῦτα
1962 425 1992 463 δ’
2013 423 2048 471 ἐξ
2068 425 2220 471 οὐδενός.
2278 426 2415 467 Πολλοὶ
2434 427 2472 468 δὶ

1407 483 1467 521 καὶ
1492 482 1605 534 ἕτεροι
1626 476 1717 521 εἶναι
1741 481 1805 534 μὲν
1827 482 1925 522 οὐδέν
1942 499 2053 537 φασι,
2074 483 2259 538 γίγνεσθαι
2275 483 2312 524 δὲ
2329 485 2470 538 πάντα,
2494 499 2527 527 10
2569 495 2571 498 “

1407 541 1566 594 λέγοντες
1587 540 1624 587 ἐξ
1644 542 1707 581 οὐκ
1725 540 1835 581 ὄντων
1854 542 2037 595 γίγνεσθαι
2051 543 2097 583 τὰ
2116 544 2323 597 γιγνόμενα.
2352 541 2472 586 Ὥστε

1409 604 1510 640 τοῦτο
1528 601 1591 652 μὲν
1607 602 1727 651 δῆλον,
1747 600 1800 641 ὅτι
1820 601 1923 647 ἐνίοις
1948 618 1989 655 γε
2018 604 2190 644 δοκεῖκαὶ
2211 604 2246 652 ἐξ
2272 606 2336 645 οὐκ
2362 603 2474 645 ὄντων

1409 659 1451 698 ἂν
1473 660 1650 713 γενέσθαι.

1843 743 1965 784 xm.
1998 743 2046 797 β’.

1462 822 1554 862 Ἀλλ’
1578 822 1647 876 ἄρα
1665 824 1695 861 εἰ
1712 821 1776 873 μὲν
1804 824 1938 863 δυνατά
1964 826 2059 864 ἐστιν
2087 823 2110 872 ἢ
2132 825 2290 866 ἀδύνατα
2310 826 2334 867 ἃ
2351 827 2472 880 λέγει,

1408 881 1544 922 ἐατέον.
1604 881 1658 923 Τὸ
1689 882 1726 922 δὲ
1757 882 1904 937 πότερον
1933 885 2213 938 συμπεραίνεται
2239 886 2331 927 αὐτὰ
2363 886 2398 933 ἐξ
2426 881 2476 928 ὧν

1409 1003 1435 1041 1,
1450 1005 1483 1042 6,
1505 1003 1535 1033 7.
1551 1003 1594 1041 ll,
1613 1006 1644 1034 11
1669 1005 1702 1034 et
1722 1005 1771 1035 18.
1817 1002 2031 1035 posteriorem
2046 1002 2218 1036 lectionem
2232 1004 2366 1037 tuentur
2378 1004 2476 1038 etiam

1409 1049 1601 1082 Plutarchus
1628 1049 1769 1083 conviv.
1818 1052 1943 1092 Quaest.
1962 1052 2005 1090 V,
2031 1055 2062 1092 5,
2092 1059 2123 1092 p.
2146 1053 2221 1085 678.
2243 1052 2281 1085 1³¹.
2300 1051 2381 1094 (vol.
2398 1053 2477 1086 vill

1409 1106 1440 1138 p.
1462 1098 1522 1131 702
1555 1096 1607 1130 ed.
1644 1097 1771 1139 Reisk.)
1797 1100 1830 1131 et
1857 1098 1948 1131 initio
1965 1098 2064 1131 libelli
2093 1107 2161 1140 quo
2176 1098 2308 1141 qnoerit,
2329 1107 2417 1142 aqua
2435 1109 2477 1134 an

1409 1146 1488 1187 ignis
1517 1145 1559 1179 sit
1575 1146 1685 1178 utilior
1719 1155 1751 1187 p.
1777 1150 1839 1179 955
1865 1148 1891 1179 Ε
1912 1146 1990 1188 (vol.
2019 1148 2064 1180 lx
2101 1155 2134 1189 p.
2167 1149 2226 1180 761
2259 1147 2316 1182 ed.
2348 1148 2477 1190 Reisk.)

1408 1192 1563 1235 Origenes
1596 1194 1717 1227 Philos.
1738 1203 1770 1226 c.
1797 1198 1850 1227 26.
1875 1203 1906 1236 p.
1941 1196 2011 1228 177.
2037 1194 2176 1229 Achilles
2197 1195 2312 1229 Tatius
2331 1197 2415 1239 Isag.
2434 1198 2476 1230 ad

1409 1242 1499 1274 Arat.
1517 1250 1547 1273 c.
1577 1244 1609 1275 3.
1641 1241 1842 1284 Theophilus
1875 1241 1916 1274 ad
1946 1242 2054 1275 Autol.
2077 1244 2119 1283 ll,
2146 1247 2178 1276 5.
2201 1252 2234 1286 p.
2251 1246 2306 1278 90.
2326 1244 2479 1279 Clemens

1408 1291 1575 1322 Romanus
1595 1291 1690 1323 Hom.
1714 1292 1772 1330 lv,
1794 1295 1823 1323 3.
1844 1290 1995 1323 Stobaeus
2016 1290 2083 1324 Ecl.
2107 1290 2204 1333 Phys.
2222 1293 2250 1333 1,
2271 1296 2327 1326 10.
2342 1292 2479 1326 Proetus

1408 1341 1440 1370 et
1454 1338 1547 1371 Philo
1566 1347 1619 1380 ap.
1645 1339 1782 1372 Lobeck.
1802 1339 1956 1380 Aglaoph.
1978 1347 2010 1380 p.
2028 1340 2092 1372 470
2114 1348 2210 1381 seqq.
2231 1339 2422 1382 Simplicius
2435 1340 2477 1374 ad

1410 1390 1541 1422 Aristot.
1574 1389 1615 1422 de
1641 1390 1731 1423 coelo
1755 1392 1781 1431 l,
1807 1393 1882 1430 364,
1910 1390 1943 1422 b.
1973 1389 2056 1423 cod.
2085 1391 2218 1424 Taurin.
2250 1399 2304 1434 ap.
2338 1393 2477 1434 Peyron.

1411 1437 1544 1478 Emped.
1565 1438 1598 1470 et
1615 1439 1763 1470 Parmen.
1783 1438 1933 1479 sragmm.
1951 1447 1983 1479 p.
2006 1442 2054 1471 16.
2072 1439 2114 1471 At
2129 1439 2317 1472 Aristoteles
2332 1440 2476 1482 Metaph.

1409 1487 1435 1525 1,
1455 1487 1487 1526 4,
1499 1486 1531 1518 et
1551 1485 1677 1527 Physic.
1692 1486 1840 1518 Auscult.
1855 1488 1915 1525 IV,
1938 1490 1948 1519 1
1966 1486 1998 1518 in
2017 1486 2150 1519 Hesiodi
2176 1486 2326 1520 versibus
2338 1487 2478 1520 laudan-

1409 1533 1459 1565 dis
1475 1532 1602 1565 πάντων
1623 1533 1680 1569 μὲν
1693 1534 1859 1575 πρώτιστα
1882 1533 2041 1572 exaravit,
2062 1542 2160 1573 quem
2180 1534 2289 1567 locum
2305 1535 2479 1575 exscripsit

1414 1578 1560 1611 Justinus
1580 1581 1704 1621 Martyr
1723 1580 1858 1612 Aristot.
1878 1582 1992 1619 Dogm.
2010 1583 2121 1613 Avers.
2141 1590 2172 1623 p.
2193 1583 2264 1614 131.
2310 1582 2347 1614 ln
2367 1580 2478 1614 schol.

1417 1625 1459 1658 ad
1484 1626 1525 1659 ll.
1545 1628 1662 1668 xvni,
1693 1629 1773 1667 246,
1789 1627 1915 1659 πάντων
1937 1630 2063 1668 πρῶτον
2084 1627 2386 1669 interpretationem
2409 1636 2480 1663 esee

1408 1680 1464 1710 τοῦ
1486 1676 1652 1719 πρώτιστα
1676 1677 1821 1717 apparet.
1869 1677 1980 1714 Quum
1999 1676 2111 1708 autem
2141 1674 2278 1708 ultimus
2294 1684 2407 1710 versus
2421 1685 2479 1719 qui

1409 1725 1572 1758 omittitur
1588 1725 1718 1766 Physic.
1728 1723 1877 1757 Auscult.
1891 1723 1911 1755 1.
1923 1731 1953 1756 0.
1967 1723 2061 1764 plane
2069 1723 2114 1756 ita
2126 1723 2320 1757 exhibeatur
2329 1725 2477 1766 Metapa.-

1412 1776 1436 1813 l,
1453 1775 1484 1814 4,
1503 1774 1539 1806 ut
1553 1772 1615 1805 hoc
1632 1772 1703 1806 loco
1722 1772 1753 1804 in
1770 1771 1938 1804 codicibus
1949 1771 2090 1812 scriptus
2109 1773 2159 1805 est
2177 1771 2228 1812 ἠδ’
2250 1771 2329 1816 ἔρος,
2345 1772 2380 1811 ὃς
2395 1772 2476 1806 πάν-

1409 1833 1500 1854 τεσσι
1521 1821 1711 1863 μεταπρέπει
1742 1819 1940 1860 ἀθανάτοισι,
1962 1817 2172 1852 statuendum
2199 1821 2253 1853 est
2272 1819 2478 1854 Aristotelem

1409 1869 1511 1901 autin
1530 1877 1590 1901 suo
1604 1867 1753 1909 exemplo
1771 1866 1906 1900 Hesiodi
1919 1866 2019 1899 verba
2036 1866 2080 1899 ita
2089 1866 2211 1908 scripta
2227 1868 2408 1909 repperisse
2421 1869 2480 1902 aut

1411 1915 1578 1948 memoriae
1609 1914 1702 1956 lapsu
1738 1915 1908 1956 paululum
1943 1914 2148 1948 immutasse.
2193 1916 2344 1948 Fortasse
2379 1916 2479 1950 etiam

1413 1972 1475 1995 non
1501 1963 1638 1996 deerunt
1669 1963 1725 2004 qui
1749 1971 1824 1994 cum
1843 1965 1879 1995 P.
1906 1963 2011 1995 Petito
2036 1963 2150 1996 Misce.
2171 1963 2267 1997 Obss.
2292 1972 2323 1996 0.
2355 1966 2406 2006 18,
2424 1966 2478 1998 001

1411 2019 1514 2052 nuper
1526 2019 1676 2043 assensus
1691 2011 1739 2042 est
1755 2009 1939 2052 Lennepius
1953 2031 1963 2048 .
1985 2010 2189 2044 Aristotelem
2202 2011 2313 2045 dicant
2328 2012 2480 2046 consulto

1410 2058 1562 2099 quaedam
1589 2058 1641 2091 hic
1661 2058 1883 2099 interpolasse.
1930 2057 2043 2091 Fidem
2064 2059 2169 2092 facere
2195 2059 2327 2094 videtur
2345 2062 2479 2094 Parme-

1411 2106 1495 2139 nidis
1511 2105 1693 2139 versiculus
1712 2114 1909 2148 praegressus
1922 2106 2067 2147 Metaph.
2086 2106 2109 2138 l.
2130 2115 2160 2139 0.

1515 2193 1690 2236 πρώτιστον
1705 2192 1760 2236 μὲν
1782 2193 1882 2236 ἔρωτα
1895 2194 1973 2226 θεῶν
1985 2193 2139 2235 μητίσατο
2148 2193 2287 2235 πάντων,

1412 2283 1466 2316 cui
1489 2283 1718 2315 convenienter
1729 2282 1917 2323 loquentem
1935 2281 2113 2315 Hesiodum
2129 2281 2171 2315 de
2189 2282 2350 2315 industria
2366 2283 2476 2317 nescio

1413 2340 1452 2363 an
1481 2329 1671 2363 Aristoteles
1687 2329 1811 2363 fecerit.
1855 2329 1917 2362 Sed
1940 2329 2012 2362 haec
2029 2330 2198 2371 utcunque
2229 2330 2476 2373 existimantur,

1411 2379 1563 2421 equidem
1583 2386 1648 2410 non
1666 2377 1794 2418 dubito,
1811 2377 1888 2418 quin
1905 2386 1923 2410 e
1936 2377 2077 2419 Metapb.
2101 2377 2123 2410 l.
2140 2385 2169 2410 c.
2189 2377 2256 2418 hic,
2273 2377 2314 2410 de
2329 2386 2396 2420 quo
2409 2378 2479 2412 dis·

1411 2429 1573 2468 ceptatur,
1590 2426 1683 2458 locus
1699 2425 1909 2467 corrigendus
1921 2425 1976 2464 sit,
1994 2425 2173 2467 praesertim
2186 2433 2290 2467 quum
2303 2426 2479 2460 verborum

1411 2475 1492 2508 ordo
1513 2475 1548 2507 in
1564 2473 1637 2507 cod.
1653 2474 1742 2515 Lips.
1773 2473 1829 2506 tali
1853 2472 2073 2505 emendationi
2098 2471 2311 2514 suffragetur.
2357 2476 2479 2513 Quam·

1411 2522 1524 2557 obrem
1538 2521 1666 2554 πάντων
1685 2520 1741 2563 μὲν
1759 2521 1938 2563 πρώτιστα,
1957 2520 2047 2562 φησί,
2064 2521 2143 2563 χάος
2165 2518 2264 2562 γένετ’
2281 2529 2400 2562 ponere
2412 2531 2479 2555 non

1411 2573 1566 2612 gravatus
1579 2577 1668 2601 sum.
1714 2570 1751 2600 In
1764 2568 1918 2600 extremis
1933 2567 2096 2608 vulgatam
2115 2567 2287 2600 lectionem
2308 2568 2348 2601 τὰ
2361 2568 2390 2602 δ’
2400 2569 2480 2602 ἄλλα

1411 2619 1486 2660 φησὶ
1501 2617 1645 2659 γενέσθαι
1664 2624 1739 2658 quae
1757 2615 1851 2656 longe
1870 2617 2005 2657 praestat
2021 2615 2176 2657 Lipsiensi
2193 2624 2400 2658 nequaquam
2415 2615 2479 2650 801-

1412 2665 1544 2699 licitavi.
1586 2663 1721 2697 Accedit
1735 2663 1887 2697 Feliciani
1907 2663 2084 2696 auctoritas
2100 2663 2157 2704 qui
2175 2663 2274 2696 vertit
2291 2675 2301 2696 ι
2319 2666 2379 2697 Ex
2395 2666 2478 2707 qui·

1413 2715 1474 2748 bus
1491 2714 1568 2747 alia
1583 2714 1704 2754 qenita
1725 2711 1854 2753 fuisse,
1883 2712 1963 2753 ipsa
1993 2712 2116 2744 autem
2141 2710 2216 2745 haec
2239 2719 2286 2745 ex
2301 2712 2480 2755 nihilofut

1412 2762 1542 2795 abunde
1574 2762 1703 2794 constet
1722 2770 1796 2794 eum
1824 2761 1857 2793 in
1873 2761 1999 2803 egregio
2027 2768 2094 2802 quo
2118 2769 2199 2794 usus
2220 2763 2271 2794 est
2298 2762 2479 2804 exemplari

1410 2811 1553 2852 γενέσθαι
1575 2809 1746 2842 invenisse.

1459 2863 1508 2891 16.
1533 2858 1594 2890 Hic
1607 2866 1736 2898 quoque
1758 2856 1888 2898 vulgata
1914 2855 2076 2897 scriptura
2090 2855 2230 2897 λέγοντες
2246 2856 2278 2894 ἐξ
2293 2855 2352 2888 οὐκ
2378 2855 2478 2888 ὄντων

1412 2906 1571 2948 γίγνεσθαι
1592 2905 1633 2937 τὰ
1662 2904 1831 2945 γιγνόμενα
1853 2903 2056 2945 praeserenda
2073 2905 2124 2936 est
2148 2903 2307 2945 Lipsiensi
2320 2903 2478 2944 ὶέγοντες·

1413 2954 1471 2987 οὐκ
1491 2953 1520 2990 ἐξ
1536 2952 1634 2984 ὄντων
1661 2952 1822 2993 γίγνεσθαι
1843 2951 1884 2983 τὰ
1907 2950 2090 2992 γιγνόμενα,
2106 2951 2224 2992 quibus
2243 2950 2351 2984 verbis
2367 2951 2402 2983 in
2422 2951 2479 2984 illo

1413 3000 1524 3033 codice
1540 3007 1815 3041 supervacaneum
1842 2998 2027 3030 annectitur
2048 2997 2307 3031 additamentum
2323 2998 2397 3031 οὐδὲ
2418 2998 2480 3040 γὰρ

1415 3049 1452 3080 ἂν
1469 3047 1514 3081 ἔτι
1536 3048 1640 3084 αὐτοῖς
1658 3047 1783 3079 ἅπαντα
1799 3046 1949 3088 γίγνοιτο.
1995 3045 2142 3086 Denique
2160 3047 2233 3087 post
2253 3046 2357 3086 δῆλον,
2377 3047 2426 3079 ὅτι
2446 3045 2479 3079 iu

1413 3097 1567 3130 omnibus
1595 3096 1684 3129 libris
1709 3095 1846 3128 habetur
1874 3095 1905 3127 ἐν
1934 3094 1982 3131 οῖς
2005 3104 2054 3135 γε,
2085 3094 2181 3135 cuius
2203 3094 2274 3127 loco
2297 3093 2366 3135 jam
2392 3095 2480 3127 recte

1414 3145 1604 3186 Sylbnrgius
1629 3142 1811 3185 suspicatus
1847 3145 1896 3175 est
1926 3141 2019 3180 ἐνίοις
2051 3152 2099 3182 γε.
2145 3142 2299 3175 Concinit
2325 3141 2480 3175 Felicitani

1414 3191 1662 3234 interpretatio:
1695 3203 1712 3220 «
1736 3190 1832 3223 multi
1857 3190 2011 3231 praeterea
2038 3190 2092 3222 alii
2117 3198 2189 3223 esse
2212 3190 2305 3232 nihil,
2328 3189 2387 3223 sed
2409 3188 2479 3222 lieri

1414 3241 1525 3273 omnia
1543 3240 1704 3280 asserunt,
1734 3247 1773 3271 ex
1794 3238 1846 3278 iis,
1867 3246 1943 3279 qnae
1972 3246 2038 3270 non
2061 3239 2149 3277 sunt,
2173 3239 2284 3271 omnia
2301 3246 2381 3281 quae
2395 3237 2480 3271 liunt

1414 3288 1570 3321 exsistere
1585 3286 1803 3326 affirmantes;
1820 3288 1856 3318 ut
1868 3285 2032 3318 nonnullis
2051 3285 2157 3318 videri
2174 3287 2271 3321 etiam
2285 3294 2328 3320 ex
2349 3285 2390 3318 iis
2401 3292 2478 3328 qun
2539 3309 2546 3316 .

1415 3344 1478 3368 non
1502 3336 1579 3369 sunt
1596 3334 1681 3377 gigni
1692 3333 1801 3367 omnia
1820 3341 1895 3374 quae
1908 3333 2001 3374 liunt,
2024 3333 2229 3375 perspicuum
2243 3335 2310 3376 jam
2322 3334 2378 3368 sit.
2395 3346 2413 3363 ι

1739 3417 1878 3450 CAPUT
1901 3418 2148 3451 SECUNDUM.

1460 3503 1508 3534 19.
1534 3502 1598 3535 Pro
1624 3499 1731 3534 ἐατέον
1751 3499 1830 3534 cod.
1848 3499 1936 3542 Lips.
1957 3500 2082 3532 λεκτέον
2107 3508 2197 3532 mero
2218 3499 2339 3532 librarii
2359 3506 2476 3532 errore.

1414 3548 1498 3582 Tum
1520 3547 1608 3582 idem
1635 3547 1718 3582 liber
1737 3548 1977 3591 συμπεραίνεται
1997 3547 2078 3581 αὐτὰ
2113 3547 2237 3590 praebet
2268 3555 2327 3590 pro
2347 3547 2479 3589 vulgato
