2612 3814
315 230 390 268 ¹30
1076 218 1400 262 PARMENIDIS
1430 218 1768 261 FRAGMENTA.

1437 307 1591 361 Βοιωτίᾳ
1607 306 1744 356 Θηὸῶν
1764 308 1806 368 το
1835 307 2043 358 παλαιόν,’
2023 324 2071 353 ως
2091 306 2337 363 Παρμενίδης.
2358 309 2500 348 Simili-

1436 377 1495 407 ter
1505 369 1664 406 Photius
1683 371 1778 408 Lex.
1802 383 1842 408 v.
1863 367 2036 422 μακάρων
2058 370 2179 416 νῆσος.
2206 368 2318 407 Adde
2331 370 2498 420 Hesych.

1436 442 1476 468 v.
1512 426 1683 479 μακάρων
1710 429 1837 479 νῆσος,
1872 430 1939 480 qui
1971 429 2131 480 quidem
2166 429 2404 467 Parmenidis
2424 442 2498 467 no·

1433 500 1523 526 men
1542 487 1700 526 omittit.

309 330 444 366 μασται
465 313 503 353 τὸ
523 312 657 367 ψυχρον
678 312 739 351 καὶ
755 328 796 351 το
820 310 920 364 ζόφος
940 309 1001 350 καὶ
1025 310 1066 350 τὸ
1083 309 1237 363 σκληρὸν
1255 309 1317 350 καὶ
1331 308 1371 348 τὸ

314 376 417 428 βαρύ.
437 375 563 414 Ταυτα
583 371 651 426 γὰρ
665 370 837 424 ἀπεκρίθη
858 372 884 409 ἐι
890 369 1030 424 ·ατε’ρως
1047 368 1250 423 ἑκάτερα.»
1235 369 1370 408 »Sim-

308 436 445 486 plicius
463 433 513 471 ad
532 432 747 471 Aristotelis
769 431 883 481 Phys.
902 433 921 469 1
943 431 971 470 f.
1000 444 1038 478 7,
1056 431 1097 470 b.

365 507 404 533 2.
425 492 563 531 Suidas
583 506 621 531 v.
651 488 835 542 Μακάρων
853 491 968 540 vilem,
988 491 1011 536 ἡ
1033 486 1223 541 ἀκρόπολις
1242 489 1314 526 τῶν
1334 487 1370 525 ἐν

310 643 406 682 νύκτ’
436 642 528 689 ἄδαη
548 657 584 681 κ.
604 657 638 680 τ.
665 641 701 678 λ.
722 649 758 678 et
779 653 853 678 120
878 639 948 677 τῶν
977 652 1030 676 σοι
1054 635 1164 689 ἐγὼ
1156 666 1180 677 .
1204 653 1239 677 τ.
1259 637 1296 677 λ.
1318 638 1374 674 in·
1433 636 1664 709 spondentia
1686 637 1952 687 superioribus
1973 638 2028 675 sic
2049 638 2233 688 corrigo.
2251 636 2356 678 ἐπὶδ’
2378 637 2502 692 ἐκείνῳ

312 705 519 755 terpositus
534 716 615 740 non
634 701 760 739 solum
782 702 833 738 ob
858 701 975 750 ipsius
995 699 1129 774 S'1mp¹'
1120 699 1186 736 1cii
1210 698 1371 735 dubita·
1433 695 1474 735 τὸ
1493 694 1624 734 πυκνὸν
1638 694 1848 746 ὠνόμασται
1869 695 1980 750 (scil.
2002 696 2072 736 υπὸ
2091 700 2151 736 τοῦ
2172 698 2418 752 Παρμενίδου)
2439 698 2502 738 καὶ

311 764 456 800 tionem
481 760 730 813 significatam
758 761 887 798 verbis
916 759 963 802 ὡς
987 760 1094 798 αὐτοῦ
1123 756 1371 810 Παρμενίδου,
1432 753 1472 794 τὸ
1491 755 1626 809 ψυχρὸν
1646 771 1682 797 κ.
1702 771 1735 794 τ.
1754 757 1791 797 λ.

310 822 378 860 sed
397 823 513 860 etiam
531 822 621 871 quia
640 820 906 858 Parmenidem
925 832 1042 885 prosa
1075 819 1250 856 oratione
1277 817 1372 855 scri-
1399 827 1403 830 ’
1489 830 1529 856 2.
1554 817 1641 855 Haec
1662 829 1743 855 non
1762 830 1783 855 e
1811 818 2054 857 Parmenidis
2083 819 2336 869 carminibus,
2364 820 2434 860 sed
2454 833 2502 859 ex

309 883 424 932 psisse
444 889 590 919 veteres
606 893 686 917 non
707 879 897 930 produnt,
922 878 1012 929 jure
1034 891 1057 916 a
1077 879 1283 915 Karstenio
1298 890 1372 928 pro
1400 840 1407 921 1
1434 877 1509 914 alio
1529 877 1658 914 nescio
1694 889 1773 927 quo
1808 878 1998 929 scriptore
2027 879 2149 929 petita
2178 879 2375 919 videntur.
2403 879 2502 919 Vide

310 943 650 992 interpretamento
682 940 835 977 habitus
869 946 948 986 est,
980 938 1092 990 quod
1123 945 1260 987 postea
1280 949 1303 974 a
1322 938 1371 974 li·
1433 937 1622 988 imprimis
1652 949 1817 988 graecum
1852 938 2125 989 Lycophronis
2160 939 2411 990 interpretem
2450 939 2502 978 ad

310 1001 447 1039 brariis
468 1000 690 1051 philosophi
705 999 879 1042 versibus¹
908 1007 1002 1036 esset
1023 999 1214 1037 adsutum.
1249 998 1370 1036 Caete-
1433 996 1532 1036 Cass.
1551 1009 1627 1036 vss.
1656 1010 1670 1034 1
1684 1001 1932 1048 194—1204.
1967 997 2081 1036 Adde
2103 998 2278 1038 Eustath.
2301 997 2351 1036 ad
2369 997 2446 1037 Od.
2466 996 2500 1037 δ’

310 1073 396 1097 rum
413 1058 531 1098 verba
545 1057 602 1099 ἐπὶ
619 1057 654 1098 δὲ
673 1059 723 1111 τῷ
735 1058 858 1109 πυκνῷ
871 1056 1079 1109 ὠνόμασται
1094 1070 1175 1095 non
1191 1057 1292 1095 bene
1314 1069 1373 1095 re·
1432 1070 1473 1107 p.
1498 1056 1613 1107 1509.

1231 1697 1582 1716 ’ψο-
