2612 3814
263 281 336 315 166
1229 270 1473 312 ORPHlCA.

766 361 797 401 1.

335 438 544 491 Φθέγξομαι
575 431 624 483 οἶς
644 437 742 491 θέμις
768 436 854 478 ἐστί·
890 435 996 490 θύρας
1025 438 1056 476 δ’
1077 436 1235 476 ἐπίθεσθε
1259 439 1316 490 βε-

1179 493 1318 552 [ὅήλοις

338 563 447 597 πᾶσιν
466 559 566 609 ὁμοῦ·
589 555 630 596 σὺ
646 557 675 595 δ’
696 555 814 605 ἄκουε,
834 554 1033 611 φαεσφόρου
1050 552 1170 608 ἔκγονε
1186 554 1300 606 μήνης

340 620 510 659 Μουσαῖ’·
527 615 650 670 ἐξερέω
665 616 733 670 γὰρ
748 614 898 666 ἀληθέα,
917 614 1008 666 μηδέ
1022 630 1061 654 σε
1082 615 1127 654 τὰ
1146 614 1229 667 πρὶν

339 680 374 718 ἐν
389 677 558 726 στήθεσσι
582 675 736 730 φανέντα
751 675 853 729 φίλης
870 676 994 718 αἰῶνος
1015 673 1170 727 ἀμέρσῃ.

286 753 304 782 ⁶
338 741 385 784 εἷς
404 737 439 776 δὲ
453 738 556 790 λόγον
577 739 666 775 θεῖον
686 735 818 789 βλέψας
834 733 944 787 τούτῳ
962 733 1175 787 προσέδρευε
1187 763 1198 784 ,

338 793 463 838 ἰθύνων
488 797 636 853 κραδίης
653 795 771 848 νοερὸν
786 794 889 838 κύτος
901 823 912 842 ,
932 786 970 832 εῧ
985 795 1016 832 τ’
1039 792 1198 833 ἕπίὸαινε

339 860 556 914 ἀτραπιτοῧ,
578 859 703 908 μοῦνον
723 854 752 893 δ’
776 853 882 907 ἐσόρα
899 852 1046 906 κόσμοιο
1067 853 1221 893 ἄνακτα·

339 912 387 963 εἶς
407 918 492 965 ἔστ’,
518 914 706 968 αὖτογενής
723 943 734 963 ,
753 914 827 958 ἑνὸς
844 912 970 966 ἔκγονα
985 912 1102 952 πάντα
1119 912 1300 952 τέτυκται·

339 979 374 1016 ἐν
399 978 428 1016 δ’
449 978 566 1020 αὐτοῖς
588 973 690 1018 αὐτὸς
711 971 963 1026 περινίσσεται·
984 971 1060 1012 οὐδέ
1077 988 1128 1018 τις
1146 971 1250 1011 αὐτὸν

287 1053 321 1080 10
340 1037 484 1092 εἷσοράα
496 1037 648 1083 θνητῶν·
668 1033 771 1078 αὐτὸς
785 1032 823 1072 δέ
841 1048 881 1085 γε
900 1032 1035 1078 πάντας
1055 1035 1190 1087 ὁρᾶται.

339 1094 436 1143 οὗτος
449 1099 479 1137 δ’
503 1098 537 1144 ἐξ
553 1099 696 1150 ἀγαθοῖο
710 1094 818 1135 κακὸν
839 1097 994 1142 θνητοῖσι
1014 1092 1155 1144 δίδωσι,

341 1158 402 1198 καὶ
417 1157 572 1209 πόλεμον
588 1155 772 1208 κρυόεντα,
797 1154 859 1194 καὶ
879 1154 989 1207 ἄλγεα
1014 1155 1244 1208 δακρυόεντα.

341 1217 419 1257 οὗδέ
443 1233 494 1262 τις
513 1216 585 1255 ἔσθ’
604 1214 720 1268 ἕτερος
733 1215 842 1268 χωρὶς
863 1213 1021 1267 μεγάλου
1044 1215 1227 1267 βασιλῆος.

341 1277 445 1316 αὐτὸν
467 1277 497 1316 δ’
513 1277 581 1330 οὐχ
600 1275 708 1329 ὁρόω·
730 1274 891 1329 περὶγὰρ
911 1273 1010 1327 νέφος
1025 1272 1244 1326 ἐστήρικται.

287 1351 320 1377 15
339 1343 447 1376 πᾶσιν
466 1336 533 1390 γὰρ
549 1339 684 1383 θνητοῖς
699 1334 821 1382 θνηταὶ
835 1333 938 1387 κόραι
957 1334 1043 1374 εἰσὶν
1058 1335 1092 1372 ἐν
1113 1332 1228 1378 ὄσσοις
1240 1363 1251 1383 ,

343 1394 502 1439 ἀσθενέες
518 1396 549 1433 δ’
571 1394 671 1433 ἰδέειν
691 1391 760 1433 Δία
774 1393 832 1432 τὸν
851 1393 991 1432 πάντων
1005 1391 1186 1445 μεδέοντα.

343 1452 439 1502 οὗτος
457 1457 523 1511 γὰρ
540 1456 705 1512 χάλκειον
722 1457 754 1502 ἐς
768 1455 911 1510 οὐρανὸν
934 1455 1140 1508 ἐστήρικται

341 1517 483 1571 χρυσέῳ
498 1518 562 1556 εἰνὶ
579 1516 709 1570 θρόνῳ,
734 1514 837 1569 γαίης
853 1515 884 1554 δ’
907 1514 965 1554 ἔπι
980 1515 1088 1555 ποσσὶ
1109 1514 1260 1568 βέὸηκε,

341 1577 446 1629 χεῖρά
467 1593 505 1615 τε
526 1575 698 1629 δεξιτερὴν
718 1575 775 1615 ἐπὶ
789 1574 964 1628 τέρματος
980 1575 1150 1614 ὠκεανοῖο

296 1650 334 1677 20
351 1636 519 1675 πάντοθεν
542 1633 832 1688 ἐκτέτακεν·περὶ
852 1634 919 1688 γὰρ
933 1633 1054 1688 τρέμει
1068 1634 1171 1688 οὔρεα
1187 1633 1323 1688 μακρά,

343 1696 403 1736 καὶ
421 1695 596 1747 ποταμοί,
618 1697 742 1743 πολιῆς
759 1711 796 1734 τε
815 1695 920 1748 βάθος
937 1699 1110 1748 χαροποῖο
1128 1693 1322 1741 θαλάσσης.

398 1774 688 1827 (Servavithunc
704 1775 833 1811 locum
845 1775 866 1810 J
870 1774 1015 1810 ustinus
1022 1774 1169 1822 Mat-tyr
1180 1772 1327 1810 Cohor-

345 1842 411 1872 tat.
431 1847 521 1885 pag.
550 1834 598 1872 18
621 1833 683 1873 ed.
704 1833 808 1870 Rob.
831 1833 965 1882 steph.
986 1845 995 1868 ι
1024 1829 1196 1884 Ὀρφεύς,
1223 1832 1242 1868 ὃ
1265 1833 1328 1877 τῆς

347 1892 603 1941 πολυθεότητος
622 1892 735 1944 ὑμῶν,
748 1892 795 1935 ὡς
816 1889 859 1929 ἂν
879 1889 971 1930 εἴποι
984 1905 1050 1940 τις,
1073 1891 1212 1943 πρῶτος
1229 1889 1326 1928 διδά·

346 1953 475 1997 σκαλος
501 1950 664 2005 γεγονώς,
687 1943 744 1990 οἶα
770 1951 856 2003 πρὸς
874 1950 934 1989 τὸν
964 1950 1037 1989 υἱὸν
1063 1949 1244 1989 Μουσαῖον
1268 1948 1329 1987 καὶ

349 2012 428 2057 τοὺς
441 2011 583 2057 λοιποὺς
598 2010 773 2064 ἀκροατὰς
788 2010 931 2064 ὕστερον
952 2010 1034 2064 περ).
1051 2013 1110 2049 τοῦ
1130 2009 1236 2060 μόνου
1252 2013 1328 2049 θεοῦ

346 2070 511 2125 κηρύττει
531 2071 659 2122 λέγων,
680 2074 868 2122 ἀναγκαῖον
887 2072 1093 2121 ὑπομνῆσαι
1107 2072 1210 2120 ὑμᾶς.
1229 2067 1328 2122 Ἔφη

347 2130 384 2169 δὲ
405 2130 530 2174 οὕτως·
564 2128 769 2182 Φθέγξομαι
795 2130 876 2169 κτλ.
914 2131 1044 2169 Exstat
1073 2132 1189 2168 etiam
1226 2130 1330 2179 apud

348 2193 512 2229 eundem
533 2192 580 2228 de
602 2191 827 2228 Monarchia
843 2192 917 2227 Dei
937 2204 977 2241 p.
1000 2190 1074 2228 166
1097 2190 1159 2230 ed.
1180 2191 1328 2239 Steph.;

348 2252 578 2289 Clementem
589 2252 698 2290 Alex.
711 2251 870 2289 Cohort.
885 2263 925 2300 p.
940 2249 988 2286 63
1008 2250 1069 2287 ed.
1084 2251 1203 2299 Pott.;
1216 2248 1331 2286 Euse-

786 2362 813 2393 1.

269 2428 381 2460 Dicam
400 2426 518 2467 quibus
538 2435 594 2467 par
610 2427 679 2465 εει,
695 2424 836 2459 claudite
853 2427 961 2467 portas
975 2425 1115 2467 profanis

269 2485 366 2518 simul
384 2485 554 2518 omnibus:
573 2486 609 2517 tu
628 2493 705 2518 vero
725 2484 816 2525 audi,
829 2484 972 2518 luciferae
982 2484 1070 2517 lunae
1083 2484 1128 2517 lili

269 2547 390 2578 Musaee
407 2554 415 2577 :
432 2545 564 2586 eloquar
578 2544 663 2576 enim
676 2552 764 2584 vera,
782 2552 887 2586 neque
900 2545 932 2577 te
946 2544 1156 2585 cogitationes
1173 2544 1260 2586 prius

270 2605 302 2637 in
326 2604 436 2637 animo
451 2604 588 2637 versatae
607 2612 680 2636 cara
698 2604 762 2636 vita
776 2603 914 2645 privent.

270 2663 422 2696 Divinam
439 2664 548 2695 autem
571 2664 712 2695 mentem
731 2663 970 2704 contemplatus
991 2663 1116 2704 insiste,

270 2731 399 2756 omnem
420 2722 535 2764 ingenii
556 2722 658 2755 aciem
681 2722 863 2763 intendens,
882 2726 914 2755 et
932 2722 1014 2756 hene
1031 2723 1199 2764 ingredere

271 2782 356 2814 viam
370 2781 540 2823 solumque
551 2780 664 2813 mundi
684 2789 792 2822 regem
803 2781 941 2814 intuere.

271 2843 362 2875 Unus
378 2843 446 2882 est,
466 2849 507 2872 ex
525 2849 559 2872 se
581 2842 782 2882 procreatus,
801 2841 834 2874 et
850 2840 891 2873 ab
908 2850 972 2874 uno
988 2841 1096 2874 omnia
1108 2842 1181 2874 orta
1195 2847 1289 2885 sunt,

271 2909 327 2942 per
338 2909 380 2933 ea
397 2901 507 2932 autem
531 2899 597 2941 ipse
624 2899 835 2932 circumcirca
854 2900 1009 2942 graditur,
1030 2910 1135 2942 neque
1160 2902 1332 2944 quisquam

270 2962 384 3002 aspicit
406 2961 605 3000 mortalium,
621 2960 676 2992 sed
696 2959 765 3002 ipse
776 2969 888 2993 omnes
905 2961 992 2994 certe
1013 2961 1113 2995 videt.
1244 2961 1334 3004 [eum

275 3021 334 3053 Hic
347 3022 456 3053 autem
474 3022 546 3062 post
558 3020 744 3053 felicitatem
758 3020 997 3053 incommodum
1014 3022 1335 3056 mortalibusinvebit

273 3082 306 3113 et
318 3080 438 3113 bellum
459 3080 627 3112 horridum
647 3081 679 3113 et
699 3080 826 3113 dolores
843 3080 1039 3115 lacrimosus.
1137 3126 1139 3128 q

273 3143 386 3183 Neque
400 3141 570 3182 quisquam
589 3140 671 3174 alius
689 3141 738 3174 est
759 3141 876 3182 praeter
889 3149 1043 3182 magnum
1067 3150 1187 3183 regem.

275 3202 316 3234 At
333 3200 439 3241 ipsum
453 3209 518 3232 non
539 3200 634 3232 video
654 3213 661 3233 :
683 3200 787 3233 nubes
807 3200 892 3232 enim
913 3200 1143 3242 circumposita
1159 3205 1218 3235 est.

274 3262 421 3302 Namque
429 3259 579 3292 omnibus
591 3260 782 3292 mortalibus
791 3260 942 3293 mortales
950 3261 1121 3302 pupulaein
1135 3262 1237 3294 oculis
1245 3266 1335 3302 sunt,

275 3321 425 3354 invalidae
444 3321 484 3353 ad
503 3321 678 3354 videndum
693 3322 809 3354 Jovem
828 3322 974 3354 omnium
994 3325 1210 3363 regnatorem.

277 3382 404 3424 Quippe
417 3381 469 3414 hic
483 3391 573 3414 aeneo
592 3381 677 3414 coelo
697 3381 845 3414 innititur

277 3449 377 3474 aureo
389 3440 421 3473 in
434 3440 514 3473 solio
529 3439 683 3481 (sedens).
701 3439 899 3482 pedibusque
919 3439 953 3473 in
977 3441 1061 3473 terra
1077 3440 1237 3481 consistit,

278 3500 490 3541 dextramque
506 3508 637 3532 manum
656 3508 757 3540 usque
771 3498 809 3531 ad
827 3500 938 3532 oceani
955 3499 1133 3532 terminum

280 3558 422 3601 undique
441 3559 602 3601 protendit
621 3572 629 3591 ι
654 3558 861 3592 circumcirca
875 3559 961 3592 enim
976 3563 1120 3593 tremunt
1138 3563 1262 3593 montes
1276 3560 1333 3593 alti

1458 361 1566 398 bium
1580 360 1704 412 Praep.
1717 363 1861 412 Evang.
1871 363 1983 409 XIII,
1998 374 2055 410 η,
2068 374 2107 413 p.
2121 361 2197 411 389
2209 361 2273 400 ed.
2287 363 2439 413 Steph.;

1461 419 1646 470 Cyrillum
1667 427 1799 458 contra
1829 422 2023 459 Julianum
2039 434 2080 472 p.
2112 421 2178 461 26.
2198 421 2339 460 Confer
2361 423 2437 462 fra·

1461 493 1571 530 gmen
1579 487 1658 517 tum
1681 481 1904 528 secundum,
1919 493 1942 518 a
1959 494 2038 531 quo
2052 482 2127 519 hoc
2150 482 2300 520 insertis
2316 490 2442 520 muta-

1460 541 1585 588 tisque
1600 540 1778 590 pluribus
1796 541 1967 578 versibus
1989 541 2193 592 discrepat.

1513 596 1577 633 Vs.
1613 606 1683 631 1-2
1725 592 1873 646 βέὸηλοι
1908 593 2037 639 πάντες
2070 595 2192 633 edidit
2231 596 2447 646 Stephanus

1462 666 1551 690 cum
1578 654 1787 703 plerisque,
1804 654 1872 692 sed
1903 653 2067 706 βεὸήλοις
2097 659 2206 693 πᾶσιν
2233 669 2314 693 non
2345 657 2444 694 male

1460 724 1550 762 pars
1569 713 1759 750 librorum
1773 713 1988 762 Clementis,
2005 716 2097 752 item
2110 716 2291 752 Tatianus
2305 715 2374 753 Or.
2393 714 2446 763 ad

1461 772 1612 810 Graecos
1623 785 1665 822 p.
1679 772 1725 817 34
1739 772 1801 812 ed.
1814 773 1943 811 Oxon.
1960 782 1999 811 et
2011 773 2279 812 Theodoretus
2293 774 2416 813 Serm.
2426 775 2444 812 1

1460 841 1503 878 p.
1532 839 1592 877 19,
1615 826 1635 862 3
1646 839 1678 866 1.
1697 828 1748 864 At
1769 826 1881 864 Plato
1897 840 2049 865 versum
2061 829 2268 878 respiciens
2283 829 2446 867 Conviv.

1461 899 1503 935 p.
1528 886 1605 924 218
1628 887 1672 932 B,
1694 886 1741 925 Οἱ
1761 885 1798 925 δὲ
1825 884 1972 934 οἰκέται,
1994 889 2134 937 inquit,
2148 885 2209 925 καὶ
2228 885 2261 925 εἴ
2275 901 2327 932 τις
2342 886 2449 931 ἄλλος

1464 943 1538 983 ἐστὶ
1557 943 1708 998 βέὸηλός
1728 960 1766 984 τε
1785 944 1847 984 καὶ
1872 946 2055 1000 ἄγροικος,
2081 945 2197 990 πύλας
2216 945 2310 985 πάνυ
2331 945 2449 999 μεγά-

1462 1004 1528 1048 λας
1543 1004 1614 1049 τοῖς
1633 1003 1719 1043 ὠσὶν
1750 1003 1924 1046 ἐπίθεσθε.
1955 1008 2175 1057 Utrumque
2196 1005 2450 1044 commodum

1465 1065 1583 1103 habet
1598 1064 1777 1117 sensum.)

1889 1145 1943 1185 II.

1467 1226 1675 1280 Φθέγξομαι
1689 1220 1738 1272 οἷς
1750 1226 1848 1279 θέμις
1863 1227 1952 1279 ἐστί,
1970 1229 2073 1282 θύρας
2086 1229 2116 1267 δ’
2128 1227 2455 1282 ἐπίθεσθεβέὸηλοι

1465 1287 1566 1327 οὔασι
1588 1287 1772 1342 φεύγοντες
1794 1288 1944 1340 θεσμοὺς
1965 1287 2071 1328 θείοιο
2090 1287 2248 1335 τεθέντος

1466 1353 1556 1388 πᾶσι
1574 1347 1699 1399 νόμου.
1722 1347 1776 1388 Σὺ
1804 1348 1833 1386 δ’
1852 1350 1957 1388 ἄκουε
1978 1348 2178 1403 φαεσφόρου
2195 1346 2318 1400 ἔκγονε
2338 1346 2455 1399 μήνης

1467 1410 1636 1449 Μουσαῖ’·
1659 1408 1784 1464 ἐξερέω
1801 1409 1871 1463 γὰρ
1889 1408 2042 1458 ἀληθέα,
2064 1408 2155 1461 μηδέ
2176 1425 2217 1449 σε
2231 1408 2279 1449 τὰ
2301 1408 2384 1462 πρὶν

1413 1483 1430 1508 ⁶
1462 1469 1497 1507 ἐν
1517 1468 1683 1517 στήθεσσι
1699 1469 1855 1524 φανέντα
1870 1468 1974 1523 φίλης
1991 1470 2116 1514 αἰῶνος
2137 1470 2300 1523 ἀμέρσῃ,

1470 1529 1518 1573 εἷς
1539 1527 1575 1567 δὲ
1589 1528 1692 1581 λόγον
1709 1533 1798 1569 θεῖον
1819 1529 1953 1584 βλέψας
1971 1530 2085 1581 τούτῳ
2107 1529 2320 1582 προσέδρευε
2333 1559 2346 1577 ,

1468 1587 1594 1628 ἰθύνων
1615 1588 1761 1642 κραδίης
1775 1589 1891 1643 νοερὸν
1910 1589 2034 1635 κύτος·
2054 1584 2093 1628 εῧ
2116 1590 2146 1628 δ’
2162 1588 2324 1629 ἔπίὸαινε

1469 1650 1684 1701 ἀτραπιτοῧ,
1706 1653 1832 1701 μοῦνον
1847 1649 1875 1688 δ’
1892 1649 1999 1704 ε’σόρα
2017 1648 2165 1701 κόσμοιο
2181 1647 2348 1696 τυπωτὴν

1471 1707 1657 1748 ἀθάνατον.
1678 1707 1831 1753 παλαιὸς
1850 1708 1885 1747 δὲ
1902 1708 2004 1760 λόγος
2023 1709 2106 1762 περὶ
2127 1709 2228 1748 τοῦδε
2243 1706 2396 1762 φαείνει·

1419 1782 1452 1808 10
1474 1762 1521 1813 εἷς
1539 1767 1613 1808 ἔστ’
1632 1768 1845 1818 αὐτοτελής,
1865 1770 1971 1808 αὐτοῦ
1990 1768 2023 1808 δ’
2045 1768 2113 1808 ὕπο
2129 1768 2248 1819 πάντα
2268 1769 2437 1816 τελεῖται,

1474 1829 1508 1867 ἐν
1527 1828 1557 1868 δ’
1580 1831 1697 1873 αὐτοῖς
1712 1827 1815 1873 αὐτὸς
1836 1827 2095 1882 περινίσσεται·
2116 1827 2195 1867 οὐδέ
2211 1845 2265 1874 τις
2285 1827 2389 1868 αὒτὸν

1473 1887 1618 1941 εἷσοράᾳ
1635 1890 1757 1942 ψυχῶν
1773 1890 1922 1936 θνητῶν,
1938 1890 1986 1942 νῷ
2008 1889 2037 1926 δ’
2060 1889 2281 1943 εἷσοραᾶται.

1473 1948 1576 1993 αὐτὸς
1594 1948 1623 1987 δ’
1644 1948 1678 1994 ἐξ
1699 1950 1838 2000 ἀγαθῶν
1855 1951 1992 1996 θνητοῖς
2012 1947 2122 1988 κακὸν
2145 1949 2209 1987 οὐκ
2227 1946 2407 1987 ἐπιτέλλει

1475 2007 1669 2061 ἀνθρώποις
1682 2022 1695 2033 ·
1713 2010 1809 2060 αὐτῷ
1827 2007 1863 2047 δὲ
1883 2007 1987 2061 χάρις
2005 2008 2065 2047 καὶ
2087 2013 2189 2059 μῖσος
2206 2007 2350 2056 ὀπηδεῖ,

1421 2081 1454 2107 15
1475 2067 1536 2106 καὶ
1555 2067 1708 2118 πόλεμος
1729 2067 1789 2106 καὶ
1805 2066 1927 2118 λοιμὸς
1950 2068 1994 2106 ἰδ’
2016 2066 2127 2120 ἄλγεα
2148 2065 2383 2121 δακρυόεντα.

1475 2126 1553 2166 οὐδέ
1563 2142 1614 2171 τις
1629 2126 1699 2166 ἔσθ’
1711 2126 1840 2179 ἕτερος.
1861 2125 1913 2166 Σὺ
1929 2127 1968 2166 δέ
1982 2142 2041 2165 κεν
2061 2125 2123 2180 ῥέα
2135 2126 2240 2166 πάντ’
2255 2125 2458 2181 ε’σορήσαις,

1475 2186 1513 2225 αἴ
1526 2203 1584 2226 κεν
1606 2185 1682 2238 ἴδῃς
1700 2185 1815 2225 αὐτόν·
1837 2185 1919 2240 πρὶν
1936 2185 1978 2233 δή
1999 2202 2084 2226 ποτε
2106 2185 2199 2237 δεῦρ’
2217 2185 2274 2225 ἐπὶ
2287 2185 2404 2238 γαῖαν,

1477 2246 1601 2286 τέκνον
1622 2246 1723 2298 ἐμόν,
1747 2245 1847 2292 δείξω
1868 2261 1947 2294 σοι,
1967 2244 2120 2293 ὁπηνίκα
2138 2244 2316 2298 δέρκομαι
2337 2246 2444 2284 αὐτοῦ

1392 2361 1424 2392 ct
1441 2359 1530 2391 ssuvii
1546 2359 1683 2400 canique
1700 2358 1894 2400 profundum
1908 2358 2035 2391 cmrulei
2053 2359 2160 2392 maris.

1900 2462 1941 2493 lt.

1393 2550 1503 2582 Dicam
1518 2549 1637 2591 quibus
1651 2558 1708 2591 par
1726 2552 1796 2590 est;
1818 2549 1975 2582 obstruite
1987 2550 2096 2582 autem
2113 2557 2206 2581 aures
2222 2549 2345 2590 profani

1394 2610 1549 2651 fugientes
1565 2609 1751 2651 praescripta
1766 2609 1844 2650 legis
1860 2608 1980 2641 divinae
1999 2608 2154 2641 omnibus

1393 2669 1567 2711 impositae.
1586 2671 1635 2702 Τιι
1649 2678 1726 2702 vero
1742 2668 1831 2709 audi,
1850 2668 1992 2702 luciferae
2006 2669 2092 2701 lunae
2108 2668 2167 2709 fili,

1394 2731 1535 2769 Musaee3
1557 2729 1692 2770 eloquar
1705 2728 1792 2762 enim
1814 2737 1903 2770 vera,
1920 2737 2026 2769 neque
2041 2731 2071 2761 te
2090 2727 2300 2769 cogitationes
2341 2754 2351 2765 .

1395 2788 1485 2830 prius
1504 2788 1535 2820 in
1545 2788 1655 2821 animo
1666 2790 1803 2820 versatae
1817 2796 1890 2820 cara
1908 2787 1972 2820 vita
1988 2787 2134 2829 privent,

1393 2848 1535 2881 divinam
1550 2850 1657 2880 autem
1676 2848 1817 2880 mentem
1838 2847 2077 2888 contemplatus
2090 2846 2203 2879 insiste

1394 2916 1523 2941 omnem
1538 2907 1655 2948 ingenii
1670 2907 1771 2939 aciem
1789 2906 1971 2945 intendens,
1990 2907 2021 2938 et
2039 2906 2120 2938 bene
2133 2905 2301 2947 ingredere

1394 2967 1481 3000 viam
1498 2967 1668 3008 solumque
1681 2965 1791 2998 mundi
1808 2965 2015 2998 formatorem
2033 2965 2158 2998 intuere

1394 3027 1621 3061 immortalem.
1639 3027 1744 3060 Vetus
1752 3027 1859 3059 autem
1875 3026 1996 3058 dictum
2013 3025 2192 3058 dehocdici
2203 3026 2334 3058 solitum
2350 3026 2458 3068 splen·

1397 3090 1491 3121 Unus
1504 3087 1554 3120 est
1567 3085 1726 3128 perfectus
1739 3085 1780 3118 ab
1792 3094 1895 3126 eoque
1910 3085 2018 3118 omnia
2033 3085 2252 3127 perficiuntur,
2348 3084 2418 3128 [det
2439 3098 2448 3119 ι

1397 3156 1457 3189 per
1470 3155 1507 3180 ea
1522 3149 1631 3179 autem
1646 3146 1714 3188 ipse
1734 3144 1942 3178 circumcirca
1959 3145 2122 3186 graditur;
2141 3154 2246 3187 neque
2262 3145 2350 3178 ullus

1397 3206 1614 3239 humanorum
1631 3204 1815 3238 animorum
1834 3212 1908 3236 eum
1923 3203 2048 3244 aspicit,
2065 3203 2146 3245 (qui)
2165 3204 2275 3236 mente
2291 3202 2456 3245 aspicitur.

1398 3267 1471 3307 Ipse
1483 3274 1561 3298 vero
1575 3265 1648 3306 post
1659 3264 1842 3297 felicitatem
1854 3262 2099 3295 incommodum
2118 3263 2311 3296 mortalibus
2327 3271 2391 3295 non
2402 3261 2461 3297 in·

1399 3324 1584 3357 hominibus
1601 3333 1610 3356 :
1629 3332 1703 3357 eum
1716 3331 1808 3355 amor
1823 3323 1856 3355 et
1878 3322 1989 3354 odium
2012 3322 2208 3355 comitantur
2354 3321 2462 3364 [vehit

1399 3384 1431 3415 et
1448 3382 1571 3415 bellum
1591 3384 1624 3415 et
1642 3380 1822 3423 pestilentia
1841 3383 1874 3414 et
1890 3380 2016 3414 dolores
2030 3381 2204 3414 lacrimosi.

1399 3443 1511 3484 Neque
1533 3441 1614 3474 alius
1628 3442 1690 3474 est.
1713 3440 1775 3474 Sed
1794 3441 1829 3473 tu
1849 3439 1941 3473 facile
1957 3441 2065 3472 omnia
2088 3440 2266 3482 aspexeris,

1398 3503 1425 3535 si
1445 3503 1556 3537 videas
1569 3503 1675 3544 ipsum
1695 3512 1703 3534 :
1722 3502 1811 3544 prius
1832 3501 2004 3543 aliquando
2022 3501 2074 3534 hic
2087 3510 2143 3542 ρει·
2157 3502 2289 3541 terram,

1402 3562 1445 3594 mi
1464 3562 1519 3604 fili,
1538 3562 1724 3595 monfftrabo
1743 3561 1819 3598 tibi,
1837 3560 2097 3603 quandoquidem
2117 3560 2186 3601 ejus
2206 3558 2341 3601 vestigia
2361 3557 2456 3592 video

2603 430 2612 461 m.
