2612 3814
278 263 350 295 491
960 253 1439 294 PYTHAGOREORUM
1473 254 1536 293 ET
1567 253 1810 294 ALIORUM

411 336 605 390 (Stobaeus
628 336 762 376 Floril.
786 335 982 386 LXXXII,
1010 338 1053 375 16
1075 339 1114 375 ἐκ
1142 339 1211 375 τῶν
1237 336 1330 389 Ἀρί-

355 412 482 441 στωνος
503 395 765 448 δμοιωμᾶτων.)

276 469 337 494 209.
355 455 431 502 Τὴν
467 455 679 507 κακολογίαν
711 457 733 501 ἡ
764 453 850 507 ὀργὴ
886 454 1047 507 φαίνεται
1083 456 1332 506 ἇπογεννῶσα,

353 514 444 554 ὥστε
464 517 486 562 ἡ
508 514 627 567 μήτηρ
648 516 709 553 οὐκ
730 515 870 554 ἀστεῖα.

407 573 595 626 (Stobaeus
624 573 728 613 Flor.
750 573 834 624 XX,
854 574 904 624 69
926 572 1158 626 Ἀρίστωνος.)

275 646 335 672 ιιο.
353 631 503 686 Ὀνείρῳ
520 631 629 671 ἔοικεν
650 634 668 670 ὁ
684 634 754 670 τῶν
772 631 994 670 ἀπαιδεύτων
1014 632 1106 684 βίος,
1123 630 1223 675 κενὰς
1241 630 1331 682 ἔχων

354 691 562 746 φαντασίας.

409 754 569 802 (Anton.
605 760 642 790 et
669 750 865 790 Maximus
895 763 1010 790 serm.
1052 749 1132 802 περὶ
1169 748 1332 791 παιδείας

355 811 428 850 snb
448 811 590 850 Isidori
620 811 800 856 nomine3
820 809 922 847 idem
944 810 1090 847 dictum
1122 808 1332 846 Plutarcho

355 870 546 908 tribuitur
581 870 622 908 in
655 868 860 919 Excerptis
891 881 912 906 e
944 869 1030 906 cod.
1055 867 1158 907 Flor.
1187 868 1330 907 Joann.

353 930 529 967 Damaso.
554 927 658 980 apud
691 927 856 966 Meinek.
879 926 987 965 Stob.
1014 926 1120 966 Flor.
1157 935 1251 964 tom.
1282 925 1331 964 IV

352 1001 441 1040 pag.
481 987 572 1027 225.
605 986 695 1026 Vid.
729 985 928 1023 Plutarchi
979 999 1041 1037 op.
1078 985 1139 1023 ed.
1172 985 1329 1023 Hutten.

352 1056 444 1086 tom.
463 1046 549 1084 XIV
569 1060 606 1097 p.
626 1046 700 1083 362
724 1045 824 1096 sqq.)

274 1121 334 1147 tn.
353 1106 568 1158 Δυσοίρεστοι
584 1105 678 1149 ὄντες
692 1106 723 1144 οἱ
744 1103 947 1143 ἀπαίδευτοι
961 1133 971 1151 ,
990 1103 1150 1157 καθάπερ
1163 1102 1199 1149 ἐξ
1213 1105 1331 1143 οἰκιῶν

350 1167 420 1204 τῶν
441 1164 678 1218 προαιρέσεων
696 1163 774 1203 καθ’
793 1162 931 1216 ἡμέραν
950 1162 1221 1213 μετοικίζονται.

406 1226 567 1278 (Anton.
589 1233 627 1263 et
656 1224 851 1262 Maximus
888 1236 1006 1263 serm.
1034 1222 1115 1274 περὶ
1149 1222 1329 1270 παιδείας,

349 1284 420 1323 ubi
455 1285 566 1323 nullo
613 1284 773 1322 nomine
808 1284 979 1335 ascripto
1015 1282 1174 1335 Epicuri
1205 1282 1332 1320 effatis

348 1343 431 1381 haec
442 1343 633 1382 sententia
643 1342 910 1394 subjungitur.
929 1341 1003 1380 Sed
1015 1343 1062 1380 ad
1078 1341 1328 1381 Plutarchum

349 1412 548 1441 auctorem
582 1402 750 1441 refertur
778 1402 819 1440 in
855 1401 1034 1453 Excerpt.
1062 1415 1083 1440 e
1115 1401 1202 1442 cod.
1225 1401 1327 1439 Flor.

348 1462 490 1502 Joann.
509 1463 688 1502 Damasc.
710 1462 737 1501 l.
757 1459 808 1509 c.)

270 1535 332 1561 112.
350 1523 396 1562 Οἱ
419 1521 482 1572 μὲν
500 1521 588 1566 ξένοι
609 1523 642 1559 ἐν
663 1525 738 1564 ταῖς
758 1520 866 1572 ὁδοῖς,
882 1521 913 1558 οἱ
928 1520 964 1558 δὲ
982 1520 1187 1559 ἀπαίδευτοι
1206 1521 1241 1559 ἓν
1258 1527 1329 1565 τοῖς

348 1580 534 1633 πράγμασι
555 1580 828 1618 διαπλανῶνται.

404 1641 560 1688 (Anton.
596 1647 634 1677 et
665 1638 857 1677 Maximus
892 1651 1009 1678 serm.
1034 1638 1114 1691 περὶ
1146 1639 1328 1690 παιδείας,

350 1699 419 1737 ubi
441 1700 549 1736 nullo
571 1698 926 1750 nomine-apposito
945 1697 1104 1750 Epicuri
1126 1701 1331 1751 praeceptis

348 1759 422 1796 hoc
441 1758 727 1810 apophthegma
740 1757 958 1810 subjectum
974 1767 1044 1799 est.
1058 1760 1190 1798 Exstat
1203 1769 1329 1798 autem

350 1818 424 1857 sub
436 1818 636 1857 Plutarchi
651 1818 812 1857 nomine
830 1819 873 1857 in
890 1818 1072 1871 Excerpt.
1089 1832 1110 1858 e
1125 1820 1210 1860 cod.
1227 1820 1328 1859 Flor.

348 1877 489 1916 Joann.
507 1881 674 1916 Damasc
691 1879 718 1918 l.
738 1877 786 1931 c.)

270 1950 331 1977 113.
353 1935 447 1977 Οὔτε
470 1936 563 1990 ὕδωρ
594 1937 749 1991 θολερόν,
774 1935 852 1975 οὔτε
885 1936 1092 1978 ἀπαίδευτον
1122 1937 1238 1991 ψυχὴν
1268 1954 1329 1977 τα-

350 1996 491 2050 ράσσειν
509 1997 573 2034 δεῖ.

405 2055 566 2108 (Anton.
589 2064 627 2094 et
646 2055 841 2095 Maximus
868 2069 986 2097 serm.
1010 2056 1091 2109 περὶ
1112 2057 1273 2101 παιδείας
1292 2067 1329 2096 et

347 2114 525 2166 Excerpt.
546 2127 568 2152 e
600 2114 688 2154 cod.
723 2113 827 2154 Flor.
864 2114 1004 2155 Joann.
1031 2116 1204 2157 Damaso.
1239 2118 1264 2156 l.
1293 2131 1325 2157 e.

349 2172 615 2227 Πλουτάρχου.)

269 2246 330 2287 nt-
356 2232 426 2272 Καὶ
443 2233 523 2271 ὁδοῦ
541 2232 599 2272 καὶ
620 2233 784 2280 ἀληθείας
800 2233 955 2286 χαλεπὸν
971 2235 1277 2283 ἀποπλανηθῆναι.

406 2293 567 2343 (Anton.
603 2301 641 2330 et
672 2292 776 2331 Max.
812 2306 931 2333 serm.
968 2294 1049 2346 περὶ
1095 2295 1259 2342 ἀληθείας
1294 2304 1331 2333 et

348 2351 530 2404 Excerpt.
559 2364 581 2390 e
609 2352 696 2390 cod.
727 2352 833 2393 Flor.
856 2353 998 2392 Joann.
1023 2354 1199 2394 Damaso.
1232 2355 1258 2395 l.
1293 2370 1328 2395 o.

349 2425 389 2461 p.
414 2417 489 2456 242
512 2411 778 2463 Πλουτάρχου.)

270 2483 332 2508 115.
351 2469 404 2508 Τὸ
425 2469 487 2520 μὲν
510 2469 585 2508 ἴσον
607 2472 721 2523 ζυγῷ,
741 2471 780 2510 τὸ
800 2471 836 2511 δὲ
857 2472 983 2520 ἀληθὲς
1002 2475 1051 2526 τῷ
1073 2476 1110 2512 ἐκ
1127 2475 1329 2529 φιλοσοφίας

349 2528 443 2581 λόγῳ
462 2528 634 2581 κρίνεται.

314 2644 383 2672 109.
408 2641 549 2681 Apparet
565 2641 647 2673 iram
663 2650 776 2683 parere
802 2641 1060 2675 maledicentiam
1081 2656 1088 2676 ι
1107 2644 1217 2685 itaque
1236 2645 1329 2677 inlin-

270 2698 431 2731 manitatis
449 2701 553 2732 mater
573 2700 631 2733 est.

317 2759 543 2791 ttossomnio
563 2759 677 2792 similis
700 2763 749 2793 est
771 2761 995 2803 imperitorum
1017 2762 1104 2803 vita,
1126 2771 1228 2796 vanas
1247 2763 1327 2796 ima-

267 2817 448 2858 ginationes
461 2818 595 2851 liabens

312 2880 385 2920 111.
411 2877 539 2909 Indocti
561 2879 678 2910 morosi
706 2887 782 2912 cum
812 2880 899 2922 sint,
927 2882 1084 2923 tanquam
1112 2891 1152 2916 ex
1185 2883 1328 2925 aedibus,

270 2935 316 2967 sic
334 2935 374 2968 de
392 2935 460 2968 suis
474 2936 631 2969 institutis
650 2938 795 2979 quotidie
811 2939 959 2980 migrant.

314 2998 384 3028 112.
408 2996 452 3028 Ut
466 2995 622 3036 peregrini
636 2995 668 3027 in
685 2995 754 3036 viis,
771 2997 816 3029 ita
829 2997 950 3030 indocti
963 2998 995 3031 in
1008 2998 1104 3032 rebus
1119 2998 1196 3041 ipsis
1206 3003 1326 3033 errant.

314 3055 384 3086 113.
408 3054 520 3094 Neque
543 3062 663 3095 aquam
682 3053 843 3086 turbidam
856 3079 865 3095 ,
880 3064 984 3096 neque
1002 3056 1170 3090 indoctum
1182 3058 1329 3090 animum

268 3113 470 3159 commoveri.
483 3115 623 3155 oportet.

315 3174 385 3205 114.
409 3174 437 3204 Α
453 3172 505 3204 via
521 3174 553 3204 et
571 3171 706 3205 veritate
723 3172 873 3205 aberrare
891 3174 1063 3207 molestum
1077 3176 1138 3209 est.

314 3234 385 3264 115.
410 3231 589 3273 AEqualitas
606 3231 728 3264 trutina
740 3256 749 3272 ,
770 3232 890 3264 veritas
903 3235 1011 3265 autem
1035 3234 1257 3276 philosophica
1275 3245 1328 3268 ra-

269 3290 359 3323 tione
378 3287 593 3332 examinatur.

316 3351 388 3381 116.
408 3349 534 3388 Ignotae
559 3348 690 3382 virtutis
717 3349 806 3382 velut
838 3349 955 3382 defossi
984 3350 1055 3383 auri
1085 3351 1235 3392 splendor
1264 3361 1328 3384 non

270 3411 413 3449 apparet.

317 3471 392 3500 117.
415 3467 698 3506 Quemadmodum
717 3468 756 3500 iis
784 3469 839 3510 qui
870 3477 1006 3510 corpora
1035 3472 1187 3504 exercent
1215 3471 1328 3513 cibus,

272 3527 318 3559 sie
337 3527 419 3560 bene
442 3527 602 3560 institutis
619 3528 722 3561 virtus
734 3528 842 3561 suavis
860 3528 1002 3562 videtur.

1531 336 1690 387 (Anton.
1713 345 1751 375 et
1771 336 1964 375 Maximus
1985 349 2102 377 serm.
2131 336 2210 389 περὶ
2231 337 2397 385 ἀληθείας
2416 342 2457 379 et.

1478 395 1658 447 Excerpt.
1692 408 1730 436 e.
1762 396 1850 437 cod.
1874 396 1976 437 Flor.
1994 395 2137 436 Joann.
2160 396 2338 436 Damasc.
2361 397 2387 438 l.
2417 412 2453 438 c.

1475 468 1513 506 p.
1537 453 1642 507 243.)

1397 527 1460 552 11⁶.
1480 516 1556 560 Τῆς
1585 512 1821 565 ἀγνοουμένης
1850 516 1998 566 ἀρετῆς,
2019 512 2140 567 ὥσπερ
2160 517 2220 553 τοῦ
2252 530 2455 569 κατορωρυ-

1474 572 1604 624 γμένου
1622 572 1791 626 χρυσίου,
1811 575 1834 619 ἡ
1854 572 2063 626 λαμπρότης
2083 575 2121 613 οὐ
2146 572 2328 625 βλέπεται.

1533 632 1689 684 (Anton.
1707 640 1745 671 et
1764 631 1868 672 Max.
1894 645 2013 673 serm.
2032 631 2115 685 περὶ
2137 632 2212 685 βίου
2243 633 2369 686 ἀρετῆς
2395 635 2458 672 καὶ

1475 690 1630 741 κακίας.)

1398 764 1458 790 117.
1479 749 1527 790 ‘11
1550 749 1744 805 μὲν-,τροφὴ
1761 753 1832 795 τοῖς
1851 751 2143 802 γυμναζομένοις,
2162 753 2185 798 ἡ
2204 750 2239 790 δὲ
2258 749 2365 804 ἀρετὴ
2385 756 2456 798 τοῖς

1475 809 1770 860 πεπαιδευμένοις
1786 811 1888 858 ἡδεῖα
1906 810 2080 863 φαίνεται.

1531 869 1690 920 (A'nton.
1712 877 1751 908 et
1781 869 1883 909 Max.
1913 882 2031 910 serm.
2055 869 2134 924 περὶ
2156 869 2231 923 βίου
2252 871 2375 924 ἀρετῆς
2395 870 2457 909 καὶ

1475 928 1629 979 κακίας.)

1398 1001 1460 1028 118.
1478 986 1545 1027 Ἐκ
1566 988 1629 1039 μὲν
1647 991 1707 1027 τοῦ
1728 987 1833 1032 ποδὸς
1855 986 1917 1035 τὴν
1946 987 2115 1037 ἄκανθαν,
2135 989 2174 1028 ἔκ
2192 987 2230 1028 δὲ
2249 989 2311 1036 τῆς
2329 987 2457 1040 ἀλόγου

1474 1049 1591 1101 ψυχῆς
1609 1047 1674 1096 τὴν
1697 1047 1841 1100 ἄγνοιαν
1861 1046 2089 1092 ὑπεξελέσθαι
2109 1048 2175 1088 δεῖ.

1532 1108 1692 1159 (Anton.
1710 1116 1748 1146 et
1764 1108 1867 1148 Max.
1892 1120 2008 1148 serm.
2028 1107 2108 1160 περὶ
2126 1108 2270 1160 λογικοῦ
2286 1109 2346 1148 καὶ
2362 1108 2457 1159 λογι·

1475 1169 1569 1217 σμοῧ
1598 1175 1635 1204 et
1667 1167 1854 1206 Arsenius
1882 1167 2024 1206 violet.
2043 1179 2160 1205 serm.
2181 1165 2264 1219 περὶ
2291 1167 2455 1219 λογικοῦζ,

1477 1225 1569 1267 item
1591 1225 1789 1265 Plutarch.
1814 1227 1838 1267 l.
1858 1240 1893 1265 c.
1917 1240 1953 1278 p.
1972 1225 2079 1279 363.)

1396 1296 1459 1324 119.
1478 1283 1633 1336 Ὁδηγὸν
1649 1285 1777 1339 τυφλὸν
1794 1286 1915 1325 λαὸεἶν
1930 1285 1990 1325 καὶ
2005 1285 2205 1337 σύμὸουλον
2220 1285 2365 1334 ἀνόητον
2379 1286 2456 1326 ἴσον

1475 1358 1584 1383 εστιν.

1532 1405 1686 1454 (Anton.
1712 1403 1869 1446 ettMax.
1884 1416 2000 1444 serm.·
2017 1403 2098 1457 περὶ
2117 1404 2312 1457 ἀφροσύνης
2325 1434 2336 1453 ,
2350 1404 2455 1446 Plut.

1475 1462 1502 1502 l.
1529 1477 1562 1500 c.
1584 1476 1624 1514 p.
1649 1463 1751 1511 363.)

1396 1534 1457 1561 120.
1478 1521 1590 1560 ΙΙοτὸν
1612 1521 1675 1572 μὲν
1694 1522 1816 1561 ἔσὸεσε
1833 1521 1896 1570 τὴν
1912 1525 2020 1561 ποτοῦ
2037 1522 2165 1576 ὄρεξιν,
2183 1523 2244 1563 καὶ
2261 1523 2372 1578 τροφὴ
2391 1525 2455 1573 τὴν

1473 1583 1603 1633 τροφῆς
1637 1581 1826 1631 ἐπιθυμίαν
1858 1580 2014 1628 ἠκέσατο
2026 1596 2035 1606 ·
2066 1581 2298 1636 φιλαργυρίαν
2342 1583 2380 1622 δὲ
2417 1586 2457 1623 οὗ

1474 1639 1656 1679 σὸέννυσιν
1677 1639 1843 1695 ἀργύριον
1861 1639 1884 1687 ἢ
1905 1640 2064 1694 χρυσίον.

1531 1699 1690 1754 (Anton.
1731 1709 1769 1739 et
1797 1700 1901 1739 Max.
1938 1713 2056 1739 serm.
2095 1700 2175 1754 περὶ
2203 1702 2454 1756 φιλαργυρίας,

1476 1758 1578 1798 Plut.
1598 1759 1624 1798 l.
1642 1773 1674 1797 c.
1692 1773 1730 1811 p.
1750 1759 1853 1810 363.)

1395 1831 1456 1857 121.
1473 1817 1620 1871 οὨσπερ
1640 1820 1670 1857 οἱ
1684 1818 1832 1872 κόρακες
1848 1817 2120 1871 παρεδρεύοντες
2134 1818 2359 1872 ἐξορύσσουσι
2377 1819 2456 1864 τοὺς

1475 1879 1543 1915 τῶν
1578 1879 1710 1931 νεκρῶν
1740 1877 1962 1932 ὀφθαλμούς,
1995 1877 2104 1923 οὕτως
2141 1880 2173 1918 οἱ
2205 1878 2353 1924 κόλακες
2386 1880 2457 1924 τοῖς

1476 1936 1630 1982 ἐπαίνοις
1665 1936 1745 1982 τοὺς
1785 1935 1977 1989 λογισμοὺς
2021 1937 2260 1991 διαφθείρουσι
2290 1941 2359 1977 τῶν
2396 1939 2455 1976 ἀν-

1475 1996 1638 2049 Ορώπων.

1532 2057 1693 2107 (Anton.
1709 2065 1747 2095 et
1766 2056 1871 2095 Max.
1896 2070 2011 2097 serm.
2024 2057 2104 2111 περὶ
2125 2056 2331 2106 κολακείας,
2352 2057 2455 2095 Plut.

1477 2116 1503 2156 l.
1521 2131 1553 2156 c.
1570 2130 1611 2166 p.
1631 2116 1736 2166 364.)

1397 2189 1462 2213 122.
1484 2177 1592 2228 Ααγῷ
1615 2175 1677 2224 μὲν
1698 2175 1809 2226 κύνα,
1828 2175 1919 2229 φίλῳ
1941 2173 1977 2213 δὲ
2001 2174 2138 2214 κόλακα
2163 2174 2264 2229 φύσει
2287 2174 2454 2224 πολέμιον

1477 2235 1644 2287 ἡγητέον.

1531 2295 1685 2347 (Anton.
1703 2304 1741 2335 et
1757 2296 1859 2335 Max.
1877 2309 1992 2336 serm.
2014 2295 2095 2348 περὶ
2121 2295 2329 2344 κολακείας,
2347 2295 2453 2336 Piut.

1475 2355 1502 2394 l.
1520 2370 1552 2395 c.
1577 2370 1617 2407 p.
1643 2357 1750 2408 364.)

1399 2429 1459 2455 123.
1476 2416 1624 2469 Χαίρειν
1643 2416 1713 2470 χρὴ
1728 2419 1799 2460 τοῖς
1819 2416 2034 2469 ἐλέγχουσιν,
2050 2418 2089 2455 οὗ
2107 2421 2177 2460 τοῖς
2191 2415 2454 2456 κολακεύουσιν·

1479 2478 1511 2515 οἱ
1532 2475 1595 2526 μὲν
1617 2476 1685 2530 γὰρ
1702 2480 1797 2528 ἡμᾶς
1815 2477 2005 2521 λυποῦντες
2025 2476 2267 2531 διεγείρουσιν,
2285 2479 2317 2516 οἱ
2333 2475 2370 2516 δὲ
2386 2492 2456 2530 χα-

1480 2536 1653 2589 ριζόμενοι
1673 2536 1836 2576 ἐκλύουσι
1854 2537 1913 2576 καὶ
1935 2536 2146 2583 σκελίζουσι.

1438 2650 1513 2680 118.
1535 2647 1613 2680 Pedi
1633 2647 1760 2689 spinam
1773 2672 1782 2688 ,
1804 2647 1923 2680 autmoe
1944 2647 2077 2680 rationis
2095 2639 2221 2689 experti
2242 2647 2454 2689 ignorantiam

1392 2707 1489 2739 eximi
1506 2709 1646 2748 oportet.

1437 2769 1507 2799 119.
1531 2766 1601 2799 Viae
1617 2766 1734 2800 ducem
1751 2775 1877 2800 caecum
1894 2766 2048 2799 adhibere
2065 2767 2099 2799 et
2123 2767 2260 2799 stultum
2285 2766 2453 2799 consutto-
2509 2769 2514 2776 ¹

1392 2835 1478 2867 rem,
1496 2825 1581 2859 idem
1595 2827 1655 2859 est.

1437 2890 1508 2918 120.
1531 2886 1614 2918 Potu
1629 2885 1839 2926 restinguitur
1853 2886 2016 2927 appetitus
2032 2885 2179 2925 bibendi,
2191 2880 2224 2918 et
2236 2884 2328 2918 cibus
2338 2883 2452 2917 edendi

1391 2944 1552 2977 desiderio
1567 2944 1716 2978 medetur
1730 2955 1738 2977 :
1752 2945 1922 2977 avaritiam
1938 2953 2016 2978 vero
2031 2953 2097 2978 non
2123 2953 2239 2977 aurum
2259 2952 2319 2977 nec
2341 2951 2452 2984 argen-

1392 3006 1462 3036 tum
1480 3004 1670 3045 exstinguit.

1438 3067 1508 3096 121.
1530 3065 1574 3097 Ut
1593 3063 1685 3096 corvi
1709 3062 1892 3096 assidentes
1915 3062 2111 3096 cadaverum
2138 3063 2252 3096 oculos
2271 3062 2451 3103 effodiunt,

1391 3123 1436 3155 ita
1456 3123 1640 3156 adulatores
1655 3123 1724 3155 suis
1738 3121 1890 3155 laudibus
1903 3123 2060 3156 rationem
2075 3123 2108 3156 et
2121 3124 2262 3156 mentem
2275 3123 2451 3155 humanam

1392 3186 1615 3224 corrumpunt.

1437 3246 1506 3275 122.
1534 3242 1647 3284 Lepori
1667 3251 1804 3283 canem,
1824 3243 1928 3276 amico
1947 3242 2151 3275 adulatorem
2165 3243 2283 3275 natura
2299 3241 2452 3275 infestum

1391 3311 1461 3335 esse
1480 3301 1689 3343 cogitandum
1709 3303 1769 3335 est.

1437 3364 1508 3394 123.
1531 3361 1850 3404 Reprehensoribus‚
1866 3370 1932 3394 non
1961 3361 2218 3394 assentatoribus
2243 3359 2448 3393 laetandum:

1391 3419 1436 3451 illi
1462 3418 1547 3452 enim
1572 3419 1666 3452 velut
1691 3419 1827 3452 stimulo
1849 3419 1977 3452 animos
1995 3419 2158 3461 excitant,
2178 3419 2210 3452 hi
2239 3428 2316 3452 vero
2334 3416 2450 3460 gratili-

1391 3481 1500 3511 cantes
1515 3478 1695 3512 dissolvunt
1715 3480 1747 3512 et
1760 3479 1967 3512 subvertunt.

2587 2910 2599 2948 ³:

2595 2951 2599 2986 Ξ.

2592 3002 2597 3019 7

2580 3027 2598 3076 ἰ

2586 3076 2599 3112 ᾖ

2584 3215 2597 3225 .
