2612 3814
1001 290 1070 328 DE
1113 286 1333 328 lul-:Lisso
1383 286 1497 326 ETC.

161 378 301 423 πλείους
322 376 444 422 αὖτοὺς
462 377 564 421 ὄντας
577 375 673 416 οὐδὲν
691 375 732 416 ἂν
749 377 893 428 κωλύοι,
915 376 1074 423 ἅπαντας
1090 380 1137 422 ὥς
1148 372 1218 416 οἶόν

119 441 142 474 8
161 453 198 476 τε
218 437 343 490 ἄριστα
359 435 609 488 διακειμένους,
622 435 682 475 καὶ
698 436 904 490 κρατίστους
918 439 986 475 τῶν
1003 437 1136 487 ἄλλων,
1153 437 1221 489 οὔχ

162 497 276 535 αὑτῶν
296 496 416 540 ὄντας·
434 495 507 535 ἔστι
528 497 575 544 δ’,
594 497 641 541 ὡς
656 494 836 546 ἔοικε,κκὶ
851 496 956 536 ἄλλα.
1016 499 1047 537 Κ
1055 497 1216 551 ράτιστον

131 573 137 582 ·
160 554 228 608 γὰρ
247 548 335 594 εἶναι
354 554 413 594 τὸν
433 554 510 594 θεόν
527 570 637 606 φησι,
656 558 759 593 τοῦτο
774 554 811 593 δέ
830 570 932 593 τινων
950 548 1038 594 εἶναι
1062 555 1215 606 ἀνάγκη,

159 611 221 652 ἕνα
249 613 285 652 δὲ
310 613 393 653 ὄντα
419 613 537 667 πάντῃ
565 616 649 668 ὁρᾷν
670 613 730 653 καὶ
755 614 893 653 ἀκούειν
914 613 1012 653 οὖδὲν
1032 615 1215 667 προσήκει.

159 673 213 713 Οὐ
236 673 304 726 γὰρ
323 675 352 712 εἷ
373 672 422 725 μὴ
446 673 507 712 καὶ
524 673 601 726 τῇδ’
620 676 684 727 ὁρᾷ
698 703 708 721 ,
725 679 842 727 χεῖρον
863 678 930 729 ὁρᾷ
945 704 956 722 ,
982 674 1073 713 ἀλλὰ
1101 673 1214 726 ταύτῃ

155 803 282 844 κωλύῃ,
297 803 384 845 quod
405 803 605 836 mutavimus
633 804 666 836 in
692 804 821 836 κωλύοι.
844 805 907 837 Pro
922 804 1106 847 κρατίστους
1131 805 1215 836 Kar·

155 851 277 884 stenius
289 859 320 892 p.
336 853 394 884 116
411 852 567 894 κρείττους
584 852 764 893 substituit,
783 852 815 884 in
835 862 899 893 quo
917 852 995 884 illud
1018 851 1215 890 mirandum,

158 900 244 938 quod
260 899 311 931 vir
327 899 533 942 doctissimus
554 909 617 931 non
636 909 760 931 memor
780 900 840 932 suit
857 899 1057 940 Thucydidei
1075 899 1215 940 exempli

159 947 235 986 (lib.
257 949 283 987 1,
311 951 322 979 1
340 946 351 988 )
372 946 502 984 ἐλπίσας
521 947 616 989 μέγαν
629 958 662 979 τε
678 947 804 979 ἔσεσθαι
820 948 872 979 καὶ
892 947 1138 988 ἀΞιολογώτατον
1154 950 1216 978 τῶν

155 994 430 1036 προγεγενημένων
453 995 660 1036 aliorumque
678 995 822 1026 locorum
836 1019 844 1033 ,
863 995 981 1034 quibus
1002 993 1217 1035 superlativus

157 1051 220 1074 non
257 1043 397 1074 multum
427 1041 589 1083 discrepat
614 1051 633 1074 a
662 1042 892 1083 comparativo.
921 1041 1007 1075 Nibil
1035 1041 1134 1082 igitur
1163 1041 1216 1074 bic

156 1090 408 1123 emendandum.
427 1087 551 1122 Deinde
565 1090 598 1122 in
618 1099 656 1122 eo
675 1090 819 1131 peccavit
839 1090 1032 1123 Karstenius
1050 1088 1138 1130 quod
1153 1092 1217 1121 τῶν

156 1137 258 1171 ἄλλων
287 1147 346 1179 pro
378 1137 559 1170 masculino
585 1137 728 1178 accepit,
759 1137 848 1178 quasi
869 1137 1040 1170 referretur
1061 1137 1101 1169 ad
1127 1135 1215 1168 deos.

155 1185 264 1217 Vertit
295 1185 380 1217 enim
414 1194 423 1217 :
452 1196 469 1212 «
492 1193 597 1225 neque
625 1184 709 1218 ratio
730 1184 837 1217 obstat
859 1184 1057 1225 quominus,
1090 1183 1216 1216 etiamsi

156 1232 267 1273 piures
287 1231 364 1272 sint,
379 1231 487 1264 cuncti
505 1239 541 1263 ea
553 1230 736 1264 conditione
751 1231 916 1271 fruantur,
934 1231 971 1263 ut
988 1239 1102 1263 omnes
1117 1239 1216 1272 quam

156 1279 282 1321 optime
297 1280 363 1312 sint
382 1278 490 1312 al't‘ecti
503 1303 513 1318 ,
527 1280 560 1311 et
582 1279 664 1311 alius
683 1278 817 1319 quidem
839 1278 903 1311 alio
919 1278 1140 1319 excellentior,
1159 1286 1217 1310 sua

157 1331 264 1360 autem
290 1327 430 1368 quisque
452 1328 568 1358 natura
585 1326 872 1368 praestantissimus
889 1326 943 1358 sit.
969 1339 984 1355 n
1006 1329 1048 1359 At
1067 1334 1137 1359 eam
1156 1335 1215 1358 ex-

154 1374 359 1416 plicationem
382 1370 446 1406 n'on
467 1382 669 1406 esses<veram
689 1374 824 1415 apparet
851 1382 891 1406 ex
915 1373 956 1420 iis
984 1382 1059 1415 quae
1082 1372 1217 1413 subjun-

154 1424 276 1464 guntur
293 1431 302 1451 τ
318 1422 384 1454 ἔστι
404 1420 442 1462 δ’,
457 1423 498 1458 ὡς
515 1421 598 1453 ἔοικε
612 1445 620 1461 ,
637 1422 691 1454 καὶ
711 1421 800 1454 ἄλλα.
816 1420 1036 1460 Quamobrem
1053 1421 1123 1462 ipse
1142 1420 1214 1452 haec

154 1470 246 1502 aliter
262 1478 360 1511 supra
381 1469 615 1510 interpretatus
630 1477 715 1502 sum.
733 1470 904 1503 Postremo
925 1468 1124 1501 monendum
1144 1476 1216 1500 am·

155 1516 286 1558 biguam
308 1525 378 1549 esse
402 1516 434 1548 in
465 1515 620 1557 Lipsiensi
640 1515 818 1558 exemplari
857 1515 1050 1558 scripturam
1066 1540 1076 1557 ‚
1114 1524 1217 1557 quum

154 1564 290 1597 Beckius
305 1563 495 1600 nesciverit.
511 1565 619 1595 utrum
640 1564 706 1596 ἔστι
724 1572 763 1596 an
782 1563 827 1596 ἔτι
847 1564 1030 1596 exaraverit
1051 1562 1216 1595 librarius.

197 1620 228 1653 p.
249 1614 323 1651 978,
340 1620 358 1642 a
380 1615 409 1643 2.
435 1610 601 1653 κράτιστον
614 1611 674 1653 γὰρ
697 1612 776 1643 εἶναι
795 1611 850 1643 τὸν
867 1610 936 1643 θεόν
955 1622 1050 1653 φησι,
1067 1614 1163 1643 τοῦτο
1185 1609 1219 1642 δέ

155 1671 215 1692 τινι
227 1659 308 1691 εἶναι
323 1658 444 1699 ἀνάγκη
454 1682 463 1698 ‚
478 1658 531 1690 ἕνα
543 1658 581 1690 τὰ
597 1658 700 1690 πάντα
713 1659 788 1698 ὁρᾶν
805 1659 858 1691 καὶ
871 1658 996 1691 ἀκούειν
1013 1659 1102 1691 οὐδὲν
1115 1670 1215 1702 προσ-

156 1707 247 1742 οἠκει·
278 1705 315 1738 οὐ
338 1706 398 1747 γὰρ
415 1707 442 1737 εἰ
466 1706 508 1746 μή
528 1706 582 1737 καὶ
607 1704 674 1747 τῇδ’
694 1707 770 1749 ὁρᾷ,
797 1709 902 1748 χεῖρον
928 1707 987 1749 ὁρᾷ
1009 1707 1124 1750 ταύτῃ,
1150 1707 1218 1740 ἀλλ’

158 1754 219 1796 οὐχ
245 1755 314 1797 ὁρᾷ.
346 1753 402 1786 Sic
419 1753 519 1784 edidit
549 1753 617 1785 baec
637 1753 821 1794 Bekkerus,
842 1763 916 1796 quac
941 1755 1057 1797 partim
1079 1756 1219 1789 obscura

157 1804 255 1842 sunt,
272 1801 389 1841 partim
417 1800 538 1840 inepta.
558 1803 605 1833 Ac
632 1800 774 1841 primum
807 1802 940 1843 quidem
963 1802 1078 1843 injuria
1098 1804 1219 1846 sprevit

156 1850 295 1882 duorum
331 1857 414 1890 quos
450 1848 590 1880 contulit
628 1847 776 1881 codicum
828 1849 1000 1882 lectionem
1046 1851 1081 1883 δέ
1125 1863 1218 1884 τινων

157 1907 216 1938 pro
233 1898 265 1930 δέ
285 1907 343 1928 τινι
361 1895 592 1938 praebentium.
617 1898 663 1928 Ea
688 1896 775 1930 enim
793 1897 960 1930 verissima
980 1898 1030 1930 est
1060 1898 1219 1941 scriptura

157 1944 306 1976 codicum
331 1943 467 1977 Palatini
484 1946 517 1977 et
538 1944 686 1977 Vaticani
709 1954 747 1978 ac
768 1946 924 1987 praeterea
948 1947 1141 1989 exemplaris
1166 1948 1218 1980 Li-

158 1992 294 2034 psiensis
306 2016 316 2033 ,
339 1991 396 2024 ubi
413 1993 519 2024 exstat
536 2003 584 2024 τιν
603 1992 730 2033 adjecta
742 2017 751 2034 ‚
773 2002 838 2026 non
869 1994 1065 2036 apostropbo
1077 2020 1087 2036 ,
1114 1997 1151 2028 ut
1173 1995 1219 2028 ait

145 2038 328 2081 ..Olearius,
345 2039 400 2071 sed
415 2040 492 2071 nota
516 2048 580 2080 qua
603 2051 646 2071 ων
666 2039 865 2080 designatur.
889 2043 970 2074 Nam
989 2051 1090 2083 quum
1108 2045 1217 2075 xeno-

157 2087 280 2128 phanes
297 2086 395 2119 deum
424 2087 689 2128 potentissimum
718 2096 755 2119 ac
775 2089 1076 2129 praestantissimum
1099 2092 1216 2131 vocat,

159 2135 219 2167 boo
237 2134 283 2167 ita
297 2134 360 2166 dici
378 2134 544 2167 contendit
558 2135 766 2176 Aristoteles,
783 2137 820 2168 ut
834 2136 930 2168 simul
947 2138 1126 2170 necessario
1139 2147 1219 2180 quo-

158 2181 295 2215 rundam
309 2182 481 2224 (aliorum)
494 2183 575 2215 ratio
588 2183 757 2223 habeatur,
770 2187 863 2216 τοῡτο
877 2184 911 2217 δέ
922 2196 1015 2217 τινων
1027 2186 1106 2218 εἶναι
1119 2185 1216 2227 ἀνάγ-

157 2242 217 2271 κη,
240 2230 398 2271 siquidem
423 2238 554 2263 summa
581 2230 627 2263 rei
657 2231 794 2272 alicujus
812 2233 997 2272 praestantia
1021 2242 1062 2266 ex
1080 2234 1216 2266 aliarum

158 2278 290 2310 demum
309 2277 468 2318 ejusmodi
494 2287 602 2311 rerum
621 2279 861 2321 comparatione
879 2280 1078 2322 perspicitur.
1099 2281 1133 2314 Si
1155 2282 1218 2322 igi—

159 2328 213 2358 tur
229 2325 309 2357 deus
328 2326 617 2366 praestantissimus
634 2328 706 2367 est,
718 2327 771 2360 vel
788 2329 1067 2369 praestantissimus
1080 2329 1216 2362 deorum

159 2373 211 2406 vel
232 2373 495 2419 praestantissima
513 2383 621 2406 rerum
642 2375 684 2407 sit
711 2384 840 2407 necesse
858 2378 916 2408 est.
939 2377 990 2409 Cf.
1010 2378 1219 2418 Xenoplianis

160 2421 280 2461 fragm:
303 2424 316 2452 1
343 2429 352 2449 2
375 2421 417 2457 εἷς
446 2422 512 2458 θεὸς
530 2422 562 2454 ἔν
584 2433 619 2454 τε
642 2425 739 2455 θεοῖσι
762 2423 817 2455 καὶ
834 2423 1024 2466 ἀνθρώποισι
1059 2426 1217 2466 μέγιστος.

160 2470 279 2501 Contra
296 2467 431 2500 alterum
450 2469 526 2501 illud
542 2472 634 2502 τοῦτο
648 2470 682 2503 δέ
696 2482 754 2503 τινι
769 2471 846 2503 εἶναι
861 2471 982 2511 ἀνάγκη
994 2495 1003 2511 ,
1022 2471 1085 2504 hoc
1100 2475 1219 2505 autem

163 2516 273 2548 alicui
290 2523 363 2548 esse
389 2518 544 2558 oportet,
567 2526 642 2549 cum
658 2526 713 2558 per
730 2527 765 2550 se
782 2518 826 2549 ita
844 2518 994 2559 frigidum
1017 2521 1050 2551 et
1072 2519 1227 2559 jejunum·

167 2564 216 2596 est
239 2563 278 2595 ut
299 2563 462 2596 Aristoteli
492 2565 524 2595 in
553 2565 694 2596 mentem
722 2565 830 2597 venire
862 2574 926 2597 non
957 2566 1116 2607 potuerit,
1148 2568 1219 2598 tum

164 2610 317 2642 omnibus
336 2618 408 2651 quae
441 2610 493 2642 bic
522 2611 706 2643 afferuntur
728 2612 928 2652 argumentis
949 2616 1116 2653 repugnat.
1141 2615 1221 2651 Quae

122 2689 128 2695 ,
163 2658 407 2699 subsequuntur
421 2658 474 2690 ἕνα
488 2658 527 2690 τὰ
543 2658 645 2690 πάντα
659 2660 731 2700 ὁρᾶν
745 2661 798 2691 καὶ
815 2659 939 2691 ἀκούειν
954 2661 1040 2693 οὐδὲν
1057 2662 1222 2702 προσήκει,

165 2713 222 2744 pro
239 2704 358 2745 quibus
378 2704 552 2744 Lipsiensis
570 2705 648 2738 liber
662 2706 716 2738 ἕνα
733 2707 786 2738 τὸν
803 2706 842 2738 τὰ
857 2706 959 2739 πάντα
983 2719 1015 2739 κ.
1033 2719 1063 2739 τ.
1085 2709 1112 2740 λ.
1129 2709 1223 2740 exbi-

164 2752 239 2793 bet,
261 2761 368 2795 neque
390 2753 513 2794 integra
541 2755 634 2795 sunt,
652 2762 758 2795 neque
773 2755 981 2796 xenophanis
1003 2755 1119 2787 rationi
1142 2763 1221 2787 con-

163 2802 326 2833 sentanea.
349 2800 506 2833 Nimirum
538 2801 567 2834 is
596 2801 637 2834 de
675 2802 737 2834 deo
761 2802 892 2844 (fragm.
916 2802 959 2844 2)
989 2803 1050 2836 boc
1069 2803 1222 2845 praedica-

164 2849 280 2880 verat:

251 2930 341 2969 οὖλος
364 2935 421 2975 ὁρᾷ
432 2957 440 2972 ,
458 2932 546 2970 οὖλος
563 2934 596 2966 δὲ
610 2936 693 2969 νοεῖ,
709 2934 798 2972 οὖλος
818 2935 852 2967 δέ
873 2935 900 2967 τ’
913 2935 1031 2968 ἀκούει.

168 3027 250 3065 Ergo
269 3033 333 3056 non
350 3026 457 3058 omnia
474 3026 581 3064 videt,
598 3026 652 3059 sed
676 3029 765 3059 totus
780 3028 869 3060 videt
894 3028 944 3060 vel
965 3029 1006 3060 ab
1023 3038 1111 3063 omn]
1133 3033 1222 3072 parte

166 3072 237 3103 visu
249 3072 404 3113 praeditus
416 3076 474 3106 est.
488 3075 601 3114 ltaque
613 3083 676 3106 non
691 3075 788 3107 modo
803 3076 856 3107 ἕνα
866 3076 940 3108 ὄντα
950 3076 1126 3117 flagitatur,
1137 3078 1222 3118 quod

168 3118 334 3151 nrandisio
356 3120 481 3160 arrisit,
495 3121 550 3153 sed
566 3123 698 3154 omnino
712 3122 760 3154 sic
774 3124 992 3164 reponendum
1011 3137 1019 3157 :
1035 3125 1088 3156 ἕνα
1101 3125 1134 3157 δὲ
1151 3126 1224 3159 ὄντα

167 3166 268 3207 πάντη
284 3167 357 3209 ὁρᾷν
371 3169 424 3200 καὶ
444 3168 568 3201 ἀκούειν
589 3169 678 3201 οὐδὲν
696 3171 860 3212 προσήκει.
882 3171 1098 3204 confirmatur
1114 3182 1224 3205 emen-

169 3212 257 3245 datio
278 3216 387 3246 nostra
406 3215 443 3246 iis
462 3224 536 3256 quae
556 3225 574 3248 a
591 3218 748 3258 scriptore
767 3218 981 3258 subjiciuntur
1007 3220 1122 3253 verbis.
1148 3223 1226 3254 Haec

169 3262 279 3292 aulem
297 3259 342 3292 ila
359 3264 436 3293 sunt
449 3271 523 3295 cum
541 3264 704 3297 Feliciano
723 3267 961 3307 transponenda
984 3276 991 3298 :
1010 3266 1047 3299 οὐ
1063 3267 1121 3310 γὰρ
1137 3270 1164 3301 εἰ
1182 3270 1225 3310 μὴ

170 3308 225 3339 καὶ
246 3306 313 3349 τῇδ’
335 3309 410 3350 ὁρᾷ,
428 3313 531 3352 χεῖρον
553 3312 628 3353 ὁρᾷ,
650 3312 729 3344 ἀλλὰ
750 3314 849 3354 ταύτῃ
869 3313 927 3355 οὐχ
947 3315 1015 3356 ὁρᾷ.
1039 3315 1151 3347 codex
1173 3316 1226 3349 Li-

172 3355 307 3395 psiensis
319 3355 371 3387 bic
383 3356 461 3389 nibil
479 3357 598 3399 variat,
611 3360 669 3391 nisi
685 3361 771 3401 quod
787 3362 839 3392 καὶ
853 3362 933 3393 inter
949 3363 991 3402 μὴ
1007 3364 1039 3394 et
1055 3363 1121 3405 τῇδ’
1135 3365 1228 3396 omit-

171 3403 230 3442 tit,
249 3411 446 3444 quaanuam
465 3405 567 3446 prima
585 3408 734 3447 negantis
759 3409 926 3449 particulae
952 3409 1060 3442 littera
1088 3411 1130 3444 ita
1150 3420 1227 3444 exa-

173 3451 244 3481 rata
258 3450 326 3490 est,
338 3454 374 3482 ut
389 3451 465 3483 olim
479 3463 499 3484 κ
515 3453 668 3494 scriptum
685 3454 783 3488 tuisse
801 3456 957 3490 videatur.
978 3458 1101 3490 Caetera
1114 3459 1226 3492 eodem

174 3496 286 3529 ordine
305 3497 465 3540 leguntur,
481 3507 546 3541 quo
563 3500 594 3533 in
611 3502 747 3542 vulgatis
761 3505 1008 3544 exemplaribus.
1028 3506 1227 3549 Brandisins,

175 3545 233 3585 qui
249 3545 344 3579 scribi
360 3546 486 3580 volebat
501 3551 604 3591 χεῖρον
620 3550 676 3593 ὁρᾷ
701 3552 821 3593 ταύτῃ,
846 3553 865 3591 ἢ
888 3553 948 3595 οὐχ
964 3555 1034 3596 ὁρᾷ,
1054 3554 1226 3588 verborum

2261 294 2335 329 297

1281 378 1346 429 οὐχ
1364 377 1443 430 ὁρᾷ.
1502 374 1597 414 Ἀλλ’
1616 373 1700 418 ἴσως
1715 377 1816 412 τοῦτο
1835 374 1999 426 βούλεται
2014 375 2054 413 τὸ
2075 374 2190 428 πάντῃ
2209 376 2339 415 αἰσθά-

1281 438 1424 484 νεσθαι,
1442 432 1494 472 δ’τι
1517 431 1625 476 οὕτως
1646 432 1687 471 ἂν
1705 432 1871 485 βέλτιστα
1890 432 1985 485 ἔχοι,
2003 433 2122 484 ὅμοιος
2141 434 2188 473 ὢν
2209 435 2338 487 πάντῃ.

1281 491 1366 534 Ἔτι
1381 496 1535 536 τοιοῦτος
1548 491 1595 530 ὢν
1614 491 1671 530 διὰ
1690 492 1725 531 τί
1742 492 1964 546 σφαιροειδὴς
1993 492 2034 530 ἂν
2067 492 2122 540 εἴη
2137 522 2147 539 ,
2176 494 2254 530 ἀλλ’
2274 495 2340 547 οὐχ

1279 553 1399 606 ἑτέραν
1422 551 1500 591 τινὰ
1522 552 1656 602 μᾶλλον
1680 550 1770 604 ἔχων
1792 551 1905 600 ἰδέαν,
1928 553 1981 590 ὅτι
2001 551 2117 605 πάντῃ
2138 550 2254 590 ἀκούει
2277 553 2338 590 καὶ

1278 613 1395 666 πάντῃ
1415 617 1536 664 κρατεῖ
1548 627 1559 661 ;
1586 611 1706 664 ὥσπερ
1733 610 1801 664 γὰρ
1821 609 1903 649 ὅταν
1935 610 2095 664 λέγωμεν
2116 611 2155 651 τὸ
2176 612 2339 665 ψιμύθιον

1278 672 1332 712 ὅτι
1348 673 1463 724 πάντῃ
1485 671 1557 710 ἐστὶ
1576 670 1715 720 λευκόν,
1739 670 1836 710 οὐδὲν
1859 670 1946 709 ἄλλο
1961 670 2217 723 σημαίνομενῆ
2239 670 2292 709 ὅτι
2307 672 2341 709 ἐν
2366 685 2398 710 [ο

1281 811 1412 835 sensum
1438 811 1503 835 non
1523 805 1572 834 est
1588 802 1769 835 assecutus.
1799 801 1919 834 Totum
1946 800 2045 841 igitur
2066 800 2174 833 locum
2202 801 2234 833 in
2258 801 2345 834 bunc

1280 849 1413 882 modum
1434 849 1688 882 constituimus:
1708 849 1875 892 κράτιστον
1900 848 1960 890 γὰρ
1977 849 2055 881 εἶναι
2076 849 2128 880 τὸν
2155 848 2223 881 Οεὸν
2247 861 2341 891 φησι,

1278 901 1371 931 τοῦτο
1396 899 1429 931 δέ
1449 909 1542 930 τινων
1560 898 1639 930 εἶναι
1659 897 1779 938 ἀνάγκη
1793 922 1802 938 ,
1824 897 1878 929 ἕνα
1910 898 1942 929 δὲ
1965 897 2039 929 ὄντα
2063 896 2164 939 πάντῃ
2184 899 2258 940 ὁρᾷν
2286 899 2341 930 καὶ

1281 946 1406 979 ἀκούειν
1433 946 1522 978 οὐδὲν
1541 946 1707 988 προσήκει.
1735 947 1782 978 Οὐ
1799 946 1856 988 γὰρ
1880 946 1906 978 εἰ
1926 946 1968 987 μή
1985 946 2038 977 καὶ
2057 944 2127 988 τῇδ’
2144 946 2220 988 ὁρᾷ,
2239 949 2342 988 χεῖρον

1282 995 1363 1036 ὁρᾷ,
1392 994 1470 1026 ἀλλὰ
1499 993 1597 1034 ταύτῃ
1617 994 1676 1034 οὐχ
1705 994 1772 1035 ὁρᾷ.
1803 994 1880 1026 Ἀλλ’
1907 993 1986 1030 ἴσως
2009 996 2101 1035 τοῦτο
2135 994 2277 1035 βούλεται
2304 994 2341 1025 τὸ

1281 1042 1382 1083 πάντῃ
1399 1041 1623 1082 αἰσθάνεσθαι,
1647 1041 1694 1073 ὅτι
1714 1041 1814 1079 οὕτως
1830 1042 1867 1073 ἂν
1894 1042 2040 1083 βέλτιστα
2058 1042 2146 1083 ἔχοι,
2165 1041 2272 1083 ὅμοιος
2297 1042 2341 1073 ὢν

1280 1088 1394 1130 πάντῃ.
1415 1091 1485 1121 Non
1512 1088 1607 1120 aliter
1631 1088 1759 1120 videtur
1787 1088 1969 1121 Felicianus
1995 1088 2127 1129 legisse,
2155 1089 2248 1130 cujus
2274 1089 2344 1121 lia-c

1282 1137 1359 1168 sunt
1377 1135 1477 1168 verba
1503 1144 1511 1164 ι
1538 1147 1554 1163 «
1574 1143 1648 1166 cum
1667 1135 1753 1167 enim
1770 1135 2076 1176 praestantissimum
2095 1135 2192 1168 deum
2209 1145 2278 1170 esse
2292 1136 2344 1167 di-

1280 1184 1353 1221 cat,
1377 1182 1409 1214 id
1431 1182 1616 1223 aliquorum
1633 1191 1700 1215 esse
1724 1192 1857 1216 necesse
1874 1186 1922 1216 est
1940 1193 1948 1212 ε
1973 1185 2006 1217 at
2028 1193 2106 1216 vero
2123 1194 2226 1217 unum
2244 1185 2343 1218 unde·

1278 1238 1408 1271 quaque
1425 1229 1534 1263 videre
1556 1231 1589 1263 et
1615 1230 1728 1263 audire
1750 1231 1830 1263 nibil
1849 1232 2002 1264 convenit
2030 1245 2037 1264 :
2066 1241 2173 1273 neque
2196 1233 2282 1264 enim
2311 1233 2342 1265 si

1279 1286 1344 1309 non
1363 1278 1460 1310 etiam
1478 1276 1539 1310 hac
1556 1279 1646 1318 parte
1666 1277 1779 1318 videt,
1793 1278 1902 1311 minus
1920 1279 2028 1319 videt,
2044 1279 2097 1311 sed
2117 1288 2151 1311 ea
2171 1281 2262 1319 parte
2279 1288 2342 1311 non

1280 1324 1381 1357 videt.
1403 1325 1464 1357 Sed
1484 1325 1618 1357 fortasse
1635 1334 1709 1357 curn
1732 1325 1837 1367 inquit
1851 1326 2070 1368 undequaque
2084 1326 2191 1368 ipsum
2212 1327 2343 1366 sentire,

1280 1371 1312 1405 id
1329 1372 1390 1405 sibi
1407 1373 1496 1414 vult,
1512 1374 1549 1404 ut
1562 1372 1668 1414 ipsum
1689 1373 1812 1414 optime
1833 1373 1878 1406 ita
1895 1374 2051 1406 affectum
2073 1382 2144 1407 esse
2169 1374 2342 1415 significet,

1279 1419 1306 1452 si
1324 1419 1439 1453 similis
1457 1419 1675 1460 undequaque
1693 1420 1747 1452 sit.
1765 1433 1782 1449 »
2286 1444 2288 1446 .

1322 1470 1353 1500 7.
1375 1467 1420 1500 ἔτι
1435 1470 1575 1504 τοιοῦτος
1592 1468 1635 1499 ὢν
1654 1468 1706 1499 διὰ
1725 1468 1756 1500 τί
1777 1469 1973 1510 σφαιροειδὴς
1991 1469 2028 1501 ἂν
2043 1468 2109 1508 εἴη,
2130 1468 2198 1501 ἀλλ’
2214 1469 2274 1510 οὐχ
2296 1469 2343 1502 ὅτι

1280 1515 1387 1558 ἑτέραν
1402 1516 1470 1547 τινὰ
1494 1516 1611 1557 μᾶλλον
1634 1514 1716 1557 ἔχων
1733 1515 1818 1548 ἰδέαν
1829 1541 1837 1555 ,
1853 1516 1900 1548 ὅτι
1919 1516 2023 1558 πάντῃ
2043 1516 2150 1549 ἀκούει
2173 1517 2227 1549 καὶ
2243 1516 2344 1557 πάντῃ

1279 1566 1407 1605 κρατεῖ;
1434 1565 1480 1595 Ila
1500 1570 1612 1594 omnes
1632 1562 1790 1595 editiones
1811 1565 1843 1595 et
1860 1563 2080 1601 codices,nisi
2103 1563 2189 1604 quod
2209 1563 2240 1595 in
2261 1573 2341 1596 non-

1281 1610 1380 1642 nullis
1394 1610 1483 1643 libris
1504 1618 1561 1652 pro
1579 1610 1630 1642 διᾰ
1643 1609 1674 1642 τί
1689 1610 1846 1651 reperitur
1863 1610 1954 1643 διότι.
1973 1611 2160 1644 Brandisius
2174 1611 2343 1651 legendum

1281 1659 1420 1699 conjecit
1438 1659 1504 1691 ἀλλ’
1519 1659 1578 1690 οὐκ
1589 1657 1632 1690 ἔτι
1648 1658 1753 1699 ἑτέραν
1769 1658 1838 1689 τινὰ
1854 1659 1969 1699 μᾶλλον
1981 1658 2048 1700 ἔχοι
2064 1659 2149 1691 ἰδέαν
2161 1683 2170 1700 ,
2182 1659 2229 1691 ὅτι
2242 1658 2344 1700 πάντῃ

1281 1706 1412 1746 ἀκούει,
1436 1706 1522 1747 quod
1549 1714 1665 1738 vereor
1686 1709 1721 1737 ut
1743 1706 1846 1747 possit
1864 1706 1991 1746 probari
2009 1719 2017 1739 :
2036 1706 2137 1739 immo
2157 1706 2250 1739 nulla
2264 1716 2344 1739 voce

1281 1755 1407 1786 mutata
1421 1754 1525 1786 solum
1542 1753 1590 1786 ὅτι
1606 1752 1690 1785 inter
1705 1753 1765 1794 οὐχ
1783 1754 1816 1785 et
1832 1753 1937 1796 ἑτέραν
1951 1753 2167 1786 omittendum
2185 1755 2244 1787 est.
2264 1753 2345 1787 Feli·

1281 1802 1396 1835 cianus
1422 1801 1520 1833 vertit
1544 1809 1552 1829 :
1588 1813 1604 1829 α
1631 1803 1664 1832 at
1682 1800 1708 1832 si
1734 1801 1827 1840 talis,
1848 1809 1907 1832 cur
1926 1800 2078 1841 globosus
2095 1801 2222 1842 potius,
2244 1810 2343 1843 quam

1280 1849 1387 1890 aliqua
1404 1849 1465 1881 alia
1487 1848 1591 1880 forma
1614 1856 1684 1880 esse
1704 1847 1864 1889 praeditus
1886 1847 2006 1890 debet,
2030 1848 2106 1890 quia
2124 1848 2341 1891 undequaque

1280 1897 1371 1930 audit
1386 1898 1418 1929 et
1430 1897 1646 1937 undequaque
1663 1895 1860 1928 dominatur.
1886 1908 1902 1924 υ

1322 1947 1353 1977 9.
1374 1944 1481 1986 ὥσπερ
1499 1943 1557 1985 γὰρ
1582 1943 1656 1975 ὅταν
1672 1943 1812 1984 λέγωμεν
1833 1943 1869 1975 τὸ
1884 1943 2055 1985 ψιμμύθιον
2075 1943 2122 1975 ὅτι
2145 1943 2249 1976 πάντα
2277 1945 2342 1977 ἐστὶ

1279 1991 1408 2033 λευκὸν,
1423 1991 1512 2024 οὐδὲν
1528 1991 1604 2023 ἄλλο
1618 2002 1645 2022 τι
1668 1989 1863 2031 σημαίνομεν
1880 1991 1900 2029 ἢ
1916 1991 1964 2022 ὅτι
1982 1991 2013 2022 ἐν
2029 1990 2150 2023 ἅπασιν
2165 1991 2262 2024 αὐτοῦ
2279 1997 2343 2028 τοῖς

1281 2040 1404 2081 μέρεσιν
1422 2039 1637 2081 ἐγκέχρωσται
1666 2039 1686 2076 ἡ
1708 2038 1856 2076 λευκότης
1869 2046 1878 2055 ·
1895 2037 1926 2070 τί
1946 2038 1983 2076 δὴ
2001 2038 2115 2071 κωλύει
2147 2038 2230 2070 οὕτω
2251 2039 2345 2071 κάκεῖ

1279 2087 1316 2119 τὸ
1335 2086 1437 2128 πάντῃ
1452 2088 1525 2128 δρᾶν
1539 2087 1593 2118 καὶ
1609 2085 1735 2117 ἀκούειν
1750 2086 1802 2116 καὶ
1818 2090 1943 2127 κρατεῖν
1959 2086 2123 2127 λέγεσθαι,
2146 2086 2194 2118 ὅτι
2218 2085 2304 2119 ἅπαν
2324 2087 2341 2119 ὃ

1280 2135 1316 2167 ἄν
1335 2146 1381 2172 τις
1402 2136 1498 2166 αὐτοῦ
1524 2134 1668 2175 λαμὸάνῃ
1692 2133 1802 2175 μέρος,
1823 2134 1908 2165 τοῦτ’
1924 2134 2014 2166 ἔσται
2037 2134 2214 2175 πεπονθός;
2235 2135 2343 2178 ὥσπερ

1281 2182 1314 2214 δὲ
1336 2182 1408 2214 οὐδὲ
1432 2183 1468 2214 τὸ
1488 2182 1677 2224 ψιμμύθιον,
1693 2181 1764 2213 οὐδὲ
1780 2181 1832 2213 τὸν
1850 2181 1917 2213 θεὸν
1942 2181 2065 2223 ἀνάγκη
2083 2182 2135 2214 διὰ
2153 2186 2246 2215 τοῦτο
2263 2183 2343 2215 εἶναι

1281 2231 1474 2272 σφαιροειδῆ.
1493 2231 1570 2262 Haec
1587 2238 1604 2261 e
1621 2228 1777 2270 Lipsiensi
1795 2228 1906 2262 codice
1923 2230 2086 2262 emendari
2108 2233 2262 2271 possunt,
2287 2231 2341 2263 ubi

1282 2277 1421 2317 primum
1436 2277 1485 2309 bis
1509 2276 1622 2317 legitur
1632 2276 1798 2318 ψιμύθιον,
1816 2285 1915 2318 quam
1935 2280 2055 2309 rectam
2069 2279 2102 2310 et
2121 2277 2258 2310 Atticam
2273 2288 2344 2312 esse

1280 2324 1417 2356 sormam
1440 2324 1505 2365 jam
1534 2323 1669 2356 Beckius
1695 2322 1894 2355 observavit.
1914 2325 1961 2356 De
1987 2324 2075 2356 varia
2103 2325 2244 2358 nominis
2267 2327 2344 2359 scri-

1281 2374 1388 2413 ptura,
1398 2371 1484 2413 quod
1499 2371 1664 2414 ψιμύθιον,
1676 2371 1833 2412 ψιμίθιον,
1846 2372 2017 2413 ψιμμύθιον
2027 2397 2036 2412 ,
2050 2372 2215 2413 ψιμμίθιον
2230 2382 2344 2406 exara-

1282 2421 1348 2458 tur,
1366 2418 1432 2452 vid.
1449 2419 1680 2451 Sclineiderum
1700 2419 1740 2450 ad
1758 2418 1891 2451 Nicand.
1910 2418 2058 2461 Alexipb.
2075 2421 2128 2464 75,
2144 2421 2288 2454 Pierson.
2303 2422 2344 2454 ad

1282 2469 1376 2499 Moer.
1408 2476 1437 2508 p.
1464 2469 1525 2500 418
1548 2475 1620 2508 seq.
1648 2466 1838 2499 Hemsterb.
1873 2467 1905 2499 et
1922 2467 2132 2509 Oudendorp.
2160 2468 2199 2501 ad
2226 2469 2343 2502 Tbom.

1283 2516 1366 2555 Mag.
1384 2523 1419 2555 p.
1441 2517 1514 2547 317.
1533 2514 1626 2547 Adde
1653 2513 1693 2546 de
1714 2514 1839 2547 AEolica
1859 2514 1963 2547 forma
1978 2515 2134 2558 ψημύθιον
2157 2518 2342 2550 Hemsterb.

1283 2562 1322 2594 ad
1344 2563 1443 2594 Arist.
1473 2562 1559 2595 Plut.
1587 2572 1624 2604 p.
1646 2564 1708 2594 393
1736 2570 1803 2603 seq.
1834 2563 1867 2595 et
1885 2561 2059 2596 Ahrentem
2083 2563 2124 2597 de
2154 2564 2230 2597 dial.
2258 2566 2342 2597 AEol.

1284 2619 1314 2651 p.
1339 2611 1377 2642 94
1392 2619 1459 2650 seq.
1475 2609 1600 2642 Deinde
1615 2610 1688 2651 post
1698 2609 1844 2651 ψιμύθιον
1861 2619 1934 2642 cum
1949 2610 2033 2643 libro
2051 2611 2208 2653 Lipsiensi
2226 2621 2347 2654 ponen-

1283 2656 1360 2688 dum
1376 2657 1423 2688 ὅτι
1437 2657 1539 2698 πάντῃ
1556 2657 1621 2689 ἐστὶ
1644 2656 1767 2689 λευκόν.
1786 2657 1881 2695 Quod
1910 2659 2021 2690 autem
2050 2658 2168 2691 ibidem
2196 2660 2345 2702 Sequitur

1284 2704 1354 2736 οὐδὲ
1368 2705 1442 2736 ἄλλο
1465 2705 1658 2747 σημαίνομεν
1673 2729 1681 2743 ,
1698 2705 1959 2740 ὃτιωιιῐοηόυῐῃ
1982 2707 2030 2739 est
2045 2706 2076 2739 in
2097 2707 2184 2739 οὐδὲν
2201 2708 2277 2740 ἄλλο
2292 2721 2347 2747 ση·

1285 2751 1433 2793 μαίνομεν
1446 2777 1454 2792 ,
1475 2753 1495 2791 ἢ
1510 2753 1568 2784 ὅτι,
1585 2755 1620 2785 ln
1637 2752 1768 2793 reliquis
1784 2752 1890 2785 verbis
1902 2753 1981 2786 nibil
2001 2754 2145 2788 notabile
2162 2755 2345 2797 suppeditat

1284 2800 1363 2831 liber
1378 2799 1551 2840 Lipsiensis
1563 2824 1573 2841 ,
1585 2800 1646 2832 nisi
1659 2799 1749 2841 quod
1766 2801 1880 2833 ultima
1902 2801 1965 2834 hoc
1981 2802 2094 2835 ordine
2112 2803 2209 2836 babet
2224 2813 2231 2835 :
2251 2803 2343 2846 ἀνάγ-

1284 2858 1325 2885 κη
1347 2847 1426 2878 εἶναι
1453 2847 1504 2878 διὰ
1523 2851 1617 2879 τοῦτο
1641 2849 1834 2891 σφαιροειδῆ.
1848 2851 1931 2890 Ergo
1945 2850 2034 2883 locus
2047 2851 2093 2883 sic
2115 2852 2344 2893 relingendus:

1286 2895 1393 2935 ὥσπερ
1409 2893 1469 2935 γὰρ
1489 2893 1562 2926 ὅταν
1574 2894 1713 2936 λέγωμεν
1735 2896 1772 2928 τὸ
1788 2896 1936 2938 ψιμύθιον
1951 2897 1999 2929 ὅτι
2013 2897 2113 2939 πάντῃ
2129 2898 2196 2931 ἐστὶ
2213 2900 2323 2932 λευκόν
2335 2925 2345 2941 ,

1285 2941 1371 2972 οὐδὲν
1392 2941 1468 2972 ἄλλο
1485 2940 1680 2984 σημαίνομεν
1695 2943 1716 2982 ἢ
1741 2943 1788 2975 ὃτι
1812 2943 1844 2976 ἐν
1869 2943 1987 2976 ἅπασιν
2010 2946 2106 2978 αὐτοῦ
2126 2950 2188 2983 τοῖς
2222 2948 2344 2989 μέρεσιν

1286 2990 1499 3031 έγκέχρωσται
1520 2992 1539 3028 ἠ
1551 2989 1699 3029 λευκότης
1713 2998 1724 3009 ·
1742 2990 1774 3023 τί
1793 2991 1830 3030 δὴ
1845 2992 1960 3025 κωλύει
1986 2993 2068 3025 οὕτω
2085 2994 2180 3026 κάκεῖ
2194 2995 2228 3027 τὸ
2241 2994 2344 3035 πάντῃ

1285 3037 1359 3078 ὁρᾷ-ι
1375 3037 1427 3068 καὶ
1443 3036 1568 3069 ἀκούειν
1582 3037 1634 3069 καὶ
1647 3042 1773 3080 κρατεῖν
1794 3038 1960 3082 λέγεσθαι,
1979 3040 2026 3072 ὅτι
2044 3039 2131 3072 ἅπαν
2141 3040 2158 3072 ὃ
2172 3040 2209 3072 ἅν
2222 3052 2267 3078 τις
2288 3042 2346 3073 αύ-

1285 3087 1340 3115 τοῦ
1358 3083 1499 3126 λαμὸάνῃ
1522 3084 1629 3125 μέρος,
1642 3085 1727 3117 τοῦτ’
1739 3084 1828 3118 ἔσται
1853 3087 2148 3130 πεπονθὸς;ὥσπεο
2163 3088 2197 3121 δὲ
2213 3088 2285 3121 οὐδὲ
2308 3090 2343 3121 τὸ

1285 3131 1450 3172 ψιμύθιον,
1466 3131 1536 3164 οὐδὲ
1561 3132 1615 3164 τὸν
1638 3133 1705 3166 θεὸν
1730 3132 1854 3174 ἀνάγκη
1877 3134 1957 3167 εἶναι
1972 3134 2023 3167 διὰ
2043 3139 2136 3167 τοῦτο
2151 3137 2342 3178 σφαιροειδῆ.

1289 3178 1406 3210 Eadem
1424 3179 1579 3219 expressit
1593 3180 1773 3212 Felicianus
1792 3181 1844 3214 bis
1861 3181 1970 3215 verbis
1986 3191 1994 3214 :
2021 3195 2037 3211 «
2060 3183 2343 3221 Quemadmodum

1287 3226 1372 3258 enim
1399 3235 1500 3266 quum
1523 3235 1692 3259 cerussam
1717 3228 1933 3272 undequaque
1952 3238 2022 3263 esse
2053 3231 2160 3263 albam
2189 3232 2343 3273 dicimus,

1286 3272 1366 3305 nibil
1385 3273 1472 3305 aliud
1490 3273 1689 3316 significare,
1708 3283 1807 3316 quam
1824 3277 1855 3308 in
1878 3276 2029 3309 omnibus
2049 3278 2118 3318 ejus
2134 3278 2280 3319 partibus
2302 3279 2344 3311 al-

1287 3320 1436 3353 bedinem
1457 3329 1525 3354 esse
1547 3321 1689 3354 infusam
1718 3323 1872 3356 volumus
1895 3334 1903 3357 :
1926 3324 2002 3366 quid
2024 3325 2256 3366 impedimento
2274 3328 2343 3365 est,

1288 3370 1462 3410 quominus
1485 3369 1528 3402 ita
1544 3380 1674 3412 quoque
1688 3370 1755 3404 illic
1776 3372 1994 3413 undequaque
2013 3373 2122 3404 videre
2141 3374 2173 3404 et
2188 3371 2297 3403 audire
2313 3375 2346 3405 ct

1290 3416 1447 3448 dominari
1470 3416 1609 3459 dicatur,
1628 3420 1665 3451 ut
1695 3427 1928 3460 quamcunque
1950 3420 2019 3460 ejus
2041 3421 2163 3460 partem
2186 3419 2343 3461 quispiam

1289 3464 1482 3504 sumpserit,
1501 3473 1539 3496 eo
1558 3465 1656 3497 modo
1673 3474 1742 3498 esse
1758 3466 1908 3499 asseclam
1931 3466 2160 3507 intelligamus.
2175 3467 2265 3500 Sicut
2286 3467 2346 3508 igi·
2394 3478 2396 3480 ·

1291 3513 1343 3541 tur
1359 3519 1463 3550 neque
1481 3519 1661 3552 cerussam,
1684 3512 1729 3544 ita
1756 3522 1861 3556 neque
1877 3513 1971 3546 deum
1995 3513 2056 3546 bac
2073 3513 2113 3546 de
2126 3522 2221 3547 causa
2236 3513 2346 3556 globo-

1289 3567 1360 3590 sum
1377 3566 1447 3591 essa
1463 3567 1593 3592 necesse
1606 3561 1664 3592 est.
1686 3572 1703 3589 ν
1782 3565 1789 3569 ’
