2612 3814
278 298 355 331 488

944 285 1413 326 PYTHAGOREORUM
1443 286 1509 324 ET
1539 285 1781 326 ALIORUM

329 456 408 491 Has
439 451 778 503 Pythagoreorum
805 449 1088 489 similitudines
1113 463 1136 488 a
1157 449 1393 501 Demophilo
1416 448 1598 487 collectas
1621 461 1643 487 e
1661 448 1797 487 codice
1810 448 1998 488 Vaticano
2017 450 2140 488 edidit
2156 449 2280 490 Lucas
2302 449 2454 491 Holste-

274 525 376 563 nius.
395 523 469 562 Sed
490 523 613 561 multo
641 523 773 574 plures
792 535 907 573 quam
936 523 976 560 in
1005 521 1190 559 Vaticano
1211 520 1315 558 libro
1337 528 1565 571 comparent
1593 519 1769 571 ejusdem
1797 521 1955 572 generis
1986 522 2198 561 sententias
2229 535 2351 574 opere
2385 536 2457 562 tuo

276 594 549 646 Demophilum
572 593 836 646 ‚complexum
874 593 992 631 fuisse
1025 593 1283 644 suspicamur.
1317 590 1492 642 Namque
1515 604 1565 650 ei}
1593 591 1759 642 antiquo
1790 593 1858 630 illo
1883 592 2086 632 volumine
2113 593 2236 643 petita
2268 593 2456 633 videntur

280 665 469 704 similium
493 679 621 703 rerum
647 664 825 715 exempla
850 677 936 714 quae
959 663 1168 701 maximam
1194 671 1343 714 partem
1362 661 1517 699 Socrati
1544 662 1606 700 vel
1625 661 1715 700 aliis
1730 661 1959 701 auctoribus
1987 664 2158 716 ascripta
2177 664 2337 703 insertis
2356 677 2457 703 non-

281 738 398 777 nullis
418 736 593 775 Vaticani
613 735 838 787 Demophili
866 734 992 773 effatis
1021 743 1229 773 servarunt
1252 733 1315 772 Jo.
1336 733 1513 772 Stobaeus
1533 734 1574 771 in
1605 733 1818 784 Florilegio
1848 742 1965 785 atque
1986 734 2184 775 Antonius
2210 744 2248 774 et
2263 734 2457 776 Maximus

276 810 317 847 in
337 805 509 858 Eclogisss
528 807 577 844 Ea
594 807 728 856 igitur,
750 806 906 844 omissis
932 819 1019 856 quae
1033 805 1152 843 trium
1172 805 1332 843 illorum
1365 805 1534 843 sontium
1548 805 1773 843 communia
1793 813 1905 856 sunt,
1920 805 1995 844 hoc
2014 806 2100 844 loco
2120 819 2342 859 proponere
2357 805 2456 846 milii

275 881 405 918 visum
424 887 493 917 est.

1192 956 1546 972 -ΘΘςμ--οι

276 1107 305 1133 1.
354 1095 428 1132 Τοῦ
451 1092 526 1144 βίου
542 1091 700 1144 καθάπερ
719 1091 922 1142 ἀγάλματος
938 1089 1057 1129 πάντα
1072 1089 1116 1129 τὰ
1132 1090 1223 1143 μέρη
1242 1089 1334 1129 καλὰ
1399 1104 1428 1130 9.

356 1146 444 1189 εἶναι
465 1152 528 1190 δεῖ.

276 1225 307 1250 2.
359 1210 516 1264 Ἀνδριὰς
543 1209 607 1262 μὲν
629 1210 687 1248 ἐπὶ
710 1209 869 1262 βάσεως,
893 1210 1085 1254 σπουδαῖος
1105 1209 1142 1248 δὲ
1163 1209 1253 1262 ἀνὴρ
1277 1209 1334 1248 ἐπὶ

355 1272 467 1332 κυαλῆς
499 1268 738 1324 προαιρέσεως
773 1267 882 1313 ἑστὼς
915 1270 1172 1320 ἀμετακίνητος
1204 1270 1335 1322 ὀφείλει

357 1333 461 1368 εἶναι.

274 1404 304 1431 3.
353 1390 426 1429 Τὸν
440 1388 633 1428 λιὸανωτὸν
652 1390 724 1432 τοῖς
738 1391 848 1436 θεοῖς,
867 1386 926 1426 τὸν
946 1387 982 1426 δὲ
1003 1386 1144 1426 ἔπαινον
1163 1393 1232 1431 τοῖς
1248 1388 1337 1439 ἀγα-

356 1452 426 1494 θοῖς
441 1447 631 1498 ἀπονέμειν
651 1448 714 1487 δεῖ.

275 1525 305 1549 4.
356 1509 624 1561 Ἀπολογεῖσθαι
645 1507 708 1558 μὲν
733 1505 800 1559 γὰρ
815 1505 885 1559 χρὴ
907 1505 995 1559 ὑπὲρ
1012 1508 1081 1544 τῶν
1100 1505 1230 1550 ἀδίκως
1249 1505 1332 1559 περὶ

356 1567 397 1607 τὸ
427 1568 559 1607 ἀδικεῖν
589 1568 705 1606 αἰτίαν
727 1566 902 1619 ἐχόντων,
923 1566 1077 1604 ἐπαινεῖν
1113 1565 1148 1604 δὲ
1172 1565 1248 1610 τοὺς
1280 1567 1335 1604 ἐπ’

357 1628 478 1679 ἀγαθῷ
499 1641 568 1664 τινι
589 1626 827 1678 διαφέροντας.

274 1701 305 1726 5.
354 1684 448 1725 Οὔτε
477 1684 584 1728 ἵππος
605 1683 746 1734 εὐγενὴς
768 1682 913 1735 κρίνοιτ’
935 1681 976 1720 ἂν
998 1683 1175 1730 πολυτελῆ
1206 1682 1334 1730 σκευὴν

357 1744 448 1797 ἔχων
462 1775 474 1795 ,
494 1744 572 1783 ἀλλ’
592 1746 610 1782 ὁ
630 1746 673 1795 τῇ
695 1741 797 1797 φύσει
816 1741 998 1795 λαμπρός,
1015 1741 1095 1781 οὔτε
1116 1742 1205 1795 ἀνὴρ
1226 1759 1335 1782 σπου-

359 1806 455 1848 δαῖος
475 1806 494 1842 ὁ
514 1803 706 1854 πολύτιμον
734 1802 853 1840 οὐσίαν
875 1803 1109 1852 κεκτημένος,
1132 1802 1210 1840 ἀλλ’
1231 1806 1248 1842 ὃ
1269 1802 1334 1851 τὴν

356 1862 475 1918 ψυχὴν
497 1869 670 1916 γενναῖος.

277 1937 307 1965 6.
356 1926 434 1964 Τοῦ
455 1927 563 1978 σοφοῦ
585 1922 760 1975 στόματος
781 1921 1021 1976 ἀνοιχθέντος,
1044 1921 1204 1975 καθάπερ
1224 1924 1333 1976 ἱεροῦ,

357 1982 403 2022 τὰ
419 1987 481 2032 τ’ἧς
498 1986 615 2037 ψυχῆς
634 1982 727 2022 καλὰ
747 1982 916 2036 βλέπεται
933 1981 1053 2034 ὥσπερ
1071 1982 1278 2033 ἀγάλματα.

275 2058 308 2085 7.
359 2042 455 2083 Οὔτε
482 2046 567 2082 ναῦν
600 2042 634 2088 ἐξ
665 2042 741 2088 ἑνὸς
771 2042 958 2095 ἀγκυρίου,
989 2040 1069 2080 οὔτε
1092 2041 1166 2094 βίον
1193 2043 1231 2081 ἐκ
1253 2050 1336 2094 μιᾶς

357 2103 494 2147 ἐλπίδος
513 2102 713 2155 ὁρμιστέον.

410 2162 533 2208 (Stob.
556 2161 713 2211 F10r.1,
738 2163 803 2210 33,
826 2163 891 2209 34,
915 2161 980 2209 35,
1001 2162 1066 2208 36,
1091 2162 1156 2209 37,
1184 2161 1232 2199 38
1251 2191 1261 2209 ‚
1284 2162 1333 2199 86

356 2223 490 2262 addito
507 2223 689 2261 lemmate
701 2223 925 2275 Σωκράτους.
942 2223 954 2273 )

275 2301 302 2325 s.
353 2282 448 2323 Οὔτε
467 2283 664 2335 συμπόσιον
686 2283 795 2336 χωρὶς
818 2282 977 2334 ὁμιλίας,
996 2281 1074 2321 οὔτε
1095 2283 1245 2326 πλοῦτος
1261 2298 1334 2335 χω-

357 2343 406 2395 ρὶς
421 2344 547 2395 ἀρετῆς
562 2342 691 2391 ἡδονὴν
710 2342 800 2396 ἔχει.

354 2417 357 2419 ’
412 2401 547 2453 (Stob.
582 2401 689 2442 Flor.
721 2401 754 2450 l,
789 2404 838 2440 30
872 2401 945 2441 sub
984 2401 1230 2442 Antisthenis
1270 2416 1336 2440 no-

356 2461 476 2499 mine.
494 2460 504 2514 )

320 2575 349 2605 1.
373 2575 459 2606 Vitae
479 2574 517 2606 ut
537 2573 701 2606 simulacri
721 2573 893 2615 cujusdam
911 2569 1037 2615 partem
1062 2582 1331 2616 unamquamque

277 2631 444 2673 pulchram
462 2640 530 2664 esse
545 2631 652 2665 decet.

319 2694 350 2722 2.
375 2689 660 2729 Quemadmodum
676 2692 784 2723 statua
806 2691 893 2733 basi,
915 2692 962 2725 sie
975 2692 1027 2724 vir
1044 2692 1167 2733 probus
1182 2692 1268 2725 bono
1285 2692 1337 2724 in·

277 2749 394 2782 sututo
410 2749 541 2781 innixus
556 2749 714 2782 immotus
728 2759 798 2783 esse
812 2751 921 2784 debet.

318 2811 350 2841 3.
375 2809 443 2840 Tus
460 2807 540 2847 diis,
562 2808 633 2841 laus
651 2818 727 2841 vero
745 2810 838 2843 bonis
861 2810 936 2843 viris
959 2810 1133 2843 tribuenda
1153 2814 1210 2843 est.

320 2871 350 2900 4.
373 2866 575 2899 Defendendi
593 2871 669 2900 sunt
692 2869 748 2910 qui
764 2869 972 2903 immerentes
990 2875 1187 2904 accusantur
1207 2871 1338 2912 injuria-

278 2935 350 2959 rum
367 2935 376 2958 ε
392 2925 488 2959 laude
503 2927 641 2959 ornandi
658 2927 714 2968 qui
725 2928 846 2961 virtute
864 2929 973 2970 aliqua
989 2930 1115 2963 caeteris
1129 2932 1293 2972 praestant.

320 2991 351 3019 5.
376 2987 488 3028 Neque
507 2995 611 3028 equus
637 2995 814 3026 generosus
845 2987 1048 3028 judicabitur
1070 2989 1127 3031 qui
1152 2993 1338 3023 sumtuosas

279 3044 429 3087 phaleras
451 3047 577 3087 gestat,
609 3045 665 3079 sed
688 3046 743 3087 qui
766 3048 879 3079 natura
904 3048 1046 3081 eximius
1073 3050 1148 3081 est:
1169 3058 1274 3091 neque
1289 3050 1338 3081 vir

280 3105 434 3138 honestus
450 3105 506 3147 qui
525 3105 642 3147 opibus
661 3105 786 3147 affluit,
801 3106 856 3139 sed
877 3108 933 3148 qui
953 3109 1063 3140 animo
1085 3109 1260 3150 praeclarus
1276 3111 1335 3142 est.

321 3167 352 3197 6.
376 3166 487 3203 Quum
510 3164 638 3206 sapiens
657 3173 694 3197 os
719 3174 815 3197 suum
835 3170 989 3206 tanquam
1007 3168 1166 3210 templum
1190 3169 1336 3210 aperuit,

277 3221 324 3255 ibi
346 3223 445 3256 animi
461 3223 543 3256 bona
560 3224 651 3256 velut
664 3223 837 3256 simulacra
851 3226 1106 3267 conspiciuntur.
1201 3220 1214 3226 '-

320 3285 351 3316 7.
374 3283 485 3324 Neque
507 3291 623 3315 navem
656 3283 752 3316 unica
772 3292 907 3325 ancora,
939 3293 1045 3326 neque
1060 3285 1162 3318 vitam
1183 3295 1249 3319 una
1278 3296 1336 3329 spe

281 3341 395 3374 fultam
411 3350 480 3375 esse
490 3343 632 3384 oportet.

319 3402 351 3433 8.
375 3403 487 3443 Neque
516 3402 704 3434 convivium
733 3402 896 3444 colloquio
919 3411 1056 3444 carens,
1086 3413 1192 3445 neque
1214 3404 1336 3437 divitiae

275 3460 412 3494 virtutis
433 3463 583 3503 expertes
595 3463 793 3504 voluptatem
811 3463 960 3505 cuiquam
977 3465 1128 3496 asserunt.

318 3522 351 3553 9.
376 3521 488 3561 Neque
508 3530 526 3553 e
542 3521 664 3563 templo
681 3530 754 3563 ara,
770 3531 875 3564 neque
894 3530 932 3556 θ’
950 3524 1092 3555 humana
1104 3524 1220 3556 natura
1237 3525 1335 3558 mise-

277 3580 414 3614 ricordia
431 3581 576 3615 tollenda
596 3586 656 3616 est.

1478 1088 1574 1128 Οὔτε
1596 1088 1630 1133 ἐξ
1643 1091 1739 1141 ἱεροῦ
1757 1086 1876 1140 βωμόν
1889 1116 1899 1135 ,
1921 1086 2000 1126 οὔτε
2018 1082 2057 1126 ἐκ
2075 1089 2137 1134 τῆς
2155 1087 2374 1139 ἀνθρωπίνης
2395 1085 2457 1139 φύ-

1479 1165 1565 1193 σεως
1588 1148 1796 1201 ἀφαιρετέον
1810 1147 1869 1186 τὸν
1893 1146 2001 1186 ἔλεον.

1537 1207 1744 1260 (Stobaeus
1769 1206 1871 1245 Flor.
1890 1206 1923 1253 1,
1950 1207 1994 1244 31
2020 1206 2089 1245 ubi
2110 1205 2300 1244 Phocioni
2319 1203 2457 1244 tribui·

1480 1277 1555 1307 tur.
1576 1267 1586 1320 )

1398 1342 1447 1367 10.
1481 1326 1588 1366 Ὁδὸν
1607 1325 1672 1378 μὲν
1695 1324 1758 1373 τὴν
1785 1324 1971 1372 λειοτάτην
1992 1323 2222 1376 ἐκλέγεσθαι,
2246 1322 2321 1376 βίον
2336 1321 2374 1361 δὲ
2392 1321 2452 1361 τὸν

1482 1386 1717 1425 ἀλυπότατον.

1537 1445 1726 1499 (Stobaeus
1744 1445 1848 1485 Flor.
1872 1444 1947 1494 Ill,
1972 1450 2021 1489 42
2043 1443 2194 1482 Socrati
2213 1442 2453 1494 ascriptum.)

1404 1521 1447 1546 11.
1481 1506 1592 1558 Μόνῳ
1613 1507 1663 1559 τῷ
1680 1505 1795 1558 λόγῳ,
1816 1504 1978 1555 καθάπερ
1999 1503 2180 1557 ἐπιτρόπῳ
2195 1500 2347 1556 σώφρονι
2359 1531 2371 1550 ,
2391 1516 2461 1539 πα-

1483 1563 1739 1619 ρακαταθετεόν
1761 1566 1820 1606 τὸν
1843 1565 1918 1618 βίον
1939 1564 1999 1603 καὶ
2021 1563 2083 1611 τὴν
2102 1564 2268 1610 νεότητα.

1401 1641 1446 1666 12.
1483 1627 1553 1666 Καὶ
1573 1626 1788 1676 ὑποδήματα
1805 1625 1865 1665 καὶ
1887 1624 1961 1677 βίος
1987 1624 2148 1678 ἁρμόζων
2175 1621 2404 1675 ἀλυπότερος.

1403 1702 1448 1726 13.
1480 1684 1622 1739 ‘'sse-step
1645 1687 1692 1729 εἷς
1712 1685 1813 1724 κενὸν
1836 1685 1967 1738 σκάφος
1984 1683 2056 1738 [εἷς
2075 1683 2140 1729 τὴν
2157 1682 2307 1736 ψυχὴν]
2329 1680 2368 1720 τὸ
2389 1679 2460 1720 ἀπὸ

1481 1749 1542 1793 ’.ἧς
1569 1744 1767 1798 φρονήσεως
1787 1742 1878 1797 ἕρμα
1900 1745 1951 1782 δεῖ
1970 1741 2270 1797 προσεμὸάλλειν.

1538 1805 1549 1859 (
1566 1806 1722 1844 Inserui
1743 1806 1791 1848 εἷς
1807 1803 1871 1852 τὴν
1888 1803 2019 1857 ψυχήν.
2035 1806 2044 1852 )

1402 1879 1446 1904 14.
1478 1866 1617 1917 Ψυχῆς
1637 1866 1713 1904 ἐστι
1732 1863 1834 1915 λόγος
1853 1862 1977 1902 ἑαυτὸν
2003 1861 2132 1907 αὔξων.

1402 1940 1446 1965 15.
1478 1925 1543 1964 Ἐν
1562 1928 1614 1979 τῷ
1645 1925 1710 1978 βίῳ
1743 1923 1905 1976 καθάπερ
1926 1924 1961 1962 ἐν
1989 1922 2145 1975 δράματι
2168 1920 2239 1975 χρὴ
2267 1919 2314 1960 τὰ
2333 1921 2461 1973 πρῶτα

1481 1984 1595 2036 λέγειν
1617 1985 1656 2023 οὐ
1677 1984 1735 2023 τὸν
1755 1982 2044 2030 πλουσιώτατον,
2074 1979 2167 2019 ἀλλὰ
2185 1978 2244 2018 τὸν
2273 1976 2462 2031 φρονιμώ-

1480 2060 1601 2084 τατον.

1402 2118 1448 2144 16.
1483 2104 1604 2143 Καλὸν
1623 2102 1682 2142 ἐπὶ
1705 2102 1769 2154 μὲν
1787 2105 1849 2149 τῆς
1871 2100 1990 2144 ἑστίας
2010 2099 2196 2154 φαίνεσθαι
2214 2098 2255 2138 τὸ
2274 2101 2348 2152 πῦρ
2365 2098 2460 2148 λαμ·

1483 2163 1590 2216 πρόν·
1612 2162 1672 2203 ἐπὶ
1689 2163 1725 2201 δὲ
1746 2166 1808 2210 τ’ἧς
1828 2160 1992 2214 εὐτυχίας
2012 2161 2070 2199 τὸν
2087 2164 2182 2198 νοῦν.

1403 2236 1448 2263 17.
1481 2223 1543 2262 Δεῖ
1574 2221 1698 2275 ὥσπερ
1720 2220 1982 2272 εὐνομουμένης
2010 2222 2074 2267 τῆς
2096 2219 2231 2263 πόλεως
2254 2214 2460 2272 φυγαδεύειν

1481 2281 1702 2329 στασιαστὴν
1721 2280 1905 2334 ἄνθρωπον
1917 2311 1928 2331 ,
1949 2279 2058 2323 οὕτως
2076 2279 2115 2317 ἐκ
2133 2282 2196 2326 τῆς
2212 2276 2463 2328 σωθησομένης

1482 2346 1600 2396 ψυχῆς
1621 2341 1680 2381 τὸν
1697 2341 1783 2395 πρὸς
1801 2340 1845 2379 τὰ
1871 2341 1990 2394 φαῦλα
2009 2339 2196 2378 κεκλικότα
2214 2342 2309 2378 νοῦν.

1402 2417 1448 2444 18.
1482 2403 1577 2442 Οὔτε
1601 2402 1702 2455 ἵππῳ
1727 2402 1838 2455 χωρὶς
1871 2402 2045 2453 χαλινοῦ,
2075 2397 2155 2438 οὔτε
2175 2397 2318 2452 πλούτῳ
2348 2397 2460 2452 χωρὶς

1435 2477 1440 2483 ·
1479 2464 1650 2514 λογισμοῦ
1672 2460 1818 2500 δυνατὸν
1841 2461 2007 2512 ἀσφαλῶς
2023 2458 2243 2512 χρήσασθαι.

1443 2579 1492 2608 10.
1518 2575 1579 2608 Via
1598 2575 1746 2616 eligenda
1766 2573 1969 2617 planissima,
1988 2573 2054 2605 vita
2079 2575 2189 2605 autem
2207 2569 2458 2612 iucundissima.

1445 2638 1493 2668 11.
1521 2635 1587 2668 Soli
1605 2635 1721 2667 rationi
1733 2636 1909 2676 ‚tanquam
1934 2632 2193 2674 prudentissimae
2209 2630 2344 2670 tutelae,
2359 2631 2396 2662 ut
2415 2629 2462 2660 vi-

1400 2698 1465 2727 tam
1484 2703 1614 2726 omnem
1627 2719 1636 2735 ,
1655 2694 1701 2726 ita
1715 2694 1858 2727 maxime
1873 2693 2080 2734 juventutem
2096 2691 2184 2724 credi
2200 2699 2258 2732 par
2273 2691 2334 2722 est.

1444 2759 1494 2788 12.
1519 2754 1804 2794 Quemadmodum
1816 2753 2036 2786 calceamenta
2054 2751 2189 2793 pedibus
2205 2753 2280 2791 apta
2295 2762 2304 2782 ι
2320 2748 2367 2782 sic
2385 2747 2463 2781 vita*-

1399 2816 1481 2849 ratio
1503 2816 1596 2848 nobis
1615 2814 1861 2848 accommodata
1878 2813 1986 2846 minus
2004 2812 2230 2845 molestiarum
2248 2810 2355 2843 affert.

1445 2878 1492 2907 13.
1522 2875 1614 2907 Sicut
1630 2882 1772 2906 vacuum
1799 2872 1965 2913 navigium
1987 2871 2123 2904 saburra
2141 2869 2370 2903 stabiliendum
2388 2880 2398 2901 ε
2417 2867 2461 2900 ita

1399 2935 1528 2967 animus
1542 2932 1717 2976 prudentia
1740 2931 1923 2964 firmandus
1936 2932 1997 2963 est.

1443 2989 1495 3027 14}
1519 2995 1608 3026 inest
1632 2992 1741 3025 animo
1762 2991 1844 3024 ratio
1854 2999 1929 3032 quae
1947 2991 2062 3030 suapte
2082 2988 2113 3021 vi
2130 2987 2292 3020 increscit.

1445 3060 1494 3088 15.
1520 3055 1656 3096 Oportet
1674 3053 1708 3086 in
1726 3052 1813 3093 vita,
1833 3054 1989 3092 tanquam
2021 3049 2052 3081 in
2074 3044 2183 3081 sabula
2206 3046 2369 3089 quadam,
2387 3047 2452 3088 pri·
2480 3053 2487 3059 ·

1399 3123 1469 3146 mas
1486 3112 1613 3146 dicendi
1631 3112 1738 3154 partes
1756 3119 1852 3152 agere
1869 3118 1935 3142 non
1961 3107 2158 3141 ditissimum
2171 3131 2181 3148 ,
2199 3106 2255 3139 sed
2274 3105 2459 3148 prudentis-

1398 3174 1531 3206 simum.
1747 3175 1749 3177 '

1444 3236 1493 3266 16.
1514 3234 1613 3266 Decet
1629 3232 1661 3264 in
1683 3231 1755 3264 foco
1780 3229 1911 3271 quidem
1936 3228 2043 3270 iguem
2071 3225 2213 3268 conspici
2234 3223 2459 3266 splendidum,

1398 3293 1430 3325 in
1448 3291 1600 3325 felicitate
1619 3291 1731 3324 autem
1752 3289 1909 3321 animum.

1444 3354 1493 3384 17.
1517 3352 1654 3393 Oportet
1671 3349 1897 3392 quomodoex
1926 3346 2059 3378 civitate
2080 3344 2173 3377 bonis
2197 3343 2321 3385 legibus
2337 3345 2457 3383 tempe-

1399 3415 1469 3443 rata
1505 3410 1696 3444 seditiosum
1735 3408 1840 3440 civem
1873 3406 2051 3448 expellere,
2078 3406 2125 3437 sic
2155 3412 2196 3437 ex
2221 3402 2329 3435 animo
2359 3402 2458 3442 quern

1397 3471 1526 3502 salvum
1545 3478 1614 3502 esse
1628 3468 1829 3502 voluerimus
1855 3465 2056 3499 voluntatem
2080 3464 2120 3496 ad
2142 3463 2227 3496 mala
2251 3452 2459 3504 propensam.

1447 3531 1493 3560 18.
1516 3529 1630 3568 Neque
1645 3535 1730 3568 equo
1748 3526 1819 3558 sine
1841 3524 1931 3557 freno
1943 3548 1953 3565 ,
1973 3526 2081 3564 neque
2101 3517 2225 3553 divitiis
2242 3520 2312 3553 sine
2329 3520 2454 3553 ratione

1396 3587 1468 3618 tuto
1484 3586 1555 3628 quis
1571 3585 1616 3618 uti
1634 3585 1762 3627 poterit.
