2612 3814
349 296 426 330 242
1224 277 1288 317 DE
1315 273 1640 316 ΑΝΑΧΙΜΕΝΕ.

347 392 436 430 gns,
457 378 688 416 laxationem
714 373 799 425 ejus
818 381 856 411 et
876 371 1072 411 raritatem
1094 370 1263 408 calorem
1294 367 1394 419 (ιι)

347 451 429 476 eam
445 436 498 475 ob
510 448 664 476 causam
683 433 900 484 noninepte
910 431 990 470 dici
1004 429 1131 469 calida
1146 427 1345 468 hominem
1360 434 1398 464 et

350 496 492 547 frigida
506 508 555 534 ex
576 507 646 533 ore
665 493 854 532 emittere.
878 489 1049 528 llalitum
1068 488 1172 527 enim
1196 497 1397 537 compres-

347 568 433 595 sum
451 553 568 593 labiis
588 567 631 592 ac
651 552 854 591 densatum
877 548 963 587 fieri
981 547 1188 598 frigidum,
1211 545 1395 584 emissum

347 622 482 667 aperto
505 627 573 651 ore
594 611 646 651 ob
667 610 865 650 raritatem
893 607 1098 646 calescere.
1117 604 1277 651 Qualem
1306 602 1397 641 deo-

348 685 436 711 rum
472 679 650 711 naturam
686 667 949 707 Anaximenes
979 665 1159 710 finxerit,
1179 676 1201 701 e
1229 660 1398 700 diversis

317 768 319 771 .
347 740 522 771 veterum
541 726 773 769 testimoniis
787 724 1050 775 colligendum
1070 722 1188 761 nobis
1209 729 1277 760 est.
1298 719 1393 758 Nam

348 790 485 830 Cicero
505 789 553 828 de
568 789 652 828 Nat.
677 787 794 825 neor.
817 785 846 824 1.
881 797 958 822 ιο.
985 800 1001 817 «ι
1023 781 1305 827 Anaximenes,
1328 779 1398 818 in-

347 850 452 901 quit,
479 861 570 888 aera
590 847 704 886 deum
735 844 868 883 statuit
898 854 1065 893 eumque
1097 841 1205 907 gigni
1236 851 1398 890 esseque

348 911 578 949 immensum
602 915 639 945 et
674 904 869 944 infinitum
902 911 939 940 et
975 912 1128 952 semper
1147 912 1189 938 in
1224 906 1395 937 motu.»

346 969 492 1008 Contra
508 965 748 1016 Augustinus
763 963 811 1001 de
826 963 912 1003 Civ.
933 961 1004 999 Dei
1018 958 1126 1006 Vlli,
1149 972 1202 997 2:
1222 958 1398 995 «Omnes

347 1040 476 1066 rerum
497 1037 631 1064 causas
648 1023 804 1062 infinito
819 1022 903 1061 aeri
924 1020 1053 1070 dedit,
1070 1032 1142 1058 nec
1169 1017 1263 1056 deos
1281 1030 1397 1067 nega-

346 1086 401 1124 vit
417 1094 482 1124 aut
501 1085 638 1132 tacuit,
655 1097 733 1122 non
752 1092 879 1120 tamen
895 1080 971 1120 ab
961 1080 1059 1132 ipsis
1080 1091 1209 1118 aerem
1235 1077 1395 1125 sactum,

345 1144 414 1183 sed
435 1145 543 1196 ipsos
578 1155 626 1181 ex
645 1155 734 1181 aere
754 1150 862 1181 oitos
891 1140 1071 1180 credidit.
1103 1156 1120 1174 υ
1148 1138 1221 1176 Hic
1245 1137 1397 1206 antiqui

344 1203 571 1257 philosophi
588 1202 818 1242 sententiam
842 1200 1061 1240 accuiatius
1081 1198 1319 1251 expressisse
1335 1197 1396 1236 vi-

345 1263 469 1302 detur.
505 1261 695 1300 Similiter
726 1261 916 1311 Origenes
943 1258 1174 1320 Philosoph.
1196 1271 1235 1309 p.
1261 1271 1305 1294 12
1336 1257 1397 1297 ed

344 1322 444 1363 Mill.
467 1320 628 1375 :ite'pa'
606 1334 748 1374 απειρον
763 1318 830 1374 ἔφη
844 1319 908 1367 τὴν
924 1318 1037 1372 ἀρχὴν
1053 1321 1209 1369 εῖναι,ε.,
1176 1316 1208 1343 ³3
1225 1319 1263 1354 οὑ
1283 1315 1327 1354 τὰ
1342 1332 1398 1368 γι-

344 1396 486 1433 νομενα,
495 1380 539 1419 τὰ
552 1379 720 1455 γεγονότα
737 1394 797 1418 και
810 1378 855 1417 τὰ
873 1377 1040 1430 ἐσόμενα,
1055 1377 1117 1416 καὶ
1135 1376 1232 1420 θεοὺς
1248 1392 1308 1415 και
1322 1377 1397 1415 Θεια

344 1441 523 1495 γίνεσθαι,
539 1439 584 1479 τὰ
610 1438 646 1478 δὲ
672 1438 817 1479 λοιπὰ’
801 1454 841 1477 εκ
859 1455 927 1478 των
947 1436 1070 1477 τούτου
1094 1436 1275 1489 ἀπογόνων
1304 1436 1396 1488 (12).

396 1500 510 1548 Quod
524 1501 718 1552 reliquum
730 1507 810 1547 est,
827 1512 941 1538 nemo
955 1497 1120 1545 dubitat,
1137 1497 1234 1549 quin
1252 1497 1395 1535 Anaxi-

344 1573 476 1599 menes
518 1559 661 1610 placita
694 1571 764 1597 sua
803 1558 941 1597 litteris
977 1557 1241 1608 consignarit,
1274 1569 1395 1607 quum

344 1619 479 1659 Ionica
498 1618 664 1657 dialecto
686 1631 808 1668 eaque
821 1617 993 1670 simplici
1010 1626 1047 1655 et
1063 1616 1285 1655 inaffectata
1301 1629 1396 1655 usus

343 1692 427 1718 esse
444 1679 589 1717 feratur
601 1678 694 1728 (13).
716 1677 792 1716 Sed
812 1690 933 1716 unum
954 1676 1158 1728 scripserit
1177 1675 1256 1714 libi
1260 1689 1324 1714 um
1345 1689 1396 1714 an

382 1790 449 1832 (ti)
464 1767 657 1823 Plutarchus
671 1789 712 1823 de
725 1789 825 1822 Prim.
840 1789 924 1830 Frig.
943 1797 972 1821 c.
988 1790 1034 1821 7.
1057 1789 1104 1820 '16
1117 1788 1177 1846 γὰρ
1190 1788 1396 1830 συστελλόμε-

341 1849 393 1870 νον
405 1838 498 1877 αὐτῆς
511 1836 585 1879 [τῆς
600 1835 697 1879 ὕλης]
711 1837 765 1869 καὶ
780 1837 994 1876 πυκνούμενον
1006 1836 1127 1878 ψυχρὸν
1141 1836 1222 1869 εἷναί
1241 1847 1338 1876 φησι,
1357 1836 1394 1868 τὸ

342 1886 376 1918 δὲ
395 1885 502 1926 ἀραιὸν
517 1885 571 1917 καὶ
591 1885 627 1917 τὸ
645 1884 801 1926 χαλαρόν,
819 1884 902 1917 οὕτω
918 1895 988 1921 πως
1013 1883 1174 1924 ὀνομάσας
1196 1885 1250 1916 καὶ
1268 1887 1315 1926 τῷ
1338 1884 1395 1927 ῥή-

344 1944 435 1975 ματι,
452 1932 580 1975 θερμόν·
598 1932 666 1965 ὅθεν
681 1932 742 1965 οὐκ
762 1931 938 1969 ἀπεικότως
952 1933 1096 1973 λέγεσθαι
1108 1933 1144 1964 τὸ
1163 1933 1216 1964 καὶ
1232 1933 1329 1975 θερμὰ
1344 1933 1397 1966 τὸν

343 1980 505 2022 ἄνθρωπον
523 1980 560 2012 ἐκ
578 1983 635 2012 τοῦ
654 1978 811 2022 στόματος
826 1980 880 2012 καὶ
897 1980 1002 2022 ψυχρὰ
1017 1980 1172 2021 μεθιέναι·
1190 1979 1325 2023 ψύχεται
1338 1981 1398 2023 γὰρ

342 2029 364 2066 ἡ
383 2040 416 2060 π
415 2028 464 2067 οὴ
480 2027 646 2061 πιεσθεῖσα
665 2027 723 2060 καὶ
747 2028 952 2060 πυκνωθεῖσα
970 2030 1034 2064 τοῖς
1055 2027 1214 2069 χείὶεσιν,
1235 2027 1396 2070 ἀνειμένου

343 2075 378 2108 δὲ
393 2078 448 2107 τοῦ
466 2074 651 2116 στόματοςε
637 2074 836 2108 ἐκπίπτουσα
851 2075 990 2116 γίγνεται
1005 2076 1140 2117 θερμὸν·
1129 2077 1191 2109 υπὸ
1209 2076 1395 2117 μανότητος.

345 2122 437 2154 cons.
458 2121 610 2162 Origenes
624 2121 743 2155 Philos.
759 2131 793 2163 p.
817 2127 853 2155 12
870 2122 921 2156 ed.
950 2122 1066 2155 Miller.
1094 2135 1102 2155 :
1131 2124 1167 2156 τὸ
1184 2122 1218 2156 δὲ
1235 2124 1317 2159 εἶδος
1339 2127 1396 2156 τοῦ

345 2167 430 2209 ἀέρος
443 2171 604 2208 τοιοῦτον,
619 2168 694 2201 ὅταν
711 2168 766 2210 μὲν
785 2169 987 2210 ὁμαλώτατος
1002 2169 1046 2211 ἦ,
1061 2169 1131 2211 ὄψει
1143 2169 1278 2211 ἄδηλον,
1289 2170 1398 2209 δηλοῦ-

343 2215 415 2246 σθαι
438 2215 471 2247 δὲ
485 2218 531 2258 τῷ
546 2217 682 2259 ψυχρῷ,
695 2216 749 2248 καὶ
771 2219 819 2258 τῷ
844 2218 968 2274 θερμῷ,
983 2218 1038 2249 καὶ
1055 2219 1102 2258 τῷ
1116 2220 1252 2260 νοτερῷ,
1275 2218 1329 2250 καὶ
1351 2221 1397 2260 τῷ

342 2264 537 2305 κινουμένῳ,
555 2264 709 2297 κινεῖσθαι
721 2263 756 2297 δὲ
775 2247 843 2296 &6i‘
857 2265 895 2297 οὐ
915 2265 975 2306 γὰρ
992 2264 1233 2306 μεταὸάλλειν”
1216 2276 1280 2297 οσα
1301 2276 1397 2308 μετα-

342 2310 464 2351 6Ξιλλει,
482 2311 511 2343 εἰ
529 2310 573 2352 μὴ
591 2314 720 2344 κινοῖτο.
747 2311 962 2354 πυκνούμενον
974 2312 1034 2354 γὰρ
1046 2312 1100 2344 καὶ
1114 2312 1319 2354 ἀραιούμενον
1333 2314 1361 2346 δ’.
1352 2313 1397 2345 ’ά-

344 2369 436 2399 φορον
458 2358 638 2400 φαίνεσθαι·
654 2358 729 2391 ὅταν
746 2358 779 2391 δὲ
796 2360 838 2396 εἰς
855 2360 892 2392 τὸ
909 2358 1089 2402 ἀραιότερον
1105 2360 1260 2403 διαχυθῇ,
1273 2365 1335 2403 πῦρ
1347 2361 1397 2403 γί-

343 2407 447 2437 νεσθαι
452 2407 573 2448 ,μέσως
584 2406 616 2438 66
632 2405 710 2439 ἐπὰν
726 2407 769 2444 εἰς
781 2406 858 2450 ᾰὲρα
869 2407 1083 2447 πυκνούμενον
1099 2406 1193 2449 [add.
1210 2409 1397 2451 μεταὸἁὶῃῂ

343 2453 373 2488 ἐξ
391 2453 479 2494 ἀέρος
490 2454 576 2493 νέφος
593 2455 784 2496 ἀποτελεσθῇ
799 2454 880 2495 (leg.
898 2454 995 2488 ἀποτε
996 2454 1139 2496 λεῖσθαι)
1159 2456 1243 2488 κατὰ
1260 2456 1317 2496 τὴν
1335 2456 1397 2489 πό-

343 2500 451 2540 λησιν,
466 2500 510 2533 ἔτι
526 2501 559 2533 δὲ
579 2502 726 2543 μᾶλλον”
708 2503 804 2543 υδωρ,
829 2502 880 2535 ἐπὶ
910 2503 1016 2535 πλεῖον
1032 2503 1234 2535 πυκνωθέντα
1248 2507 1326 2545 γῆν,
1343 2504 1396 2536 καὶ

345 2548 388 2584 εἰς
413 2548 449 2580 τὸ
472 2548 606 2589 μάλιστα
630 2549 823 2582 πυκνότατον
836 2550 956 2604 λίθους.
979 2550 1062 2583 ὥστε
1086 2551 1126 2583 τὰ
1141 2551 1320 2591 κυριώτατα
1342 2555 1397 2590 τῆς

344 2594 494 2635 γενέσεως
511 2595 632 2627 ἐναντία
658 2597 735 2629 εἶναι
754 2598 786 2629 θε
772 2597 863 2638 ερμόν
881 2609 917 2630 τε
932 2598 985 2630 καὶ
1010 2597 1143 2640 ψυχρόν.
1165 2597 1372 2639 Simplicius*
1364 2608 1397 2631 in

346 2640 443 2681 Phys.
461 2642 514 2674 fol.
529 2645 593 2675 32·
604 2643 660 2679 Ὡς
670 2643 862 2685 Ἀναξιμένης
875 2645 1081 2686 ἀραιούμενον
1101 2645 1156 2688 μὲν
1169 2645 1223 2678 τὸν
1243 2645 1319 2689 ἀιρα
1335 2649 1398 2688 πῦρ

346 2687 505 2730 γίγνεσθαί
520 2700 615 2731 φ,ησι
631 2691 842 2732 πυκνούμενον
859 2691 892 2724 δὲ
910 2692 1042 2734 ἄνεμον,
1058 2692 1125 2725 εἶτα
1140 2693 1246 2734 νέφος,
1267 2693 1364 2726 εἶτα
1351 2705 1396 2726 ετι

1458 365 1590 418 plures
1625 365 1867 413 ignoramus.
1900 362 1932 402 E
1951 361 2241 416 posterioribus
2267 361 2524 415 philosophis

1458 423 1699 474 singularem
1727 423 2096 462 commentationem
2114 422 2163 461 de
2181 421 2268 474 ejus
2299 421 2515 475 disciplina

1459 484 1635 523 ediderat
1653 482 1949 535 Theophrastus
1967 482 2001 536 (ι
2010 483 2068 533 4).

1512 544 1686 583 Fuerunt
1699 550 1737 581 et
1749 542 1818 581 alii
1834 543 2111 590 Anaximenes,
2129 555 2299 594 quorum
2316 541 2396 580 duo
2410 539 2526 580 Laui·

1460 602 1643 655 psaceni,
1671 602 1769 640 alter
1801 601 1949 650 rhetor,
1983 595 2195 640 historicus
2216 601 2329 650 alter,
2364 600 2518 640 laudem

1459 663 1538 702 sibi
1567 661 1710 701 studiis
1739 662 1822 701 suis
1857 671 2107 715 pepererunt.
2139 662 2197 701 De
2227 670 2398 713 utroque
2427 662 2526 702 vide

1459 718 1683 773 Menagium
1701 722 1751 761 ad
1768 721 1898 760 Laert.
1918 721 1971 771 ll,
1994 724 2015 762 3
2034 731 2073 761 et
2088 736 2187 774 quos
2207 722 2300 761 citat
2315 720 2526 763 Fabricius

1460 782 1563 823 Bibl.
1593 781 1663 821 Gr.
1700 782 1779 822 vol.
1820 781 1858 820 ll
1889 795 1975 834 pag.
1997 782 2075 820 652
2110 781 2174 822 ed.
2206 781 2314 821 Harl.
2341 781 2519 822 Tertium

1460 842 1742 881 Anaximenem
1762 840 1905 880 Chium
1920 841 2117 893 Sophistis
2134 840 2367 881 adnumerat
2383 839 2527 881 Lucia·

1459 915 1533 941 nus
1563 902 1606 941 in
1627 902 1795 941 Aetione
1823 901 1906 940 sive
1927 900 2127 940 Herodoto
2147 909 2242 939 tom.
2266 899 2315 939 lv
2339 914 2378 954 p.
2405 901 2480 940 118
2508 916 2519 941 ε

1458 960 1601 1006 Ἱππίας
1620 976 1659 1000 τε
1680 963 1698 1000 6
1724 962 1781 1000 ἐπι.
1771 960 1917 1014 ιχώριος
1944 960 2061 999 αὐτῶν
2087 958 2291 1013 [Ἠλείων]
2323 959 2519 1014 σοφιστής,

1458 1024 1519 1060 καὶ
1542 1019 1714 1074 Πρόδικος
1733 1023 1752 1060 6
1785 1021 1911 1069 Κεῖος,
1942 1036 2003 1059 και
2026 1019 2253 1070 Ἀναξιμένης
2280 1021 2299 1059 6
2325 1020 2437 1069 Χῖος,
2458 1019 2523 1061 καὶ

1458 1082 1586 1125 Πῶλος
1599 1083 1618 1119 6
1632 1080 1900 1133 Ἀκραγαντῖνος
1911 1081 1991 1119 κτλ.
2009 1079 2105 1134 (15).
2116 1080 2264 1119 Horum
2279 1080 2528 1120 clarissimus

1460 1141 1533 1180 fuit
1550 1141 1846 1194 plurimumque
1868 1140 2100 1179 auctoritate
2119 1139 2244 1180 valuit
2263 1139 2400 1180 rhetor
2418 1140 2515 1193 (ιθ),

1459 1200 1572 1252 cujus
1601 1201 1814 1240 sententias
1834 1200 1988 1251 aliquot
2018 1200 2191 1239 servavit
2216 1199 2395 1243 Stobaeus
2414 1199 2522 1242 Flor.

1462 1259 1678 1308 xxxvnl,
1697 1265 1765 1306 44·
1750 1259 1845 1307 -453
1864 1258 1998 1306 XLIX,
2025 1257 2262 1308 17;XCV11,
2273 1272 2346 1308 2¹3
2363 1252 2523 1309 cxvll,

1462 1319 1484 1357 5
1502 1328 1541 1358 et
1561 1319 1696 1370 Eclog.
1719 1319 1792 1360 lib.
1815 1319 1852 1357 ll
1870 1332 1955 1371 cap.
1977 1333 2016 1368 7,
2044 1332 2087 1368 ¹7
2111 1327 2204 1359 tom.
2224 1317 2263 1361 11
2283 1332 2326 1371 p.
2358 1320 2438 1370 649
2456 1290 2525 1360 edi

1458 1377 1581 1417 Gaisf.
1601 1377 1777 1429 Namque
1798 1377 1903 1416 dicta
1919 1377 2009 1424 illa,
2032 1386 2296 1430 praeterquam
2312 1377 2419 1430 quod
2435 1377 2527 1418 rbe-

1459 1437 1557 1476 toris
1588 1437 1735 1476 mentio
1766 1437 1810 1475 iit
1844 1436 1946 1476 Flor.
1984 1406 2137 1488 XLIX,
2182 1451 2252 1486 17,
2281 1437 2527 1491 philosopho

1459 1497 1606 1536 ascribi
1627 1497 1736 1536 attici
1767 1497 1963 1536 sermonis
1989 1497 2183 1547 elegantia
2200 1505 2321 1537 vetat.
2350 1498 2525 1550 Apparet

1460 1565 1588 1595 tamen
1609 1556 1806 1595 Stobaeum
1830 1569 1918 1607 quae
1937 1555 1986 1594 de
2007 1556 2264 1595 Anaximenis
2278 1555 2422 1595 Milesii
2439 1555 2529 1609 phi·

1460 1615 1668 1667 Iosophia
1658 1629 1701 1653 in
1731 1614 1760 1653 Γ
1763 1615 1888 1666 clogis
1908 1613 2027 1653 habet
2051 1622 2119 1653 aut
2147 1627 2197 1653 ex
2222 1612 2311 1666 ejus
2332 1611 2436 1653 libro
2456 1622 2530 1658 aut

1457 1688 1506 1714 ex
1522 1675 1688 1714 aliorum
1711 1688 1773 1713 scr
1776 1675 1870 1727 iptis
1887 1674 2142 1726 excerpsisse.

1460 1788 1575 1842 μᾶλλον
1597 1789 1634 1819 ὕο
1620 1789 1693 1830 δωρ,
1710 1787 1780 1820 εἶτα
1794 1791 1872 1827 γῆν,
1887 1786 1957 1819 εἶτα
1985 1787 2105 1823 λίθους,
2123 1786 2164 1818 τὰ
2189 1786 2224 1819 δὲ
2238 1786 2318 1818 ἄλλα
2332 1785 2527 1819 ἐκτούιων

1458 1835 1508 1867 ἐπὶ
1522 1835 1582 1877 γὰρ
1602 1835 1713 1867 τούτου
1729 1834 1826 1877 μόνου
1842 1835 2041 1878 θεόφραστος
2052 1834 2087 1866 ἐν
2099 1837 2139 1876 τῇ
2166 1832 2292 1876 ἱστορία
2306 1833 2363 1874 τήν
2379 1844 2527 1876 μανωσιν

1461 1881 1564 1924 εἴρηκε
1581 1883 1634 1914 καὶ
1647 1883 1704 1921 τὴν
1722 1882 1899 1915 πύκνωσιν.

1502 1931 1569 1972 (12)
1593 1933 1675 1964 cum
1694 1930 1848 1963 Cicerone
1866 1930 1932 1962 fere
1950 1929 2112 1962 consentit
2132 1927 2281 1961 Stohaeus
2292 1927 2403 1970 Eclog.
2422 1927 2528 1970 Phys

1460 1978 1488 2018 1,
1508 1986 1578 2019 cap.
1593 1983 1623 2017 2,
1640 1981 1679 2010 29
1697 1979 1778 2009 tom.
1797 1979 1812 2010 1
1833 1986 1866 2018 p.
1883 1980 1920 2018 21
1936 1976 1989 2010 ed.
2013 1976 2142 2010 Gaist'n
2158 1975 2390 2018 Ἀναξίμανδρος
2405 1975 2531 2018 ἀπεφὴο

1457 2036 1532 2058 νατο
1547 2025 1619 2062 τοὺς
1638 2025 1783 2068 ἀπείρους
1796 2024 1944 2068 οὐρανοὺς
1958 2025 2064 2062 θεούς·
2083 2022 2279 2065 Ἀναξιμένης
2303 2024 2359 2057 τὸν
2373 2023 2461 2067 ἀέρα·
2476 2024 2526 2056 δεῖ
2590 2031 2598 2046 ι

1458 2073 1520 2105 δὲ’
1508 2071 1649 2106 υπακούε
1651 2084 1679 2105 ιν
1696 2073 1747 2105 ἐπὶ
1773 2074 1839 2105 τῶν
1865 2072 1966 2110 οὕτως
1988 2072 2166 2114 λεγομένων
2181 2071 2238 2110 τὰς
2260 2071 2442 2108 ἑνοικούσας
2459 2075 2529 2109 τοῖς
2592 2071 2597 2115 ’Ἴ

1458 2121 1626 2162 στοιχείοις
1641 2122 1661 2160 ἢ
1679 2124 1742 2158 τοῖς
1759 2121 2058 2161 σώμασιδυνάμεις.

1502 2168 1567 2208 (13)
1591 2167 1749 2208 Diogenes
1777 2167 1923 2200 Laertius
1945 2168 2002 2200 lib.
2023 2169 2073 2208 n,
2090 2171 2134 2201 3·
2157 2166 2319 2210 Κέχρηταί
2330 2178 2366 2200 τε
2387 2166 2525 2209 γλώσσῃ
2549 2187 2551 2189 -
2592 2195 2609 2202 .,

1457 2216 1533 2249 Ὶάδι
1553 2217 1637 2258 ἁπλῇ
1664 2215 1749 2248 καὶ’
1735 2215 1902 2258 απερίττῳ.
1926 2215 2069 2248 Eandem
2086 2216 2240 2248 Hecatoeo
2255 2214 2384 2248 Milesio
2409 2214 2524 2247 tribuit
2589 2226 2612 2263 ᾖξ-

1460 2263 1678 2302 Hermogenes
1699 2262 1739 2294 de
1754 2264 1873 2296 Gener.
1896 2262 2023 2296 dicendi
2047 2264 2096 2304 ΙΙ,
2120 2265 2178 2302 12,
2194 2267 2238 2296 62
2255 2265 2297 2305 τῇ
2320 2261 2474 2304 διαλέκτῳ
2489 2261 2528 2295 δὲ
2590 2261 2612 2306 5³*

1457 2310 1584 2353 ἀκράτῳ
1600 2309 1677 2344 Ἰάδι
1705 2311 1759 2343 καὶ
1781 2310 1819 2344 οὐ
1849 2311 2026 2353 μεμιγμένῃ
2050 2310 2248 2355 χρησάμενος
2269 2310 2343 2344 οὐδὲ
2360 2310 2444 2343 κατὰ
2469 2310 2523 2344 τὸν
2591 2314 2595 2315 ’

1457 2358 1627 2401 Ἡρόδοτον
1646 2359 1774 2400 ποικίλῃ
1785 2382 1795 2399 ,
1811 2358 1905 2399 ἧττόν
1919 2359 2004 2393 ἐστιν
2020 2359 2114 2393 ἕνεκά
2127 2370 2165 2400 γε
2179 2359 2289 2397 λέξεως
2303 2358 2481 2397 ποιητικός.

1501 2407 1741 2448 (14)Diogenes
1769 2406 1918 2440 Laertius
1944 2407 2003 2440 lib.
2027 2409 2071 2449 V,
2091 2409 2163 2440 42:
2184 2407 2260 2449 Περὶ
2281 2409 2344 2439 τῶν
2366 2405 2526 2448 {nvncmi-

1458 2454 1652 2545 vvifissvm.
1668 2505 1815 2536 Coraem.
1834 2503 1955 2537 Ἀτακτ.
1971 2505 2052 2537 tom.
2066 2505 2113 2537 111
2130 2512 2202 2545 pag.
2219 2505 2290 2536 181.

1500 2551 1567 2591 (16)
1584 2553 1674 2589 Quos
1689 2551 1734 2583 ita
1751 2555 1911 2584 memorat
1928 2552 2088 2593 Diogenes
2106 2552 2254 2585 Laertius
2267 2551 2323 2584 lib.
2345 2553 2390 2593 ΙΙ,
2409 2556 2456 2585 ³.
2468 2552 2524 2585 Γε·

1457 2598 1568 2638 γόνασι
1581 2599 1679 2632 δὲκαὶ
1694 2600 1782 2632 ᾱὶλοι
1800 2601 1874 2638 δύο,
1889 2600 2119 2642 Λαμψακηνοί·
2139 2600 2243 2643 ῥήτωρ
2263 2600 2319 2632 καὶ
2341 2599 2525 2642 ἱστορικός,

1458 2646 1491 2683 ὃς
1508 2647 1640 2688 ἀδελφῆς
1659 2647 1724 2684 υἱὸς
1741 2647 1778 2687 ἦν
1796 2650 1854 2680 τοῦ
1875 2647 2003 2691 ῥήτορος
2021 2650 2076 2680 τοῦ
2102 2648 2157 2685 τὰς
2176 2646 2371 2690 Ἀλεξάνδρου
2396 2645 2528 2689 πράξας

1459 2695 1659 2736 γεγραφότος.

2591 3593 2595 3605 ν
2581 3562 2592 3572 ³
2575 3491 2599 3542 2:⁴3⁴
2576 3344 2603 3483 fessi-&2315-
