2612 3814
2 3337 7 3426 ...θ-
3 3145 15 3307 -ῶῆψὴῗ
4 3087 11 3133 Ὗς...
4 3049 8 3053 ,
4 3023 6 3029 .
4 2910 12 2945 ..NJ
13 2780 15 2784 ⁴
6 2606 7 2609 „

36 3422 46 3445 ‹⁴›
37 3226 48 3264 λς,
41 3199 43 3212 Α,
44 3100 47 3101 ¹
46 3066 53 3080 A,
37 2977 54 3050 ,esp-..A
35 2954 43 2966 «μ
38 2906 47 2914 4,
47 2885 53 2891 μ
40 2863 46 2869 Ι,
36 2839 50 2847 >j
40 2783 51 2824 ,ΛΓΔ
42 2763 54 2773 ,ἶ
38 2705 41 2714 «.
38 2406 56 2458 1¹²2-ae
42 2393 44 2396 ,
42 2272 50 2299 „A
35 2227 53 2254 jy,
35 2136 59 2209 315¹*ss
37 2111 57 2126 ,ἴε
43 2093 54 2100 3
42 2018 60 2078 ,ἵκῃ

63 3116 65 3122 -
65 2611 66 2614 ⁴
71 2566 78 2573 ι

948 346 1001 385 m
1039 325 1539 385 AUREUM‘CARMEN.

161 455 268 493 (samm
285 441 333 490 τῷ
351 439 440 492 ὃρθῶ
459 436 572 491 λόγῳ,
593 436 753 476 τουτέστι
779 437 830 474 τῶ
848 437 981 488 λογικῶ
1001 433 1093 474 κατὰ
1111 434 1212 487 φύσιν

161 498 363 538 διατεθέντι.
421 499 536 538 Τοῦτο
551 496 620 549 γὰρ
636 497 697 536 καὶ
714 498 831 549 διορᾶν
850 494 995 534 δύναται
1014 494 1037 533 ἃ
1050 492 1213 533 λεκτέα

159 574 202 597 τε
218 559 277 597 καὶ
288 574 374 610 πρα
388 574 437 596 κτ
449 556 465 596 έ
474 574 510 598 α.
570 557 674 610 Λόγῳ
689 556 724 595 δὲ
742 557 834 610 ὀρθῷ
850 555 1030 594 πείθεσθαι
1054 554 1114 594 καὶ
1133 556 1211 606 θεῷ,

159 618 282 656 ταύτόν
311 620 398 658 ἐστι.
456 617 509 656 Τὸ
537 617 606 669 γὰρ
634 615 773 666 λογικὸν
794 614 891 667 γένος
919 616 1132 667 εὗμοιρῆσαν
1151 616 1214 662 τῆς

158 677 286 721 οἰκείας
303 676 510 730 ἐλλάμψεως
528 680 640 714 ταῦτα
663 675 825 728 βούλεται
845 674 867 713 ἃ
887 678 904 714 ὁ
926 677 1014 719 θεῖος
1030 673 1135 727 ὁρίζει
1155 673 1213 713 νό-

159 751 244 787 μος·
263 735 324 774 καὶ
354 735 488 787 γίνεται
519 735 705 790 σύμψηφος
726 736 793 788 θεῷ
811 737 834 783 ἢ
855 733 946 772 κατὰ
975 733 1049 772 θεὸν
1082 734 1214 772 διακει-

159 795 245 846 μένη
262 794 358 848 ψυχή
373 826 383 846 ,
402 795 462 834 καὶ
484 794 567 847 πρὸς
585 796 623 834 τὸ
641 799 730 834 θεῖον
745 793 806 833 καὶ
823 794 861 831 τὸ
880 793 1043 846 λαμπρὸν
1065 792 1213 831 ἀποὸλέ-

158 869 273 892 πουσα
292 853 441 907 πράττει
455 852 477 891 ἃ
499 852 540 892 ἂν
559 853 712 907 πράττῃ.
774 852 820 892 Ἥ
839 852 874 891 δὲ
897 852 1061 896 ἐναντίως,
1081 852 1213 890 διακει-

158 912 246 964 μένη
274 913 361 966 πρὸς
392 913 430 952 τὸ
454 913 553 952 ἄθεον
580 914 641 952 καὶ
667 912 841 952 σκοτεινὸν
863 913 941 959 εἰκῆ
961 910 1022 949 καὶ
1048 913 1093 955 ὡς
1113 910 1214 963 ἔτυχε

157 971 355 1025 φερομένη,
380 969 441 1010 ἅτε
465 974 526 1019 τῆς
561 971 669 1022 μόνης
697 973 767 1010 τῶν
800 972 916 1010 καλῶν
950 969 1133 1021 στάθμης,
1155 973 1213 1008 νοῦ

155 1029 217 1068 καὶ
240 1034 341 1078 θεοῦ,
360 1031 587 1069 ἀποπεσοῦσαι
600 1061 609 1079 ,
629 1033 822 1070 πλανᾶται.
880 1031 1050 1069 Τοσαῦτα
1072 1027 1134 1078 μὲν
1155 1028 1214 1067 καὶ

156 1094 302 1129 τοιαῦτα
319 1093 379 1138 τῆς
399 1090 580 1135 εὐὸουλίας
597 1090 641 1129 τὰ
661 1089 797 1142 ἀγαθά,
816 1089 877 1128 καὶ
896 1091 958 1136 τῆς
972 1087 1128 1132 ἐναντίας
1143 1089 1214 1126 δια-

157 1147 284 1193 θέσεως
297 1148 342 1187 τὰ
356 1149 463 1189 κακά.
521 1150 573 1189 Τὸ
591 1148 627 1188 δὲ
643 1148 940 1202 βουλεύεσθαι
959 1146 1045 1199 πρὸ
1065 1146 1214 1200 ἔργου,

157 1206 244 1259 πρὸς
260 1208 329 1251 τοῖς
344 1209 461 1252 ἄλλοις
478 1210 618 1260 ἀγαθοῖς
630 1238 640 1256 ,
662 1208 722 1247 καὶ
742 1210 803 1255 τῆς
819 1206 963 1255 οἰήσεως
975 1205 1138 1245 ἐκκόπτει
1154 1206 1215 1250 τὰς

158 1266 337 1320 ἀφορμάς,
375 1267 435 1306 καὶ
455 1267 539 1320 πρὸς
566 1267 766 1318 ἐπιστήμης
788 1268 966 1321 ἀνάληψιν
989 1267 1214 1318 παρακαλεῖ,

156 1325 218 1365 καὶ
241 1327 299 1365 τὸν
324 1327 462 1374 ἥδιστον
477 1330 563 1378 ἡμῖν
581 1326 737 1379 προξενεῖ
756 1327 829 1380 βίον
841 1356 850 1374 ,
871 1327 968 1379 εἴπερ
988 1325 1049 1365 καὶ
1069 1325 1126 1364 τὸν
1142 1325 1218 1379 ἄρι-

157 1400 256 1425 στον·
283 1386 450 1433 δηλοῦται
469 1386 507 1425 δὲ
525 1390 637 1425 ταῦτα
654 1386 712 1425 διὰ
728 1389 798 1425 τῶν
815 1386 905 1434 ἑξῆς.

533 1499 621 1539 XV.
663 1506 838 1539 30—31.

244 1600 377 1638 Πρῆσσε
392 1598 424 1630 δὲ
438 1598 532 1639 μηδὲν
548 1602 610 1630 τῶν
625 1599 668 1639 μὴ
682 1599 872 1640 ἐπίστασαι,
889 1599 967 1631 ἀλλὰ
986 1598 1134 1632 διδάσκει)

241 1645 325 1677 ὅσσα
341 1646 462 1687 χρεών,
481 1647 535 1678 καὶ
555 1646 761 1689 τερπνότατον
779 1648 847 1689 βίον
866 1647 928 1680 ὧδε
950 1648 1073 1684 διάξεις.

211 1728 265 1768 Τὸ
283 1728 346 1779 μὲν
367 1728 416 1780 μὴ
439 1730 607 1783 ἐγχειρεῖν
632 1724 683 1775 οἶς
714 1732 775 1769 οὐκ
791 1730 920 1781 ἴσμεν,
948 1730 1218 1784 ἀναμαρτήτους

156 1790 253 1838 ἡμᾶς
273 1787 502 1841 διαφυλάττει
523 1788 627 1840 μόνον
641 1805 650 1814 ·
684 1788 724 1827 τὸ
744 1788 781 1828 δὲ
813 1790 1041 1829 διδάσκεσθαι
1061 1791 1106 1830 τὰ
1132 1791 1218 1845 πρὸς

154 1846 220 1893 τὴν
241 1845 389 1899 ἀρίστην
409 1847 499 1893 ζωὴν
522 1847 762 1896 συντείνοντα,
788 1847 874 1902 πρὸς
894 1851 945 1901 τῷ
966 1850 1219 1904 ἀναμαρτήτῳ,

157 1908 219 1945 καὶ
237 1906 300 1954 τὴν
320 1906 536 1959 κατόρθωσιν
556 1908 591 1946 ἓν
614 1910 689 1953 ταῖς
705 1907 871 1961 πράξεσιν
889 1909 974 1959 ἡμῖν
1008 1909 1218 1964 παρέχεται.

158 2065 273 2095 rectae
310 2059 469 2105 rationi,
505 2059 547 2095 id
583 2066 655 2105 est,
695 2060 824 2097 animo
865 2061 1045 2097 rationali
1073 2069 1219 2099 naturae

157 2118 426 2155 convenienter
452 2118 608 2158 affecto.
642 2120 714 2156 Hic
735 2121 839 2156 enim
859 2128 986 2170 potest
1006 2129 1043 2157 et
1073 2123 1218 2172 perspi-

159 2189 245 2214 cere
275 2189 358 2225 quae
391 2177 554 2213 dicenda
585 2184 621 2214 et
652 2178 825 2215 facienda
854 2180 942 2217 sint.
972 2181 1100 2216 Rectae
1127 2192 1220 2216 vero

159 2236 301 2272 rationi
320 2243 358 2272 et
375 2238 458 2272 Deo
481 2249 617 2285 parere
643 2237 747 2274 idem
775 2245 843 2277 est.
862 2240 1008 2275 Natura
1033 2239 1136 2275 enim
1157 2239 1218 2274 in-

159 2295 331 2345 telligens
343 2322 354 2342 ‚
376 2309 495 2344 quum
512 2297 672 2346 propria
690 2298 777 2334 luce
793 2297 946 2348 fruitur,
961 2299 1027 2335 illa
1041 2299 1122 2336 vult
1138 2311 1221 2347 quae

161 2353 289 2392 divina
311 2354 370 2391 lex
392 2356 541 2403 statuit,
562 2364 599 2393 et
632 2369 721 2392 cum
748 2358 831 2393 Deo
855 2358 1044 2394 consentit
1076 2358 1222 2394 animus

158 2415 242 2450 Deo
261 2415 534 2452 convenienter
552 2415 710 2453 affectus
726 2423 839 2465 atque
866 2417 907 2454 id
924 2417 1031 2466 quod
1048 2417 1222 2454 divinum

160 2480 198 2510 et
212 2473 458 2522 splendidum
478 2483 532 2512 est
547 2484 723 2525 spectans
741 2477 830 2514 facit
853 2491 1090 2526 quaecunque
1116 2478 1218 2516 facit.

160 2536 211 2570 At
231 2534 297 2582 qui
316 2545 423 2570 secus
443 2547 483 2571 se
507 2535 624 2572 habet
637 2564 648 2584 ,
673 2537 714 2571 in
730 2537 965 2586 impietatem
996 2544 1033 2573 et
1052 2538 1093 2573 in
1118 2545 1221 2574 tene-

160 2592 250 2627 bras
268 2599 410 2629 temere
437 2593 675 2643 fortuitoque
703 2594 850 2632 delatus
878 2596 1055 2642 oberrat,
1086 2603 1222 2646 utpote

162 2657 228 2704 qui
249 2663 376 2692 mente
397 2664 514 2705 atque
537 2659 642 2704 Deo,
665 2659 747 2696 sola
771 2660 965 2696 honorum
981 2661 1132 2710 regula,
1156 2673 1221 2697 ex·

162 2714 310 2752 ciderit.
334 2716 408 2751 Tot
434 2723 472 2752 et
499 2717 589 2753 talia
607 2725 695 2754 sunt
723 2720 820 2755 recti
841 2720 990 2755 consilii
1019 2719 1223 2756 commoda

163 2781 200 2809 et
231 2775 431 2811 contrariae
467 2775 682 2814 affectionis
717 2779 830 2817 mala.
878 2779 1090 2815 Consilium
1129 2791 1221 2816 vero

136 2840 367 2882 'antequam
395 2848 455 2872 res
487 2843 642 2885 geratur
680 2845 835 2887 captum
875 2851 963 2875 cum
994 2839 1069 2875 alia
1103 2839 1222 2876 habet

162 2892 286 2940 bona,
307 2901 387 2930 tum
407 2907 511 2931 vanae
531 2896 725 2945 opinionis
747 2899 966 2935 occasiones
985 2899 1159 2947 praecidit
1185 2906 1224 2935 et

164 2953 213 2995 ad
235 2954 430 2991 scientiam
452 2955 740 3004 adipiscendam
759 2971 829 2994 nos
848 2959 979 2994 incitat
993 2965 1141 3007 ,atque
1156 2958 1222 3006 ju-

165 3013 433 3051 cundissimam
460 3016 574 3052 uobis
600 3018 718 3054 vitam
748 3019 950 3065 conciliat,
975 3018 1224 3067 quandoqui-

165 3066 254 3103 dem
273 3075 311 3104 et
333 3070 517 3118 optimam
547 3083 556 3106 ε
586 3071 667 3107 haec
696 3084 789 3109 vero
819 3073 860 3108 in
887 3073 1134 3121 sequentibus
1153 3072 1222 3109 de-

165 3134 441 3167 monstrantur.

566 3220 651 3258 XV.
686 3219 827 3260 30-31.
996 3222 998 3224 ’
1212 3214 1233 3228 ⁶

251 3301 298 3334 Ne
312 3301 388 3343 quid
404 3303 499 3336 facias
511 3312 622 3337 eorum
637 3315 712 3347 quae
730 3306 832 3339 nescis
844 3330 853 3347 ,
867 3306 923 3339 sed
937 3306 1050 3339 discito

253 3358 456 3391 quaecunque
475 3351 554 3384 disci
571 3360 630 3393 par
641 3356 689 3386 est
701 3378 711 3395 ,
729 3356 827 3396 atque
841 3355 885 3387 ita
906 3354 1005 3386 vitam
1022 3355 1175 3396 transigas

934 3402 1224 3444 [jucundissimam.

227 3477 369 3512 Earum
389 3489 517 3514 rerum
531 3505 542 3524 ,
562 3491 654 3527 quas
673 3482 880 3528 nescimus,
901 3482 1091 3531 neglectio
1117 3495 1186 3518 nos
1205 3495 1227 3519 a

174 3536 338 3583 peccatis
362 3549 547 3574 lmmuncs
574 3534 720 3575 tantum
745 3548 968 3590 conservat,
984 3553 1115 3577 earum
1135 3553 1226 3578 vero

174 3595 344 3644 cognitio
375 3609 458 3645 quae
476 3596 524 3633 ad
542 3598 659 3634 vitam
679 3599 860 3648 optimam
890 3599 1097 3650 pertinent,
1126 3612 1226 3649 prae-

2251 340 2327 374 453

1277 429 1325 470 ‘H
1348 428 1411 480 μὲν
1447 427 1515 480 γαρ
1539 426 1675 471 σύνεσις
1702 428 1763 473 τῆς
1781 424 1918 476 ἀγνοίας
1947 424 2008 470 τὴν
2041 426 2080 462 ἐκ
2092 426 2166 471 ’τῆς
2187 423 2332 472 οἰήσεως

1275 487 1499 543 ἐγειρομένην
1515 485 1728 539 προπέτειαν
1751 483 1934 525 ἐκκόπτει·
1955 486 1978 530 ἡ
2000 483 2035 520 δὲ
2051 485 2112 528 τῆς
2134 482 2332 532 ἐπιστήμης

1272 562 1395 594 κτησις
1431 562 1471 585 το
1505 547 1575 584 τῶν
1610 546 1791 596 ἐνεργειῶν
1828 542 2136 595 ἀπαρεμπόδιστον
2175 542 2330 580 δίδωσιν.

1273 607 1471 661 Ἀμφότερα
1488 606 1523 645 δὲ
1545 605 1639 645 καλά
1654 636 1665 656 ,
1684 603 1745 644 καὶ
1769 619 1808 642 το
1825 602 1952 642 εἰδέναι
1973 602 2026 640 ὅτι
2047 603 2110 640 οὐκ
2128 600 2252 652 ἴσμεν,
2274 616 2334 639 και

1273 666 1313 706 τὸ
1331 669 1460 719 γνῶναι
1477 665 1499 704 ἃ
1520 668 1583 704 οὐκ
1598 664 1722 714 ἴσμεν·
1744 666 1793 708 οῖς
1813 662 1936 702 ἕπεται
1959 661 2051 715 βίος
2067 663 2085 699 ὃ
2103 660 2242 713 ἄριστος
2259 659 2334 710 ἅμα

1273 725 1334 765 καὶ
1352 724 1451 773 ἥδισ
1464 740 1549 769 τος
1611 718 1724 767 Οῧτος
1744 720 1783 761 δέ
1806 723 1900 761 ἐστιν
1919 724 1937 761 ὁ
1959 721 2107 769 οἰήσεως
2129 720 2192 770 μὲν
2219 721 2334 757 καθα-

1277 784 1406 838 ρεύων,
1430 786 1445 824 ε’
1458 801 1484 822 π
1496 799 1566 823 ιστ
1580 783 1602 831 ή
1616 799 1700 834 μης
1715 781 1750 820 δὲ
1768 780 1922 834 πλήρης·
1942 781 2000 820 ἐπι
2024 778 2148 829 μηδενὶ
2163 794 2225 829 μεν
2242 779 2336 816 ἐπαι-

1277 845 1418 898 ρόμενος
1443 847 1492 883 ὧν
1522 845 1586 883 οὐκ
1609 836 1699 891 οἶδε,
1726 842 1916 894 μανθάνειν
1941 839 1976 879 δὲ
2013 839 2139 878 ἐθέλων
2164 836 2230 877 ὅσα
2258 837 2336 882 ἄξια

1276 904 1473 955 μαθήσεως.
1529 900 1630 948 Ἀξια
1651 901 1723 941 δὲ’
1707 903 1823 940 εκεῒνα
1839 899 1949 951 μόνα,
1972 896 2038 938 ὅσα
2052 913 2138 950 προς
2155 896 2219 944 τὴν
2242 895 2336 934 θείαν

1275 964 1441 1014 ὁμοίωσιν
1478 968 1575 1014 ἡμᾶς
1610 962 1748 1014 ἀνάγει·
1786 960 1852 999 ὅσα
1889 965 1982 998 ποιεῖ
2014 957 2242 1012 βουλεύεσθαι
2270 954 2338 1008 πρὸ

1277 1023 1400 1076 ἔργου,
1418 1024 1513 1067 ὅπως
1528 1022 1577 1073 μὴ
1593 1023 1695 1074 μῶροι
1709 1020 1877 1067 πέληται·
1891 1018 1958 1058 ὅσα
1975 1019 2038 1057 οὐκ
2057 1019 2097 1071 ἐᾷ
2115 1016 2338 1069 παράγεσθαι

1277 1086 1335 1121 ὑπ’
1354 1083 1488 1126 οὐδενὸς
1505 1082 1583 1121 οὔτε
1602 1081 1717 1135 λόγῳ,
1736 1079 1815 1119 οὔτε
1834 1079 1926 1132 ἔργῳ
1939 1093 1948 1103 ·
1967 1077 2034 1116 ὅσα
2053 1076 2242 1130 διακρίνειν
2259 1077 2338 1113 ἵκα-

1276 1141 1354 1187 vob<
1374 1143 1468 1181 ποιεῖ
1484 1145 1553 1181 τῶν
1574 1139 1868 1194 προσπιπτόντων
1881 1138 1995 1192 λόγων
2014 1137 2054 1176 τὸ
2075 1136 2258 1189 διάφορον·
2273 1135 2338 1174 ὅσα

1277 1201 1340 1245 τὰς
1363 1199 1545 1252 δαιμονίας
1570 1200 1680 1252 τύχας
1699 1198 1820 1251 πράως
1839 1197 1954 1251 φέρειν
1975 1196 2036 1235 καὶ
2060 1198 2180 1234 ἰᾶσθαι
2202 1194 2336 1242 πείθει,

1278 1259 1339 1298 καὶ
1371 1259 1434 1306 τὴν
1471 1258 1619 1298 θανάτου
1652 1257 1713 1296 καὶ
1743 1257 1866 1300 πενίας
1894 1255 2044 1309 ἀφοὸίαν
2074 1254 2254 1302 διδάσκει,
2275 1253 2337 1295 καὶ

1279 1318 1501 1366 δικαιοσύνης
1534 1318 1706 1368 ἄσκησιν,
1731 1315 1792 1354 καὶ
1825 1314 1976 1368 γαστρὸς
1995 1313 2056 1353 καὶ
2077 1316 2146 1351 τῶν
2167 1311 2249 1365 περὶ
2274 1311 2336 1359 τὴν

1279 1378 1435 1430 γαστέρα
1455 1377 1520 1425 τὴν
1541 1375 1770 1430 ἐγκράτειαν·
1799 1374 1866 1414 ὅσα
1886 1374 1966 1418 τοὺς
1989 1376 2051 1421 τ’ἤς
2073 1372 2188 1427 φιλίας
2212 1371 2339 1423 νόμους

1271 1438 1494 1489 εἰσηγεῖται,
1515 1437 1576 1476 καὶ
1592 1436 1655 1484 τὴν
1673 1435 1802 1488 γονέων
1819 1434 1945 1486 τιμήν·
1965 1433 2031 1472 ὅσα
2045 1436 2112 1471 τῶν
2131 1430 2338 1484 κρειττόνων

1281 1499 1391 1548 γενῶν
1408 1496 1447 1535 τὸ
1474 1495 1580 1539 σέὸας
1599 1493 1839 1534 ὑποδείκνυσι.
1897 1495 2025 1533 Ταῦτα
2046 1491 2107 1531 καὶ
2127 1491 2171 1529 τὰ
2195 1490 2340 1529 τοιαῦτά

1283 1559 1376 1596 ἐστιν
1388 1587 1399 1606 ,
1425 1556 1448 1595 ἃ
1468 1557 1536 1595 διδ
1547 1554 1570 1594 ά
1581 1570 1634 1594 σκ
1647 1558 1750 1594 εσθα
1761 1570 1772 1592 ι
1790 1553 1918 1606 χρῆναί
1937 1568 2042 1606 φησιν
2057 1555 2075 1591 ὁ
2090 1550 2212 1604 παρὼν
2226 1550 2340 1602 λόγος,

1283 1610 1333 1660 οἷς
1353 1614 1476 1653 ἕπεται
1506 1613 1599 1667 βίος
1633 1615 1652 1652 ὁ
1675 1612 1997 1666 τερπνότατος.
2056 1609 2102 1650 Ὁ
2133 1609 2200 1662 γὰρ
2234 1611 2340 1662 ἀρετῇ

1281 1674 1482 1726 διαπρέπων
1502 1673 1563 1713 καὶ
1589 1672 1715 1721 ἡδονὰς
1734 1671 2026 1723 ἀμεταμελήτους
2054 1673 2253 1722 καρποῦται
2273 1684 2340 1720 μι-

1283 1733 1460 1783 μουμένας
1478 1748 1518 1771 το
1537 1734 1598 1780 τῆς
1618 1733 1744 1785 ἀρετῆς
1765 1730 1925 1782 μόνιμον.
1983 1730 2128 1782 Πέφυκε
2146 1728 2213 1780 γὰρ
2239 1735 2340 1767 πᾶσα

1281 1792 1389 1841 ἡδονὴ
1419 1792 1592 1844 ἐνεργείας
1608 1795 1812 1840 ἡστινοσοῦν
1833 1783 1921 1828 εἰναι
1939 1789 2341 1842 παρακολούθημα.οὗ

1283 1851 1352 1903 γὰρ
1373 1852 1462 1900 αὐτὴ
1480 1853 1558 1891 καθ’
1579 1850 1706 1897 ἑαυτὴν
1727 1849 1791 1897 τὴν
1816 1849 2008 1888 ὑπόστασιν
2029 1847 2128 1901 ἔχει,
2148 1849 2226 1886 ἀλλ’
2244 1848 2342 1886 ἐπα-

1284 1913 1442 1950 κολουθεῖ
1462 1910 1546 1950 τάδε
1577 1914 1734 1949 ποιοῦσιν
1765 1911 1850 1960 ἡμῖν
1879 1907 1902 1956 ἢ
1936 1908 2035 1947 τάδε.
2093 1906 2157 1946 Διὸ
2177 1912 2253 1952 ταῖς
2278 1907 2340 1958 μὲν

1283 2069 1457 2112 terquam
1477 2063 1584 2112 quod
1603 2075 1672 2099 nos
1690 2062 1908 2110 inculpatos
1929 2067 2075 2106 servat,
2096 2060 2186 2096 facit
2206 2060 2340 2105 etiam,

1282 2130 1324 2158 ut
1344 2134 1389 2159 ea
1412 2135 1494 2170 quae
1513 2129 1618 2158 recta
1636 2129 1724 2158 sunt
1749 2132 1915 2170 agamus.
1955 2119 2211 2168 Intelligentia
2241 2119 2344 2155 enim

1281 2182 1457 2231 praecidit
1473 2182 1630 2218 inscitiae
1650 2182 1899 2217 temeritatem
1918 2179 2115 2228 arroganti
2136 2179 2194 2214 sui
2214 2179 2345 2214 existi--

1283 2242 1449 2278 matione
1468 2241 1692 2286 excitatam3
1714 2240 1879 2276 scientiae
1899 2246 2024 2275 autem
2045 2237 2200 2285 adeptio
2222 2237 2342 2272 actio-

1282 2313 1374 2336 num
1413 2300 1628 2336 libertatem
1665 2298 1789 2335 affert.
1824 2299 2041 2345 Utrumque
2073 2308 2166 2344 vero
2194 2295 2343 2331 bonum

1283 2367 1359 2405 est,
1380 2372 1468 2399 cum
1486 2360 1582 2395 scire
1599 2371 1669 2395 nos
1689 2358 1855 2403 nescire,
1874 2363 1955 2392 tum
1976 2368 2020 2392 ea
2041 2368 2124 2403 quae
2155 2355 2344 2391 nescimus

1283 2418 1497 2463 addiscere,
1519 2431 1564 2454 ex
1585 2418 1724 2466 quibus
1752 2418 1876 2452 oritur
1901 2419 1982 2452 vita
2011 2416 2156 2463 optima
2175 2415 2287 2450 simul
2307 2422 2345 2451 et

1279 2479 1569 2527 jucundissima.
1593 2477 1682 2514 Haec
1708 2483 1834 2513 autem
1863 2483 1918 2512 est
1936 2488 1979 2512 ea
2005 2487 2089 2523 quae
2118 2474 2344 2522 arrogantiae

1283 2549 1416 2586 expers
1434 2537 1597 2574 scientiae
1611 2537 1728 2585 plena
1753 2536 1800 2571 sit
1820 2547 1981 2583 quaeque
2012 2535 2053 2570 in
2079 2533 2186 2570 nulla
2214 2544 2344 2569 earum

1283 2608 1412 2632 rerum
1445 2596 1647 2645 glorietur,
1684 2606 1777 2643 quas
1807 2593 1984 2643 ignorat,
2008 2598 2121 2639 atque
2141 2604 2184 2628 ea
2210 2591 2345 2628 lubens

1285 2655 1404 2691 discat
1423 2667 1507 2703 quae
1526 2655 1624 2690 scitu
1643 2653 1757 2702 digna
1783 2659 1883 2691 sunt.
1901 2652 1972 2687 Illa
1999 2663 2089 2687 vero
2118 2650 2198 2686 sola
2229 2649 2346 2700 digna

1283 2721 1371 2750 sunt
1382 2741 1392 2759 ,
1413 2727 1495 2762 quae
1513 2713 1562 2749 ad
1579 2711 1651 2749 Dei
1667 2711 1952 2748 similitudinem
1968 2723 2038 2746 nos
2052 2710 2242 2758 evehunt,
2261 2721 2344 2758 quae

1284 2772 1429 2808 faciunt
1458 2780 1500 2808 ut
1519 2773 1740 2821 priusquam
1765 2783 1824 2807 res
1851 2777 2034 2820 gerantur
2065 2769 2341 2815 deliberemus,

1283 2844 1332 2868 ne
1350 2832 1462 2868 stulta
1493 2831 1795 2878 committantur,
1817 2842 1901 2878 quae
1919 2841 1989 2865 nos
2005 2841 2027 2865 a
2049 2829 2200 2864 nemine
2219 2840 2344 2876 neque

1283 2890 1409 2926 verbis
1428 2902 1553 2938 neque
1573 2881 1682 2926 factis
1701 2889 1780 2924 falli
1803 2889 1955 2934 sinunt,
1975 2900 2058 2936 quae
2078 2885 2238 2924 idoneos
2257 2886 2344 2922 red·

1284 2949 1381 2984 dunt
1400 2949 1449 2984 ad
1465 2947 1715 2984 incidentium
1734 2959 1954 2983 sermonum
1972 2944 2176 2982 discrimen
2202 2945 2343 2981 facien-

1285 3007 1376 3044 dum
1388 3035 1398 3053 ‚
1429 3020 1512 3056 quae
1541 3007 1770 3044 calamitates
1806 3005 1985 3042 divinitus
2016 3005 2180 3040 invectas
2211 3004 2345 3040 leniter

1284 3066 1383 3103 ferre
1398 3067 1518 3115 iisque
1537 3065 1683 3102 mederi
1701 3064 1955 3114 persuadent,
1975 3071 2013 3100 et
2028 3064 2160 3099 mortis
2174 3075 2344 3111 pauper-

1285 3126 1446 3174 tatisque
1464 3126 1763 3162 contemtionem
1777 3132 1815 3161 et
1825 3124 1977 3172 justitiae
1989 3124 2134 3160 cultum
2151 3130 2188 3159 et
2203 3124 2344 3160 ventris

1285 3198 1494 3234 eorumque
1524 3198 1608 3235 quae
1634 3186 1736 3222 circa
1751 3193 1922 3222 ventrem
1941 3192 2050 3229 sunt,
2071 3184 2344 3220 continentiam

1286 3239 1450 3291 docent,
1471 3258 1553 3294 quae
1568 3246 1668 3294 leges
1685 3245 1859 3285 amicitiae
1880 3251 1918 3281 et
1936 3251 2137 3293 parentum
2156 3244 2343 3279 honorem

1288 3305 1466 3352 tradunt,
1495 3317 1581 3353 quae
1601 3305 1767 3354 denique
1784 3305 2026 3354 superiorum
2059 3316 2240 3352 generum
2261 3304 2344 3339 cul-

1287 3371 1367 3400 tum
1396 3364 1671 3403 demonstrant.
1699 3365 1785 3402 Haec
1806 3372 1920 3413 atque
1939 3363 2156 3412 hujusmodi
2183 3371 2269 3400 sunt
2300 3375 2344 3400 ea

1287 3436 1373 3472 quae
1394 3423 1573 3461 discenda
1598 3437 1675 3461 esse
1702 3432 1861 3461 monent
1885 3425 1925 3460 hi
1955 3436 2086 3459 versus
2105 3430 2142 3459 et
2171 3435 2253 3470 quae
2281 3434 2343 3458 se·

1288 3483 1419 3531 quitur
1438 3484 1515 3520 vita
1529 3483 1817 3531 jucundissima.
1834 3484 1908 3530 Qui
1923 3484 2022 3519 enim
2041 3483 2178 3517 virtute
2197 3481 2345 3518 excellit

1287 3542 1548 3591 voluptatibus
1562 3543 1676 3579 etiam
1690 3543 1831 3579 fruitur
1846 3555 1926 3578 non
1938 3539 2181 3590 poenitendis‚
2194 3539 2346 3575 virtutis

1287 3601 1527 3639 stabilitatem
1545 3602 1797 3640 imitantibus.
1817 3603 1873 3638 Ita
1894 3602 1994 3638 enim
2024 3607 2157 3636 natura
2188 3611 2346 3648 compa·
