2612 3814
915 462 1277 548 ocELLl

1340 461 1717 550 LUCANI

563 665 1169 739 FRAGMENTUM
1227 670 1451 738 Llssru
1508 674 1706 771 ΠΕΡΙ
1760 674 2063 740 ΝΟΜΟΥ

744 855 768 888 e
795 841 922 888 Stob.
948 841 1046 888 Ecl.
1074 842 1207 905 phys,
1234 843 1314 898 tib,
1339 844 1385 903 Ι,
1415 858 1517 907 cap.
1549 847 1633 905 13,
1658 859 1766 908 pag.
1790 847 1869 893 32.

1116 1001 1502 1025 &OQ——

275 1175 425 1228 Συνέχει
452 1174 520 1227 γὰρ
536 1175 580 1214 τὰ
607 1173 671 1225 μὲν
692 1174 824 1214 σκάνεα
844 1174 943 1227 ζωοί,
964 1173 1094 1220 ταύτας
1113 1176 1142 1214 δ’
1165 1177 1275 1215 αἴτιον

215 1236 316 1290 ψυχά
328 1266 340 1286 ‚
358 1235 416 1274 τὸν
432 1234 468 1273 δὲ
487 1234 619 1286 κόσμον
643 1234 796 1287 ἁρμονία
809 1265 821 1284 ,
835 1233 968 1279 ταύτας
983 1234 1013 1272 δ’
1029 1233 1138 1279 αἴτιος
1157 1237 1175 1274 ὅ
1191 1235 1278 1283 θεός,

219 1295 288 1340 τὼς
309 1290 338 1334 δ’
355 1293 458 1338 οἴκως
477 1292 538 1333 καὶ
558 1292 619 1337 τὰς
639 1294 764 1338 πόλιας
781 1292 925 1344 ὁμόνοια
938 1324 949 1344 ‚
974 1293 1106 1338 ταύτας
1124 1293 1153 1332 δ’
1169 1293 1278 1338 αἴτιος

219 1357 238 1393 ὁ
257 1354 375 1405 νόμος.
433 1352 496 1398 Τίς
515 1347 575 1392 οὖν
595 1352 692 1392 αἰτία
709 1351 770 1392 καὶ
785 1352 886 1404 φύσις
902 1352 960 1392 τὸν
986 1352 1050 1404 μὲν
1066 1353 1198 1404 κόσμον
1217 1353 1279 1406 ἄρ·

217 1413 347 1464 μόσθαι
365 1412 424 1452 διὰ
452 1411 603 1459 παντός,
631 1411 691 1451 καὶ
716 1412 890 1463 μηδέποκ’
910 1414 944 1457 ἐς
961 1412 1134 1463 ἀκοσμίαν
1152 1412 1277 1452 ἐκδαί·

217 1488 303 1525 νειν,
323 1473 386 1517 τὰς
407 1471 443 1512 δὲ
464 1472 589 1517 πόλιας
604 1471 666 1511 καὶ
684 1470 753 1517 τὼς
772 1471 876 1517 οἴκως
898 1472 1145 1526 ὀλιγοχρονίως
1160 1466 1275 1523 ἧμενς

212 1531 316 1573 ’Ὅσα
348 1532 412 1584 μὲν
443 1525 492 1571 ὧν
521 1531 673 1585 γεννατὰ
700 1531 761 1571 καὶ
790 1531 904 1572 θνατὰ
936 1532 1000 1572 τὰν
1031 1532 1158 1586 φύσιν,
1183 1531 1219 1577 ἐξ
1239 1526 1280 1577 ἇς

217 1591 431 1631 συνέστακεν
452 1591 556 1641 ὕλας,
570 1590 633 1631 τὰν
652 1590 761 1630 αὐτὰν
782 1592 899 1631 αἰτίαν
915 1590 992 1645 ἔχει
1005 1599 1066 1637 τᾶς
1087 1591 1275 1637 διαλύσιος.

218 1652 379 1700 Συνέστη
399 1651 468 1704 γὰρ
488 1653 528 1690 ἐκ
558 1650 843 1702 μεταὸαλλοίσας
865 1650 926 1691 καὶ
953 1650 1146 1696 ἀειπαθέος·
1167 1651 1190 1690 ἅ
1210 1651 1278 1705 γὰρ

219 1714 289 1751 τῶν
320 1710 521 1764 γενομένων
557 1710 762 1763 ἀπογένεσις
793 1710 954 1764 σωτηρία
983 1717 1045 1755 τᾶς
1076 1711 1279 1763 γεννοίτορος

214 1771 316 1816 ὕλας·
334 1770 374 1810 τὸ
393 1770 428 1810 δὲ
449 1770 643 1818 ἀεικίνητον
658 1770 839 1825 κυὸερνεῖ,
859 1770 899 1810 τὸ
916 1770 951 1810 δὲ
970 1770 1135 1816 ἀειπαθὲς
1155 1771 1280 1824 κυὸερ-

218 1836 344 1878 νεῖται,
363 1830 423 1869 καὶ
443 1831 482 1870 τὸ
500 1830 563 1880 μὲν
578 1830 746 1884 πρότερον
766 1833 811 1886 τᾷ
831 1830 997 1882 δυνάμει,
1009 1830 1049 1870 τὸ
1065 1830 1101 1870 δὲ
1122 1829 1278 1884 ὕστερον·

214 1891 279 1930 καὶ
304 1890 343 1930 τὸ
358 1889 422 1941 μὲν
443 1891 532 1930 θεῖον
548 1890 609 1930 καὶ
625 1890 727 1943 λόγον
746 1890 825 1943 ἔχον
846 1890 908 1930 καὶ
928 1890 1073 1946 ἔμφρον·
1093 1890 1132 1930 τὸ
1147 1891 1183 1930 δὲ
1198 1907 1278 1944 γεν-

214 1949 321 1989 νατὸν
339 1949 398 1988 καὶ
423 1949 547 2003 ἄλογον
566 1950 625 1989 καὶ
646 1951 887 2002 μεταὸάλλον.

254 2074 409 2107 Stobaeus
429 2075 448 2107 l.
471 2084 499 2107 c.
517 2085 526 2106 :
545 2075 696 2112 Ὀκελλος
716 2075 827 2116 ἔφησεν
849 2075 927 2107 εἶναι
939 2075 978 2107 δι’
996 2075 1013 2107 ὃ
1027 2075 1163 2116 γίγνεταί
1173 2086 1215 2107 τι.
1227 2074 1277 2106 λέ-

212 2134 265 2164 γει
277 2123 337 2165 γὰρ
351 2124 382 2156 ἐν
407 2127 452 2165 τῷ
469 2125 547 2165 Περὶ
570 2123 681 2165 Νόμου
696 2124 807 2161 οὕτως·
823 2124 951 2165 Συνέχει
976 2124 1036 2165 γὰρ
1056 2124 1125 2156 κτλ.
1146 2124 1199 2156 Bis
1218 2123 1279 2155 ltoc

217 2166 290 2203 loco
309 2170 448 2204 inlibris
465 2171 661 2212 quibusdam
680 2171 794 2212 legitur
814 2171 885 2209 τοὺς
904 2171 1028 2211 οἴκους,
1047 2170 1133 2213 quod
1152 2180 1170 2204 e
1185 2179 1278 2204 seve-

217 2218 312 2251 rioris
327 2218 455 2251 Doridis
482 2219 605 2261 legibus
625 2222 657 2252 et
676 2228 752 2252 cum
778 2219 890 2252 codice
905 2219 1063 2251 Vaticano
1084 2218 1277 2251 mutandum

217 2265 297 2298 duxi
313 2266 347 2298 in
360 2267 423 2304 τὼς
444 2267 550 2305 οἶκως.
573 2285 614 2291 -
629 2267 805 2301 Vizzanius
821 2267 969 2308 vulgavit
986 2268 1032 2304 τὶς
1053 2266 1107 2299 οὖν
1123 2266 1211 2299 αἰτία
1224 2267 1278 2299 καὶ

217 2314 306 2356 φύσις
324 2315 393 2347 κτλ.
409 2316 507 2356 atque
528 2315 648 2348 idcirco
673 2316 772 2348 vertit
789 2324 797 2347 ε
815 2316 920 2348 Causa
944 2314 1041 2355 igitur
1057 2313 1164 2356 aliqua
1181 2316 1231 2347 est
1246 2318 1279 2347 et

214 2364 355 2402 natura3
377 2362 434 2396 sed
450 2363 571 2396 rectius
589 2364 719 2405 ponitur
733 2363 780 2402 τίς
795 2362 850 2396 οὖν
863 2363 915 2396 vel
932 2363 1039 2404 potius
1055 2363 1112 2403 ὦν,
1127 2363 1280 2404 quemad-

214 2408 352 2441 modum
369 2410 466 2451 paulo
490 2412 562 2451 post
587 2411 619 2443 in
649 2411 808 2444 vaticano
825 2412 858 2444 et
886 2412 1073 2452 Augustano
1101 2410 1278 2452 exemplari

213 2458 401 2499 comparet,
415 2457 461 2490 ita
474 2460 510 2490 ut
527 2458 589 2491 hoe
604 2460 810 2492 enuntiatum
827 2467 931 2500 usque
947 2458 987 2490 ad
1002 2458 1102 2491 verba
1117 2458 1279 2500 ὀλιγοχρο-

217 2503 291 2541 νίως
303 2504 382 2545 ἦμεν
398 2506 609 2547 quaestionem
627 2506 807 2547 contineat,
822 2506 864 2539 ad
880 2515 981 2548 quam
999 2506 1218 2548 respondetur
1233 2515 1279 2538 se-

213 2553 330 2592 quenti
341 2554 563 2588 enuntiatione
583 2555 646 2588 ὅσα
663 2555 718 2596 μὲν
733 2555 778 2588 ὧν
791 2555 1021 2597 γενναιτὰ-τᾶς
1031 2556 1201 2592 διαλύσιος.
1213 2555 1279 2587 Cae-

1380 1179 1534 1213 continet
1571 1182 1705 1223 quidem
1737 1191 1871 1225 corpora
1900 1185 1967 1217 vita
1981 1210 1990 1226 ,
2024 1187 2122 1227 tmjus
2164 1191 2275 1221 autem
2305 1198 2402 1223 causa

1339 1233 1447 1264 anima
1469 1236 1518 1266 est
1536 1244 1545 1267 ε
1567 1235 1727 1268 mundum
1747 1245 1825 1269 vero
1849 1237 2018 1270 harmonia
2036 1241 2181 1273 continet
2195 1266 2204 1281 ‚
2224 1242 2322 1283 liujus
2338 1252 2402 1275 au-

1341 1288 1404 1318 tem
1421 1288 1595 1319 auctorest
1610 1287 1693 1320 deus
1714 1301 1721 1320 :
1744 1288 1884 1321 familias
1898 1290 2037 1331 denique
2050 1294 2082 1324 et
2095 1293 2242 1326 civitates
2259 1295 2402 1328 continet

1339 1339 1512 1371 concordia
1525 1364 1534 1380 ‚
1553 1339 1651 1381 liuius
1667 1341 1779 1373 autem
1797 1349 1894 1374 eausa
1911 1342 1963 1374 lex
1981 1344 2043 1376 est.
2089 1346 2171 1382 Quae
2190 1345 2287 1386 igitur
2305 1356 2403 1380 eausa

1340 1395 1388 1425 est
1405 1393 1438 1424 et
1462 1393 1579 1425 natura
1601 1393 1763 1435 efficiens,
1783 1395 1820 1427 ut
1847 1394 1992 1428 mundus
2019 1396 2149 1437 quidem
2171 1407 2298 1439 semper
2328 1402 2403 1442 apte

1339 1451 1498 1484 cohaereat
1518 1459 1622 1493 neque
1635 1459 1779 1492 unquam
1796 1451 1830 1484 in
1846 1452 2122 1494 perturbationem
2137 1455 2268 1496 incidat,
2287 1457 2402 1490 civita·

1339 1508 1390 1539 tes
1414 1515 1492 1539 vero
1513 1508 1547 1540 et
1570 1507 1699 1539 familiae
1715 1507 1820 1540 brevis
1839 1507 1905 1541 sint
1929 1510 2107 1551 temporis?
2126 1511 2338 1552 Quaecunque
2351 1520 2403 1544 res

1339 1564 1457 1606 genitae
1482 1565 1607 1598 suntet
1628 1566 1742 1597 natura
1755 1565 1926 1605 mortales,
1944 1575 1985 1598 ex
1999 1575 2063 1608 qua
2080 1569 2230 1600 constant
2246 1569 2396 1609 materia,

1340 1621 1423 1653 hanc
1442 1620 1544 1663 ipsam
1565 1619 1785 1653 dissolutionis
1807 1629 1940 1653 causam
1962 1621 2093 1654 liabent.
2141 1624 2298 1656 Constant
2310 1623 2400 1657 enim

1340 1687 1382 1711 ex
1399 1678 1547 1711 mutabili
1569 1678 1602 1711 et
1621 1686 1749 1719 semper
1767 1677 1893 1719 patibili
1915 1691 1923 1711 :
1939 1679 2059 1721 quippe
2073 1688 2187 1712 eorum
2206 1689 2281 1722 quae
2295 1680 2403 1722 genita

1340 1736 1417 1767 sunt
1448 1735 1597 1767 interitus
1624 1734 1710 1767 salus
1742 1734 1907 1775 genitricis
1938 1736 2083 1768 materiae
2115 1736 2182 1776 est;
2203 1736 2288 1777 quod
2321 1744 2402 1768 vero

1340 1800 1468 1833 semper
1484 1791 1635 1823 movetur
1651 1790 1825 1831 gubernat,
1844 1790 1929 1832 quod
1947 1799 2074 1832 semper
2100 1792 2222 1832 patitur
2238 1791 2400 1832 guberna·

1339 1851 1393 1881 tur
1414 1857 1422 1877 :
1441 1848 1475 1881 et
1491 1847 1570 1880 illud
1597 1847 1730 1888 quidem
1746 1855 1804 1879 sua
1831 1847 1862 1879 vi
1887 1846 1998 1888 prius,
2021 1846 2084 1878 hoc
2106 1847 2290 1888 posterius3
2320 1846 2401 1880 illud

1340 1904 1488 1937 divinum
1506 1906 1539 1936 et
1563 1902 1687 1935 ratione
1717 1901 1891 1944 praeditum
1920 1903 1955 1935 et
1979 1902 2096 1934 mentis
2121 1902 2305 1944 particeps,
2340 1902 2403 1935 hoc

1339 1970 1418 1994 vero
1437 1960 1582 2002 genitum
1598 1959 1632 1992 et
1654 1958 1787 1991 rationis
1810 1966 1928 1999 expers
1942 1958 1975 1990 et
1991 1957 2149 1990 mutabile
2170 1960 2229 1990 est.

1342 2077 1447 2106 terum
1477 2081 1535 2113 pro
1571 2070 1795 2111 μηδέποτ’-ἐξ
1825 2069 1924 2109 ἦς-ἡ
1951 2069 2012 2110 γὰρ
2038 2079 2113 2110 quae
2146 2069 2178 2100 in
2204 2068 2402 2103 membranis

1340 2123 1417 2154 sunt
1430 2144 1439 2161 ‚
1457 2119 1620 2153 edidimus
1635 2118 1864 2160 μηδέποκ’-ἐξ
1882 2118 1984 2155 ὄις-ἁ
2004 2118 2076 2159 γὰρ,
2094 2119 2127 2150 ut
2151 2118 2182 2149 iu
2204 2117 2253 2149 liis
2270 2126 2403 2158 quoque

1343 2169 1454 2201 formis
1476 2167 1672 2201 severiorem
1695 2166 1850 2199 Doridem
1877 2166 2142 2204 restitueremus,
2166 2174 2271 2206 quum
2297 2165 2404 2206 &Myo-

1342 2216 1475 2259 χρονίως
1499 2224 1559 2257 pro
1579 2214 1813 2257 ὀλιγοχρονίους
1831 2213 2016 2246 Vaticanus
2039 2213 2118 2245 tiber
2136 2215 2168 2245 et
2192 2214 2404 2252 Augustanus

1343 2264 1518 2305 praebeant.
1529 2265 1646 2303 Inepte
1662 2262 1759 2303 vulgo
1771 2262 1887 2302 legitur
1898 2264 2034 2304 πρῶτον,
2047 2260 2141 2300 cujus
2155 2260 2225 2292 loco
2242 2259 2404 2300 flagitatur

1339 2312 1500 2355 πρότερον.
1514 2312 1626 2352 Neque
1638 2309 1724 2343 enim
1738 2310 1966 2348 dubitandum,
1985 2309 2065 2350 quin
2083 2317 2160 2341 vera
2178 2309 2220 2340 sit
2238 2308 2402 2340 Ammonii

1340 2359 1523 2393 observatio
1540 2368 1549 2389 ε
1567 2362 1690 2400 πρῶτος
1707 2358 1762 2401 μὲν
1772 2358 1822 2390 ἐπὶ
1835 2358 1972 2397 πολλῶν,
1985 2355 2131 2398 πρότερος
2148 2356 2181 2388 δὲ
2196 2356 2247 2389 ἐπὶ
2264 2356 2333 2388 δύο·
2347 2357 2402 2388 καὶ

1340 2413 1386 2451 τῷ
1409 2409 1464 2451 μὲν
1480 2408 1596 2450 πρώτῳ
1616 2407 1781 2439 ἀκολουθεῖ
1795 2408 1813 2439 ὁ
1832 2406 1986 2444 ὕστατος,
2007 2407 2054 2446 τῷ
2070 2404 2103 2436 δὲ
2122 2405 2263 2447 προτέρῳ
2280 2405 2298 2436 ὁ
2313 2404 2400 2436 ὕστε·

1341 2467 1404 2499 ρος.
1421 2455 1472 2488 cs.
1496 2455 1693 2487 Valckenar.
1715 2454 1756 2486 ad
1779 2454 1946 2487 Theocrit.
1964 2452 2061 2494 Idyll.
2080 2454 2107 2493 Ι,
2122 2454 2173 2485 11.
2194 2453 2232 2484 Iu
2247 2451 2403 2484 extremis

1340 2507 1376 2538 τὸ
1399 2505 1603 2547 μεταὸάλλον,
1621 2513 1679 2546 pro
1695 2503 1814 2545 quibus
1835 2503 1955 2536 Gateus
1973 2502 2101 2543 scripsit
2122 2501 2176 2534 καὶ
2192 2501 2226 2534 τὸ
2247 2500 2401 2543 μεταὸάλ-

1340 2555 1405 2595 λον,
1425 2554 1533 2587 addita
1549 2554 1603 2586 mi
1621 2552 1778 2594 particula
1793 2551 1966 2585 articulum
1989 2550 2106 2584 delevi.

1262 3632 1336 3669 407
1372 3657 1376 3661 .
