2612 3814
283 182 361 215 208

273 272 338 302 tur
356 261 452 317 (34).
470 262 727 301 Dulcissimas
744 270 871 300 autem
889 260 976 313 ejus
993 261 1136 312 elegias
1151 275 1236 313 quae
1249 275 1336 300 cum

274 322 427 375 Lyn-icis
451 322 680 361 Graecorum
701 321 828 374 poetis
850 320 913 360 edi
933 321 1064 360 solent
1094 320 1144 360 ab
1160 321 1340 360 hocloco

274 383 424 421 alienas
443 395 528 421 esse
548 381 800 434 perspicuum
821 389 892 420 est.

331 443 460 489 Chilo,
483 441 683 493 Damageti
699 441 820 490 filius,
837 440 1173 489 Lacedaemonius,
1185 441 1253 493 qui
1266 454 1340 493 pu-

275 502 472 542 blicorum
502 502 750 552 negotiorum
776 501 1007 551 gravitatem
1029 500 1339 539 mansuetiorum

278 566 475 602 Musarum
485 562 677 614 elegantia
694 561 927 601 suavissime
941 559 1187 612 temperavit,
1199 559 1340 597 ducen-

276 631 334 661 tos
353 623 510 662 circiter
531 635 668 661 versus
684 622 854 672 elegiaco
869 621 1042 659 carmine
1060 619 1233 671 scripsit.
1256 618 1343 657 Fuit

276 692 404 721 autem
430 682 613 735 Ephorus
641 682 743 720 circa
769 680 1137 732 quinquagesimam
1164 679 1341 731 quintam

275 742 556 794 olympiadem,
573 741 634 780 vel
655 742 687 779 si
712 740 930 792 Pamphilae
957 738 1068 786 fides,
1095 747 1241 777 sextam
1254 768 1264 786 ,
1283 752 1344 777 eo-

276 818 353 856 que
361 805 607 855 magistratu,
621 803 884 842 utSosicrates
902 801 970 851 ait,
985 801 1229 852 Euthydemo
1239 802 1342 853 apud

276 864 533 903 Athenienses
545 863 730 902 archonte
744 862 898 900 functus
915 869 973 899 est
989 859 1085 914 (35).
1103 861 1230 906 Quum
1247 874 1343 899 vero

276 925 379 963 inter
390 924 566 976 quinque
576 922 755 974 Ephoros
767 921 950 974 principe
959 921 1048 959 loco
1057 929 1172 969 esset,
1187 921 1342 973 primus

275 985 420 1031 suasit,
457 992 500 1022 ut
532 982 692 1033 regibus
730 982 778 1020 ad
815 980 962 1019 bellum
996 979 1344 1031 proficiscentibus

275 1043 423 1096 Ephori
439 1044 606 1089 comites
628 1040 970 1094 adderentur(36).
994 1039 1101 1078 Inter
1118 1049 1262 1092 septem
1279 1053 1344 1079 sa-

275 1104 426 1155 pientes
447 1101 711 1145 honorificum
742 1100 869 1139 tenuit
897 1099 1045 1138 locum.
1073 1096 1170 1138 Nam
1192 1100 1225 1138 si
1245 1102 1345 1138 bene

275 1163 434 1201 adnotat
442 1162 642 1200 Diodorus
654 1162 690 1212 (3
698 1161 749 1211 7),
759 1160 974 1213 plerosque
987 1158 1251 1212 philosophos
1261 1160 1346 1211 pul·

275 1223 483 1262 cherrimis
497 1221 654 1275 quidem
670 1219 922 1260 sermonibus
935 1220 1009 1269 uti,
1027 1219 1206 1259 moribus
1216 1229 1342 1259 autem

275 1283 516 1336 turpissimis
528 1311 538 1330 ,
560 1281 629 1334 qui
652 1283 879 1332 gravitatem
896 1294 941 1319 ac
958 1280 1209 1333 prudentiam
1227 1294 1343 1332 quam

275 1343 391 1382 dictis
413 1342 669 1395 pollicentur,
691 1341 803 1380 factis
828 1341 1023 1380 refutent:
1050 1354 1241 1380 summam
1261 1342 1345 1392 glo-

275 1403 373 1441 riam
391 1401 536 1441 meruit
549 1401 664 1440 Chilo
685 1400 799 1453 cujus
814 1413 1014 1440 sermones
1034 1414 1122 1439 eum
1142 1401 1227 1440 vita
1244 1415 1343 1439 con—

274 1461 508 1501 sentiebant.
528 1461 634 1499 Idem
656 1469 798 1513 praeter
817 1469 1059 1500 constantem
1078 1460 1120 1499 in
1136 1462 1243 1498 omni
1264 1462 1345 1500 vita

273 1522 460 1561 virtutem
483 1521 605 1560 multa
623 1529 661 1559 et
675 1521 864 1571 cogitavit
880 1529 918 1559 et
936 1520 1039 1559 dixit
1052 1520 1238 1573 praeclare
1258 1534 1346 1573 quae

273 1581 464 1621 memoria
483 1580 680 1633 imprimis
694 1580 814 1631 digna
824 1588 928 1621 sunt.
941 1579 1039 1619 Tria
1050 1579 1136 1632 ejus
1149 1589 1345 1633 praecepta

272 1640 522 1681 Γνῶθισαυτόν
537 1641 632 1693 (38),
643 1640 769 1688 Μηδὲν
779 1640 880 1693 ἄγαν,
889 1649 928 1679 et
945 1639 1096 1692 Ἐγγύα,
1116 1640 1216 1694 πάρα
1232 1640 1262 1679 δ’
1275 1640 1342 1679 ἄτα

273 1701 404 1740 aureis
415 1700 557 1739 litteris
569 1700 677 1739 fuere
691 1700 885 1752 inscripta
895 1699 1058 1752 Delphis
1066 1708 1103 1738 et
1117 1704 1344 1739 consecrata

273 1769 369 1799 teste
384 1760 515 1799 Plinio
532 1759 619 1798 Nat.
642 1760 741 1799 Hist.
756 1759 827 1799 lib.
844 1759 931 1808 Vll,
950 1761 999 1798 32
1017 1758 1113 1813 (39).
1136 1759 1342 1798 Proditum

273 1828 330 1859 est
350 1833 436 1858 eum
454 1820 495 1858 in
518 1818 719 1871 loquendo
734 1818 897 1858 brevem
913 1819 1051 1867 fuisse,
1064 1819 1171 1858 unde
1190 1819 1340 1858 Arista-

273 1887 387 1924 goras
406 1873 584 1912 Milesius
603 1873 708 1912 hunc
726 1873 914 1926 loquendi
932 1873 1090 1912 modum
1112 1873 1342 1912 Chilonium

273 1933 486 1985 appellavit
504 1931 599 1986 (40).
625 1932 896 1972 Consenuerat
917 1932 1022 1984 jam,
1044 1933 1177 1985 inquit
1196 1932 1345 1983 Dioge-

1102 172 1309 212 SEPTEM
1339 171 1641 213 SAPIENTUM

1402 262 1666 314 quagesimam
1713 261 1938 310 secundam,
1975 275 2055 314 quo
2089 271 2266 314 tempore
2309 261 2476 303 florebat

1403 321 1593 373 AEsopus‚
1618 319 1838 360 fabularum
1867 322 2053 374 scriptor.
2080 321 2309 374 Exspiravit
2325 331 2471 372 autem,

1405 389 1447 419 ut
1465 380 1704 433 Hermippus
1723 381 1793 432 ait,
1814 380 1930 431 Pisae,
1951 381 2156 433 amplexus
2174 381 2300 420 filium
2322 382 2391 434 qui
2411 382 2476 422 lu-

1407 441 1468 480 dis
1485 440 1729 493 Olympiacis
1746 442 1788 480 in
1805 442 1983 494 pugilatu
2002 442 2132 480 victor
2151 450 2342 480 evaserat.
2363 440 2475 480 Mor-

1409 510 1518 539 tuum
1542 514 1626 540 esse
1643 501 1772 541 serunt
1788 502 2003 541 immodica
2016 501 2153 540 laetitia
2169 509 2207 540 et
2226 500 2325 539 senii
2347 499 2473 541 imbe-

1405 559 1579 601 cillitate.
1601 560 1717 606 Quod
1746 559 1815 599 ubi
1837 560 2000 609 accidit,
2026 573 2162 599 omnes
2184 560 2254 612 qui
2274 559 2323 598 ad
2339 559 2474 599 festam

1407 620 1513 658 illam
1540 618 1804 659 celebritatem
1832 629 2101 659 convenerant
2121 619 2476 659 honorificentissi-

1407 692 1468 717 me
1501 679 1652 718 funeris
1684 679 1892 731 exsequias
1928 680 2125 732 prosecuti
2156 688 2261 720 sunt.
2293 679 2352 718 De
2384 678 2476 718 aliis

1405 738 1642 778 Chilonibus
1652 738 1743 777 vide
1756 738 1910 777 Fabric.
1928 738 2032 777 Bibl.
2044 738 2172 783 Graec,
2188 739 2272 778 vol.
2286 737 2325 777 ll
2339 751 2381 791 p.
2397 738 2475 784 654

1405 798 1466 837 ed.
1487 799 1594 839 Harl.

1451 861 1624 897 Pittacus
1638 856 1953 912 (41),Hyrrhadii
1969 858 2481 911 filius,Mitylenaeus,cujus

1404 927 1554 969 patrem
1566 918 1760 957 Thracem
1781 918 1900 957 fuisse
1914 919 2034 958 Duris
2048 927 2186 958 auctor
2197 927 2270 967 est,
2290 931 2371 958 una
2385 932 2476 958 cum

1406 979 1529 1018 Alcaei
1567 978 1756 1018 fratribus
1780 978 2071 1025 Melanchrum,
2094 977 2211 1018 Lesbi
2241 987 2476 1030 tyrannum,

1407 1039 1579 1079 sustulit.
1597 1038 1645 1078 Et
1664 1052 1785 1092 quum
1801 1038 1849 1077 de
1869 1038 2112 1078 Achillitidis
2129 1038 2304 1089 regionis
2321 1051 2478 1091 posses·

1407 1098 1520 1138 sione
1548 1098 1653 1138 inter
1688 1098 1949 1138 Athenienses
1989 1107 2028 1137 et
2062 1097 2310 1150 Mitylenaeos
2353 1097 2480 1136 armis

1407 1158 1686 1207 decertaretur,
1695 1158 1893 1211 ipsebello
1904 1157 2140 1211 praepositus
2151 1170 2238 1196 cum
2248 1156 2478 1210 phrynone,

1407 1218 1706 1258 Atheniensium
1728 1218 1843 1270 duce,
1862 1218 1931 1270 qui
1945 1226 1983 1257 et
2002 1217 2284 1271 pancratiastes
2297 1225 2336 1256 et
2350 1216 2478 1269 olym-

1405 1277 1584 1328 pionices
1620 1278 1760 1326 fuerat,
1786 1277 1981 1329 singulari
2011 1277 2225 1317 certamine
2252 1276 2479 1330 depugnare

1406 1337 1593 1382 instituit.
1640 1338 1906 1385 Quamobrem
1962 1346 2168 1390 postquam
2219 1336 2480 1390 expedierunt

1409 1410 1533 1450 arma,
1553 1407 1634 1437 rete
1655 1399 1795 1451 clypeo
1812 1406 1955 1437 tectum
1978 1398 2138 1437 incauto
2158 1397 2390 1437 adversario
2411 1396 2479 1436 in·-

1404 1457 1501 1509 jecit
1538 1471 1665 1510 eoque
1699 1458 1907 1497 interfecto
1939 1471 2075 1509 agrum
2111 1458 2302 1497 servavit.
2337 1456 2480 1495 Postea

1392 1525 1505 1557 'vero
1535 1518 1794 1557 Athenienses
1825 1532 1913 1557 curn
1945 1517 2180 1570 Mitylenaeis
2201 1517 2250 1556 de
2278 1529 2375 1568 agro
2392 1515 2478 1555 liti-

1407 1585 1572 1627 garunt,
1601 1590 1718 1629 quem
1752 1590 1775 1615 a
1794 1577 2013 1616 Periandro
2033 1575 2316 1616 controversiae
2339 1573 2480 1627 judice

1408 1636 1718 1676 Atheniensibus
1755 1636 2022 1689 adjudicatum
2060 1636 2180 1675 tradit
2210 1634 2480 1688 Apollodorus

1407 1696 1449 1734 in
1466 1695 1690 1736 Chronicis.
1719 1695 1795 1735 Sed
1815 1695 1865 1735 ab
1885 1709 1932 1735 eo
1952 1696 2046 1735 inde
2072 1694 2343 1748 tempore(42)
2361 1693 2482 1733 Pitta-

1407 1769 1494 1794 cum
1514 1754 1555 1793 in
1577 1768 1732 1794 summo
1756 1755 1910 1794 honore
1930 1755 2146 1808 Mitylenaei
2159 1753 2337 1793 habuere
2356 1753 2477 1805 eique

1407 1815 1674 1867 principatum
1701 1815 1943 1863 detulerunt,
1966 1828 2083 1867 quem
2110 1814 2180 1853 ille
2199 1826 2323 1866 quum
2343 1811 2478 1852 decem

1408 1887 1532 1914 annos
1545 1875 1732 1914 tenuisset
1740 1889 1784 1914 ac
1794 1874 2078 1927 rempublicam
2091 1874 2328 1923 ordinasset,
2339 1879 2480 1926 sponte

1409 1934 1606 1987 deposuit.
1630 1934 1696 1974 Sic
1723 1935 1898 1988 publicis
1923 1934 2093 1986 negotiis
2118 1934 2321 1973 exsolutus
2343 1933 2477 1989 decem

273 2005 342 2031 nes
363 1992 541 2032 Laertius
568 1991 642 2032 lib.
670 1992 701 2038 l,
728 2006 791 2040 72,
814 1992 919 2031 circa
945 1992 1208 2045 olympiadem
1231 1995 1347 2045 quin·
1374 1989 1382 2034 l
1409 1994 1536 2034 adhuc
1568 1995 1672 2034 vixit
1706 2009 1846 2046 annos,
1878 2009 1978 2047 quos
2016 1996 2058 2033 in
2084 1994 2303 2033 litterarum
2335 1991 2478 2032 studiis

313 2173 378 2213 (34)
400 2172 485 2204 Vide
507 2174 595 2205 Sam.
622 2172 762 2205 petitum
783 2173 816 2205 in
837 2173 1010 2206 utilissimo
1026 2182 1124 2215 opere
1143 2174 1184 2206 de
1203 2174 1342 2215 Legibus

255 2220 399 2260 .A1ticis,
413 2221 466 2253 Jo.
486 2220 666 2253 Meursium
689 2220 721 2252 in
740 2220 896 2253 Themide
917 2221 1024 2254 Attica
1047 2225 1080 2255 et
1099 2230 1183 2263 quos
1197 2221 1342 2254 laudavit

271 2268 439 2301 Fabricius
461 2268 544 2301 Bibl.
568 2269 675 2301 Graec.
698 2268 762 2301 vol.
783 2269 814 2301 11
834 2277 866 2309 p.
889 2270 929 2301 24
947 2273 979 2302 et
997 2272 1035 2302 41
1064 2278 1154 2311 seqq.
1177 2269 1230 2303 ed.
1250 2270 1342 2303 Harl.

315 2316 558 2358 (35).Diogenes
574 2316 721 2350 Laertius
762 2316 817 2349 lib.
837 2318 865 2358 Ι,
883 2321 923 2351 68
943 2330 951 2351 ι
982 2318 1107 2351 Χείλων
1127 2318 1343 2360 Δαμαγήτου,

273 2364 535 2407 Λακεδαιμόνιος.
558 2364 659 2402 Οὗτος
683 2365 833 2404 ἐποίησεν
861 2366 982 2407 ἐλεγεῖα
1004 2367 1047 2404 εἷς
1073 2366 1134 2405 ἔπη
1153 2366 1343 2399 διακόσια...

272 2413 381 2452 γέγονε
395 2413 427 2445 δὲ
445 2411 553 2455 ἔφορος
567 2412 650 2445 κατὰ
671 2413 728 2448 τὴν
748 2414 966 2453 πεντηκοστὴν
986 2415 1133 2456 πέμπτην
1151 2414 1342 2455 ὀλυμπιάδα.

273 2459 425 2501 Παμφίλη
438 2460 472 2493 δέ
482 2471 558 2501 φησι
572 2460 655 2492 κατὰ
670 2461 727 2500 τὴν
747 2461 852 2501 ἕκτην,
864 2463 918 2494 καὶ
935 2466 1062 2503 πρῶτον
1078 2462 1187 2505 ἔφορον
1200 2462 1344 2503 γενέσθαι

273 2508 323 2540 ἐπὶ
336 2507 536 2549 Εὐθυδήμου,
554 2510 596 2545 ὥς
608 2520 684 2551 φησι
701 2509 914 2552 Σωσικράτης,
934 2509 1028 2542 Conf.
1044 2512 1189 2543 Marmor
1210 2509 1344 2543 Parium

273 2563 320 2587 vs.
336 2557 374 2587 57
390 2555 422 2586 in
438 2556 565 2596 Fragm.
581 2556 665 2589 nist.
688 2558 795 2590 Graec.
817 2557 883 2590 vol.
901 2559 916 2590 Ι
944 2567 976 2599 p.
1000 2560 1073 2592 548.
1101 2559 1184 2592 Hinc
1206 2559 1346 2600 Scaliger

275 2602 309 2634 in
325 2600 547 2643 Ὀλυμπιάδων
564 2603 726 2646 ἀναγραφῇ
746 2603 786 2635 ad
808 2604 940 2646 Olymp.
959 2607 1031 2638 LVI
1051 2614 1127 2639 ann.
1146 2607 1180 2639 1:
1204 2607 1341 2645 Εὐθύδη-

276 2661 334 2692 μος
346 2648 493 2692 [ἄρχων]·
502 2650 625 2683 Χείλων
638 2655 760 2693 πρῶτος
771 2652 904 2694 Ἔφορος
917 2653 949 2685 ἐν
961 2653 1175 2696 Λακεδαίμονι
1190 2654 1343 2693 κατέστη.

319 2699 384 2739 (36)
405 2697 563 2737 Diogenes
577 2700 722 2732 Laertius
738 2700 794 2732 lib.
811 2701 837 2740 1,
849 2703 889 2733 68
907 2710 914 2732 :
935 2702 996 2733 Καὶ
1010 2705 1135 2744 πρῶτος
1151 2703 1345 2744 εἰσηγήσατο

278 2746 427 2790 Ἐφόρους
446 2748 511 2782 τοῖς
530 2746 695 2788 βασιλεῦσι
709 2748 968 2790 παραζευγνύναι.
982 2750 1076 2782 Cons.
1100 2750 1143 2783 ihi
1158 2752 1286 2791 Menag.

321 2794 387 2835 (37)
412 2792 575 2825 Diodorus
594 2795 733 2835 Epilom.
754 2795 809 2827 lib.
822 2797 882 2835 IX,
899 2798 960 2829 13:
976 2797 1050 2830 Ὅτι
1070 2799 1178 2831 Χίλων
1193 2801 1240 2841 τῷ
1258 2798 1345 2841 λόγῳ

277 2841 444 2884 σύμφωνον
465 2842 540 2885 ἔσχε
561 2842 615 2874 τὸν
639 2842 719 2884 βίον,
737 2843 813 2885 ὅπερ
833 2845 974 2883 σπανίως
999 2846 1085 2888 εὕροι
1107 2858 1153 2884 τις
1169 2848 1208 2879 ἂν
1221 2848 1344 2890 γινόμε·

276 2901 342 2922 νον.
361 2891 432 2922 Τῶν
445 2890 505 2934 γὰρ
521 2890 591 2923 καθ’
608 2891 691 2931 ἡμᾶς
712 2891 890 2933 φιλοσόφων
910 2893 981 2930 τοὺς
997 2894 1166 2933 πλείστους
1184 2895 1260 2928 ἰδεῖν
1275 2896 1343 2929 ἐστι

277 2937 424 2978 λέγοντας
439 2938 494 2979 μὲν
523 2937 564 2970 τὰ
581 2936 749 2977 κάλλιστα,
783 2938 976 2980 πράττοντας
992 2941 1026 2973 δὲ
1050 2943 1091 2974 τὰ
1119 2942 1277 2985 χείριστα,
1290 2945 1345 2976 καὶ

277 2985 333 3024 τὴν
347 2986 379 3018 ἐν
394 2988 462 3024 ταῖς
475 2983 679 3026 ἀπαγγελίαις
697 2986 801 3018 αὐτῶν
818 2987 998 3029 σεμνότητα
1008 2989 1062 3021 καὶ
1081 2990 1207 3022 σύνεσιν
1223 2991 1275 3023 διὰ
1291 2995 1346 3030 τῆς

279 3033 385 3075 πείρας
407 3033 628 3078 ἐλεγχομένην.
642 3032 680 3065 Ὁ
697 3033 730 3066 δὲ
748 3033 854 3066 Χίλων
871 3036 967 3077 χωρὶς
986 3039 1041 3075 τῆς
1054 3037 1136 3068 κατὰ
1152 3038 1206 3070 τὸν
1226 3038 1295 3081 βίον
1315 3039 1345 3071 ἐν

278 3079 380 3113 ἅπασι
397 3083 462 3118 τοῖς
475 3079 698 3123 πραττομένοις
718 3080 827 3124 ἀρετῆς
845 3083 947 3115 πολλὰ
969 3083 1111 3123 διενοήθη
1123 3085 1177 3116 καὶ
1189 3084 1344 3129 ἀπεφθέγ-

278 3127 353 3165 ξατο
373 3128 496 3170 μνήμης
519 3127 603 3165 ἄξια.

323 3177 390 3217 (38)
422 3179 622 3217 Praeceptum
644 3176 722 3209 illud
746 3190 754 3210 :
782 3179 882 3211 Γνῶθι
901 3180 1018 3213 σαυτόν
1038 3180 1088 3213 alii
1117 3181 1260 3214 Thaletis
1276 3192 1346 3216 esse

281 3223 620 3265 volunt.v1d.rragm.
638 3225 731 3258 Conf.
744 3225 903 3259 Clement.
922 3228 1101 3262 Alexandr.
1120 3231 1241 3263 Strom.
1257 3231 1313 3264 lib.
1331 3234 1344 3264 1

281 3279 353 3312 pag.
373 3274 446 3305 300.
457 3271 548 3305 Adde
564 3274 693 3313 Menag.
707 3272 746 3304 ad
764 3273 856 3314 Diog.
868 3276 974 3307 Laert.
990 3275 1046 3308 lib.
1064 3278 1091 3317 I,
1105 3277 1345 3317 40;Ruhnken.

282 3318 407 3398 praesa&
425 3317 466 3351 ad
479 3318 616 3360 Hesych.
638 3321 717 3352 tom.
733 3321 809 3362 Hp.
827 3324 871 3354 Vl
885 3323 917 3355 et
934 3323 966 3355 in
981 3325 1134 3357 Auctario
1148 3325 1187 3357 ad
1203 3326 1343 3367 Hesyeh.

324 3413 390 3455 (39)
408 3413 567 3447 Diodorus
583 3414 709 3448 siculus
728 3416 868 3458 Epitom.
888 3417 961 3450 libr.
986 3420 1044 3460 lx,
1062 3422 1099 3452 14
1117 3433 1124 3453 :
1141 3421 1215 3454 Ὅτι
1239 3421 1345 3454 Χίλων

281 3460 469 3503 ἀφικόμενος
489 3462 531 3499 εἷς
558 3462 709 3505 Δελφούς,
738 3464 792 3497 καὶ
821 3465 962 3508 καθάπερ
983 3467 1128 3511 ἀπαρχὰς
1157 3470 1343 3512 ποιούμενος

1408 2179 1453 2217 τῷ
1471 2176 1532 2218 θεῷ
1551 2180 1605 2215 τῆς
1633 2176 1713 2214 ἰδίας
1732 2177 1900 2216 συνέσεως,
1930 2177 2104 2218 ἐπέγραψεν
2134 2176 2185 2208 ἐπί
2209 2187 2280 2208 τινα
2298 2175 2390 2208 κίονα
2407 2176 2479 2218 τρία

1408 2226 1522 2263 ταῦτα,
1555 2235 1572 2251 α
1602 2224 1698 2262 γνῶθι
1721 2223 1839 2255 σαυτόν
1863 2236 1878 2251 n
1912 2224 1966 2255 καὶ
1983 2236 2000 2251 «
2022 2223 2120 2264 μηδὲν
2143 2223 2238 2264 ἄγαν,
2255 2235 2271 2250 ιι
2296 2223 2351 2255 καὶ
2373 2222 2478 2264 τρίτον

1412 2283 1427 2298 «
1447 2270 1562 2312 ἐγγύα,
1584 2270 1670 2313 πάρα
1684 2270 1711 2303 δ’
1729 2271 1803 2304 ἄτα.
1826 2284 1842 2300 n

1453 2318 1520 2359 (40)
1544 2317 1707 2359 Diogenes
1721 2319 1867 2351 Laertius
1881 2318 1935 2351 lib.
1951 2320 1978 2358 Ι,
1997 2322 2037 2352 72
2052 2329 2059 2350 :
2077 2317 2278 2361 Βραχυλόγος
2295 2328 2328 2350 τε
2345 2317 2396 2358 ἦν,
2408 2318 2478 2352 ὅθεν

1408 2366 1462 2397 καὶ
1483 2365 1702 2409 Ἀρισταγόρας
1722 2367 1740 2399 ὁ
1765 2366 1919 2406 Μιλήσιος
1943 2369 2054 2399 τοῦτον
2080 2368 2134 2399 τὸν
2152 2366 2268 2410 τρόπον
2290 2367 2479 2400 Χειλώνειον

1409 2415 1499 2446 καλεῖ
1502 2437 1618 2448 .....
1634 2415 1672 2455 ἦν
1690 2415 1723 2447 δὲ
1730 2416 1830 2457 γέρων
1845 2416 1915 2457 περὶ
1927 2415 1983 2454 τήν
1996 2416 2211 2454 πεντηκοστὴν
2227 2415 2371 2456 δευτέραν
2381 2414 2478 2456 ὀλυμ-

1407 2462 1524 2503 πιάδα,
1547 2463 1599 2495 ὅτε
1621 2463 1770 2501 Αίσωπος
1798 2465 1816 2496 ὁ
1839 2464 2007 2504 λογοποιὸς
2025 2463 2175 2505 ἤκμαζεν.
2197 2463 2402 2502 Ἐτελεύτησε
2434 2463 2478 2505 δ’,

1409 2511 1452 2547 ὣς
1473 2522 1567 2552 φησιν
1587 2511 1780 2553 Ἕρμιππος,
1801 2511 1833 2544 ἐν
1854 2511 1955 2554 Πίσῃ,
1971 2512 2025 2544 τὸν
2041 2512 2110 2544 υἱὸν
2127 2510 2353 2554 ὀλυμπιονίκην
2370 2510 2479 2543 ἀσπα-

1409 2557 1545 2600 σάμενος
1563 2562 1702 2602 πυγμῆς.
1732 2559 1854 2593 Ἐπαθε
1884 2560 1917 2592 δὲ
1948 2563 2043 2592 τοῦτο
2069 2560 2225 2602 ὓπερὸολῇ
2254 2569 2290 2592 τε
2304 2561 2405 2602 χαρᾶς
2423 2558 2477 2591 καὶ

1409 2605 1556 2650 ἀσθενείᾳ
1573 2607 1753 2645 πολυετίας.
1779 2608 1842 2640 Καὶ
1864 2608 1959 2641 αὐτὸν
1983 2607 2097 2644 πάντες
2119 2609 2149 2640 οἱ
2164 2608 2246 2640 κατὰ
2261 2606 2319 2646 τὴν
2331 2606 2478 2648 πανήγυ·

1408 2665 1454 2696 ριν
1471 2654 1660 2696 ἐντιμότατα
1676 2655 1896 2698 παρέπεμψαν.
2442 2684 2447 2688 ,

1451 2703 1519 2744 (41)
1538 2703 1700 2744 Diogenes
1731 2704 1878 2736 Laertius
1905 2702 1962 2735 lib.
1987 2704 2015 2744 1,
2036 2705 2074 2736 74
2102 2713 2111 2735 :
2131 2702 2289 2739 Πιττακὸς
2312 2701 2479 2746 Ὑρραδίου

1414 2751 1634 2789 Μιτυληναῖος.
1650 2752 1737 2790 Φησὶ
1754 2752 1787 2784 δὲ
1808 2754 1918 2793 Δοῦρις
1928 2751 1982 2784 τὸν
2001 2751 2120 2793 πατέρα
2137 2750 2236 2783 αὐτοῦ
2259 2752 2370 2792 Θρᾷκα
2383 2749 2477 2782 εἶναι.

1409 2797 1510 2836 Οὗτος
1530 2799 1610 2840 μετὰ
1627 2802 1691 2831 τῶν
1704 2798 1847 2832 Ἀλκαίου
1867 2799 2031 2841 γενόμενος
2045 2799 2185 2839 ἀδελφῶν
2208 2798 2395 2839 Μέλαγχρον
2417 2808 2476 2829 κα·

1408 2846 1508 2886 esne,
1525 2846 1579 2878 τὸν
1597 2849 1654 2885 τῆς
1683 2847 1810 2879 Αέσὸου
1838 2847 2001 2887 τύραννον,
2021 2846 2074 2878 καὶ
2097 2846 2166 2887 περὶ
2183 2847 2238 2883 τῆς
2261 2843 2478 2886 Ἀχιλλείτιδος

1408 2893 1514 2936 χώρας
1540 2894 1730 2938 μαχομένων
1757 2893 1928 2932 Ἀθηναίων
1956 2895 2011 2926 καὶ
2043 2892 2268 2931 Μιτυληναίων
2291 2892 2476 2934 ἐστρατήγει

1409 2942 1465 2982 μὲν
1487 2941 1593 2981 αὐτός,
1613 2941 1783 2979 Ἀθηναίων
1804 2942 1838 2975 δὲ
1859 2942 1992 2984 Φρύνων
2015 2940 2273 2982 παγκρατιαστὴς
2293 2939 2474 2978 ὀλυμπιονί-

1407 2999 1476 3028 κης.
1495 2990 1643 3022 Συνέθετο
1663 2990 1703 3029 δὴ
1726 2994 1951 3032 μονομαχῆσαι
1971 2989 2046 3032 πρός
2064 2988 2170 3021 αὐτόν·
2185 2988 2240 3020 καὶ
2254 2988 2380 3020 δίκτυον
2392 2987 2475 3030 ἔχων

1407 3038 1470 3070 ὑπὸ
1487 3038 1543 3074 τήν
1561 3037 1681 3071 ἀσπίδα
1702 3039 1858 3080 λαθραίως
1875 3039 2037 3081 περιέὸαλε
2055 3038 2109 3069 τὸν
2128 3036 2295 3077 Φρύνωνα,
2323 3036 2379 3068 καὶ
2396 3036 2477 3069 κτεί-

1406 3096 1460 3123 νας
1478 3085 1663 3119 ἀνεσώσατο
1675 3085 1712 3118 τὸ
1721 3086 1850 3129 χωρίον.
1866 3086 2016 3124 Ὕστερον
2031 3085 2148 3126 μέντοι,
2166 3085 2260 3126 φησὶν
2277 3083 2475 3117 Ἀπολλόδω-

1407 3145 1458 3176 ρος
1474 3133 1506 3166 ἐν
1524 3139 1588 3172 τοῖς
1604 3136 1779 3177 Χρονικοῖς,
1800 3135 2037 3173 διαδικασθῆναι
2056 3133 2127 3170 τοὺς
2143 3132 2318 3172 Ἀθηναίους
2339 3132 2475 3175 περὶτοῦ

1407 3181 1526 3225 χωρίου
1535 3184 1611 3225 πρὸς
1627 3183 1698 3220 τοὺς
1710 3182 1955 3223 Μιτυληναίους,
1973 3182 2141 3217 ἀκούοντος
2159 3185 2214 3221 τῆς
2231 3181 2320 3220 δίκης
2338 3180 2475 3222 Περιάν·

1407 3230 1492 3272 δρου,
1515 3230 1550 3263 ὃν
1573 3232 1626 3264 καὶ
1639 3235 1703 3269 τοῖς
1719 3230 1889 3270 Ἀθηναίοις
1902 3233 2103 3273 προσκρῖναι.
2120 3229 2169 3261 Cl'.
2193 3228 2308 3261 Strabo
2327 3227 2384 3260 lib.
2398 3229 2472 3260 Xlll

1409 3286 1481 3318 pag.
1494 3280 1555 3323 600
1568 3278 1619 3311 ed.
1634 3278 1773 3312 casaub.

1450 3325 1516 3366 (42)
1541 3326 1699 3368 Diogenes
1714 3325 1858 3360 Laertius
1871 3325 1926 3358 lib.
1948 3327 1976 3365 I,
1992 3329 2032 3359 75
2047 3334 2054 3357 :
2072 3324 2151 3357 Τότε
2172 3323 2199 3356 δ’
2211 3322 2266 3356 οὖν
2282 3322 2337 3355 τὸν
2353 3323 2472 3356 Πιττα·

1406 3372 1463 3405 κὸν
1478 3373 1616 3417 ἰσχυρῶς
1635 3374 1788 3418 ἐτίμησαν
1802 3376 1831 3406 οἱ
1851 3374 2076 3412 Μιτυληναῖοι,
2093 3373 2148 3404 καὶ
2164 3372 2220 3410 τὴν
2241 3371 2340 3412 ἀρχὴν
2357 3369 2470 3411 ἐνεχεί·

1407 3433 1507 3464 ρησαν
1523 3422 1620 3465 αὐτῷ.
1644 3423 1684 3456 'O
1699 3424 1732 3456 δὲ
1749 3423 1827 3456 δέκα
1843 3422 1897 3461 ἔτη
1915 3422 2090 3463 κατασχὼν
2103 3421 2156 3452 καὶ
2181 3421 2223 3457 εἰς
2240 3420 2324 3456 τάξιν
2341 3419 2470 3459 ἀγαγὼν

1406 3472 1442 3504 τὸ
1458 3471 1650 3514 πολίτευμα,
1668 3471 1815 3504 κατέθετο
1825 3471 1880 3509 τήν
1895 3470 1994 3511 ἀρχὴν
2005 3471 2058 3501 καὶ
2079 3469 2155 3501 δέκα
2171 3467 2287 3500 ἐπεὸίω
2301 3467 2392 3498 ἄλλα.
