2612 3814
1057 269 1468 311 SIMILITUDINES.

179 378 229 404 95.
262 365 307 404 Εἰ
339 362 459 402 εὐκτὸν
488 365 513 410 ἠ
545 361 773 410 εὐαισθησία,
803 362 937 412 μᾶλλον
962 361 1182 400 σπουδαστὸν
1212 364 1233 407 ἡ

258 421 442 476 φρόνησις,
464 420 539 460 ἔστι
573 421 641 474 γὰρ
671 424 733 460 τοῦ
765 423 801 460 ἐν
832 423 919 472 ἡμῖν
948 425 1146 475 πρακτικοῦ
1176 425 1235 460 νοῦ

211 516 213 518 .
259 481 362 520 οἱονεί
380 497 432 524 τις
453 479 682 526 εὐαισθησία·
703 481 748 519 δι’
772 480 816 528 ἣν
840 480 904 532 μὲν
923 481 1011 534 γάρ,
1032 483 1068 519 ἐν
1089 474 1139 524 οἷς
1159 479 1233 520 πά-

256 555 400 592 σχομεν,
430 540 469 578 οὗ
501 539 836 592 παραισθανόμεθα,
871 541 917 579 δι’
952 541 995 589 ἣν
1028 540 1088 588 δέ,
1117 542 1150 579 ἐν
1184 535 1234 584 οἷς

254 599 469 650 πράττομεν,
491 599 530 636 οὖ
549 597 874 650 παραλογιζόμεθα.

173 672 222 699 06.
255 657 329 697 Καὶ
353 659 411 696 τὸν
444 657 518 696 θεὸν
544 657 722 709 σεὸόμεθα
757 659 849 697 κατὰ
873 658 1018 712 τρόπον,
1051 659 1082 696 εἷ
1113 657 1172 695 τὸν
1195 658 1230 695 ἐν

254 720 341 767 ἡμῖν
362 720 440 755 νοῦν
463 718 803 770 παρασκευάσαιμεν
824 718 942 766 πάσης
961 717 1086 762 κακίας
1109 716 1231 771 ὥσπερ

252 775 343 820 τινὸς
363 777 506 823 κηλῖδος
525 776 696 829 καθαρόν.

172 849 221 875 07.
255 835 463 883 Κοσμητέον
494 837 585 886 ἱερὸν
615 835 679 888 μὲν
701 836 925 888 ἀναθήμασι,
953 835 1019 885 τὴν
1048 835 1084 874 δὲ
1113 835 1230 889 ψυχὴν

254 894 473 945 μαθήμασιν.

171 967 221 993 as.
255 952 319 997 Ὡς
342 953 411 1005 πρὸ
436 955 506 992 τῶν
537 954 702 1006 μεγάλων
726 953 927 1006 μυστηρίων
960 953 1003 992 τὰ
1027 952 1136 1006 μικρὰ
1162 970 1230 991 πα-

253 1013 431 1066 ραδοτέον,
454 1016 515 1052 καὶ
536 1014 604 1066 πρὸ
625 1015 828 1067 φιλοσοφίας
847 1013 1023 1053 παιδείαν.

171 1086 221 1111 99.
259 1072 430 1126 Καθάπερ
447 1072 566 1125 χώρας
586 1073 743 1123 μάλιστα
762 1072 990 1123 ἐπιμελητέον
1009 1074 1059 1124 τῷ
1074 1074 1139 1118 τῆς
1156 1071 1229 1123 ἀρί-

252 1147 336 1179 στης
370 1132 591 1184 ἐπιτυχόντι,
621 1131 682 1171 καὶ
712 1134 850 1186 ψυχῆς,
878 1131 971 1175 ὅπως
1001 1133 1063 1178 τ’ῆς
1093 1133 1228 1183 φύσεως

251 1190 345 1235 ἄξιον
365 1190 491 1243 ἐνέγκῃ
513 1191 570 1230 τὸν
589 1192 736 1243 καρπόν.

306 1249 567 1301 (Jamblichus
590 1250 758 1289 Adhort.
795 1248 851 1288 ad'
880 1249 1030 1289 Philos.
1065 1263 1149 1300 cap.
1190 1249 1225 1286 ll

253 1322 293 1359 p.
320 1309 365 1346 15
388 1308 450 1347 ed.
468 1308 606 1348 Kiessl.
622 1308 742 1347 Posui
757 1308 881 1360 ἐνέγκῃ
897 1323 972 1359 pro
986 1308 1228 1347 membrana-

252 1380 339 1404 rum
355 1367 522 1404 lectione
541 1366 738 1418 ἐνέγκηται.
754 1368 765 1418 )

172 1438 234 1464 100.
266 1424 431 1477 Ἀρίστων
453 1427 471 1463 ὁ
490 1427 575 1469 Χῖος
590 1423 669 1469 τοὺς
687 1426 768 1478 περὶ
785 1425 829 1464 τὰ
844 1426 1011 1477 ἐγκύκλια
1030 1426 1226 1477 μαθήματα

250 1484 507 1535 πονουμένους,
542 1486 757 1536 ἀμελοῦντας
800 1485 835 1525 δὲ
871 1486 1073 1540 φιλοσοφίας
1109 1486 1226 1538 ἔλεγεν

250 1544 389 1593 ὁμοίους
410 1538 499 1584 εἶναι
532 1546 603 1590 τοῖς
637 1548 835 1598 μνηστῆρσι
865 1549 928 1593 τῆς
951 1545 1175 1595 Πηνελόπης,
1195 1545 1228 1584 οἳ

250 1604 551 1657 ἀποτυγχάνοντες
567 1605 700 1652 ἐκείνης
721 1605 802 1658 περὶ
823 1603 884 1649 τὰς
909 1605 1123 1658 θεραπαίνας
1154 1607 1225 1656 ε’γί-

248 1677 359 1702 νοντο.

171 1734 231 1761 101.
262 1720 309 1761 ‘O
346 1721 449 1765 αὐτὸς
469 1721 547 1766 τοὺς
567 1721 717 1766 πολλοὺς
738 1721 853 1768 εἴκαζε
878 1725 928 1774 τῷ
948 1721 1110 1776 Λαέρτῃ,
1132 1722 1226 1767 ὅστις

247 1783 316 1819 τῶν
337 1781 429 1819 κατὰ
446 1780 504 1819 τὸν
526 1782 632 1834 ἀγρὸν
653 1779 926 1832 ἐπιμελούμενος
942 1781 1082 1820 πάντων
1103 1782 1225 1833 ὀλιγώ-

248 1854 314 1889 ρως
334 1833 427 1892 εἶχεν
446 1842 566 1879 ἑαυτοῦ
579 1856 587 1863 ·
602 1840 661 1879 καὶ
678 1839 746 1893 γὰρ
766 1839 926 1888 τούτους,
941 1843 1011 1879 τῶν
1029 1841 1224 1892 κτημάτων

245 1897 416 1945 πλείστην
443 1899 646 1950 ἐπιμέλειαν
680 1898 930 1950 ποιουμένους,
959 1906 1125 1954 περιορᾷν
1158 1899 1223 1948 τὴν

246 1956 364 2010 ψυχὴν
385 1959 534 2007 ἑαυτῶν,
551 1958 669 2011 πλήρη
690 1960 809 1998 παθῶν
831 1958 961 2011 ἀγρίων
981 1953 1102 1998 οῧσαν.

303 2014 491 2066 (Stobaeus
514 2016 647 2055 Floril.
669 2016 734 2068 lv,
762 2030 931 2056 110-111
968 2018 1008 2056 ἐκ
1039 2021 1107 2057 τῶν
1129 2018 1223 2071 Ἀρί-

248 2090 378 2118 στωνος
396 2075 658 2126 ὃμοιωμάτων.)

168 2146 232 2172 102.
263 2134 311 2173 Οἱ
332 2133 410 2187 ἄρτι
423 2136 463 2172 ἐκ
482 2135 688 2188 φιλοσοφίας
704 2135 837 2180 πάντας
854 2136 1057 2189 ἐλέγχοντες
1077 2137 1135 2175 καὶ
1151 2137 1220 2175 ἀπὸ

2270 277 2345 310 493

1376 361 1445 397 τῶν
1466 357 1593 409 γονέων
1616 357 1805 410 ἀρχόμενοι
1819 357 2016 411 πάσχουσιν
2032 358 2116 412 ὅπερ
2136 359 2196 397 καὶ
2214 361 2244 399 οἱ
2264 361 2348 399 νεώ-

1375 433 1473 464 νητοι
1492 417 1609 464 κύνες,
1631 416 1664 455 οἳ
1682 418 1720 455 οὗ
1752 417 1856 468 μόνον
1885 416 1963 462 τοὺς
1986 419 2111 462 ἄλλους
2140 420 2347 459 ὑλακτοῦσιν

1371 477 1462 516 ἀλλὰ
1481 476 1541 515 καὶ
1559 475 1638 521 τοὺς
1657 476 1768 517 ἔνδον.

1430 537 1618 588 (Stobaeus
1638 537 1774 591 quril.
1797 537 1968 586 LXXIX,
2001 544 2049 584 44
2083 540 2122 577 ἐκ
2151 541 2219 578 τῶν
2253 540 2348 593 Ἀρί-

1374 611 1501 639 στωνος
1519 595 1780 647 ὁμοιωμάτων.)

1294 667 1359 695 103.
1391 657 1438 694 Οἱ
1459 656 1494 694 ἐν
1522 656 1724 708 διαλεκτικῇ
1759 654 1965 709 βαθύνοντες
1996 654 2130 694 ἐοίκασι
2163 656 2347 708 καρκίνους

1373 715 1639 766 μασσωμένοις,
1658 713 1692 753 οἳ
1710 714 1754 753 δι’
1775 714 1890 766 ὀλίγον
1924 713 2093 767 τρόφιμον
2119 714 2200 766 περὶ
2231 717 2345 754 πολλὰ

1372 777 1459 814 ὀστᾶ
1479 777 1726 827 ἀσχολοῦνται.
2325 768 2333 774 ’

1427 837 1616 888 (Stobaeus
1647 837 1780 875 Floril.
1816 835 2014 883 LXXXII,
2046 851 2066 884 7
2098 837 2136 874 ἐκ
2160 839 2228 874 τῶν
2249 836 2346 890 Ἀρί-

1371 912 1500 940 στωνος
1517 895 1778 948 ὃμοιωμάτων.)

1293 969 1356 996 101.
1391 955 1556 1005 Ἀρίστων
1582 954 1698 1006 ἔλεγεν
1726 953 1875 993 ἐοικέναι
1903 952 1966 1001 τὴν
1989 953 2212 1001 διαλεκτικὴν
2232 955 2282 1006 τῷ
2309 956 2342 992 ἐν

1370 1020 1446 1058 ταῖς
1466 1016 1555 1058 ὁδοῖς
1572 1015 1674 1066 πηλῷ
1688 1029 1695 1038 ·
1714 1013 1800 1066 πρὸς
1820 1011 1916 1051 οὐδὲν
1933 1010 2001 1065 γὰρ
2022 1013 2092 1051 οὐδ’
2110 1014 2237 1052 ἐκεῖνον
2254 1015 2345 1066 χρή-

1371 1089 1474 1123 σιμον
1492 1073 1574 1112 ὄντα
1595 1072 1833 1111 καταπάττειν
1858 1070 1936 1114 τοὺς
1957 1072 2175 1124 βαδίζοντας.

1427 1132 1618 1181 (Stobaeus
1639 1132 1776 1172 Floril.
1800 1130 1998 1181 LXXXII,
2024 1145 2039 1168 1
2052 1146 2065 1168 1
2079 1162 2087 1169 .
2110 1130 2260 1183 Scripsi
2278 1147 2342 1170 κα-

1368 1191 1559 1230 ταπάττειν
1580 1205 1668 1230 cum
1688 1191 1868 1240 Menagio
1886 1204 1958 1242 pro
1980 1190 2139 1240 vulgato
2158 1191 2344 1230 καταὸάλ-

1367 1251 1467 1300 λειν.)

1290 1322 1354 1349 105.
1389 1308 1595 1361 Καρνεάδης
1620 1308 1683 1356 τὴν
1716 1306 1937 1354 διαλεκτικὴν
1959 1308 2056 1359 ἔλεγε
2082 1309 2254 1348 πολύποδι
2274 1310 2344 1347 ἐοι-

1369 1367 1483 1406 κέναι·
1504 1368 1565 1407 καὶ
1583 1368 1651 1421 γὰρ
1679 1368 1809 1406 ἐκεῖνον
1833 1366 2038 1413 αὐξηθείσας
2066 1367 2127 1411 τὰς
2145 1367 2344 1413 πλεκτάνας

1367 1427 1577 1466 κατεσθίειν·
1597 1427 1657 1465 καὶ
1674 1426 1834 1473 τούτους,
1850 1425 2041 1478 προϊούσης
2068 1431 2129 1475 τῆς
2149 1428 2340 1479 δυνάμεως,

1367 1485 1425 1523 καὶ
1445 1484 1490 1524 τὰ
1510 1485 1660 1540 σφέτερα
1680 1485 1896 1539 ἀνατρέπειν.

1422 1545 1615 1595 (Stobaeus
1635 1545 1771 1584 Floril.
1795 1545 1993 1594 LXXXII,
2019 1546 2098 1593 13.)

1289 1616 1354 1642 106.
1380 1603 1625 1657 Κλειτόμαχος
1640 1603 1754 1649 εἴκαζε
1762 1602 1824 1650 τὴν
1835 1603 2056 1651 διαλεκτικὴν
2065 1606 2108 1657 τῇ
2122 1603 2249 1656 σελήνῃ
2262 1620 2270 1629 ·
2282 1606 2342 1643 καὶ

1365 1661 1434 1715 γὰρ
1453 1662 1585 1710 ταύτην
1603 1664 1640 1701 οὗ
1661 1662 1833 1701 παύεσθαι
1851 1662 2038 1715 φθίνουσαν
2055 1663 2115 1702 καὶ
2134 1662 2339 1714 αὐξομένην.

1423 1721 1611 1772 (Stobaeus
1631 1722 1767 1761 Floril.
1787 1721 1987 1774 LXXXII,
2014 1723 2089 1774 14.)

1288 1793 1352 1820 107.
1386 1780 1552 1833 Ἀρίστων
1583 1781 1661 1826 τοὺς
1691 1780 1813 1833 λόγους
1831 1784 1900 1820 τῶν
1922 1783 2151 1821 διαλεκτικῶν
2171 1788 2242 1827 τοῖς
2272 1785 2340 1822 τῶν

1369 1841 1546 1893 ἀραχνίων
1565 1841 1768 1894 ὑφάσμασιν
1784 1841 1930 1890 εἴκαζεν,
1940 1841 2036 1881 οὗδὲν
2053 1841 2115 1893 μὲν
2129 1841 2339 1894 χρησίμους,

1366 1899 1445 1938 λίαν
1465 1899 1501 1938 δὲ
1520 1900 1712 1953 τεχνικούς.

1419 1960 1609 2010 (Stobaeus
1627 1961 1765 2001 Floril.
1789 1960 1989 2009 LXXXII,
2017 1960 2090 2013 15.)

1289 2032 1353 2058 108.
1387 2018 1433 2060 ‘O
1444 2020 1626 2074 ἑλλέὸορος
1637 2021 1925 2074 ὁλοσχερέστερος
1939 2021 2001 2070 μὲν
2012 2021 2155 2076 ληφθεὶς
2168 2021 2341 2074 καθαίρει,
2383 2018 2386 2022 ’

1366 2080 1413 2123 εἷς
1438 2080 1475 2119 δὲ
1507 2080 1599 2119 πάνυ
1631 2081 1765 2134 σμικρὰ
1785 2081 1936 2134 τριφθεὶς
1953 2082 2088 2133 πνίγει·
2109 2081 2200 2120 οὕτω
2230 2081 2291 2120 καὶ
2317 2083 2339 2127 ἡ

1366 2138 1458 2176 κατὰ
1480 2139 1685 2192 φιλοσοφίαν
1706 2139 1932 2192 λεπτολογία.

208 2286 261 2316 95.
284 2283 317 2316 Si
340 2284 490 2324 optabilis
524 2287 572 2316 est
612 2293 766 2318 sensuum
794 2286 980 2328 integritas,
1008 2287 1109 2328 magis
1132 2297 1222 2328 quae-

166 2341 265 2374 renda
290 2342 474 2382 prudentia.
516 2344 574 2376 Est
604 2344 690 2376 enim
731 2345 822 2386 quasi
870 2346 1034 2386 integritas
1074 2346 1224 2387 quaedam

169 2401 286 2434 mentis
304 2401 344 2434 ad
366 2402 526 2443 agendum
544 2411 724 2437 conversae.
746 2406 828 2437 Nam
856 2405 909 2437 illa
935 2405 1052 2446 efficit,
1071 2415 1110 2438 ne
1133 2406 1165 2438 in
1187 2406 1225 2438 iis

167 2469 241 2502 quae
259 2469 319 2493 nos
347 2460 513 2502 afficiunt,
531 2470 627 2495 sensu
656 2462 816 2504 fallamur,
847 2464 934 2504 haec,
958 2473 999 2497 ne
1021 2465 1053 2497 in
1076 2465 1135 2505 iis,
1152 2474 1225 2506 quae

167 2520 292 2560 agimus
305 2543 314 2559 ‚
335 2520 421 2552 salsis
437 2520 613 2553 rationibus
629 2521 838 2563 decipiamur.

211 2581 264 2611 96.
287 2580 392 2611 Deum
419 2579 479 2611 rite
502 2579 657 2619 colimus,
672 2581 698 2612 si
723 2581 868 2614 animum
890 2584 1038 2615 nostrum
1067 2582 1108 2615 ab
1136 2583 1225 2615 omni

169 2636 376 2679 improbitate
396 2639 551 2680 tanquam
568 2639 694 2672 macula
708 2648 826 2682 purum
846 2640 1025 2674 reddimus.

210 2699 262 2730 97.
278 2696 466 2730 ornandum
479 2701 528 2730 est
541 2698 701 2738 templum
712 2698 869 2740 donariis,
884 2698 1012 2731 animus
1036 2699 1203 2733 doctrinis.

211 2759 262 2790 98.
286 2758 331 2788 Ut
353 2760 427 2789 ante
452 2765 568 2798 magna
593 2757 744 2798 mysteria
764 2766 862 2799 parva
886 2759 963 2791 sunt
979 2753 1155 2800 trad'enda,
1181 2759 1225 2792 ita

170 2818 244 2848 ante
264 2815 500 2858 philosophiam
518 2816 654 2857 reliquae
671 2819 757 2850 artes
777 2817 941 2851 liberales.

211 2877 265 2909 99.
287 2875 569 2913 Quemadmodum
599 2875 640 2908 ah
665 2885 704 2909 eo
723 2875 863 2909 maxima
883 2886 962 2909 cura
982 2877 1014 2909 in
1037 2886 1152 2918 agrum
1178 2880 1226 2911 est

170 2934 387 2976 impendenda
415 2935 472 2976 qui
501 2935 661 2977 optimum
682 2937 797 2969 nactus
816 2938 880 2978 est,
912 2936 960 2969 sic
979 2936 1076 2969 etiam
1096 2938 1128 2970 in
1153 2938 1224 2970 ani-

171 3005 261 3029 mum
274 3020 284 3036 ,
302 2997 338 3029 ut
358 2996 473 3037 dignos
488 2999 604 3029 natura
622 2997 746 3030 fructus
759 2997 853 3031 ferat.

218 3058 288 3088 100.
311 3055 440 3088 Ariston
473 3055 573 3088 Chius
602 3065 658 3089 eos
686 3057 741 3098 qui
770 3057 1014 3099 disciplinarum
1035 3058 1106 3091 orbi
1127 3067 1226 3090 vaca-

178 3114 421 3154 rent,neglecta
439 3114 663 3156 philosophia,
677 3115 799 3150 similes
818 3116 947 3150 dicebat
962 3125 1032 3149 esse
1050 3117 1153 3158 procis
1170 3119 1226 3150 Pe-

174 3172 324 3213 nelopes,
340 3173 396 3214 qui
414 3182 488 3206 cum
510 3174 578 3215 ipsa
606 3174 699 3216 potiri
722 3184 786 3208 non
815 3177 945 3216 possent
965 3175 1089 3208 ancillis
1110 3175 1225 3208 misce·

174 3231 308 3264 bantur.
994 3231 996 3233 ’

218 3292 288 3323 101.
313 3290 402 3323 Idem
438 3291 554 3332 vulgus
590 3293 757 3325 hominum
791 3294 897 3326 Laerti
925 3293 1152 3335 comparabat,
1173 3295 1227 3335 qui

174 3357 250 3381 cum
271 3348 393 3390 reliqua
413 3350 480 3382 ruri
497 3350 666 3392 diligenter
691 3352 800 3385 omnia
826 3356 973 3393 curaret,
996 3362 1030 3385 se
1049 3352 1153 3394 ipsum
1177 3362 1231 3386 ne-

177 3407 314 3449 gligebat
334 3417 343 3440 ε
364 3409 411 3441 sic
443 3410 476 3442 et
504 3410 576 3443 illos
603 3411 857 3451 studiosissimos
884 3412 1017 3453 quidem
1048 3420 1120 3447 esse
1148 3412 1230 3444 circa

180 3467 415 3508 possessiones,
430 3468 574 3502 animum
591 3470 699 3503 autem
721 3471 796 3505 feris
816 3471 969 3504 obrutum
985 3471 1154 3504 affectibus
1167 3480 1230 3504 non

178 3525 325 3559 excolere
341 3527 459 3567 ajebat.
661 3518 663 3520 ’

1331 2291 1402 2321 102.
1425 2289 1488 2327 Qui
1510 2298 1596 2321 nunc
1615 2298 1633 2322 e
1652 2289 1854 2330 philosophia
1871 2299 1984 2322 omnes
2010 2290 2270 2331 reprehendunt,
2290 2291 2340 2323 id-

1289 2357 1352 2390 que
1369 2348 1472 2380 facere
1490 2356 1508 2380 a
1529 2348 1715 2390 parentibus
1733 2349 1906 2390 incipiunt,
1925 2359 1989 2382 non
2010 2358 2102 2383 secus
2115 2350 2224 2382 affecti
2242 2352 2340 2390 sunt,

1286 2415 1384 2447 quam
1400 2415 1505 2448 nuper
1519 2407 1596 2440 emti
1622 2415 1718 2440 canes
1743 2408 1799 2450 qui
1821 2417 1885 2440 non
1904 2408 2009 2441 solum
2029 2408 2130 2450 alios,
2148 2409 2203 2441 sed
2227 2409 2340 2442 dome-

1285 2466 1381 2498 sticos
1398 2466 1496 2498 etiam
1513 2466 1678 2500 allatrant.

1331 2527 1401 2556 103.
1425 2523 1488 2562 Qui
1529 2524 1730 2557 dialecticam
1775 2524 1874 2557 altius
1917 2526 2171 2566 perscrutantur,
2207 2535 2341 2559 cancros

1272 2582 1458 2628 ‘edentibus
1486 2582 1608 2616 similes
1636 2585 1730 2626 sunt,
1749 2584 1804 2624 qui
1830 2586 1960 2625 propter
1979 2585 2132 2626 exiguum
2152 2585 2339 2619 alimentum

1285 2642 1369 2675 circa
1385 2646 1509 2676 crustas
1525 2643 1681 2685 plurimas
1696 2646 1910 2685 occupantur.

1330 2705 1402 2736 104.
1427 2702 1559 2736 Ariston
1589 2702 1789 2736 dialecticam
1817 2703 1925 2744 ajebat
1956 2703 2024 2738 luto
2045 2705 2173 2738 viarum
2201 2706 2338 2743 similem

1286 2770 1369 2794 esse.
1399 2765 1481 2796 Nam
1506 2763 1538 2795 et
1566 2756 1669 2795 l'utum
1696 2762 1809 2796 inutile
1838 2772 1913 2795 cum
1949 2764 2015 2805 sit,
2042 2766 2247 2798 transeuntes
2283 2776 2340 2807 op·

1287 2820 1363 2862 plet.

1331 2885 1403 2914 105.
1426 2880 1606 2915 Carneades
1618 2881 1818 2914 dialecticam
1834 2881 1960 2915 dicebat
1976 2882 2093 2924 polypo
2105 2884 2244 2917 similem
2257 2893 2338 2918 esse.

1287 2942 1330 2973 Ut
1346 2940 1432 2973 enim
1450 2940 1589 2982 polypus
1604 2941 1705 2974 cirros
1722 2950 1798 2974 suos
1817 2945 1929 2974 auctos
1945 2942 2079 2975 devorat
2101 2956 2108 2976 :
2132 2943 2173 2975 ita
2195 2944 2340 2977 dialecti-

1287 3010 1343 3033 cos
1362 2999 1428 3040 jam
1450 3000 1616 3042 peritiores
1634 3001 1733 3033 factos
1751 3009 1826 3033 suas
1848 3011 1978 3043 quoque
1998 3002 2161 3043 opiniones
2182 3003 2335 3036 refutare.

1332 3064 1402 3093 106.
1428 3060 1650 3093 Clitomachus
1662 3060 1862 3093 dialecticam
1880 3061 1965 3093 lunae
1979 3062 2204 3102 comparabat,
2217 3065 2253 3094 ut
2268 3072 2342 3103 qua*

1288 3119 1434 3152 similiter
1449 3129 1595 3153 crescere
1608 3122 1640 3153 et
1653 3119 1843 3153 'decrescere
1863 3130 1926 3152 uon
1941 3121 2111 3152 desineret.

1335 3182 1407 3212 107.
1431 3179 1562 3212 Ariston
1590 3179 1833 3212 dialecticorum
1863 3188 2028 3212 sermones
2056 3188 2131 3211 cum
2152 3188 2340 3214 aranearum

1291 3238 1362 3271 telis
1379 3239 1583 3279 conterebat,
1604 3245 1638 3271 ut
1659 3248 1731 3280 quae
1753 3239 1886 3271 subtiles
1908 3239 2102 3280 admodum,
2124 3239 2180 3272 sed
2208 3240 2340 3273 inutiles

1289 3299 1407 3331 essent.

1336 3359 1405 3389 108.
1430 3357 1605 3389 Veratrum
1621 3356 1760 3389 crassius
1779 3358 1925 3388 sumtum
1945 3358 2076 3397 purgat,
2098 3357 2131 3389 at
2150 3357 2275 3397 pollinis
2297 3357 2342 3389 in-

1291 3417 1356 3448 star
1379 3416 1554 3456 levigatum
1574 3415 1792 3456 suffocat35ic
1808 3417 1840 3448 et
1860 3415 1955 3447 nimis
1977 3415 2071 3447 anxia
2095 3415 2287 3456 subtilisque
2310 3415 2342 3448 in

1293 3476 1492 3518 philosophia
1509 3475 1696 3518 disputatio.
