2612 3814
317 258 390 293 264
1102 245 1304 286 MELlssl
1330 246 1673 287 FRAGMENTA.

312 338 391 385 ἴση,
412 338 556 388 δύναμιν
572 339 622 389 τῷ
640 336 750 390 ὑγιεῖ·
767 335 837 375 οὔτ’
861 336 900 374 ἂν
918 337 1034 387 ὁμοῖον
1055 334 1133 386 εἴη,
1163 337 1193 374 εἰ
1212 335 1351 387 ἀλγέω-
1383 350 1388 404 ῐ
1418 335 1506 368 ribus
1524 336 1648 370 valeret
1673 344 1712 369 ac
1730 337 1757 370 si
1783 345 1899 371 sanum
1927 340 2011 372 esset
2042 347 2051 368 ε
2072 347 2177 382 neque
2195 338 2299 374 simile
2320 340 2422 383 foret,
2437 342 2466 376 si

314 395 562 447 gffwwougvou
582 395 651 449 γάρ
668 411 725 435 τω
747 394 788 434 ἂν
805 393 937 466 ἀλὲζῖι,
955 393 1277 466 ἢὶπροσῖινομέῖου,
1297 393 1356 465 χῗὶ
1384 426 1388 472 ’
1418 393 1541 427 doleret
1570 406 1578 427 ι
1605 393 1780 462 deoedente
1799 396 1886 429 enim
1915 396 2025 439 aliquo
2043 396 2167 431 doleret
2190 397 2244 431 vel
2271 399 2464 442 accedente,

314 457 375 495 οὐκ
395 455 437 494 ³⁹
451 454 758 553 {²2⁶“2³⁰”{¹⁷a
790 454 940 526 ⁰⁶⁶3&
959 467 999 539 ‘2⁰
1020 454 1112 550 ⁶Y‘3‘
1133 452 1357 550 ffffw‘fssi
1384 483 1388 535 1
1419 461 1525 552 Ζὲἓὲὲῖ
1543 453 1691 553 -Ἕὶῗὲῗ
1709 454 1814 546 ζ’ἓῖἰῖῗ
1833 457 1948 548 ἕξῖζ
1975 457 2337 550 3ῗὲᾝῖᾚίῗέ
2364 458 2469 551 ‘'⁰2⁶“

312 530 429 553 vatio·
475 530 501 552 π
575 530 596 551 α
672 530 688 552 V
760 528 831 551 01,το
854 527 894 550 TO
921 528 938 549 υ
966 527 1011 554 lm<
1031 526 1076 549 κα
1110 526 1130 549 τ
1193 526 1228 548 Ον
1262 527 1282 548 τ
1543 532 1551 540 ·
2357 526 2467 552 auen!

313 573 375 611 οὐκ
396 572 449 611 ἐὸν
469 529 619 624 γένοιγτοῗ
675 571 747 611 Καὶ
762 570 839 623 περὶ
859 572 919 608 τοῦ
941 527 1107 617 {wisilat
1134 540 1242 614 ωὑτὸς,
1256 569 1356 621 λόγος
1418 569 1568 603 oriretur.
1613 570 1710 604 Aede
1731 571 1880 606 universo
1893 525 2041 607 molestat
2052 539 2174 608 affecto,
2193 574 2279 608 idem
2293 574 2468 611 dicendum

313 634 362 670 τῶ
386 632 430 670 ἀλ
456 631 560 671 ίονῃ,
1417 628 1509 670 quod
1527 628 1567 662 de
1586 628 1726 663 dolente.

344 672 387 740 ⁸S
412 648 472 730 13¹.
496 688 587 729 Οὐδὲ
611 688 724 727 κενεόν
747 689 819 726 ἐστι
839 686 956 725 οὐδέν·
977 686 1016 724 τὸ
1036 685 1103 738 γὰρ
1119 686 1234 724 κενεὸν
1258 685 1354 725 οὐδέν
1384 717 1388 731 ,
1461 687 1480 730 §
1503 689 1549 720 14.
1574 689 1686 729 Neque
1705 697 1782 722 vero
1797 689 1974 732 quidquam
1987 700 2125 725 vacuum
2147 694 2216 733 est;
2238 701 2314 726 nam
2329 701 2469 727 vacuum

314 750 404 787 ἔστι·
423 751 484 788 οὐκ
498 741 604 843 ἂνὰῶν
619 747 671 796 εἴη
678 747 721 844 ἷό
735 762 773 798 Υε
791 746 911 842 μέδέν.
968 744 1061 842 Ολέδξ
1076 743 1242 841 κιὶνέεταιέ·
1274 745 1358 782 ὑπο·
1385 739 1389 812 J
1419 746 1499 838 nitliil
1517 750 1570 839 1(ξεί
1587 755 1594 775 ²
1610 756 1685 789 ergo
1703 747 1784 840 illttld
1802 750 1890 840 (terge
1906 749 1992 790 quod
2011 750 2308 843 ng’iaeppemmm
2320 760 2387 785 ⁰⁰¹²
2402 752 2470 786 ¹¹¹⁰·

313 823 320 829 ·
339 823 366 844 ω
390 809 472 845 ῗσαι
590 807 652 845 οὐκ
696 821 703 827 ·
722 821 750 843 ει
781 805 818 843 οὗ
844 806 916 841 au*
969 804 989 840 ἀ
1079 820 1107 841 π
1149 817 1184 841 ον
1238 802 1358 842 στί·εἷ
1419 806 1472 838 ri.
1546 816 1562 838 e
1589 816 1627 840 ue
1648 815 1742 840 move
1760 816 1809 839 ur.
1883 808 2022 841 onenim
2060 818 2077 841 a
2120 812 2133 842 t
2166 819 2207 843 uo
2222 819 2284 843 con
2364 812 2378 845 t
2413 810 2470 845 sed

313 823 463 916 sssvp÷dzp
477 822 591 903 κῖνεῖν
609 858 662 911 ἧν,
683 819 996 914 ὗξτεχώρεειᾶἲᾏίς
1020 860 1059 898 τὸ
1083 859 1217 901 κενεόν·
1240 863 1356 898 κενεοῦ
1386 837 1389 900 i
1419 865 1548 906 plenum
1564 815 1634 907 (ἔοις
1649 866 1675 899 si
1692 866 1776 898 enim
1795 874 1934 899 vacuum
1945 809 2467 908 esset,conegderetin⁰3:u⁹um=

314 923 348 960 δὲ
370 922 419 973 μὴ
438 923 574 971 ἐόντος,
597 923 658 960 οὐκ
679 920 750 973 ἔχει
770 921 834 967 δκη
849 917 1214 991 ὓποχωρήσειῇπλέον
1233 911 1280 957 ὧν
1301 918 1355 957 ἐὸν
1385 903 1389 988 ¹
1419 933 1520 966 quum
1540 933 1617 958 vero
1648 933 1711 958 non
1738 925 1780 959 sit
1812 934 1974 967 vacuum,
2004 935 2071 959 non
2094 927 2190 960 habet
2217 937 2284 969 quo
2313 927 2472 964 concodat

314 982 351 1019 οὗ
372 981 547 1032 κινέεται].
570 979 705 1018 Πυκνὸν
726 978 760 1016 δὲ
780 979 839 1017 καὶ
860 978 979 1027 ἀραιὸν
1000 979 1062 1016 οὐκ
1079 993 1121 1015 αν
1140 976 1194 1024 εἴη
1209 993 1217 1002 ·
1232 976 1272 1015 τὸ
1288 976 1356 1029 γὰρ
1385 989 1389 1040 j
1419 983 1574 1036 [plenum
1592 984 1688 1026 igitur
1709 994 1809 1026 quum
1827 985 1888 1026 sit,
1902 994 1966 1018 non
1989 985 2175 1028 movetur].
2220 987 2367 1020 Densum
2389 995 2468 1021 vero

314 1039 433 1091 ἀραιὸν
455 1040 517 1077 οὐκ
544 1037 690 1077 ἀνυστὸν
727 1037 831 1075 πλέον
863 1030 951 1075 εἶναι
983 1036 1111 1085 ὁμοίως
1136 1037 1186 1090 τῷ
1219 1038 1355 1088 πυκνῷ,

314 1099 389 1136 ἀλλ’
409 1098 475 1145 ἤδη
495 1097 534 1136 τὸ
555 1097 674 1149 ἀραιόν
696 1111 734 1146 γε
752 1095 958 1148 κενεώτερον
975 1095 1107 1148 γίνεται
1122 1098 1183 1133 τοῦ
1204 1097 1352 1135 πυκνοῦ.

314 1155 437 1207 Κρίσιν
469 1155 504 1194 δὲ
527 1155 657 1203 ταύτην
680 1154 748 1208 χρὴ
766 1154 982 1203 ποιήσασθαι
1007 1157 1068 1193 τοῦ
1094 1154 1201 1193 πλέου
1221 1153 1356 1193 καὶτοῦ

312 1213 360 1264 μὴ
384 1214 503 1253 πλέου.
562 1215 606 1252 Εἰ
623 1213 685 1263 μὲν
703 1213 830 1267 χωρέει
847 1229 896 1262 τι,
915 1213 938 1260 ἢ
957 1212 1158 1266 ἐσδέχεται,
1178 1214 1216 1251 οὔ
1237 1212 1355 1251 πλέον·

314 1272 395 1311 εἰδὲ
416 1271 506 1323 μήτε
526 1271 652 1325 χωρέει
686 1272 775 1323 μήτε
799 1271 994 1325 ἐσδέχεται,
1026 1271 1142 1310 πλέον.
1205 1271 1357 1320 Ἀνάγκη

310 1330 423 1369 τοίνυν
439 1330 542 1369 πλέον
564 1324 651 1370 εἶναι
663 1361 673 1380 ‚
695 1333 724 1370 εἷ
744 1331 859 1370 κενεὸν
887 1330 935 1382 μή
954 1332 1046 1369 ἐστι·
1065 1332 1094 1369 εἰ
1123 1330 1234 1369 τοίνυν
1251 1329 1356 1368 πλέον

311 1392 397 1441 ἐστί,
415 1393 452 1432 οὒ
474 1392 638 1433 κινέεται.

365 1557 386 1606 §
415 1563 475 1596 15.
500 1558 542 1595 Εἰ
566 1556 727 1609 διῄρηται
750 1555 788 1594 τὸ
809 1555 879 1606 ἐόν,
904 1555 1075 1594 κινέεται·
1103 1553 1300 1605 κινεόμενον
1319 1554 1353 1592 δὲ

312 1615 374 1653 οὔκ
391 1613 431 1653 ἂν
446 1614 498 1661 εἴη
520 1614 607 1665 ἅμα.

362 1777 384 1826 ἓ
412 1783 473 1816 16.
499 1777 544 1815 Ei
573 1775 636 1826 μὲν
659 1776 713 1814 ἐὸν
742 1774 841 1827 ἔστι,
864 1778 916 1815 δεῖ
947 1776 1032 1815 αὐτὸ
1059 1776 1094 1815 ἓν
1122 1770 1234 1816 εἶναι·
1257 1777 1293 1816 ἓν
1319 1775 1355 1815 δὲ

313 1835 382 1884 ἐόν,
405 1837 454 1874 δεῖ
475 1835 559 1874 αὐτὸ
582 1837 686 1886 σῶμα
711 1834 759 1885 μὴ
788 1834 900 1886 ἔχειν·
918 1835 1000 1874 εἰδὲ
1027 1834 1102 1888 ἔχοι
1128 1835 1259 1888 πάχος,
1280 1835 1356 1888 ἔχοι

311 1892 351 1932 ἂν
372 1892 496 1947 μόρια,
520 1892 580 1932 καὶ
599 1892 712 1932 οὐκέτι
733 1891 774 1931 ἂν
792 1892 849 1941 εἴη
873 1893 920 1932 ἕν.

594 1999 612 2014 ’Κ

363 2059 385 2108 S
410 2064 469 2096 17.
494 2057 669 2109 Μέγιστον
691 2056 752 2108 μὲν
768 2050 816 2095 ὦν
838 2062 982 2107 σημεῖον
1003 2051 1099 2101 οὗτος
1119 2059 1137 2096 ὁ
1155 2055 1279 2108 λόγος,
1302 2055 1356 2094 ὅτι

310 2114 346 2152 ἓν
365 2114 467 2166 μόνον
488 2114 578 2155 ἔστι.
635 2114 739 2168 Ἀτὰρ
759 2115 819 2154 καὶ
851 2116 934 2154 τάδε
969 2121 1121 2166 σημεῖα·
1156 2117 1187 2154 εἷ
1215 2115 1283 2168 γὰρ
1312 2110 1354 2162 ἦν

309 2174 434 2222 πολλοί,
452 2177 596 2213 τοιαῦτα
614 2176 704 2228 χρῆν
725 2175 812 2213 αὐτὰ
829 2168 928 2223 εἶναι,
945 2168 1013 2214 οἷόν
1038 2190 1104 2228 περ
1123 2173 1192 2227 ἐγώ
1206 2189 1296 2226 φημι
1316 2173 1354 2211 τὸ

311 2231 345 2271 ἓν
365 2226 466 2272 εἶναι.
524 2235 570 2273 Εἰ
589 2233 657 2286 γὰρ
677 2233 751 2273 ἔστι
768 2236 813 2286 γῆ
834 2233 893 2273 καὶ
915 2233 1007 2287 ὕδωρ
1017 2233 1077 2272 καὶ
1095 2233 1162 2286 ἀὴρ
1175 2233 1237 2272 καὶ
1255 2231 1357 2280 σίδη-

313 2307 368 2344 ρος
387 2292 446 2332 καὶ
458 2292 588 2346 χρυσὸς
602 2292 663 2331 καὶ
680 2298 762 2345 πῦρ,
785 2292 846 2331 καὶ
863 2293 902 2331 τὸ
929 2294 991 2344 μὲν
1013 2292 1099 2338 ζωὸν
1119 2293 1158 2332 τὸ
1178 2292 1214 2330 δὲ
1233 2295 1357 2339 τεθνη-

309 2350 388 2402 κός,
405 2352 466 2391 καὶ
483 2351 593 2403 μέλαν
607 2352 666 2391 καὶ
682 2351 805 2391 λευκὸν
821 2352 880 2390 καὶ
898 2352 943 2392 τὰ
960 2351 1052 2391 ἄλλα
1072 2351 1188 2390 πάντα
1211 2350 1305 2391 ἅσσα
1324 2352 1356 2388 οἱ

313 2410 485 2462 ἄνθρωποί
511 2425 596 2463 φασι
627 2404 715 2449 εἶναι
743 2409 893 2458 ἀληθέα,
924 2411 954 2449 εἷ
980 2410 1022 2458 δὴ
1046 2415 1157 2450 ταῦτα
1189 2411 1264 2450 ἔστι
1293 2410 1356 2450 καὶ

309 2468 416 2518 ἡμέες
434 2469 541 2521 ὀρθῶς
557 2467 700 2521 ὁρέομεν
719 2468 779 2507 καὶ
798 2463 984 2520 ἀκούομεν,
1005 2462 1094 2508 εἶναι
1113 2469 1182 2522 χρὴ
1203 2469 1354 2508 ἕκαστον

310 2530 480 2576 τοιοῦτον,
503 2521 572 2567 οἶόν
589 2543 655 2581 περ
676 2527 717 2567 τὸ
730 2529 867 2581 πρῶτον
889 2527 999 2574 ἔδοξεν
1019 2531 1116 2579 ἡμῖν,
1136 2528 1196 2567 καὶ
1218 2528 1267 2579 μὴ
1290 2544 1356 2578 με-

311 2584 493 2624 ταπίπτειν
514 2586 602 2638 μηδὲ
618 2585 770 2638 γίνεσθαι
789 2589 954 2638 ἑτεροῖον,
977 2588 1054 2626 ἀλλ’
1083 2587 1150 2626 αἷεὶ
1171 2581 1258 2626 εἶναι
1272 2586 1355 2626 ἕκα-

313 2713 442 2746 dentem
463 2715 694 2755 paragraphum
710 2715 893 2748 Brandisius
905 2719 1042 2757 excitat,
1058 2717 1137 2750 nihil
1150 2717 1232 2749 lucis
1245 2717 1353 2756 affert,

312 2760 368 2793 sed
384 2759 571 2793 vitiosorum
594 2760 742 2793 codicum
758 2763 896 2802 vestigiis
913 2765 1043 2799 insistit.

354 2806 375 2848 §
397 2809 445 2840 1⁴.
464 2809 534 2840 Hoc
557 2807 768 2848 fragmentum
791 2809 864 2842 inde
890 2820 909 2843 a
927 2812 1034 2845 verbis
1061 2811 1132 2843 οὐδὲ
1155 2811 1260 2844 κενεόν
1288 2812 1353 2844 ἐστι

314 2854 402 2886 οὐδὲν
423 2862 526 2894 usque
553 2853 595 2885 ad
621 2854 718 2886 verba
746 2855 805 2893 ὀκη
828 2857 1028 2900 ὑποχωρήσει
1049 2861 1081 2889 et
1101 2865 1119 2888 a
1151 2865 1230 2890 voce
1252 2857 1354 2898 κρίσιν

315 2908 417 2944 usque
435 2899 478 2932 ad
490 2899 586 2932 finem
600 2901 751 2941 repetitur
767 2910 786 2932 a
798 2902 961 2943 Simplicio
978 2904 1046 2935 loll.
1068 2906 1088 2935 9
1101 2907 1133 2935 et
1152 2906 1186 2935 17
1203 2903 1235 2936 b.
1251 2904 1301 2937 Cf.
1322 2907 1355 2936 et

313 2946 333 2987 §
354 2949 384 2978 5.
429 2946 482 2979 Bis
503 2946 613 2987 scripsi
636 2947 668 2979 in
685 2947 745 2979 liac
771 2950 964 2991 paragrapho
987 2951 1031 2982 ὧν
1053 2959 1110 2989 pro
1137 2949 1190 2982 οὖν
1207 2954 1238 2983 et
1261 2951 1354 2984 πλέον

315 3001 372 3032 pro
387 2993 501 3032 πλέων,
517 2991 597 3025 item
612 2994 722 3033 postea
735 2996 790 3025 τοῦ
806 2994 900 3027 πλέον
920 2997 973 3028 καὶ
988 2998 1044 3028 τοῦ
1060 2997 1102 3037 μὴ
1116 2997 1223 3028 πλέον.
1267 2998 1355 3037 Legi-

315 3042 367 3069 tur
379 3038 465 3071 enim
478 3038 501 3071 t'.
523 3039 559 3071 17
571 3039 604 3071 et
619 3040 658 3071 24
679 3041 733 3071 τοῦ
759 3040 843 3072 πλέω
856 3042 909 3073 καὶ
927 3045 982 3074 τοῦ
999 3044 1041 3082 μὴ
1056 3043 1159 3078 πλέω,
1173 3043 1266 3084 cujus
1284 3043 1354 3076 loco

314 3084 337 3116 l'.
354 3086 374 3116 9
389 3085 474 3118 male
487 3086 656 3118 exaratum
671 3087 722 3118 est
740 3087 843 3119 πλεὼν
859 3089 911 3120 καὶ
934 3091 976 3129 μὴ
993 3090 1107 3122 πλεὼν.

356 3130 376 3172 §
392 3134 440 3164 15.
457 3131 604 3165 Servavit
623 3131 686 3164 hoc
702 3132 915 3174 fragmentum
932 3135 1112 3176 Simplicius
1130 3136 1152 3169 Ι.
1172 3145 1202 3169 c.
1218 3136 1276 3170 sol.
1300 3140 1352 3170 24.

315 3177 365 3209 ef.
381 3186 454 3218 quoe
469 3186 566 3220 supra
585 3178 727 3212 diximus
742 3179 812 3222 ad§
826 3183 939 3214 7—10.

357 3222 376 3264 §
400 3228 447 3257 10.
468 3224 637 3265 Reperitur
665 3224 726 3257 hoc
754 3226 871 3259 Melissi
893 3227 1058 3261 decretum
1079 3238 1131 3270 ap.
1158 3230 1354 3271 Simplicium

314 3270 336 3302 l.
355 3279 384 3303 c.
404 3271 458 3304 sol.
482 3274 522 3304 24
541 3280 561 3304 a
583 3271 683 3314 (Vid.
702 3272 742 3304 ad
765 3272 784 3314 §
809 3274 955 3316 7-10),
973 3277 1005 3308 et
1023 3284 1042 3307 a
1065 3275 1170 3308 verbis
1185 3276 1216 3308 ἓν
1232 3277 1282 3309 ἐὸν
1306 3278 1355 3310 δεῖ

316 3326 416 3358 usque
428 3318 467 3349 ad
485 3314 581 3350 linem
593 3319 680 3360 apud
694 3319 832 3352 eundem
845 3320 901 3353 sol.
922 3324 959 3354 19
974 3334 982 3354 ι
997 3322 1165 3364 ἀδιαίρετον
1181 3322 1215 3355 ὃν
1229 3323 1266 3355 τὸ
1280 3325 1353 3367 παρ’

314 3364 416 3401 αὐτοῖς
429 3365 460 3396 ’έν
477 3365 529 3405 ὄν,
543 3365 614 3398 οὔτε
624 3367 855 3408 πεπερασμένον
871 3367 940 3400 οὔτε
953 3368 1076 3410 ἄπειρον
1091 3371 1133 3406 ὡς
1145 3373 1239 3409 σῶμα
1254 3370 1353 3403 ἔσται.

317 3411 377 3442 Καὶ
398 3411 457 3452 γὰρ
473 3413 490 3443 ὀ
506 3412 698 3454 Παρμενίδης
723 3425 754 3444 κ.
781 3424 811 3447 τ.
839 3415 870 3446 λ.
895 3416 948 3446 καὶ
965 3416 982 3446 ὁ
1006 3415 1182 3455 Μέλισσος,
1198 3416 1256 3449 Ἓν
1281 3417 1352 3458 ἐόν,

315 3457 389 3495 φησί
399 3482 407 3496 ,
423 3458 469 3491 δεῖ
480 3470 509 3490 κ.
530 3470 557 3491 τ.
573 3460 602 3491 λ.
646 3460 850 3502 caeteroquin
865 3461 896 3494 in
909 3461 1002 3495 codd.
1014 3463 1065 3496 liic
1081 3463 1243 3497 invenitur
1257 3465 1352 3506 εἰμὲν

1385 1042 1389 1061 ·
1419 1044 1452 1075 et
1463 1051 1570 1075 rarum
1589 1051 1653 1075 non
1666 1043 1782 1084 suerit;
1800 1052 1911 1076 rarum
1928 1043 2014 1076 enim
2028 1053 2093 1076 non
2110 1045 2214 1085 potest
2229 1053 2323 1086 aeque
2339 1044 2471 1086 plenum

1419 1110 1488 1134 esse
1504 1109 1542 1133 ac
1560 1101 1716 1142 densum,
1730 1102 1785 1135 sed
1803 1111 1913 1135 rarum
1934 1106 2022 1136 certe
2043 1103 2140 1136 etiam
2158 1103 2260 1145 magis
2275 1111 2417 1137 vacuum
2436 1103 2473 1137 tit

1419 1159 1528 1193 denso.
1574 1162 1622 1194 De
1638 1161 1733 1202 pleno
1756 1163 1867 1195 autem
1884 1162 1917 1194 et
1935 1170 1999 1194 non
2022 1162 2116 1204 pleno
2139 1161 2201 1194 hoc
2223 1161 2381 1204 judicium
2403 1161 2474 1196 fleri

1419 1219 1558 1259 oportet.
1603 1219 1636 1252 Si
1656 1219 1736 1261 quid
1753 1220 1839 1262 capit
1859 1221 1909 1253 vel
1935 1221 2066 1263 recipit,
2084 1230 2147 1254 non
2177 1220 2307 1262 plenum
2318 1231 2330 1262 3
2347 1220 2376 1254 si
2396 1228 2473 1255 vero

1419 1285 1525 1319 neque
1554 1278 1641 1319 capit
1662 1287 1769 1320 neque
1799 1279 1935 1322 recipit,
1957 1280 2100 1321 plenum.
2142 1281 2280 1313 Necesse
2302 1279 2404 1320 igitur
2425 1280 2474 1314 est

1419 1336 1550 1377 plenum
1575 1345 1646 1370 esse
1659 1361 1669 1378 ,
1689 1337 1717 1370 si
1745 1346 1888 1371 vacuum
1914 1347 1980 1372 non
2000 1340 2071 1380 est;
2089 1339 2115 1371 si
2132 1338 2230 1380 igitur
2249 1339 2379 1380 plenum
2401 1340 2473 1378 est,

1419 1404 1483 1427 non
1501 1397 1661 1429 movetur.

1648 1462 1665 1479 ’Β
1937 1463 1955 1480 ἡ
2224 1463 2240 1481 Ἀ

1462 1554 1481 1596 §
1502 1558 1550 1587 15.
1575 1555 1607 1587 Si
1627 1554 1768 1587 divisum
1785 1557 1833 1589 est
1847 1565 1927 1597 ens,
1951 1559 2120 1596 moretum
2135 1565 2169 1590 so
2188 1563 2321 1589 movens
2336 1564 2412 1590 vero
2430 1555 2472 1588 si·

1418 1614 1486 1646 mul
1510 1623 1574 1646 non
1592 1616 1686 1647 esset.

1646 1710 1664 1728 ’ἡ
1934 1710 1953 1728 ὲ
2187 1723 2191 1727 .
2223 1710 2243 1728 ᾗ

1459 1768 1478 1810 §
1502 1772 1550 1802 16.
1572 1769 1605 1801 Si
1621 1777 1680 1801 ens
1698 1771 1768 1807 est,
1784 1777 1885 1801 unum
1911 1777 1984 1802 esse
2003 1768 2035 1801 id
2053 1771 2202 1810 oportet;
2222 1768 2338 1810 quodsi
2367 1778 2470 1803 unum

1418 1829 1487 1867 est,
1505 1828 1628 1860 nullum
1645 1827 1677 1860 id
1702 1827 1821 1860 habere
1837 1836 1956 1869 eorpus
1976 1829 2123 1869 oportet;
2143 1828 2171 1860 si
2188 1836 2266 1861 vero
2284 1815 2471 1861 crassitudi-

1418 1896 1493 1920 nem
1515 1888 1668 1928 liaberet,
1686 1889 1792 1929 partes
1807 1887 1875 1920 sive
1893 1887 2038 1921 membra
2054 1887 2199 1929 haberet,
2217 1896 2321 1930 neque
2332 1887 2471 1929 amplius

1417 1956 1519 1979 unum
1537 1947 1628 1981 soret.
2240 1957 2243 1963 ·

1645 2006 1662 2023 ᾗ
1933 2007 1952 2026 ³*
2223 2007 2242 2023 ’ἡ

1460 2066 1480 2109 §
1506 2070 1555 2100 17.
1583 2067 1699 2106 Magno
1722 2065 1818 2106 igitur
1839 2067 2029 2106 argumento
2056 2074 2094 2098 ea
2119 2073 2194 2107 quoe
2215 2064 2357 2098 diximus
2374 2065 2470 2106 sunt,

1418 2135 1522 2158 unum
1544 2129 1669 2158 lantum
1689 2133 1772 2157 esse.
1819 2126 1941 2157 Verum
1967 2126 2000 2157 et
2020 2124 2091 2156 haec
2115 2125 2187 2165 ejns
2203 2124 2249 2157 rei
2274 2127 2352 2157 sunt
2377 2133 2472 2165 argu·

1419 2187 1528 2218 menta
1554 2194 1562 2216 :
1584 2184 1610 2217 si
1636 2184 1721 2217 enim
1742 2183 1843 2217 multa
1873 2186 1980 2217 essent
1995 2207 2006 2223 ,
2024 2182 2098 2216 talia
2121 2185 2286 2224 oporteret
2318 2192 2356 2217 ea
2381 2191 2472 2223 esse,

1418 2244 1515 2285 quale
1531 2252 1590 2284 ego
1608 2251 1710 2274 unum
1733 2251 1804 2275 esse
1831 2242 1916 2275 dico.
1960 2242 1993 2274 Si
2006 2242 2093 2275 enim
2119 2250 2231 2284 reapse
2245 2243 2297 2275 est
2316 2243 2405 2276 terra
2421 2245 2472 2275 at·

1416 2312 1481 2345 que
1494 2311 1580 2344 aqua
1597 2304 1630 2336 et
1647 2311 1702 2335 aer
1720 2305 1754 2335 et
1776 2303 1896 2334 ferrum
1913 2303 1945 2334 et
1973 2310 2089 2334 aurum
2109 2305 2142 2334 et
2169 2301 2251 2343 ignis
2262 2325 2274 2343 ,
2294 2303 2393 2343 atque
2409 2301 2472 2334 hoe

1418 2362 1548 2401 vivum,
1574 2361 1653 2393 illud
1683 2362 1871 2401 mortuum,
1897 2361 1930 2393 et
1950 2360 2076 2401 nigrum
2105 2363 2137 2393 et
2162 2359 2271 2392 album
2290 2363 2322 2393 et
2349 2358 2472 2401 reliana

1417 2421 1526 2453 omnia
1544 2429 1619 2462 qnoe
1636 2420 1781 2452 homines
1793 2419 1909 2452 dicunt
1927 2427 2000 2453 esse
2017 2428 2113 2460 vera,
2131 2419 2292 2461 siquidem
2308 2418 2380 2452 haec
2394 2421 2474 2454 sunt

1417 2484 1448 2513 el
1466 2489 1526 2512 nos
1543 2481 1628 2512 recte
1642 2478 1791 2512 videmus
1809 2480 1841 2512 et
1860 2478 2032 2519 audimus,
2053 2477 2302 2520 unumquidque
2318 2477 2384 2511 tale
2402 2485 2472 2512 esse

1417 2539 1548 2580 oportet
1561 2562 1571 2578 ,
1589 2537 1685 2579 quale
1704 2537 1799 2570 nobis
1819 2537 1960 2578 primum
1987 2537 2093 2570 visum
2117 2538 2184 2578 est,
2203 2545 2240 2569 ac
2261 2544 2328 2568 non
2351 2535 2472 2569 mutari

1418 2606 1524 2639 neque
1536 2587 1705 2629 aliud‘lieri
1717 2620 1726 2637 ,
1739 2596 1794 2628 sed
1810 2604 1936 2638 semper
1952 2604 2023 2629 esse
2039 2595 2285 2637 unumquidque
2300 2594 2364 2627 tale
2376 2595 2472 2636 quale

1415 2717 1466 2748 ἐὸν
1481 2716 1529 2755 εἴη
1545 2719 1577 2748 et
1595 2717 1704 2756 postea
1722 2716 1749 2747 εἰ
1765 2716 1798 2747 δὲ
1813 2716 1878 2756 ἔχει
1894 2714 1997 2756 πάχος
2010 2737 2020 2753 ,
2034 2714 2090 2746 sed
2103 2712 2264 2746 'sententia
2281 2712 2424 2754 postulat
2441 2713 2470 2746 εἰ

1415 2765 1470 2806 μὲν
1483 2764 1532 2796 ἐὸν
1546 2764 1611 2796 ἔστι
1625 2765 1659 2796 et
1671 2764 1697 2796 εἰ
1713 2763 1746 2795 δὲ
1767 2763 1834 2805 ἔχοι
1849 2763 1963 2804 πάχος.
2010 2763 2192 2803 Utrumque
2200 2761 2270 2802 jam
2283 2761 2470 2794 emendavit

1416 2811 1582 2843 l’rellerus.

1454 2857 1473 2899 §
1493 2860 1542 2890 17.
1557 2858 1670 2890 Exstat
1685 2857 1738 2889 liic
1756 2856 1875 2889 Melissi
1894 2856 1983 2888 locus
2003 2855 2088 2896 apud
2103 2854 2303 2896 Simplicium
2317 2854 2350 2886 in
2366 2853 2463 2888 Arist.

1414 2904 1436 2936 l.
1459 2905 1499 2936 de
1517 2905 1597 2937 coel.
1618 2904 1674 2936 sol.
1701 2906 1757 2937 137
1785 2912 1803 2935 a
1819 2907 1851 2935 et
1877 2903 1910 2935 in
1937 2902 2057 2935 Scholl.
2076 2902 2209 2935 Aristot.
2232 2910 2265 2942 p.
2289 2903 2350 2934 ⁵9⁰
2365 2901 2387 2933 b
2414 2900 2480 2939 ed„

1415 2951 1574 2991 Brandis.,
1594 2951 1671 2982 item
1688 2959 1740 2991 ap.
1762 2950 1951 2984 Aristoclem
1968 2958 2064 2991 quern
2087 2949 2167 2982 citat
2181 2947 2341 2982 Eusebius
2358 2949 2466 2990 Proep.

1413 2999 1534 3038 Evang.
1565 2998 1653 3037 XIV,
1674 2999 1724 3030 17.
1768 2996 1866 3029 Initio
1895 2999 1966 3037 post
1989 2997 2136 3038 μέγιστον
2159 2996 2214 3037 μὲν
2235 2994 2323 3028 edidi
2342 2995 2387 3028 ὧν
2409 3004 2468 3036 pro

1413 3043 1489 3082 οὖν,
1509 3047 1581 3077 tum
1601 3052 1677 3076 cum
1693 3044 1831 3077 Prellero
1846 3043 2004 3084 virgulam
2028 3042 2120 3084 posui
2146 3043 2219 3083 post
2231 3040 2351 3080 πολλά.
2363 3042 2398 3074 et
2406 3041 2468 3083 χρή

1413 3091 1538 3124 mutavi
1559 3091 1592 3124 in
1618 3095 1714 3133 χρῆν;
1732 3091 1829 3131 vulgo
1845 3090 1932 3123 enim
1962 3090 2076 3130 legitur
2102 3089 2203 3122 πολλὰ
2226 3091 2374 3129 τοιαῦτα,
2393 3089 2467 3131 χρή.

1413 3137 1534 3170 Deinde
1551 3147 1616 3170 non
1635 3137 1780 3170 dubitavi
1797 3138 1877 3176 ζωὸν
1893 3137 2054 3178 scribere,
2072 3137 2147 3169 licet
2159 3135 2246 3177 apud
2263 3135 2467 3177 Simplicium

1412 3188 1492 3227 ζῷον
1505 3187 1539 3218 et
1551 3184 1637 3226 apud
1650 3184 1837 3218 Aristoclem
1855 3187 1915 3223 ζῶν
1928 3184 2063 3225 legatur.
2108 3186 2207 3217 Porro
2222 3182 2323 3216 verba
2333 3183 2374 3215 τὰ
2388 3183 2468 3216 ἄλλα

1412 3233 1515 3264 πάντα
1527 3232 1614 3264 ἅσσα
1628 3232 1658 3264 οἱ
1680 3231 1837 3274 ἄνθρωποί
1855 3243 1948 3273 φασιν
1964 3231 2042 3263 εἶναι
2059 3231 2174 3270 ἀληθέα
2191 3230 2340 3264 Aristocli
2351 3230 2466 3263 debon·
2520 3236 2526 3242 '

1412 3280 1478 3319 tur,
1501 3279 1560 3312 nisi
1578 3278 1666 3320 quod
1683 3287 1740 3320 pro
1756 3278 1873 3317 ἀληθέα
1888 3278 1984 3311 habet
1999 3278 2120 3316 ἀληθῶς
2133 3303 2143 3320 ,
2161 3278 2247 3320 apud
2263 3278 2465 3320 Simplicium

1414 3327 1522 3358 autem
1533 3326 1694 3366 reperitur
1703 3325 1748 3357 τὰ
1761 3325 1839 3358 ἄλλα
1850 3349 1860 3366 ,
1870 3325 1933 3357 ὅσα
1942 3325 2034 3365 φασὶν
2047 3326 2076 3356 οἱ
2090 3325 2247 3366 ἄνθρωποι
2261 3324 2339 3357 εἶναι
2351 3323 2463 3366 ἀληθῆ.

1414 3373 1588 3414 Sequentia
1609 3371 1695 3414 apud
1716 3371 1909 3404 Aristoclem
1931 3371 1978 3404 sic
1999 3372 2118 3412 scripta
2139 3375 2215 3404 sunt
2234 3384 2243 3404 z
2268 3371 2296 3404 εἰ
2312 3371 2350 3411 δὴ
2365 3374 2464 3404 ταῦτα

1413 3419 1480 3452 ἐστι
1502 3421 1523 3458 ἢ
1548 3420 1602 3452 καὶ
1623 3422 1711 3461 ἡμεῖς
1736 3419 1834 3461 ὀρθῶς
1850 3420 1995 3460 ὁρέομεν,
2012 3419 2096 3460 apud
2120 3418 2321 3460 Simplicium
2341 3426 2417 3451 vero
2435 3418 2463 3451 εἰ

1413 3467 1451 3505 δὴ
1466 3470 1564 3500 ταῦτα
1577 3467 1646 3500 ἔστι
1664 3466 1718 3499 καὶ
1729 3469 1818 3509 ἡμεῖς
1833 3466 1930 3510 ὀρθῶς
1943 3467 2074 3508 ὁρῶμεν.
2093 3466 2201 3499 Secuti
2214 3474 2326 3499 sumus
2338 3465 2444 3498 Aristo
