2612 3814
656 286 1536 361 PYTHAGOREORUM
1598 287 2052 361 SYMBOLA

809 447 1089 510 QUAEDAM
1126 447 1203 496 ET
1245 443 1589 497 PRAECEPTA
1627 446 1902 499 MstcA

343 594 376 633 Ε
406 590 674 633 CODICIBUS
704 590 855 631 MANU
887 588 1149 629 EXARATIS
1179 587 1366 627 PETITA
1395 587 1462 627 ET
1492 588 1525 627 A
1553 587 1648 628 LIL.
1681 588 1926 630 GYRALDO
1954 590 2144 632 LATlNE
2172 592 2360 635 VERSA.

303 850 331 879 1.
355 846 492 886 sepiam
505 845 635 885 piscem
659 841 733 873 noli
750 839 871 880 edere,
888 838 920 870 id
946 839 1015 879 est,
1031 846 1082 870 res
1105 837 1270 869 contortas
1291 845 1329 869 ac

259 905 407 938 difficiles
425 912 466 936 ne
480 902 634 943 suscipito
646 926 654 942 ‚
672 908 754 942 quas
772 899 826 931 ubi
847 901 957 931 tenere
971 898 1031 931 tibi
1050 897 1141 930 visus
1162 896 1286 936 fueris,
1310 905 1329 929 e

260 965 411 998 manibus
428 963 610 996 elabentur.

302 1030 332 1058 2.
358 1027 403 1058 In
427 1024 541 1057 limite
557 1030 624 1054 non
644 1019 926 1060 consistendum,
946 1018 979 1051 id
1006 1019 1055 1051 est
1071 1018 1233 1059 ambiguae
1258 1025 1331 1049 sen-

260 1085 369 1117 tentiae
386 1092 448 1116 non
466 1080 720 1115 immorandum.

300 1147 331 1177 3.
357 1141 601 1183 Proqredienti
617 1141 714 1181 qreqi
743 1138 786 1172 de
810 1139 869 1172 via
883 1136 1141 1176 decedendum,
1160 1137 1181 1169 i.
1194 1146 1224 1170 e.
1246 1136 1328 1169 mul-

258 1203 388 1236 titudini
402 1211 468 1234 non
483 1204 531 1234 est
547 1199 798 1233 occursandum.

302 1265 334 1296 4.
348 1261 503 1295 Mustela
519 1268 538 1293 e
553 1262 756 1294 transverso
771 1258 910 1300 assensa
923 1257 1167 1299 redeundum,
1192 1257 1213 1290 i.
1232 1266 1262 1290 e.
1282 1258 1330 1290 tu·

259 1321 365 1363 giendi
383 1320 555 1354 delatores.
573 1321 655 1353 Nam
670 1319 842 1352 mustelam
859 1327 915 1351 ore
933 1327 1043 1360 parere
1057 1318 1232 1350 affirmant.

303 1386 335 1415 5.
347 1383 454 1415 Arma
465 1389 488 1414 a
501 1380 651 1413 muliere
661 1379 934 1412 subministrata
949 1377 1160 1419 rejicienda,
1174 1377 1194 1410 i.
1210 1386 1239 1410 e.
1255 1386 1330 1418 quae

261 1442 308 1474 ira
330 1441 362 1474 et
381 1440 525 1473 vindicta
546 1439 775 1481 suppeditant,
790 1447 856 1471 non
877 1438 955 1471 sunt
981 1437 1126 1470 facienda
1145 1437 1217 1470 :eis
1244 1437 1330 1470 enim

261 1500 432 1534 affectibus
447 1500 592 1532 maxime
609 1498 760 1531 obnoxiae
775 1499 851 1530 sunt
867 1498 1009 1530 feminae.

304 1565 336 1594 6.
355 1562 397 1593 ln
412 1559 565 1594 tenebris
581 1561 656 1591 sine
671 1559 800 1591 vestitu
820 1557 945 1599 aliquo
964 1565 1033 1589 non
1050 1556 1331 1597 ambulandum,

261 1619 282 1652 i.
301 1628 331 1652 e.
349 1618 471 1651 nudam
493 1621 526 1650 et
544 1618 691 1659 apertam
710 1616 905 1650 sententiam
929 1616 962 1648 in
985 1615 1131 1648 obscuris
1150 1614 1248 1648 rebus
1267 1624 1333 1647 non

264 1677 502 1721 proferendam.

303 1741 335 1772 7.
363 1739 505 1772 Rectum
517 1737 640 1779 pedem
652 1735 929 1779 promovendum
940 1760 949 1776 ‚
965 1735 986 1768 i.
998 1744 1028 1768 e.
1045 1736 1134 1768 recta
1144 1743 1217 1768 esse
1233 1733 1332 1777 [del.]

263 1803 294 1832 et
306 1799 391 1840 justa
403 1797 655 1840 pronuntianda.

305 1862 336 1891 8.
364 1860 403 1891 In
419 1857 538 1899 poculi
546 1856 666 1898 fundo
691 1856 764 1889 noli
784 1855 984 1898 quidquam
1001 1855 1179 1898 reliquum
1196 1854 1335 1896 facere,

264 1919 285 1951 i.
303 1926 333 1951 e.
352 1919 440 1950 artes
452 1925 534 1958 quas
550 1915 686 1957 coeperis
699 1914 847 1948 exhauri.

306 1979 338 2009 9.
367 1975 559 2010 colubrum
581 1977 678 2008 intra
706 1974 797 2008 aedes
826 1974 1024 2016 collapsum
1053 1983 1096 2007 ne
1121 1973 1312 2016 interficias
1324 1997 1335 2014 ,

263 2035 286 2069 i.
304 2044 333 2069 e.
349 2035 516 2068 inimicum
533 2035 712 2076 supplicem
726 2044 766 2068 ne
782 2033 881 2067 laedas
894 2046 903 2075 ;
921 2034 1054 2067 coluber
1066 2034 1153 2066 enim
1168 2034 1271 2066 hostis
1286 2040 1336 2066 est

264 2095 463 2138 symbolum.

311 2157 362 2188 10.
389 2154 534 2196 Offensa
549 2154 586 2186 in
600 2152 772 2186 vestibulo
794 2152 954 2185 obscoena
978 2152 1119 2193 vetula,
1143 2160 1211 2185 non
1238 2160 1335 2193 eqre-

265 2213 453 2254 diendum,
474 2213 496 2246 i.
515 2221 544 2246 e.
567 2221 618 2245 res
637 2221 777 2254 quarum
794 2212 901 2254 turpia
917 2213 994 2245 sunt
1010 2211 1165 2254 principia
1178 2221 1244 2244 non
1265 2221 1337 2245 esse

267 2273 517 2315 persequendas.

311 2336 362 2366 11.
387 2334 499 2366 Noctu
525 2333 562 2365 in
592 2331 741 2365 tenebris
762 2331 1009 2365 deambulanti
1031 2331 1241 2373 cavendum,
1262 2331 1284 2364 i.
1303 2340 1333 2365 e.

266 2392 458 2425 mortalibus
473 2391 661 2424 enitendum
672 2415 681 2431 ‚
698 2392 734 2424 ut
748 2390 849 2424 fuisse
862 2390 895 2423 in
909 2390 976 2423 vita
992 2390 1174 2424 videantur.

312 2456 362 2485 12.
387 2452 464 2485 sote
477 2451 671 2485 collucente
684 2452 800 2492 iqnem
812 2449 947 2492 afferre
968 2450 1085 2492 nefas,
1097 2451 1119 2484 i.
1141 2460 1171 2484 e.
1189 2451 1222 2484 in
1240 2450 1338 2484 rebus

268 2511 364 2544 claris
382 2514 414 2544 et
430 2510 606 2553 perspicuis
623 2509 779 2542 rationem
795 2519 860 2542 non
874 2510 1086 2543 afferendam.

314 2572 364 2604 13.
389 2570 557 2612 Lapidem
574 2571 611 2602 in
627 2568 771 2610 sontem
787 2569 911 2609 jacere
924 2569 1059 2610 scelus,
1078 2570 1099 2601 i.
1121 2579 1150 2602 e.
1169 2568 1272 2602 scelus
1287 2571 1339 2602 est

270 2629 453 2671 opprimere
469 2638 524 2662 eos
543 2629 599 2670 qui
617 2628 804 2670 reipublicae
821 2630 969 2670 prosunt.

316 2690 366 2720 14.
379 2687 508 2721 Pedem
521 2687 568 2721 ad
586 2688 693 2721 limen
707 2687 906 2729 offendenti
923 2688 1159 2727 redeundum.
1177 2688 1200 2720 i.
1217 2697 1247 2722 e.
1263 2698 1339 2730 quae

273 2748 305 2780 in
326 2747 397 2788 ipso
414 2747 573 2788 principio
592 2747 690 2779 noxia
705 2749 800 2788 sunt,
818 2756 883 2780 non
901 2748 1134 2790 persequenda.

316 2811 367 2840 15.
387 2808 516 2840 Lumen
533 2809 610 2848 post
622 2808 729 2848 caput
741 2814 953 2848 suspensum
967 2807 1121 2840 retinere
1131 2806 1339 2850 stamnum,

274 2868 294 2901 i.
303 2878 333 2901 e.
347 2867 539 2901 industriam
550 2870 582 2900 et
594 2866 827 2908 providentiam
837 2867 946 2900 nonin
958 2868 1133 2909 postremis
1143 2868 1339 2902 habendam.

319 2933 368 2960 16.
388 2929 545 2961 Sinistra
556 2935 666 2960 manu
679 2935 816 2960 sumere
829 2927 944 2961 cibum
957 2927 1072 2970 nefas,
1088 2930 1111 2960 i.
1130 2937 1160 2962 e.
1176 2929 1297 2972 rapinis
1310 2933 1342 2963 et

276 2990 369 3022 furtis
384 2998 425 3023 ne
442 2988 544 3022 vivito
559 2997 641 3021 neve
662 2988 749 3020 aliud
769 2989 895 3022 lucrum
912 2990 1052 3031 quaerito
1063 3014 1073 3031 ,
1091 2990 1154 3023 nisi
1168 2994 1295 3024 rectum
1310 2994 1343 3025 et

276 3049 467 3089 legitimum.

321 3112 370 3142 17.
387 3111 431 3142 In
448 3108 610 3150 sepulcro
627 3116 670 3140 ne
688 3107 852 3149 dormito,
870 3109 892 3141 i.
909 3118 938 3143 e.
960 3111 1025 3143 noli
1039 3111 1248 3153 languescere
1262 3114 1341 3155 otio,

278 3171 449 3208 postquam
467 3167 550 3200 bona
569 3176 588 3200 a
608 3167 795 3209 parentibus
812 3167 992 3202 hereditate
1008 3172 1174 3214 accepisti.

324 3230 372 3259 18.
388 3228 497 3260 Panis
503 3227 631 3269 frusta
638 3226 788 3269 pedibus
800 3228 1010 3269 proculcare
1024 3232 1140 3272 turpe,
1152 3231 1173 3263 i.
1189 3241 1218 3265 e.
1234 3242 1346 3274 quam-

280 3286 328 3319 vis
341 3286 509 3319 minimam
524 3286 679 3328 degendae
698 3286 774 3319 vitae
793 3287 951 3321 rationem
967 3297 1033 3322 non
1047 3291 1290 3332 profligandam.

324 3350 374 3379 19.
402 3345 603 3387 Eqredienti
624 3345 906 3389 inqredientique
927 3348 1050 3381 valvas
1068 3351 1346 3392 exosculandas,

1391 836 1415 868 i.
1433 844 1462 868 e.
1481 835 1571 867 initia
1600 840 1632 869 et
1658 836 1737 869 lines
1753 836 1918 870 actionum
1941 839 2041 880 atque
2066 838 2289 873 institutorum
2315 841 2461 884 eomple-

1393 894 1519 927 ctenda.

1437 960 1488 988 20.
1514 956 1647 997 Lyram
1672 955 1783 989 illotis
1810 956 1973 990 manibus
2005 966 2074 991 non
2104 958 2364 1000 attinoendam,
2377 960 2401 993 i.
2429 968 2461 993 e.

1394 1016 1600 1058 purissimum
1617 1025 1693 1049 eum
1710 1017 1768 1059 qui
1783 1017 1864 1050 alios
1878 1017 1996 1053 docere
2015 1019 2091 1052 velit
2103 1042 2114 1060 ‚
2127 1027 2200 1053 esse
2211 1021 2378 1063 oportere.

1437 1080 1488 1110 21.
1512 1077 1681 1111 Sudorem
1694 1077 1797 1120 ferro
1824 1078 2022 1121 absterqere
2045 1082 2178 1114 tetrum
2194 1079 2369 1122 facinus,
2387 1081 2410 1114 i.
2431 1090 2462 1114 e.

1393 1136 1502 1170 labore
1519 1139 1611 1179 parta
1629 1138 1750 1170 nemini
1769 1138 1799 1170 vi
1814 1140 1847 1172 et
1867 1139 1994 1172 virilius
2006 1139 2186 1181 eripienda.

1436 1201 1487 1230 22.
1510 1199 1555 1230 In
1573 1196 1768 1231 solitudine
1779 1200 1855 1231 sine
1873 1199 1999 1233 baculo
2018 1208 2087 1232 non
2105 1199 2380 1241 ambulandum,
2393 1200 2416 1234 i.
2430 1210 2462 1234 e.

1393 1256 1476 1290 inter
1493 1256 1615 1289 amicos
1634 1256 1666 1288 in
1687 1256 1783 1290 rebus
1799 1259 1986 1291 necessariis
2004 1267 2171 1292 sermones
2186 1262 2219 1292 et
2235 1258 2369 1292 consilia
2383 1267 2464 1293 con·

1394 1316 1525 1349 serenda
1542 1320 1631 1349 sunt.

1436 1380 1488 1410 23.
1508 1377 1610 1419 Amtd
1624 1377 1888 1420 quadrupedem
1901 1386 2043 1411 carmen
2064 1387 2133 1411 non
2151 1378 2370 1420 canendum,
2391 1379 2414 1412 i.
2431 1388 2463 1412 e.

1394 1437 1479 1478 apud
1500 1437 1628 1478 ignaros
1644 1438 1728 1470 seria
1745 1447 1810 1470 non
1828 1437 2029 1479 proferenda.

1438 1499 1491 1529 24.
1512 1499 1652 1530 Faciem
1668 1498 1704 1530 in
1721 1496 1834 1538 fluvio
1851 1505 1913 1530 nec
1927 1496 2121 1530 lavandam
2140 1505 2202 1530 nec
2216 1497 2462 1539 spectandam,

1395 1555 1418 1588 i.
1436 1564 1465 1588 e.
1487 1564 1506 1589 e
1522 1565 1556 1589 re
1577 1555 1665 1588 ssuxa
1681 1559 1713 1589 et
1725 1556 1867 1590 instabili
1883 1556 2050 1598 specimen
2065 1556 2136 1598 capi
2150 1565 2216 1590 non
2228 1556 2338 1591 debet.

1438 1620 1489 1649 25.
1507 1618 1673 1650 Hominis
1688 1616 1946 1658 vestiqiaserro
1959 1625 2001 1650 ne
2013 1616 2185 1659 confiqito,
2196 1617 2219 1650 i.
2230 1625 2260 1651 e.
2272 1617 2462 1651 memoriam

1396 1678 1602 1709 mortuorum
1622 1677 1779 1710 conviciis
1797 1686 1838 1710 ne
1858 1677 1976 1711 lacera.

1438 1741 1492 1769 26.
1521 1739 1704 1778 lnteqrum
1713 1736 1934 1778 fasciculum
1948 1739 1985 1770 in
2005 1739 2120 1779 iqnem
2135 1746 2203 1771 non
2220 1746 2293 1771 esse
2310 1737 2467 1779 inseren-

1398 1794 1495 1838 dum,
1510 1796 1534 1830 i.
1550 1805 1580 1829 e.
1597 1806 1661 1829 non
1678 1805 1792 1830 omnes
1808 1796 1904 1829 simul
1921 1805 1999 1839 opes
2017 1796 2050 1829 in
2066 1796 2239 1845 discrimen
2255 1797 2464 1832 adducendas

1397 1865 1478 1890 esse.

1441 1919 1493 1950 27.
1518 1917 1722 1959 Eqredienti
1744 1925 1789 1951 ex
1803 1916 1939 1950 aedibus
1954 1917 2129 1959 sinciput,
2145 1916 2308 1951 redeunti
2328 1919 2467 1962 occiput

1396 1976 1683 2019 perfricandum,
1698 1976 1720 2010 i.
1738 1985 1768 2010 e.
1787 1976 1970 2009 cautionem
1986 1984 2025 2008 ac
2038 1975 2234 2018 diligentiam
2248 1977 2290 2010 ad
2304 1985 2355 2011 res
2366 1986 2466 2020 agen-

1397 2044 1455 2070 oas
1472 2036 1707 2077 adhibendam,
1727 2036 1787 2069 has
1804 2037 1914 2070 autem
1935 2036 2085 2078 peractas
2113 2036 2347 2070 reminiscendo
2375 2046 2469 2071 reco-

1398 2097 1596 2139 gnoscendas
1611 2106 1693 2130 esse.

1441 2164 1494 2192 28.
1517 2162 1567 2193 De
1583 2159 1694 2193 rheda
1703 2159 1844 2200 junctis
1857 2158 2008 2202 pedibus
2023 2168 2066 2193 ne
2083 2159 2238 2202 exsilite,
2251 2160 2275 2193 i.
2290 2168 2320 2194 e.
2337 2159 2404 2193 noli
2417 2161 2466 2194 te·

1399 2228 1487 2252 mere
1503 2221 1537 2252 et
1554 2229 1619 2252 uno
1634 2219 1758 2261 impetu
1774 2219 1851 2252 vitae
1868 2219 2087 2253 conditionem
2106 2221 2250 2253 mutare.

1441 2284 1494 2313 29.
1517 2279 1571 2312 Ad
1587 2281 1728 2313 astrum
1748 2287 1792 2312 ne
1810 2279 1959 2320 diqitum
1979 2278 2166 2321 intendito,
2183 2279 2206 2312 i.
2228 2288 2258 2312 e.
2279 2280 2393 2312 contra
2408 2287 2466 2312 su·
2502 2310 2508 2314 .

1400 2339 1558 2382 periorem
1575 2348 1617 2372 ne
1635 2339 1816 2381 exsurgito.

1443 2400 1495 2430 3ο.
1517 2398 1561 2429 In
1579 2396 1794 2429 arundineto
1816 2404 1886 2429 non
1903 2395 2228 2438 confabulandum,
2245 2397 2267 2430 i.
2283 2404 2314 2430 e.
2327 2405 2404 2430 cum
2418 2396 2468 2431 le·

1401 2456 1540 2489 vissimis
1564 2456 1750 2489 hominibus
1772 2455 2028 2490 familiaritatem
2044 2465 2111 2489 non
2129 2456 2324 2491 habendam.

1442 2518 1496 2549 31.
1520 2515 1716 2549 candelam
1729 2515 1777 2548 ad
1789 2517 1963 2558 parietem
1974 2524 2019 2549 ne
2032 2516 2221 2558 applicato,
2233 2516 2256 2549 i.
2273 2525 2303 2550 e.
2320 2517 2469 2550 homines

1400 2577 1497 2610 rudes
1513 2577 1546 2610 et
1558 2575 1749 2609 eruditionis
1765 2575 1879 2609 lumini
1897 2576 2082 2610 resistentes
2094 2586 2134 2610 ne
2150 2577 2291 2611 erudito.

1444 2640 1496 2668 32.
1520 2638 1561 2669 1n
1580 2637 1660 2669 nive
1678 2644 1722 2669 ne
1740 2635 1828 2678 quid
1848 2635 2050 2678 inscribite,
2067 2636 2090 2669 i.
2108 2645 2140 2670 e.
2159 2636 2296 2678 ingeniis
2315 2636 2469 2670 mollibus

1401 2698 1433 2728 et
1451 2695 1647 2728 effeminatis
1668 2694 1880 2728 institutionis
1900 2695 2046 2728 laborem
2064 2705 2105 2729 ne
2125 2695 2313 2738 impendito.

1445 2758 1497 2789 33.
1523 2756 1712 2789 Vulturem
1730 2764 1829 2789 avem
1849 2757 1887 2788 in
1906 2757 2057 2798 auqurio
2073 2755 2374 2797 infelicissimam,
2394 2756 2417 2789 i.
2437 2764 2468 2789 e.

1403 2814 1567 2847 hominem
1586 2823 1720 2847 avarum
1734 2816 1766 2847 et
1780 2823 1927 2856 rapacem
1944 2815 2066 2848 malum
2085 2824 2180 2848 omen
2196 2823 2278 2848 esse.

1445 2878 1498 2910 34.
1523 2876 1681 2910 Facilius
1699 2878 1790 2909 mori
1807 2876 1984 2910 hominem
1996 2878 2055 2910 cui
2079 2877 2172 2911 oculi
2187 2875 2422 2916 claudantur,
2443 2876 2468 2909 i.

1404 2945 1433 2968 e.
1452 2935 1618 2968 hominem
1645 2934 1752 2977 ipsum
1784 2944 1841 2977 per
1869 2936 2096 2978 negligentiam
2126 2935 2220 2969 facila
2245 2935 2279 2968 in
2304 2935 2470 2969 miseriam

1404 2997 1557 3031 incidere.

1447 3060 1500 3091 35.
1524 3060 1680 3091 Puerum
1701 3059 1766 3090 aut
1786 3057 1963 3098 seminam
1989 3058 2112 3090 stricto
2137 3056 2256 3098 eladio
2279 3058 2468 3099 vaqantem

1405 3117 1542 3151 malum
1558 3126 1658 3150 omen
1675 3125 1758 3156 esse,
1770 3117 1791 3149 i.
1805 3126 1835 3149 e.
1850 3125 1915 3149 non
1928 3116 2118 3149 defuturum
2135 3115 2271 3157 malum,
2288 3117 2314 3149 si
2327 3115 2470 3149 civitatis

1406 3176 1597 3219 gubernatio
1613 3176 1728 3218 ineptis
1743 3180 1776 3210 et
1789 3175 1917 3209 levibus
1930 3175 2116 3209 bominibus
2128 3176 2364 3209 committatur.

1450 3239 1502 3270 36.
1529 3238 1689 3270 Duorum
1705 3237 1900 3278 temporum
1915 3244 2025 3278 quam
2040 3236 2198 3269 maxime
2210 3235 2385 3277 aqendam
2399 3241 2472 3268 esse

1408 3304 1553 3338 curam,
1570 3297 1739 3329 matutini
1761 3297 1794 3328 et
1807 3296 2014 3336 vespertini,
2034 3294 2055 3327 i.
2077 3304 2106 3329 e.
2126 3303 2238 3328 eorum
2253 3302 2330 3336 quae
2354 3291 2472 3327 facturi

1409 3363 1523 3387 sumus
1538 3356 1571 3388 et
1590 3363 1704 3387 eorum
1720 3362 1793 3396 qnae
1814 3354 1958 3387 fecimus.

1125 3506 1625 3524 ψ

1348 3610 1420 3643 510
