2612 3814
496 345 1232 431 ΠΑΡΜΕΝΙΔΟΥ

425 514 761 578 ΕΠΕΩΝ
826 515 1287 578 ΛΕΙΨΑΝΑ.

707 766 1013 805 ΠΡΟΟΙΜΙΟΝ.

416 861 540 901 Ἵπποι
555 860 613 899 ταί
631 876 674 911 με
691 859 866 914 φέρουσιν,
883 858 962 898 ὅσον
979 861 1011 898 τ’
1026 858 1084 898 ἐπὶ
1101 858 1207 910 θυμὸς
1224 858 1360 912 ἱκάνοι,

417 921 569 971 πέμπον,
583 919 658 959 ἐπεί
675 921 713 970 μ’
728 921 760 963 ἐς
776 918 852 958 ὁδὸν
872 921 986 972 β’ἧσαν
1001 916 1210 971 πολύφημον
1229 919 1380 971 ἄγουσαι

418 980 592 1031 Δαίμονος
607 979 630 1028 ἣ
648 980 740 1018 κατὰ
754 978 858 1017 πάντ’
874 977 963 1026 αὐτὴ
977 977 1074 1032 φέρει
1089 977 1204 1016 εἰδότα
1221 980 1339 1033 φῶτα·

415 1044 459 1092 τῇ
475 1039 646 1093 φερόμην,
667 1042 710 1092 τῇ
731 1039 799 1091 γάρ
818 1054 861 1090 με
880 1038 1123 1091 πολύφραστοι
1142 1037 1245 1092 φέρον
1261 1037 1366 1078 ἵπποι

370 1113 387 1138 5
416 1098 513 1151 ἅρμα
528 1098 761 1138 τιταίνουσαν
779 1101 899 1151 κοῦραι
917 1099 946 1136 δ’
963 1098 1040 1137 ὁδὸν
1058 1097 1269 1150 ἡγεμόνευον

389 1237 438 1274 V.
477 1249 511 1274 1.
535 1235 775 1272 Parmenidei
804 1235 981 1272 carminis
1000 1235 1202 1272 exordium
1228 1247 1251 1271 a
1283 1235 1396 1271 Sexto

338 1295 534 1345 Empirico
563 1302 754 1332 servatum
782 1302 835 1331 cst
863 1295 930 1344 qui
952 1294 1042 1333 adv.
1067 1295 1187 1332 Math.
1217 1295 1302 1340 VII,
1324 1307 1391 1330 111

338 1366 429 1404 pag.
454 1355 531 1391 213
549 1354 612 1392 ed.
646 1353 808 1391 Bekker.
831 1354 986 1403 triginta
1005 1354 1151 1403 primos
1164 1366 1292 1390 versus
1309 1353 1398 1389 inde

341 1426 363 1450 a
378 1425 474 1451 voce
485 1410 588 1450 ἵπποι
608 1425 727 1461 usque
747 1412 797 1448 ad
815 1413 932 1450 verba
955 1411 1072 1455 πίστις
1092 1412 1224 1459 ἀληθής
1244 1414 1396 1462 allegat,

341 1473 480 1523 quibus
496 1485 573 1508 uno
596 1479 727 1508 tenore
744 1484 872 1508 versus
895 1471 1026 1509 53-58
1044 1469 1159 1521 (ἀλλὰ
1180 1470 1223 1509 σὺ
1245 1470 1398 1517 τῆσδ’-

341 1529 512 1580 λείπεται)
542 1531 752 1580 subjungit,
788 1531 931 1567 omissis
960 1531 1117 1579 reliquis
1135 1544 1230 1579 quos
1246 1531 1400 1567 aliunde

341 1592 558 1642 petivimus.
580 1592 633 1626 Ea
651 1597 706 1626 est
730 1589 843 1638 hujus
862 1589 1011 1626 exordii
1027 1603 1108 1626 non
1137 1590 1255 1626 modo
1274 1591 1400 1627 suavi-

342 1658 396 1687 tas
416 1662 459 1686 ac
479 1655 656 1684 venustas
670 1676 680 1696 ,
706 1647 774 1684 sed
809 1648 922 1684 etiam
943 1649 1109 1697 gravitas
1125 1656 1180 1684 *et
1209 1648 1397 1696 majestas,

342 1715 385 1744 ut
402 1707 506 1744 haud
517 1706 628 1743 facile
642 1707 742 1743 inter
753 1718 798 1743 ea
817 1719 900 1755 quae
917 1714 1065 1743 aetatem
1082 1708 1252 1744 tulerunt
1265 1716 1398 1756 poeta-

342 1781 426 1804 rum
446 1779 657 1815 graecorum
676 1778 793 1815 opera
807 1767 973 1815 reperias
992 1779 1162 1816 carmen,
1187 1768 1292 1816 quod
1312 1781 1398 1804 cum

345 1826 454 1875 hujus
473 1827 652 1876 prooemii
675 1827 890 1875 praestantia
913 1827 1035 1874 possit
1057 1829 1255 1876 componi.
1275 1829 1402 1877 Fingit

342 1893 458 1935 poeta
476 1886 643 1935 primum
661 1898 700 1922 se
716 1885 877 1921 sublime
902 1886 1041 1922 elatum
1063 1885 1111 1922 ad
1137 1887 1328 1935 sapientiae
1347 1899 1402 1923 sa-

344 1951 508 1988 crarium
528 1951 567 1986 in
587 1950 724 1986 aethere
745 1951 859 1986 situm
879 1948 978 1986 Solis
997 1949 1148 1987 filiabus
1179 1953 1400 1988 comitanti-

342 2011 415 2047 bus
438 2018 551 2059 atque
567 2011 637 2047 iter
659 2009 959 2046 monstrantibus
980 2023 1095 2046 curru
1112 2012 1242 2058 evehi,
1260 2012 1400 2048 deinde

342 2070 384 2106 in
411 2076 605 2120 perpetuae
624 2069 718 2105 lucis
744 2069 806 2105 via
826 2081 1070 2118 progressum
1100 2077 1215 2119 atque
1242 2070 1292 2107 ad
1322 2070 1401 2106 deae

343 2129 527 2178 templum
554 2128 723 2165 delatum
751 2141 796 2165 ex
816 2127 896 2176 ejus
917 2141 984 2165 ore
1000 2136 1036 2165 et
1057 2137 1204 2166 aeternae
1230 2131 1402 2166 veritatis

343 2195 532 2238 praecepta
545 2195 582 2224 et
597 2188 644 2224 de
657 2188 757 2225 falsis
766 2189 986 2225 mortalium
1001 2190 1247 2238 opinionibus
1254 2192 1402 2227 monita

344 2247 530 2296 accipere.
550 2247 667 2283 Initio
685 2244 789 2285 ἵπποι
806 2247 908 2284 idem
928 2255 1040 2284 sonat
1070 2248 1180 2297 quod
1209 2246 1310 2300 ἅρμα
1342 2249 1402 2287 καὶ

343 2303 459 2343 ἵπποι.
472 2304 609 2343 Sextus
622 2307 833 2355 Empiricus
845 2306 997 2344 doctius
1007 2320 1122 2356 quam
1134 2307 1264 2344 verius
1273 2305 1402 2351 ἵππους

345 2367 620 2415 interpretatur
640 2363 702 2409 τὰς
731 2362 876 2416 ἀλόγους
908 2367 969 2412 τῆς
1000 2366 1117 2419 ψυχῆς
1145 2366 1257 2417 ὁρμάς
1283 2382 1322 2405 τε
1342 2367 1402 2405 καὶ

346 2422 487 2475 ὀρέξεις.
509 2426 599 2473 Quae
619 2432 831 2474 sequuntur
851 2426 891 2461 in
908 2426 1011 2462 hunc
1033 2426 1208 2463 ordinem
1223 2427 1404 2477 redigen-

347 2483 396 2520 da
427 2498 434 2520 :
463 2480 603 2532 πέμπον
631 2498 674 2532 με
707 2484 759 2535 ἐφ’
779 2482 860 2523 ὅσον
884 2482 990 2533 θυμὸς
1009 2483 1143 2532 ἱκάνοι,
1170 2499 1403 2535 quamquam

348 2542 593 2579 concedimus
620 2556 699 2580 non
725 2545 850 2580 minus
870 2552 972 2581 recte
1000 2544 1112 2595 jungi
1135 2543 1196 2582 ἐπῖ
1212 2559 1298 2582 cum
1320 2534 1405 2584 ὅσον

349 2613 463 2649 quam
482 2614 567 2638 cum
584 2600 712 2642 ἱκάνοι.

403 2657 448 2698 V.
472 2673 510 2698 2.
531 2658 607 2698 ἐπεί
624 2659 659 2710 μ’
679 2663 711 2705 ἐς
730 2660 823 2711 ὁδὸν)
845 2664 1071 2701 Karstenius
1085 2661 1161 2701 ἐπεὶ
1179 2665 1403 2702 vertendum

350 2720 495 2755 censuit
511 2722 703 2768 siquidem,
726 2723 874 2770 priores
894 2729 969 2760 tres
984 2736 1113 2760 versus
1131 2725 1295 2773 primam
1315 2738 1403 2761 sen-

352 2779 509 2815 tentiam
529 2791 603 2815 esse
623 2781 842 2829 suspicatus,
876 2781 1058 2818 Eamdem
1083 2783 1272 2820 rationem
1307 2786 1405 2820 tueri

349 2838 504 2875 videtur
521 2838 711 2875 Bekkerus
730 2847 875 2888 puncto
901 2848 990 2889 post
1009 2838 1124 2878 εἰδότα
1141 2843 1241 2894 φῶτα
1260 2844 1402 2892 posito.

352 2899 402 2934 At
442 2910 562 2945 quum
601 2898 715 2947 longe
747 2899 971 2935 concinnior
1007 2901 1054 2936 sit
1098 2902 1309 2939 enuntiatio
1326 2931 1335 2948 ,
1374 2904 1405 2939 si

351 2956 498 3006 priores
507 2963 647 3005 septem
660 2969 789 2993 versus
803 2958 966 3006 primam
980 2959 1184 3007 periodum
1200 2973 1278 2998 esse
1295 2963 1402 3008 velis,

352 3014 449 3053 hanc
474 3015 631 3052 alteram
658 3028 814 3064 quoque
841 3017 1028 3054 rationem
1061 3020 1289 3066 Karstenius,
1318 3023 1407 3059 licet

355 3075 588 3121 dubitanter,
605 3076 801 3124 probavit.
820 3077 886 3113 Ait
901 3078 1002 3113 enim
1017 3085 1098 3114 tum
1108 3079 1238 3116 locum
1251 3082 1292 3117 in
1304 3082 1406 3119 hunc

353 3133 513 3170 modum
532 3134 603 3170 sibi
623 3134 904 3171 emendandum
917 3136 1041 3173 videri
1061 3149 1069 3174 :

435 3218 559 3267 ἵπποι,
579 3218 638 3257 ταί
658 3236 701 3269 με
722 3220 895 3275 φέρουσιν,
916 3220 995 3259 ὅσον
1014 3223 1045 3260 τ’
1068 3223 1124 3273 ἐπὶ
1143 3224 1247 3276 θυμὸς
1265 3226 1368 3275 ἷκοὶνη

435 3277 628 3328 πέμπουσ’,
649 3279 723 3317 ἐπεί
743 3280 782 3330 μ’
803 3281 837 3324 ἐς
858 3279 936 3318 ὁδὸν
962 3282 1074 3332 βῆσαν
1102 3312 1112 3322 .
1133 3313 1141 3322 .
1159 3313 1169 3323 .
1194 3313 1202 3321 .
1229 3313 1238 3323 .
1263 3314 1271 3323 .
1298 3314 1307 3323 .
1352 3271 1359 3279 ⁵

435 3339 479 3389 τῇ
503 3335 658 3390 φερόμην
678 3354 714 3378 κ.
734 3355 768 3379 τ.
787 3339 824 3379 λ.

357 3427 432 3464 Sed
445 3428 525 3464 haec
540 3428 755 3466 emendatio
775 3443 899 3479 neque
918 3433 1128 3469 necessaria
1147 3440 1214 3479 est,
1227 3441 1264 3470 et
1283 3443 1407 3473 metro

351 3495 552 3536 repugnat.
587 3489 776 3537 Equidem
816 3491 911 3526 nihil
947 3491 1175 3529 mutandum
1203 3494 1382 3531 existimo
1396 3524 1406 3542 ,

349 3547 557 3594 praesertim
588 3559 706 3596 quum
732 3549 959 3598 nesciamus,
978 3551 1074 3588 sitne
1105 3552 1294 3602 integrum
1327 3554 1404 3592 hoc

1669 338 2304 424 PARMENIDIS

1529 513 1951 574 CARMINUM
2003 514 2445 585 RELIQmAE.

1830 773 2155 813 PROOEMlUM.

1458 872 1537 914 Equi
1553 872 1674 914 quibus
1696 873 1805 913 vehor,
1824 874 1857 905 et
1873 872 1928 914 qui
1946 881 2011 913 quo
2026 872 2124 904 animi
2140 872 2279 913 impetus
2297 873 2448 915 serretur,

1455 940 1508 964 me
1523 930 1748 972 deduxerunt,
1766 935 1940 974 postquam
1956 931 1988 963 in
2005 931 2166 965 celebrem
2185 940 2240 965 me
2255 934 2416 967 vexemnt
2435 932 2525 967 viam

1454 994 1532 1025 Dein
1547 1001 1623 1033 quoe
1639 992 1707 1034 ipsa
1726 1001 1782 1033 per
1798 994 1907 1024 omnia
1923 991 2013 1024 ducit
2031 991 2164 1024 doctum
2180 991 2308 1033 virum,

1455 1051 1515 1084 hac
1529 1051 1665 1093 ferebar,
1683 1060 1824 1093 namque
1843 1051 1904 1084 hac
1920 1060 1971 1085 me
1987 1051 2134 1085 sollertes
2149 1052 2320 1093 portabant
2338 1051 2414 1094 equi

1454 1120 1585 1144 currum
1602 1113 1752 1152 agentes;
1772 1111 1925 1153 nymphae
1942 1113 2050 1144 autem
2069 1111 2190 1143 itineris
2205 1114 2299 1144 erant
2313 1111 2415 1145 duces

1457 1236 1608 1273 initium
1631 1250 1679 1274 an
1694 1236 1869 1286 quaedam
1887 1235 2166 1274 desiderentur.
2190 1237 2265 1272 Pro
2282 1236 2394 1286 βῆσαν
2411 1247 2523 1274 men-

1459 1294 1551 1332 dose
1562 1295 1650 1332 libri
1664 1296 1839 1332 nonnulli
1855 1296 1982 1343 ζῆσαν,
2001 1295 2214 1344 Stephanus
2228 1296 2269 1332 in
2281 1293 2396 1335 Poes.
2418 1295 2521 1346 phil.

1458 1367 1499 1403 p.
1516 1359 1535 1398 4
1547 1368 1561 1391 ι
1580 1353 1612 1405 γ’
1631 1347 1735 1402 ἦσαν.
1753 1356 1929 1404 Denique
1945 1352 2022 1392 ὁδὸν
2038 1352 2249 1407 πολύφημον
2261 1362 2378 1405 poeta
2391 1355 2526 1407 appel·

1459 1415 1512 1451 lat
1531 1416 1649 1461 viam,
1667 1428 1750 1464 quae
1765 1414 1813 1451 ad
1832 1415 2056 1464 sapientiam
2073 1414 2196 1454 ducit.

1514 1475 1561 1512 V.
1582 1469 1626 1513 ’3.
1647 1473 1833 1525 Δαίμονος)
1855 1476 1912 1511 De
1930 1474 2122 1523 sapientiae
2143 1481 2181 1511 et
2197 1474 2430 1524 cognitionis
2449 1473 2524 1512 dea

1461 1533 1631 1581 quadam
1649 1534 1713 1570 hic
1744 1534 1820 1583 agi,
1844 1532 1950 1581 cujus
1976 1545 2119 1569 nomen
2146 1534 2342 1579 reticetur,
2366 1533 2528 1582 planum

1461 1605 1538 1630 esse
1559 1593 1745 1631 arbitror.
1768 1591 1905 1629 Sextus
1925 1590 1984 1630 τὸν
1999 1590 2189 1645 φιλόσοφον
2203 1589 2306 1642 λόγον
2328 1593 2407 1629 sive
2424 1592 2525 1645 φιλο·

1462 1651 1586 1704 σοφίαν
1609 1666 1686 1690 esse
1705 1654 1849 1702 statuit,
1875 1654 2035 1690 Proclus
2050 1654 2090 1689 in
2109 1654 2235 1689 Parm.
2267 1654 2312 1692 T.
2340 1654 2392 1692 lv
2411 1666 2453 1703 p.
2474 1653 2526 1698 34

1462 1711 1525 1750 ed.
1547 1712 1703 1749 Cousin.
1722 1709 1863 1763 νύμφην
1877 1708 2054 1764 ὖψιπύλην
2065 1719 2195 1748 vocat.
2216 1732 2265 1739 —
2276 1709 2299 1759 ἢ
2312 1709 2406 1749 κατὰ
2419 1710 2530 1750 πάντ’

1464 1768 1552 1816 αὐτὴ
1574 1769 1684 1824 φέρει)
1707 1769 1753 1807 ln
1774 1771 1891 1808 codd.
1921 1771 2061 1821 legitur
2084 1763 2189 1822 vel-Z
2215 1769 2333 1810 πάντα
2364 1769 2462 1824 φέρει
2480 1773 2529 1824 τῇ

1462 1832 1521 1868 vel
1541 1830 1563 1877 ἣ
1585 1829 1678 1868 κατὰ
1693 1829 1798 1870 πάντ’
1818 1829 2002 1883 ἀτηφέρει,
2018 1838 2132 1881 atque
2151 1832 2204 1868 ita
2220 1831 2344 1869 edidit
2356 1830 2526 1883 Stepha-

1461 1903 1532 1927 nus
1551 1892 1591 1927 in
1611 1890 1722 1928 Poesi
1739 1891 1836 1940 phil.
1856 1891 2051 1928 Bckkerus
2067 1891 2235 1940 vulgavit
2255 1889 2279 1938 ἣ
2299 1889 2392 1930 κατὰ
2409 1890 2530 1931 πάντα

1462 1951 1506 1996 τῆ
1528 1948 1639 2003 φέρει.
1667 1949 1743 1987 Sed
1764 1962 1885 2000 quum
1899 1949 2122 1999 hujusmodi
2153 1951 2343 2001 scriptura
2371 1952 2529 1990 tolerari

1462 2017 1641 2059 nequeat,
1675 2010 1882 2046 Boeckhius
1906 2009 2114 2059 legendum
2147 2022 2226 2046 esse
2255 2009 2423 2058 conjecit
2453 2014 2528 2048 πᾶν

1463 2067 1579 2120 πάντῃ
1592 2066 1705 2123 φέρει,
1721 2069 1944 2106 Brandisius
1954 2067 2071 2105 πάντα
2089 2069 2184 2120 σαφῆ
2196 2066 2305 2121 φέρει,
2314 2069 2533 2108 Meinekius

1463 2127 1566 2167 πάντ’
1582 2129 1686 2175 ἀσινῆ
1698 2143 1752 2181 φ.,
1765 2129 1990 2165 Karstenius
1999 2126 2103 2165 πάντ’
2116 2128 2225 2174 ἀδαῆ,
2239 2128 2304 2165 alii
2315 2126 2419 2166 πάντ’
2430 2128 2530 2178 ἇῖδῆ,

1463 2192 1706 2227 Hermannus
1736 2189 1903 2238 denique
1935 2186 1958 2234 ἣ
1985 2187 2045 2225 καὶ
2074 2185 2177 2225 πάντ’
2203 2186 2294 2235 αὐτὴ
2329 2187 2426 2242 φέρει
2450 2190 2528 2228 hoc

1462 2262 1572 2286 sensu
1591 2262 1600 2286 ε
1619 2263 1708 2298 quoe
1724 2250 1857 2286 eadem
1878 2252 2040 2297 quemvis
2051 2251 2258 2297 sapientem
2272 2251 2395 2286 virum
2409 2250 2525 2288 ducit.

1465 2311 1546 2358 Ego
1564 2322 1642 2346 una
1664 2310 1792 2346 littera
1822 2310 1962 2345 inserta
1983 2309 2111 2345 scribo
2132 2307 2156 2355 ἣ
2188 2307 2282 2346 κατὰ
2308 2307 2411 2348 πάντ’
2438 2309 2527 2357 αὐτὴ

1464 2361 1573 2415 φέρει.
1605 2364 1701 2399 Nam
1723 2363 2014 2399 Hermannianae
2042 2363 2305 2411 explicationi,
2328 2377 2404 2412 qua
2424 2362 2529 2403 πάντ’

1463 2436 1538 2472 pro
1576 2423 1758 2472 singulari
1797 2423 2001 2471 accipitur,
2037 2423 2225 2472 imprimis
2261 2423 2388 2461 obstat
2422 2423 2533 2462 Sexti

1465 2484 1686 2528 auctoritas,
1710 2483 1777 2531 qui
1798 2479 1891 2519 κατὰ
1911 2480 2029 2519 πάντα
2050 2479 2147 2533 φέρει
2174 2489 2278 2520 recte
2298 2484 2533 2533 interpreta-

1465 2552 1527 2580 tur
1542 2542 1599 2581 ἐπὶ
1616 2540 1680 2589 τὴν
1702 2541 1870 2581 ἁπάντων
1891 2541 2014 2592 ὁδηγεῖ
2032 2543 2177 2592 γνῶσιν.
2199 2543 2316 2592 Quod
2335 2542 2533 2592 reliquum

1465 2610 1531 2649 est,
1555 2600 1671 2640 εἰδότα
1691 2603 1790 2654 φῶτα
1807 2603 1982 2638 nominat
2003 2602 2129 2638 virum
2147 2603 2214 2651 qui
2228 2605 2401 2651 quamvis
2416 2615 2531 2653 supra

1464 2664 1601 2713 vulgus
1618 2663 1752 2712 sapiat,
1768 2669 1895 2699 tamen
1915 2661 2092 2699 nondum
2114 2662 2288 2711 perfecta
2307 2662 2533 2701 eruditione

1464 2724 1631 2772 repletus
1650 2724 1712 2761 sit.

1520 2786 1564 2821 V.
1590 2788 1628 2828 4.
1668 2779 1909 2833 πολύφραστοι
1938 2778 2058 2830 ἵπποι)
2080 2782 2167 2818 Hoc
2187 2781 2345 2818 nomine
2360 2781 2535 2819 sollertes

1464 2845 1593 2893 potius
1612 2855 1727 2891 quam
1747 2843 1903 2878 multum
1917 2839 2122 2878 celebratos
2141 2848 2180 2877 et
2195 2853 2396 2890 generosos
2411 2854 2535 2890 equos

1466 2901 1713 2940 Parmenides
1724 2913 1876 2937 vocasse
1893 2900 2104 2937 censendus
2117 2907 2185 2938 est.
2200 2899 2414 2950 Ambiguus
2427 2901 2529 2937 enim

1465 2962 1572 2999 vocis
1606 2961 1822 2997 intellectus
1862 2972 1942 2996 non
1981 2960 2106 2996 solum
2140 2967 2303 3009 propter
2334 2959 2532 3008 duplicem

1466 3021 1576 3058 verbi
1606 3018 1747 3071 φράζειν
1777 3025 2022 3068 potestatem,
2054 3018 2122 3056 sed
2141 3019 2253 3055 etiam
2272 3025 2435 3068 propter
2451 3019 2532 3055 vim

1467 3089 1545 3118 tam
1562 3081 1726 3117 activam
1749 3093 1865 3129 quam
1886 3079 2072 3128 passivam
2093 3077 2371 3125 adjectivorum
2389 3077 2527 3115 verba·

1467 3143 1576 3187 lium,
1591 3152 1667 3189 qua
1687 3141 1726 3176 in
1743 3140 1818 3176 hoc
1841 3140 1924 3188 ipso
1945 3137 2066 3174 verbo
2086 3136 2144 3183 fit,
2160 3145 2203 3173 ut
2221 3134 2433 3188 θεόφραστος
2448 3150 2528 3174 non

1468 3202 1588 3250 inagis
1604 3200 1776 3249 designet
1789 3212 1875 3235 eum
1892 3199 1958 3246 qui
1979 3210 2001 3234 a
2021 3197 2095 3234 deo
2111 3197 2234 3234 dictus
2253 3203 2308 3233 est
2325 3209 2440 3244 quam
2461 3198 2531 3246 quir

1471 3254 1640 3296 deorum'
1660 3271 1768 3294 more
1795 3258 1968 3306 loquitur
2000 3257 2059 3292 vel
2081 3256 2207 3292 divina
2229 3255 2412 3304 praeditus
2443 3255 2527 3292 elo-

1471 3320 1627 3369 quentia
1649 3325 1718 3357 est.
1746 3318 1935 3365 Quocirca
1970 3314 2214 3367 πολύφραστος
2246 3328 2335 3351 cum
2374 3312 2527 3351 Karste-

1471 3380 1537 3414 nio
1551 3378 1652 3415 idem
1666 3378 1727 3414 hic
1741 3377 1866 3413 valere
1879 3384 1975 3426 puto
1992 3375 2096 3424 quod
2112 3371 2357 3426 πολυφραδής.
2379 3374 2533 3411 Etenim

1471 3450 1660 3487 equorum
1678 3437 1845 3474 sollertia
1868 3437 1908 3471 i·n
1929 3448 1975 3471 eo
1996 3435 2166 3471 cernitur
2186 3433 2293 3483 quod
2311 3439 2466 3482 poetam
2489 3432 2532 3468 in

1470 3498 1640 3534 veritatis
1653 3497 1753 3533 viam
1772 3495 1985 3532 deducunt.

1524 3561 1567 3596 V.
1601 3557 1639 3595 5.
1678 3559 1803 3608 κοῦραι
1834 3552 1865 3591 δ’
1885 3553 1962 3592 ὁδὸν
1985 3551 2209 3605 ἡγεμόνευον)
2244 3560 2387 3602 hxigua
2422 3551 2485 3588 hic
2505 3562 2530 3587 a
