<?xml version="1.0" encoding="UTF-8"?>
<!DOCTYPE html PUBLIC "-//W3C//DTD XHTML 1.0 Transitional//EN"
    "http://www.w3.org/TR/xhtml1/DTD/xhtml1-transitional.dtd">
<html xmlns="http://www.w3.org/1999/xhtml" xml:lang="en" lang="en">
 <head>
  <title>
</title>
<meta http-equiv="Content-Type" content="text/html;charset=utf-8" />
  <meta name='ocr-system' content='tesseract 3.04.00' />
  <meta name='ocr-capabilities' content='ocr_page ocr_carea ocr_par ocr_line ocrx_word'/>
</head>
<body>
  <div class='ocr_page' id='page_1' title='image "./fragmentaphiloso01mulluoft_0063.png"; bbox 0 0 2612 3814; ppageno 0'>
   <div class='ocr_carea' id='block_1_1' title="bbox 0 0 43 3814">
    <p class='ocr_par' dir='ltr' id='par_1_1' title="bbox 0 0 43 3814">
     <span class='ocr_line' id='line_1_1' title="bbox 0 0 43 3814; baseline 0 0"><span class='ocrx_word' id='word_1_1' title='bbox 0 0 43 3814; x_wconf 95' lang='lat' dir='ltr'><strong> </strong></span> 
     </span>
    </p>
   </div>
   <div class='ocr_carea' id='block_1_2' title="bbox 701 295 2326 347">
    <p class='ocr_par' dir='ltr' id='par_1_2' title="bbox 701 295 2326 347">
     <span class='ocr_line' id='line_1_2' title="bbox 701 295 2326 347; baseline 0.006 -12"><span class='ocrx_word' id='word_1_2' title='bbox 701 295 756 335; x_wconf 81' lang='grc' dir='ltr'><strong>ΙΝ</strong></span> <span class='ocrx_word' id='word_1_3' title='bbox 788 295 1118 336; x_wconf 82' lang='lat' dir='ltr'><strong>EMPEDOCLlS</strong></span> <span class='ocrx_word' id='word_1_4' title='bbox 1148 295 1436 337; x_wconf 81' lang='lat' dir='ltr'><strong>CARMlNUM</strong></span> <span class='ocrx_word' id='word_1_5' title='bbox 1468 298 1763 347; x_wconf 77' lang='lat' dir='ltr'><strong>RELIQUIAS.</strong></span> <span class='ocrx_word' id='word_1_6' title='bbox 2275 312 2326 345; x_wconf 85' lang='lat'><strong>23</strong></span> 
     </span>
    </p>
   </div>
   <div class='ocr_carea' id='block_1_3' title="bbox 137 377 2330 434">
    <p class='ocr_par' dir='ltr' id='par_1_3' title="bbox 137 377 2330 434">
     <span class='ocr_line' id='line_1_3' title="bbox 137 377 2330 434; baseline 0.005 -19"><span class='ocrx_word' id='word_1_7' title='bbox 137 379 521 419; x_wconf 71' lang='lat' dir='ltr'><strong>‹e.1nu1timoversu</strong></span> <span class='ocrx_word' id='word_1_8' title='bbox 535 378 964 417; x_wconf 88' lang='lat' dir='ltr'><strong>aliicodicesexhibent</strong></span> <span class='ocrx_word' id='word_1_9' title='bbox 977 377 1201 431; x_wconf 65' lang='grc' dir='ltr'>Φορύη,31ἰὶ</span> <span class='ocrx_word' id='word_1_10' title='bbox 1234 410 1240 427; x_wconf 86' lang='grc'>,</span> <span class='ocrx_word' id='word_1_11' title='bbox 1268 378 1447 433; x_wconf 74' lang='grc' dir='ltr'>Ὀμφαίῃ,</span> <span class='ocrx_word' id='word_1_12' title='bbox 1470 381 1498 421; x_wconf 92' lang='lat' dir='ltr'><strong>i.</strong></span> <span class='ocrx_word' id='word_1_13' title='bbox 1531 393 1565 421; x_wconf 90' lang='lat' dir='ltr'><strong>e.</strong></span> <span class='ocrx_word' id='word_1_14' title='bbox 1598 383 1686 419; x_wconf 89' lang='lat' dir='ltr'><strong>voci</strong></span> <span class='ocrx_word' id='word_1_15' title='bbox 1715 382 1828 420; x_wconf 80' lang='lat' dir='ltr'><strong>clarae</strong></span> <span class='ocrx_word' id='word_1_16' title='bbox 1851 391 1890 420; x_wconf 90' lang='lat' dir='ltr'><strong>et</strong></span> <span class='ocrx_word' id='word_1_17' title='bbox 1915 384 2029 434; x_wconf 85' lang='lat' dir='ltr'><strong>quasi</strong></span> <span class='ocrx_word' id='word_1_18' title='bbox 2056 384 2235 423; x_wconf 77' lang='lat' dir='ltr'>fatidicae.</span> <span class='ocrx_word' id='word_1_19' title='bbox 2255 387 2330 426; x_wconf 84' lang='lat' dir='ltr'><strong>Cui</strong></span> 
     </span>
    </p>
   </div>
   <div class='ocr_carea' id='block_1_4' title="bbox 134 437 1202 609">
    <p class='ocr_par' dir='ltr' id='par_1_4' title="bbox 134 437 1202 609">
     <span class='ocr_line' id='line_1_4' title="bbox 137 437 1202 492; baseline 0.001 -15"><span class='ocrx_word' id='word_1_20' title='bbox 137 437 274 491; x_wconf 83' lang='grc' dir='ltr'>Φορίη,</span> <span class='ocrx_word' id='word_1_21' title='bbox 303 438 445 477; x_wconf 90' lang='lat' dir='ltr'><strong>deinde</strong></span> <span class='ocrx_word' id='word_1_22' title='bbox 477 451 612 477; x_wconf 89' lang='lat' dir='ltr'><strong>omnes</strong></span> <span class='ocrx_word' id='word_1_23' title='bbox 646 438 727 476; x_wconf 86' lang='lat' dir='ltr'><strong>fere</strong></span> <span class='ocrx_word' id='word_1_24' title='bbox 758 437 855 477; x_wconf 80' lang='lat' dir='ltr'>libri</span> <span class='ocrx_word' id='word_1_25' title='bbox 884 438 1061 490; x_wconf 83' lang='lat' dir='ltr'><strong>praebent</strong></span> <span class='ocrx_word' id='word_1_26' title='bbox 1087 438 1202 492; x_wconf 86' lang='grc' dir='ltr'>σόφη,</span> 
     </span>
     <span class='ocr_line' id='line_1_5' title="bbox 134 497 1202 551; baseline 0.002 -16"><span class='ocrx_word' id='word_1_27' title='bbox 134 505 302 549; x_wconf 73' lang='lat' dir='ltr'><strong>excepto</strong></span> <span class='ocrx_word' id='word_1_28' title='bbox 322 497 409 536; x_wconf 91' lang='lat' dir='ltr'><strong>cod.</strong></span> <span class='ocrx_word' id='word_1_29' title='bbox 427 497 552 545; x_wconf 69' lang='lat' dir='ltr'><strong>Flor„</strong></span> <span class='ocrx_word' id='word_1_30' title='bbox 570 498 612 535; x_wconf 91' lang='lat' dir='ltr'><strong>in</strong></span> <span class='ocrx_word' id='word_1_31' title='bbox 634 511 713 548; x_wconf 93' lang='lat' dir='ltr'><strong>quo</strong></span> <span class='ocrx_word' id='word_1_32' title='bbox 736 498 933 550; x_wconf 88' lang='lat' dir='ltr'><strong>reperitur</strong></span> <span class='ocrx_word' id='word_1_33' title='bbox 952 497 1072 551; x_wconf 81' lang='grc' dir='ltr'>σοφίη.</span> <span class='ocrx_word' id='word_1_34' title='bbox 1099 499 1202 537; x_wconf 82' lang='grc' dir='ltr'><strong>Ηίηο</strong></span> 
     </span>
     <span class='ocr_line' id='line_1_6' title="bbox 137 556 518 609; baseline 0.005 -15"><span class='ocrx_word' id='word_1_35' title='bbox 137 556 316 597; x_wconf 88' lang='lat' dir='ltr'><strong>Sturzius</strong></span> <span class='ocrx_word' id='word_1_36' title='bbox 332 557 491 609; x_wconf 83' lang='lat' dir='ltr'>scripsit</span> <span class='ocrx_word' id='word_1_37' title='bbox 508 572 518 596; x_wconf 68' lang='grc' dir='ltr'><strong><em>ι</em></strong></span> 
     </span>
    </p>
   </div>
   <div class='ocr_carea' id='block_1_5' title="bbox 195 649 1148 763">
    <p class='ocr_par' dir='ltr' id='par_1_5' title="bbox 195 649 1148 763">
     <span class='ocr_line' id='line_1_7' title="bbox 195 649 1148 704; baseline -0.001 -14"><span class='ocrx_word' id='word_1_38' title='bbox 195 649 319 690; x_wconf 85' lang='grc' dir='ltr'>Καινώ</span> <span class='ocrx_word' id='word_1_39' title='bbox 336 651 366 688; x_wconf 86' lang='grc' dir='ltr'><strong>τ’</strong></span> <span class='ocrx_word' id='word_1_40' title='bbox 384 650 568 703; x_wconf 76' lang='grc' dir='ltr'>ἀστεμφής</span> <span class='ocrx_word' id='word_1_41' title='bbox 580 665 618 688; x_wconf 90' lang='grc' dir='ltr'><strong>τε</strong></span> <span class='ocrx_word' id='word_1_42' title='bbox 631 649 895 704; x_wconf 74' lang='grc' dir='ltr'>πολυστέφανός</span> <span class='ocrx_word' id='word_1_43' title='bbox 908 665 944 689; x_wconf 88' lang='grc' dir='ltr'><strong>τε</strong></span> <span class='ocrx_word' id='word_1_44' title='bbox 961 649 1148 703; x_wconf 75' lang='grc' dir='ltr'>Μεγιστώ,</span> 
     </span>
     <span class='ocr_line' id='line_1_8' title="bbox 195 708 869 763; baseline -0.001 -15"><span class='ocrx_word' id='word_1_45' title='bbox 195 708 254 748; x_wconf 83' lang='grc' dir='ltr'><strong>καὶ</strong></span> <span class='ocrx_word' id='word_1_46' title='bbox 275 708 393 760; x_wconf 87' lang='grc' dir='ltr'>Φορίη</span> <span class='ocrx_word' id='word_1_47' title='bbox 414 709 529 763; x_wconf 84' lang='grc' dir='ltr'>Σοφίη</span> <span class='ocrx_word' id='word_1_48' title='bbox 548 724 585 747; x_wconf 77' lang='grc' dir='ltr'><strong>τε</strong></span> <span class='ocrx_word' id='word_1_49' title='bbox 600 708 661 748; x_wconf 75' lang='grc' dir='ltr'><strong>καὶ</strong></span> <span class='ocrx_word' id='word_1_50' title='bbox 683 708 869 763; x_wconf 77' lang='grc' dir='ltr'>Ὀμφαίη,</span> 
     </span>
    </p>
   </div>
   <div class='ocr_carea' id='block_1_6' title="bbox 131 801 1202 1271">
    <p class='ocr_par' dir='ltr' id='par_1_6' title="bbox 131 801 1202 1271">
     <span class='ocr_line' id='line_1_9' title="bbox 134 801 1202 856; baseline -0.001 -14"><span class='ocrx_word' id='word_1_51' title='bbox 134 816 225 855; x_wconf 86' lang='lat' dir='ltr'><strong>quae</strong></span> <span class='ocrx_word' id='word_1_52' title='bbox 243 803 300 842; x_wconf 91' lang='lat' dir='ltr'><strong>sic</strong></span> <span class='ocrx_word' id='word_1_53' title='bbox 322 803 603 855; x_wconf 80' lang='lat' dir='ltr'><strong>interpretatur</strong></span> <span class='ocrx_word' id='word_1_54' title='bbox 628 816 636 840; x_wconf 92' lang='lat'><strong>:</strong></span> <span class='ocrx_word' id='word_1_55' title='bbox 662 801 786 842; x_wconf 86' lang='grc' dir='ltr'>Καινὼ</span> <span class='ocrx_word' id='word_1_56' title='bbox 804 801 1002 856; x_wconf 75' lang='grc' dir='ltr'>ἀστεμφής,</span> <span class='ocrx_word' id='word_1_57' title='bbox 1020 805 1202 841; x_wconf 72' lang='lat' dir='ltr'><strong>lavemus</strong></span> 
     </span>
     <span class='ocr_line' id='line_1_10' title="bbox 136 862 1202 915; baseline 0.001 -14"><span class='ocrx_word' id='word_1_58' title='bbox 136 868 325 911; x_wconf 78' lang='lat' dir='ltr'><strong>interrita,</strong></span> <span class='ocrx_word' id='word_1_59' title='bbox 343 863 511 907; x_wconf 78' lang='lat' dir='ltr'><strong>robusta,</strong></span> <span class='ocrx_word' id='word_1_60' title='bbox 531 876 623 915; x_wconf 90' lang='lat' dir='ltr'><strong>opp.</strong></span> <span class='ocrx_word' id='word_1_61' title='bbox 641 863 789 904; x_wconf 85' lang='grc' dir='ltr'>πολυστ.</span> <span class='ocrx_word' id='word_1_62' title='bbox 805 862 974 915; x_wconf 86' lang='grc' dir='ltr'>Μεγιστώ</span> <span class='ocrx_word' id='word_1_63' title='bbox 986 893 996 911; x_wconf 91' lang='grc'><em>,</em></span> <span class='ocrx_word' id='word_1_64' title='bbox 1011 863 1202 902; x_wconf 87' lang='lat' dir='ltr'><strong>honorata</strong></span> 
     </span>
     <span class='ocr_line' id='line_1_11' title="bbox 131 922 1200 975; baseline 0 -14"><span class='ocrx_word' id='word_1_65' title='bbox 131 922 334 962; x_wconf 85' lang='lat' dir='ltr'><strong>Senectus.</strong></span> <span class='ocrx_word' id='word_1_66' title='bbox 358 923 477 975; x_wconf 86' lang='grc' dir='ltr'>Φορίη</span> <span class='ocrx_word' id='word_1_67' title='bbox 493 923 610 975; x_wconf 85' lang='grc' dir='ltr'>Σοφίη</span> <span class='ocrx_word' id='word_1_68' title='bbox 630 938 684 970; x_wconf 87' lang='grc' dir='ltr'><strong>τε,</strong></span> <span class='ocrx_word' id='word_1_69' title='bbox 708 926 914 961; x_wconf 78' lang='lat' dir='ltr'><strong>Temeritas</strong></span> <span class='ocrx_word' id='word_1_70' title='bbox 933 931 971 961; x_wconf 87' lang='lat' dir='ltr'><strong>et</strong></span> <span class='ocrx_word' id='word_1_71' title='bbox 988 923 1200 973; x_wconf 78' lang='lat' dir='ltr'><strong>Sapienticz.</strong></span> 
     </span>
     <span class='ocr_line' id='line_1_12' title="bbox 140 980 1198 1034; baseline 0 -13"><span class='ocrx_word' id='word_1_72' title='bbox 140 980 320 1034; x_wconf 80' lang='grc' dir='ltr'>Ὀμφαίη,</span> <span class='ocrx_word' id='word_1_73' title='bbox 335 984 436 1030; x_wconf 72' lang='lat' dir='ltr'><strong>Vox,</strong></span> <span class='ocrx_word' id='word_1_74' title='bbox 448 982 511 1020; x_wconf 90' lang='lat' dir='ltr'><strong>cui</strong></span> <span class='ocrx_word' id='word_1_75' title='bbox 530 982 757 1034; x_wconf 88' lang='lat' dir='ltr'><strong>oppositum</strong></span> <span class='ocrx_word' id='word_1_76' title='bbox 774 982 893 1020; x_wconf 79' lang='lat' dir='ltr'><strong>fuisse</strong></span> <span class='ocrx_word' id='word_1_77' title='bbox 906 990 1017 1034; x_wconf 84' lang='lat' dir='ltr'><strong>putat</strong></span> <span class='ocrx_word' id='word_1_78' title='bbox 1031 982 1124 1033; x_wconf 81' lang='grc' dir='ltr'>Σιγή</span> <span class='ocrx_word' id='word_1_79' title='bbox 1143 998 1198 1030; x_wconf 87' lang='grc' dir='ltr'><strong>τε,</strong></span> 
     </span>
     <span class='ocr_line' id='line_1_13' title="bbox 136 1039 1200 1092; baseline 0.002 -14"><span class='ocrx_word' id='word_1_80' title='bbox 136 1043 355 1079; x_wconf 79' lang='lat' dir='ltr'><strong>Silentium.</strong></span> <span class='ocrx_word' id='word_1_81' title='bbox 375 1041 425 1078; x_wconf 85' lang='lat' dir='ltr'><strong>At</strong></span> <span class='ocrx_word' id='word_1_82' title='bbox 439 1054 566 1091; x_wconf 91' lang='lat' dir='ltr'><strong>neque</strong></span> <span class='ocrx_word' id='word_1_83' title='bbox 587 1039 709 1079; x_wconf 87' lang='grc' dir='ltr'>Καινώ</span> <span class='ocrx_word' id='word_1_84' title='bbox 737 1040 931 1079; x_wconf 85' lang='lat' dir='ltr'><strong>Juventus</strong></span> <span class='ocrx_word' id='word_1_85' title='bbox 963 1049 1043 1089; x_wconf 89' lang='lat' dir='ltr'><strong>est,</strong></span> <span class='ocrx_word' id='word_1_86' title='bbox 1078 1055 1200 1092; x_wconf 86' lang='lat' dir='ltr'><strong>quum</strong></span> 
     </span>
     <span class='ocr_line' id='line_1_14' title="bbox 136 1099 1197 1152; baseline 0.001 -13"><span class='ocrx_word' id='word_1_87' title='bbox 136 1101 352 1139; x_wconf 85' lang='lat' dir='ltr'><strong>novitatem</strong></span> <span class='ocrx_word' id='word_1_88' title='bbox 381 1101 600 1150; x_wconf 83' lang='lat' dir='ltr'><strong>significet,</strong></span> <span class='ocrx_word' id='word_1_89' title='bbox 636 1113 763 1151; x_wconf 91' lang='lat' dir='ltr'><strong>neque</strong></span> <span class='ocrx_word' id='word_1_90' title='bbox 796 1099 969 1152; x_wconf 72' lang='grc' dir='ltr'>Μέγιστώ</span> <span class='ocrx_word' id='word_1_91' title='bbox 988 1100 1197 1152; x_wconf 86' lang='lat' dir='ltr'><strong>Senectus,</strong></span> 
     </span>
     <span class='ocr_line' id='line_1_15' title="bbox 135 1159 1201 1212; baseline 0 -14"><span class='ocrx_word' id='word_1_92' title='bbox 135 1173 257 1211; x_wconf 88' lang='lat' dir='ltr'><strong>quum</strong></span> <span class='ocrx_word' id='word_1_93' title='bbox 279 1159 328 1198; x_wconf 93' lang='lat' dir='ltr'><strong>de</strong></span> <span class='ocrx_word' id='word_1_94' title='bbox 344 1159 543 1210; x_wconf 86' lang='lat' dir='ltr'><strong>Majestate</strong></span> <span class='ocrx_word' id='word_1_95' title='bbox 559 1159 686 1211; x_wconf 86' lang='lat' dir='ltr'>accipi</span> <span class='ocrx_word' id='word_1_96' title='bbox 707 1168 898 1210; x_wconf 85' lang='lat' dir='ltr'><strong>oporteat.</strong></span> <span class='ocrx_word' id='word_1_97' title='bbox 917 1159 1084 1212; x_wconf 82' lang='lat' dir='ltr'><strong>Reliqua</strong></span> <span class='ocrx_word' id='word_1_98' title='bbox 1098 1161 1201 1199; x_wconf 86' lang='lat' dir='ltr'><strong>infra</strong></span> 
     </span>
     <span class='ocr_line' id='line_1_16' title="bbox 135 1218 786 1271; baseline -0.002 -14"><span class='ocrx_word' id='word_1_99' title='bbox 135 1218 356 1271; x_wconf 85' lang='lat' dir='ltr'><strong>expediam.</strong></span> <span class='ocrx_word' id='word_1_100' title='bbox 380 1218 610 1256; x_wconf 86' lang='lat' dir='ltr'><strong>Karstenius</strong></span> <span class='ocrx_word' id='word_1_101' title='bbox 630 1218 761 1270; x_wconf 84' lang='lat' dir='ltr'><strong>posuit</strong></span> <span class='ocrx_word' id='word_1_102' title='bbox 778 1232 786 1256; x_wconf 93' lang='lat'>:</span> 
     </span>
    </p>
   </div>
   <div class='ocr_carea' id='block_1_7' title="bbox 190 1310 1119 1486">
    <p class='ocr_par' dir='ltr' id='par_1_7' title="bbox 190 1310 1119 1486">
     <span class='ocr_line' id='line_1_17' title="bbox 190 1310 1096 1367; baseline 0.001 -17"><span class='ocrx_word' id='word_1_103' title='bbox 190 1310 308 1351; x_wconf 86' lang='grc' dir='ltr'>Φυσώ</span> <span class='ocrx_word' id='word_1_104' title='bbox 327 1326 365 1350; x_wconf 84' lang='grc' dir='ltr'><strong>τε</strong></span> <span class='ocrx_word' id='word_1_105' title='bbox 381 1310 547 1362; x_wconf 83' lang='grc' dir='ltr'>Φθιμένη</span> <span class='ocrx_word' id='word_1_106' title='bbox 562 1326 598 1350; x_wconf 88' lang='grc' dir='ltr'><strong>τε</strong></span> <span class='ocrx_word' id='word_1_107' title='bbox 619 1310 680 1350; x_wconf 84' lang='grc' dir='ltr'><strong>καὶ</strong></span> <span class='ocrx_word' id='word_1_108' title='bbox 699 1311 833 1361; x_wconf 81' lang='grc' dir='ltr'>Εὖναίη</span> <span class='ocrx_word' id='word_1_109' title='bbox 848 1311 909 1351; x_wconf 89' lang='grc' dir='ltr'><strong>καὶ</strong></span> <span class='ocrx_word' id='word_1_110' title='bbox 929 1310 1096 1367; x_wconf 80' lang='grc' dir='ltr'>Ἔγερσις</span> 
     </span>
     <span class='ocr_line' id='line_1_18' title="bbox 193 1369 1119 1425; baseline 0 -15"><span class='ocrx_word' id='word_1_111' title='bbox 193 1369 288 1410; x_wconf 81' lang='grc' dir='ltr'>Κινώ</span> <span class='ocrx_word' id='word_1_112' title='bbox 302 1370 335 1408; x_wconf 86' lang='grc' dir='ltr'><strong>τ’</strong></span> <span class='ocrx_word' id='word_1_113' title='bbox 349 1370 528 1425; x_wconf 84' lang='grc' dir='ltr'>Ἀστέμφη</span> <span class='ocrx_word' id='word_1_114' title='bbox 544 1386 582 1409; x_wconf 84' lang='grc' dir='ltr'><strong>τε</strong></span> <span class='ocrx_word' id='word_1_115' title='bbox 592 1399 603 1419; x_wconf 88' lang='grc'><em>,</em></span> <span class='ocrx_word' id='word_1_116' title='bbox 619 1370 882 1424; x_wconf 78' lang='grc' dir='ltr'>πολυστέφανός</span> <span class='ocrx_word' id='word_1_117' title='bbox 895 1387 933 1410; x_wconf 88' lang='grc' dir='ltr'><strong>τε</strong></span> <span class='ocrx_word' id='word_1_118' title='bbox 948 1371 1119 1424; x_wconf 73' lang='grc' dir='ltr'>Μεγιστὼ</span> 
     </span>
     <span class='ocr_line' id='line_1_19' title="bbox 191 1429 903 1486; baseline 0.004 -17"><span class='ocrx_word' id='word_1_119' title='bbox 191 1429 251 1469; x_wconf 79' lang='grc' dir='ltr'><strong>καὶ</strong></span> <span class='ocrx_word' id='word_1_120' title='bbox 267 1429 413 1483; x_wconf 62' lang='grc' dir='ltr'>Φορύη,</span> <span class='ocrx_word' id='word_1_121' title='bbox 432 1430 562 1486; x_wconf 79' lang='grc' dir='ltr'>Σόμφη</span> <span class='ocrx_word' id='word_1_122' title='bbox 583 1447 620 1469; x_wconf 88' lang='grc' dir='ltr'><strong>τε</strong></span> <span class='ocrx_word' id='word_1_123' title='bbox 642 1430 702 1470; x_wconf 68' lang='grc' dir='ltr'><strong>καὶ</strong></span> <span class='ocrx_word' id='word_1_124' title='bbox 723 1430 903 1484; x_wconf 79' lang='grc' dir='ltr'>Ὀμφαίη.</span> 
     </span>
    </p>
   </div>
   <div class='ocr_carea' id='block_1_8' title="bbox 130 1517 1203 3597">
    <p class='ocr_par' dir='ltr' id='par_1_8' title="bbox 130 1517 763 1564">
     <span class='ocr_line' id='line_1_20' title="bbox 130 1517 763 1564; baseline 0.003 -8"><span class='ocrx_word' id='word_1_125' title='bbox 130 1518 230 1564; x_wconf 81' lang='lat' dir='ltr'><strong>Quae</strong></span> <span class='ocrx_word' id='word_1_126' title='bbox 250 1518 292 1557; x_wconf 91' lang='lat' dir='ltr'><strong>in</strong></span> <span class='ocrx_word' id='word_1_127' title='bbox 312 1517 417 1557; x_wconf 90' lang='lat' dir='ltr'><strong>hunc</strong></span> <span class='ocrx_word' id='word_1_128' title='bbox 434 1519 594 1558; x_wconf 91' lang='lat' dir='ltr'><strong>modum</strong></span> <span class='ocrx_word' id='word_1_129' title='bbox 613 1519 735 1558; x_wconf 88' lang='lat' dir='ltr'><strong>vertit</strong></span> <span class='ocrx_word' id='word_1_130' title='bbox 755 1534 763 1557; x_wconf 74' lang='grc' dir='ltr'><strong>ε</strong></span> 
     </span>
    </p>

    <p class='ocr_par' dir='ltr' id='par_1_9' title="bbox 133 1577 1203 3597">
     <span class='ocr_line' id='line_1_21' title="bbox 134 1577 1201 1632; baseline 0.004 -17"><span class='ocrx_word' id='word_1_131' title='bbox 134 1577 319 1616; x_wconf 62' lang='grc' dir='ltr'><strong>’ὓθηίῑνίκ</strong></span> <span class='ocrx_word' id='word_1_132' title='bbox 349 1577 495 1617; x_wconf 89' lang='lat' dir='ltr'><strong>Natura</strong></span> <span class='ocrx_word' id='word_1_133' title='bbox 527 1582 765 1630; x_wconf 86' lang='lat' dir='ltr'><strong>Letumque,</strong></span> <span class='ocrx_word' id='word_1_134' title='bbox 796 1588 834 1617; x_wconf 90' lang='lat' dir='ltr'><strong>et</strong></span> <span class='ocrx_word' id='word_1_135' title='bbox 864 1578 993 1631; x_wconf 89' lang='lat' dir='ltr'><strong>Sopor</strong></span> <span class='ocrx_word' id='word_1_136' title='bbox 1019 1579 1201 1632; x_wconf 86' lang='lat' dir='ltr'><strong>Curaque</strong></span> 
     </span>
     <span class='ocr_line' id='line_1_22' title="bbox 137 1636 1201 1692; baseline 0.005 -18"><span class='ocrx_word' id='word_1_137' title='bbox 137 1636 260 1687; x_wconf 81' lang='lat' dir='ltr'><strong>vigil,</strong></span> <span class='ocrx_word' id='word_1_138' title='bbox 280 1636 401 1687; x_wconf 83' lang='lat' dir='ltr'><strong>Vigor</strong></span> <span class='ocrx_word' id='word_1_139' title='bbox 420 1646 536 1689; x_wconf 86' lang='lat' dir='ltr'><strong>atque</strong></span> <span class='ocrx_word' id='word_1_140' title='bbox 552 1637 586 1675; x_wconf 85' lang='lat' dir='ltr'>T</span> <span class='ocrx_word' id='word_1_141' title='bbox 589 1652 723 1690; x_wconf 89' lang='lat' dir='ltr'><strong>orpor‚</strong></span> <span class='ocrx_word' id='word_1_142' title='bbox 744 1647 782 1677; x_wconf 93' lang='lat' dir='ltr'><strong>et</strong></span> <span class='ocrx_word' id='word_1_143' title='bbox 801 1638 992 1678; x_wconf 89' lang='lat' dir='ltr'><strong>honorata</strong></span> <span class='ocrx_word' id='word_1_144' title='bbox 1016 1640 1201 1692; x_wconf 85' lang='lat' dir='ltr'><strong>Majestas</strong></span> 
     </span>
     <span class='ocr_line' id='line_1_23' title="bbox 136 1696 1202 1752; baseline 0.005 -18"><span class='ocrx_word' id='word_1_145' title='bbox 136 1709 185 1734; x_wconf 86' lang='lat' dir='ltr'><strong>ac</strong></span> <span class='ocrx_word' id='word_1_146' title='bbox 203 1696 385 1748; x_wconf 85' lang='lat' dir='ltr'><strong>Squalor,</strong></span> <span class='ocrx_word' id='word_1_147' title='bbox 403 1706 441 1735; x_wconf 87' lang='lat' dir='ltr'><strong>et</strong></span> <span class='ocrx_word' id='word_1_148' title='bbox 455 1697 541 1736; x_wconf 87' lang='lat' dir='ltr'><strong>Vox</strong></span> <span class='ocrx_word' id='word_1_149' title='bbox 560 1698 768 1737; x_wconf 88' lang='lat' dir='ltr'><strong>raucisona</strong></span> <span class='ocrx_word' id='word_1_150' title='bbox 786 1698 1081 1752; x_wconf 88' lang='lat' dir='ltr'><strong>Eloquiumque</strong></span> <span class='ocrx_word' id='word_1_151' title='bbox 1100 1701 1202 1740; x_wconf 86' lang='lat' dir='ltr'><strong>divi·</strong></span> 
     </span>
     <span class='ocr_line' id='line_1_24' title="bbox 143 1755 1201 1811; baseline 0.007 -19"><span class='ocrx_word' id='word_1_152' title='bbox 143 1768 252 1794; x_wconf 85' lang='lat' dir='ltr'><strong>num.</strong></span> <span class='ocrx_word' id='word_1_153' title='bbox 286 1755 439 1794; x_wconf 88' lang='lat' dir='ltr'><strong>Etenim</strong></span> <span class='ocrx_word' id='word_1_154' title='bbox 472 1765 575 1794; x_wconf 89' lang='lat' dir='ltr'><strong>recte</strong></span> <span class='ocrx_word' id='word_1_155' title='bbox 595 1756 752 1795; x_wconf 88' lang='lat' dir='ltr'><strong>viderat</strong></span> <span class='ocrx_word' id='word_1_156' title='bbox 775 1756 958 1811; x_wconf 76' lang='grc' dir='ltr'>ἀστεμφής</span> <span class='ocrx_word' id='word_1_157' title='bbox 986 1760 1201 1810; x_wconf 87' lang='lat' dir='ltr'><strong>quominus</strong></span> 
     </span>
     <span class='ocr_line' id='line_1_25' title="bbox 136 1814 1201 1867; baseline 0.006 -15"><span class='ocrx_word' id='word_1_158' title='bbox 136 1823 324 1866; x_wconf 75' lang='lat' dir='ltr'><strong>tanquam</strong></span> <span class='ocrx_word' id='word_1_159' title='bbox 343 1814 580 1866; x_wconf 85' lang='lat' dir='ltr'><strong>adjectivum</strong></span> <span class='ocrx_word' id='word_1_160' title='bbox 603 1815 650 1853; x_wconf 93' lang='lat' dir='ltr'><strong>ad</strong></span> <span class='ocrx_word' id='word_1_161' title='bbox 668 1816 890 1867; x_wconf 87' lang='lat' dir='ltr'><strong>praecedens</strong></span> <span class='ocrx_word' id='word_1_162' title='bbox 909 1831 1051 1856; x_wconf 90' lang='lat' dir='ltr'><strong>nomen</strong></span> <span class='ocrx_word' id='word_1_163' title='bbox 1072 1820 1201 1858; x_wconf 85' lang='lat' dir='ltr'><strong>r&#39;efer-</strong></span> 
     </span>
     <span class='ocr_line' id='line_1_26' title="bbox 140 1873 1202 1927; baseline 0.007 -16"><span class='ocrx_word' id='word_1_164' title='bbox 140 1882 264 1921; x_wconf 83' lang='lat' dir='ltr'><strong>retur,</strong></span> <span class='ocrx_word' id='word_1_165' title='bbox 275 1873 431 1912; x_wconf 89' lang='lat' dir='ltr'><strong>obstare</strong></span> <span class='ocrx_word' id='word_1_166' title='bbox 442 1875 649 1926; x_wconf 91' lang='lat' dir='ltr'><strong>repetitum</strong></span> <span class='ocrx_word' id='word_1_167' title='bbox 667 1891 721 1923; x_wconf 85' lang='grc' dir='ltr'><strong>τε,</strong></span> <span class='ocrx_word' id='word_1_168' title='bbox 733 1877 839 1927; x_wconf 89' lang='lat' dir='ltr'><strong>quod</strong></span> <span class='ocrx_word' id='word_1_169' title='bbox 855 1877 939 1915; x_wconf 87' lang='lat' dir='ltr'><strong>tolli</strong></span> <span class='ocrx_word' id='word_1_170' title='bbox 955 1891 1035 1916; x_wconf 89' lang='lat' dir='ltr'><strong>non</strong></span> <span class='ocrx_word' id='word_1_171' title='bbox 1054 1879 1202 1918; x_wconf 88' lang='lat' dir='ltr'><strong>sineret</strong></span> 
     </span>
     <span class='ocr_line' id='line_1_27' title="bbox 140 1933 1201 1985; baseline 0.007 -15"><span class='ocrx_word' id='word_1_172' title='bbox 140 1946 341 1972; x_wconf 90' lang='lat' dir='ltr'><strong>numerus.</strong></span> <span class='ocrx_word' id='word_1_173' title='bbox 363 1933 499 1985; x_wconf 90' lang='lat' dir='ltr'><strong>Itaque</strong></span> <span class='ocrx_word' id='word_1_174' title='bbox 518 1934 635 1972; x_wconf 89' lang='lat' dir='ltr'><strong>ambo</strong></span> <span class='ocrx_word' id='word_1_175' title='bbox 657 1935 725 1973; x_wconf 88' lang='lat' dir='ltr'><strong>illa</strong></span> <span class='ocrx_word' id='word_1_176' title='bbox 744 1935 938 1974; x_wconf 87' lang='lat' dir='ltr'><strong>vocabula</strong></span> <span class='ocrx_word' id='word_1_177' title='bbox 956 1937 1061 1975; x_wconf 91' lang='lat' dir='ltr'><strong>haud</strong></span> <span class='ocrx_word' id='word_1_178' title='bbox 1087 1939 1201 1977; x_wconf 86' lang='lat' dir='ltr'><strong>aliter</strong></span> 
     </span>
     <span class='ocr_line' id='line_1_28' title="bbox 135 1995 1200 2048; baseline 0.006 -17"><span class='ocrx_word' id='word_1_179' title='bbox 135 2001 256 2044; x_wconf 85' lang='lat' dir='ltr'><strong>atque</strong></span> <span class='ocrx_word' id='word_1_180' title='bbox 275 2006 320 2032; x_wconf 90' lang='lat' dir='ltr'><strong>ea</strong></span> <span class='ocrx_word' id='word_1_181' title='bbox 340 2007 427 2045; x_wconf 89' lang='lat' dir='ltr'><strong>quae</strong></span> <span class='ocrx_word' id='word_1_182' title='bbox 452 2003 670 2045; x_wconf 88' lang='lat' dir='ltr'><strong>sequuntur</strong></span> <span class='ocrx_word' id='word_1_183' title='bbox 698 1995 801 2033; x_wconf 90' lang='lat' dir='ltr'><strong>inter</strong></span> <span class='ocrx_word' id='word_1_184' title='bbox 829 2009 870 2034; x_wconf 92' lang='lat' dir='ltr'><strong>se</strong></span> <span class='ocrx_word' id='word_1_185' title='bbox 889 1997 1051 2048; x_wconf 87' lang='lat' dir='ltr'><strong>opponi.</strong></span> <span class='ocrx_word' id='word_1_186' title='bbox 1084 1999 1200 2044; x_wconf 87' lang='lat' dir='ltr'><strong>Quod</strong></span> 
     </span>
     <span class='ocr_line' id='line_1_29' title="bbox 135 2053 1200 2107; baseline 0.007 -17"><span class='ocrx_word' id='word_1_187' title='bbox 135 2061 268 2091; x_wconf 85' lang='lat' dir='ltr'><strong>autem</strong></span> <span class='ocrx_word' id='word_1_188' title='bbox 305 2053 488 2106; x_wconf 80' lang='grc' dir='ltr'>ἀστεμφής</span> <span class='ocrx_word' id='word_1_189' title='bbox 525 2054 568 2091; x_wconf 89' lang='lat' dir='ltr'><strong>in</strong></span> <span class='ocrx_word' id='word_1_190' title='bbox 601 2053 780 2107; x_wconf 81' lang='grc' dir='ltr'>Ἀστέμφη</span> <span class='ocrx_word' id='word_1_191' title='bbox 823 2057 1011 2105; x_wconf 84' lang='lat' dir='ltr'><strong>mutavit,</strong></span> <span class='ocrx_word' id='word_1_192' title='bbox 1044 2057 1084 2095; x_wconf 94' lang='lat' dir='ltr'><strong>id</strong></span> <span class='ocrx_word' id='word_1_193' title='bbox 1121 2072 1200 2097; x_wconf 91' lang='lat' dir='ltr'><strong>non</strong></span> 
     </span>
     <span class='ocr_line' id='line_1_30' title="bbox 140 2113 1200 2168; baseline 0.007 -18"><span class='ocrx_word' id='word_1_194' title='bbox 140 2113 263 2163; x_wconf 87' lang='lat' dir='ltr'><strong>magis</strong></span> <span class='ocrx_word' id='word_1_195' title='bbox 290 2113 554 2151; x_wconf 85' lang='lat' dir='ltr'><strong>excusandum</strong></span> <span class='ocrx_word' id='word_1_196' title='bbox 590 2127 707 2165; x_wconf 91' lang='lat' dir='ltr'><strong>quam</strong></span> <span class='ocrx_word' id='word_1_197' title='bbox 738 2115 912 2167; x_wconf 85' lang='grc' dir='ltr'>Νημέρτη</span> <span class='ocrx_word' id='word_1_198' title='bbox 937 2117 985 2155; x_wconf 91' lang='lat' dir='ltr'><strong>de</strong></span> <span class='ocrx_word' id='word_1_199' title='bbox 1011 2131 1089 2168; x_wconf 88' lang='lat' dir='ltr'><strong>quo</strong></span> <span class='ocrx_word' id='word_1_200' title='bbox 1115 2118 1200 2158; x_wconf 91' lang='lat' dir='ltr'><strong>dixi</strong></span> 
     </span>
     <span class='ocr_line' id='line_1_31' title="bbox 134 2171 1200 2230; baseline 0.007 -20"><span class='ocrx_word' id='word_1_201' title='bbox 134 2171 186 2210; x_wconf 88' lang='lat' dir='ltr'><strong>ad</strong></span> <span class='ocrx_word' id='word_1_202' title='bbox 205 2185 264 2211; x_wconf 83' lang='lat' dir='ltr'><strong>vs.</strong></span> <span class='ocrx_word' id='word_1_203' title='bbox 290 2172 353 2211; x_wconf 81' lang='lat'><strong>25.</strong></span> <span class='ocrx_word' id='word_1_204' title='bbox 375 2171 538 2222; x_wconf 83' lang='lat' dir='ltr'><strong>Linguae</strong></span> <span class='ocrx_word' id='word_1_205' title='bbox 568 2172 672 2223; x_wconf 86' lang='lat' dir='ltr'><strong>leges</strong></span> <span class='ocrx_word' id='word_1_206' title='bbox 692 2173 868 2224; x_wconf 83' lang='lat' dir='ltr'><strong>flagitant</strong></span> <span class='ocrx_word' id='word_1_207' title='bbox 892 2175 1112 2230; x_wconf 83' lang='grc' dir='ltr'>Ἀστεμφής,</span> <span class='ocrx_word' id='word_1_208' title='bbox 1136 2179 1200 2217; x_wconf 91' lang='lat' dir='ltr'><strong>cui</strong></span> 
     </span>
     <span class='ocr_line' id='line_1_32' title="bbox 134 2231 1199 2285; baseline 0.008 -16"><span class='ocrx_word' id='word_1_209' title='bbox 134 2231 218 2270; x_wconf 85' lang='lat' dir='ltr'><strong>deae</strong></span> <span class='ocrx_word' id='word_1_210' title='bbox 252 2233 374 2270; x_wconf 87' lang='lat' dir='ltr'><strong>altera</strong></span> <span class='ocrx_word' id='word_1_211' title='bbox 406 2245 456 2272; x_wconf 86' lang='lat' dir='ltr'><strong>ex</strong></span> <span class='ocrx_word' id='word_1_212' title='bbox 490 2240 600 2284; x_wconf 88' lang='lat' dir='ltr'><strong>parte</strong></span> <span class='ocrx_word' id='word_1_213' title='bbox 635 2234 846 2285; x_wconf 84' lang='lat' dir='ltr'><strong>respondet</strong></span> <span class='ocrx_word' id='word_1_214' title='bbox 883 2234 980 2274; x_wconf 85' lang='grc' dir='ltr'>Κινώ</span> <span class='ocrx_word' id='word_1_215' title='bbox 1019 2251 1041 2275; x_wconf 90' lang='lat' dir='ltr'><strong>a</strong></span> <span class='ocrx_word' id='word_1_216' title='bbox 1076 2244 1199 2281; x_wconf 82' lang='grc' dir='ltr'>κινεῖν.</span> 
     </span>
     <span class='ocr_line' id='line_1_33' title="bbox 136 2290 1202 2349; baseline 0.007 -19"><span class='ocrx_word' id='word_1_217' title='bbox 136 2291 267 2336; x_wconf 88' lang='lat' dir='ltr'><strong>Quum</strong></span> <span class='ocrx_word' id='word_1_218' title='bbox 292 2290 462 2344; x_wconf 81' lang='grc' dir='ltr'>Μεγιστώ</span> <span class='ocrx_word' id='word_1_219' title='bbox 483 2293 533 2330; x_wconf 90' lang='lat' dir='ltr'><strong>sit</strong></span> <span class='ocrx_word' id='word_1_220' title='bbox 552 2291 730 2341; x_wconf 85' lang='lat' dir='ltr'><strong>Majestas</strong></span> <span class='ocrx_word' id='word_1_221' title='bbox 757 2294 820 2332; x_wconf 89' lang='lat' dir='ltr'><strong>vel</strong></span> <span class='ocrx_word' id='word_1_222' title='bbox 841 2294 1063 2347; x_wconf 89' lang='lat' dir='ltr'><strong>Opulentia,</strong></span> <span class='ocrx_word' id='word_1_223' title='bbox 1085 2298 1202 2349; x_wconf 88' lang='lat' dir='ltr'><strong>eique</strong></span> 
     </span>
     <span class='ocr_line' id='line_1_34' title="bbox 134 2351 1202 2408; baseline 0.009 -21"><span class='ocrx_word' id='word_1_224' title='bbox 134 2351 382 2402; x_wconf 79' lang='lat' dir='ltr'><strong>aptissimum</strong></span> <span class='ocrx_word' id='word_1_225' title='bbox 399 2352 600 2404; x_wconf 86' lang='lat' dir='ltr'><strong>epitheton</strong></span> <span class='ocrx_word' id='word_1_226' title='bbox 618 2353 669 2391; x_wconf 93' lang='lat' dir='ltr'><strong>sit</strong></span> <span class='ocrx_word' id='word_1_227' title='bbox 685 2354 967 2406; x_wconf 84' lang='grc' dir='ltr'>πολυστέφανος,</span> <span class='ocrx_word' id='word_1_228' title='bbox 986 2365 1091 2408; x_wconf 87' lang='lat' dir='ltr'><strong>patet</strong></span> <span class='ocrx_word' id='word_1_229' title='bbox 1110 2372 1202 2396; x_wconf 90' lang='lat' dir='ltr'><strong>con·</strong></span> 
     </span>
     <span class='ocr_line' id='line_1_35' title="bbox 134 2411 1200 2464; baseline 0.008 -16"><span class='ocrx_word' id='word_1_230' title='bbox 134 2411 295 2450; x_wconf 70' lang='lat' dir='ltr'><strong>trariam</strong></span> <span class='ocrx_word' id='word_1_231' title='bbox 308 2411 419 2450; x_wconf 89' lang='lat' dir='ltr'><strong>deam</strong></span> <span class='ocrx_word' id='word_1_232' title='bbox 433 2412 630 2450; x_wconf 87' lang='lat' dir='ltr'><strong>Miseriam</strong></span> <span class='ocrx_word' id='word_1_233' title='bbox 644 2413 708 2451; x_wconf 83' lang='lat' dir='ltr'><strong>vel</strong></span> <span class='ocrx_word' id='word_1_234' title='bbox 722 2413 937 2464; x_wconf 87' lang='lat' dir='ltr'><strong>Egestatem</strong></span> <span class='ocrx_word' id='word_1_235' title='bbox 950 2429 1034 2454; x_wconf 90' lang='lat' dir='ltr'><strong>esse</strong></span> <span class='ocrx_word' id='word_1_236' title='bbox 1043 2416 1200 2457; x_wconf 89' lang='lat' dir='ltr'><strong>debere.</strong></span> 
     </span>
     <span class='ocr_line' id='line_1_36' title="bbox 137 2469 1203 2527; baseline 0.008 -19"><span class='ocrx_word' id='word_1_237' title='bbox 137 2469 271 2522; x_wconf 85' lang='lat' dir='ltr'><strong>Neque</strong></span> <span class='ocrx_word' id='word_1_238' title='bbox 302 2471 491 2519; x_wconf 89' lang='lat' dir='ltr'><strong>dubium,</strong></span> <span class='ocrx_word' id='word_1_239' title='bbox 515 2472 612 2523; x_wconf 90' lang='lat' dir='ltr'><strong>quin</strong></span> <span class='ocrx_word' id='word_1_240' title='bbox 634 2472 888 2525; x_wconf 88' lang='lat' dir='ltr'><strong>Empedocles</strong></span> <span class='ocrx_word' id='word_1_241' title='bbox 914 2476 991 2514; x_wconf 88' lang='lat' dir='ltr'><strong>tale</strong></span> <span class='ocrx_word' id='word_1_242' title='bbox 1011 2477 1107 2527; x_wconf 91' lang='lat' dir='ltr'><strong>quid</strong></span> <span class='ocrx_word' id='word_1_243' title='bbox 1129 2476 1203 2516; x_wconf 91' lang='lat' dir='ltr'><strong>hoc</strong></span> 
     </span>
     <span class='ocr_line' id='line_1_37' title="bbox 135 2530 1202 2585; baseline 0.008 -18"><span class='ocrx_word' id='word_1_244' title='bbox 135 2530 224 2568; x_wconf 81' lang='lat' dir='ltr'><strong>loco</strong></span> <span class='ocrx_word' id='word_1_245' title='bbox 247 2531 463 2582; x_wconf 80' lang='lat' dir='ltr'><strong>scripserit.</strong></span> <span class='ocrx_word' id='word_1_246' title='bbox 491 2531 567 2569; x_wconf 93' lang='lat' dir='ltr'><strong>Sed</strong></span> <span class='ocrx_word' id='word_1_247' title='bbox 592 2532 802 2581; x_wconf 82' lang='lat' dir='ltr'><strong>miramur,</strong></span> <span class='ocrx_word' id='word_1_248' title='bbox 830 2535 936 2585; x_wconf 89' lang='lat' dir='ltr'><strong>quod</strong></span> <span class='ocrx_word' id='word_1_249' title='bbox 971 2535 1202 2576; x_wconf 85' lang='lat' dir='ltr'><strong>Karstenius</strong></span> 
     </span>
     <span class='ocr_line' id='line_1_38' title="bbox 135 2589 1203 2647; baseline 0.008 -20"><span class='ocrx_word' id='word_1_250' title='bbox 135 2589 246 2628; x_wconf 91' lang='lat' dir='ltr'><strong>‹lictu</strong></span> <span class='ocrx_word' id='word_1_251' title='bbox 279 2589 442 2628; x_wconf 80' lang='lat' dir='ltr'><strong>difficile</strong></span> <span class='ocrx_word' id='word_1_252' title='bbox 468 2603 552 2629; x_wconf 89' lang='lat' dir='ltr'><strong>esse</strong></span> <span class='ocrx_word' id='word_1_253' title='bbox 585 2593 848 2644; x_wconf 85' lang='lat' dir='ltr'><strong>existimavit,</strong></span> <span class='ocrx_word' id='word_1_254' title='bbox 882 2604 1012 2633; x_wconf 90' lang='lat' dir='ltr'><strong>utrum</strong></span> <span class='ocrx_word' id='word_1_255' title='bbox 1042 2599 1203 2647; x_wconf 86' lang='lat' dir='ltr'><strong>squalor</strong></span> 
     </span>
     <span class='ocr_line' id='line_1_39' title="bbox 137 2648 1200 2704; baseline 0.008 -17"><span class='ocrx_word' id='word_1_256' title='bbox 137 2649 282 2687; x_wconf 86' lang='lat' dir='ltr'><strong>rectius</strong></span> <span class='ocrx_word' id='word_1_257' title='bbox 296 2648 423 2701; x_wconf 79' lang='grc' dir='ltr'>ψορύη</span> <span class='ocrx_word' id='word_1_258' title='bbox 440 2663 488 2688; x_wconf 91' lang='lat' dir='ltr'><strong>an</strong></span> <span class='ocrx_word' id='word_1_259' title='bbox 507 2650 626 2704; x_wconf 86' lang='grc' dir='ltr'>Φορίη</span> <span class='ocrx_word' id='word_1_260' title='bbox 638 2653 877 2692; x_wconf 86' lang='lat' dir='ltr'><strong>nominetur.</strong></span> <span class='ocrx_word' id='word_1_261' title='bbox 890 2654 1078 2694; x_wconf 90' lang='lat' dir='ltr'><strong>Neutrum</strong></span> <span class='ocrx_word' id='word_1_262' title='bbox 1096 2659 1200 2696; x_wconf 87' lang='lat' dir='ltr'><strong>enim</strong></span> 
     </span>
     <span class='ocr_line' id='line_1_40' title="bbox 137 2709 1201 2762; baseline 0.008 -16"><span class='ocrx_word' id='word_1_263' title='bbox 137 2717 241 2747; x_wconf 89' lang='lat' dir='ltr'><strong>recte</strong></span> <span class='ocrx_word' id='word_1_264' title='bbox 261 2722 302 2747; x_wconf 89' lang='lat' dir='ltr'><strong>se</strong></span> <span class='ocrx_word' id='word_1_265' title='bbox 318 2709 448 2747; x_wconf 91' lang='lat' dir='ltr'><strong>habet.</strong></span> <span class='ocrx_word' id='word_1_266' title='bbox 471 2710 645 2762; x_wconf 83' lang='lat' dir='ltr'><strong>Apparet</strong></span> <span class='ocrx_word' id='word_1_267' title='bbox 662 2711 882 2751; x_wconf 90' lang='lat' dir='ltr'><strong>derivatum</strong></span> <span class='ocrx_word' id='word_1_268' title='bbox 902 2727 986 2753; x_wconf 90' lang='lat' dir='ltr'><strong>esse</strong></span> <span class='ocrx_word' id='word_1_269' title='bbox 1011 2728 1155 2754; x_wconf 92' lang='lat' dir='ltr'><strong>nomen</strong></span> <span class='ocrx_word' id='word_1_270' title='bbox 1179 2731 1201 2756; x_wconf 90' lang='lat' dir='ltr'><strong>a</strong></span> 
     </span>
     <span class='ocr_line' id='line_1_41' title="bbox 137 2764 1201 2823; baseline 0.008 -15"><span class='ocrx_word' id='word_1_271' title='bbox 137 2768 252 2821; x_wconf 82' lang='grc' dir='ltr'>φορύω</span> <span class='ocrx_word' id='word_1_272' title='bbox 275 2769 445 2822; x_wconf 78' lang='grc' dir='ltr'>(φορύνω,</span> <span class='ocrx_word' id='word_1_273' title='bbox 465 2769 643 2823; x_wconf 81' lang='grc' dir='ltr'>φορύσσω)</span> <span class='ocrx_word' id='word_1_274' title='bbox 663 2775 817 2822; x_wconf 79' lang='lat' dir='ltr'><strong>polluo,</strong></span> <span class='ocrx_word' id='word_1_275' title='bbox 838 2764 1070 2821; x_wconf 49' lang='lat' dir='ltr'><strong>concambio,</strong></span> <span class='ocrx_word' id='word_1_276' title='bbox 1096 2777 1201 2816; x_wconf 88' lang='lat' dir='ltr'><strong>unde</strong></span> 
     </span>
     <span class='ocr_line' id='line_1_42' title="bbox 137 2826 1200 2888; baseline 0.008 -23"><span class='ocrx_word' id='word_1_277' title='bbox 137 2826 298 2880; x_wconf 86' lang='grc' dir='ltr'>φορυτός,</span> <span class='ocrx_word' id='word_1_278' title='bbox 318 2838 581 2880; x_wconf 84' lang='lat' dir='ltr'><strong>excrementa,</strong></span> <span class='ocrx_word' id='word_1_279' title='bbox 601 2831 841 2882; x_wconf 86' lang='lat' dir='ltr'><strong>quisquiliae,</strong></span> <span class='ocrx_word' id='word_1_280' title='bbox 861 2834 999 2887; x_wconf 78' lang='grc' dir='ltr'>φορειά,</span> <span class='ocrx_word' id='word_1_281' title='bbox 1020 2833 1200 2888; x_wconf 71' lang='grc' dir='ltr'>βόρδορος,</span> 
     </span>
     <span class='ocr_line' id='line_1_43' title="bbox 133 2885 1202 2946; baseline 0.008 -23"><span class='ocrx_word' id='word_1_282' title='bbox 133 2894 175 2924; x_wconf 87' lang='lat' dir='ltr'><strong>et</strong></span> <span class='ocrx_word' id='word_1_283' title='bbox 194 2885 357 2924; x_wconf 90' lang='lat' dir='ltr'><strong>latinum</strong></span> <span class='ocrx_word' id='word_1_284' title='bbox 370 2887 493 2935; x_wconf 80' lang='lat' dir='ltr'><strong>foria.</strong></span> <span class='ocrx_word' id='word_1_285' title='bbox 517 2886 605 2926; x_wconf 85' lang='lat' dir='ltr'><strong>Jam</strong></span> <span class='ocrx_word' id='word_1_286' title='bbox 638 2897 680 2927; x_wconf 92' lang='lat' dir='ltr'><strong>ut</strong></span> <span class='ocrx_word' id='word_1_287' title='bbox 706 2902 728 2927; x_wconf 89' lang='lat' dir='ltr'><strong>a</strong></span> <span class='ocrx_word' id='word_1_288' title='bbox 758 2890 834 2943; x_wconf 85' lang='grc' dir='ltr'><strong>φύω</strong></span> <span class='ocrx_word' id='word_1_289' title='bbox 859 2891 1017 2930; x_wconf 85' lang='lat' dir='ltr'><strong>ducitur</strong></span> <span class='ocrx_word' id='word_1_290' title='bbox 1037 2893 1128 2946; x_wconf 84' lang='grc' dir='ltr'>φυή,</span> <span class='ocrx_word' id='word_1_291' title='bbox 1148 2895 1202 2942; x_wconf 87' lang='lat' dir='ltr'><strong>ita</strong></span> 
     </span>
     <span class='ocr_line' id='line_1_44' title="bbox 134 2945 1200 3003; baseline 0.009 -20"><span class='ocrx_word' id='word_1_292' title='bbox 134 2957 162 2983; x_wconf 82' lang='lat' dir='ltr'><strong>a</strong></span> <span class='ocrx_word' id='word_1_293' title='bbox 180 2945 299 2998; x_wconf 78' lang='grc' dir='ltr'>φορύω</span> <span class='ocrx_word' id='word_1_294' title='bbox 321 2946 364 2984; x_wconf 90' lang='lat' dir='ltr'><strong>fit</strong></span> <span class='ocrx_word' id='word_1_295' title='bbox 383 2946 509 3000; x_wconf 83' lang='grc' dir='ltr'>φορυή.</span> <span class='ocrx_word' id='word_1_296' title='bbox 548 2946 684 2999; x_wconf 89' lang='lat' dir='ltr'><strong>ltaque</strong></span> <span class='ocrx_word' id='word_1_297' title='bbox 713 2958 974 3002; x_wconf 84' lang='lat' dir='ltr'><strong>praeterquam</strong></span> <span class='ocrx_word' id='word_1_298' title='bbox 996 2953 1102 3003; x_wconf 87' lang='lat' dir='ltr'><strong>quod</strong></span> <span class='ocrx_word' id='word_1_299' title='bbox 1128 2970 1138 2992; x_wconf 84' lang='grc' dir='ltr'>ι</span> <span class='ocrx_word' id='word_1_300' title='bbox 1159 2954 1200 2992; x_wconf 93' lang='lat' dir='ltr'><strong>in</strong></span> 
     </span>
     <span class='ocr_line' id='line_1_45' title="bbox 136 3005 1200 3061; baseline 0.008 -19"><span class='ocrx_word' id='word_1_301' title='bbox 136 3005 355 3056; x_wconf 81' lang='lat' dir='ltr'><strong>penultima</strong></span> <span class='ocrx_word' id='word_1_302' title='bbox 366 3006 519 3058; x_wconf 84' lang='lat' dir='ltr'><strong>syllaba</strong></span> <span class='ocrx_word' id='word_1_303' title='bbox 535 3009 726 3059; x_wconf 81' lang='lat' dir='ltr'><strong>analogiae</strong></span> <span class='ocrx_word' id='word_1_304' title='bbox 743 3019 946 3061; x_wconf 86' lang='lat' dir='ltr'><strong>repugnat,</strong></span> <span class='ocrx_word' id='word_1_305' title='bbox 969 3020 1115 3050; x_wconf 87' lang='lat' dir='ltr'><strong>mutato</strong></span> <span class='ocrx_word' id='word_1_306' title='bbox 1137 3026 1200 3051; x_wconf 89' lang='lat' dir='ltr'><strong>ac-</strong></span> 
     </span>
     <span class='ocr_line' id='line_1_46' title="bbox 134 3067 1200 3121; baseline 0.008 -20"><span class='ocrx_word' id='word_1_307' title='bbox 134 3073 254 3102; x_wconf 87' lang='lat' dir='ltr'><strong>centu</strong></span> <span class='ocrx_word' id='word_1_308' title='bbox 270 3079 369 3117; x_wconf 86' lang='lat' dir='ltr'><strong>opus</strong></span> <span class='ocrx_word' id='word_1_309' title='bbox 386 3075 458 3106; x_wconf 88' lang='lat' dir='ltr'><strong>est.</strong></span> <span class='ocrx_word' id='word_1_310' title='bbox 483 3067 631 3106; x_wconf 87' lang='lat' dir='ltr'><strong>Deinde</strong></span> <span class='ocrx_word' id='word_1_311' title='bbox 649 3082 721 3120; x_wconf 85' lang='lat' dir='ltr'><strong>pro</strong></span> <span class='ocrx_word' id='word_1_312' title='bbox 740 3069 829 3121; x_wconf 78' lang='grc' dir='ltr'>σόφη</span> <span class='ocrx_word' id='word_1_313' title='bbox 848 3069 930 3120; x_wconf 88' lang='lat' dir='ltr'><strong>jam</strong></span> <span class='ocrx_word' id='word_1_314' title='bbox 951 3069 1096 3109; x_wconf 88' lang='lat' dir='ltr'><strong>Galeus</strong></span> <span class='ocrx_word' id='word_1_315' title='bbox 1112 3070 1200 3109; x_wconf 89' lang='lat' dir='ltr'><strong>sub-</strong></span> 
     </span>
     <span class='ocr_line' id='line_1_47' title="bbox 139 3123 1196 3178; baseline 0.007 -17"><span class='ocrx_word' id='word_1_316' title='bbox 139 3123 317 3162; x_wconf 88' lang='lat' dir='ltr'><strong>stituerat</strong></span> <span class='ocrx_word' id='word_1_317' title='bbox 334 3125 486 3178; x_wconf 79' lang='grc' dir='ltr'>Σόμφη,</span> <span class='ocrx_word' id='word_1_318' title='bbox 512 3127 617 3177; x_wconf 90' lang='lat' dir='ltr'><strong>quod</strong></span> <span class='ocrx_word' id='word_1_319' title='bbox 639 3127 866 3166; x_wconf 84' lang='lat' dir='ltr'><strong>Karstenius</strong></span> <span class='ocrx_word' id='word_1_320' title='bbox 896 3129 997 3167; x_wconf 88' lang='lat' dir='ltr'><strong>tueri</strong></span> <span class='ocrx_word' id='word_1_321' title='bbox 1017 3138 1196 3170; x_wconf 87' lang='lat' dir='ltr'><strong>conatur.</strong></span> 
     </span>
     <span class='ocr_line' id='line_1_48' title="bbox 140 3181 1201 3241; baseline 0.009 -22"><span class='ocrx_word' id='word_1_322' title='bbox 140 3181 206 3220; x_wconf 90' lang='lat' dir='ltr'><strong>Est</strong></span> <span class='ocrx_word' id='word_1_323' title='bbox 251 3192 378 3222; x_wconf 87' lang='lat' dir='ltr'><strong>autem</strong></span> <span class='ocrx_word' id='word_1_324' title='bbox 413 3186 545 3239; x_wconf 81' lang='grc' dir='ltr'>σομφός</span> <span class='ocrx_word' id='word_1_325' title='bbox 585 3187 782 3239; x_wconf 84' lang='lat' dir='ltr'><strong>Hesychio</strong></span> <span class='ocrx_word' id='word_1_326' title='bbox 821 3191 950 3241; x_wconf 76' lang='grc' dir='ltr'>χαῦνος</span> <span class='ocrx_word' id='word_1_327' title='bbox 963 3219 975 3239; x_wconf 86' lang='grc'>,</span> <span class='ocrx_word' id='word_1_328' title='bbox 1014 3199 1201 3241; x_wconf 83' lang='lat' dir='ltr'><strong>praeterea</strong></span> 
     </span>
     <span class='ocr_line' id='line_1_49' title="bbox 138 3242 1199 3303; baseline 0.009 -24"><span class='ocrx_word' id='word_1_329' title='bbox 138 3242 275 3294; x_wconf 66' lang='grc' dir='ltr'>σομφόν</span> <span class='ocrx_word' id='word_1_330' title='bbox 306 3243 355 3282; x_wconf 90' lang='lat' dir='ltr'><strong>de</strong></span> <span class='ocrx_word' id='word_1_331' title='bbox 384 3258 482 3284; x_wconf 89' lang='lat' dir='ltr'><strong>voce</strong></span> <span class='ocrx_word' id='word_1_332' title='bbox 517 3246 664 3285; x_wconf 90' lang='lat' dir='ltr'><strong>dictum</strong></span> <span class='ocrx_word' id='word_1_333' title='bbox 695 3248 798 3286; x_wconf 90' lang='lat' dir='ltr'><strong>idem</strong></span> <span class='ocrx_word' id='word_1_334' title='bbox 828 3248 932 3287; x_wconf 86' lang='lat' dir='ltr'><strong>valet</strong></span> <span class='ocrx_word' id='word_1_335' title='bbox 962 3249 1068 3300; x_wconf 89' lang='lat' dir='ltr'><strong>quod</strong></span> <span class='ocrx_word' id='word_1_336' title='bbox 1097 3250 1199 3303; x_wconf 85' lang='grc' dir='ltr'>φαιόν</span> 
     </span>
     <span class='ocr_line' id='line_1_50' title="bbox 136 3298 1196 3358; baseline 0.012 -23"><span class='ocrx_word' id='word_1_337' title='bbox 136 3298 188 3336; x_wconf 86' lang='lat' dir='ltr'><strong>‹le</strong></span> <span class='ocrx_word' id='word_1_338' title='bbox 208 3300 354 3339; x_wconf 87' lang='lat' dir='ltr'><strong>colore.</strong></span> <span class='ocrx_word' id='word_1_339' title='bbox 386 3301 446 3342; x_wconf 86' lang='lat' dir='ltr'><strong>Cf.</strong></span> <span class='ocrx_word' id='word_1_340' title='bbox 478 3303 641 3346; x_wconf 84' lang='lat' dir='ltr'><strong>Aristot.</strong></span> <span class='ocrx_word' id='word_1_341' title='bbox 675 3305 817 3357; x_wconf 83' lang='lat' dir='ltr'><strong>Topic.</strong></span> <span class='ocrx_word' id='word_1_342' title='bbox 840 3305 870 3353; x_wconf 91' lang='lat' dir='ltr'><strong>l,</strong></span> <span class='ocrx_word' id='word_1_343' title='bbox 897 3306 942 3343; x_wconf 89' lang='lat'><strong>15</strong></span> <span class='ocrx_word' id='word_1_344' title='bbox 967 3321 1007 3358; x_wconf 88' lang='lat' dir='ltr'><strong>p.</strong></span> <span class='ocrx_word' id='word_1_345' title='bbox 1043 3308 1113 3346; x_wconf 91' lang='lat'><strong>151</strong></span> <span class='ocrx_word' id='word_1_346' title='bbox 1148 3308 1196 3349; x_wconf 90' lang='lat' dir='ltr'><strong>G.</strong></span> 
     </span>
     <span class='ocr_line' id='line_1_51' title="bbox 135 3357 1197 3418; baseline 0.01 -23"><span class='ocrx_word' id='word_1_347' title='bbox 135 3357 268 3403; x_wconf 81' lang='lat' dir='ltr'><strong>Quum</strong></span> <span class='ocrx_word' id='word_1_348' title='bbox 289 3359 411 3409; x_wconf 86' lang='lat' dir='ltr'><strong>igitur</strong></span> <span class='ocrx_word' id='word_1_349' title='bbox 429 3362 547 3416; x_wconf 80' lang='grc' dir='ltr'>σομφὴ</span> <span class='ocrx_word' id='word_1_350' title='bbox 566 3363 664 3416; x_wconf 80' lang='grc' dir='ltr'>φωνὴ</span> <span class='ocrx_word' id='word_1_351' title='bbox 685 3378 763 3403; x_wconf 83' lang='lat' dir='ltr'><strong>vox</strong></span> <span class='ocrx_word' id='word_1_352' title='bbox 780 3378 898 3403; x_wconf 85' lang='lat' dir='ltr'><strong>rauca</strong></span> <span class='ocrx_word' id='word_1_353' title='bbox 913 3367 974 3404; x_wconf 82' lang='lat' dir='ltr'><strong>vel</strong></span> <span class='ocrx_word' id='word_1_354' title='bbox 989 3367 1110 3414; x_wconf 79' lang='lat' dir='ltr'><strong>fusca</strong></span> <span class='ocrx_word' id='word_1_355' title='bbox 1133 3369 1197 3418; x_wconf 87' lang='lat' dir='ltr'><strong>sit,</strong></span> 
     </span>
     <span class='ocr_line' id='line_1_52' title="bbox 141 3416 1197 3478; baseline 0.01 -24"><span class='ocrx_word' id='word_1_356' title='bbox 141 3416 369 3457; x_wconf 69' lang='lat' dir='ltr'><strong>Kar-Stenius</strong></span> <span class='ocrx_word' id='word_1_357' title='bbox 388 3420 536 3475; x_wconf 85' lang='grc' dir='ltr'>Σόμφην</span> <span class='ocrx_word' id='word_1_358' title='bbox 557 3436 699 3462; x_wconf 91' lang='lat' dir='ltr'><strong>nomen</strong></span> <span class='ocrx_word' id='word_1_359' title='bbox 717 3425 925 3476; x_wconf 87' lang='lat' dir='ltr'><strong>proprium</strong></span> <span class='ocrx_word' id='word_1_360' title='bbox 950 3438 1033 3464; x_wconf 86' lang='lat' dir='ltr'><strong>esse</strong></span> <span class='ocrx_word' id='word_1_361' title='bbox 1060 3427 1197 3478; x_wconf 88' lang='lat' dir='ltr'><strong>opina-</strong></span> 
     </span>
     <span class='ocr_line' id='line_1_53' title="bbox 140 3474 1197 3534; baseline 0.012 -21"><span class='ocrx_word' id='word_1_362' title='bbox 140 3474 256 3514; x_wconf 84' lang='lat' dir='ltr'><strong>batur</strong></span> <span class='ocrx_word' id='word_1_363' title='bbox 277 3478 406 3517; x_wconf 82' lang='lat' dir='ltr'><strong>fictum</strong></span> <span class='ocrx_word' id='word_1_364' title='bbox 429 3494 450 3519; x_wconf 90' lang='lat' dir='ltr'><strong>a</strong></span> <span class='ocrx_word' id='word_1_365' title='bbox 471 3491 585 3533; x_wconf 88' lang='lat' dir='ltr'><strong>poeta</strong></span> <span class='ocrx_word' id='word_1_366' title='bbox 604 3483 652 3522; x_wconf 90' lang='lat' dir='ltr'><strong>ad</strong></span> <span class='ocrx_word' id='word_1_367' title='bbox 682 3482 966 3534; x_wconf 87' lang='lat' dir='ltr'><strong>designandum</strong></span> <span class='ocrx_word' id='word_1_368' title='bbox 986 3484 1197 3525; x_wconf 90' lang='lat' dir='ltr'><strong>obscurum</strong></span> 
     </span>
     <span class='ocr_line' id='line_1_54' title="bbox 139 3540 1198 3597; baseline 0.012 -26"><span class='ocrx_word' id='word_1_369' title='bbox 139 3546 319 3575; x_wconf 86' lang='lat' dir='ltr'><strong>murmur</strong></span> <span class='ocrx_word' id='word_1_370' title='bbox 355 3547 393 3577; x_wconf 91' lang='lat' dir='ltr'><strong>et</strong></span> <span class='ocrx_word' id='word_1_371' title='bbox 433 3540 588 3580; x_wconf 90' lang='lat' dir='ltr'><strong>inanem</strong></span> <span class='ocrx_word' id='word_1_372' title='bbox 633 3544 838 3594; x_wconf 85' lang='lat' dir='ltr'><strong>strepitum</strong></span> <span class='ocrx_word' id='word_1_373' title='bbox 891 3545 1198 3597; x_wconf 88' lang='lat' dir='ltr'><strong>oppositumque</strong></span> 
     </span>
    </p>
   </div>
   <div class='ocr_carea' id='block_1_9' title="bbox 1268 440 2331 497">
    <p class='ocr_par' dir='ltr' id='par_1_10' title="bbox 1268 440 2331 497">
     <span class='ocr_line' id='line_1_55' title="bbox 1268 440 2331 497; baseline 0.008 -20"><span class='ocrx_word' id='word_1_374' title='bbox 1268 440 1525 491; x_wconf 87' lang='lat' dir='ltr'><strong>explicationi</strong></span> <span class='ocrx_word' id='word_1_375' title='bbox 1558 440 1657 478; x_wconf 88' lang='lat' dir='ltr'><strong>illud</strong></span> <span class='ocrx_word' id='word_1_376' title='bbox 1690 441 1940 492; x_wconf 87' lang='lat' dir='ltr'><strong>potissimum</strong></span> <span class='ocrx_word' id='word_1_377' title='bbox 1964 443 2194 496; x_wconf 80' lang='lat' dir='ltr'><strong>refragatur,</strong></span> <span class='ocrx_word' id='word_1_378' title='bbox 2225 447 2331 497; x_wconf 91' lang='lat' dir='ltr'><strong>quod</strong></span> 
     </span>
    </p>
   </div>
   <div class='ocr_carea' id='block_1_10' title="bbox 1247 501 2334 553">
    <p class='ocr_par' dir='ltr' id='par_1_11' title="bbox 1247 501 2334 553">
     <span class='ocr_line' id='line_1_56' title="bbox 1247 501 2334 553; baseline 0.006 -15"><span class='ocrx_word' id='word_1_379' title='bbox 1247 510 1397 539; x_wconf 72' lang='lat' dir='ltr'><strong>&#39;raucae</strong></span> <span class='ocrx_word' id='word_1_380' title='bbox 1423 502 1511 539; x_wconf 87' lang='lat' dir='ltr'><strong>voci</strong></span> <span class='ocrx_word' id='word_1_381' title='bbox 1545 514 1625 539; x_wconf 90' lang='lat' dir='ltr'><strong>non</strong></span> <span class='ocrx_word' id='word_1_382' title='bbox 1657 501 1815 539; x_wconf 81' lang='lat' dir='ltr'><strong>videtur</strong></span> <span class='ocrx_word' id='word_1_383' title='bbox 1845 502 1954 540; x_wconf 92' lang='lat' dir='ltr'><strong>locus</strong></span> <span class='ocrx_word' id='word_1_384' title='bbox 1983 503 2087 540; x_wconf 90' lang='lat' dir='ltr'><strong>inter</strong></span> <span class='ocrx_word' id='word_1_385' title='bbox 2116 505 2252 553; x_wconf 86' lang='lat' dir='ltr'><strong>genios</strong></span> <span class='ocrx_word' id='word_1_386' title='bbox 2284 507 2334 545; x_wconf 90' lang='lat' dir='ltr'><strong>ab</strong></span> 
     </span>
    </p>
   </div>
   <div class='ocr_carea' id='block_1_11' title="bbox 1267 560 2337 1152">
    <p class='ocr_par' dir='ltr' id='par_1_12' title="bbox 1267 560 2337 1152">
     <span class='ocr_line' id='line_1_57' title="bbox 1270 560 2332 620; baseline 0.006 -23"><span class='ocrx_word' id='word_1_387' title='bbox 1270 560 1504 612; x_wconf 82' lang='lat' dir='ltr'><strong>Empedocle</strong></span> <span class='ocrx_word' id='word_1_388' title='bbox 1525 560 1687 598; x_wconf 89' lang='lat' dir='ltr'><strong>concedi</strong></span> <span class='ocrx_word' id='word_1_389' title='bbox 1709 561 1898 611; x_wconf 86' lang='lat' dir='ltr'><strong>potuisse.</strong></span> <span class='ocrx_word' id='word_1_390' title='bbox 1925 562 2085 600; x_wconf 86' lang='lat' dir='ltr'><strong>Accedit</strong></span> <span class='ocrx_word' id='word_1_391' title='bbox 2109 564 2215 613; x_wconf 93' lang='lat' dir='ltr'><strong>quod</strong></span> <span class='ocrx_word' id='word_1_392' title='bbox 2235 567 2332 620; x_wconf 76' lang='grc' dir='ltr'>ὀμφή</span> 
     </span>
     <span class='ocr_line' id='line_1_58' title="bbox 1268 619 2334 672; baseline 0.005 -14"><span class='ocrx_word' id='word_1_393' title='bbox 1268 633 1348 658; x_wconf 92' lang='lat' dir='ltr'><strong>non</strong></span> <span class='ocrx_word' id='word_1_394' title='bbox 1366 633 1520 672; x_wconf 90' lang='lat' dir='ltr'><strong>semper</strong></span> <span class='ocrx_word' id='word_1_395' title='bbox 1537 620 1732 671; x_wconf 86' lang='lat' dir='ltr'><strong>significat</strong></span> <span class='ocrx_word' id='word_1_396' title='bbox 1747 633 1884 658; x_wconf 89' lang='lat' dir='ltr'><strong>vocem</strong></span> <span class='ocrx_word' id='word_1_397' title='bbox 1908 619 2085 658; x_wconf 86' lang='lat' dir='ltr'><strong>divinam</strong></span> <span class='ocrx_word' id='word_1_398' title='bbox 2106 623 2169 660; x_wconf 89' lang='lat' dir='ltr'><strong>vel</strong></span> <span class='ocrx_word' id='word_1_399' title='bbox 2191 637 2334 663; x_wconf 89' lang='lat' dir='ltr'><strong>oracu-</strong></span> 
     </span>
     <span class='ocr_line' id='line_1_59' title="bbox 1269 679 2333 733; baseline 0.007 -16"><span class='ocrx_word' id='word_1_400' title='bbox 1269 679 1348 718; x_wconf 91' lang='lat' dir='ltr'><strong>lum</strong></span> <span class='ocrx_word' id='word_1_401' title='bbox 1359 710 1370 731; x_wconf 91' lang='lat'><strong>,</strong></span> <span class='ocrx_word' id='word_1_402' title='bbox 1389 681 1457 719; x_wconf 91' lang='lat' dir='ltr'><strong>sed</strong></span> <span class='ocrx_word' id='word_1_403' title='bbox 1474 693 1743 732; x_wconf 80' lang='lat' dir='ltr'><strong>saepenumero</strong></span> <span class='ocrx_word' id='word_1_404' title='bbox 1758 693 1838 718; x_wconf 91' lang='lat' dir='ltr'><strong>non</strong></span> <span class='ocrx_word' id='word_1_405' title='bbox 1859 679 1992 718; x_wconf 87' lang='lat' dir='ltr'><strong>differt</strong></span> <span class='ocrx_word' id='word_1_406' title='bbox 2003 694 2025 719; x_wconf 90' lang='lat' dir='ltr'><strong>a</strong></span> <span class='ocrx_word' id='word_1_407' title='bbox 2039 681 2136 733; x_wconf 88' lang='grc' dir='ltr'>φωνή</span> <span class='ocrx_word' id='word_1_408' title='bbox 2152 683 2214 721; x_wconf 93' lang='lat' dir='ltr'><strong>vel</strong></span> <span class='ocrx_word' id='word_1_409' title='bbox 2228 685 2333 732; x_wconf 76' lang='grc' dir='ltr'>αὐδή.</span> 
     </span>
     <span class='ocr_line' id='line_1_60' title="bbox 1267 738 2335 796; baseline 0.005 -19"><span class='ocrx_word' id='word_1_410' title='bbox 1267 738 1325 777; x_wconf 88' lang='lat' dir='ltr'><strong>Cf.</strong></span> <span class='ocrx_word' id='word_1_411' title='bbox 1350 739 1485 791; x_wconf 87' lang='lat' dir='ltr'><strong>Steph.</strong></span> <span class='ocrx_word' id='word_1_412' title='bbox 1509 740 1625 779; x_wconf 89' lang='lat' dir='ltr'><strong>Thes.</strong></span> <span class='ocrx_word' id='word_1_413' title='bbox 1647 740 1730 780; x_wconf 89' lang='lat' dir='ltr'><strong>vol.</strong></span> <span class='ocrx_word' id='word_1_414' title='bbox 1749 739 1780 777; x_wconf 91' lang='lat' dir='ltr'>V</span> <span class='ocrx_word' id='word_1_415' title='bbox 1796 753 1837 791; x_wconf 86' lang='lat' dir='ltr'><strong>p.</strong></span> <span class='ocrx_word' id='word_1_416' title='bbox 1861 745 1977 788; x_wconf 75' lang='lat'><strong>2004,</strong></span> <span class='ocrx_word' id='word_1_417' title='bbox 1993 741 2162 792; x_wconf 92' lang='lat' dir='ltr'><strong>ideoque</strong></span> <span class='ocrx_word' id='word_1_418' title='bbox 2185 743 2335 796; x_wconf 76' lang='grc' dir='ltr'>ὀμφαῒος</span> 
     </span>
     <span class='ocr_line' id='line_1_61' title="bbox 1268 798 2334 858; baseline 0.005 -21"><span class='ocrx_word' id='word_1_419' title='bbox 1268 798 1372 849; x_wconf 85' lang='lat' dir='ltr'><strong>apud</strong></span> <span class='ocrx_word' id='word_1_420' title='bbox 1391 799 1573 837; x_wconf 89' lang='lat' dir='ltr'><strong>Nonnum</strong></span> <span class='ocrx_word' id='word_1_421' title='bbox 1597 798 1761 850; x_wconf 89' lang='lat' dir='ltr'><strong>Dionys.</strong></span> <span class='ocrx_word' id='word_1_422' title='bbox 1779 814 1819 850; x_wconf 89' lang='lat'><strong>9,</strong></span> <span class='ocrx_word' id='word_1_423' title='bbox 1843 800 1918 837; x_wconf 85' lang='lat'><strong>283</strong></span> <span class='ocrx_word' id='word_1_424' title='bbox 1939 813 1947 837; x_wconf 90' lang='lat'>:</span> <span class='ocrx_word' id='word_1_425' title='bbox 1971 799 2106 852; x_wconf 81' lang='grc' dir='ltr'>ὄμφαίῃ</span> <span class='ocrx_word' id='word_1_426' title='bbox 2126 802 2207 854; x_wconf 82' lang='grc' dir='ltr'>περὶ</span> <span class='ocrx_word' id='word_1_427' title='bbox 2222 802 2334 858; x_wconf 82' lang='grc' dir='ltr'>πέτρῃ</span> 
     </span>
     <span class='ocr_line' id='line_1_62' title="bbox 1267 859 2332 913; baseline 0.007 -17"><span class='ocrx_word' id='word_1_428' title='bbox 1267 867 1305 896; x_wconf 90' lang='lat' dir='ltr'><strong>et</strong></span> <span class='ocrx_word' id='word_1_429' title='bbox 1327 874 1390 906; x_wconf 82' lang='lat'><strong>12,</strong></span> <span class='ocrx_word' id='word_1_430' title='bbox 1411 865 1459 904; x_wconf 77' lang='lat'><strong>42</strong></span> <span class='ocrx_word' id='word_1_431' title='bbox 1477 859 1620 913; x_wconf 83' lang='grc' dir='ltr'>ὀμφαίῳ</span> <span class='ocrx_word' id='word_1_432' title='bbox 1634 859 1733 913; x_wconf 84' lang='grc' dir='ltr'>παρὰ</span> <span class='ocrx_word' id='word_1_433' title='bbox 1748 860 1857 913; x_wconf 77' lang='grc' dir='ltr'>τοίχῳ</span> <span class='ocrx_word' id='word_1_434' title='bbox 1875 869 1978 899; x_wconf 87' lang='lat' dir='ltr'><strong>recte</strong></span> <span class='ocrx_word' id='word_1_435' title='bbox 1995 862 2162 900; x_wconf 86' lang='lat' dir='ltr'><strong>vertitur</strong></span> <span class='ocrx_word' id='word_1_436' title='bbox 2181 869 2332 906; x_wconf 71' lang='lat' dir='ltr'><strong>vocalis.</strong></span> 
     </span>
     <span class='ocr_line' id='line_1_63' title="bbox 1267 918 2335 974; baseline 0.007 -18"><span class='ocrx_word' id='word_1_437' title='bbox 1267 918 1308 956; x_wconf 94' lang='lat' dir='ltr'><strong>Si</strong></span> <span class='ocrx_word' id='word_1_438' title='bbox 1330 918 1453 969; x_wconf 91' lang='lat' dir='ltr'><strong>igitur</strong></span> <span class='ocrx_word' id='word_1_439' title='bbox 1469 918 1654 972; x_wconf 84' lang='grc' dir='ltr'>Ὀμφαίην</span> <span class='ocrx_word' id='word_1_440' title='bbox 1685 932 1824 958; x_wconf 88' lang='lat' dir='ltr'><strong>vocem</strong></span> <span class='ocrx_word' id='word_1_441' title='bbox 1846 920 1990 958; x_wconf 90' lang='lat' dir='ltr'><strong>claram</strong></span> <span class='ocrx_word' id='word_1_442' title='bbox 2011 920 2071 958; x_wconf 86' lang='lat' dir='ltr'><strong>vel</strong></span> <span class='ocrx_word' id='word_1_443' title='bbox 2099 922 2335 974; x_wconf 88' lang='lat' dir='ltr'><strong>simpliciter</strong></span> 
     </span>
     <span class='ocr_line' id='line_1_64' title="bbox 1268 979 2337 1034; baseline 0.007 -18"><span class='ocrx_word' id='word_1_444' title='bbox 1268 992 1405 1017; x_wconf 90' lang='lat' dir='ltr'><strong>vocem</strong></span> <span class='ocrx_word' id='word_1_445' title='bbox 1441 979 1722 1029; x_wconf 85' lang='lat' dir='ltr'><strong>intelligimus,</strong></span> <span class='ocrx_word' id='word_1_446' title='bbox 1748 979 1842 1018; x_wconf 91' lang='lat' dir='ltr'><strong>huic</strong></span> <span class='ocrx_word' id='word_1_447' title='bbox 1873 981 2094 1018; x_wconf 88' lang='lat' dir='ltr'><strong>necessario</strong></span> <span class='ocrx_word' id='word_1_448' title='bbox 2126 985 2337 1034; x_wconf 88' lang='lat' dir='ltr'><strong>respondet</strong></span> 
     </span>
     <span class='ocr_line' id='line_1_65' title="bbox 1267 1038 2333 1091; baseline 0.008 -15"><span class='ocrx_word' id='word_1_449' title='bbox 1267 1038 1490 1087; x_wconf 88' lang='lat' dir='ltr'><strong>silentium,</strong></span> <span class='ocrx_word' id='word_1_450' title='bbox 1521 1048 1565 1077; x_wconf 92' lang='lat' dir='ltr'><strong>ut</strong></span> <span class='ocrx_word' id='word_1_451' title='bbox 1585 1039 1688 1091; x_wconf 87' lang='lat' dir='ltr'><strong>apud</strong></span> <span class='ocrx_word' id='word_1_452' title='bbox 1709 1039 1916 1089; x_wconf 80' lang='lat' dir='ltr'><strong>Synesium</strong></span> <span class='ocrx_word' id='word_1_453' title='bbox 1944 1040 2082 1091; x_wconf 86' lang='lat' dir='ltr'><strong>hymn.</strong></span> <span class='ocrx_word' id='word_1_454' title='bbox 2119 1040 2172 1089; x_wconf 89' lang='lat' dir='ltr'><strong>ll,</strong></span> <span class='ocrx_word' id='word_1_455' title='bbox 2196 1057 2254 1082; x_wconf 90' lang='lat' dir='ltr'><strong>vs.</strong></span> <span class='ocrx_word' id='word_1_456' title='bbox 2285 1048 2333 1085; x_wconf 82' lang='lat'><strong>63</strong></span> 
     </span>
     <span class='ocr_line' id='line_1_66' title="bbox 1267 1099 2164 1152; baseline 0.003 -17"><span class='ocrx_word' id='word_1_457' title='bbox 1267 1110 1378 1150; x_wconf 85' lang='lat' dir='ltr'><strong>seqq.</strong></span> <span class='ocrx_word' id='word_1_458' title='bbox 1397 1112 1438 1151; x_wconf 92' lang='lat' dir='ltr'><strong>p.</strong></span> <span class='ocrx_word' id='word_1_459' title='bbox 1459 1112 1508 1148; x_wconf 81' lang='lat'><strong>27</strong></span> <span class='ocrx_word' id='word_1_460' title='bbox 1529 1099 1592 1137; x_wconf 89' lang='lat' dir='ltr'><strong>ed.</strong></span> <span class='ocrx_word' id='word_1_461' title='bbox 1614 1099 1747 1150; x_wconf 86' lang='lat' dir='ltr'><strong>Steph.</strong></span> <span class='ocrx_word' id='word_1_462' title='bbox 1768 1102 1821 1151; x_wconf 82' lang='lat' dir='ltr'><strong>(p.</strong></span> <span class='ocrx_word' id='word_1_463' title='bbox 1843 1100 1917 1148; x_wconf 84' lang='lat'><strong>317</strong></span> <span class='ocrx_word' id='word_1_464' title='bbox 1937 1101 1999 1138; x_wconf 89' lang='lat' dir='ltr'><strong>ed.</strong></span> <span class='ocrx_word' id='word_1_465' title='bbox 2017 1101 2164 1152; x_wconf 90' lang='lat' dir='ltr'><strong>Petav.)</strong></span> 
     </span>
    </p>
   </div>
   <div class='ocr_carea' id='block_1_12' title="bbox 1376 1185 1969 1359">
    <p class='ocr_par' dir='ltr' id='par_1_13' title="bbox 1376 1185 1969 1359">
     <span class='ocr_line' id='line_1_67' title="bbox 1376 1185 1969 1242; baseline -0.005 -15"><span class='ocrx_word' id='word_1_466' title='bbox 1376 1185 1430 1227; x_wconf 74' lang='grc' dir='ltr'><strong>Σὺ</strong></span> <span class='ocrx_word' id='word_1_467' title='bbox 1451 1186 1596 1239; x_wconf 78' lang='grc' dir='ltr'>πατήρ,</span> <span class='ocrx_word' id='word_1_468' title='bbox 1618 1186 1659 1226; x_wconf 78' lang='grc' dir='ltr'><strong>σὺ</strong></span> <span class='ocrx_word' id='word_1_469' title='bbox 1678 1188 1708 1226; x_wconf 86' lang='grc' dir='ltr'><strong>δ’</strong></span> <span class='ocrx_word' id='word_1_470' title='bbox 1731 1187 1808 1227; x_wconf 76' lang='grc' dir='ltr'>ἐσσὶ</span> <span class='ocrx_word' id='word_1_471' title='bbox 1830 1188 1969 1242; x_wconf 72' lang='grc' dir='ltr'>μήτηρ,</span> 
     </span>
     <span class='ocr_line' id='line_1_68' title="bbox 1377 1245 1903 1300; baseline 0.004 -16"><span class='ocrx_word' id='word_1_472' title='bbox 1377 1245 1419 1285; x_wconf 80' lang='grc' dir='ltr'><strong>σὺ</strong></span> <span class='ocrx_word' id='word_1_473' title='bbox 1443 1245 1478 1285; x_wconf 86' lang='grc' dir='ltr'><strong>δὲ</strong></span> <span class='ocrx_word' id='word_1_474' title='bbox 1503 1246 1629 1300; x_wconf 79' lang='grc' dir='ltr'>ἄρῤην,</span> <span class='ocrx_word' id='word_1_475' title='bbox 1648 1246 1690 1286; x_wconf 80' lang='grc' dir='ltr'><strong>σὺ</strong></span> <span class='ocrx_word' id='word_1_476' title='bbox 1714 1245 1749 1285; x_wconf 76' lang='grc' dir='ltr'><strong>δὲ</strong></span> <span class='ocrx_word' id='word_1_477' title='bbox 1774 1249 1903 1295; x_wconf 78' lang='grc' dir='ltr'>θῆλυς,</span> 
     </span>
     <span class='ocr_line' id='line_1_69' title="bbox 1377 1304 1845 1359; baseline 0.004 -15"><span class='ocrx_word' id='word_1_478' title='bbox 1377 1304 1418 1345; x_wconf 84' lang='grc' dir='ltr'><strong>σὺ</strong></span> <span class='ocrx_word' id='word_1_479' title='bbox 1437 1305 1473 1344; x_wconf 86' lang='grc' dir='ltr'><strong>δὲ</strong></span> <span class='ocrx_word' id='word_1_480' title='bbox 1493 1305 1592 1359; x_wconf 78' lang='grc' dir='ltr'>φωναί</span> <span class='ocrx_word' id='word_1_481' title='bbox 1604 1336 1613 1353; x_wconf 92' lang='grc'>,</span> <span class='ocrx_word' id='word_1_482' title='bbox 1634 1305 1676 1345; x_wconf 71' lang='grc' dir='ltr'><strong>σὺ</strong></span> <span class='ocrx_word' id='word_1_483' title='bbox 1694 1305 1730 1345; x_wconf 83' lang='grc' dir='ltr'><strong>δὲ</strong></span> <span class='ocrx_word' id='word_1_484' title='bbox 1747 1307 1845 1359; x_wconf 80' lang='grc' dir='ltr'>σιγᾶ,</span> 
     </span>
    </p>
   </div>
   <div class='ocr_carea' id='block_1_13' title="bbox 1266 1394 2336 1672">
    <p class='ocr_par' dir='ltr' id='par_1_14' title="bbox 1266 1394 2336 1672">
     <span class='ocr_line' id='line_1_70' title="bbox 1267 1394 2333 1449; baseline 0.005 -18"><span class='ocrx_word' id='word_1_485' title='bbox 1267 1407 1383 1445; x_wconf 90' lang='lat' dir='ltr'><strong>quem</strong></span> <span class='ocrx_word' id='word_1_486' title='bbox 1410 1394 1539 1433; x_wconf 88' lang='lat' dir='ltr'><strong>locum</strong></span> <span class='ocrx_word' id='word_1_487' title='bbox 1557 1394 1639 1446; x_wconf 88' lang='lat' dir='ltr'><strong>jam</strong></span> <span class='ocrx_word' id='word_1_488' title='bbox 1664 1395 1892 1435; x_wconf 86' lang='lat' dir='ltr'><strong>laudaverat</strong></span> <span class='ocrx_word' id='word_1_489' title='bbox 1912 1397 2113 1445; x_wconf 88' lang='lat' dir='ltr'><strong>Sturzius‚</strong></span> <span class='ocrx_word' id='word_1_490' title='bbox 2144 1412 2224 1437; x_wconf 92' lang='lat' dir='ltr'><strong>non</strong></span> <span class='ocrx_word' id='word_1_491' title='bbox 2255 1399 2333 1449; x_wconf 84' lang='lat' dir='ltr'><strong>im-</strong></span> 
     </span>
     <span class='ocr_line' id='line_1_71' title="bbox 1268 1454 2330 1510; baseline 0.006 -19"><span class='ocrx_word' id='word_1_492' title='bbox 1268 1467 1416 1492; x_wconf 91' lang='lat' dir='ltr'><strong>memor</strong></span> <span class='ocrx_word' id='word_1_493' title='bbox 1425 1454 1634 1506; x_wconf 85' lang='lat' dir='ltr'><strong>Synesium</strong></span> <span class='ocrx_word' id='word_1_494' title='bbox 1650 1468 1699 1494; x_wconf 88' lang='lat' dir='ltr'><strong>ex</strong></span> <span class='ocrx_word' id='word_1_495' title='bbox 1711 1465 1838 1495; x_wconf 91' lang='lat' dir='ltr'><strong>mente</strong></span> <span class='ocrx_word' id='word_1_496' title='bbox 1850 1457 2189 1508; x_wconf 85' lang='lat' dir='ltr'><strong>Pythagoreorum</strong></span> <span class='ocrx_word' id='word_1_497' title='bbox 2205 1459 2330 1510; x_wconf 91' lang='lat' dir='ltr'><strong>loqui.</strong></span> 
     </span>
     <span class='ocr_line' id='line_1_72' title="bbox 1266 1513 2333 1570; baseline 0.007 -19"><span class='ocrx_word' id='word_1_498' title='bbox 1266 1513 1531 1559; x_wconf 89' lang='lat' dir='ltr'><strong>Quamobrem</strong></span> <span class='ocrx_word' id='word_1_499' title='bbox 1565 1516 1682 1553; x_wconf 88' lang='lat' dir='ltr'><strong>etiam</strong></span> <span class='ocrx_word' id='word_1_500' title='bbox 1718 1516 1909 1567; x_wconf 83' lang='lat' dir='ltr'><strong>Bergkius</strong></span> <span class='ocrx_word' id='word_1_501' title='bbox 1940 1517 1988 1556; x_wconf 93' lang='lat' dir='ltr'><strong>de</strong></span> <span class='ocrx_word' id='word_1_502' title='bbox 2015 1517 2128 1570; x_wconf 82' lang='lat' dir='ltr'><strong>Emp.</strong></span> <span class='ocrx_word' id='word_1_503' title='bbox 2157 1518 2333 1559; x_wconf 88' lang='lat' dir='ltr'><strong>Prooem.</strong></span> 
     </span>
     <span class='ocr_line' id='line_1_73' title="bbox 1268 1573 2336 1625; baseline 0.007 -14"><span class='ocrx_word' id='word_1_504' title='bbox 1268 1586 1306 1624; x_wconf 89' lang='lat' dir='ltr'><strong>p.</strong></span> <span class='ocrx_word' id='word_1_505' title='bbox 1334 1575 1381 1619; x_wconf 77' lang='lat'><strong>34</strong></span> <span class='ocrx_word' id='word_1_506' title='bbox 1402 1573 1580 1613; x_wconf 88' lang='lat' dir='ltr'><strong>doricum</strong></span> <span class='ocrx_word' id='word_1_507' title='bbox 1603 1574 1707 1622; x_wconf 83' lang='grc' dir='ltr'>σωπή</span> <span class='ocrx_word' id='word_1_508' title='bbox 1729 1576 1757 1614; x_wconf 89' lang='lat' dir='ltr'><strong>i.</strong></span> <span class='ocrx_word' id='word_1_509' title='bbox 1780 1590 1813 1615; x_wconf 91' lang='lat' dir='ltr'><strong>e.</strong></span> <span class='ocrx_word' id='word_1_510' title='bbox 1838 1577 1956 1625; x_wconf 86' lang='grc' dir='ltr'>σιωπή</span> <span class='ocrx_word' id='word_1_511' title='bbox 1974 1579 2111 1617; x_wconf 85' lang='lat' dir='ltr'><strong>versui</strong></span> <span class='ocrx_word' id='word_1_512' title='bbox 2127 1579 2264 1618; x_wconf 82' lang='lat' dir='ltr'><strong>intulit</strong></span> <span class='ocrx_word' id='word_1_513' title='bbox 2282 1580 2336 1618; x_wconf 84' lang='lat' dir='ltr'><strong>ita</strong></span> 
     </span>
     <span class='ocr_line' id='line_1_74' title="bbox 1267 1633 1507 1672; baseline 0.008 -2"><span class='ocrx_word' id='word_1_514' title='bbox 1267 1633 1478 1672; x_wconf 87' lang='lat' dir='ltr'><strong>scribendo</strong></span> <span class='ocrx_word' id='word_1_515' title='bbox 1499 1649 1507 1672; x_wconf 89' lang='lat'>:</span> 
     </span>
    </p>
   </div>
   <div class='ocr_carea' id='block_1_14' title="bbox 1375 1725 2075 1783">
    <p class='ocr_par' dir='ltr' id='par_1_15' title="bbox 1375 1725 2075 1783">
     <span class='ocr_line' id='line_1_75' title="bbox 1375 1725 2075 1783; baseline 0.009 -20"><span class='ocrx_word' id='word_1_516' title='bbox 1375 1725 1435 1764; x_wconf 84' lang='grc' dir='ltr'><strong>καὶ</strong></span> <span class='ocrx_word' id='word_1_517' title='bbox 1456 1725 1598 1780; x_wconf 80' lang='grc' dir='ltr'>Ἀφορίη</span> <span class='ocrx_word' id='word_1_518' title='bbox 1621 1726 1734 1774; x_wconf 82' lang='grc' dir='ltr'>Σωπή</span> <span class='ocrx_word' id='word_1_519' title='bbox 1759 1743 1797 1767; x_wconf 85' lang='grc' dir='ltr'><strong>τε</strong></span> <span class='ocrx_word' id='word_1_520' title='bbox 1817 1727 1877 1766; x_wconf 81' lang='grc' dir='ltr'><strong>καὶ</strong></span> <span class='ocrx_word' id='word_1_521' title='bbox 1897 1728 2075 1783; x_wconf 79' lang='grc' dir='ltr'>Ὀμφαίη.</span> 
     </span>
    </p>
   </div>
   <div class='ocr_carea' id='block_1_15' title="bbox 1266 1813 2334 2452">
    <p class='ocr_par' dir='ltr' id='par_1_16' title="bbox 1266 1813 2334 2452">
     <span class='ocr_line' id='line_1_76' title="bbox 1267 1813 2334 1872; baseline 0.009 -22"><span class='ocrx_word' id='word_1_522' title='bbox 1267 1813 1342 1851; x_wconf 74' lang='lat' dir='ltr'><strong>Sed</strong></span> <span class='ocrx_word' id='word_1_523' title='bbox 1358 1826 1485 1865; x_wconf 90' lang='lat' dir='ltr'><strong>neque</strong></span> <span class='ocrx_word' id='word_1_524' title='bbox 1501 1813 1665 1867; x_wconf 75' lang='grc' dir='ltr'>Ἀφορίην</span> <span class='ocrx_word' id='word_1_525' title='bbox 1681 1817 1837 1867; x_wconf 88' lang='lat' dir='ltr'><strong>placere</strong></span> <span class='ocrx_word' id='word_1_526' title='bbox 1855 1817 1972 1856; x_wconf 90' lang='lat' dir='ltr'><strong>nobis</strong></span> <span class='ocrx_word' id='word_1_527' title='bbox 1983 1832 2098 1870; x_wconf 89' lang='lat' dir='ltr'><strong>posse</strong></span> <span class='ocrx_word' id='word_1_528' title='bbox 2116 1833 2164 1858; x_wconf 87' lang='lat' dir='ltr'><strong>ex</strong></span> <span class='ocrx_word' id='word_1_529' title='bbox 2179 1820 2229 1859; x_wconf 90' lang='lat' dir='ltr'><strong>iis</strong></span> <span class='ocrx_word' id='word_1_530' title='bbox 2247 1834 2334 1872; x_wconf 85' lang='lat' dir='ltr'><strong>quae</strong></span> 
     </span>
     <span class='ocr_line' id='line_1_77' title="bbox 1266 1875 2334 1931; baseline 0.005 -19"><span class='ocrx_word' id='word_1_531' title='bbox 1266 1887 1387 1926; x_wconf 89' lang='lat' dir='ltr'><strong>supra</strong></span> <span class='ocrx_word' id='word_1_532' title='bbox 1409 1875 1589 1926; x_wconf 84' lang='lat' dir='ltr'><strong>exposita</strong></span> <span class='ocrx_word' id='word_1_533' title='bbox 1612 1885 1703 1914; x_wconf 88' lang='lat' dir='ltr'><strong>sunt</strong></span> <span class='ocrx_word' id='word_1_534' title='bbox 1723 1877 1916 1928; x_wconf 88' lang='lat' dir='ltr'><strong>sequitur,</strong></span> <span class='ocrx_word' id='word_1_535' title='bbox 1938 1891 2065 1929; x_wconf 90' lang='lat' dir='ltr'><strong>neque</strong></span> <span class='ocrx_word' id='word_1_536' title='bbox 2083 1877 2217 1925; x_wconf 83' lang='grc' dir='ltr'>Σωπήν</span> <span class='ocrx_word' id='word_1_537' title='bbox 2242 1893 2334 1931; x_wconf 89' lang='lat' dir='ltr'><strong>pro-</strong></span> 
     </span>
     <span class='ocr_line' id='line_1_78' title="bbox 1266 1933 2333 1989; baseline 0.006 -18"><span class='ocrx_word' id='word_1_538' title='bbox 1266 1933 1518 1984; x_wconf 89' lang='lat' dir='ltr'><strong>pterdialecti</strong></span> <span class='ocrx_word' id='word_1_539' title='bbox 1530 1934 1795 1974; x_wconf 86' lang='lat' dir='ltr'><strong>diversitatem</strong></span> <span class='ocrx_word' id='word_1_540' title='bbox 1808 1936 2078 1989; x_wconf 86' lang='lat' dir='ltr'><strong>Empedocleis</strong></span> <span class='ocrx_word' id='word_1_541' title='bbox 2087 1938 2333 1977; x_wconf 87' lang='lat' dir='ltr'><strong>carminibus</strong></span> 
     </span>
     <span class='ocr_line' id='line_1_79' title="bbox 1266 1994 2333 2046; baseline 0.006 -15"><span class='ocrx_word' id='word_1_542' title='bbox 1266 1994 1479 2039; x_wconf 87' lang='lat' dir='ltr'><strong>convenire</strong></span> <span class='ocrx_word' id='word_1_543' title='bbox 1511 2003 1688 2046; x_wconf 86' lang='lat' dir='ltr'><strong>apertum</strong></span> <span class='ocrx_word' id='word_1_544' title='bbox 1718 2004 1786 2034; x_wconf 89' lang='lat' dir='ltr'><strong>est.</strong></span> <span class='ocrx_word' id='word_1_545' title='bbox 1809 1996 2000 2035; x_wconf 89' lang='lat' dir='ltr'><strong>Similiter</strong></span> <span class='ocrx_word' id='word_1_546' title='bbox 2020 1997 2192 2036; x_wconf 88' lang='lat' dir='ltr'><strong>Steinius</strong></span> <span class='ocrx_word' id='word_1_547' title='bbox 2226 2012 2234 2036; x_wconf 88' lang='lat'>:</span> <span class='ocrx_word' id='word_1_548' title='bbox 2272 2000 2333 2036; x_wconf 82' lang='grc' dir='ltr'><strong>καὶ</strong></span> 
     </span>
     <span class='ocr_line' id='line_1_80' title="bbox 1267 2053 2331 2111; baseline 0.004 -19"><span class='ocrx_word' id='word_1_549' title='bbox 1267 2053 1416 2106; x_wconf 78' lang='grc' dir='ltr'>ψορύη,</span> <span class='ocrx_word' id='word_1_550' title='bbox 1443 2054 1557 2101; x_wconf 82' lang='grc' dir='ltr'>Σωπή</span> <span class='ocrx_word' id='word_1_551' title='bbox 1587 2071 1625 2093; x_wconf 87' lang='grc' dir='ltr'><strong>τε</strong></span> <span class='ocrx_word' id='word_1_552' title='bbox 1657 2055 1716 2094; x_wconf 82' lang='grc' dir='ltr'><strong>καὶ</strong></span> <span class='ocrx_word' id='word_1_553' title='bbox 1751 2055 1928 2111; x_wconf 82' lang='grc' dir='ltr'>Ὀμφαίη.</span> <span class='ocrx_word' id='word_1_554' title='bbox 1961 2057 2101 2096; x_wconf 87' lang='lat' dir='ltr'><strong>Miram</strong></span> <span class='ocrx_word' id='word_1_555' title='bbox 2131 2070 2228 2096; x_wconf 86' lang='lat' dir='ltr'><strong>vero</strong></span> <span class='ocrx_word' id='word_1_556' title='bbox 2249 2071 2331 2097; x_wconf 83' lang='lat' dir='ltr'><strong>rem</strong></span> 
     </span>
     <span class='ocr_line' id='line_1_81' title="bbox 1267 2114 2331 2170; baseline 0.007 -19"><span class='ocrx_word' id='word_1_557' title='bbox 1267 2114 1498 2153; x_wconf 87' lang='lat' dir='ltr'><strong>informavit</strong></span> <span class='ocrx_word' id='word_1_558' title='bbox 1515 2114 1839 2155; x_wconf 85' lang='lat' dir='ltr'><strong>Panzerbieterus</strong></span> <span class='ocrx_word' id='word_1_559' title='bbox 1859 2116 2111 2169; x_wconf 87' lang='lat' dir='ltr'><strong>Ephemerid.</strong></span> <span class='ocrx_word' id='word_1_560' title='bbox 2132 2118 2331 2170; x_wconf 81' lang='lat' dir='ltr'><strong>antiquar.</strong></span> 
     </span>
     <span class='ocr_line' id='line_1_82' title="bbox 1267 2173 2333 2229; baseline 0.007 -20"><span class='ocrx_word' id='word_1_561' title='bbox 1267 2187 1300 2210; x_wconf 84' lang='lat' dir='ltr'><strong>a.</strong></span> <span class='ocrx_word' id='word_1_562' title='bbox 1327 2173 1428 2219; x_wconf 75' lang='lat'>1845</span> <span class='ocrx_word' id='word_1_563' title='bbox 1451 2187 1488 2225; x_wconf 89' lang='lat' dir='ltr'><strong>p.</strong></span> <span class='ocrx_word' id='word_1_564' title='bbox 1513 2174 1606 2225; x_wconf 88' lang='lat'><strong>890.</strong></span> <span class='ocrx_word' id='word_1_565' title='bbox 1630 2174 1708 2220; x_wconf 89' lang='lat' dir='ltr'><strong>Qui</strong></span> <span class='ocrx_word' id='word_1_566' title='bbox 1742 2183 1831 2226; x_wconf 92' lang='lat' dir='ltr'><strong>post</strong></span> <span class='ocrx_word' id='word_1_567' title='bbox 1852 2174 2051 2228; x_wconf 82' lang='grc' dir='ltr'>Ἀστεμφής</span> <span class='ocrx_word' id='word_1_568' title='bbox 2079 2176 2240 2216; x_wconf 87' lang='lat' dir='ltr'><strong>dearum</strong></span> <span class='ocrx_word' id='word_1_569' title='bbox 2262 2191 2333 2229; x_wconf 90' lang='lat' dir='ltr'><strong>par</strong></span> 
     </span>
     <span class='ocr_line' id='line_1_83' title="bbox 1267 2232 2329 2286; baseline 0.005 -16"><span class='ocrx_word' id='word_1_570' title='bbox 1267 2232 1485 2271; x_wconf 88' lang='lat' dir='ltr'><strong>desiderari</strong></span> <span class='ocrx_word' id='word_1_571' title='bbox 1524 2233 1763 2271; x_wconf 89' lang='lat' dir='ltr'><strong>contendens</strong></span> <span class='ocrx_word' id='word_1_572' title='bbox 1797 2234 2014 2286; x_wconf 87' lang='lat' dir='ltr'><strong>itidemque</strong></span> <span class='ocrx_word' id='word_1_573' title='bbox 2053 2235 2186 2275; x_wconf 89' lang='lat' dir='ltr'><strong>deesse</strong></span> <span class='ocrx_word' id='word_1_574' title='bbox 2219 2237 2329 2275; x_wconf 88' lang='lat' dir='ltr'><strong>deam</strong></span> 
     </span>
     <span class='ocr_line' id='line_1_84' title="bbox 1266 2292 2332 2347; baseline 0.005 -17"><span class='ocrx_word' id='word_1_575' title='bbox 1266 2292 1458 2344; x_wconf 85' lang='lat' dir='ltr'><strong>Majestati</strong></span> <span class='ocrx_word' id='word_1_576' title='bbox 1477 2294 1788 2345; x_wconf 86' lang='lat' dir='ltr'><strong>respondentem,</strong></span> <span class='ocrx_word' id='word_1_577' title='bbox 1803 2295 1945 2344; x_wconf 90' lang='lat' dir='ltr'><strong>positis</strong></span> <span class='ocrx_word' id='word_1_578' title='bbox 1964 2295 2190 2334; x_wconf 87' lang='lat' dir='ltr'><strong>lacunarum</strong></span> <span class='ocrx_word' id='word_1_579' title='bbox 2206 2298 2332 2347; x_wconf 88' lang='lat' dir='ltr'><strong>signis</strong></span> 
     </span>
     <span class='ocr_line' id='line_1_85' title="bbox 1266 2352 2332 2409; baseline 0.005 -20"><span class='ocrx_word' id='word_1_580' title='bbox 1266 2352 1320 2390; x_wconf 85' lang='lat' dir='ltr'><strong>ita</strong></span> <span class='ocrx_word' id='word_1_581' title='bbox 1342 2353 1468 2390; x_wconf 87' lang='lat' dir='ltr'><strong>locum</strong></span> <span class='ocrx_word' id='word_1_582' title='bbox 1492 2353 1715 2404; x_wconf 87' lang='lat' dir='ltr'><strong>discerpere</strong></span> <span class='ocrx_word' id='word_1_583' title='bbox 1734 2352 1893 2391; x_wconf 83' lang='lat' dir='ltr'><strong>volebat</strong></span> <span class='ocrx_word' id='word_1_584' title='bbox 1917 2367 1925 2390; x_wconf 73' lang='grc' dir='ltr'>ε</span> <span class='ocrx_word' id='word_1_585' title='bbox 1956 2353 2054 2392; x_wconf 84' lang='grc' dir='ltr'>Κινώ</span> <span class='ocrx_word' id='word_1_586' title='bbox 2075 2353 2106 2392; x_wconf 88' lang='grc' dir='ltr'><strong>τ’</strong></span> <span class='ocrx_word' id='word_1_587' title='bbox 2131 2354 2332 2409; x_wconf 77' lang='grc' dir='ltr'>Ἀστεμφής</span> 
     </span>
     <span class='ocr_line' id='line_1_86' title="bbox 1266 2425 1524 2452; baseline 0.008 -5"><span class='ocrx_word' id='word_1_588' title='bbox 1266 2425 1304 2448; x_wconf 78' lang='grc' dir='ltr'><strong>ΤΞ</strong></span> <span class='ocrx_word' id='word_1_589' title='bbox 1335 2438 1524 2452; x_wconf 78' lang='grc'><strong>.....</strong></span> 
     </span>
    </p>
   </div>
   <div class='ocr_carea' id='block_1_16' title="bbox 1596 2492 2329 2608">
    <p class='ocr_par' dir='ltr' id='par_1_17' title="bbox 1596 2492 2329 2608">
     <span class='ocr_line' id='line_1_87' title="bbox 1820 2492 2329 2548; baseline 0.01 -17"><span class='ocrx_word' id='word_1_590' title='bbox 1820 2492 2081 2548; x_wconf 72' lang='grc' dir='ltr'>πολυστέφανός</span> <span class='ocrx_word' id='word_1_591' title='bbox 2096 2511 2133 2533; x_wconf 86' lang='grc' dir='ltr'><strong>τε</strong></span> <span class='ocrx_word' id='word_1_592' title='bbox 2158 2498 2329 2546; x_wconf 84' lang='grc' dir='ltr'>Μεγιστώ</span> 
     </span>
     <span class='ocr_line' id='line_1_88' title="bbox 1596 2552 2267 2608; baseline 0.003 -17"><span class='ocrx_word' id='word_1_593' title='bbox 1596 2552 1656 2591; x_wconf 84' lang='grc' dir='ltr'><strong>καὶ</strong></span> <span class='ocrx_word' id='word_1_594' title='bbox 1677 2552 1794 2605; x_wconf 86' lang='grc' dir='ltr'>Φορίη</span> <span class='ocrx_word' id='word_1_595' title='bbox 1814 2552 1930 2601; x_wconf 89' lang='grc' dir='ltr'>Μονίη</span> <span class='ocrx_word' id='word_1_596' title='bbox 1951 2569 1987 2592; x_wconf 84' lang='grc' dir='ltr'><strong>τε</strong></span> <span class='ocrx_word' id='word_1_597' title='bbox 2007 2554 2068 2592; x_wconf 80' lang='grc' dir='ltr'><strong>καὶ</strong></span> <span class='ocrx_word' id='word_1_598' title='bbox 2090 2554 2267 2608; x_wconf 77' lang='grc' dir='ltr'>Ὀμφαίη.</span> 
     </span>
    </p>
   </div>
   <div class='ocr_carea' id='block_1_17' title="bbox 1263 2646 2329 3235">
    <p class='ocr_par' dir='ltr' id='par_1_18' title="bbox 1263 2646 2329 3235">
     <span class='ocr_line' id='line_1_89' title="bbox 1266 2646 2328 2701; baseline 0.004 -18"><span class='ocrx_word' id='word_1_599' title='bbox 1266 2646 1332 2684; x_wconf 82' lang='lat' dir='ltr'><strong>Ait</strong></span> <span class='ocrx_word' id='word_1_600' title='bbox 1360 2654 1487 2685; x_wconf 90' lang='lat' dir='ltr'><strong>autem</strong></span> <span class='ocrx_word' id='word_1_601' title='bbox 1511 2646 1610 2685; x_wconf 85' lang='grc' dir='ltr'>Κινώ</span> <span class='ocrx_word' id='word_1_602' title='bbox 1630 2655 1668 2685; x_wconf 90' lang='lat' dir='ltr'><strong>et</strong></span> <span class='ocrx_word' id='word_1_603' title='bbox 1684 2646 1883 2701; x_wconf 80' lang='grc' dir='ltr'>Ἀστεμφής</span> <span class='ocrx_word' id='word_1_604' title='bbox 1902 2647 1951 2686; x_wconf 89' lang='lat' dir='ltr'><strong>ad</strong></span> <span class='ocrx_word' id='word_1_605' title='bbox 1973 2648 2222 2699; x_wconf 87' lang='lat' dir='ltr'><strong>qualitatem,</strong></span> <span class='ocrx_word' id='word_1_606' title='bbox 2250 2651 2328 2689; x_wconf 75' lang='lat' dir='ltr'><strong>(Do-</strong></span> 
     </span>
     <span class='ocr_line' id='line_1_90' title="bbox 1267 2705 2327 2759; baseline 0.005 -17"><span class='ocrx_word' id='word_1_607' title='bbox 1267 2705 1342 2757; x_wconf 82' lang='grc' dir='ltr'>ρίην</span> <span class='ocrx_word' id='word_1_608' title='bbox 1357 2714 1394 2744; x_wconf 92' lang='lat' dir='ltr'><strong>et</strong></span> <span class='ocrx_word' id='word_1_609' title='bbox 1406 2706 1542 2753; x_wconf 87' lang='grc' dir='ltr'>Μονίην</span> <span class='ocrx_word' id='word_1_610' title='bbox 1554 2707 1601 2744; x_wconf 92' lang='lat' dir='ltr'><strong>ad</strong></span> <span class='ocrx_word' id='word_1_611' title='bbox 1614 2707 1743 2745; x_wconf 91' lang='lat' dir='ltr'><strong>locum</strong></span> <span class='ocrx_word' id='word_1_612' title='bbox 1765 2708 1976 2759; x_wconf 86' lang='lat' dir='ltr'><strong>pertinere.</strong></span> <span class='ocrx_word' id='word_1_613' title='bbox 1996 2708 2120 2753; x_wconf 89' lang='lat' dir='ltr'><strong>Quam</strong></span> <span class='ocrx_word' id='word_1_614' title='bbox 2136 2709 2327 2747; x_wconf 87' lang='lat' dir='ltr'><strong>rationem</strong></span> 
     </span>
     <span class='ocr_line' id='line_1_91' title="bbox 1266 2765 2329 2820; baseline 0.004 -17"><span class='ocrx_word' id='word_1_615' title='bbox 1266 2765 1382 2804; x_wconf 88' lang='lat' dir='ltr'><strong>nobis</strong></span> <span class='ocrx_word' id='word_1_616' title='bbox 1413 2779 1492 2804; x_wconf 90' lang='lat' dir='ltr'><strong>non</strong></span> <span class='ocrx_word' id='word_1_617' title='bbox 1526 2765 1688 2818; x_wconf 86' lang='lat' dir='ltr'><strong>probari</strong></span> <span class='ocrx_word' id='word_1_618' title='bbox 1722 2780 1849 2818; x_wconf 89' lang='lat' dir='ltr'><strong>neque</strong></span> <span class='ocrx_word' id='word_1_619' title='bbox 1879 2768 2067 2806; x_wconf 89' lang='lat' dir='ltr'><strong>omissum</strong></span> <span class='ocrx_word' id='word_1_620' title='bbox 2098 2782 2183 2807; x_wconf 89' lang='lat' dir='ltr'><strong>esse</strong></span> <span class='ocrx_word' id='word_1_621' title='bbox 2214 2770 2329 2820; x_wconf 89' lang='lat' dir='ltr'><strong>quid-</strong></span> 
     </span>
     <span class='ocr_line' id='line_1_92' title="bbox 1267 2825 2327 2879; baseline 0.007 -18"><span class='ocrx_word' id='word_1_622' title='bbox 1267 2838 1381 2875; x_wconf 89' lang='lat' dir='ltr'><strong>quam</strong></span> <span class='ocrx_word' id='word_1_623' title='bbox 1393 2855 1406 2875; x_wconf 83' lang='lat'><strong>,</strong></span> <span class='ocrx_word' id='word_1_624' title='bbox 1423 2825 1528 2876; x_wconf 89' lang='lat' dir='ltr'><strong>quod</strong></span> <span class='ocrx_word' id='word_1_625' title='bbox 1546 2826 1594 2864; x_wconf 90' lang='lat' dir='ltr'><strong>ad</strong></span> <span class='ocrx_word' id='word_1_626' title='bbox 1610 2827 1762 2878; x_wconf 88' lang='lat' dir='ltr'><strong>plenam</strong></span> <span class='ocrx_word' id='word_1_627' title='bbox 1783 2828 2012 2866; x_wconf 84' lang='lat' dir='ltr'><strong>sententiam</strong></span> <span class='ocrx_word' id='word_1_628' title='bbox 2030 2828 2208 2879; x_wconf 90' lang='lat' dir='ltr'><strong>requiras</strong></span> <span class='ocrx_word' id='word_1_629' title='bbox 2220 2858 2230 2876; x_wconf 90' lang='lat'>‚</span> <span class='ocrx_word' id='word_1_630' title='bbox 2248 2843 2327 2868; x_wconf 91' lang='lat' dir='ltr'><strong>non</strong></span> 
     </span>
     <span class='ocr_line' id='line_1_93' title="bbox 1265 2884 2325 2936; baseline 0.007 -16"><span class='ocrx_word' id='word_1_631' title='bbox 1265 2892 1322 2921; x_wconf 89' lang='lat' dir='ltr'><strong>est</strong></span> <span class='ocrx_word' id='word_1_632' title='bbox 1336 2884 1444 2934; x_wconf 89' lang='lat' dir='ltr'><strong>quod</strong></span> <span class='ocrx_word' id='word_1_633' title='bbox 1459 2885 1574 2924; x_wconf 87' lang='lat' dir='ltr'><strong>novis</strong></span> <span class='ocrx_word' id='word_1_634' title='bbox 1589 2886 1830 2936; x_wconf 87' lang='lat' dir='ltr'><strong>argumentis</strong></span> <span class='ocrx_word' id='word_1_635' title='bbox 1845 2886 2121 2925; x_wconf 88' lang='lat' dir='ltr'><strong>demonstrem.</strong></span> <span class='ocrx_word' id='word_1_636' title='bbox 2137 2887 2182 2925; x_wconf 93' lang='lat' dir='ltr'><strong>Id</strong></span> <span class='ocrx_word' id='word_1_637' title='bbox 2198 2896 2325 2927; x_wconf 86' lang='lat' dir='ltr'><strong>tamen</strong></span> 
     </span>
     <span class='ocr_line' id='line_1_94' title="bbox 1267 2943 2327 2997; baseline 0.005 -16"><span class='ocrx_word' id='word_1_638' title='bbox 1267 2943 1355 2981; x_wconf 91' lang='lat' dir='ltr'><strong>viro</strong></span> <span class='ocrx_word' id='word_1_639' title='bbox 1373 2944 1489 2982; x_wconf 85' lang='lat' dir='ltr'><strong>docto</strong></span> <span class='ocrx_word' id='word_1_640' title='bbox 1512 2945 1784 2993; x_wconf 89' lang='lat' dir='ltr'><strong>concedimus,</strong></span> <span class='ocrx_word' id='word_1_641' title='bbox 1807 2946 1991 2997; x_wconf 88' lang='lat' dir='ltr'><strong>quoniam</strong></span> <span class='ocrx_word' id='word_1_642' title='bbox 2014 2960 2037 2985; x_wconf 86' lang='lat' dir='ltr'><strong>a</strong></span> <span class='ocrx_word' id='word_1_643' title='bbox 2062 2946 2237 2986; x_wconf 87' lang='lat' dir='ltr'><strong>Cornuto</strong></span> <span class='ocrx_word' id='word_1_644' title='bbox 2263 2949 2327 2987; x_wconf 92' lang='lat' dir='ltr'><strong>ul-</strong></span> 
     </span>
     <span class='ocr_line' id='line_1_95' title="bbox 1265 3002 2326 3054; baseline 0.007 -16"><span class='ocrx_word' id='word_1_645' title='bbox 1265 3002 1358 3040; x_wconf 88' lang='lat' dir='ltr'><strong>tima</strong></span> <span class='ocrx_word' id='word_1_646' title='bbox 1379 3002 1502 3042; x_wconf 86' lang='lat' dir='ltr'><strong>verba</strong></span> <span class='ocrx_word' id='word_1_647' title='bbox 1522 3005 1650 3043; x_wconf 92' lang='lat' dir='ltr'><strong>soluto</strong></span> <span class='ocrx_word' id='word_1_648' title='bbox 1670 3013 1794 3043; x_wconf 89' lang='lat' dir='ltr'><strong>metro</strong></span> <span class='ocrx_word' id='word_1_649' title='bbox 1814 3006 1934 3044; x_wconf 89' lang='lat' dir='ltr'><strong>relata</strong></span> <span class='ocrx_word' id='word_1_650' title='bbox 1954 3014 2065 3054; x_wconf 85' lang='lat' dir='ltr'><strong>sunt,</strong></span> <span class='ocrx_word' id='word_1_651' title='bbox 2087 3006 2220 3045; x_wconf 86' lang='lat' dir='ltr'><strong>deesse</strong></span> <span class='ocrx_word' id='word_1_652' title='bbox 2252 3007 2326 3045; x_wconf 87' lang='lat' dir='ltr'><strong>ali-</strong></span> 
     </span>
     <span class='ocr_line' id='line_1_96' title="bbox 1265 3062 2326 3119; baseline 0.005 -20"><span class='ocrx_word' id='word_1_653' title='bbox 1265 3062 1362 3112; x_wconf 89' lang='lat' dir='ltr'><strong>quid</strong></span> <span class='ocrx_word' id='word_1_654' title='bbox 1398 3063 1446 3101; x_wconf 89' lang='lat' dir='ltr'><strong>ad</strong></span> <span class='ocrx_word' id='word_1_655' title='bbox 1478 3077 1616 3103; x_wconf 86' lang='lat' dir='ltr'><strong>versus</strong></span> <span class='ocrx_word' id='word_1_656' title='bbox 1657 3066 1935 3115; x_wconf 87' lang='lat' dir='ltr'><strong>integritatem.</strong></span> <span class='ocrx_word' id='word_1_657' title='bbox 1972 3065 2167 3112; x_wconf 85' lang='lat' dir='ltr'><strong>Quocirca</strong></span> <span class='ocrx_word' id='word_1_658' title='bbox 2199 3080 2326 3119; x_wconf 85' lang='lat' dir='ltr'><strong>nuper</strong></span> 
     </span>
     <span class='ocr_line' id='line_1_97' title="bbox 1263 3120 2325 3175; baseline 0.007 -18"><span class='ocrx_word' id='word_1_659' title='bbox 1263 3120 1443 3160; x_wconf 89' lang='lat' dir='ltr'><strong>Osannus</strong></span> <span class='ocrx_word' id='word_1_660' title='bbox 1473 3135 1615 3173; x_wconf 90' lang='lat' dir='ltr'><strong>magna</strong></span> <span class='ocrx_word' id='word_1_661' title='bbox 1656 3137 1703 3162; x_wconf 87' lang='lat' dir='ltr'><strong>ex</strong></span> <span class='ocrx_word' id='word_1_662' title='bbox 1734 3133 1844 3175; x_wconf 85' lang='lat' dir='ltr'><strong>parte</strong></span> <span class='ocrx_word' id='word_1_663' title='bbox 1881 3124 2131 3163; x_wconf 88' lang='lat' dir='ltr'><strong>Karstenium</strong></span> <span class='ocrx_word' id='word_1_664' title='bbox 2174 3134 2325 3164; x_wconf 91' lang='lat' dir='ltr'><strong>secutus</strong></span> 
     </span>
     <span class='ocr_line' id='line_1_98' title="bbox 1264 3181 2196 3235; baseline 0.009 -19"><span class='ocrx_word' id='word_1_665' title='bbox 1264 3188 1386 3218; x_wconf 91' lang='lat' dir='ltr'><strong>metro</strong></span> <span class='ocrx_word' id='word_1_666' title='bbox 1404 3189 1493 3233; x_wconf 90' lang='lat' dir='ltr'><strong>post</strong></span> <span class='ocrx_word' id='word_1_667' title='bbox 1509 3181 1682 3234; x_wconf 84' lang='grc' dir='ltr'>Μεγιστώ</span> <span class='ocrx_word' id='word_1_668' title='bbox 1697 3182 1778 3234; x_wconf 88' lang='lat' dir='ltr'><strong>jam</strong></span> <span class='ocrx_word' id='word_1_669' title='bbox 1800 3183 1967 3235; x_wconf 88' lang='lat' dir='ltr'><strong>abrupto</strong></span> <span class='ocrx_word' id='word_1_670' title='bbox 1988 3186 2164 3224; x_wconf 86' lang='lat' dir='ltr'><strong>exaravit</strong></span> <span class='ocrx_word' id='word_1_671' title='bbox 2186 3199 2196 3224; x_wconf 94' lang='lat'><strong>.·</strong></span> 
     </span>
    </p>
   </div>
   <div class='ocr_carea' id='block_1_18' title="bbox 1315 3281 2269 3515">
    <p class='ocr_par' dir='ltr' id='par_1_19' title="bbox 1315 3281 2269 3457">
     <span class='ocr_line' id='line_1_99' title="bbox 1318 3281 2247 3340; baseline 0.006 -19"><span class='ocrx_word' id='word_1_672' title='bbox 1318 3281 1434 3321; x_wconf 84' lang='grc' dir='ltr'>Φυσώ</span> <span class='ocrx_word' id='word_1_673' title='bbox 1458 3298 1496 3322; x_wconf 87' lang='grc' dir='ltr'><strong>τε</strong></span> <span class='ocrx_word' id='word_1_674' title='bbox 1521 3284 1686 3335; x_wconf 85' lang='grc' dir='ltr'>Φθιμένη</span> <span class='ocrx_word' id='word_1_675' title='bbox 1707 3300 1745 3323; x_wconf 88' lang='grc' dir='ltr'><strong>τε</strong></span> <span class='ocrx_word' id='word_1_676' title='bbox 1768 3284 1828 3323; x_wconf 84' lang='grc' dir='ltr'><strong>καὶ</strong></span> <span class='ocrx_word' id='word_1_677' title='bbox 1850 3284 1983 3334; x_wconf 80' lang='grc' dir='ltr'>Εὖναίη</span> <span class='ocrx_word' id='word_1_678' title='bbox 2001 3284 2061 3325; x_wconf 79' lang='grc' dir='ltr'><strong>καὶ</strong></span> <span class='ocrx_word' id='word_1_679' title='bbox 2076 3282 2247 3340; x_wconf 79' lang='grc' dir='ltr'>Ἔγερσις</span> 
     </span>
     <span class='ocr_line' id='line_1_100' title="bbox 1319 3341 2269 3399; baseline 0.003 -17"><span class='ocrx_word' id='word_1_680' title='bbox 1319 3341 1418 3382; x_wconf 82' lang='grc' dir='ltr'>Κινώ</span> <span class='ocrx_word' id='word_1_681' title='bbox 1437 3345 1468 3381; x_wconf 84' lang='grc' dir='ltr'><strong>τ’</strong></span> <span class='ocrx_word' id='word_1_682' title='bbox 1492 3342 1690 3398; x_wconf 80' lang='grc' dir='ltr'>Ἄστέμφης</span> <span class='ocrx_word' id='word_1_683' title='bbox 1707 3360 1743 3383; x_wconf 87' lang='grc' dir='ltr'><strong>τε</strong></span> <span class='ocrx_word' id='word_1_684' title='bbox 1764 3343 2027 3399; x_wconf 84' lang='grc' dir='ltr'>πολυστέφανός</span> <span class='ocrx_word' id='word_1_685' title='bbox 2047 3361 2083 3384; x_wconf 76' lang='grc' dir='ltr'><strong>τε</strong></span> <span class='ocrx_word' id='word_1_686' title='bbox 2101 3346 2269 3397; x_wconf 85' lang='grc' dir='ltr'>Μεγιστὼ</span> 
     </span>
     <span class='ocr_line' id='line_1_101' title="bbox 1315 3399 2266 3457; baseline 0.004 -19"><span class='ocrx_word' id='word_1_687' title='bbox 1315 3399 1377 3439; x_wconf 80' lang='grc' dir='ltr'><strong>καὶ</strong></span> <span class='ocrx_word' id='word_1_688' title='bbox 1397 3401 1539 3455; x_wconf 87' lang='grc' dir='ltr'>Φορίη,</span> <span class='ocrx_word' id='word_1_689' title='bbox 1565 3402 1625 3441; x_wconf 87' lang='grc' dir='ltr'><strong>καὶ</strong></span> <span class='ocrx_word' id='word_1_690' title='bbox 1645 3402 1774 3456; x_wconf 69' lang='grc' dir='ltr'>Σόμφη</span> <span class='ocrx_word' id='word_1_691' title='bbox 1805 3403 1865 3442; x_wconf 84' lang='grc' dir='ltr'><strong>καὶ</strong></span> <span class='ocrx_word' id='word_1_692' title='bbox 1893 3403 2056 3457; x_wconf 83' lang='grc' dir='ltr'>Ὀμφαίη</span> <span class='ocrx_word' id='word_1_693' title='bbox 2077 3404 2137 3443; x_wconf 77' lang='grc' dir='ltr'><strong>καὶ</strong></span> <span class='ocrx_word' id='word_1_694' title='bbox 2162 3405 2266 3443; x_wconf 80' lang='grc' dir='ltr'>ἄλλαι</span> 
     </span>
    </p>

    <p class='ocr_par' dir='ltr' id='par_1_20' title="bbox 2002 3463 2267 3515">
     <span class='ocr_line' id='line_1_102' title="bbox 2002 3463 2267 3515; baseline -0.008 -13"><span class='ocrx_word' id='word_1_695' title='bbox 2002 3463 2166 3515; x_wconf 85' lang='grc' dir='ltr'>[πολλαί,</span> <span class='ocrx_word' id='word_1_696' title='bbox 2190 3465 2267 3501; x_wconf 83' lang='grc' dir='ltr'>κτλ.</span> 
     </span>
    </p>
   </div>
   <div class='ocr_carea' id='block_1_19' title="bbox 1264 3548 2319 3603">
    <p class='ocr_par' dir='ltr' id='par_1_21' title="bbox 1264 3548 2319 3603">
     <span class='ocr_line' id='line_1_103' title="bbox 1264 3548 2319 3603; baseline 0.005 -18"><span class='ocrx_word' id='word_1_697' title='bbox 1264 3548 1337 3586; x_wconf 88' lang='lat' dir='ltr'><strong>llic</strong></span> <span class='ocrx_word' id='word_1_698' title='bbox 1360 3557 1402 3587; x_wconf 94' lang='lat' dir='ltr'><strong>ut</strong></span> <span class='ocrx_word' id='word_1_699' title='bbox 1419 3549 1467 3588; x_wconf 91' lang='lat' dir='ltr'><strong>de</strong></span> <span class='ocrx_word' id='word_1_700' title='bbox 1484 3552 1633 3590; x_wconf 77' lang='lat' dir='ltr'><strong>caeteris</strong></span> <span class='ocrx_word' id='word_1_701' title='bbox 1647 3561 1853 3599; x_wconf 81' lang='lat' dir='ltr'><strong>taceamus,</strong></span> <span class='ocrx_word' id='word_1_702' title='bbox 1870 3552 2046 3603; x_wconf 87' lang='lat' dir='ltr'><strong>aquibus</strong></span> <span class='ocrx_word' id='word_1_703' title='bbox 2059 3553 2319 3591; x_wconf 79' lang='lat' dir='ltr'><strong>assensionem</strong></span> 
     </span>
    </p>
   </div>
  </div>
 </body>
</html>
