2612 3814
741 261 794 300 lN
825 257 1154 299 EMPEDOCLlS
1184 258 1475 299 CARMINUM
1501 261 1794 309 RELIQUIAS.
2302 271 2353 305 29

179 345 290 396 jecit,
313 358 391 396 qua
409 343 622 382 mutatione
641 343 751 381 locus
779 355 857 380 non
877 350 975 392 eget.
999 340 1064 380 Vs.
1085 342 1135 379 66
1157 342 1238 393 θρυ-
1261 341 1272 378 l
1302 341 1458 380 rissime
1486 342 1591 393 conj.
1629 343 1842 393 Bergkius3
1868 343 1957 393 μέθη
1994 345 2223 397 Simplicius
2253 347 2359 397 quod

185 407 310 456 φθεῖσα
329 403 578 456 Simplicius,
611 401 796 454 θρεφθεῒσα
822 401 939 440 Panz.
976 410 1014 438 et
1036 400 1159 440 Stein.
1188 422 1234 428 -

186 463 317 515 δρέπτη
350 462 511 514 Simpl.‚
534 460 674 508 ἀπέπτη
695 460 824 499 Sturz.
849 460 972 507 διέπτη
1004 460 1176 509 Scaliger
1203 467 1241 496 et

188 523 366 562 Karsten.
390 521 536 560 Sensus
566 528 655 559 est:
699 536 717 554 α
748 519 900 572 Duplex
922 528 980 558 est
1012 519 1238 557 mortalium

186 590 298 620 ortus
311 611 320 629 ‚
340 581 486 633 duplex
510 581 604 619 item
625 580 823 619 interitus.
842 579 958 618 Illum
988 581 1093 619 enim
1116 584 1241 618 co'itus

187 641 363 679 omnium
386 640 536 691 gignit,
566 639 736 692 perdens
767 639 884 678 simul
920 652 984 678 eas
1014 653 1101 691 quae
1130 648 1242 677 antea

188 700 340 738 fuerant
362 712 424 738 res
448 713 457 737 t
478 698 543 737 hic
559 711 698 737 rursus
721 699 900 737 diremtis
928 698 1132 749 omnihus,
1155 698 1184 736 i.
1204 711 1239 738 e.

186 758 366 810 partibus
402 760 453 798 iis
483 772 570 809 quae
600 758 711 810 prius
742 759 892 797 unitate
927 756 1239 805 continebantur,

187 826 302 856 natus
321 827 436 870 atque
463 818 580 856 alitus
607 817 763 855 dissilit.
788 835 804 852 u
829 817 953 855 Paulo
983 816 1112 854 minus
1132 829 1242 854 accu-

189 886 271 916 rate
289 878 364 917 hoc
386 878 530 928 dogma
549 877 699 916 rettulit
735 877 964 915 Aristoteles
984 875 1032 914 de
1062 875 1241 923 Melisso,

187 936 287 975 Xen.
313 946 350 975 et
370 936 518 987 Gorgia
538 950 620 989 cap.
638 951 660 974 2
680 950 768 988 pag.
789 951 834 974 21
852 936 914 975 ed.
935 943 1058 974 nostr.
1083 934 1174 973 ἀλλὰ
1189 951 1246 986 μι-

190 996 370 1048 σγομένων
399 1013 436 1036 τε
456 996 516 1035 καὶ
555 995 809 1047 συντιθεμένων
837 994 944 1049 πυρὸς
967 994 1027 1034 καὶ
1050 997 1118 1034 τῶν
1155 994 1246 1047 μετὰ

191 1055 300 1109 πυρὸς
325 1055 506 1108 γίγνεσθαι
533 1056 577 1094 τὰ
611 1055 752 1104 πολλά,
791 1053 1097 1105 διαλλαττομένων
1118 1069 1156 1092 τε
1186 1054 1245 1093 καὶ

191 1113 465 1167 διακρινομένων
480 1114 681 1167 φθείρεσθαι
697 1114 821 1161 πάλιν,
837 1113 898 1152 καὶ
912 1108 1001 1152 εἶναι
1013 1115 1057 1164 τῇ
1077 1112 1139 1163 μὲν
1156 1112 1247 1164 μίξει

190 1173 307 1213 πολλά
327 1189 364 1212 τε
377 1173 450 1213 ,καὶ
482 1176 524 1225 τῇ
548 1174 743 1226 διακρίσει,
762 1177 808 1228 τῇ
827 1172 862 1211 δὲ
886 1172 989 1226 φύσει
1011 1172 1150 1226 τέτταρ’
1164 1172 1246 1212 ἄνευ

190 1234 259 1271 τῶν
292 1231 411 1271 αἰτίων
433 1231 455 1278 ἢ
476 1231 525 1272 ἔν.
553 1232 649 1279 Quae
674 1243 799 1272 autem
822 1232 886 1270 hic
914 1231 1136 1279 traduntur,
1166 1245 1246 1270 non

191 1292 286 1331 satis
321 1300 410 1343 apte
442 1292 571 1332 Karst.
603 1293 652 1331 ad
684 1293 821 1332 mundi
849 1284 1046 1342 originem
1074 1291 1244 1339 rettulit,

189 1365 310 1402 quum
330 1351 515 1390 universe
531 1352 580 1391 ad
605 1361 717 1391 ortus
737 1361 775 1391 et
794 1352 976 1391 interitus
995 1351 1100 1401 leges
1123 1352 1246 1403 expli-

188 1410 592 1466 candaspertineant.
618 1411 681 1450 Vs.
709 1413 775 1460 67.
809 1412 948 1461 οὐδαμᾶ
977 1410 1116 1462 Simpl.
1148 1411 1244 1451 edit.

189 1469 295 1517 Ald.;
340 1480 596 1510 correxerunt
638 1471 820 1511 editores.
852 1471 1011 1509 Tzetzes
1045 1470 1245 1510 Homeric.

189 1543 229 1581 p.
251 1530 300 1568 58
318 1530 378 1570 ed.
401 1530 530 1569 Schir.
548 1530 745 1582 subjectos
758 1530 916 1569 exhibet
930 1543 1006 1568 vss.
1025 1531 1143 1580 67-69
1160 1544 1248 1569 ver-

190 1587 300 1628 sibus
327 1589 518 1640 159-161.
541 1586 623 1629 Etsi
656 1604 755 1629 vero
783 1604 857 1642 pro
883 1589 1107 1628 ἀλλάσσοντα
1133 1589 1249 1629 habet

190 1647 412 1698 ἀμειὸόμενά
427 1648 465 1686 τέ
482 1665 520 1700 γε
534 1650 681 1689 omisso
698 1649 778 1698 καὶ,
795 1663 876 1688 non
897 1658 1025 1687 tamen
1040 1659 1248 1701 propterea

190 1720 278 1744 cum
298 1706 598 1747 Schneidewino
614 1722 654 1760 p.
678 1708 752 1758 159
772 1708 972 1747 diversum
993 1707 1098 1746 hunc
1119 1707 1168 1746 ab
1190 1709 1247 1746 al-

191 1774 276 1804 tero
293 1766 532 1805 versiculum
551 1781 635 1806 esse
652 1768 873 1806 statuimus.
897 1767 962 1806 Vs.
986 1768 1052 1806 68.
1081 1767 1249 1821 συνερχό-

192 1824 268 1872 μεν’
288 1826 335 1869 εἷς
360 1823 397 1863 ἓν
418 1824 556 1864 ἅπαντα
582 1826 722 1878 Simpl.
750 1825 991 1879 συνερχόμενα
1019 1826 1103 1866 τάδε
1132 1827 1247 1866 πάντα

158 1900 166 1906 ·
191 1883 380 1924 Stobaeus.
401 1884 468 1925 Vs.
491 1886 556 1936 69.
574 1879 619 1925 αῧ
641 1885 710 1938 δίχ’
730 1886 863 1925 ἕκαστα
887 1886 1138 1938 Simplicius;
1165 1880 1248 1926 αῧτε

189 1942 323 1982 ἕκαστα
346 1943 547 1993 Stobaeus3
580 1938 625 1983 αῧ
653 1945 736 1998 δίχα
757 1945 874 1985 πάντα
905 1946 968 1984 vel
1006 1945 1076 1999 δίχ’
1105 1945 1247 1990 ἅπαντα

189 2001 328 2055 Simpl.
357 2003 447 2042 aliis
469 2004 581 2042 locis.
605 1998 702 2048 αὖθις
718 2003 852 2044 ἕκαστα
870 2003 1000 2049 νείκεος
1023 2005 1124 2057 ἄχθει
1143 2016 1244 2045 auct.

189 2062 261 2101 vit.
285 2062 398 2100 Hom.
428 2062 624 2115 φορεύμενα
644 2063 784 2116 Simpl.
809 2064 878 2115 qui
900 2064 997 2102 alibi
1023 2063 1245 2117 φορούμενα,

189 2119 430 2172 φρουρούμενα
447 2121 557 2160 Stob.
576 2122 641 2162 Vs.
664 2136 731 2171 70.
751 2121 881 2175 οὕτως]
905 2137 926 2161 a
940 2137 1056 2162 versu
1076 2123 1245 2175 sejunxi.

188 2179 386 2218 Bekkerus
407 2180 528 2220 Arist.
549 2181 670 2233 Phys.
694 2181 800 2228 VIII,
822 2197 836 2220 1
855 2196 895 2235 p.
922 2182 998 2221 250
1011 2182 1123 2234 λέγων
1140 2182 1248 2228 οὕτως

189 2237 332 2290 -ἠμὲν
353 2237 389 2278 ἓν
419 2240 459 2277 ἐκ
479 2255 553 2280 κ.τ.
571 2241 624 2290 λ..,
652 2240 743 2279 οὕτω
764 2238 833 2295 δ’ᾗ
856 2242 918 2293 μὲν
946 2241 983 2281 ἓν
1010 2243 1128 2282 PanZ.
1150 2257 1188 2295 p.
1212 2246 1246 2283 8.

187 2298 253 2339 Vs.
277 2313 341 2348 71.
360 2299 421 2346 ἠδὲ
453 2300 569 2340 Bekk.
588 2295 611 2353 ἦ
646 2301 681 2341 δὲ
703 2302 797 2340 libri
820 2316 908 2341 cum
943 2302 1083 2355 Simpl.
1104 2303 1168 2343 Vs.
1197 2319 1243 2353 72

187 2358 346 2409 γίγνεται
362 2358 500 2411 Simpl.
520 2360 588 2410 qui
608 2360 738 2399 laudat
755 2361 859 2400 hunc
878 2375 1036 2401 versum
1064 2363 1089 2400 f.
1112 2364 1188 2412 278
1203 2364 1243 2406 b.

189 2420 232 2468 τῇ
249 2416 311 2467 μὲν
333 2417 532 2468 ἐπείγονται
552 2419 722 2459 Geelius.
740 2420 804 2459 Vs.
821 2422 885 2467 73.
909 2421 987 2460 τάδ’
1006 2421 1245 2476 ἀλλάσσοντα]

190 2476 420 2528 Simplicius
433 2477 555 2528 Phys.
571 2478 663 2516 VIII
680 2479 704 2517 f.
728 2480 804 2518 258
821 2481 873 2529 133
892 2475 917 2533 ᾗ
935 2479 970 2519 δὲ
987 2481 1245 2522 διαλλάσσοντα

188 2534 328 2587 Simpl.
353 2535 401 2574 de
422 2536 532 2575 Coelo
548 2551 611 2589 ap.
635 2538 804 2590 Peyron.
831 2539 860 2578 l.
885 2540 913 2578 l.
945 2549 983 2578 et
1002 2540 1044 2578 in
1065 2541 1243 2581 Brandis.

187 2592 317 2632 Schol.
338 2608 378 2646 p.
399 2597 475 2642 476
493 2604 530 2633 et
559 2598 634 2645 487
655 2598 760 2647 quod
786 2599 935 2650 recepit
954 2598 1151 2648 Sturzius;
1168 2595 1193 2652 ᾗ
1210 2600 1246 2640 δὲ

187 2652 269 2691 τάδ’
289 2652 513 2692 ἀλλάσσοντα
536 2654 767 2694 Aristoteles
787 2656 906 2708 Phys.
929 2657 1042 2705 Vlll',
1070 2673 1086 2696 1
1111 2673 1150 2711 p.
1169 2661 1240 2698 251

187 2712 250 2751 ed.
282 2712 461 2759 Bekker„
477 2712 547 2751 ubi
577 2713 641 2751 alii
662 2714 775 2754 codd.
805 2714 850 2754 τὰ
877 2715 1156 2765 διαλλάσσοντα,
1177 2719 1246 2758 alii

187 2771 268 2810 τάδ’
291 2771 530 2813 ἀλλάσσοντα.
553 2773 741 2811 Caeterum
771 2773 912 2822 οὐδαμὰ
946 2775 1177 2816 Aristoteles
1209 2788 1247 2817 et

187 2831 436 2883 Simplicius,
458 2831 563 2884 apud
581 2846 694 2883 quem
708 2834 823 2872 etiam
839 2835 994 2886 οὐδαμοῦ
1008 2836 1164 2886 legitur.
1182 2838 1244 2878 Vs.

189 2895 252 2939 74.
277 2890 464 2944 ἀκίνητον]
483 2892 637 2942 Bergk„
660 2892 820 2940 ἀκίνητοι
840 2894 1070 2934 Aristoteles
1090 2905 1127 2934 et
1143 2896 1244 2935 Sim-

189 2950 355 3002 plicius,
377 2964 505 3002 neque
525 2952 639 2991 aliter
661 2953 841 2993 Brandis.
872 2953 1004 2994 Schol.
1027 2969 1066 3007 p.
1096 2959 1171 3005 476
1198 2959 1241 2997 B.

186 3016 224 3046 et
243 3022 283 3060 p.
309 3010 400 3057 487.
425 3009 470 3057 Β;
488 3009 637 3056 ἀκίνητα
661 3012 780 3050 semel
801 3011 1030 3064 Simplicius
1051 3017 1062 3065 (
1081 3028 1119 3054 v.
1149 3015 1243 3067 158)

188 3081 304 3118 quam
323 3068 557 3120 scripturam
578 3069 612 3108 ei
631 3070 835 3122 probatam
858 3072 978 3111 fuisse
997 3074 1167 3113 ostendit
1189 3075 1246 3113 in-

192 3127 420 3178 terpretatio
452 3127 603 3178 adjecta
629 3129 749 3181 Phys.
771 3130 796 3170 f.
821 3131 897 3169 258
920 3131 949 3169 B
971 3131 1039 3185 (in
1066 3132 1242 3175 Brandis.

187 3184 309 3224 schol.
330 3199 370 3237 p-
396 3186 472 3230 425
498 3186 565 3238 Β.)
585 3187 645 3226 καὶ
665 3188 776 3242 ταύτῃ
798 3188 894 3227 diffini
924 3191 1022 3238 ἐστι,
1045 3191 1243 3242 τουτέστιν,

189 3241 297 3287 ἀΐδιος
317 3246 339 3291 ἡ
356 3244 472 3283 αὐτῶν
489 3245 537 3290 εἷς
560 3245 698 3294 ἄλληλα
716 3247 896 3297 μεταὸολὴ
919 3249 998 3287 κτλ.
1024 3249 1123 3288 Hinc
1143 3250 1244 3289 Kar-

187 3302 336 3341 stenius
354 3303 502 3351 ἀκίνητα
524 3304 564 3342 h.
588 3305 613 3344 l.
631 3306 821 3353 defendit,
850 3307 990 3354 ἀκινητὶ
1007 3308 1128 3349 Panz.
1147 3309 1242 3349 Post

188 3360 293 3399 hunc
307 3373 463 3400 versum
485 3362 683 3416 Simplicii
704 3366 934 3404 auctoritate
956 3367 1149 3416 neglecta,
1173 3369 1242 3420 qui

190 3423 325 3458 omnia
352 3433 433 3459 uno
465 3429 600 3462 tenore
628 3437 753 3475 usque
770 3425 819 3463 ad
840 3424 912 3463 αἰὲν
932 3427 1036 3472 ὁμοῖα
1059 3426 1241 3477 exhibet,

189 3477 339 3516 lacunae
359 3478 470 3529 signa
489 3482 621 3532 posuit
641 3482 827 3524 Steinius.
851 3484 914 3523 Vs.
951 3484 1008 3531 75.
1039 3482 1154 3539 μάθη]
1174 3499 1243 3525 ve-
1269 3507 1272 3511 ·

1303 409 1447 439 temere
1461 401 1632 453 arripuit
1642 401 1820 439 Sturzius
1837 402 1954 439 allato
1971 403 2145 442 Platonis
2162 405 2249 442 loco
2269 405 2359 456 Lys.

1303 472 1341 509 p.
1361 473 1437 497 222
1450 460 1480 498 C
1503 473 1512 497 :
1533 458 1707 510 μεθύομεν
1723 458 1790 498 ὑπὸ
1807 463 1867 498 τοῦ
1881 460 2001 511 λόγου.
2022 461 2043 499 J
2050 475 2085 500 o.
2102 463 2363 503 Damascenus

1303 519 1346 556 in
1366 518 1474 558 Stob.
1507 518 1688 571 Append.
1726 519 1849 558 Gaisf.
1880 533 1920 570 p.
1947 521 1994 565 34
2022 534 2031 557 z
2060 520 2137 558 ἀλλ’
2157 521 2219 572 ἄγε
2244 522 2362 572 μύθων

1304 578 1416 626 κλῦθι,
1433 577 1584 628 μάθησις
1598 576 1665 630 γὰρ
1683 578 1810 631 φρένας
1825 577 1920 623 αὔξει
1935 592 2049 630 quem
2064 581 2243 630 sequitur
2255 581 2365 620 Prel-

1305 637 1409 676 lerus
1428 637 1521 676 hist.
1539 637 1637 689 phil.
1662 651 1891 688 graecorom.
1914 652 1953 689 p.
1975 652 1990 675 1
2003 638 2065 677 15.
2080 637 2253 676 Eundem
2276 639 2366 677 Em-

1305 696 1480 748 pedoclis
1510 710 1666 736 versum
1689 697 1855 735 intuitus
1875 697 2055 735 Clemens
2081 697 2191 735 Alex.
2218 697 2364 736 Strom.

1305 757 1336 795 V
1352 771 1392 809 p.
1410 756 1487 808 589
1507 756 1538 795 C
1561 758 1627 809 (p.
1642 759 1718 807 697
1743 757 1872 808 Pott.)
1892 758 1976 803 ὡςῆ
1998 755 2148 807 μάθησις
2171 759 2252 794 κατ’
2274 756 2365 808 Ἐμ-

1307 815 1478 854 πεδοκλέα
1498 815 1560 860 τὰς
1591 815 1717 869 φρένας
1743 813 1860 863 αὔξει,
1895 813 2003 859 οὕτως
2034 818 2056 861 ἡ
2079 816 2126 858 εἷς
2153 814 2212 853 τὸν
2248 816 2368 868 κύριον

1309 875 1521 923 πεποίθησις
1544 874 1640 921 αὔξει
1658 874 1722 922 τὴν
1742 874 1876 915 πίστιν.
1896 874 1972 913 Sed
1989 887 2038 912 ex
2062 875 2304 913 Damasceno
2332 885 2369 914 et

1307 935 1506 974 Clemente
1529 945 1632 975 recte
1657 934 1852 974 conclusit
1877 934 2068 984 Bergkius
2094 934 2198 986 apud
2226 934 2369 987 Empe-

1308 995 1459 1034 doclem
1483 995 1690 1046 legendum
1722 1007 1806 1033 esse
1834 993 1944 1044 μάθη.
1965 993 2031 1033 Vs.
2069 995 2132 1043 76.
2158 994 2369 1047 πιφαύσκων

1308 1055 1454 1104 vulgo3
1474 1055 1662 1109 πιφάσκων
1679 1054 1766 1094 cod.
1796 1054 1842 1093 D.
1860 1053 2073 1093 Brandisii.
2096 1053 2160 1093 Vs.
2186 1055 2249 1102 78.
2268 1054 2369 1093 Sim-

1308 1115 1449 1165 plicius
1468 1115 1586 1166 Phys.
1602 1114 1620 1153 1
1637 1116 1661 1156 f.
1679 1116 1701 1152 6
1720 1115 1748 1152 Β
1765 1127 1940 1152 seorsum
1961 1114 2135 1153 excitans
2152 1114 2234 1153 haec
2249 1114 2371 1154 verba

1308 1173 1402 1223 legit
1417 1175 1540 1213 ἄλλοτε
1561 1175 1591 1212 δ’
1613 1168 1657 1212 αὔ
1685 1187 1758 1225 pro
1778 1172 1857 1211 τοτὲ
1877 1173 1905 1211 δ’
1932 1166 1975 1211 αῧ
1996 1185 2137 1211 eorum
2160 1187 2248 1224 quae
2267 1187 2369 1226 prae-

1308 1233 1451 1271 cedunt
1471 1234 1623 1271 ratione
1638 1247 1718 1271 non
1738 1232 1891 1272 habita..

1361 1291 1425 1331 Vs.
1459 1306 1523 1341 79.
1546 1291 1777 1344 Simplicius
1800 1300 1971 1342 utroque
1995 1291 2082 1329 loco
2102 1290 2202 1343 ἠέρος
2220 1291 2370 1331 ἄπλετον

1309 1349 1413 1403 ὕψος,
1443 1351 1623 1389 Clemens
1652 1349 1787 1402 αἰθέρος
1814 1349 1965 1388 ἄπλετον
1999 1349 2103 1403 ὕψος,
2137 1350 2370 1391 Plutarchus

1309 1409 1444 1462 αἰθέρος
1463 1410 1567 1458 ἤπιον
1586 1409 1683 1462 ὕψος.
1701 1410 1768 1450 Vs.
1791 1411 1854 1449 80.
1874 1408 1970 1462 δίχα·
1986 1408 2260 1449 τῶν-ἕκαστον
2275 1411 2372 1449 Sim-

1309 1469 1453 1520 plicius
1472 1469 1532 1509 ed.
1557 1470 1642 1508 Ald.
1657 1469 1850 1508 Caeterum
1869 1468 1973 1507 idem
1992 1478 2162 1520 utroque
2181 1470 2370 1509 Ιοοοὰτά-

1308 1528 1437 1567 λαντον
1476 1528 1624 1567 ἕκαστον
1639 1557 1651 1576 ,
1693 1528 1875 1569 Karsten.
1932 1538 1970 1567 et
2007 1528 2129 1569 Stein.
2173 1530 2370 1570 ἀτάλαντον

1311 1587 1452 1636 ἁπάντη
1468 1619 1478 1638 ,
1501 1588 1620 1628 Panz.
1647 1587 1845 1627 ἀτάλαντον
1860 1588 2012 1642 ἑκάστῳ.
2029 1588 2093 1629 Vs.
2118 1590 2182 1630 81.
2199 1587 2370 1645 Φιλότης]

1310 1647 1570 1696 Plutarchus;
1595 1647 1693 1701 φιλίη
1715 1647 1866 1688 Sextus.
1886 1647 1977 1699 μετὰ
1991 1653 2100 1687 τοῖσιν
2115 1647 2130 1700 ]
2143 1650 2282 1699 vulg03
2303 1650 2370 1688 alii

1311 1705 1404 1745 libri
1425 1708 1473 1746 ἐν.
1492 1707 1629 1758 Itaque
1651 1706 1754 1758 apud
1771 1707 1875 1747 Plut.
1898 1707 2087 1746 scribitur
2101 1708 2217 1746 etiam
2240 1711 2273 1748 ἐν
2290 1709 2370 1757 τοῖς,

1309 1766 1414 1818 apud
1434 1766 1682 1818 Simplicium
1705 1767 1739 1804 ἐν
1756 1771 1880 1805 τοῖσιν.
1904 1765 1991 1817 ἴση]
2015 1767 2268 1818 Simplicius;
2295 1768 2370 1807 ἴσον

1308 1827 1462 1866 Sextus.
1483 1827 1596 1873 Quod
1614 1827 1810 1878 reliquum
1826 1836 1896 1874 est,
1915 1841 1960 1865 ea
1976 1841 2062 1878 quae
2078 1827 2143 1866 hic
2163 1828 2371 1867 traduntur

1310 1900 1389 1924 non
1427 1887 1688 1937 intelligimus
1732 1886 1780 1924 de
1811 1886 1935 1923 forma
1969 1887 2150 1925 amicitiae
2186 1896 2369 1939 tanquam

1309 1959 1522 1997 corporeae,
1539 1945 1606 1984 sed
1621 1953 1663 1983 ut
1674 1945 1874 1983 discordia
1888 1945 1936 1983 ab
1954 1946 2234 1986 elementorum
2251 1947 2369 1998 globo

1310 2005 1487 2057 sejuncta
1506 2005 1667 2052 dicitur,
1690 2005 1744 2043 ita
1763 2004 1846 2043 haec
1864 2018 1935 2057 per
1954 2019 2089 2044 omnes
2117 2019 2251 2044 eorum
2281 2021 2370 2059 par-

1309 2074 1364 2103 tes
1382 2078 1681 2116 quoquoversus
1701 2064 1847 2103 diffusa
1868 2078 1964 2103 esse.
1978 2065 2040 2103 Vs.
2064 2066 2127 2103 82.
2145 2065 2209 2112 τὴν
2227 2065 2268 2104 σὺ
2301 2067 2370 2120 νόῳ

1310 2121 1456 2179 δέρκεο]
1479 2133 1736 2163 correxerunt
1751 2124 2011 2175 interprete53
2034 2123 2098 2171 τὴν
2115 2123 2157 2163 σὺ
2178 2126 2227 2177 νῷ
2245 2124 2369 2178 δέρκου

1309 2184 1541 2222 Plutarchus
1559 2213 1569 2231 ‚
1587 2183 1629 2231 ἣν
1654 2183 1695 2221 σὺ
1717 2183 1795 2222 κτλ.
1817 2183 2008 2221 Clemens.
2026 2183 2091 2223 Vs.
2115 2184 2178 2223 83.
2199 2183 2366 2238 θνητοῖσι]

1309 2243 1450 2292 vulg03
1479 2245 1619 2294 φυτοῒσι
1637 2242 1725 2282 cod.
1747 2242 1790 2280 C.
1812 2242 2036 2291 Brandisii3
2061 2244 2235 2289 θνητοῖσιν
2257 2243 2371 2289 ἐνίζε-

1308 2318 1368 2340 ται
1387 2303 1516 2342 Karst.
1533 2311 1697 2354 propter
1711 2315 1750 2342 v.
1769 2302 1818 2340 86
1841 2315 1919 2340 non
1940 2311 2143 2354 perspecta
2161 2304 2366 2341 sententia.

1307 2362 1370 2401 Vs.
1411 2363 1473 2406 84.
1510 2363 1554 2399 ἰδ’
1590 2359 1709 2412 ὁμοίϊα
1744 2361 1886 2410 vulgo,
1924 2376 1962 2399 τε
2005 2360 2066 2400 καὶ
2107 2361 2238 2414 ἄρθμια
2280 2363 2366 2402 cod.

1310 2422 1507 2459 Brandisii
1520 2450 1530 2468 ‚
1551 2421 1599 2460 cf.
1623 2435 1658 2458 v.
1678 2421 1770 2459 262.
1787 2417 1966 2470 Utraque
1985 2419 2102 2458 lectio
2122 2434 2232 2470 aeque
2249 2420 2366 2462 bona.

1309 2482 1375 2521 VS.
1397 2481 1444 2519 85
1466 2478 1663 2532 γηθοσύνην
1679 2483 1692 2527 ]
1714 2479 1797 2517 Etsi
1813 2479 1917 2517 inter
1936 2479 2113 2530 γηθοσύνη
2127 2489 2165 2518 et
2185 2478 2368 2532 γειτοσῦνη

1308 2554 1353 2578 ea
1372 2549 1429 2578 est
1452 2538 1693 2587 similitudo,
1725 2552 1842 2590 quam
1864 2539 2109 2589 grammatici
2133 2540 2370 2590 agnomina-

1309 2602 1454 2638 tionem
1473 2600 1558 2638 sive
1574 2598 1845 2650 παρονομασίαν
1872 2599 2079 2637 nominant
2102 2613 2111 2638 :
2136 2607 2262 2638 tamen
2289 2613 2367 2638 non

1308 2669 1361 2698 est
1382 2658 1487 2710 quod
1502 2672 1589 2696 cum
1607 2658 1759 2696 Steinio
1770 2658 2047 2710 Empedoclem
2062 2658 2257 2710 γηθοσύνην
2275 2661 2368 2698 scri-

1308 2718 1462 2757 bentem
1489 2717 1546 2756 sic
1567 2717 1678 2768 loqui
1695 2717 1988 2765 existimemus,
2009 2726 2052 2756 ut
2072 2718 2236 2756 alterum
2253 2732 2368 2757 voca-

1309 2777 1446 2816 bulum
1472 2785 1571 2815 tecte
1591 2777 1848 2826 significetur,
1870 2777 2086 2829 praesertim
2106 2791 2227 2828 quum
2249 2793 2366 2830 γειτο-

1308 2835 1394 2885 σύνη
1417 2836 1649 2889 posterioris
1667 2837 1789 2875 aetatis
1806 2850 1887 2875 vox
1906 2837 1977 2888 (cf.
2000 2836 2130 2876 Strab.
2150 2836 2220 2885 Xl,
2243 2837 2314 2887 591
2333 2837 2361 2891 ),

1307 2909 1530 2948 nomenque
1545 2895 1707 2935 minime
1728 2899 1925 2948 poeticum
1943 2898 2005 2935 sit.
2024 2901 2090 2936 Vs.
2115 2899 2178 2936 86.
2196 2896 2259 2944 τὴν
2275 2897 2366 2942 οὔτις

1308 2955 1384 3006 μετ’
1402 2954 1534 2995 ὅσοισιν
1552 2955 1781 3008 Simplicius
1805 2956 1864 2996 ed.
1883 2957 1969 2995 Ald.
1991 2956 2106 3002 Quod
2129 2970 2248 3007 quum
2272 2957 2365 2995 ferri
2419 2996 2421 2999 Α

1307 3024 1496 3066 nequeat,
1529 3016 1655 3054 variis
1699 3016 1937 3067 conjecturis
1975 3016 2196 3068 propositis
2227 3029 2366 3055 sanare

1306 3075 1434 3114 locum
1462 3075 1540 3113 viri
1561 3074 1665 3114 docti
1702 3075 1948 3116 studuerunt.
1979 3076 2037 3113 Ac
2073 3075 2247 3127 primum
2277 3076 2367 3126 qui-

1306 3134 1392 3172 dem
1423 3133 1601 3172 Sturzius
1633 3134 1733 3172 male
1759 3134 1928 3185 conjecit
1962 3135 2038 3185 μεθ’
2070 3134 2223 3183 ἅπασιν,
2247 3148 2364 3185 quam

1306 3191 1572 3243 conjecturam
1605 3192 1794 3245 probavit
1833 3193 2062 3232 Karstenius
2077 3222 2087 3239 ‚
2133 3192 2364 3231 Brandisius

1305 3252 1395 3291 hist.
1427 3252 1526 3304 phil.
1557 3261 1649 3291 tom.
1678 3252 1706 3290 1.
1737 3266 1777 3305 p.
1804 3258 1880 3298 224
1904 3251 1994 3302 μετὰ
2014 3253 2145 3302 τοῖσιν,
2175 3252 2363 3301 Bergkius

1305 3325 1365 3363 ap.
1392 3312 1613 3350 Prellerum
1637 3312 1729 3352 hist.
1751 3311 1850 3364 phil.
1871 3327 1910 3363 p.
1944 3313 2018 3350 116
2041 3310 2104 3358 τὴν
2125 3312 2261 3350 ὄσσοισι
2285 3308 2363 3359 μέτ’

1304 3370 1406 3417 οὔτις,
1426 3371 1512 3423 ipse
1531 3371 1731 3409 Prellerus
1752 3370 1815 3419 τὴν
1836 3369 1929 3414 οὔτις
1949 3369 1983 3422 γ’
2001 3370 2083 3420 (vel
2099 3368 2228 3419 οὐδεὶς)
2244 3367 2363 3407 ὅσσοι-

1305 3444 1373 3468 σιν.
1389 3429 1480 3476 Sed,
1502 3430 1607 3481 quod
1624 3443 1719 3482 pace
1734 3430 2050 3468 doctissimorum
2062 3429 2241 3467 virorum
2257 3427 2363 3466 dixe·

1306 3489 1403 3535 rim,
1441 3489 1548 3527 solus
1579 3489 1905 3528 l'anzerbieterus
1943 3489 2172 3527 sententiam
2204 3486 2360 3526 videtur
