2612 3814
296 249 344 281 30
1166 228 1592 272 COMMENTARIUS

290 337 483 368 assecutus
509 340 605 366 esse.
644 327 772 373 Quum
809 328 913 366 enim
954 327 1182 367 Aristoteles
1220 323 1335 376 phys.

289 387 394 435 Vlll,
422 401 434 424 1
453 386 500 425 de
516 386 748 438 Empedocle
766 386 868 425 dicat
891 402 899 425 :
934 389 963 426 εἷ
985 387 1020 425 δὲ
1041 389 1282 439 προσοριεῖται
1298 381 1338 420 τὸ

287 448 332 486 ἐν
348 448 494 499 μέρει,
512 444 651 484 λεκτέον
670 446 725 498 ἐφ’
747 439 795 484 ὧν
818 445 950 496 οὕτως,
973 445 1096 497 ὥσπερ
1117 443 1171 483 ὅτι
1190 443 1265 482 ἔστι
1282 456 1336 487 τι,

287 505 459 557 ὃσυνοὶγει
476 503 553 548 τοὺς
574 503 795 557 ἀνθρώπους,
811 506 833 551 ἡ
853 504 978 558 φιλία
994 534 1004 554 ,
1021 502 1081 542 καὶ
1099 501 1283 556 φεύγουσιν
1305 499 1336 536 οἱ

287 562 406 617 ἐχθροὶ
423 563 605 610 ἀλλήλους·
618 567 720 602 τοῦτο
737 562 804 615 γὰρ
821 564 1023 602 ὑποτίθεται
1040 562 1100 601 καὶ
1118 564 1159 601 ἐν
1182 562 1238 610 τῷ
1255 558 1336 611 ὅλῳ

287 579 392 662 εἶναι·
414 624 574 676 φαίνεται
590 621 657 674 γὰρ
673 621 729 659 ἐπί
747 637 848 660 τινων
866 622 989 670 οὕτως,
1003 629 1163 675 apparet
1182 627 1334 671 poetam

289 682 364 721 hoc
383 683 470 721 loco
487 682 652 731 singulis
672 694 871 733 opponere
892 695 1019 720 rerum
1038 679 1334 720 universitatem

289 755 415 793 neque
438 741 556 779 alium
577 739 786 778 verborum
805 754 958 779 sensum
981 753 1064 779 esse
1085 751 1198 791 posse
1218 750 1333 789 quam

287 813 375 839 eum
397 814 509 852 quem
529 800 569 838 in
591 799 909 849 interpretatione
928 800 1118 852 expressi.
1132 797 1229 837 Nam
1247 797 1335 835 Em-

287 860 448 911 pedocle
464 859 596 910 judice
611 859 699 896 cred
707 868 772 897 unt
788 860 993 911 sciuntque
1010 858 1192 898 mortales
1208 858 1335 895 inesse

287 919 326 957 in
349 919 429 958 suis
447 917 630 956 membris
648 919 727 955 vim
747 919 955 967 Amicitiae,
979 919 1046 958 sed
1066 932 1148 957 eam
1167 930 1237 969 per
1251 918 1336 955 uni-

287 991 443 1016 versum
480 977 613 1016 eodem
653 977 770 1015 modo
802 991 967 1028 regnare
996 978 1203 1016 nemodum
1240 989 1334 1027 per-

288 1037 432 1088 spexit.
449 1036 697 1087 Quapropter
718 1036 1041 1076 Panzerbieterus
1062 1037 1139 1087 legi
1161 1036 1289 1075 voluit
1321 1049 1329 1072 ε

285 1094 348 1141 τὴν
370 1095 460 1139 οὔτις
488 1097 564 1146 μεθ’
593 1094 723 1133 ὅλοισιν
744 1097 821 1133 κτλ.
843 1095 886 1134 τὰ
913 1095 978 1135 ὅλα
1000 1097 1129 1135 minus
1151 1103 1253 1135 recte
1273 1095 1333 1133 in-

287 1155 463 1205 telligens
496 1155 685 1193 elementa
717 1154 987 1207 Steiniumque
1011 1157 1051 1194 in
1084 1169 1173 1194 suas
1203 1163 1333 1205 partes

289 1215 416 1252 traxit.
441 1213 584 1252 Verum
618 1214 803 1264 quoniam
838 1215 1066 1254 Aristoteles
1089 1216 1137 1254 de
1167 1220 1334 1252 universo

286 1273 462 1325 loquitur
490 1286 568 1324 quo
597 1286 712 1312 sensu
741 1287 830 1312 raro
860 1274 1067 1313 adhibetur
1096 1274 1260 1327 pluralis
1288 1272 1332 1310 τὰ

283 1331 369 1382 ὅλα,
387 1333 495 1371 velut
515 1346 576 1384 ap.
597 1333 794 1373 Plutarch.
822 1338 891 1372 vit.
917 1334 1056 1374 Pericl.
1076 1349 1107 1373 c.
1128 1335 1167 1382 5,
1189 1333 1332 1372 rectius

285 1390 348 1429 hic
368 1390 407 1429 τὸ
425 1397 495 1429 πᾶν
520 1391 581 1429 vel
604 1390 643 1428 τὸ
662 1391 741 1430 ὅλον
761 1392 822 1430 vel
844 1393 972 1431 simile
998 1394 1093 1444 quid
1122 1393 1261 1445 reponi
1281 1393 1331 1430 li-

285 1459 390 1501 quet.
411 1451 551 1502 Itaque
571 1452 749 1503 suspicor
773 1451 1041 1504 Empedoclem
1064 1452 1267 1504 scripsisse
1285 1463 1296 1491 ι

390 1538 456 1587 τὴν
474 1538 564 1584 οὔτις
581 1539 638 1579 διὰ
661 1540 792 1585 παντὸς
808 1541 1040 1592 ἑλισσομένην
1060 1541 1221 1588 δεδάηκε.

334 1628 398 1669 Vs.
433 1631 496 1678 87.
537 1629 648 1681 λόγων
691 1632 797 1683 κτλ]
830 1632 950 1682 vulgo
966 1645 976 1680 ;
1006 1631 1111 1684 λόγου
1151 1633 1238 1673 cod.
1283 1633 1330 1675 D.

280 1687 423 1727 Brand.

333 1747 397 1788 Vs.
416 1749 479 1788 88.
496 1753 606 1788 ταῦτα
618 1747 686 1802 γὰρ
700 1747 799 1804 κτλ.]
812 1749 1041 1802 Simplicius
1065 1752 1091 1791 f.
1110 1753 1156 1797 34
1180 1753 1213 1790 Α
1231 1751 1331 1791 hanc

281 1808 441 1861 apponit
456 1808 813 1861 interpretationem
831 1823 840 1847 :
857 1808 986 1863 ὅτιγὰρ
1002 1810 1180 1864 οὐδέτερον
1199 1810 1331 1850 τούτων

280 1867 408 1912 τελέως
427 1866 633 1915 ἀπολείπει,
657 1867 757 1915 δηλοῖ
776 1867 815 1906 τὸ
834 1867 948 1907 πάντα
963 1863 1028 1907 ἶσα
1043 1862 1131 1908 εἶναι
1150 1870 1210 1908 καὶ
1223 1869 1330 1917 ἥλικα

280 1925 372 1964 κατὰ
391 1927 456 1974 τὴν
468 1926 605 1978 γένναν.
621 1927 720 1964 Ante
738 1926 843 1965 hunc
863 1941 1017 1967 versum
1035 1928 1206 1968 Steinius
1225 1930 1329 1969 lacu-

280 1997 369 2023 nam
390 1998 473 2024 esse
493 1985 645 2032 statuit,
668 1985 757 2024 item
777 1995 865 2037 post
884 2000 970 2025 eum
990 1989 1058 2039 qui
1077 1988 1331 2040 subjungitur

280 2045 384 2094 τιμῆς
404 2043 433 2082 δ’
455 2043 563 2091 ἄλλης
588 2045 664 2084 κτλ.
687 2044 1025 2085 Panzerbieterum
1048 2048 1163 2086 etiam
1183 2050 1330 2088 erroris

280 2114 460 2153 arguens,
472 2103 576 2154 quod
587 2103 669 2142 haec
678 2103 924 2157 Empedoclis
938 2106 1059 2146 verba
1069 2107 1116 2146 de
1129 2108 1329 2148 elementis

281 2162 470 2213 acceperit
480 2175 567 2213 quae
578 2176 704 2215 neque
715 2173 876 2214 regnent
884 2178 1011 2216 neque
1018 2168 1206 2217 regnandi
1217 2169 1330 2208 vicis-

279 2220 672 2271 situdinemhabeant.
685 2222 734 2261 At
748 2223 931 2263 similiter
939 2224 1019 2276 jam
1035 2225 1264 2266 Karstenius
1281 2228 1328 2267 de

279 2280 353 2320 hoc
371 2281 458 2321 loco
473 2281 728 2334 judicaverat.
746 2282 829 2333 Ego
850 2284 898 2322 ad
917 2293 1094 2324 veterum
1119 2289 1328 2326 auctorita-

280 2347 354 2378 tem
376 2353 436 2379 me
456 2354 710 2393 componere,
736 2356 853 2394 quam
875 2335 1166 2396 qualescunque
1195 2346 1327 2385 docto·

280 2411 364 2437 rum
385 2401 508 2439 nostri
529 2401 600 2440 aevi
621 2402 801 2441 virorum
835 2403 1042 2455 opiniones
1061 2405 1172 2456 sequi
1193 2406 1326 2447 malui.

279 2456 410 2509 Neque
420 2459 522 2497 enim
535 2460 738 2511 probabile
748 2470 820 2507 est,
836 2462 1083 2515 Simplicium
1095 2463 1325 2516 juncturum

282 2516 400 2555 fuisse
415 2517 487 2555 hos
506 2518 745 2569 versiculos,
769 2520 845 2559 nisi
867 2534 909 2559 re
934 2533 1241 2577 argumentoque
1262 2541 1326 2565 co-

283 2574 486 2615 haererent.
508 2575 571 2615 Vs.
588 2578 652 2628 89.
673 2578 759 2628 τιμὴ
781 2594 911 2617 munus
921 2582 1109 2634 cujusque
1118 2583 1328 2624 elemento-

282 2646 366 2672 rum
394 2635 599 2686 proprium
630 2645 744 2687 atque
779 2638 822 2675 in
851 2638 925 2677 hoc
949 2642 1064 2678 situm
1086 2643 1190 2693 quod
1219 2645 1327 2684 aliud

281 2700 431 2730 noctem
453 2692 618 2740 inducit,
646 2695 753 2733 aliud
772 2696 895 2735 lucem
917 2698 1052 2746 affert,
1074 2701 1182 2740 aliud
1214 2705 1324 2744 tellu-

282 2763 385 2798 rem,
411 2752 518 2791 aliud
539 2766 669 2802 mare,
701 2756 807 2794 aliud
836 2757 951 2795 aliam
983 2759 1157 2799 universi
1177 2773 1325 2814 partem

282 2811 393 2861 quasi
426 2811 591 2863 imperio
618 2814 733 2864 regit.
763 2815 825 2856 Ab
852 2816 928 2855 hoc
956 2818 1088 2857 differt
1110 2814 1190 2867 ἦθος
1216 2823 1328 2875 inge-

284 2869 392 2908 nium
413 2870 624 2922 cujusque,
644 2872 757 2924 cujus
776 2874 985 2915 diversitas
1003 2877 1077 2915 hoc
1097 2880 1181 2918 solo
1198 2885 1327 2922 conti-

283 2935 409 2976 netur,
428 2929 533 2980 ‹1u0d
553 2930 659 2968 aliud
679 2940 736 2970 est
756 2932 946 2981 lucidum,
963 2935 1069 2974 aliud
1089 2937 1297 2977 obscurum
1313 2970 1324 2988 ,

282 2986 389 3025 aliud
405 2988 481 3025 alia
499 3001 541 3027 re
556 2989 722 3039 insigne.
742 2990 804 3030 Vs.
826 3006 890 3042 9⁰·
910 2992 1138 3046 Simplicius
1155 2997 1272 3048 Phys.
1301 3000 1325 3040 f.

285 3045 331 3089 34
354 3047 403 3094 Α,
422 3047 555 3085 eadem
571 3049 727 3099 pagina,
749 3050 864 3089 modo
878 3051 1020 3091 κύκλοιο
1039 3054 1193 3094 exhibet
1212 3058 1327 3097 modo

282 3101 439 3155 χρόνοιο;
469 3104 568 3143 illud
585 3119 679 3145 vero
699 3107 846 3147 ibidem
868 3109 894 3149 f.
917 3110 940 3148 8
967 3111 1030 3159 Α.,
1059 3115 1134 3160 273
1164 3114 1212 3154 A.
1230 3115 1325 3155 Cum

283 3160 459 3200 hocloco
481 3161 685 3214 jungenda
704 3166 932 3207 Aristotelis
947 3170 1068 3209 verba
1089 3171 1208 3224 Phys.
1224 3174 1328 3225 vul,

287 3233 302 3257 1
324 3233 412 3272 pag.
429 3221 505 3259 250
519 3222 577 3261 ed.
595 3223 751 3263 Bekker.
767 3225 1012 3277 Ἐμπεδοκλῆς
1027 3227 1150 3283 (λέγει)
1171 3233 1205 3270 ἐν
1228 3233 1327 3287 μέρει

281 3278 451 3318 κινεῖσθαι
467 3279 527 3319 καὶ
543 3280 648 3321 πάλιν
670 3285 809 3336 ἠρεμεῖν
820 3301 829 3310 ·
841 3289 1010 3326 κινεῖσθαι
1031 3289 1094 3339 μὲν
1106 3319 1117 3338 ,
1133 3289 1216 3329 ὅταν
1231 3294 1252 3338 ἡ
1270 3309 1326 3345 φι·

282 3337 342 3377 λία
362 3340 402 3377 ἐκ
426 3340 565 3380 πολλῶν
586 3343 669 3394 ποιῇ
686 3342 726 3382 τὸ
749 3343 808 3394 ἔν,
828 3342 904 3391 ἢτὸ
928 3349 1037 3391 νεῖκος
1057 3348 1172 3387 πολλὰ
1189 3348 1222 3395 ἐξ
1240 3352 1325 3396 ἑνός·

283 3397 425 3449 ἠρεμεῖν
458 3396 493 3437 δὲ
520 3399 555 3437 ἐν
586 3405 658 3445 τοῖς
678 3401 806 3451 μεταξὺ
837 3404 982 3460 χρόνοις.
1018 3407 1170 3447 Placuit
1199 3419 1325 3449 autem

286 3455 508 3508 Empedocli
545 3472 623 3498 non
672 3469 817 3500 tantum
856 3464 971 3503 ambo
1015 3466 1083 3505 illa
1129 3468 1327 3522 principia

1401 318 1612 358 amicitiam
1631 325 1669 355 et
1683 316 1922 356 discordiam
1936 346 1947 365 ,
1962 318 2031 357 sed
2045 319 2163 357 etiam
2181 319 2371 359 elementa
2389 333 2463 372 per

1402 380 1508 416 vices
1530 377 1739 418 dominari.
1758 377 1821 416 Vs.
1845 392 1911 429 9¹·
1930 378 2044 418 Hunc
2067 379 2306 418 versiculum
2327 381 2397 432 qui
2421 389 2460 420 et

1401 438 1504 476 infra
1523 437 1652 488 (vers,
1680 437 1780 489 148)
1805 451 2023 489 praegresso
2047 438 2220 488 additur,
2242 453 2331 478 cum
2353 440 2459 479 Kar-

1401 497 1526 535 stenio
1547 496 1781 548 interposui.
1803 497 2033 550 Simplicius
2047 527 2058 547 ,
2084 500 2265 551 quamvis
2290 500 2316 539 f.
2338 501 2386 547 34
2409 502 2459 543 Α.

1401 558 1576 608 reliquos
1605 570 1744 595 versus
1773 558 1914 598 ordine
1932 572 2134 611 apponens
2162 559 2267 599 hunc
2294 568 2459 612 praeter-

1400 618 1546 665 mittat,
1564 618 1699 656 eadem
1722 626 1849 656 tamen
1866 619 2012 670 pagina
2026 619 2131 658 haud
2150 619 2275 658 multo
2290 628 2400 672 post,
2415 620 2459 659 in

1399 676 1538 715 iisdem
1570 676 1816 728 explicandis
1830 707 1841 728 ,
1860 676 1964 716 hunc
1987 678 2116 730 ipsum
2138 691 2297 730 quoque
2317 677 2459 730 adJun·

1399 737 1455 785 git
1479 751 1487 774 :
1506 734 1607 774 ὅτιδὲ
1634 736 1681 780 εἷς
1695 735 1836 782 ἄλληλα
1858 736 2077 787 μεταὸάλλει
2090 768 2100 786 ,
2115 738 2216 784 δηλοῖ
2235 737 2346 789 λέγων
2359 768 2370 790 ,
2390 756 2407 772 κ
2421 740 2459 778 ἐν

1399 794 1434 833 δὲ
1451 794 1721 848 μέρει-αἴσης.
1739 813 1754 830 υ
1770 795 1833 834 Vs.
1850 810 1916 847 92.
1933 796 2165 848 Simplicius
2182 797 2358 847 neglecto
2378 811 2458 837 me-

1400 863 1459 894 tro
1479 855 1597 894 habet
1632 868 1641 895 τ
1666 855 1726 894 καὶ
1756 855 1843 908 πρὸς
1861 860 1932 899 τοῖς
1961 854 2034 894 οὔτ’
2066 854 2122 907 ἄρ’
2142 855 2360 907 ἐπιγίγνεται
2385 857 2459 897 οὐδ’

1398 913 1585 966 ἀπολήγει.
1608 914 1667 953 lta
1686 923 1790 953 certe
1803 915 1845 953 in
1862 914 2035 953 editione
2054 913 2199 952 Aldina
2212 914 2372 965 legitur,
2388 915 2458 955 sed

1398 974 1438 1012 in
1460 975 1595 1014 codice
1614 975 1660 1013 D.
1687 974 1731 1028 ἄρ
1748 990 1794 1014 τι.
1821 975 1923 1013 ilinc
1940 974 2120 1013 Sturzius
2139 974 2271 1013 effecit
2289 972 2350 1013 καὶ
2371 973 2458 1028 πρὸς

1396 1037 1467 1079 τοῖς
1489 1035 1557 1090 ἄρα
1578 1033 1658 1074 οὔτε
1683 1050 1717 1073 τι
1746 1033 1881 1085 γίνεται
1908 1033 1982 1073 οὔδ’
2002 1032 2198 1086 ἀπολήγει,
2227 1032 2460 1075 Karstenius

1987 1108 2132 1145 γνεται,
2161 1091 2234 1132 οὔτ’
2261 1093 2456 1145 ἀπολήγει,

1397 1153 1725 1193 Panzerbieterus
1753 1153 1966 1206 proposuit
1996 1152 2056 1192 καὶ
2081 1151 2169 1206 πρὸς
2189 1156 2261 1197 τοῖς
2289 1151 2360 1192 οὔτ’
2375 1153 2459 1193 ἀλλ’

1397 1212 1617 1265 ἐπιγίγνεται
1638 1214 1709 1252 οὐδ’
1739 1213 1938 1264 ἀπολήγει,
1967 1212 2141 1252 Steinius
2163 1210 2261 1251 οὐδὲν
2276 1211 2345 1265 γὰρ
2371 1212 2458 1266 πρὸς

1395 1277 1466 1317 τοῖς
1500 1271 1720 1324 ἐπιγίγνεται
1752 1271 1823 1311 οὐδ’
1852 1271 2038 1324 ἀπολήγει.
2071 1271 2170 1310 Mihi
2201 1270 2454 1311 scribendum

1396 1332 1553 1371 videtur
1577 1347 1585 1371 ι
1607 1331 1669 1371 καὶ
1700 1331 1787 1384 πρὸς
1807 1337 1879 1376 τοῖς
1915 1331 1987 1371 οὔτ’
2008 1331 2097 1371 ἄλλο
2127 1346 2162 1370 τι
2193 1331 2351 1384 γίγνεται
2382 1331 2458 1372 οὐδ’

1397 1393 1581 1444 ἀπολήγει.
1599 1392 1663 1432 Vs.
1681 1392 1818 1443 93-95.
1831 1391 1900 1431 εἴτε
1916 1391 1984 1445 γὰρ
2003 1391 2454 1446 ἐφθείροντο-ἀπολοίατἿ

1396 1451 1490 1491 Post
1508 1454 1681 1504 primum
1700 1453 1840 1491 horum
1855 1465 2042 1491 versuum
2060 1449 2128 1490 εἴτε
2145 1451 2214 1505 γὰρ
2233 1452 2312 1492 κτλ.
2333 1452 2458 1491 mmi-

1398 1511 1535 1550 sestum
1556 1521 1614 1551 est
1634 1512 1830 1551 excidisse
1848 1511 2015 1551 alterum
2041 1510 2233 1550 inchoatae
2252 1511 2456 1551 sententiae

1396 1570 1608 1609 clausulam
1638 1571 1899 1623 complexum.
1932 1570 2083 1610 Etenim
2103 1570 2181 1609 loci
2201 1583 2362 1610 sensum
2385 1570 2456 1610 hu·

1390 1628 1566 1680 jusmodi
1584 1642 1669 1668 esse
1688 1629 1896 1682 oportebat
1915 1644 1924 1668 :
1956 1647 1973 1664 a
1996 1629 2037 1668 Si
2057 1631 2216 1682 penitus
2236 1629 2451 1669 intercide·

1395 1698 1480 1727 rent
1501 1689 1591 1736 illa,
1625 1689 1666 1727 in
1696 1698 1896 1741 posterum
1931 1703 2011 1728 non
2040 1689 2210 1741 amplius
2238 1697 2387 1738 essent;
2418 1690 2453 1729 si

1395 1751 1610 1799 orirentur,
1633 1766 1712 1790 non
1742 1752 1927 1800 fuissent,
1953 1761 2159 1803 antequam
2184 1751 2225 1790 in
2246 1751 2371 1790 lucem
2393 1765 2452 1791 es-

1394 1819 1480 1848 sent
1498 1810 1613 1851 edita.
1641 1829 1657 1846 ι»
1679 1811 1811 1858 Quare
1838 1812 1988 1850 lacunae
2003 1811 2116 1862 signa
2131 1811 2303 1850 editores
2319 1811 2413 1850 inde
2431 1825 2455 1851 a

1395 1868 1603 1908 Karstenio
1633 1878 1864 1922 posuerunt.
1892 1870 1982 1910 Tali
2012 1881 2199 1909 versuum
2222 1878 2455 1919 argument-o

1394 1929 1597 1979 sequentia
1617 1932 1868 1980 respondent.
1895 1929 1960 1970 Vs.
1982 1935 2049 1980 94.
2076 1929 2191 1967 affert
2220 1928 2454 1970 Aristoteles

1393 1987 1441 2026 de
1468 1988 1557 2027 Met.
1592 1988 1689 2027 Xen.
1711 1998 1750 2028 et
1781 1990 1902 2040 Gorg.
1918 2003 1954 2039 p.
1990 1988 2082 2039 975.
2111 1988 2154 2027 B.
2175 1987 2188 2038 (
2204 1999 2292 2040 pag.
2313 2001 2364 2026 20
2387 1990 2450 2030 ed.

1393 2051 1557 2096 nostr.),
1579 2047 1647 2086 ubi
1681 2048 1774 2087 vide
1804 2062 1892 2100 quae
1913 2062 1935 2087 a
1955 2047 2072 2087 nobis
2095 2055 2227 2086 notata
2253 2054 2355 2086 sunt.
2379 2047 2455 2087 Hic

1393 2107 1497 2145 enim
1513 2107 1824 2147 emendationem
1840 2108 1897 2147 ibi
1907 2107 2150 2160 propositam
2165 2106 2288 2145 secuti
2302 2119 2453 2148 sumus.

1444 2166 1508 2206 Vs.
1527 2168 1591 2218 95.
1623 2167 1745 2218 vulgo
1766 2167 1955 2206 scribitur
1971 2169 2021 2214 πῆ
2045 2166 2081 2205 δέ
2101 2181 2141 2205 κε
2165 2165 2227 2206 καὶ
2258 2165 2449 2216 ἀπόλοιτο;

1392 2225 1469 2264 ἐπεὶ
1496 2242 1530 2265 κ.
1552 2242 1584 2266 τ.
1603 2227 1638 2266 λ.
1660 2226 1735 2265 Sed
1755 2236 2015 2279 praeterquam
2045 2225 2151 2278 quod
2167 2225 2298 2264 hiatus
2317 2225 2361 2264 in
2389 2226 2454 2266 his

1397 2285 1533 2324 verbis
1553 2285 1739 2333 offendit,
1766 2286 1962 2338 Simplicii
1981 2285 2135 2324 codices
2158 2283 2336 2338 praebent
2355 2284 2452 2325 ἀπό-

1391 2343 1528 2390 λοιντο,
1564 2357 1682 2396 quam
1713 2345 1949 2397 scripturam
1980 2353 2110 2382 natam
2137 2357 2219 2383 esse
2250 2343 2376 2396 liquet
2401 2357 2451 2384 ex

1391 2402 1599 2444 ἀπολοίατο.
1618 2403 1882 2450 Quamobrem
1906 2418 1993 2443 cum
2014 2403 2317 2443 Panzerbietero
2332 2405 2450 2456 posui

1389 2465 1441 2509 πῆ
1469 2461 1506 2501 δέ
1532 2478 1571 2501 κε
1591 2462 1652 2502 καὶ
1680 2462 1881 2512 ἀπολοίατ’;
1911 2463 2001 2504 ἐπεὶ.
2021 2463 2136 2511 Quod
2163 2463 2322 2502 veroin
2352 2476 2450 2504 non-

1390 2523 1510 2562 nullis
1530 2523 1770 2562 membranis
1790 2532 1848 2562 est
1868 2522 1977 2576 κῆρυξ
1992 2524 2180 2563 ἀπόλοιντο
2201 2535 2212 2562 t
2233 2522 2276 2561 id
2295 2522 2330 2561 si
2346 2531 2452 2562 recte

1391 2582 1713 2637 interpretamur,
1735 2583 1779 2621 in
1798 2583 1967 2634 vestigia
1984 2596 2126 2622 vocum
2144 2581 2205 2622 καὶ
2224 2580 2451 2627 ἐξαπολοίατ’

1391 2643 1654 2691 incurrimus,
1673 2656 1747 2695 pro
1768 2642 1912 2694 quibus
1932 2643 2122 2693 Bergkius
2146 2644 2198 2694 πῇ
2224 2641 2345 2681 δὲκαὶ
2367 2640 2446 2688 ἐξα·

1391 2701 1533 2742 πόλοιτό
1557 2702 1602 2749 κ’,
1625 2702 1701 2741 ἐπεὶ
1722 2703 1824 2740 τῶνδ’
1848 2703 1927 2742 κτλ.
1951 2701 2186 2754 conjecerat.
2213 2701 2272 2739 De
2290 2700 2448 2753 reliquo

1389 2763 1499 2801 τῶνδε
1521 2763 1691 2814 pertinet
1709 2762 1757 2800 ad
1777 2760 1922 2814 ἔρημον.
1958 2761 2023 2800 Vs.
2048 2762 2181 2813 96·97.
2206 2760 2285 2799 ἀλλ’
2314 2758 2449 2799 αὔτ’-

1390 2822 1526 2874 ὁμοῖα.]
1546 2825 1592 2860 In
1618 2821 1680 2860 his
1699 2821 1884 2860 versibus
1901 2821 2001 2860 nihil
2023 2819 2252 2859 mutandum
2267 2847 2279 2866 ‚
2293 2819 2368 2859 etsi
2391 2820 2445 2859 si-

1390 2881 1477 2919 mili
1495 2881 1582 2919 loco
1596 2880 1781 2919 inductus
1800 2880 1867 2932 (cf.
1884 2894 1989 2920 vers.
2014 2881 2110 2931 149)
2126 2878 2331 2931 Simplicio
2349 2878 2448 2917 duce

1390 2939 1620 2979 Karstenius
1653 2938 1728 2979 ἔστι
1747 2955 1787 2992 γε
1808 2954 1881 2992 pro
1903 2942 2061 2991 vulgato
2085 2938 2180 2978 ἔστιν
2201 2938 2355 2977 exarari
2378 2951 2447 2976 vo·

1391 3000 1479 3040 luit.
1511 3000 1646 3052 Neque
1676 3010 1754 3047 est,
1792 3015 1863 3039 cur
1902 3000 2132 3040 mendosum
2159 2999 2260 3038 illud
2288 2999 2444 3049 Bergkii

1389 3059 1501 3098 ταῦτά
1526 3073 1599 3112 pro
1619 3058 1816 3098 librorum
1852 3060 2022 3099 lectione
2052 3064 2164 3099 ταῦτα
2197 3058 2444 3119 recipiamus,

1388 3117 1454 3159 Vs.
1470 3133 1537 3170 97.
1560 3118 1687 3158 ἄλλοτε
1705 3119 1860 3158 codices
1878 3119 2085 3167 exhibent,
2105 3118 2218 3171 cujus
2238 3119 2326 3157 loco
2346 3117 2446 3156 Stei-

1388 3179 1478 3218 nius
1495 3178 1639 3218 ἄλλοθεν
1655 3178 1731 3230 legi
1745 3177 1879 3230 jussit.
2415 3177 2420 3180 ”

1443 3238 1504 3278 Vs.
1546 3239 1694 3289 98-101
1742 3238 1856 3277 affert
1893 3238 2127 3276 Plutarchus
2181 3237 2269 3276 adv.
2316 3235 2443 3275 Colot.

1390 3311 1431 3349 p.
1463 3312 1557 3335 1111
1577 3311 1588 3346 ;
1607 3298 1689 3338 vol.
1719 3296 1754 3336 X
1771 3311 1812 3349 p.
1837 3297 1933 3346 5733
1967 3297 2060 3336 item
2092 3297 2140 3335 de
2161 3297 2261 3349 plac.
2286 3295 2386 3348 phil.
2414 3295 2446 3344 l,

1358 3358 1362 3414 Ι
1393 3357 1453 3395 30.
1469 3356 1528 3396 vs.
1551 3358 1602 3408 98
1623 3356 1724 3411 φύσις
1737 3357 1817 3395 κτλ.
1837 3365 2026 3408 praeterea
2050 3370 2123 3394 100
2140 3365 2178 3394 et
2203 3369 2272 3394 101
2295 3355 2446 3394 Aristo-

1391 3415 1482 3454 teles
1497 3416 1665 3468 Metaph.
1679 3415 1743 3465 IV,
1762 3421 1783 3462 4
1805 3430 1844 3468 p.
1860 3418 1934 3465 677
1953 3417 2000 3456 D.
2015 3416 2101 3455 Vss.
2118 3417 2168 3466 98
2189 3424 2227 3453 et
2249 3428 2320 3453 100
2341 3413 2444 3453 idem

1391 3473 1438 3511 de
1457 3474 1600 3516 Gener.
1621 3485 1659 3514 et
1678 3489 1780 3515 corr.
1802 3476 1841 3525 l,
1879 3491 1918 3524 13
1946 3491 1984 3528 p.
2007 3477 2099 3520 384.
2124 3475 2164 3513 F..
2197 3475 2284 3515 Vss.
2316 3488 2388 3513 100
2408 3482 2444 3512 et
