2612 3814
326 287 402 320 246
1199 274 1268 315 DE
1299 273 1639 314 ANAXAGORA.

319 370 456 411 calidis
485 378 574 408 sunt
605 367 791 420 abrupta,
812 365 878 406 sed
909 364 1236 418 quemadmodum
1266 372 1378 402 antea

319 431 376 469 sic
404 432 516 469 etiam
552 443 656 468 nunc
688 427 821 467 omnia
856 426 1049 466 cohaerent
1089 425 1186 476 (23).
1233 424 1374 463 Verum

318 489 500 542 quamvis
519 489 599 528 haec
625 488 791 527 discreta
819 486 897 526 sint
917 485 1070 537 aliaque
1097 484 1271 534 quotidie
1297 484 1375 522 ‹lis-

318 558 542 599 cernantur,
563 558 688 587 tamen
710 545 871 585 materia
889 557 1013 595 neque
1034 543 1284 594 generatione
1304 554 1376 580 au-

317 608 402 658 gen-,i
420 621 546 660 neque
565 607 689 646 minui
715 604 875 645 interitu
895 611 1021 656 potest
1056 603 1149 654 (24).
1184 602 1371 640 Caeterum

318 667 416 706 nihil
447 681 572 720 neque
605 668 644 706 nt
683 677 807 716 neque
838 663 992 710 interit,
1027 661 1093 700 sed
1123 674 1171 700 ex
1210 662 1258 700 iis
1289 674 1375 712 quae

317 737 407 767 sunt
442 727 558 767 rebus
593 726 724 766 omnia
753 724 960 762 miscentur
992 721 1041 760 ab
1073 721 1199 772 iisque
1224 720 1374 758 discer-

319 796 478 826 nuntur.
503 787 560 825 lta
589 786 731 825 rectius
757 797 829 836 pro
860 791 947 820 ortu
968 781 1168 819 misturam
1184 808 1194 827 ‚
1217 792 1291 829 pro
1312 780 1374 816 in-

318 848 434 885 teritu
454 846 737 898 separationem
757 841 903 880 dixeris
923 840 1018 888 (25).
1039 839 1187 877 Lunam
1205 837 1372 876 habitari

318 904 468 956 putavit
488 905 684 954 collesque
703 910 740 940 et
759 900 878 938 valles
898 898 1042 936 habere
1061 897 1156 946 (26).

372 964 489 1002 initio
511 962 732 1002 ferebantur
748 959 875 999 sidera
895 959 1000 996 circa
1030 957 1164 1008 polum
1195 955 1262 1006 qui
1291 964 1374 994 erat

315 1023 355 1062 in
378 1023 511 1061 mundi
532 1024 642 1073 quasi
671 1019 850 1059 culmine.
872 1017 999 1064 Quum
1023 1030 1116 1054 vero
1149 1015 1222 1053 hoc
1255 1016 1372 1053 inodo

315 1095 449 1120 omnes
478 1090 588 1119 terrae
617 1088 744 1132 partes
779 1086 815 1116 et
843 1077 920 1115 coli
952 1085 990 1114 et
1023 1075 1192 1114 habitari
1224 1075 1373 1127 pariter

314 1148 490 1194 possent,
512 1139 699 1190 contigit,
732 1146 776 1176 ut
804 1145 910 1176 terra
929 1148 1065 1175 versus
1083 1134 1286 1174 meridiem
1309 1134 1368 1173 in·

314 1202 522 1240 clinaretur
536 1209 572 1239 ct
586 1201 699 1252 polus
719 1196 792 1237 sub
811 1195 1143 1249 septentrionibus
1163 1195 1372 1234 constitue-

315 1269 434 1307 retur,
461 1259 528 1298 ubi
555 1260 669 1298 etiam
705 1270 809 1296 nunc
831 1257 1072 1309 conspicitur
1105 1256 1199 1308 (27).
1232 1255 1369 1293 Nivem

313 1411 378 1443 ἀνω
396 1412 548 1451 ἐπισχεῖν,
561 1411 603 1446 ὡς
620 1410 656 1442 τὸ
673 1413 750 1450 πῦρ·
765 1409 847 1450 ὕδωρ
864 1409 897 1440 δὲ
921 1409 974 1440 καὶ
1003 1408 1078 1449 ἀέρα
1107 1409 1159 1439 τὸν
1185 1407 1291 1447 μέσον.
1319 1407 1369 1439 Cf.

314 1458 426 1498 fragm.
447 1460 477 1490 8.

355 1506 421 1544 (23)
446 1504 495 1538 Cf.
518 1504 618 1544 fragm
654 1506 689 1536 13
705 1505 736 1535 et
761 1508 807 1536 16.

355 1554 423 1594 (24)
447 1553 496 1585 Cf.
514 1553 624 1592 fragm.
644 1554 679 1584 14
693 1553 725 1583 et
741 1555 790 1583 15.

356 1601 423 1641 (25)
445 1599 537 1632 Conl'.
558 1599 669 1640 fragm.
692 1601 740 1632 17.

355 1648 422 1690 (26)
445 1648 599 1688 Diogenes
619 1646 764 1679 Laertius
788 1647 833 1685 Π,
854 1650 872 1678 8
899 1654 908 1678 :
933 1645 988 1685 τὴν
1013 1645 1046 1678 δὲ
1072 1645 1204 1684 σελήνην
1229 1644 1370 1683 οἰκήσεις

311 1697 406 1739 ἔχειν,
427 1695 505 1728 ἀλλὰ
521 1696 574 1727 καὶ
591 1695 703 1737 λόφους
715 1694 768 1726 καὶ
786 1694 956 1736 φάραγγας.

354 1744 419 1786 (29)
442 1744 599 1783 Diogenes
620 1743 763 1776 Laertius
778 1743 822 1781 11,
837 1746 856 1774 9
879 1750 888 1774 :
904 1742 944 1774 τὰ
958 1742 985 1774 δ’
1004 1741 1106 1783 ἄστρα
1118 1739 1187 1774 κατ’
1203 1741 1300 1784 ἀρχὰς
1317 1742 1370 1774 Θο-

308 1793 435 1829 λοειδῶς
450 1791 625 1834 ἐνεχθῆναι,
642 1791 726 1823 ὥστε
742 1790 825 1822 κατὰ
844 1790 980 1831 κορυφὴν
998 1793 1053 1828 τῆς
1065 1793 1121 1830 γῆς
1137 1790 1190 1821 τὸν
1207 1789 1254 1821 ἀεὶ
1268 1789 1372 1829 φαινό-

312 1850 403 1881 μενον
430 1839 509 1872 εἶναι
536 1837 646 1878 πόλον,
671 1838 800 1879 ὕστερον
816 1837 848 1869 δὲ
864 1837 920 1876 τήν
933 1837 1071 1877 ἔγκλισιν
1086 1837 1192 1869 λαὸεῖν
1218 1837 1292 1876 (leg.
1315 1837 1370 1875 τὴν

312 1891 371 1929 γῆν
395 1887 532 1929 ἔγκλισιν
553 1886 682 1926 λαὸεἴν).
700 1885 895 1918 Plutarchus
911 1884 951 1917 de
970 1885 1053 1925 plac.
1081 1884 1160 1926 phil.
1187 1884 1242 1917 lib.
1263 1885 1306 1924 11,
1320 1889 1338 1916 8
1360 1896 1368 1916 ε

313 1935 478 1976 Διογένης,
503 1933 704 1975 Ἀναξαγόρας
726 1933 804 1974 μετὰ
832 1932 868 1965 τὸ
889 1936 1040 1971 συστῆναι
1055 1932 1108 1964 τὸν
1122 1931 1244 1973 κόσμον
1261 1931 1371 1963 καὶτὰ

312 1986 377 2024 ζῷα
395 1983 430 2014 ἐκ
448 1986 502 2021 τῆς
519 1986 575 2023 γῆς
591 1982 752 2020 ἐξαγαγεῖν
771 1979 949 2021 ἐγκλιθῆναί
967 1991 1033 2017 πως
1048 1980 1101 2012 τὸν
1122 1980 1243 2020 κόσμον
1258 1979 1292 2011 ἐκ
1314 1982 1370 2011 τοῦ

315 2029 492 2071 αὐτομάτου
508 2030 537 2067 ἐς
549 2030 585 2062 τὸ
597 2028 803 2071 μεσημόρινὸν
818 2029 914 2060 αὐτοῦ
929 2028 1036 2070 μέρος·
1049 2027 1127 2064 ἷσως
1137 2028 1199 2059 ὑπὸ
1211 2026 1369 2068 προνοίας,

311 2079 363 2110 ίνα
380 2078 401 2109 ἃ
417 2078 472 2119 μέν
488 2088 556 2109 τινα
571 2077 705 2115 ἀοίκητα
720 2076 860 2117 γένηται,
877 2075 898 2107 ἃ
910 2073 937 2107 δ’
949 2074 1061 2114 οἰκητὰ
1073 2076 1150 2117 μέρη
1163 2077 1219 2107 τοῦ
1232 2074 1368 2116 κόσμου,

314 2125 396 2157 κατὰ
412 2125 513 2167 ψύξιν,
527 2124 580 2156 καὶ
595 2124 788 2167 ἐκπύρωσιν,
803 2124 856 2155 καὶ
873 2122 1055 2166 εὐκρασίαν.

354 2172 420 2213 (28)
444 2174 560 2204 sextus
577 2171 754 2212 Empiricus
770 2170 885 2212 Pyrrh.
905 2170 1059 2211 hypotyp.
1081 2170 1105 2210 l,
1127 2172 1177 2208 13,
1198 2171 1237 2201 33
1256 2168 1371 2201 :vomi-

313 2231 390 2260 μενα
401 2221 431 2253 δὲ
446 2218 660 2262 [ἀντιτίθεμεν]
675 2218 878 2260 φαινομένοις,
893 2219 935 2255 ὡς
949 2219 967 2250 ὁ
977 2216 1180 2258 Ἀναξαγόρας
1200 2220 1245 2257 τῷ
1259 2217 1372 2254 λευκήν

312 2268 390 2300 εἶναι
413 2268 468 2306 τὴν
483 2267 574 2309 χιόνα
587 2266 733 2299 ἀντετίθει
747 2266 794 2298 ὅτι
808 2267 827 2305 ἡ
841 2266 922 2307 χιὼν
937 2265 1021 2306 ὕδωρ
1037 2264 1103 2296 ἐστὶ
1119 2263 1270 2305 πεπηγός.
1286 2264 1323 2296 τὸ
1338 2264 1371 2296 δὲ

310 2317 394 2357 ὕδωρ
417 2315 483 2347 ἐστὶ
504 2315 610 2356 μέλαν·
633 2314 687 2347 καὶ
708 2315 727 2353 ἡ
750 2314 830 2357 χιὼν
852 2313 912 2355 ἄρα
927 2312 1059 2354 μέλαινά
1078 2311 1156 2344 ἐστί.
1172 2312 1313 2344 Galenus
1331 2311 1372 2344 de

311 2363 416 2402 simpl.
436 2362 605 2395 medicam.
623 2363 665 2402 11,
685 2363 697 2393 1
720 2374 728 2394 ι
743 2361 797 2393 καί
813 2371 891 2397 τινες
906 2359 1025 2392 καὶτὸν
1041 2359 1247 2401 Ἀναξαγόραν
1263 2359 1371 2391 ἐπικα-

311 2412 435 2443 λοῦνται
457 2410 595 2453 μάρτυρα
613 2410 682 2452 περὶ
699 2413 754 2448 τῆς
778 2409 901 2451 χιόνος,
922 2407 1173 2449 ἀποφηνάμενον,
1191 2410 1232 2444 ὡς
1249 2408 1308 2439 οὐκ
1323 2408 1371 2446 εἴη

311 2458 419 2495 λευκή.
441 2459 552 2490 cicero
576 2458 702 2495 Quoest‚
720 2458 819 2490 Aeaci.
838 2457 895 2497 lV,
914 2458 954 2488 23
974 2468 982 2488 ε
1003 2467 1020 2483 «
1037 2457 1242 2494 Anaxagoras
1262 2454 1370 2486 nivem

315 2506 434 2545 nigram
450 2505 534 2538 dixit
550 2514 630 2538 esse.
646 2518 662 2533 ι»
676 2506 735 2545 IV,
751 2508 820 2537 312«
831 2503 1017 2545 faciliorque
1035 2502 1112 2541 erit,
1125 2503 1163 2534 ut
1180 2501 1287 2533 albam
1301 2509 1371 2534 esse

316 2553 420 2584 nivem
441 2553 575 2593 probet,
590 2561 687 2593 quam
705 2553 773 2584 erat
786 2555 991 2592 Anaxagoras
1002 2550 1058 2592 qui
1079 2549 1110 2582 id
1129 2558 1193 2581 non
1215 2548 1310 2581 modo
1327 2548 1371 2580 ita

315 2608 387 2632 csse
413 2599 569 2640 negabat,
598 2599 654 2631 sed
682 2598 761 2639 sibi,
786 2599 860 2639 quia
882 2599 979 2631 sciret
1002 2606 1119 2640 aquam
1136 2597 1259 2638 nigram
1279 2606 1368 2637 csse,

317 2646 402 2678 unde
419 2646 472 2678 illa
497 2649 645 2678 concreta
662 2649 766 2686 esset,
783 2646 888 2677 albam
913 2645 1016 2686 ipsam
1034 2654 1105 2678 esse
1126 2654 1167 2677 ne
1185 2643 1285 2677 videri
1302 2645 1369 2685 qui·

316 2693 401 2726 dem.
422 2708 438 2724 »
460 2694 642 2726 Lactantius
662 2693 955 2730 Diviu.1nstil.‘lll.
971 2697 1011 2726 23
1033 2703 1041 2724 :
1065 2706 1080 2721 n
1099 2692 1185 2731 Quid
1204 2692 1291 2725 enim'
1306 2692 1369 2724 dici

317 2742 422 2781 potest
434 2741 473 2773 de
486 2741 539 2773 illo
552 2741 606 2782 qui
618 2741 739 2781 nigram
750 2741 831 2773 dixit
844 2750 913 2774 esse
924 2741 1157 2782 ni=·e1n?quam
1171 2749 1371 2782 consequens

317 2789 401 2827 erat,
415 2789 452 2820 ut
469 2788 564 2820 eliam
580 2788 679 2829 picem
695 2788 799 2821 albam
816 2797 883 2821 esse
901 2787 1032 2820 diceret.
1045 2800 1061 2816 ιι
1079 2788 1128 2820 Id.
1143 2789 1187 2821 Vl
1198 2813 1207 2827 ,
1222 2792 1241 2821 3
1258 2800 1266 2820 z
1281 2801 1297 2816 «
1314 2788 1369 2820 Di·

317 2837 459 2878 scipulos
467 2836 519 2868 hic
529 2837 660 2869 tortasse
670 2841 862 2877 Anaxagorae
873 2835 978 2876 inierit,
989 2835 1040 2868 cui
1052 2835 1142 2869 nives
1155 2837 1369 2869 atramentum

318 2884 462 2916 suerunt.
485 2896 501 2911 ι»

362 2932 426 2972 (29)
450 2929 638 2964 Aristoteles
653 2931 787 2962 Mereor.
806 2930 834 2968 1,
849 2934 867 2963 8
887 2943 896 2963 ι
913 2931 953 2962 Ol
971 2930 1003 2962 δὲ
1018 2930 1084 2971 περὶ
1099 2927 1303 2973 Ἀναξαγόραν
1317 2931 1371 2963 καὶ

318 2979 512 3020 Δημόκριτον
539 2980 602 3019 φῶς
630 2977 708 3009 εἶναι
734 2977 770 3009 τὸ
792 2976 874 3018 γάλα
896 2978 1038 3017 λέγουσιν
1055 2978 1177 3019 ἄστρων
1193 2983 1298 3011 τινῶν·
1317 2980 1371 3012 τὸν

318 3026 377 3068 γὰρ
394 3027 480 3064 ἥλιον
494 3025 556 3057 ὑπὸ
578 3027 634 3063 τήν
653 3029 710 3066 γῆν
727 3025 891 3066 φερόμενον
907 3026 967 3068 οὐχ
983 3027 1056 3069 όρᾷν
1072 3026 1137 3058 ἔνια
1156 3031 1218 3058 τῶν
1235 3027 1370 3069 ἄστρων.

319 3073 381 3105 ὅσα
409 3073 464 3114 μὲν
486 3071 540 3104 οὖν
560 3072 668 3112 ὁρᾶται
689 3071 743 3104 ὑπ’
756 3072 870 3112 αὐτοῦ,
887 3073 1007 3105 τούτων
1024 3073 1079 3114 μὲν
1104 3074 1141 3106 οὐ
1159 3074 1318 3115 φαίνεσῡαι
1335 3076 1371 3108 τὸ

319 3123 401 3160 φῶς·
418 3119 594 3152 κωλύεσθαι
612 3119 670 3160 γὰρ
698 3120 759 3152 ὑπὸ
784 3123 847 3152 τῶν
876 3123 932 3152 τοῦ
950 3120 1040 3159 ἡλίου
1063 3120 1209 3154 ἀκτίνων.
1232 3122 1317 3159 ὅσοις
1339 3124 1372 3155 δὲ

320 3166 510 3209 ἀντιφράττει
524 3168 544 3205 ἡ
554 3170 593 3207 γῆ
605 3191 614 3206 ,
624 3167 707 3199 ὥστε
723 3167 766 3209 μὴ
776 3167 906 3209 ὁρᾶσθαι
918 3168 979 3200 ὑπὸ
989 3171 1044 3200 τοῦ
1057 3168 1145 3207 ἡλίου
1156 3195 1163 3208 ,
1174 3169 1210 3202 τὸ
1223 3170 1372 3203 τοιούτων

320 3215 437 3248 οἰκεῖον
454 3218 516 3256 φῶς
535 3226 627 3252 φασιν
644 3215 722 3247 εἶναι
737 3216 772 3247 τό
790 3215 882 3256 γάλα.
904 3216 953 3249 Cf.
973 3215 1066 3250 Alex.
1087 3216 1255 3257 Aphrod'ss.
1277 3217 1316 3250 ad
1338 3218 1368 3251 Ιι.

321 3262 343 3294 l.
364 3261 553 3294 Plutarchus
569 3261 608 3293 de
629 3261 741 3294 Placit.
759 3262 834 3302 phil.
852 3264 916 3303 111,
934 3267 943 3295 1
969 3275 977 3297 ε
997 3262 1197 3305 Ἀναξαγόρας
1208 3266 1264 3304 τήν
1280 3266 1372 3298 σκιὰν

320 3314 373 3348 τῆς
392 3314 448 3351 γῆς
464 3310 546 3342 κατὰ
564 3313 656 3342 τοῦτο
670 3309 706 3342 τὸ
721 3310 811 3352 μέρος
827 3310 974 3343 ἵστασθαι
990 3315 1046 3344 τοῦ
1060 3312 1191 3354 ούρανοῦ
1201 3336 1210 3351 ,
1223 3313 1298 3345 ὅταν
1310 3314 1372 3346 ὑπὸ

320 3360 376 3398 τήν
391 3362 449 3399 γῆν
465 3359 482 3390 ὁ
497 3358 582 3397 ἥλιος
598 3357 756 3399 γινόμενος
773 3359 815 3399 μὴ
829 3359 930 3392 πάντα
950 3357 1075 3402 φωτίζῃ.
1094 3361 1250 3402 Diogenes
1267 3363 1372 3395 Laert.

321 3406 377 3439 lib.
397 3408 440 3446 11,
455 3409 474 3439 9
491 3419 499 3439 ε
520 3406 574 3438 καὶ
590 3405 643 3437 τὸν
659 3405 807 3444 γαλαξίαν
830 3406 999 3440 ἀνάκλασιν
1015 3408 1211 3449 εἶναι-φωτὸς
1223 3408 1354 3447 ἡλιακοῦ
1364 3433 1372 3449 ,

323 3454 367 3495 μὴ
383 3454 672 3495 καταλαμπομένων
690 3456 752 3485 τῶν
770 3453 905 3496 ἄστρων.
926 3455 978 3487 Sic
996 3459 1028 3487 et
1046 3455 1238 3496 Hippolytus
1264 3455 1370 3488 Retut.

323 3504 445 3535 Haeres.
461 3511 492 3542 o.
513 3506 547 3535 15
560 3501 611 3533 ed.
627 3501 744 3534 Miller.
763 3500 816 3533 ubi
833 3511 889 3543 pro
902 3503 1229 3545 καταλαμὸανομένων
1245 3502 1304 3544 leg.
1318 3515 1375 3536 κα-

324 3551 581 3592 ταλαμπομένων.
603 3547 853 3589 Olympiodorns
869 3553 1042 3584 commoni.
1062 3551 1094 3583 in
1118 3551 1214 3583 Arist.
1237 3553 1371 3584 meleor.

1441 364 1591 413 nigram
1612 374 1694 400 esse
1711 362 1912 401 contendit
1934 362 2035 415 (28).
2053 362 2237 404 Lacteum
2254 365 2389 406 orbem
2405 367 2506 409 oriri

1439 429 1569 460 censet
1584 433 1607 459 a
1623 419 1816 459 sideribus
1835 435 1923 473 quae
1939 432 2055 462 noctu
2067 453 2078 472 ‚
2097 437 2177 475 quo
2198 433 2376 478 tempore
2392 434 2507 468 terrae

1439 478 1579 519 umbra
1611 478 1703 517 solis
1746 479 1867 520 radiis
1915 482 2057 531 officit,
2100 483 2143 522 in
2189 484 2362 525 tenebris
2395 499 2505 527 suam

1438 540 1563 579 lucem
1583 539 1765 578 emittunt
1783 539 1877 593 (29).
1901 542 1968 580 Ait
1985 556 2104 595 porro
2121 553 2291 584 cometas
2305 545 2502 587 stellarum

1437 599 1652 638 errantium
1689 607 1727 646 et
1765 599 1937 639 flammas
1967 614 2017 640 ex
2050 615 2092 642 se
2128 603 2389 644 emittentium
2423 619 2507 647 esse

1436 670 1695 705 concursum,
1719 657 1968 710 trajectiones
1996 669 2124 700 autem
2154 662 2355 703 stellarum
2384 665 2506 706 veluti

1437 716 1624 755 scintillas
1671 715 1721 754 ab
1758 730 1848 756 aere
1894 718 2047 759 vibrari
2089 720 2181 775 (30).
2216 722 2361 764 Ventos
2397 725 2507 776 gigni

1436 775 1593 826 quando
1617 788 1683 814 aer
1704 789 1726 813 a
1746 777 1830 815 sole
1858 786 2102 819 extenuetur.
2124 779 2319 821 'fonitrua
2338 782 2505 825 nubium

1436 848 1520 874 esse
1546 835 1814 882 collisionem
1839 836 1993 887 fulgura
2014 839 2338 881 confricationem
2365 842 2502 884 itidem

1436 895 1616 934 nubium.
1639 895 1772 934 Terrae
1792 905 1920 935 motus
1941 911 2094 936 causam
2120 912 2206 939 esse
2224 914 2355 942 aerem
2385 910 2501 943 terroe

1438 954 1591 993 viscera
1611 964 1648 994 et
1669 968 1857 994 cavernas
1877 955 2109 996 subeuntem
2132 959 2167 1008 (3
2177 959 2224 1011 ¹).

1490 1014 1596 1053 Mare
1634 1023 1762 1053 ortum
1801 1023 1882 1066 est,
1921 1029 2041 1067 quum
2093 1017 2296 1068 particulae
2334 1018 2504 1061 humida?

1434 1085 1568 1126 eaeque
1601 1075 1769 1114 leviores
1802 1075 1844 1113 in
1878 1088 2047 1127 vapores
2078 1089 2282 1117 conversae
2313 1077 2504 1118 sublimes

1434 1134 1591 1174 abirent
1610 1135 1864 1187 gravioribus
1884 1136 1926 1175 in
1943 1145 2047 1176 terra
2064 1137 2370 1179 remanentibus.
2406 1138 2504 1186 Quae

1436 1208 1498 1234 res
1519 1209 1566 1234 eo
1586 1196 1730 1245 valuit,
1751 1203 1795 1234 ut
1814 1209 1916 1248 aqua
1936 1196 2089 1235 marina
2107 1197 2201 1236 salis
2226 1197 2353 1238 instar
2371 1209 2504 1238 amate

1436 1255 1562 1306 sapiat
1585 1256 1680 1307 (32).

1435 1416 1465 1448 p.
1492 1411 1528 1440 15
1546 1406 1567 1439 b
1586 1420 1593 1439 z
1609 1407 1696 1450 τρίτη
1710 1407 1783 1444 δόξα
1795 1406 1999 1450 Ἀναξαγόρου
2015 1409 2068 1440 καὶ
2083 1409 2293 1451 Δημοκρίτου.
2312 1408 2411 1442 Οὗτοί
2421 1420 2500 1450 φασι

1432 1455 1485 1487 τὸν
1497 1454 1648 1496 γαλαξίαν
1661 1456 1738 1487 εἶναι
1756 1456 1792 1488 τὸ
1808 1456 1887 1487 ἴδιον
1907 1459 1971 1498 φῶς
1987 1459 2050 1488 τῶν
2068 1457 2206 1499 ἀστέρων
2219 1460 2283 1490 τῶν
2307 1458 2351 1499 μὴ
2366 1459 2500 1499 φωτιζο·

1434 1503 1534 1543 μένων
1559 1503 1620 1534 ὑπὸ
1636 1506 1692 1534 τοῦ
1709 1503 1811 1541 ἡλίου.
1826 1503 1999 1544 Ἔχουσι
2021 1503 2116 1545 γάρ,
2133 1503 2229 1545 φησί,
2242 1504 2290 1536 τὰ
2315 1505 2439 1547 ἂστρα
2458 1504 2503 1537 τὸ
2530 1506 2536 1511 ’

1431 1550 1541 1582 ἰδιον
1565 1550 1731 1591 φῶςκαί
1755 1550 1989 1589 ἐπίκτητον
2007 1551 2053 1583 τὸ
2079 1551 2160 1583 ἀπὸ
2187 1554 2261 1584 τοῦ
2282 1551 2421 1590 ἡλίου.
2441 1552 2498 1584 καὶ

1432 1599 1521 1637 δηλοῖ
1544 1600 1564 1637 ἡ
1581 1599 1706 1638 σελήνη.
1736 1600 1850 1638 ταύτης
1872 1600 1933 1640 γὰρ
1950 1600 2052 1642 ἔτερον
2069 1599 2125 1641 μὲν
2139 1600 2176 1632 τὸ
2201 1599 2281 1633 ἴδιον
2294 1603 2358 1640 φῶς
2370 1624 2380 1640 ,
2394 1600 2498 1642 ἕτερον

1433 1646 1464 1677 δὲ
1489 1645 1525 1677 τὸ
1551 1644 1604 1687 ἀφ’
1622 1645 1724 1684 ἡλίου.
1757 1646 1793 1678 τὸ
1809 1647 1869 1688 γὰρ
1885 1646 1965 1679 ίδιον
1984 1647 2080 1686 αὐτῆς
2098 1650 2162 1688 φῶς
2179 1646 2374 1690 ἀνθρακῶδὲς
2399 1647 2499 1686 ἐστιν,

1432 1695 1475 1730 ὡς
1490 1693 1580 1731 δηλοῖ
1594 1695 1669 1735 ἡμῖν
1685 1695 1705 1732 ἡ
1720 1694 1852 1736 ἔλλειψις
1868 1695 1975 1733 αὐτῆς.
1990 1693 2019 1728 Ἀ
2031 1693 2086 1727 λλ’
2100 1694 2147 1727 ού
2169 1693 2317 1733 πάντα,
2337 1694 2413 1735 φησί
2425 1719 2434 1736 ,
2447 1695 2494 1728 τὸ

1432 1740 1494 1773 ἐπί
1506 1752 1526 1773 κ
1537 1752 1584 1779 τη
1595 1752 1662 1773 τον
1691 1742 1893 1784 δέχονται.
1921 1742 1971 1775 Τὰ
1993 1741 2049 1775 οὖν
2071 1742 2115 1784 μή
2138 1741 2294 1784 δεχόμενα
2317 1742 2422 1776 ἐκεῖνα
2443 1743 2499 1776 τὸν

1431 1789 1546 1822 κύκλον
1557 1789 1610 1821 τὸν
1620 1789 1769 1830 γαλαξίαν
1782 1788 2019 1832 ἀπεργάζονται.
2032 1788 2067 1822 ld
2082 1798 2114 1830 p.
2132 1791 2170 1821 16
2181 1798 2199 1821 a
2213 1799 2222 1822 ε
2237 1789 2400 1829 ὶντεῦῡενὴ
2410 1789 2498 1832 τρίτη

1431 1837 1506 1875 δόξα
1520 1839 1541 1877 ἡ
1556 1837 1693 1877 λέγουσα
1703 1838 1783 1870 ἷδιον
1795 1841 1859 1876 φῶς
1873 1848 1966 1873 τινων
1978 1837 2058 1869 εἶναι
2073 1837 2197 1879 ἄστρων
2209 1837 2262 1870 τὸν
2274 1837 2424 1879 γαλαξίαν
2435 1841 2499 1871 τῶν

1432 1881 1475 1921 μὴ
1491 1881 1553 1912 ὑπό
1571 1881 1661 1917 ἡλίου
1676 1881 1903 1921 φωτιζομένων.

1475 1929 1542 1970 (30)
1568 1929 1722 1970 Diogenes
1737 1926 1882 1960 Laertius
1896 1926 1952 1959 lil).
1969 1927 2010 1967 11,
2027 1929 2048 1959 9
2066 1936 2073 1958 :
2087 1926 2158 1964 τοὺς
2171 1925 2203 1959 δὲ
2217 1927 2357 1968 κομήτας
2370 1926 2502 1961 σύνοδον

1432 1976 1597 2015 πλανητῶν
1615 1976 1728 2019 φλόγας
1750 1975 1912 2016 ἀφιέντων·
1926 1976 1997 2011 τούς
2013 1985 2046 2007 τε
2060 1974 2239 2016 διᾴττοντας
2252 1974 2319 2007 οἷον
2331 1975 2501 2017 σπινθῆρας

1432 2023 1495 2056 ἀπὸ
1511 2027 1567 2056 τοῦ
1586 2025 1673 2065 ἀέρος
1693 2022 1943 2055 ἀποπάλλεσθαι.

1475 2071 1542 2111 (31)
1565 2072 1721 2112 Diogenes
1742 2069 1889 2103 Laertius
1914 2069 1968 2102 lib.
1989 2070 2038 2110 11,
2058 2072 2078 2102 9
2097 2082 2104 2102 :
2129 2069 2262 2110 ἀνέμους
2282 2069 2423 2110 γίνεσθαι
2445 2069 2497 2102 λε’-

1432 2119 1621 2160 πτυνομένον
1632 2121 1687 2150 τοῦ
1698 2118 1786 2160 ἀέρος
1793 2118 1855 2150 ὑπὸ
1866 2120 1922 2150 τοῦ
1928 2116 2031 2155 ἡλίου·
2043 2117 2171 2159 βροντὰς
2183 2117 2375 2159 σύγκρουσιν
2383 2120 2495 2159 νεφῶν·

1432 2167 1594 2210 ἀστραπὰς
1605 2167 1744 2210 ἔκτριψιν
1757 2169 1870 2209 νεφῶν·
1887 2165 2021 2206 σεισμὸν
2035 2166 2249 2205 ὑπονόστησιν
2266 2165 2356 2208 ἀέρος
2369 2166 2412 2204 εἶς
2423 2168 2496 2208 γῆν.

1436 2215 1628 2247 Plutarchus
1646 2214 1687 2246 de
1707 2214 1791 2247 Plac.
1810 2213 1889 2255 phil.
1910 2214 1970 2252 111,
1989 2217 2024 2246 15
2045 2223 2053 2245 :
2084 2213 2173 2255 ἀέρος
2186 2213 2357 2254 ὑποδύσει,
2381 2217 2420 2255 τῇ
2437 2213 2494 2254 μὲν

1433 2264 1601 2303 πυκνότητι
1611 2262 1852 2303 τῆς-ἐπιφανείας
1865 2261 2129 2303 προσπίπτοντος,
2139 2264 2186 2303 τῷ
2197 2260 2224 2292 δ’
2241 2261 2381 2303 ἔκκρισιν
2392 2260 2500 2294 λαβεῖν

1434 2312 1476 2350 μὴ
1490 2311 1640 2343 δύνασθαι
1655 2309 1761 2352 τρόμῳ
1774 2309 1808 2342 τὸ
1819 2309 1964 2351 περιέχον
1973 2308 2202 2351 κραδαίνοντος.
2216 2307 2411 2350 Hippoiytufl
2431 2308 2496 2340 Re·

1434 2359 1493 2390 sut.
1509 2359 1633 2390 Haeres.
1655 2367 1686 2399 p.
1702 2360 1740 2390 15
1754 2356 1922 2397 εσεισμοὺς
1938 2356 1971 2388 δὲ
1992 2356 2131 2396 γίνεσθαι
2144 2358 2201 2387 τοῦ
2215 2355 2333 2388 ἀνωθεν
2349 2354 2439 2397 ἀέρος
2454 2355 2498 2392 εἷς

1434 2406 1470 2437 τὸ
1482 2405 1543 2438 ὐπὸ
1561 2408 1618 2446 γῆν
1629 2404 1834 2445 ἐμπίπτοντος
1845 2412 1853 2421 ·
1870 2404 1983 2436 τούτου
1994 2403 2055 2445 γὰρ
2067 2402 2253 2443 κινουμένου
2265 2402 2320 2435 καὶ
2330 2402 2387 2442 τὴν
2399 2401 2498 2446 ὄχου·

1435 2453 1530 2493 μένην
1542 2457 1601 2495 γῆν
1613 2453 1665 2485 ὑπ’
1676 2452 1772 2484 αὐτοῦ
1783 2450 1980 2484 σαλεῦεσθαι.
1995 2449 2127 2482 aristot.
2141 2442 2274 2481 Meteor'.
2288 2449 2330 2488 ΙΙ,
2345 2452 2362 2482 7
2380 2458 2389 2482 :
2405 2449 2496 2482 Ἀνα-

1433 2501 1563 2544 ξαγόρας
1592 2500 1648 2542 μὲν
1668 2499 1722 2533 οὖν
1747 2511 1822 2541 φησι
1847 2498 1901 2531 τὸν
1927 2497 2034 2540 αἰθέρα
2057 2495 2218 2538 περυκὸτα
2239 2497 2383 2539 φέρεσθαι
2409 2496 2476 2530 ἄνω
2489 2519 2498 2534 .

1433 2549 1632 2590 ἐμπίπτοντα
1646 2548 1688 2585 εὶς
1701 2548 1741 2580 τὰ
1754 2547 1842 2580 κάτω
1862 2549 1915 2585 τῆς
1930 2550 1986 2586 γῆς
2003 2545 2057 2577 καὶ
2067 2544 2108 2576 τὰ
2122 2545 2214 2577 κοῖλα
2229 2547 2324 2577 κινεῖν
2339 2544 2447 2583 αὐτήν·
2459 2543 2501 2577 τὰ

1434 2597 1489 2637 μὲν
1502 2596 1563 2638 γὰρ
1577 2596 1643 2628 ἄνω
1656 2595 1880 2637 συναληλίφθαι
1897 2594 1949 2625 διὰ
1956 2595 2010 2625 τοῦ
2021 2591 2152 2634 ὄμὸρου,
2167 2591 2234 2624 ἐπεὶ
2246 2591 2336 2634 φύσει
2348 2602 2383 2632 γε
2391 2593 2500 2624 πᾶσαν

1433 2644 1549 2686 ὁμοίως
1562 2643 1642 2676 εἶναι
1660 2642 1797 2683 σομφήν,
1817 2643 1859 2678 ὡς
1873 2641 1960 2677 ὄντος
1973 2643 2029 2673 τοῦ
2047 2639 2101 2681 μὲν
2122 2640 2189 2672 ἅνω
2200 2663 2209 2678 ,
2224 2641 2283 2672 τοῦ
2295 2638 2330 2672 δὲ
2345 2638 2434 2671 κάτω
2443 2642 2499 2677 τῆς

1432 2693 1504 2731 ὅλης
1524 2692 1669 2734 σφαίρας,
1677 2691 1732 2723 καὶ
1749 2691 1815 2722 ἄνω
1826 2690 1881 2731 μὲν
1897 2689 2008 2721 τούτου
2017 2687 2104 2724 ὄντος
2116 2690 2171 2719 τοῦ
2181 2686 2302 2730 μορίου,
2319 2685 2366 2728 ἐφ’
2382 2686 2410 2719 ὦ
2420 2697 2498 2728 τυγ-

1432 2740 1568 2783 χάνομεν
1579 2740 1751 2779 οἰκοῦντες,
1764 2738 1854 2770 κάτω
1864 2737 1897 2769 δὲ
1911 2736 2051 2777 θατέρου.
2064 2734 2111 2767 Λᾶ
2127 2743 2224 2775 quem
2237 2734 2344 2766 locum
2356 2733 2478 2768 Araxen
2486 2751 2497 2758 -

1433 2789 1490 2821 der
1499 2787 1641 2829 Aphrod.
1654 2796 1685 2829 p.
1700 2790 1758 2819 106
1767 2786 1787 2818 b
1797 2785 1904 2818 εἘστι
1917 2784 1950 2817 δὲ
1961 2785 1982 2823 ἡ
1991 2783 2046 2824 μὲν
2060 2782 2264 2824 Ἀναξαγόρου
2274 2781 2348 2820 δόξα
2357 2782 2500 2821 τοιαύτη·

1433 2837 1508 2879 φησὶ
1524 2836 1579 2869 τὸν
1595 2836 1702 2877 αἰθέρα
1714 2834 1876 2875 πεφυκότα
1885 2834 2029 2874 φέρεσθαι
2040 2831 2106 2863 ἄνω
2114 2854 2125 2872 ,
2142 2830 2347 2871 ἐμπίπτοντος
2359 2829 2393 2863 δὲ
2407 2831 2450 2867 εἷς
2460 2830 2501 2862 τὰ

1435 2886 1524 2919 κάτω
1540 2887 1595 2923 τῆς
1604 2887 1673 2924 γῆς,
1686 2882 1752 2915 ἄνω
1762 2882 1862 2922 λέγων
1874 2880 1929 2919 τὴν
1941 2877 2118 2920 ἐπιφάνειαν
2130 2876 2176 2920 ἐφ’
2188 2877 2224 2917 ἧς
2236 2876 2384 2919 οἰκοῦμεν
2397 2878 2500 2920 ἡμεῖς,

1434 2933 1523 2965 κάτω
1539 2931 1571 2963 δὲ
1587 2931 1624 2963 τὸ
1640 2930 1702 2962 ὑπὸ
1719 2930 1775 2968 τήν
1791 2932 1863 2969 γῆν,
1876 2928 1930 2959 καὶ
1948 2926 2069 2964 ἐκείνην
2087 2925 2144 2964 τὴν
2169 2923 2362 2967 ἐπιφάνειαν,
2377 2923 2423 2956 ὧν
2441 2925 2498 2964 τὴν
2543 2963 2545 2966 Ι
2571 2919 2596 2977 ξ·-

1435 2981 1492 3023 μὲν
1508 2979 1553 3021 ἐφ’
1569 2978 1606 3019 ἧς
1623 2979 1712 3020 ἡμεῖς
1731 2977 1879 3017 οἰκοῦμεν
1892 2973 2114 3013 συναληλίφθαι
2127 2983 2161 3004 τε
2173 2971 2227 3004 διὰ
2238 2974 2294 3004 τοῦ
2311 2971 2430 3014 όμὸρου
2445 2973 2500 3005 καὶ

1432 3030 1591 3068 ἡνῶσθαι,
1613 3026 1669 3065 τὴν
1684 3025 1718 3058 δὲ
1733 3024 1821 3056 κάτω
1834 3023 1956 3066 σομρὴν
1978 3031 2013 3054 τε
2029 3020 2108 3053 εἷναι
2131 3020 2186 3052 καὶ
2208 3021 2346 3061 ἔχουσαν
2368 3019 2499 3058 διαστή-

1434 3084 1533 3118 ματα·
1555 3077 1662 3107 πᾶσαν
1676 3073 1737 3115 γὰρ
1753 3072 1831 3105 εἶναι
1847 3073 1903 3110 τήν
1921 3074 1980 3111 γῆν
1993 3068 2117 3110 σομφὴν
2132 3067 2240 3110 φύσει·
2253 3067 2308 3100 τὸν
2323 3065 2380 3100 οὖν
2392 3067 2501 3109 αἰθέρα

1432 3124 1487 3155 τὸν
1507 3123 1570 3155 ὑπὸ
1586 3124 1625 3164 τῇ
1639 3124 1681 3163 γῇ
1700 3119 1863 3161 πεφυκότα
1876 3117 1941 3150 ἀνω
1958 3117 2100 3158 φέρεσθαι
2118 3115 2160 3152 εἰς
2184 3114 2224 3147 τὰ
2244 3114 2322 3156 ὑπὲρ
2343 3115 2443 3156 ἡμᾶς,
2468 3114 2501 3147 ἐν

1432 3175 1470 3213 τῇ
1489 3170 1592 3211 ἀνόδῳ
1606 3169 1799 3210 ἐμπίπτοντα
1815 3167 1858 3204 εἰς
1870 3165 1910 3198 τὰ
1924 3166 2016 3197 κοῖλα
2031 3163 2084 3195 καὶ
2108 3163 2215 3205 σομφὰ
2227 3166 2284 3201 τῆς
2303 3165 2380 3206 γῆς,
2399 3164 2497 3195 κινεῖν

1434 3219 1540 3258 αὐτήν.
1556 3218 1611 3250 καὶ
1628 3217 1711 3250 οὕτω
1726 3215 1866 3255 γίνεσθαι
1882 3212 1954 3250 τοὺς
1970 3211 2130 3253 σεισμούς.
2153 3212 2195 3248 ὡς
2208 3211 2305 3250 οὔσης
2319 3210 2353 3243 δὲ
2366 3213 2422 3250 τῆς
2442 3213 2501 3250 γῆς

1437 3266 1604 3305 πλατείας,
1619 3265 1674 3298 καὶ
1693 3264 1745 3297 διὰ
1764 3266 1859 3296 τοῦτο
1886 3261 2099 3303 ἑποχουμὲνης
2123 3262 2170 3302 τῷ
2194 3258 2392 3301 ὑποκειμένῳ
2414 3257 2499 3301 ἀέρι,

1437 3315 1491 3346 καὶ
1512 3312 1665 3355 μενούσης
1680 3311 1752 3344 ἔνθα
1771 3310 1838 3342 ἐστί
1850 3334 1859 3349 ,
1872 3309 1954 3350 λέγει
1969 3311 2080 3341 ταῦτα.

1479 3362 1546 3402 (32)
1569 3360 1730 3400 Diogenes
1753 3357 1900 3391 Laertius
1919 3356 1975 3389 lib.
1999 3356 2042 3395 11,
2060 3360 2079 3389 8
2098 3367 2106 3388 ε
2135 3354 2184 3387 ἐπὶ
2200 3357 2255 3392 τῆς
2273 3357 2330 3395 γῆς
2349 3352 2498 3390 πλατείας

1434 3409 1531 3447 οὔσης
1545 3408 1602 3448 τὴν
1620 3406 1783 3439 θάλασσαν
1797 3405 1974 3443 ὑποστῆναι
1985 3428 1993 3443 ,
2010 3402 2254 3444 διατμισθέντων
2267 3401 2329 3434 ὑπὸ
2341 3402 2398 3434 τοῦ
2411 3399 2501 3439 ἡλίου
2564 3427 2578 3444 a.

1437 3460 1499 3489 τῶν
1528 3457 1644 3497 ὑγρῶν.
1667 3453 1861 3495 Hippolytus
1880 3452 1989 3484 Resut.
2011 3452 2137 3483 llaeres.
2159 3459 2190 3491 p.
2222 3453 2258 3482 15
2283 3460 2292 3481 ι
2318 3451 2382 3481 τῶν
2407 3446 2501 3480 δ’έπὶ
2562 3445 2582 3491 ῐι

1437 3507 1495 3544 Ὺῆς
1514 3504 1616 3544 ὑγρῶν
1641 3501 1697 3541 τὴν
1717 3501 1774 3542 μὲν
1792 3500 1955 3532 θάλασσαν
1982 3499 2135 3541 ὑπάρξαι,
2154 3497 2194 3530 τά
2209 3508 2242 3530 τε
2261 3498 2292 3529 ἐν
2308 3496 2387 3537 αὐτῇ
2402 3495 2502 3528 ὕδατα
2564 3494 2585 3538 ἐπ’

1438 3550 1659 3587 ἐξατμισθέντα
1671 3547 1853 3581 ὑποστάντα
1867 3546 1965 3584 οὕτως
1978 3546 2136 3586 γεγονέναι
2147 3569 2156 3585 ,
2170 3545 2223 3576 καὶ
2235 3544 2297 3577 ἀπὸ
2312 3546 2375 3576 τῶν
2387 3539 2503 3583 καταῤ.
