2612 3814
337 270 410 306 106

464 351 523 391 καὶ
544 350 696 395 κύλικες·
716 347 882 394 πλεκτοὺς
896 350 926 388 δ’
940 346 1136 401 ἀμφιτιθεὶς
1152 347 1358 403 στεφάνους,

409 412 512 455 ἄλλος
529 411 558 449 δ’
577 409 701 454 εὐῶδες
721 408 828 462 μύρον
846 409 881 447 ἐν
899 407 1007 462 φιάλῃ
1028 408 1247 461 παρατείνει·

461 469 596 524 κρητὴρ
615 469 645 508 δ’
667 469 812 516 ἔστηκεν
834 467 958 518 μεστὸς
979 466 1212 521 ἐϋφροσύνης·

407 524 495 574 οἶνος
516 529 547 568 δ’
567 527 659 567 ἐστὶν
681 530 817 578 ἑτοῖμος
833 526 869 572 ὃς
884 525 1010 565 οὔποτέ
1032 541 1118 579 φησι
1137 524 1329 579 προδώσειν
1344 554 1354 573 ,

462 590 639 642 μείλιχος,
657 589 692 626 ἐν
710 586 893 640 κεράμοις,
908 586 1025 630 ἄνθεος
1039 584 1199 636 ὀζόμενος
1216 604 1218 606 >

406 650 440 688 ἐν
462 648 498 687 δὲ
514 648 631 699 μέσοις
652 646 760 698 ἁγνὴν
774 646 886 696 ὀδμὴν
908 644 1101 695 λιὸανωτὸς
1119 642 1212 690 ἵησι·

458 706 591 763 ψυχρὸν
611 706 642 744 δ’
668 704 760 744 ἔστιν
780 702 873 755 ὕδωρ
890 703 950 741 καὶ
969 701 1079 754 γλυκὺ
1096 703 1155 741 καὶ
1175 702 1324 754 καθαρόν
1339 717 1347 725 ·

404 767 609 821 πάρκεινται
630 766 659 803 δ’
676 764 774 817 ἄρτοι
791 762 906 808 ξανθοὶ
921 761 1054 816 γεραρή
1071 777 1110 801 τε
1127 762 1283 814 τράπεζα

365 833 404 864 d
457 828 563 879 τυροῦ
582 824 641 862 καὶ
657 825 796 875 μέλιτος
812 820 927 866 πίονος
948 821 1127 873 ἀχθομένη
1139 836 1147 844 ·

407 886 524 940 βωμὸς
541 883 570 922 δ’
586 883 721 921 ἄνθεσιν
740 880 825 920 αὐτὸ
847 880 952 931 μέσον
974 880 1089 932 πάντῃ
1119 880 1368 924 πεπύκασται,

457 942 575 995 μολπὴ
595 942 625 980 δ’
646 940 755 994 ἀμφὶς
773 938 849 992 ἔχει
865 939 1012 989 δώματα
1029 939 1088 977 καὶ
1109 938 1230 986 θαλίη.

402 1002 481 1056 Χρὴ
497 1001 533 1040 δὲ
554 1003 691 1053 πρῶτον
712 999 775 1050 μὲν
795 998 870 1038 θεὸν
890 1000 1010 1048 ὑμνεῖν
1031 995 1200 1050 εὔφρονας
1220 996 1347 1050 ἄνδρας

454 1059 620 1113 εὐφήμοις
639 1058 757 1109 μύθοις
773 1056 834 1095 καὶ
853 1057 1036 1109 καθαροῖσι
1049 1056 1165 1107 λόγοις

401 1118 612 1163 σπείσαντάς
631 1133 669 1157 τε
687 1117 747 1156 καὶ
759 1115 968 1167 εὐξαμένους
985 1114 1029 1153 τὰ
1046 1114 1164 1152 δίκαια
1187 1113 1355 1153 δύνασθαι

453 1177 644 1231 πρήσσειν·
663 1179 775 1215 ταῦτα
795 1174 862 1228 γὰρ
883 1168 932 1213 ὧν
951 1176 1023 1213 ἐστι
1047 1173 1208 1226 πρότιμ’,
1231 1172 1361 1225 ἕταροι,

399 1238 464 1289 οὐχ
481 1234 596 1288 ὕὸρεις
608 1250 617 1259 ·
632 1234 742 1273 πίνειν
760 1234 791 1272 δ’
807 1233 934 1272 ὁπόσον
955 1248 1013 1270 κεν
1033 1231 1124 1285 ἔχων
1146 1230 1283 1285 ἀφίκοιο

452 1295 563 1335 οἴκαδ’
583 1294 664 1333 ἄνευ
684 1292 863 1347 προπόλου
877 1323 887 1342 ,
905 1291 954 1343 μὴ
974 1290 1066 1330 πάνυ
1085 1291 1268 1345 γηραλέος.

401 1355 552 1407 Ἀνδρῶν
568 1354 597 1392 δ’
617 1355 724 1392 αἰνεῖν
738 1355 857 1391 τοῦτον
878 1350 913 1395 ὃς
929 1350 1034 1390 ἐσθλὰ
1047 1349 1136 1388 πιὼν
1158 1348 1341 1402 ἀναφαίνει

450 1414 495 1459 ὥς
514 1415 544 1452 οἱ
567 1411 771 1463 μνημοσύνη
792 1409 852 1449 καὶ
872 1410 971 1461 μένος
986 1411 1074 1461 ἀμφ’
1094 1410 1232 1461 ἀρετῆς.

398 1473 494 1514 Οὔτε
515 1473 634 1526 μάχας
652 1471 781 1510 διέπειν
803 1469 964 1517 Τιτήνων
983 1468 1061 1508 οὐδὲ
1084 1468 1257 1520 γιγάντων

450 1534 527 1573 οὐδὲ
548 1532 593 1571 τὰ
613 1529 838 1583 Κενταύρων,
857 1529 1055 1578 πλάσματα
1071 1530 1139 1566 τῶν
1155 1526 1350 1579 προτέρων,

396 1592 418 1641 ἢ
440 1592 605 1642 στάσιας,
623 1590 789 1645 φλεδόνας
811 1594 886 1632 ταῖς
905 1588 1001 1627 οὐδὲν
1015 1586 1169 1640 χρηστὸν
1195 1586 1324 1625 ἔνεστι·

449 1654 532 1691 θεῶν
550 1651 586 1689 δὲ
603 1649 820 1703 προμηθείην
836 1647 909 1687 αἰὲν
924 1647 1018 1700 ἔχειν
1041 1647 1188 1698 ἀγαθήν.

324 1725 371 1751 22.
403 1710 554 1763 Πέμψας
566 1707 635 1762 γὰρ
655 1709 773 1755 κωλῆν
794 1706 932 1760 ἐρίφου,
950 1706 1070 1749 σκέλος
1091 1704 1182 1757 ἤραο
1204 1710 1283 1742 πῖον

444 1770 574 1821 ταύρου
589 1769 731 1819 λαρινοῦ
750 1766 864 1819 τίμιον
881 1765 981 1818 ἀνδρὶ
1000 1767 1122 1818 λαχεῖν
1136 1794 1146 1812 ,

392 1832 452 1868 τοῦ
468 1828 567 1872 κλέος
585 1827 743 1867 Ἑλλάδα
762 1832 881 1864 πᾶσαν
903 1825 1062 1878 ἀφίξεται
1078 1826 1147 1863 οὐδ’
1169 1823 1337 1871 ἀπολήξει

446 1888 478 1933 ἔς
493 1887 523 1927 τ’
544 1887 585 1926 ἂν
610 1886 760 1926 ἀοιδάων
779 1881 802 1939 ᾗ
821 1885 917 1937 γένος
931 1884 1152 1925 Ἑλλαδικόν.

323 1963 370 1988 23.
400 1946 496 1987 Οὐδέ
513 1963 571 1987 κεν
590 1949 624 1986 ἐν
650 1946 767 1986 κύλικι
784 1945 953 1998 πρότερον
968 1943 1129 1998 κεράσειέ
1150 1959 1200 1989 τις
1220 1936 1309 1982 οἶνον

447 2005 585 2059 ἐγχέας,
603 2007 680 2044 ἀλλ’
697 2004 803 2058 ὕδωρ,
818 2003 878 2043 καὶ
895 2003 1089 2058 καθύπερθε
1111 2002 1212 2055 μέθυ.

324 2078 371 2105 2⁴.
399 2064 495 2112 Ἤδη
519 2064 547 2103 δ’
569 2064 659 2103 ἑπτά
676 2065 706 2103 τ’
723 2063 801 2102 ἔασι
822 2063 883 2102 καὶ
908 2062 1063 2109 ἑξήκοντ’
1077 2062 1229 2102 ἐνιαυτοὶ

447 2123 713 2179 βληστρίζοντες
730 2122 819 2175 ἐμὴν
835 2122 988 2177 φροντίδ’
1003 2125 1059 2162 ἀν’
1080 2121 1240 2162 Ἑλλάδα
1260 2124 1325 2174 γ’ῆν
1337 2135 1345 2145 ·

392 2187 431 2225 ἐκ
445 2187 586 2238 γενετῆς
600 2182 636 2223 δὲ
651 2183 723 2223 τότ’
733 2178 823 2232 ἦσαν
832 2183 960 2222 ἐείκοσι
973 2181 1077 2222 πέντε
1091 2198 1129 2221 τε
1142 2181 1229 2235 πρὸς
1242 2188 1327 2228 τοῖς,

444 2244 541 2296 εἴπερ
560 2242 628 2295 ἐγὼ
647 2243 726 2295 περὶ
750 2242 852 2281 τῶνδ’
873 2236 949 2282 οἶδα
966 2241 1078 2292 λέγειν
1100 2240 1251 2292 ἐτύμως.

323 2317 370 2343 25.
399 2304 477 2343 Οὔκ
490 2302 550 2349 ἴση
569 2303 760 2356 πρόκλησις
779 2300 889 2349 αὕτη,
910 2299 1033 2340 ἀσεὸεῗ
1045 2300 1130 2353 πρὸς
1151 2299 1293 2345 εὗσεὸἧ.

312 2458 413 2510 μένος
423 2487 434 2509 ,
455 2472 538 2508 quae
564 2466 730 2495 extrema
756 2458 875 2494 verba
895 2457 995 2494 idem
1015 2463 1151 2493 sonant
1175 2455 1283 2504 quod
1311 2455 1359 2497 ὥς

311 2518 407 2568 αὐτῷ
417 2517 539 2567 μνήμη
547 2516 607 2554 καὶ
621 2513 714 2567 ὁρμή
727 2517 787 2553 vel
800 2516 845 2558 ὡς
862 2513 936 2566 ἔχει
951 2512 1093 2565 μνήμης
1104 2528 1141 2552 τε
1154 2512 1215 2552 καὶ
1231 2514 1358 2564 ὁρμῆς.

312 2579 470 2615 Versum
489 2576 709 2612 vicesimum
723 2574 931 2611 secundum
955 2576 1122 2623 itemque
1140 2580 1358 2622 sequentem

311 2634 500 2672 edidimus
521 2634 690 2683 probatis
705 2645 750 2670 ex
766 2641 872 2682 parte
890 2633 1055 2683 Bergkii,
1075 2632 1360 2681 Schweighaeu-

311 2695 385 2731 seri
396 2700 438 2730 'et
450 2693 628 2742 Scaligeri
643 2692 988 2730 emendationibus.
1004 2693 1100 2729 Nam
1112 2693 1151 2728 in
1166 2691 1358 2729 Casaubo-

311 2753 424 2789 niana
447 2751 619 2788 editione
631 2750 689 2786 sic
706 2750 904 2799 legebatur
919 2763 928 2787 ε

367 2836 462 2878 Οὖδέ
475 2852 511 2876 τε
534 2835 742 2891 Κενταύρων
761 2834 784 2883 ἢ
806 2835 951 2880 στάσιας
967 2836 1145 2890 προτέρων

365 2896 442 2918 ’*“
464 2895 648 2950 φενδόνας,
663 2897 734 2940 τοῖς
753 2895 852 2934 οὐδὲν
871 2895 1024 2948 χρηστὸν
1041 2895 1166 2934 ἔνεστι.

365 2998 431 3025 22.
451 2987 532 3023 Hos
553 2992 733 3034 quattuor
748 2997 877 3021 versus
897 2986 1059 3022 servavit
1076 2986 1276 3023 Athenaeus
1292 2988 1352 3024 IX

311 3058 353 3095 p.
378 3044 471 3092 368,
486 3046 528 3091 E,
541 3045 753 3094 praepositis
770 3044 920 3082 verbis:
940 3042 1143 3095 Ξενοφάνης
1160 3043 1190 3081 δ’
1210 3046 1229 3082 ὁ
1247 3046 1357 3084 Κολο-

312 3100 438 3157 φώνιος
462 3098 496 3140 ἓν
513 3107 583 3145 τοῖς
604 3100 765 3153 ἐλεγείοις
781 3099 879 3153 φησί.
899 3103 1090 3140 Sententia
1106 3103 1186 3139 haec
1202 3103 1356 3141 videtur

311 3175 387 3200 esse
403 3162 611 3210 :Quamvis
624 3160 816 3197 levidense
830 3160 943 3197 fuerit
956 3173 1091 3197 munus
1107 3161 1214 3209 quod
1230 3164 1355 3201 amico

313 3222 441 3258 nescio
467 3221 528 3257 cui
546 3219 696 3266 misisti,
725 3219 789 3255 ille
809 3227 933 3256 tamen
957 3220 1227 3269 pretiosissimo
1248 3221 1352 3259 dono

311 3286 350 3316 te
369 3279 633 3316 remuneratus
651 3284 719 3315 est.
752 3278 974 3314 Karstenius
994 3290 1068 3327 pro
1090 3276 1249 3329 ἀφίξεται
1281 3280 1354 3330 legi

310 3340 394 3377 vult
411 3336 576 3391 ἐφίξεται,
589 3336 696 3386 quod
710 3349 789 3373 non
804 3336 1067 3386 reprobamus.
1084 3338 1158 3374 Pro
1174 3337 1354 3377 ἑλλαδικόν

312 3398 352 3437 in
370 3399 534 3449 epitome
552 3397 691 3446 legitur
706 3394 913 3434 ἑλλαδικῶν.

366 3457 431 3495 23.
468 3455 750 3505 Xenophanem
781 3454 859 3491 haec
888 3454 1026 3491 dixisse
1055 3461 1210 3492 testatur
1236 3456 1355 3493 Athe-

314 3529 416 3552 naeus
449 3515 507 3552 XI
534 3527 573 3564 p.
607 3513 682 3561 782⁶
707 3513 769 3550 ed.
794 3513 953 3552 Casaub.
977 3515 986 3562 (
1003 3527 1039 3564 p.
1071 3515 1146 3552 213
1177 3529 1253 3565 seq.
1290 3516 1351 3553 ed.

1240 257 1575 299 XENOPHANIS

1563 346 1802 388 (convivarum)
1818 347 1852 380 et
1864 346 2002 381 calices:
2021 347 2166 390 plectiles
2182 348 2319 392 imponit
2334 358 2471 386 coronae

1520 405 1615 447 alius,
1638 405 1720 439 alius
1738 405 1910 440 odoratum
1926 411 2128 448 unguentum
2143 408 2174 441 in
2192 408 2297 451 phiala
2313 410 2494 455 ministrat;

1561 466 1665 498 crater
1683 465 1788 499 adstat
1803 466 1909 507 gaudii
1925 469 1958 499 et
1973 466 2160 500 deliciarum
2184 468 2321 511 plenus3
2393 470 2493 515 [ficiet

1520 524 1632 557 vinum
1657 528 1774 566 praesto
1798 526 1863 567 est,
1881 525 1969 567 quod
1989 527 2142 560 convivas
2163 527 2248 560 haud
2266 529 2410 570 profecto
2432 530 2490 565 de·

1560 584 1670 623 dulce.
1686 585 1719 618 in
1729 584 1824 618 doliis
1837 588 1985 628 paralum
1995 610 2006 628 ‚
2023 595 2157 620 suavem
2167 587 2316 629 spiritum
2323 588 2490 623 exhalans.

1519 643 1705 686 Mediosque
1719 643 1803 677 inter
1819 645 1973 678 convivas
1990 648 2115 679 castum
2129 646 2264 680 odorem
2285 647 2380 681 thura
2395 650 2493 683 emit·

1561 703 1672 744 frigida
1684 712 1815 746 qnoque
1831 703 1924 738 adest
1939 713 2024 747 aqua
2039 706 2073 738 et
2088 705 2195 739 dulcis
2209 708 2243 739 et
2258 715 2360 749 pura;
2383 706 2493 751 [tunm

1517 763 1655 805 appositi
1677 765 1754 796 sunt
1774 772 1873 805 panes
1888 763 1964 796 ssavi
1982 772 2158 807 mensaque
2176 765 2266 799 lauta

1559 822 1668 864 pingui
1682 831 1776 855 caseo
1792 824 1826 855 et
1847 823 1942 856 melle
1957 824 2084 857 onusta.

1515 883 1692 924 suggestus
1715 881 1748 914 in
1774 881 1881 915 medio
1905 883 1954 915 est
1977 882 2112 915 floribus
2132 882 2256 916 circum
2278 884 2417 926 stipatus
2431 906 2442 925 ‚

1556 944 1653 976 cantu
1670 944 1779 976 autem
1804 944 1957 976 resonant
1975 943 2061 976 aedes
2076 945 2110 976 et
2127 944 2268 977 convivii
2288 944 2414 980 letitia.

1515 1004 1588 1036 Jam
1603 1002 1740 1044 primum
1758 1002 1851 1035 decet
1867 1001 1986 1044 probos
2004 1002 2092 1036 viros
2105 1002 2202 1036 deum
2218 998 2364 1037 venerari

1557 1062 1671 1095 t‘anstis
1692 1061 1798 1097 verbis
1822 1062 1985 1104 castisque
2005 1062 2138 1095 vocibus

1515 1122 1652 1155 libantes
1669 1123 1701 1155 et
1717 1123 1883 1162 precantes
1906 1123 1942 1155 ut
1963 1130 2037 1164 quae
2050 1121 2140 1163 justa
2155 1121 2221 1155 sint
2237 1122 2334 1156 liceat

1557 1183 1693 1214 Facere:
1709 1180 1780 1213 haec
1795 1181 1883 1214 enim
1896 1181 1990 1222 longe
2006 1180 2208 1223 proet'erenda
2225 1182 2321 1223 sunt,
2337 1181 2462 1216 sodates
2472 1205 2484 1223 ‚

1513 1250 1577 1273 non
1595 1241 1731 1281 iniusta5
1747 1243 1874 1273 tantum
1890 1242 2000 1274 autem
2024 1240 2132 1273 bibere
2145 1240 2319 1281 convenit,
2333 1242 2371 1274 ut
2383 1242 2489 1284 possis

1553 1298 1679 1330 domum
1690 1301 1753 1329 sine
1766 1300 1876 1330 comite
1888 1299 2009 1336 reverti,
2021 1298 2078 1329 nisi
2090 1299 2129 1328 ais
2140 1299 2305 1330 admodum
2321 1299 2450 1332 vetulus.

1514 1355 1709 1387 Laudandus
1728 1364 1805 1387 vero
1824 1355 1852 1387 is
1865 1355 1983 1396 estqui
2003 1356 2085 1388 inter
2100 1354 2277 1388 bibendum
2296 1364 2348 1388 res
2371 1355 2488 1397 utiles,

1553 1416 1712 1455 quantum
1729 1415 1756 1447 ei
1773 1414 1915 1456 suppetit
1928 1414 2083 1447 memoria
2104 1423 2142 1447 ac
2154 1414 2295 1456 animus,
2312 1415 2354 1448 de
2365 1414 2487 1449 virtute

1511 1476 1556 1507 Ne
1581 1474 1691 1515 proelia
1708 1473 1882 1506 referamus
1898 1474 2050 1507 Titanum
2067 1474 2284 1516 Gigantumve
2350 1473 2485 1517 [narret.

1551 1532 1674 1563 autres
1696 1531 1953 1571 Centaurorum,
1972 1529 2095 1562 fabulas
2113 1538 2133 1562 a
2148 1529 2315 1564 veteribus
2341 1529 2453 1579 fictas,

1509 1598 1613 1631 neque
1624 1588 1728 1631 iurgia
1739 1613 1749 1630 ,
1763 1597 1864 1631 nugas
1877 1588 2094 1621 infructuosas
2108 1611 2118 1629 ,

1548 1648 1605 1682 sed
1624 1648 1702 1681 deos
1713 1648 1799 1690 justa
1821 1656 1947 1689 semper
1968 1647 2172 1680 observantia
2188 1647 2347 1682 colamus.

1426 1713 1477 1741 22.
1509 1708 1607 1741 Missa
1622 1708 1707 1740 enim
1731 1707 1817 1740 hoedi
1835 1715 1933 1749 perna
1945 1731 1954 1747 ‚
1969 1707 2118 1749 accepisti
2135 1716 2210 1740 crus
2232 1708 2349 1750 pingue

1550 1768 1643 1801 bovis
1660 1767 1819 1808 saginati,
1836 1766 2050 1800 honorificum
2071 1767 2142 1800 viro
2155 1776 2296 1808 munus,

1509 1827 1616 1869 (cujus
1629 1827 1704 1859 facti
1724 1825 1806 1867 lans)
1828 1822 2014 1858 universam
2031 1825 2184 1867 pervadet
2200 1826 2360 1860 Graeciam
2380 1835 2485 1869 neque

1549 1884 1703 1926 quamdiu
1718 1886 1843 1917 Graecae
1854 1883 1959 1924 gentis
1971 1883 2117 1916 carmina
2130 1883 2298 1925 vigebunt.
2328 1883 2483 1927 [cessabit

1425 1947 1476 1977 23.
1502 1946 1615 1986 Neque
1637 1943 1809 1986 quisquam
1823 1943 1856 1975 in
1878 1942 1993 1984 poculo
2007 1943 2097 1985 prius
2111 1943 2279 1978 miscuerit
2293 1943 2407 1978 vinum

1549 2005 1692 2037 infusum
1702 2027 1713 2045 ‚
1728 2004 1784 2036 sed
1798 2011 1916 2044 aquam
1928 2026 1939 2044 ,
1953 2002 2087 2044 insuper
2097 2004 2208 2036 autem
2225 2012 2366 2036 merum.

1423 2067 1475 2098 24.
1503 2065 1634 2106 Septem
1650 2064 1716 2103 jam
1739 2066 1771 2096 et
1791 2062 1957 2103 sexaginta
1972 2063 2048 2095 sunt
2069 2062 2145 2095 anni

1548 2125 1603 2166 qui
1618 2133 1668 2157 me
1681 2121 1927 2164 cogitationibus
1935 2121 2085 2163 curisque
2092 2121 2251 2154 intentum
2258 2130 2314 2164 per
2321 2122 2480 2156 Graeciam

1505 2186 1601 2216 natus
1620 2183 1728 2215 autem
1744 2185 1812 2214 tum
1830 2190 1919 2214 eram
1937 2180 2080 2222 quinque
2098 2183 2131 2214 et
2149 2181 2266 2222 viginti
2281 2190 2384 2214 annos
2396 2206 2407 2222 ,

1548 2242 1576 2274 si
1591 2250 1664 2274 vere
1677 2241 1717 2273 de
1730 2241 1779 2273 his
1792 2249 1851 2281 ego
1865 2248 1998 2281 possum
2011 2239 2130 2273 dicere.

1423 2306 1474 2335 25.
1506 2303 1576 2334 Non
1587 2309 1680 2342 aequa
1691 2300 1763 2332 hmo
1773 2299 1947 2341 postulatio
1958 2298 2048 2340 impii
2057 2298 2197 2331 hominis
2210 2299 2366 2332 adversus
2376 2299 2481 2341 pium.

1421 2452 1636 2501 Schweigh.
1655 2448 1689 2501 ),
1709 2462 1867 2487 narrans
1884 2450 2004 2486 moris
2022 2448 2134 2485 fuisse
2165 2449 2258 2485 olim
2274 2477 2286 2499 ‚
2311 2456 2356 2486 ut
2372 2451 2480 2500 prius

1421 2524 1532 2560 aqua,
1551 2509 1689 2547 deinde
1704 2510 1832 2546 vinum
1845 2509 1990 2558 poculo
2004 2507 2286 2547 infunderetur.
2305 2509 2353 2546 Id
2365 2510 2480 2547 etiam

1421 2571 1703 2620 Theophrastus
1744 2570 1860 2607 docet
1895 2569 1999 2619 apud
2032 2568 2209 2606 eumdem
2249 2570 2479 2620 scriptorem

1419 2632 1500 2670 vol.
1516 2634 1545 2669 V
1561 2643 1602 2680 p.
1625 2643 1637 2666 ι
1648 2630 1697 2679 96
1713 2630 1774 2668 ed.
1795 2630 2008 2679 Schweigh.
2030 2641 2039 2665 z
2056 2625 2162 2668 Ἐπεὶ
2177 2627 2238 2665 καὶ
2254 2626 2300 2666 τὰ
2315 2628 2397 2681 περὶ
2412 2626 2479 2676 τὴν

1420 2696 1544 2743 κρᾶσιν
1560 2688 1721 2732 ἐναντίως
1738 2679 1812 2740 εἶχε
1831 2686 1870 2726 τὸ
1885 2686 2035 2726 παλαιὸν
2051 2687 2102 2739 τῷ
2122 2690 2182 2733 νῦν
2198 2685 2283 2740 παρ’
2298 2684 2478 2736 Ἕλλησιν

1422 2748 1633 2801 ὑπάρχοντι·
1666 2748 1704 2785 οὗ
1731 2747 1800 2798 γὰρ
1831 2746 1871 2784 τὸ
1900 2745 1993 2798 ὕδωρ
2015 2744 2075 2784 ἐπὶ
2110 2743 2170 2783 τὸν
2197 2737 2288 2784 οἶνον
2313 2744 2473 2798 ἐπέχεον,

1420 2807 1498 2846 ἀλλ’
1515 2807 1573 2846 ἐπὶ
1588 2806 1627 2845 τὸ
1642 2804 1736 2858 ὕδωρ
1750 2805 1808 2845 τὸν
1823 2798 1928 2844 οἶνον.
1948 2807 2145 2844 Neminem
2158 2812 2344 2854 praeterea
2356 2806 2480 2843 offen-

1420 2868 1485 2905 det
1502 2867 1675 2916 synizesis
1689 2867 1730 2902 in
1746 2878 1841 2903 voce
1854 2864 1994 2916 ἐγχέας,
2011 2866 2078 2914 qui
2097 2865 2314 2901 meminerit
2332 2865 2476 2903 Home·

1418 2927 1590 2963 ricorum
1623 2924 1738 2973 hujus
1779 2924 1911 2974 figurae
1948 2925 2213 2974 exemplorum
2253 2936 2337 2972 quae
2388 2924 2478 2969 satis

1418 2986 1538 3022 multa
1553 2990 1652 3022 sunt.

1473 3049 1520 3089 24
1531 3073 1539 3081 .
1556 3045 1645 3081 Haec
1665 3055 1687 3079 a
1700 3044 1872 3092 Diogene
1886 3043 2040 3079 Laertio
2058 3042 2126 3087 tx,
2149 3055 2196 3090 19
2212 3041 2368 3079 laudata
2383 3042 2474 3092 plu·

1417 3105 1558 3141 rimum
1573 3104 1701 3140 valent
1719 3102 1771 3139 ad
1790 3102 2097 3151 cognoscendam
2114 3102 2202 3138 vitae
2219 3101 2477 3150 Xenophanis

1417 3162 1712 3213 longitudinem.
1733 3162 1798 3199 Ait
1814 3168 1941 3198 autem
1963 3173 2003 3198 se
2020 3174 2042 3198 a
2065 3161 2202 3210 quinto
2233 3167 2272 3197 et
2288 3160 2473 3197 vicesimo

1416 3235 1517 3260 anno
1538 3233 1659 3270 usque
1676 3221 1725 3258 ad
1744 3221 2036 3269 nonagesimum
2053 3220 2215 3256 alterum
2228 3245 2238 3261 ,
2259 3230 2374 3267 quern
2389 3225 2468 3256 tum

1417 3280 1739 3330 agebat‚negotiis
1747 3279 1924 3328 curisque
1944 3279 2129 3315 intentum
2143 3284 2259 3326 atque
2272 3277 2362 3314 alias
2377 3277 2471 3320 alibi

1416 3347 1718 3377 commorantem
1755 3351 1828 3388 per
1856 3339 2072 3376 universam
2101 3338 2286 3376 Graeciam
2321 3344 2468 3388 tempo·

1414 3411 1501 3436 rum
1521 3397 1702 3448 procellis
1712 3397 1896 3445 jactatum
1916 3410 2006 3436 esse.

1469 3456 1532 3496 25.
1553 3457 1773 3495 Aristoteles
1786 3457 1946 3495 Rhetor.
1965 3456 1999 3505 Ι,
2021 3453 2066 3492 15
2090 3468 2132 3505 p.
2152 3458 2248 3501 422,
2272 3455 2318 3504 E,
2340 3452 2388 3491 de
2402 3453 2466 3502 ju·

1415 3516 1623 3564 rejurando
1650 3515 1845 3566 disputans
1868 3516 1932 3553 :si
1949 3516 2054 3565 quis,
2078 3514 2224 3566 inquit,
2249 3514 2485 3563 postulante,

2310 2062 2478 2107 [agitant3
2538 2059 2541 2065 '
2578 2041 2612 2062 ’ἱ
