2612 3814
195 290 293 343 TA
341 289 497 342 ΤΩΝ
552 286 1086 341 ΠΥΘΑΓΟΡΕΙΩΝ

445 417 646 462 ΧΡΥΣΑ
681 417 825 462 ΕΠΗ.

513 542 763 559 dm*-

185 682 392 727 Ἀθανοίτους
413 682 477 734 μὲν
494 684 619 735 πρῶτα
639 682 756 734 θεούς,
777 681 875 737 νόμῳ
892 684 939 727 ὡς
960 681 1164 732 διάκεινται,

185 741 271 791 τίμα
293 742 353 782 καὶ
368 742 474 782 σέὸου
494 741 595 795 ὅρκον
606 773 617 794 ,
634 741 743 781 ἔπειθ’
762 742 881 795 ἥρωας
897 740 1049 791 ἀγαυούς
1061 771 1072 792 ,

186 802 264 848 τούς
290 819 328 842 τε
354 801 609 855 καταχθονίους
635 800 719 842 <rt-{65
739 803 926 853 δαίμονας,
957 800 1084 852 ἔννομα
1108 799 1164 854 ῥέ-

1060 864 1072 907 [
1084 861 1165 905 ζων·

183 921 264 967 τούς
280 938 317 961 τε
332 926 444 974 γονεῖς
464 921 552 974 τίμα
563 953 574 970 ‚
594 920 673 966 τούς
688 920 719 959 τ’
736 920 877 973 ἄγχιστ’
898 920 1135 971 ἐκγεγαῶτας·

145 995 163 1022 5
182 983 253 1021 τῶν
273 982 303 1020 δ’
327 982 445 1021 ἄλλων
467 982 574 1036 ἀρετῇ
594 983 694 1020 ποιεῦ
716 979 816 1034 φίλον
837 978 931 1024 ὅστις
951 978 1105 1032 ἄριστος.

183 1041 322 1094 Πραέσι
342 1041 372 1080 δ’
392 1035 464 1080 εἶκε
480 1041 617 1093 λόγοις,
640 1039 771 1093 ἔργοισί
785 1039 815 1076 τ’
829 1038 1083 1093 ἕπωφελίμοισι
1096 1067 1106 1085 ,

182 1102 267 1151 μηδ’
285 1100 425 1155 ἔχθαιρε
444 1100 542 1154 φίλον
560 1101 619 1140 σὸν
635 1099 839 1153 ἁμαρτάδος
859 1096 975 1138 εἵνεκα
997 1099 1141 1151 μικρῆς,

181 1162 272 1214 ὄφρα
289 1160 387 1214 δύνῃ·
406 1159 552 1211 δύναμις
570 1159 639 1213 γὰρ
659 1159 814 1211 ἀνάγκης
835 1157 954 1210 ἐγγύθι
973 1157 1078 1196 ναίει.

183 1222 307 1260 Ταῦτα
321 1219 386 1273 μὲν
407 1220 516 1264 οὕτως
536 1218 619 1258 ἴσθι·
641 1219 782 1273 κρατεῖν
801 1219 831 1257 δ’
851 1218 978 1264 ἐῖθίζεο
999 1218 1120 1257 τῶνδε·

132 1293 166 1319 10
184 1278 337 1333 γαστρὸς
359 1277 423 1330 μὲν
444 1278 650 1331 πρώτιστα,
672 1278 733 1318 καὶ
753 1279 860 1318 ὕπνου
882 1277 1048 1330 λαγνείης
1067 1292 1107 1316 τε

1345 285 1595 339 AUREUM
1633 289 2185 347 PYTHAGOREORUM

1631 416 1892 460 CARMEN.

1228 685 1439 719 immortales
1457 686 1597 728 primum
1615 687 1695 720 duos
1706 711 1716 729 ,
1738 689 1777 721 ut
1801 689 1869 729 lege
1890 688 2035 731 dispositi
2052 694 2147 732 sunt,

1227 755 1380 780 venerare
1400 747 1434 780 et
1450 747 1521 780 cole
1538 745 1787 790 jusjurandum,
1805 748 1923 783 deinde
1940 749 2054 783 heroes
2067 750 2213 784 illustres

1226 816 1265 840 ac
1284 807 1451 841 terrestres
1473 805 1584 849 genios
1604 807 1746 850 legitima
1764 809 1901 851 faciens,
1914 810 2059 851 lionora;

1227 866 1364 900 observa
1382 866 1481 900 etiam
1502 868 1654 909 parentes
1674 872 1707 901 et
1720 876 1775 901 eos
1794 869 1849 911 qni
1869 870 2018 911 proxime
2038 871 2167 912 cognati
2195 878 2291 913 sunt;

1226 935 1266 959 ex
1287 926 1358 960 aliis
1383 935 1462 960 vero
1485 927 1628 960 amicum
1651 927 1711 961 tibi
1730 928 1870 971 adjunge
1898 930 2047 972 quisquis
2065 931 2189 965 virtute
2207 941 2290 974 pru·-

1965 989 2209 1032 [stantissimus
2228 997 2287 1025 est.

1223 1047 1365 1080 Lenibus
1383 1047 1478 1081 dictis
1500 1048 1596 1081 cedas
1618 1050 1651 1082 et
1668 1049 1801 1082 utilibus
1818 1050 1931 1091 saetis,
2236 1051 2241 1056 '

1223 1118 1307 1142 neve
1324 1109 1433 1143 oderis
1451 1110 1596 1142 amicum
1613 1113 1745 1153 propter
1766 1112 1837 1145 leve
1854 1113 2037 1154 peccatum,

1223 1169 1330 1210 quoad
1357 1170 1450 1211 potes
1462 1182 1472 1211 ς
1487 1169 1625 1203 facultas
1645 1171 1732 1204 enim
1753 1181 1854 1214 prope
1873 1173 2105 1206 necessitatem
2131 1174 2258 1207 habitat

1224 1231 1302 1262 Haec
1314 1229 1444 1272 quidem
1463 1229 1510 1262 sic
1529 1232 1651 1272 teneas,
1672 1231 1810 1264 sedistis
1825 1231 1984 1274 imperare
2001 1242 2153 1267 assuesce
2178 1244 2187 1267 ε

1223 1289 1327 1321 ventri
1348 1289 1490 1331 primum
1512 1290 1546 1323 et
1558 1298 1695 1331 somno,
1713 1290 1830 1324 deinde
1847 1291 1970 1324 libidini

182 1339 243 1379 καὶ
257 1342 381 1390 θυμοῦ·
393 1337 527 1391 πρήξῃς
538 1338 568 1378 δ’
580 1337 726 1392 αἷσχρόν
739 1354 823 1378 ποτε
833 1337 923 1390 μήτε
938 1339 1016 1389 μετ’
1032 1336 1157 1386 ἄλλῡυ,
1222 1351 1254 1383 et
1277 1350 1346 1383 irae.
1367 1352 1414 1383 Ne
1427 1350 1505 1392 quid
1524 1359 1668 1392 unquam
1691 1353 1786 1393 turpe
1803 1352 1988 1385 committas
2002 1353 2070 1386 sive
2089 1363 2164 1387 cum
2183 1355 2244 1387 alio

181 1398 266 1450 μήτ’
281 1398 366 1451 ἰδίῃ·
383 1397 525 1438 πάντων
541 1398 577 1437 δὲ
599 1397 743 1450 μάλιστ’
760 1399 923 1451 alc-[6220
943 1396 1085 1437 σαυτόν.

180 1452 273 1499 Εἶτα
288 1457 514 1506 δικαιοσύνην
532 1459 633 1498 ἄσκει
654 1456 746 1513 ἔργῳ
764 1474 800 1497 τε
821 1458 915 1512 λόγῳ
932 1474 982 1497 τε·

180 1519 263 1571 μηδ’
286 1518 479 1572 ἀλογίστως
498 1519 626 1559 σαυτὸν
642 1517 735 1570 ἔχειν
757 1518 837 1572 περὶ
859 1518 967 1570 μηδὲν
990 1517 1092 1564 ἔθιζε·

140 1706 179 1738 V.
203 1707 231 1738 1.
252 1704 433 1742 Ἀθανάτους
445 1705 499 1748 μὲν
513 1707 623 1746 πρῶτα
643 1704 750 1747 θεοὺς]
770 1707 817 1737 lta
831 1712 945 1737 omnes
965 1703 1060 1736 codd.
1078 1712 1160 1746 pree-

96 1754 146 1786 ter
166 1751 370 1792 Medicam,
390 1752 430 1784 vin
456 1761 520 1793 quo
539 1752 692 1784 ἀθάνατον
720 1753 775 1794 μὲν
802 1755 912 1795 πρῶτα
940 1753 1009 1785 θεὸν
1027 1754 1158 1795 reperiri

96 1801 235 1834 testatur
250 1799 427 1833 Bandinius
443 1800 476 1832 in
494 1800 576 1833 Bibl.
589 1799 679 1832 codd
689 1825 697 1833 .
710 1801 807 1833 Laur.
819 1802 857 1832 T.
880 1802 923 1833 ll.
940 1810 970 1842 p.
990 1804 1064 1834 259.
1076 1803 1160 1834 Ean-

96 1849 172 1882 dem
192 1849 361 1881 lectionem
395 1847 529 1881 sortasse
555 1848 708 1890 exprimit
738 1848 896 1889 interpres
923 1849 1043 1889 Arabs,
1065 1849 1158 1891 cujus

53 1923 57 1927 .
96 1897 195 1930 verba
215 1896 263 1930 sic
280 1896 380 1929 latine
410 1895 548 1929 reddidit
568 1896 645 1929 Joh.
671 1896 904 1929 Elichmannus
924 1897 1010 1938 apud
1031 1897 1157 1930 Salma-

96 1946 183 1979 sium
207 1954 238 1987 p.
258 1947 277 1978 3
297 1957 305 1978 =
332 1957 347 1973 α
375 1944 523 1979 Ρ1111111111
545 1953 657 1977 eorum
685 1953 761 1986 quae
777 1944 836 1977 tibi
859 1944 1009 1986 praecipio
1027 1946 1098 1986 post
1116 1945 1157 1978 ti-

97 2002 223 2027 morem
239 1993 298 2026 Dei
318 1994 367 2026 ter
382 1993 495 2034 optimi
524 1992 676 2033 maximi,
700 1994 738 2025 ut
763 1994 949 2026 reverenter
969 1992 1087 2026 habeas
1103 2002 1158 2026 eos

77 2041 215 2084 ¹quibus
242 2049 309 2074 non
341 2040 470 2074 decreta
507 2041 557 2073 est
580 2049 670 2073 mors
702 2049 722 2073 a
748 2042 817 2073 Deo
837 2040 957 2082 quique
978 2040 1048 2082 ejus
1082 2044 1157 2074 sunt

95 2089 208 2130 amici,
223 2089 260 2122 ut
273 2088 339 2121 illis
357 2088 514 2120 honorem
531 2087 685 2120 exhibeas
702 2096 776 2120 eum
790 2111 799 2127 ‚
813 2096 911 2129 quem
934 2087 1092 2129 approbat
1106 2097 1156 2120 re·

95 2137 181 2178 ligio.
202 2149 218 2165 n
240 2135 303 2169 sed
327 2136 488 2176 nugantur
518 2135 575 2177 qui
594 2135 749 2168 ἀθάνατον
781 2136 837 2176 μὲν
858 2138 968 2177 πρῶτα
996 2134 1067 2167 θεόν
1096 2135 1157 2168 hoc

95 2184 166 2218 loco
185 2183 375 2217 defendunt.
393 2201 437 2207 —-
452 2183 540 2225 νόμῳ
563 2186 605 2221 ὡς
628 2183 817 2226 διάκεινται]
839 2185 859 2216 S
875 2185 907 2216 et
925 2185 952 2216 G
968 2186 1066 2225 alque
1089 2183 1158 2225 ipse

96 2232 272 2266 Hierocles.
287 2231 434 2265 Eandem
457 2232 653 2273 scripturam
669 2235 849 2273 agnoscunt
866 2231 999 2264 Proclus
1017 2232 1048 2264 in
1075 2232 1153 2265 Plat.

94 2279 254 2312 Timoenm
277 2288 309 2320 p.
339 2283 379 2311 65
411 2281 435 2311 F
462 2281 512 2320 (p.
536 2281 593 2312 145
616 2279 667 2312 ed.
686 2279 899 2319 Schneider.)
917 2282 950 2312 et
977 2278 1155 2312 Jambtich.

95 2326 155 2359 vit.
173 2327 311 2368 Pytliag.
329 2335 362 2358 n.
385 2327 457 2359 144.
481 2323 670 2368 Sylburgius
693 2327 724 2359 in
744 2326 940 2368 quibusdam
960 2325 1051 2358 libris
1068 2326 1155 2358 inve·

95 2375 143 2407 nit
159 2375 311 2407 διάκειται
330 2398 339 2414 ,
358 2374 446 2415 quod
465 2382 539 2406 cum
554 2374 625 2406 aliis
638 2373 785 2415 probavit
804 2374 986 2406 Schaet'erus
1001 2382 1052 2415 ap.
1070 2374 1157 2407 Orel-

94 2422 176 2455 lium
197 2430 230 2463 p.
246 2424 319 2455 471.
339 2421 432 2455 Idem
454 2421 566 2463 legisse
593 2422 722 2454 videtur
743 2421 857 2454 Arabs.
886 2423 929 2454 Ut
951 2420 1041 2464 νὸμῳ
1055 2424 1156 2454 κεῖται

95 2468 164 2501 sive
188 2468 339 2501 διάκειται
368 2468 440 2510 leqe
467 2470 613 2501 caucum
626 2494 635 2508 ‚
652 2470 831 2501 sancitum
845 2470 898 2501 est
913 2468 1155 2510 intelligendum

95 2517 136 2549 de
159 2516 246 2557 justa
267 2515 440 2548 numinum
459 2517 668 2549 veneratione
695 2524 769 2556 quae
795 2516 923 2556 legibus
938 2517 1156 2548 consentanea

95 2564 138 2597 sit
153 2573 161 2593 z
179 2564 224 2596 ita
241 2562 412 2596 διάκεινται
438 2563 507 2604 lege
523 2565 708 2597 constituti
722 2565 810 2595 sunt
830 2563 929 2604 accipi
947 2563 1097 2596 convenit
1116 2563 1157 2596 de

95 2620 209 2645 eorum
243 2610 379 2643 deorum
397 2610 487 2643 cultu
510 2610 567 2652 qui
587 2619 676 2643 more
699 2610 914 2651 institutoque
942 2611 1103 2652 maiorum
1125 2612 1156 2644 in

96 2659 218 2692 honore
232 2659 307 2692 sunt
317 2683 326 2698 ,
345 2660 381 2691 ut
395 2659 529 2691 externa
544 2659 676 2691 numina
688 2657 901 2700 excipiantur.
917 2659 1053 2691 Doctius
1066 2668 1156 2691 more

96 2706 338 2740 Platonicorum
359 2706 525 2739 Hierocles
554 2707 657 2745 θεούς,
677 2706 765 2748 νόμῳ
796 2708 839 2743 ὡς
863 2705 1051 2746 διάκεινται,
1081 2706 1157 2747 τίμα

64 2759 66 2761 ’
97 2753 231 2796 exponit
258 2754 290 2786 in
313 2763 384 2787 eam
409 2754 621 2794 sententiam,
647 2755 684 2786 ut
713 2754 990 2795 quemadmodum
1024 2755 1156 2786 numina

97 2810 154 2844 per
169 2801 314 2844 sphaeras
326 2802 441 2834 ordine
457 2801 614 2843 disposita
633 2802 715 2841 sint,
739 2802 786 2834 sic
804 2810 841 2834 ea
857 2801 976 2834 divinae
993 2801 1053 2844 legi
1076 2811 1155 2835 con-

98 2849 265 2882 venienter
290 2850 425 2882 colenda
452 2858 524 2883 esse
544 2849 641 2882 dicat.
668 2851 830 2882 Caeterum
861 2849 892 2881 in
915 2849 1019 2882 codd.
1053 2851 1154 2884 Paris.

98 2899 253 2940 tanquam
272 2897 377 2930 soluta
406 2898 553 2931 oratione
570 2898 726 2939 nullaque
747 2897 954 2930 distinctione
980 2901 1157 2930 exarantur

100 2954 212 2978 versus
226 2954 329 2987 usque
342 2945 382 2977 ad
404 2947 443 2978 34
456 2969 465 2987 ‚
485 2945 543 2978 nisi
559 2945 645 2987 quod
663 2945 695 2977 in
713 2945 773 2977 line
788 2944 945 2986 cujusque
963 2952 1074 2978 versus
1088 2947 1155 2979 erat

100 2991 171 3024 lioec
185 2995 261 3025 nota
278 2993 299 3025 θ
328 2992 390 3024 alio
405 2994 586 3025 atramento
603 2993 734 3034 scripta.

139 3041 182 3072 V.
204 3041 236 3072 3.
262 3040 488 3081 καταχθονίους
507 3040 680 3083 δαίμονας]
708 3041 875 3074 Hierocles
895 3049 964 3073 esse
986 3041 1057 3074 vult
1084 3042 1156 3079 τοὺς

62 3099 63 3102 ’
94 3087 149 3123 ,ἐπὶ
160 3090 216 3128 γῆς
224 3088 441 3120 πολιτεύεσθαι
455 3089 641 3130 δυναμένους
651 3091 704 3121 καὶ
717 3089 800 3121 κατὰ
813 3093 869 3130 γῆς
883 3090 979 3121 οἰκεῖν
988 3114 996 3130 ,
1010 3090 1047 3121 111
1060 3100 1156 3121 κατα-

98 3134 218 3176 χθόνιοι
236 3138 393 3168 vocentur
409 3136 464 3177 qui
486 3137 585 3178 vulgo
598 3139 674 3170 sunt
690 3137 874 3179 ἐπιχθόνιοι.
890 3137 950 3169 Sed
968 3137 1155 3178 plerumque

98 3182 183 3224 apud
201 3184 322 3215 veteres
333 3184 533 3225 καταχθόνιοι
551 3185 759 3216 nominantur
774 3183 968 3226 ὑποχθόνιοι.
985 3184 1061 3216 Vid.
1081 3184 1153 3215 adn.

97 3230 138 3263 ad
159 3231 298 3264 Hierocl.
316 3249 358 3255 —
384 3231 500 3274 ἔννομα
529 3234 622 3276 ῥέζειν
634 3233 735 3273 justa
763 3234 812 3266 vel
838 3234 999 3274 legitima
1014 3232 1153 3271 facere,

97 3277 185 3319 quod
207 3279 336 3320 proprie
351 3279 391 3312 de
418 3280 584 3313 sacrificiis
612 3281 674 3314 dici
701 3290 798 3314 nemo
821 3281 967 3319 dubitat,
994 3280 1155 3313 Hierocles

97 3325 232 3367 exponit
251 3334 258 3354 ε
277 3338 293 3354 «ι
311 3326 416 3360 facere
438 3336 512 3369 quae
529 3328 723 3370 sapientium
739 3329 881 3361 virorum
898 3327 1068 3369 praeceptis
1083 3336 1156 3359 con-

97 3378 246 3407 sentanea
263 3375 340 3407 sunt
361 3376 526 3418 vitamque
543 3377 581 3409 ad
598 3377 727 3410 illorum
746 3377 897 3410 virtutem
917 3385 1110 3417 componere
1123 3378 1156 3409 et

99 3422 139 3453 ad
164 3422 297 3454 rationis
319 3431 467 3456 normam
488 3424 637 3464 dirigere.
653 3438 669 3452 »
696 3424 901 3458 Camerarius
917 3423 1000 3455 male
1015 3423 1155 3464 coniecit

99 3467 231 3510 ἔντομα,
246 3469 352 3511 ῥέζειν.
375 3471 458 3502 Nam
484 3472 680 3513 Pythagoras
717 3471 772 3514 qui
797 3471 966 3504 incruenta
999 3471 1154 3504 sacrificia

207 3533 328 3558 runos,
348 3534 445 3558 cume.
622 3552 624 3554 .
1148 3529 1200 3559 «93

1220 1410 1289 1443 sive
1310 1418 1456 1443 seorsum
1471 1434 1481 1451 ,
1498 1410 1554 1443 sed
1570 1409 1713 1443 maxime
1731 1412 1880 1444 omnium
1902 1420 2014 1445 verere
2035 1414 2066 1446 te
2082 1413 2200 1455 ipsum.

1221 1470 1345 1503 Deinde
1358 1470 1518 1511 justitiam
1537 1479 1655 1504 exerce
1675 1469 1770 1504 sactis
1791 1474 1889 1513 atque
1912 1472 2008 1505 dictis
2032 1485 2040 1505 ι

1223 1539 1304 1563 neve
1322 1530 1355 1563 te
1374 1530 1440 1563 ulla
1458 1530 1491 1563 111
1508 1540 1542 1564 re
1565 1530 1803 1565 inconsiderate
1822 1541 1934 1574 gerere
1954 1541 2121 1566 assuescas
2144 1546 2153 1566 ε

1227 1705 1373 1743 amabat,
1392 1705 1547 1737 Cicerone
1561 1707 1643 1738 teste
1669 1705 1724 1738 lib.
1742 1706 1790 1738 111
1810 1705 1850 1738 de
1865 1708 1938 1739 Nat.
1961 1706 2064 1746 deor„
2084 1716 2125 1740 ne
2144 1708 2282 1749 Apollini

1225 1752 1358 1793 quidem
1386 1752 1480 1785 Delio
1511 1753 1649 1785 hostiam
1669 1753 1838 1786 immolare
1863 1754 2013 1794 volebat,
2032 1764 2073 1788 ne
2099 1764 2190 1788 aram
2210 1765 2282 1788 san-

1222 1800 1318 1841 guine
1333 1802 1524 1841 aspergeret.
1550 1800 1601 1834 Cf.
1620 1802 1747 1842 Menag.
1771 1801 1811 1833 ad
1832 1802 1923 1843 Diog.
1944 1804 2050 1835 Laert.
2067 1805 2158 1844 vm,
2182 1807 2230 1845 13,
2245 1808 2285 1837 20

1221 1849 1253 1878 et
1273 1851 1324 1879 22.
1490 1848 1493 1852 “

1264 1897 1306 1928 V.
1330 1896 1363 1927 4.
1396 1896 1493 1928 Hunc
1518 1903 1649 1928 versum
1674 1895 1752 1928 citat
1785 1895 1934 1928 Stobaeus
1964 1895 2111 1937 Florileg.
2152 1897 2283 1929 LXXlX

1221 1952 1252 1983 p.
1269 1943 1330 1975 337
1353 1942 1404 1976 ed.
1424 1944 1516 1975 Grot.
1540 1943 1631 1983 (vol.
1647 1944 1692 1976 111
1719 1952 1750 1984 p.
1774 1945 1831 1976 109
1854 1943 1906 1975 ed.
1927 1943 2028 1976 Gaisf.
2045 1943 2057 1985 )
2075 1943 2186 1976 addito
2203 1944 2284 1976 lem-

1221 1993 1304 2024 mate
1317 1990 1503 2033 Πυθαγόρου
1517 1991 1553 2023 ἐκ.
1563 1994 1625 2024 τῶν
1639 1994 1765 2034 χρυσῶν
1781 1991 1877 2024 ἐπῶν.
1899 1991 2007 2032 Hujus
2021 1991 2186 2033 scriptoris
2201 1992 2280 2024 Cod.

1220 2041 1289 2071 Par.
1310 2041 1334 2071 Α
1355 2037 1477 2079 praebet
1498 2039 1570 2076 σούς
1586 2051 1619 2072 τε
1637 2043 1737 2079 γονεῖς
1751 2048 1808 2081 pro
1821 2040 1893 2077 τούς
1910 2051 1944 2072 τε
1957 2042 2069 2080 γονεῖς.

1259 2088 1300 2119 V.
1318 2089 1348 2119 5.
1363 2085 1508 2129 ἄριστος]
1523 2087 1588 2119 tres
1599 2089 1646 2127 03
1664 2087 1794 2130 ἅρεστος
1817 2088 1850 2120 S.

1259 2135 1300 2165 V.
1316 2139 1347 2166 6.
1364 2134 1587 2176 ἐπωφελίμοισι
1600 2133 1612 2176 ]
1627 2136 1673 2175 0;
1691 2134 1893 2175 ἐπωφελίοισι
1909 2135 1957 2174 G;
1973 2132 2180 2174 ἐπωφελίαισι
2198 2134 2230 2165 S.
2249 2133 2282 2165 in

1224 2190 1290 2222 quo
1303 2181 1513 2221 ἐπωφελέεσσι
1530 2182 1629 2214 latere
1646 2182 1830 2223 suspicatur
1844 2181 2060 2214 Gaissordius.

1259 2231 1302 2262 V.
1323 2232 1355 2262 7.
1372 2229 1477 2261 εἵνεκα
1491 2229 1623 2271 μικρῆς]
1638 2229 1741 2261 (301111.
1757 2231 1805 2270 Ν;
1823 2229 2007 2270 Simplicius
2022 2230 2148 2261 Comm.
2166 2228 2198 2260 in
2213 2228 2282 2270 Epi-

1220 2276 1295 2308 cteti
1314 2277 1446 2308 Encliir.
1469 2285 1539 2317 pag.
1559 2278 1617 2308 204
1641 2276 1693 2308 ed.
1720 2277 1859 2309 Salmas.
1882 2276 1957 2318 legit
1981 2276 2093 2308 οὔνεκα
2105 2279 2226 2318 μικρᾶς.

1262 2325 1301 2356 V.
1327 2326 1431 2357 9-16
1448 2324 1540 2356 aslert
1556 2323 1705 2356 Stobaeus
1724 2323 1809 2356 Flor.
1827 2330 1924 2360 serm.
1950 2325 1978 2356 Ι.
1996 2331 2065 2364 pag.
2077 2324 2095 2354 7
2109 2322 2166 2355 ed.
2187 2324 2279 2356 Grot.

1222 2371 1315 2412 (pag.
1344 2375 1362 2404 2
1386 2370 1438 2403 ed.
1465 2372 1577 2410 Gesn.;
1593 2371 1658 2404 vol.
1683 2371 1697 2403 1
1720 2379 1792 2412 pag.
1816 2375 1835 2404 6
1853 2370 2020 2403 ed.Gaisl”.
2038 2371 2049 2411 )
2070 2370 2134 2404 Sed
2160 2380 2193 2404 v·
2220 2376 2282 2404 9—

1224 2422 1253 2451 11
1284 2422 1422 2462 (κρατεῖν
1451 2436 1492 2442 —
1521 2418 1638 2460 θυμοῦ)
1656 2419 1794 2451 sermoni
1820 2420 1848 2451 V
1871 2419 1940 2450 sine
1969 2418 2063 2451 codd.
2089 2418 2282 2452 auctoritate

1220 2466 1356 2498 inseruit
1376 2468 1540 2499 Gesnerus
1559 2475 1628 2507 pag.
1650 2467 1701 2498 64.
1724 2466 1773 2499 Cs.
1795 2466 1967 2499 Gaissordii
1982 2466 2061 2499 adn.
2083 2466 2122 2498 ad
2150 2476 2181 2508 p.
2209 2468 2278 2500 164.

1261 2516 1302 2546 V.
1325 2518 1355 2546 9.
1373 2514 1399 2546 δ’
1413 2513 1548 2556 εἰθίζεο]
1571 2514 1637 2546 tres
1657 2515 1696 2546 O.
1718 2515 1750 2546 et
1765 2513 1946 2546 Hierocles.
1970 2516 2060 2546 lianc
2085 2514 2277 2555 scripturam

1219 2563 1401 2602 sequuntur
1423 2562 1525 2595 Aldus
1538 2586 1547 2602 ‚
1562 2561 1744 2603 Stephanus
1761 2562 1792 2594 in
1808 2563 1903 2595 Thes.
1929 2563 2020 2602 Ling.
2042 2563 2099 2594 Gr.
2130 2562 2199 2595 lnd.
2217 2563 2279 2595 col.

1220 2612 1293 2649 814,
1311 2610 1493 2643 Schaet'erus
1506 2635 1514 2650 ‚
1539 2609 1604 2641 alii.
1631 2612 1672 2642 At
1690 2610 1721 2642 δὲ
1739 2610 1834 2648 ἐθίζεο
1859 2609 1956 2642 habet
1974 2610 2123 2643 Stobaeus
2137 2619 2236 2643 serm.
2253 2613 2279 2650 l,

1220 2656 1296 2689 item
1314 2658 1427 2699 Steph.
1449 2660 1541 2690 roes.
1560 2657 1640 2698 phil.
1660 2666 1734 2699 pag.
1760 2659 1829 2690 114.
1845 2658 1973 2690 Curter.
1997 2658 2029 2690 δὲ
2055 2666 2122 2690 om.
2145 2659 2193 2690 De
2209 2657 2278 2690 reli-

1219 2714 1287 2746 quo
1305 2705 1383 2738 illud
1402 2707 1429 2738 δ’
1441 2705 1646 2746 εἰθίζεοᾳιιοᾶ
1663 2705 1758 2738 etiam
1777 2706 1911 2738 Gesneri
1936 2705 2049 2738 fraude
2071 2705 2163 2738 stob.
2181 2714 2278 2738 serm.

1218 2753 1248 2784 V
1270 2752 1394 2785 illatum
1413 2754 1461 2786 est
1478 2752 1527 2785 vel
1548 2754 1715 2793 propterea
1730 2752 1829 2794 magis
1849 2751 1999 2785 convenit
2016 2752 2091 2784 huic
2102 2752 2183 2793 loco,
2193 2752 2279 2793 quod

1217 2798 1298 2831 infra
1314 2807 1344 2833 V.
1371 2803 1411 2833 35
1427 2799 1541 2841 legitur
1557 2800 1681 2838 εἰθίζου.

1262 2853 1304 2885 V.
1326 2855 1374 2885 11.
1398 2851 1537 2894 πρήξῃς]
1576 2853 1616 2893 S,
1646 2851 1734 2893 quod
1754 2851 1820 2893 jam
1850 2852 2055 2894 Stephanus,
2089 2852 2218 2885 Lectius
2247 2855 2279 2886 et

1223 2900 1452 2934 Wintertonus
1473 2903 1670 2940 posuerunt;
1695 2900 1793 2940 vulgo
1809 2900 1942 2941 πρήξεις.

1259 2951 1302 2982 V.
1326 2951 1373 2980 12.
1399 2946 1472 2989 μήτ’
1489 2945 1572 2988 ἰδίῃ]
1591 2949 1628 2980 0.
1648 2949 1690 2988 S;
1707 2947 1780 2989 μήτ’
1802 2948 1894 2985 αὐτὸς
1917 2947 2068 2980 Stobaeus
2085 2947 2118 2980 et
2140 2947 2278 2988 Stepha-

1218 3004 1281 3028 nus
1298 2995 1328 3027 in
1356 2995 1509 3036 margine.
1527 3012 1570 3018 —
1590 2994 1739 3037 μάλιστ’]
1757 2997 1794 3027 O.
1815 2997 1858 3035 S;
1881 2994 2018 3037 μάλιστα
2033 2994 2161 3028 Curter.
2182 2996 2277 3028 Gale-

1218 3053 1280 3077 nus
1296 3043 1380 3076 libro
1397 3042 1439 3076 de
1457 3041 1641 3083 cognitione
1661 3043 1694 3075 et
1711 3042 1878 3075 curatione
1893 3042 2081 3075 morborum
2095 3042 2193 3075 animi
2212 3043 2276 3075 vol.

1217 3094 1245 3124 V
1263 3100 1295 3132 p.
1326 3093 1366 3124 26
1387 3089 1439 3123 ed.
1463 3090 1591 3123 Kuelm.
1611 3091 1776 3131 proferens
1799 3090 1886 3122 hunc
1909 3099 2059 3130 versum,
2085 3091 2127 3122 Σὺ
2153 3090 2207 3130 δέ,
2227 3090 2277 3122 in-

1216 3140 1307 3180 quit,
1327 3139 1444 3171 σαυτὸν
1466 3139 1556 3171 αἰδοῦ
1575 3138 1730 3180 μάλιστα,
1745 3137 1926 3180 πειθόμενος
1946 3142 1991 3181 τῷ
2015 3137 2123 3178 φάντι,
2145 3137 2277 3171 Πάντων

1216 3187 1248 3219 δὲ
1263 3186 1399 3228 μάλιστα
1415 3185 1563 3228 αἷσχύνεο
1577 3185 1703 3218 σαυτόν.

1257 3236 1300 3266 V.
1322 3230 1381 3266 13.⁴
1398 3232 1512 3275 ἄσκει]
1534 3233 1587 3265 Sic
1603 3233 1751 3266 Stoboeus
1769 3235 1801 3265 et
1825 3232 1874 3265 bis
1898 3232 2087 3273 Hierocles;
2107 3232 2184 3264 item
2206 3234 2278 3266 Ste-

1216 3281 1342 3322 plianus
1368 3281 1399 3312 in
1420 3280 1561 3313 editione
1580 3281 1764 3321 Principum
1797 3282 1966 3321 poetarum
1996 3282 2094 3320 atque
2123 3282 2153 3312 in
2185 3282 2276 3313 Poesi

1216 3329 1332 3370 philos.
1351 3338 1381 3370 p.
1404 3331 1474 3370 114,
1503 3329 1702 3370 Brunckius‚
1730 3327 1890 3368 Orellius,
1918 3328 1987 3361 alii.
2008 3328 2115 3368 Vulgo
2144 3328 2273 3364 ἀσκεῖν,

1217 3375 1304 3417 quod
1324 3376 1481 3409 Hieroclis
1502 3376 1676 3408 verborum
1702 3377 1911 3408 immemores
1926 3385 1964 3409 ex
1984 3377 2024 3408 O.
2041 3379 2073 3408 et
2093 3377 2124 3408 S.
2143 3375 2275 3407 carmini

1216 3422 1420 3457 inseruerunt
1436 3424 1558 3457 Needlt.
1571 3427 1603 3457 et
1625 3424 1834 3458 Gaisl'ordius.

1260 3473 1302 3504 V.
1327 3473 1376 3504 11.
1399 3470 1535 3513 σαυτόν]
1554 3471 1670 3513 Codd.;
1694 3481 1759 3504 om.
1785 3473 1874 3504 Curt.

2118 3527 2154 3556 45
