<?xml version="1.0" encoding="UTF-8"?>
<!DOCTYPE html PUBLIC "-//W3C//DTD XHTML 1.0 Transitional//EN"
    "http://www.w3.org/TR/xhtml1/DTD/xhtml1-transitional.dtd">
<html xmlns="http://www.w3.org/1999/xhtml" xml:lang="en" lang="en">
 <head>
  <title>
</title>
<meta http-equiv="Content-Type" content="text/html;charset=utf-8" />
  <meta name='ocr-system' content='tesseract 3.04.00' />
  <meta name='ocr-capabilities' content='ocr_page ocr_carea ocr_par ocr_line ocrx_word'/>
</head>
<body>
  <div class='ocr_page' id='page_1' title='image "./fragmentaphiloso01mulluoft_0116.png"; bbox 0 0 2612 3814; ppageno 0'>
   <div class='ocr_carea' id='block_1_1' title="bbox 0 1622 7 1896">
    <p class='ocr_par' dir='ltr' id='par_1_1' title="bbox 0 1622 7 1896">
     <span class='ocr_line' id='line_1_1' title="bbox 5 1622 7 1630; baseline 0 0"><span class='ocrx_word' id='word_1_1' title='bbox 5 1622 7 1630; x_wconf 57' lang='grc' dir='ltr'>ι</span> 
     </span>
     <span class='ocr_line' id='line_1_2' title="bbox 0 1745 3 1772; baseline 0 0"><span class='ocrx_word' id='word_1_2' title='bbox 0 1745 3 1772; x_wconf 62' lang='grc' dir='ltr'>Ἰ</span> 
     </span>
     <span class='ocr_line' id='line_1_3' title="bbox 0 1779 5 1792; baseline 0 0"><span class='ocrx_word' id='word_1_3' title='bbox 0 1779 5 1792; x_wconf 76' lang='grc' dir='ltr'>ί</span> 
     </span>
     <span class='ocr_line' id='line_1_4' title="bbox 0 1796 4 1811; baseline 0 0"><span class='ocrx_word' id='word_1_4' title='bbox 0 1796 4 1811; x_wconf 83' lang='grc' dir='ltr'>ι</span> 
     </span>
     <span class='ocr_line' id='line_1_5' title="bbox 1 1828 4 1841; baseline 0 0"><span class='ocrx_word' id='word_1_5' title='bbox 1 1828 4 1841; x_wconf 82' lang='lat' dir='ltr'><strong>l</strong></span> 
     </span>
     <span class='ocr_line' id='line_1_6' title="bbox 0 1881 5 1896; baseline 0 0"><span class='ocrx_word' id='word_1_6' title='bbox 0 1881 5 1896; x_wconf 79' lang='grc' dir='ltr'>ι</span> 
     </span>
    </p>
   </div>
   <div class='ocr_carea' id='block_1_2' title="bbox 0 1852 60 3814">
    <p class='ocr_par' dir='ltr' id='par_1_2' title="bbox 0 1852 60 3814">
     <span class='ocr_line' id='line_1_7' title="bbox 0 1852 60 3814; baseline 0 0"><span class='ocrx_word' id='word_1_7' title='bbox 0 1852 60 3814; x_wconf 95' lang='lat' dir='ltr'> </span> 
     </span>
    </p>
   </div>
   <div class='ocr_carea' id='block_1_3' title="bbox 374 224 1662 271">
    <p class='ocr_par' dir='ltr' id='par_1_3' title="bbox 374 224 1662 271">
     <span class='ocr_line' id='line_1_8' title="bbox 374 224 1662 271; baseline -0.006 0"><span class='ocrx_word' id='word_1_8' title='bbox 374 240 421 271; x_wconf 77' lang='grc'>76</span> <span class='ocrx_word' id='word_1_9' title='bbox 1243 224 1662 266; x_wconf 83' lang='lat' dir='ltr'><strong>COMMENTARIUS</strong></span> 
     </span>
    </p>
   </div>
   <div class='ocr_carea' id='block_1_4' title="bbox 369 314 1430 1670">
    <p class='ocr_par' dir='ltr' id='par_1_4' title="bbox 369 314 1427 1375">
     <span class='ocr_line' id='line_1_9' title="bbox 423 314 1421 371; baseline -0.005 -14"><span class='ocrx_word' id='word_1_10' title='bbox 423 321 483 359; x_wconf 82' lang='lat' dir='ltr'>Vs.</span> <span class='ocrx_word' id='word_1_11' title='bbox 499 326 573 365; x_wconf 88' lang='grc'>420</span> <span class='ocrx_word' id='word_1_12' title='bbox 585 333 644 371; x_wconf 82' lang='lat' dir='ltr'>sq.</span> <span class='ocrx_word' id='word_1_13' title='bbox 667 318 730 364; x_wconf 83' lang='grc' dir='ltr'>τὴν</span> <span class='ocrx_word' id='word_1_14' title='bbox 746 316 811 370; x_wconf 81' lang='grc' dir='ltr'>οἵγ’</span> <span class='ocrx_word' id='word_1_15' title='bbox 825 315 1046 356; x_wconf 77' lang='grc' dir='ltr'>εὗσεὸέεσσιν</span> <span class='ocrx_word' id='word_1_16' title='bbox 1061 314 1152 370; x_wconf 72' lang='grc' dir='ltr'>κτλ]</span> <span class='ocrx_word' id='word_1_17' title='bbox 1168 315 1223 353; x_wconf 85' lang='lat' dir='ltr'>De</span> <span class='ocrx_word' id='word_1_18' title='bbox 1242 316 1421 354; x_wconf 86' lang='lat' dir='ltr'><strong>incruen-</strong></span> 
     </span>
     <span class='ocr_line' id='line_1_10' title="bbox 369 373 1424 432; baseline -0.008 -13"><span class='ocrx_word' id='word_1_19' title='bbox 369 382 419 421; x_wconf 85' lang='lat' dir='ltr'>tis</span> <span class='ocrx_word' id='word_1_20' title='bbox 450 380 667 432; x_wconf 87' lang='lat' dir='ltr'><strong>priscorum</strong></span> <span class='ocrx_word' id='word_1_21' title='bbox 699 377 903 416; x_wconf 86' lang='lat' dir='ltr'><strong>hominum</strong></span> <span class='ocrx_word' id='word_1_22' title='bbox 930 375 1132 415; x_wconf 86' lang='lat' dir='ltr'><strong>sacrificiis</strong></span> <span class='ocrx_word' id='word_1_23' title='bbox 1152 388 1239 426; x_wconf 89' lang='lat' dir='ltr'>quae</span> <span class='ocrx_word' id='word_1_24' title='bbox 1266 373 1424 426; x_wconf 87' lang='lat' dir='ltr'><strong>Orpheo</strong></span> 
     </span>
     <span class='ocr_line' id='line_1_11' title="bbox 369 432 1425 491; baseline -0.007 -14"><span class='ocrx_word' id='word_1_25' title='bbox 369 440 484 478; x_wconf 86' lang='lat' dir='ltr'><strong>etiam</strong></span> <span class='ocrx_word' id='word_1_26' title='bbox 519 438 750 491; x_wconf 88' lang='lat' dir='ltr'><strong>placuerunt</strong></span> <span class='ocrx_word' id='word_1_27' title='bbox 779 437 861 475; x_wconf 86' lang='lat' dir='ltr'><strong>haec</strong></span> <span class='ocrx_word' id='word_1_28' title='bbox 895 435 1101 474; x_wconf 87' lang='lat' dir='ltr'><strong>traduntur</strong></span> <span class='ocrx_word' id='word_1_29' title='bbox 1133 447 1155 472; x_wconf 87' lang='lat' dir='ltr'>a</span> <span class='ocrx_word' id='word_1_30' title='bbox 1182 434 1343 472; x_wconf 84' lang='lat' dir='ltr'><strong>Platone</strong></span> <span class='ocrx_word' id='word_1_31' title='bbox 1378 432 1425 470; x_wconf 91' lang='lat' dir='ltr'>de</span> 
     </span>
     <span class='ocr_line' id='line_1_12' title="bbox 372 491 1425 570; baseline -0.009 -32"><span class='ocrx_word' id='word_1_32' title='bbox 372 498 562 550; x_wconf 85' lang='lat' dir='ltr'><strong>Legg.Vl,</strong></span> <span class='ocrx_word' id='word_1_33' title='bbox 575 512 640 547; x_wconf 84' lang='grc'>22,</span> <span class='ocrx_word' id='word_1_34' title='bbox 653 511 693 570; x_wconf 55' lang='grc' dir='ltr'>ξ.</span> <span class='ocrx_word' id='word_1_35' title='bbox 709 498 783 543; x_wconf 88' lang='grc'>782</span> <span class='ocrx_word' id='word_1_36' title='bbox 794 496 824 535; x_wconf 88' lang='lat' dir='ltr'>C</span> <span class='ocrx_word' id='word_1_37' title='bbox 837 510 846 533; x_wconf 73' lang='grc' dir='ltr'>τ</span> <span class='ocrx_word' id='word_1_38' title='bbox 860 495 952 535; x_wconf 78' lang='grc' dir='ltr'>Οὐδὲ</span> <span class='ocrx_word' id='word_1_39' title='bbox 964 494 1041 548; x_wconf 88' lang='grc' dir='ltr'>βοὸς</span> <span class='ocrx_word' id='word_1_40' title='bbox 1052 495 1254 546; x_wconf 80' lang='grc' dir='ltr'>ἐτολμῶμεν</span> <span class='ocrx_word' id='word_1_41' title='bbox 1263 491 1425 546; x_wconf 85' lang='grc' dir='ltr'>γεύεσθαι</span> 
     </span>
     <span class='ocr_line' id='line_1_13' title="bbox 370 550 1426 607; baseline -0.007 -12"><span class='ocrx_word' id='word_1_42' title='bbox 370 555 512 607; x_wconf 74' lang='grc' dir='ltr'>θύματά</span> <span class='ocrx_word' id='word_1_43' title='bbox 525 572 561 594; x_wconf 86' lang='grc' dir='ltr'>τε</span> <span class='ocrx_word' id='word_1_44' title='bbox 577 557 639 594; x_wconf 82' lang='grc' dir='ltr'>οὐκ</span> <span class='ocrx_word' id='word_1_45' title='bbox 656 572 697 603; x_wconf 87' lang='grc' dir='ltr'>ην</span> <span class='ocrx_word' id='word_1_46' title='bbox 711 555 779 598; x_wconf 79' lang='grc' dir='ltr'>τοῖς</span> <span class='ocrx_word' id='word_1_47' title='bbox 799 554 887 598; x_wconf 79' lang='grc' dir='ltr'>θεοις</span> <span class='ocrx_word' id='word_1_48' title='bbox 908 555 995 606; x_wconf 85' lang='grc' dir='ltr'>ζῶα,</span> <span class='ocrx_word' id='word_1_49' title='bbox 1012 552 1157 591; x_wconf 85' lang='grc' dir='ltr'>πέλανοι</span> <span class='ocrx_word' id='word_1_50' title='bbox 1174 551 1210 591; x_wconf 82' lang='grc' dir='ltr'>δὲ</span> <span class='ocrx_word' id='word_1_51' title='bbox 1230 567 1290 591; x_wconf 91' lang='grc' dir='ltr'>και</span> <span class='ocrx_word' id='word_1_52' title='bbox 1311 550 1426 601; x_wconf 79' lang='grc' dir='ltr'>μέλιτι</span> 
     </span>
     <span class='ocr_line' id='line_1_14' title="bbox 370 611 1424 669; baseline -0.006 -15"><span class='ocrx_word' id='word_1_53' title='bbox 370 614 500 669; x_wconf 74' lang='grc' dir='ltr'>καρποὶ</span> <span class='ocrx_word' id='word_1_54' title='bbox 534 614 733 666; x_wconf 80' lang='grc' dir='ltr'>δεδευμένοι</span> <span class='ocrx_word' id='word_1_55' title='bbox 761 613 821 652; x_wconf 84' lang='grc' dir='ltr'>καὶ</span> <span class='ocrx_word' id='word_1_56' title='bbox 850 616 994 652; x_wconf 80' lang='grc' dir='ltr'>τοιαῦτα</span> <span class='ocrx_word' id='word_1_57' title='bbox 1023 611 1114 650; x_wconf 87' lang='grc' dir='ltr'>ἄλλα</span> <span class='ocrx_word' id='word_1_58' title='bbox 1141 611 1231 663; x_wconf 84' lang='grc' dir='ltr'>ἁγνὰ</span> <span class='ocrx_word' id='word_1_59' title='bbox 1260 611 1424 661; x_wconf 85' lang='grc' dir='ltr'>θύματα,</span> 
     </span>
     <span class='ocr_line' id='line_1_15' title="bbox 371 667 1427 728; baseline -0.008 -15"><span class='ocrx_word' id='word_1_60' title='bbox 371 676 511 728; x_wconf 80' lang='grc' dir='ltr'>σαρκῶν</span> <span class='ocrx_word' id='word_1_61' title='bbox 531 674 562 712; x_wconf 88' lang='grc' dir='ltr'>δ’</span> <span class='ocrx_word' id='word_1_62' title='bbox 582 673 769 726; x_wconf 76' lang='grc' dir='ltr'>ἀπείχοντο</span> <span class='ocrx_word' id='word_1_63' title='bbox 788 675 833 716; x_wconf 81' lang='grc' dir='ltr'>ὡς</span> <span class='ocrx_word' id='word_1_64' title='bbox 854 673 920 724; x_wconf 85' lang='grc' dir='ltr'>οὐχ</span> <span class='ocrx_word' id='word_1_65' title='bbox 941 669 1034 709; x_wconf 79' lang='grc' dir='ltr'>ὅσιον</span> <span class='ocrx_word' id='word_1_66' title='bbox 1054 669 1090 709; x_wconf 83' lang='grc' dir='ltr'>ὂν</span> <span class='ocrx_word' id='word_1_67' title='bbox 1110 670 1233 710; x_wconf 85' lang='grc' dir='ltr'>ἐσθίειν</span> <span class='ocrx_word' id='word_1_68' title='bbox 1251 668 1328 709; x_wconf 80' lang='grc' dir='ltr'>οὐδὲ</span> <span class='ocrx_word' id='word_1_69' title='bbox 1350 667 1427 711; x_wconf 88' lang='grc' dir='ltr'>τους</span> 
     </span>
     <span class='ocr_line' id='line_1_16' title="bbox 371 727 1427 786; baseline -0.006 -15"><span class='ocrx_word' id='word_1_70' title='bbox 371 736 438 772; x_wconf 87' lang='grc' dir='ltr'>τῶν</span> <span class='ocrx_word' id='word_1_71' title='bbox 460 735 544 771; x_wconf 81' lang='grc' dir='ltr'>θεῶν</span> <span class='ocrx_word' id='word_1_72' title='bbox 561 731 700 786; x_wconf 88' lang='grc' dir='ltr'>βωμους</span> <span class='ocrx_word' id='word_1_73' title='bbox 721 730 846 782; x_wconf 77' lang='grc' dir='ltr'>αἵματι</span> <span class='ocrx_word' id='word_1_74' title='bbox 861 730 1025 782; x_wconf 84' lang='grc' dir='ltr'>μιαίνειν,</span> <span class='ocrx_word' id='word_1_75' title='bbox 1047 729 1138 768; x_wconf 79' lang='grc' dir='ltr'>ἀλλὰ</span> <span class='ocrx_word' id='word_1_76' title='bbox 1162 727 1323 781; x_wconf 78' lang='grc' dir='ltr'>Ὀρφικοί</span> <span class='ocrx_word' id='word_1_77' title='bbox 1338 742 1427 770; x_wconf 89' lang='grc' dir='ltr'>τινες</span> 
     </span>
     <span class='ocr_line' id='line_1_17' title="bbox 371 785 1425 845; baseline -0.008 -13"><span class='ocrx_word' id='word_1_78' title='bbox 371 792 548 844; x_wconf 85' lang='grc' dir='ltr'>λεγόμενοι</span> <span class='ocrx_word' id='word_1_79' title='bbox 571 791 640 845; x_wconf 84' lang='grc' dir='ltr'>βίοι</span> <span class='ocrx_word' id='word_1_80' title='bbox 663 790 835 842; x_wconf 85' lang='grc' dir='ltr'>ἐγίγνοντο</span> <span class='ocrx_word' id='word_1_81' title='bbox 862 791 963 839; x_wconf 86' lang='grc' dir='ltr'>ἡμῶν</span> <span class='ocrx_word' id='word_1_82' title='bbox 981 788 1050 832; x_wconf 83' lang='grc' dir='ltr'>τοῖς</span> <span class='ocrx_word' id='word_1_83' title='bbox 1070 786 1163 836; x_wconf 86' lang='grc' dir='ltr'>τότε,</span> <span class='ocrx_word' id='word_1_84' title='bbox 1193 786 1339 840; x_wconf 71' lang='grc' dir='ltr'>ἀψύχων</span> <span class='ocrx_word' id='word_1_85' title='bbox 1362 785 1425 835; x_wconf 82' lang='grc' dir='ltr'>μὲν</span> 
     </span>
     <span class='ocr_line' id='line_1_18' title="bbox 373 845 1425 905; baseline -0.007 -15"><span class='ocrx_word' id='word_1_86' title='bbox 373 852 530 905; x_wconf 76' lang='grc' dir='ltr'>ἐχόμενοι</span> <span class='ocrx_word' id='word_1_87' title='bbox 550 850 704 897; x_wconf 83' lang='grc' dir='ltr'>πάντων,</span> <span class='ocrx_word' id='word_1_88' title='bbox 718 847 886 901; x_wconf 71' lang='grc' dir='ltr'>ἐμψύχων</span> <span class='ocrx_word' id='word_1_89' title='bbox 909 846 944 886; x_wconf 81' lang='grc' dir='ltr'>δὲ</span> <span class='ocrx_word' id='word_1_90' title='bbox 958 845 1156 886; x_wconf 83' lang='grc' dir='ltr'>τούναντίον</span> <span class='ocrx_word' id='word_1_91' title='bbox 1171 846 1313 885; x_wconf 83' lang='grc' dir='ltr'>πάντων</span> <span class='ocrx_word' id='word_1_92' title='bbox 1334 849 1402 885; x_wconf 84' lang='grc' dir='ltr'>ἀπε</span> <span class='ocrx_word' id='word_1_93' title='bbox 1406 868 1425 875; x_wconf 93' lang='grc'><strong>-</strong></span> 
     </span>
     <span class='ocr_line' id='line_1_19' title="bbox 372 906 1424 963; baseline -0.005 -14"><span class='ocrx_word' id='word_1_94' title='bbox 372 911 526 963; x_wconf 75' lang='grc' dir='ltr'>χόμενοι.</span> <span class='ocrx_word' id='word_1_95' title='bbox 553 909 612 947; x_wconf 81' lang='lat' dir='ltr'>Ad</span> <span class='ocrx_word' id='word_1_96' title='bbox 642 921 756 960; x_wconf 89' lang='lat' dir='ltr'><strong>quem</strong></span> <span class='ocrx_word' id='word_1_97' title='bbox 788 908 915 946; x_wconf 85' lang='lat' dir='ltr'><strong>locum</strong></span> <span class='ocrx_word' id='word_1_98' title='bbox 946 920 1069 959; x_wconf 90' lang='lat' dir='ltr'><strong>pauca</strong></span> <span class='ocrx_word' id='word_1_99' title='bbox 1099 907 1250 945; x_wconf 87' lang='lat' dir='ltr'><strong>notavit</strong></span> <span class='ocrx_word' id='word_1_100' title='bbox 1278 906 1424 944; x_wconf 84' lang='lat' dir='ltr'><strong>Astius.</strong></span> 
     </span>
     <span class='ocr_line' id='line_1_20' title="bbox 374 964 1424 1021; baseline -0.005 -14"><span class='ocrx_word' id='word_1_101' title='bbox 374 970 558 1021; x_wconf 71' lang='lat' dir='ltr'><strong>Apposite</strong></span> <span class='ocrx_word' id='word_1_102' title='bbox 578 968 624 1006; x_wconf 88' lang='lat' dir='ltr'>ad</span> <span class='ocrx_word' id='word_1_103' title='bbox 640 967 738 1005; x_wconf 85' lang='lat' dir='ltr'><strong>hanc</strong></span> <span class='ocrx_word' id='word_1_104' title='bbox 753 980 833 1004; x_wconf 86' lang='lat' dir='ltr'>rem</span> <span class='ocrx_word' id='word_1_105' title='bbox 852 966 1083 1005; x_wconf 83' lang='lat' dir='ltr'>Plutarchus</span> <span class='ocrx_word' id='word_1_106' title='bbox 1096 965 1144 1004; x_wconf 87' lang='lat' dir='ltr'>de</span> <span class='ocrx_word' id='word_1_107' title='bbox 1154 965 1230 1004; x_wconf 81' lang='lat' dir='ltr'>Esu</span> <span class='ocrx_word' id='word_1_108' title='bbox 1245 978 1352 1006; x_wconf 90' lang='lat' dir='ltr'><strong>carn.</strong></span> <span class='ocrx_word' id='word_1_109' title='bbox 1371 964 1424 1012; x_wconf 93' lang='lat'>11,</span> 
     </span>
     <span class='ocr_line' id='line_1_21' title="bbox 373 1024 1427 1079; baseline -0.003 -13"><span class='ocrx_word' id='word_1_110' title='bbox 373 1029 449 1066; x_wconf 89' lang='lat' dir='ltr'><strong>vol.</strong></span> <span class='ocrx_word' id='word_1_111' title='bbox 462 1027 494 1066; x_wconf 89' lang='lat' dir='ltr'><em>X</em></span> <span class='ocrx_word' id='word_1_112' title='bbox 509 1042 546 1079; x_wconf 87' lang='lat' dir='ltr'>p.</span> <span class='ocrx_word' id='word_1_113' title='bbox 564 1042 576 1064; x_wconf 91' lang='lat'>1</span> <span class='ocrx_word' id='word_1_114' title='bbox 587 1027 634 1065; x_wconf 85' lang='grc'>52</span> <span class='ocrx_word' id='word_1_115' title='bbox 652 1026 713 1066; x_wconf 88' lang='lat' dir='ltr'>ed.</span> <span class='ocrx_word' id='word_1_116' title='bbox 728 1026 858 1065; x_wconf 81' lang='lat' dir='ltr'><strong>Reisk.</strong></span> <span class='ocrx_word' id='word_1_117' title='bbox 877 1024 943 1064; x_wconf 76' lang='grc' dir='ltr'>ιτὰ</span> <span class='ocrx_word' id='word_1_118' title='bbox 952 1026 987 1064; x_wconf 83' lang='grc' dir='ltr'>δὲ</span> <span class='ocrx_word' id='word_1_119' title='bbox 998 1025 1205 1077; x_wconf 76' lang='grc' dir='ltr'>Πυθαγόρου</span> <span class='ocrx_word' id='word_1_120' title='bbox 1215 1024 1277 1064; x_wconf 80' lang='grc' dir='ltr'>καὶ</span> <span class='ocrx_word' id='word_1_121' title='bbox 1292 1024 1427 1074; x_wconf 86' lang='grc' dir='ltr'>Ἐμπε-</span> 
     </span>
     <span class='ocr_line' id='line_1_22' title="bbox 372 1079 1423 1137; baseline -0.003 -12"><span class='ocrx_word' id='word_1_122' title='bbox 372 1087 531 1131; x_wconf 82' lang='grc' dir='ltr'>δοκλέους</span> <span class='ocrx_word' id='word_1_123' title='bbox 551 1086 709 1137; x_wconf 82' lang='grc' dir='ltr'>δόγματα</span> <span class='ocrx_word' id='word_1_124' title='bbox 729 1084 831 1135; x_wconf 89' lang='grc' dir='ltr'>νόμοι</span> <span class='ocrx_word' id='word_1_125' title='bbox 853 1088 922 1124; x_wconf 85' lang='grc' dir='ltr'>τῶν</span> <span class='ocrx_word' id='word_1_126' title='bbox 941 1086 1103 1124; x_wconf 82' lang='grc' dir='ltr'>παλαιῶν</span> <span class='ocrx_word' id='word_1_127' title='bbox 1121 1079 1210 1132; x_wconf 73' lang='grc' dir='ltr'>ἦσαν</span> <span class='ocrx_word' id='word_1_128' title='bbox 1226 1083 1423 1132; x_wconf 84' lang='grc' dir='ltr'>Ἑλλήνων.</span> 
     </span>
     <span class='ocr_line' id='line_1_23' title="bbox 371 1144 1427 1197; baseline -0.004 -12"><span class='ocrx_word' id='word_1_129' title='bbox 371 1145 483 1193; x_wconf 89' lang='lat' dir='ltr'><strong>Quod</strong></span> <span class='ocrx_word' id='word_1_130' title='bbox 503 1145 696 1197; x_wconf 88' lang='lat' dir='ltr'><strong>reliquum</strong></span> <span class='ocrx_word' id='word_1_131' title='bbox 725 1153 802 1193; x_wconf 89' lang='lat' dir='ltr'><strong>est,</strong></span> <span class='ocrx_word' id='word_1_132' title='bbox 828 1144 1054 1183; x_wconf 84' lang='lat' dir='ltr'><strong>Dindorfius</strong></span> <span class='ocrx_word' id='word_1_133' title='bbox 1075 1144 1116 1182; x_wconf 92' lang='lat' dir='ltr'>in</span> <span class='ocrx_word' id='word_1_134' title='bbox 1136 1144 1312 1182; x_wconf 85' lang='lat' dir='ltr'><strong>Athenaei</strong></span> <span class='ocrx_word' id='word_1_135' title='bbox 1334 1157 1427 1182; x_wconf 92' lang='lat' dir='ltr'><strong>con-</strong></span> 
     </span>
     <span class='ocr_line' id='line_1_24' title="bbox 373 1203 1426 1256; baseline -0.003 -12"><span class='ocrx_word' id='word_1_136' title='bbox 373 1214 479 1244; x_wconf 87' lang='lat' dir='ltr'><strong>textu</strong></span> <span class='ocrx_word' id='word_1_137' title='bbox 495 1205 673 1255; x_wconf 82' lang='lat' dir='ltr'><strong>vulgavit</strong></span> <span class='ocrx_word' id='word_1_138' title='bbox 692 1204 858 1256; x_wconf 80' lang='grc' dir='ltr'>γραπτοῖς</span> <span class='ocrx_word' id='word_1_139' title='bbox 886 1203 941 1252; x_wconf 82' lang='grc' dir='ltr'>δὲ;</span> <span class='ocrx_word' id='word_1_140' title='bbox 962 1204 1065 1256; x_wconf 90' lang='lat' dir='ltr'><strong>apud</strong></span> <span class='ocrx_word' id='word_1_141' title='bbox 1083 1203 1348 1255; x_wconf 79' lang='lat' dir='ltr'><strong>Porphyrium</strong></span> <span class='ocrx_word' id='word_1_142' title='bbox 1371 1203 1426 1241; x_wconf 90' lang='lat' dir='ltr'>le-</span> 
     </span>
     <span class='ocr_line' id='line_1_25' title="bbox 372 1262 1425 1315; baseline -0.002 -12"><span class='ocrx_word' id='word_1_143' title='bbox 372 1265 476 1315; x_wconf 80' lang='lat' dir='ltr'><strong>gitur</strong></span> <span class='ocrx_word' id='word_1_144' title='bbox 494 1262 772 1314; x_wconf 89' lang='grc' dir='ltr'>δαιδαλεόσμοις,</span> <span class='ocrx_word' id='word_1_145' title='bbox 789 1264 892 1315; x_wconf 88' lang='lat' dir='ltr'><strong>apud</strong></span> <span class='ocrx_word' id='word_1_146' title='bbox 907 1263 1134 1302; x_wconf 85' lang='lat' dir='ltr'><strong>Athenaeum</strong></span> <span class='ocrx_word' id='word_1_147' title='bbox 1150 1262 1425 1314; x_wconf 75' lang='grc' dir='ltr'>δαιδαλεόδμοις.</span> 
     </span>
     <span class='ocr_line' id='line_1_26' title="bbox 372 1321 924 1375; baseline -0.004 -13"><span class='ocrx_word' id='word_1_148' title='bbox 372 1324 430 1363; x_wconf 86' lang='lat' dir='ltr'>Cf.</span> <span class='ocrx_word' id='word_1_149' title='bbox 449 1324 581 1362; x_wconf 82' lang='lat' dir='ltr'><strong>Herm.</strong></span> <span class='ocrx_word' id='word_1_150' title='bbox 602 1323 745 1375; x_wconf 85' lang='lat' dir='ltr'><strong>Opusc.</strong></span> <span class='ocrx_word' id='word_1_151' title='bbox 763 1321 811 1370; x_wconf 89' lang='lat' dir='ltr'>V,</span> <span class='ocrx_word' id='word_1_152' title='bbox 833 1336 924 1360; x_wconf 83' lang='lat'><strong>210.</strong></span> 
     </span>
    </p>

    <p class='ocr_par' dir='ltr' id='par_1_5' title="bbox 374 1379 1430 1670">
     <span class='ocr_line' id='line_1_27' title="bbox 427 1379 1426 1434; baseline 0 -14"><span class='ocrx_word' id='word_1_153' title='bbox 427 1382 487 1422; x_wconf 84' lang='lat' dir='ltr'>Vs.</span> <span class='ocrx_word' id='word_1_154' title='bbox 510 1388 584 1428; x_wconf 93' lang='grc'>422</span> <span class='ocrx_word' id='word_1_155' title='bbox 614 1395 674 1433; x_wconf 88' lang='lat' dir='ltr'>sq.</span> <span class='ocrx_word' id='word_1_156' title='bbox 700 1381 857 1434; x_wconf 80' lang='grc' dir='ltr'>σμύρνης</span> <span class='ocrx_word' id='word_1_157' title='bbox 883 1380 913 1418; x_wconf 88' lang='grc' dir='ltr'>τ’</span> <span class='ocrx_word' id='word_1_158' title='bbox 927 1379 1263 1432; x_wconf 82' lang='grc' dir='ltr'>ἅκρήτου--ξουθῶν</span> <span class='ocrx_word' id='word_1_159' title='bbox 1280 1396 1318 1420; x_wconf 89' lang='grc' dir='ltr'>τε</span> <span class='ocrx_word' id='word_1_160' title='bbox 1332 1380 1426 1432; x_wconf 85' lang='grc' dir='ltr'>κτλ.]</span> 
     </span>
     <span class='ocr_line' id='line_1_28' title="bbox 374 1439 1427 1494; baseline -0.002 -14"><span class='ocrx_word' id='word_1_161' title='bbox 374 1442 579 1480; x_wconf 80' lang='lat' dir='ltr'><strong>Athenaeus</strong></span> <span class='ocrx_word' id='word_1_162' title='bbox 600 1439 769 1494; x_wconf 83' lang='grc' dir='ltr'>ἀκρήτου,</span> <span class='ocrx_word' id='word_1_163' title='bbox 785 1439 1031 1491; x_wconf 79' lang='lat' dir='ltr'>Porphyrius</span> <span class='ocrx_word' id='word_1_164' title='bbox 1048 1439 1215 1491; x_wconf 80' lang='grc' dir='ltr'>ἀκράτου.</span> <span class='ocrx_word' id='word_1_165' title='bbox 1231 1439 1336 1478; x_wconf 90' lang='lat' dir='ltr'>Idem</span> <span class='ocrx_word' id='word_1_166' title='bbox 1353 1439 1427 1485; x_wconf 85' lang='grc' dir='ltr'>ξου·</span> 
     </span>
     <span class='ocr_line' id='line_1_29' title="bbox 375 1497 1428 1551; baseline -0.004 -12"><span class='ocrx_word' id='word_1_167' title='bbox 375 1503 440 1539; x_wconf 72' lang='grc' dir='ltr'>θῶν</span> <span class='ocrx_word' id='word_1_168' title='bbox 490 1500 654 1551; x_wconf 83' lang='grc' dir='ltr'>μελιτῶν,</span> <span class='ocrx_word' id='word_1_169' title='bbox 699 1512 819 1550; x_wconf 88' lang='lat' dir='ltr'><strong>quum</strong></span> <span class='ocrx_word' id='word_1_170' title='bbox 859 1498 1066 1537; x_wconf 80' lang='lat' dir='ltr'><strong>Athenaeus</strong></span> <span class='ocrx_word' id='word_1_171' title='bbox 1107 1497 1238 1544; x_wconf 84' lang='grc' dir='ltr'>ξανθῶν</span> <span class='ocrx_word' id='word_1_172' title='bbox 1277 1499 1428 1548; x_wconf 77' lang='grc' dir='ltr'>μελίτων</span> 
     </span>
     <span class='ocr_line' id='line_1_30' title="bbox 375 1558 1430 1611; baseline 0 -14"><span class='ocrx_word' id='word_1_173' title='bbox 375 1559 554 1611; x_wconf 87' lang='lat' dir='ltr'><strong>praebeat.</strong></span> <span class='ocrx_word' id='word_1_174' title='bbox 597 1558 651 1596; x_wconf 83' lang='lat' dir='ltr'>Ex</span> <span class='ocrx_word' id='word_1_175' title='bbox 686 1567 855 1609; x_wconf 90' lang='lat' dir='ltr'><strong>utroque</strong></span> <span class='ocrx_word' id='word_1_176' title='bbox 884 1558 1006 1608; x_wconf 87' lang='lat' dir='ltr'><strong>igitur</strong></span> <span class='ocrx_word' id='word_1_177' title='bbox 1043 1558 1148 1596; x_wconf 87' lang='lat' dir='ltr'><strong>fonte</strong></span> <span class='ocrx_word' id='word_1_178' title='bbox 1176 1558 1339 1610; x_wconf 90' lang='lat' dir='ltr'><strong>petitum</strong></span> <span class='ocrx_word' id='word_1_179' title='bbox 1373 1568 1430 1597; x_wconf 89' lang='lat' dir='ltr'>est</span> 
     </span>
     <span class='ocr_line' id='line_1_31' title="bbox 374 1615 1430 1670; baseline -0.001 -13"><span class='ocrx_word' id='word_1_180' title='bbox 374 1618 478 1670; x_wconf 92' lang='lat' dir='ltr'><strong>quod</strong></span> <span class='ocrx_word' id='word_1_181' title='bbox 494 1617 659 1656; x_wconf 77' lang='lat' dir='ltr'>carmini</span> <span class='ocrx_word' id='word_1_182' title='bbox 681 1617 796 1655; x_wconf 91' lang='lat' dir='ltr'><strong>intuli</strong></span> <span class='ocrx_word' id='word_1_183' title='bbox 818 1615 945 1661; x_wconf 82' lang='grc' dir='ltr'>ξουθῶν</span> <span class='ocrx_word' id='word_1_184' title='bbox 961 1616 1125 1667; x_wconf 86' lang='grc' dir='ltr'>μελίτων.</span> <span class='ocrx_word' id='word_1_185' title='bbox 1147 1617 1343 1666; x_wconf 81' lang='lat' dir='ltr'><strong>Praeterea</strong></span> <span class='ocrx_word' id='word_1_186' title='bbox 1356 1632 1430 1669; x_wconf 90' lang='lat' dir='ltr'>pro</span> 
     </span>
    </p>
   </div>
   <div class='ocr_carea' id='block_1_5' title="bbox 336 1675 1431 1730">
    <p class='ocr_par' dir='ltr' id='par_1_6' title="bbox 336 1675 1431 1730">
     <span class='ocr_line' id='line_1_32' title="bbox 336 1675 1431 1730; baseline -0.001 -14"><span class='ocrx_word' id='word_1_187' title='bbox 336 1686 338 1689; x_wconf 86' lang='lat'>&#39;</span> <span class='ocrx_word' id='word_1_188' title='bbox 373 1677 527 1727; x_wconf 85' lang='lat' dir='ltr'><strong>vulgari</strong></span> <span class='ocrx_word' id='word_1_189' title='bbox 539 1676 730 1716; x_wconf 84' lang='lat' dir='ltr'><strong>vocabulo</strong></span> <span class='ocrx_word' id='word_1_190' title='bbox 749 1675 926 1730; x_wconf 77' lang='grc' dir='ltr'>ῥίπτοντες</span> <span class='ocrx_word' id='word_1_191' title='bbox 944 1675 1049 1727; x_wconf 92' lang='lat' dir='ltr'><strong>quod</strong></span> <span class='ocrx_word' id='word_1_192' title='bbox 1067 1676 1109 1714; x_wconf 91' lang='lat' dir='ltr'>in</span> <span class='ocrx_word' id='word_1_193' title='bbox 1132 1675 1305 1715; x_wconf 80' lang='lat' dir='ltr'><strong>Athenaei</strong></span> <span class='ocrx_word' id='word_1_194' title='bbox 1318 1676 1431 1715; x_wconf 89' lang='lat' dir='ltr'><strong>libris</strong></span> 
     </span>
    </p>
   </div>
   <div class='ocr_carea' id='block_1_6' title="bbox 374 1734 1433 2022">
    <p class='ocr_par' dir='ltr' id='par_1_7' title="bbox 374 1734 1237 1788">
     <span class='ocr_line' id='line_1_33' title="bbox 374 1734 1237 1788; baseline 0.001 -14"><span class='ocrx_word' id='word_1_195' title='bbox 374 1736 573 1774; x_wconf 87' lang='lat' dir='ltr'><strong>invenitur</strong></span> <span class='ocrx_word' id='word_1_196' title='bbox 590 1734 832 1786; x_wconf 75' lang='lat' dir='ltr'><strong>Porphyrius</strong></span> <span class='ocrx_word' id='word_1_197' title='bbox 851 1734 1009 1773; x_wconf 87' lang='lat' dir='ltr'><strong>exhibet</strong></span> <span class='ocrx_word' id='word_1_198' title='bbox 1027 1737 1237 1788; x_wconf 81' lang='grc' dir='ltr'>ῥιπτοῦντες.</span> 
     </span>
    </p>

    <p class='ocr_par' dir='ltr' id='par_1_8' title="bbox 376 1791 1433 2022">
     <span class='ocr_line' id='line_1_34' title="bbox 427 1791 1430 1848; baseline 0.001 -15"><span class='ocrx_word' id='word_1_199' title='bbox 427 1794 490 1835; x_wconf 86' lang='lat' dir='ltr'>Vs.</span> <span class='ocrx_word' id='word_1_200' title='bbox 518 1800 607 1839; x_wconf 76' lang='grc'>424.</span> <span class='ocrx_word' id='word_1_201' title='bbox 638 1793 775 1846; x_wconf 80' lang='grc' dir='ltr'>ταύρων</span> <span class='ocrx_word' id='word_1_202' title='bbox 805 1791 834 1831; x_wconf 85' lang='grc' dir='ltr'>δ’</span> <span class='ocrx_word' id='word_1_203' title='bbox 871 1793 1055 1846; x_wconf 79' lang='grc' dir='ltr'>ἀκρήτοισι</span> <span class='ocrx_word' id='word_1_204' title='bbox 1080 1792 1209 1848; x_wconf 81' lang='grc' dir='ltr'>φόνοις]</span> <span class='ocrx_word' id='word_1_205' title='bbox 1239 1793 1430 1834; x_wconf 85' lang='lat' dir='ltr'><strong>Eusebius</strong></span> 
     </span>
     <span class='ocr_line' id='line_1_35' title="bbox 376 1852 1433 1906; baseline 0 -14"><span class='ocrx_word' id='word_1_206' title='bbox 376 1853 570 1906; x_wconf 84' lang='grc' dir='ltr'>ἀκράτοισι,</span> <span class='ocrx_word' id='word_1_207' title='bbox 590 1852 839 1905; x_wconf 78' lang='lat' dir='ltr'>Porphyrius</span> <span class='ocrx_word' id='word_1_208' title='bbox 864 1861 902 1890; x_wconf 91' lang='lat' dir='ltr'>et</span> <span class='ocrx_word' id='word_1_209' title='bbox 922 1852 1097 1904; x_wconf 87' lang='lat' dir='ltr'><strong>Cyrillus</strong></span> <span class='ocrx_word' id='word_1_210' title='bbox 1124 1853 1310 1905; x_wconf 83' lang='grc' dir='ltr'>ἀκρίτοισι,</span> <span class='ocrx_word' id='word_1_211' title='bbox 1329 1855 1433 1892; x_wconf 90' lang='lat' dir='ltr'><strong>unde</strong></span> 
     </span>
     <span class='ocr_line' id='line_1_36' title="bbox 377 1910 1432 1963; baseline 0 -13"><span class='ocrx_word' id='word_1_212' title='bbox 377 1912 549 1962; x_wconf 80' lang='lat' dir='ltr'><strong>Scaliger</strong></span> <span class='ocrx_word' id='word_1_213' title='bbox 567 1911 720 1963; x_wconf 90' lang='lat' dir='ltr'><strong>primus</strong></span> <span class='ocrx_word' id='word_1_214' title='bbox 737 1911 866 1950; x_wconf 84' lang='lat' dir='ltr'><strong>effecit</strong></span> <span class='ocrx_word' id='word_1_215' title='bbox 887 1910 1085 1963; x_wconf 89' lang='grc' dir='ltr'>ἀκρήτοισι.</span> <span class='ocrx_word' id='word_1_216' title='bbox 1109 1911 1308 1950; x_wconf 87' lang='lat' dir='ltr'><strong>Sententia</strong></span> <span class='ocrx_word' id='word_1_217' title='bbox 1324 1913 1432 1951; x_wconf 90' lang='lat' dir='ltr'><strong>simi·</strong></span> 
     </span>
     <span class='ocr_line' id='line_1_37' title="bbox 378 1969 1431 2022; baseline 0.001 -14"><span class='ocrx_word' id='word_1_218' title='bbox 378 1971 427 2010; x_wconf 91' lang='lat' dir='ltr'>lis</span> <span class='ocrx_word' id='word_1_219' title='bbox 442 1979 499 2010; x_wconf 89' lang='lat' dir='ltr'>est</span> <span class='ocrx_word' id='word_1_220' title='bbox 514 1971 551 2009; x_wconf 92' lang='lat' dir='ltr'>ei</span> <span class='ocrx_word' id='word_1_221' title='bbox 566 1983 653 2022; x_wconf 80' lang='lat' dir='ltr'>quae</span> <span class='ocrx_word' id='word_1_222' title='bbox 662 1970 806 2020; x_wconf 87' lang='lat' dir='ltr'><strong>legitur</strong></span> <span class='ocrx_word' id='word_1_223' title='bbox 821 1970 924 2021; x_wconf 90' lang='lat' dir='ltr'><strong>apud</strong></span> <span class='ocrx_word' id='word_1_224' title='bbox 937 1969 1095 2008; x_wconf 85' lang='lat' dir='ltr'><strong>Sextum</strong></span> <span class='ocrx_word' id='word_1_225' title='bbox 1106 1969 1347 2022; x_wconf 83' lang='lat' dir='ltr'><strong>Empiricum</strong></span> <span class='ocrx_word' id='word_1_226' title='bbox 1365 1971 1431 2018; x_wconf 89' lang='lat' dir='ltr'>IX,</span> 
     </span>
    </p>
   </div>
   <div class='ocr_carea' id='block_1_7' title="bbox 323 2027 1407 2083">
    <p class='ocr_par' dir='ltr' id='par_1_9' title="bbox 323 2027 1407 2083">
     <span class='ocr_line' id='line_1_38' title="bbox 323 2027 1407 2083; baseline 0.002 -16"><span class='ocrx_word' id='word_1_227' title='bbox 323 2081 326 2083; x_wconf 69' lang='lat'><strong>.</strong></span> <span class='ocrx_word' id='word_1_228' title='bbox 383 2030 455 2068; x_wconf 81' lang='lat'>128</span> <span class='ocrx_word' id='word_1_229' title='bbox 472 2043 481 2068; x_wconf 71' lang='grc' dir='ltr'>ε</span> <span class='ocrx_word' id='word_1_230' title='bbox 497 2029 757 2083; x_wconf 81' lang='lat' dir='ltr'><strong>(Pythagorei)</strong></span> <span class='ocrx_word' id='word_1_231' title='bbox 777 2028 918 2068; x_wconf 73' lang='grc' dir='ltr'>ἀσεὸεῒν</span> <span class='ocrx_word' id='word_1_232' title='bbox 935 2027 1089 2082; x_wconf 75' lang='grc' dir='ltr'>ἔφασκον</span> <span class='ocrx_word' id='word_1_233' title='bbox 1111 2030 1189 2074; x_wconf 81' lang='grc' dir='ltr'>τοὺς</span> <span class='ocrx_word' id='word_1_234' title='bbox 1206 2030 1407 2083; x_wconf 81' lang='grc' dir='ltr'>ἀνθρώπους</span> 
     </span>
    </p>
   </div>
   <div class='ocr_carea' id='block_1_8' title="bbox 484 2122 1361 2178">
    <p class='ocr_par' dir='ltr' id='par_1_10' title="bbox 484 2122 1361 2178">
     <span class='ocr_line' id='line_1_39' title="bbox 484 2122 1361 2178; baseline -0.001 -14"><span class='ocrx_word' id='word_1_235' title='bbox 484 2123 611 2175; x_wconf 84' lang='grc' dir='ltr'>Βωμὸν</span> <span class='ocrx_word' id='word_1_236' title='bbox 630 2123 829 2177; x_wconf 78' lang='grc' dir='ltr'>ἐρεύθοντας</span> <span class='ocrx_word' id='word_1_237' title='bbox 848 2122 1017 2176; x_wconf 81' lang='grc' dir='ltr'>μακάρων</span> <span class='ocrx_word' id='word_1_238' title='bbox 1039 2124 1197 2177; x_wconf 84' lang='grc' dir='ltr'>θερμοῖσι</span> <span class='ocrx_word' id='word_1_239' title='bbox 1216 2123 1361 2178; x_wconf 82' lang='grc' dir='ltr'>φόνοισι.</span> 
     </span>
    </p>
   </div>
   <div class='ocr_carea' id='block_1_9' title="bbox 379 2216 1445 3507">
    <p class='ocr_par' dir='ltr' id='par_1_11' title="bbox 379 2216 1437 2684">
     <span class='ocr_line' id='line_1_40' title="bbox 434 2216 1435 2270; baseline 0.001 -13"><span class='ocrx_word' id='word_1_240' title='bbox 434 2217 498 2257; x_wconf 92' lang='lat' dir='ltr'>Vs.</span> <span class='ocrx_word' id='word_1_241' title='bbox 523 2218 598 2262; x_wconf 85' lang='grc'>425</span> <span class='ocrx_word' id='word_1_242' title='bbox 620 2230 703 2270; x_wconf 86' lang='lat' dir='ltr'><strong>seq.</strong></span> <span class='ocrx_word' id='word_1_243' title='bbox 734 2217 825 2257; x_wconf 84' lang='grc' dir='ltr'>ἀλλὰ</span> <span class='ocrx_word' id='word_1_244' title='bbox 845 2216 1073 2267; x_wconf 85' lang='grc' dir='ltr'>μύσος-ἠέα</span> <span class='ocrx_word' id='word_1_245' title='bbox 1096 2216 1207 2269; x_wconf 88' lang='grc' dir='ltr'>γυῖα].</span> <span class='ocrx_word' id='word_1_246' title='bbox 1234 2218 1311 2256; x_wconf 90' lang='lat' dir='ltr'>Pro</span> <span class='ocrx_word' id='word_1_247' title='bbox 1336 2217 1435 2258; x_wconf 84' lang='grc' dir='ltr'>ἔσκεν</span> 
     </span>
     <span class='ocr_line' id='line_1_41' title="bbox 379 2275 1436 2330; baseline 0.003 -16"><span class='ocrx_word' id='word_1_248' title='bbox 379 2276 550 2327; x_wconf 85' lang='lat' dir='ltr'><strong>Cyrillus</strong></span> <span class='ocrx_word' id='word_1_249' title='bbox 569 2275 1023 2330; x_wconf 80' lang='grc' dir='ltr'>ἔσχον.-ἀποῤῥαίσαντες</span> <span class='ocrx_word' id='word_1_250' title='bbox 1052 2275 1213 2326; x_wconf 83' lang='grc' dir='ltr'>ἐέδμεναι</span> <span class='ocrx_word' id='word_1_251' title='bbox 1242 2276 1436 2317; x_wconf 86' lang='lat' dir='ltr'><strong>Eusebius</strong></span> 
     </span>
     <span class='ocr_line' id='line_1_42' title="bbox 380 2335 1437 2388; baseline 0.001 -14"><span class='ocrx_word' id='word_1_252' title='bbox 380 2349 493 2387; x_wconf 90' lang='lat' dir='ltr'><strong>quem</strong></span> <span class='ocrx_word' id='word_1_253' title='bbox 530 2345 746 2387; x_wconf 88' lang='lat' dir='ltr'><strong>sequuntur</strong></span> <span class='ocrx_word' id='word_1_254' title='bbox 775 2335 994 2388; x_wconf 87' lang='lat' dir='ltr'><strong>Stephanus</strong></span> <span class='ocrx_word' id='word_1_255' title='bbox 1036 2344 1075 2374; x_wconf 88' lang='lat' dir='ltr'>et</span> <span class='ocrx_word' id='word_1_256' title='bbox 1102 2335 1299 2386; x_wconf 72' lang='lat' dir='ltr'><strong>Scaliger-3</strong></span> <span class='ocrx_word' id='word_1_257' title='bbox 1337 2338 1437 2375; x_wconf 87' lang='lat' dir='ltr'><strong>male</strong></span> 
     </span>
     <span class='ocr_line' id='line_1_43' title="bbox 383 2394 1437 2450; baseline 0.003 -18"><span class='ocrx_word' id='word_1_258' title='bbox 383 2395 603 2450; x_wconf 16' lang='lat' dir='ltr'><strong>Porphyrii*</strong></span> <span class='ocrx_word' id='word_1_259' title='bbox 630 2395 784 2434; x_wconf 85' lang='lat' dir='ltr'><strong>codices</strong></span> <span class='ocrx_word' id='word_1_260' title='bbox 813 2395 1071 2449; x_wconf 79' lang='grc' dir='ltr'>ἀποῤῥέζαντας</span> <span class='ocrx_word' id='word_1_261' title='bbox 1104 2394 1284 2446; x_wconf 83' lang='grc' dir='ltr'>ἐέλμεναι.</span> <span class='ocrx_word' id='word_1_262' title='bbox 1319 2396 1437 2435; x_wconf 91' lang='lat' dir='ltr'><strong>Deni-</strong></span> 
     </span>
     <span class='ocr_line' id='line_1_44' title="bbox 382 2453 1436 2507; baseline 0.003 -16"><span class='ocrx_word' id='word_1_263' title='bbox 382 2466 457 2504; x_wconf 89' lang='lat' dir='ltr'>que</span> <span class='ocrx_word' id='word_1_264' title='bbox 483 2453 578 2491; x_wconf 83' lang='lat' dir='ltr'><strong>libri</strong></span> <span class='ocrx_word' id='word_1_265' title='bbox 607 2467 724 2493; x_wconf 90' lang='lat' dir='ltr'><strong>manu</strong></span> <span class='ocrx_word' id='word_1_266' title='bbox 754 2456 899 2493; x_wconf 80' lang='lat' dir='ltr'><strong>exarati</strong></span> <span class='ocrx_word' id='word_1_267' title='bbox 922 2454 1067 2494; x_wconf 87' lang='lat' dir='ltr'><strong>habent</strong></span> <span class='ocrx_word' id='word_1_268' title='bbox 1100 2454 1164 2503; x_wconf 84' lang='grc' dir='ltr'>ἤϊα</span> <span class='ocrx_word' id='word_1_269' title='bbox 1189 2460 1287 2507; x_wconf 88' lang='grc' dir='ltr'>γυῖα,</span> <span class='ocrx_word' id='word_1_270' title='bbox 1321 2469 1436 2507; x_wconf 84' lang='lat' dir='ltr'><strong>quam</strong></span> 
     </span>
     <span class='ocr_line' id='line_1_45' title="bbox 383 2512 1431 2567; baseline 0.003 -17"><span class='ocrx_word' id='word_1_271' title='bbox 383 2512 612 2563; x_wconf 84' lang='lat' dir='ltr'><strong>scripturam</strong></span> <span class='ocrx_word' id='word_1_272' title='bbox 628 2512 805 2552; x_wconf 85' lang='lat' dir='ltr'><strong>Reiskius</strong></span> <span class='ocrx_word' id='word_1_273' title='bbox 821 2515 965 2552; x_wconf 89' lang='lat' dir='ltr'><strong>mutari</strong></span> <span class='ocrx_word' id='word_1_274' title='bbox 985 2513 1141 2553; x_wconf 90' lang='lat' dir='ltr'><strong>volebat</strong></span> <span class='ocrx_word' id='word_1_275' title='bbox 1163 2515 1206 2553; x_wconf 89' lang='lat' dir='ltr'>in</span> <span class='ocrx_word' id='word_1_276' title='bbox 1225 2513 1317 2561; x_wconf 87' lang='grc' dir='ltr'>ἤπια</span> <span class='ocrx_word' id='word_1_277' title='bbox 1333 2515 1431 2567; x_wconf 83' lang='grc' dir='ltr'>γυῖα.</span> 
     </span>
     <span class='ocr_line' id='line_1_46' title="bbox 384 2570 1436 2624; baseline 0.003 -15"><span class='ocrx_word' id='word_1_278' title='bbox 384 2570 543 2609; x_wconf 88' lang='lat' dir='ltr'><strong>Praestat</strong></span> <span class='ocrx_word' id='word_1_279' title='bbox 575 2580 702 2610; x_wconf 88' lang='lat' dir='ltr'><strong>tamen</strong></span> <span class='ocrx_word' id='word_1_280' title='bbox 732 2571 952 2611; x_wconf 80' lang='lat' dir='ltr'><strong>Ruhnkenii</strong></span> <span class='ocrx_word' id='word_1_281' title='bbox 989 2582 1028 2611; x_wconf 91' lang='lat' dir='ltr'>et</span> <span class='ocrx_word' id='word_1_282' title='bbox 1063 2573 1198 2624; x_wconf 87' lang='lat' dir='ltr'><strong>Vigeri</strong></span> <span class='ocrx_word' id='word_1_283' title='bbox 1233 2573 1436 2612; x_wconf 90' lang='lat' dir='ltr'><strong>inventum</strong></span> 
     </span>
     <span class='ocr_line' id='line_1_47' title="bbox 385 2629 1083 2684; baseline 0.004 -16"><span class='ocrx_word' id='word_1_284' title='bbox 385 2629 451 2677; x_wconf 84' lang='grc' dir='ltr'>ἠέα</span> <span class='ocrx_word' id='word_1_285' title='bbox 475 2635 570 2681; x_wconf 85' lang='grc' dir='ltr'>γυῖα.</span> <span class='ocrx_word' id='word_1_286' title='bbox 590 2630 805 2682; x_wconf 86' lang='lat' dir='ltr'><strong>Hesychius</strong></span> <span class='ocrx_word' id='word_1_287' title='bbox 828 2645 837 2669; x_wconf 75' lang='lat' dir='ltr'><strong>t</strong></span> <span class='ocrx_word' id='word_1_288' title='bbox 859 2631 941 2680; x_wconf 77' lang='grc' dir='ltr'>ἠέα,</span> <span class='ocrx_word' id='word_1_289' title='bbox 957 2632 1083 2684; x_wconf 81' lang='grc' dir='ltr'>ἀγαθοί.</span> 
     </span>
    </p>

    <p class='ocr_par' dir='ltr' id='par_1_12' title="bbox 389 2684 1445 3507">
     <span class='ocr_line' id='line_1_48' title="bbox 438 2684 1439 2744; baseline 0.004 -18"><span class='ocrx_word' id='word_1_290' title='bbox 438 2687 520 2727; x_wconf 87' lang='lat' dir='ltr'><strong>Vss.</strong></span> <span class='ocrx_word' id='word_1_291' title='bbox 549 2690 739 2736; x_wconf 83' lang='grc'>427-432.</span> <span class='ocrx_word' id='word_1_292' title='bbox 771 2684 813 2736; x_wconf 65' lang='grc' dir='ltr'>ἦν</span> <span class='ocrx_word' id='word_1_293' title='bbox 837 2689 873 2728; x_wconf 84' lang='grc' dir='ltr'>δέ</span> <span class='ocrx_word' id='word_1_294' title='bbox 899 2691 1205 2744; x_wconf 82' lang='grc' dir='ltr'>τις-αἷώνεσσιν]</span> <span class='ocrx_word' id='word_1_295' title='bbox 1225 2692 1318 2731; x_wconf 87' lang='lat' dir='ltr'><strong>citat</strong></span> <span class='ocrx_word' id='word_1_296' title='bbox 1334 2692 1439 2732; x_wconf 91' lang='lat' dir='ltr'><strong>Por-</strong></span> 
     </span>
     <span class='ocr_line' id='line_1_49' title="bbox 393 2746 1440 2804; baseline 0.004 -19"><span class='ocrx_word' id='word_1_297' title='bbox 393 2746 558 2798; x_wconf 89' lang='lat' dir='ltr'><strong>phyrius</strong></span> <span class='ocrx_word' id='word_1_298' title='bbox 576 2748 648 2786; x_wconf 88' lang='lat' dir='ltr'><strong>vit.</strong></span> <span class='ocrx_word' id='word_1_299' title='bbox 671 2747 834 2799; x_wconf 89' lang='lat' dir='ltr'><strong>Pythag.</strong></span> <span class='ocrx_word' id='word_1_300' title='bbox 861 2749 941 2787; x_wconf 85' lang='lat'>30:</span> <span class='ocrx_word' id='word_1_301' title='bbox 957 2750 1070 2795; x_wconf 79' lang='grc' dir='ltr'>Αὐτὸς</span> <span class='ocrx_word' id='word_1_302' title='bbox 1089 2753 1118 2801; x_wconf 84' lang='grc' dir='ltr'>(ὃ</span> <span class='ocrx_word' id='word_1_303' title='bbox 1139 2751 1361 2804; x_wconf 82' lang='grc' dir='ltr'>Πυθαγόρας)</span> <span class='ocrx_word' id='word_1_304' title='bbox 1379 2754 1440 2798; x_wconf 72' lang='grc' dir='ltr'>τῆς</span> 
     </span>
     <span class='ocr_line' id='line_1_50' title="bbox 389 2805 1441 2882; baseline 0.006 -39"><span class='ocrx_word' id='word_1_305' title='bbox 389 2809 449 2844; x_wconf 79' lang='grc' dir='ltr'>τοῦ</span> <span class='ocrx_word' id='word_1_306' title='bbox 479 2805 611 2849; x_wconf 79' lang='grc' dir='ltr'>παντὸς</span> <span class='ocrx_word' id='word_1_307' title='bbox 639 2805 807 2859; x_wconf 82' lang='grc' dir='ltr'>ἁρμονίας</span> <span class='ocrx_word' id='word_1_308' title='bbox 830 2808 996 2860; x_wconf 80' lang='grc' dir='ltr'>ἠκροᾶτο,</span> <span class='ocrx_word' id='word_1_309' title='bbox 1032 2824 1145 2854; x_wconf 89' lang='grc' dir='ltr'>συνεις</span> <span class='ocrx_word' id='word_1_310' title='bbox 1173 2813 1235 2857; x_wconf 84' lang='grc' dir='ltr'>τῆς</span> <span class='ocrx_word' id='word_1_311' title='bbox 1254 2811 1441 2882; x_wconf 76' lang='grc' dir='ltr'>καθολικῆς</span> 
     </span>
     <span class='ocr_line' id='line_1_51' title="bbox 389 2864 1440 2920; baseline 0.007 -18"><span class='ocrx_word' id='word_1_312' title='bbox 389 2866 457 2903; x_wconf 87' lang='grc' dir='ltr'>τῶν</span> <span class='ocrx_word' id='word_1_313' title='bbox 482 2866 637 2918; x_wconf 80' lang='grc' dir='ltr'>σφαιρῶν</span> <span class='ocrx_word' id='word_1_314' title='bbox 658 2864 719 2903; x_wconf 80' lang='grc' dir='ltr'>καὶ</span> <span class='ocrx_word' id='word_1_315' title='bbox 740 2868 809 2904; x_wconf 84' lang='grc' dir='ltr'>τῶν</span> <span class='ocrx_word' id='word_1_316' title='bbox 825 2865 918 2905; x_wconf 74' lang='grc' dir='ltr'>κατὰ</span> <span class='ocrx_word' id='word_1_317' title='bbox 945 2867 1074 2912; x_wconf 85' lang='grc' dir='ltr'>ταύτας</span> <span class='ocrx_word' id='word_1_318' title='bbox 1101 2869 1311 2920; x_wconf 79' lang='grc' dir='ltr'>κινουμένων</span> <span class='ocrx_word' id='word_1_319' title='bbox 1337 2867 1440 2909; x_wconf 82' lang='grc' dir='ltr'>ἀστὲ-</span> 
     </span>
     <span class='ocr_line' id='line_1_52' title="bbox 393 2923 1439 2981; baseline 0.006 -19"><span class='ocrx_word' id='word_1_320' title='bbox 393 2939 459 2976; x_wconf 89' lang='grc' dir='ltr'>ρων</span> <span class='ocrx_word' id='word_1_321' title='bbox 482 2923 692 2977; x_wconf 80' lang='grc' dir='ltr'>ἁρμονίας..</span> <span class='ocrx_word' id='word_1_322' title='bbox 683 2953 710 2964; x_wconf 92' lang='grc'>..</span> <span class='ocrx_word' id='word_1_323' title='bbox 737 2923 871 2969; x_wconf 84' lang='grc' dir='ltr'>τούτοις</span> <span class='ocrx_word' id='word_1_324' title='bbox 902 2924 963 2964; x_wconf 75' lang='grc' dir='ltr'>καὶ</span> <span class='ocrx_word' id='word_1_325' title='bbox 986 2925 1235 2977; x_wconf 81' lang='grc' dir='ltr'>Ἐμπεδοκλῆς</span> <span class='ocrx_word' id='word_1_326' title='bbox 1257 2934 1439 2981; x_wconf 87' lang='grc' dir='ltr'>μαρτυρεῖ,</span> 
     </span>
     <span class='ocr_line' id='line_1_53' title="bbox 390 2978 1442 3036; baseline 0.005 -14"><span class='ocrx_word' id='word_1_327' title='bbox 390 2982 502 3034; x_wconf 86' lang='grc' dir='ltr'>λέγων</span> <span class='ocrx_word' id='word_1_328' title='bbox 526 2982 608 3036; x_wconf 67' lang='grc' dir='ltr'>περὶ</span> <span class='ocrx_word' id='word_1_329' title='bbox 640 2986 759 3022; x_wconf 79' lang='grc' dir='ltr'>αὐτου·</span> <span class='ocrx_word' id='word_1_330' title='bbox 788 2978 830 3030; x_wconf 69' lang='grc' dir='ltr'>ἦν</span> <span class='ocrx_word' id='word_1_331' title='bbox 854 2983 891 3022; x_wconf 82' lang='grc' dir='ltr'>δέ</span> <span class='ocrx_word' id='word_1_332' title='bbox 910 2999 960 3029; x_wconf 88' lang='grc' dir='ltr'>τις</span> <span class='ocrx_word' id='word_1_333' title='bbox 981 2987 1054 3024; x_wconf 87' lang='grc' dir='ltr'>κτλ.</span> <span class='ocrx_word' id='word_1_334' title='bbox 1088 2986 1183 3025; x_wconf 87' lang='lat' dir='ltr'><strong>Item</strong></span> <span class='ocrx_word' id='word_1_335' title='bbox 1204 2987 1442 3027; x_wconf 89' lang='lat' dir='ltr'><strong>lamblichus</strong></span> 
     </span>
     <span class='ocr_line' id='line_1_54' title="bbox 391 3041 1442 3096; baseline 0.006 -17"><span class='ocrx_word' id='word_1_336' title='bbox 391 3041 468 3080; x_wconf 81' lang='lat' dir='ltr'><strong>Vit.</strong></span> <span class='ocrx_word' id='word_1_337' title='bbox 501 3042 665 3094; x_wconf 82' lang='lat' dir='ltr'><strong>Pythag.</strong></span> <span class='ocrx_word' id='word_1_338' title='bbox 691 3043 739 3091; x_wconf 88' lang='lat'>67</span> <span class='ocrx_word' id='word_1_339' title='bbox 767 3056 776 3079; x_wconf 70' lang='grc' dir='ltr'>ε</span> <span class='ocrx_word' id='word_1_340' title='bbox 798 3043 914 3081; x_wconf 76' lang='grc' dir='ltr'>Τοῦτο</span> <span class='ocrx_word' id='word_1_341' title='bbox 939 3042 1098 3095; x_wconf 80' lang='grc' dir='ltr'>φαίνεται</span> <span class='ocrx_word' id='word_1_342' title='bbox 1116 3045 1178 3084; x_wconf 76' lang='grc' dir='ltr'>καὶ</span> <span class='ocrx_word' id='word_1_343' title='bbox 1195 3045 1442 3096; x_wconf 75' lang='grc' dir='ltr'>Ἐμπεδοκλῆς</span> 
     </span>
     <span class='ocr_line' id='line_1_55' title="bbox 392 3099 1441 3155; baseline 0.006 -17"><span class='ocrx_word' id='word_1_344' title='bbox 392 3100 473 3153; x_wconf 74' lang='grc' dir='ltr'>περὶ</span> <span class='ocrx_word' id='word_1_345' title='bbox 493 3102 597 3140; x_wconf 75' lang='grc' dir='ltr'>αὐτοῦ</span> <span class='ocrx_word' id='word_1_346' title='bbox 625 3099 851 3148; x_wconf 85' lang='grc' dir='ltr'>αἰνίττεσθαι,</span> <span class='ocrx_word' id='word_1_347' title='bbox 879 3100 940 3139; x_wconf 68' lang='grc' dir='ltr'>καὶ</span> <span class='ocrx_word' id='word_1_348' title='bbox 964 3104 1029 3149; x_wconf 85' lang='grc' dir='ltr'>τῆς</span> <span class='ocrx_word' id='word_1_349' title='bbox 1048 3101 1222 3155; x_wconf 79' lang='grc' dir='ltr'>ἐξαιρέτου</span> <span class='ocrx_word' id='word_1_350' title='bbox 1238 3105 1300 3144; x_wconf 71' lang='grc' dir='ltr'>καὶ</span> <span class='ocrx_word' id='word_1_351' title='bbox 1316 3106 1441 3144; x_wconf 87' lang='grc' dir='ltr'>θεοδω-</span> 
     </span>
     <span class='ocr_line' id='line_1_56' title="bbox 394 3155 1441 3215; baseline 0.004 -18"><span class='ocrx_word' id='word_1_352' title='bbox 394 3158 498 3210; x_wconf 88' lang='grc' dir='ltr'>ρήτου</span> <span class='ocrx_word' id='word_1_353' title='bbox 518 3157 605 3210; x_wconf 75' lang='grc' dir='ltr'>ὑπὲρ</span> <span class='ocrx_word' id='word_1_354' title='bbox 620 3157 696 3202; x_wconf 71' lang='grc' dir='ltr'>τοὺς</span> <span class='ocrx_word' id='word_1_355' title='bbox 714 3158 838 3202; x_wconf 82' lang='grc' dir='ltr'>ἄλλους</span> <span class='ocrx_word' id='word_1_356' title='bbox 857 3159 1129 3212; x_wconf 83' lang='grc' dir='ltr'>διοργανώσεως,</span> <span class='ocrx_word' id='word_1_357' title='bbox 1150 3163 1183 3200; x_wconf 80' lang='grc' dir='ltr'>ἐν</span> <span class='ocrx_word' id='word_1_358' title='bbox 1201 3155 1250 3205; x_wconf 76' lang='grc' dir='ltr'>οἷς</span> <span class='ocrx_word' id='word_1_359' title='bbox 1264 3178 1381 3215; x_wconf 74' lang='grc' dir='ltr'>φησιν·</span> <span class='ocrx_word' id='word_1_360' title='bbox 1399 3158 1441 3212; x_wconf 70' lang='grc' dir='ltr'>ἦν</span> 
     </span>
     <span class='ocr_line' id='line_1_57' title="bbox 394 3215 1443 3272; baseline 0.006 -17"><span class='ocrx_word' id='word_1_361' title='bbox 394 3215 432 3255; x_wconf 84' lang='grc' dir='ltr'>δέ</span> <span class='ocrx_word' id='word_1_362' title='bbox 447 3232 499 3261; x_wconf 89' lang='grc' dir='ltr'>τις</span> <span class='ocrx_word' id='word_1_363' title='bbox 512 3218 590 3257; x_wconf 87' lang='grc' dir='ltr'>κτλ.</span> <span class='ocrx_word' id='word_1_364' title='bbox 609 3216 750 3256; x_wconf 86' lang='lat' dir='ltr'><strong>Versus</strong></span> <span class='ocrx_word' id='word_1_365' title='bbox 767 3223 841 3266; x_wconf 90' lang='grc'>427</span> <span class='ocrx_word' id='word_1_366' title='bbox 862 3226 900 3256; x_wconf 92' lang='lat' dir='ltr'>et</span> <span class='ocrx_word' id='word_1_367' title='bbox 921 3220 997 3262; x_wconf 92' lang='grc'>428</span> <span class='ocrx_word' id='word_1_368' title='bbox 1015 3218 1131 3258; x_wconf 92' lang='lat' dir='ltr'><strong>habet</strong></span> <span class='ocrx_word' id='word_1_369' title='bbox 1160 3221 1275 3259; x_wconf 82' lang='lat' dir='ltr'><strong>etiam</strong></span> <span class='ocrx_word' id='word_1_370' title='bbox 1301 3221 1443 3272; x_wconf 83' lang='lat' dir='ltr'><strong>Dioge-</strong></span> 
     </span>
     <span class='ocr_line' id='line_1_58' title="bbox 395 3275 1442 3329; baseline 0.007 -16"><span class='ocrx_word' id='word_1_371' title='bbox 395 3288 463 3315; x_wconf 91' lang='lat' dir='ltr'>nes</span> <span class='ocrx_word' id='word_1_372' title='bbox 484 3275 660 3314; x_wconf 83' lang='lat' dir='ltr'><strong>Laertius</strong></span> <span class='ocrx_word' id='word_1_373' title='bbox 675 3275 781 3323; x_wconf 89' lang='lat' dir='ltr'><strong>Vlll,</strong></span> <span class='ocrx_word' id='word_1_374' title='bbox 801 3275 866 3320; x_wconf 86' lang='grc'>54.</span> <span class='ocrx_word' id='word_1_375' title='bbox 888 3279 1032 3316; x_wconf 89' lang='lat' dir='ltr'><strong>Omnes</strong></span> <span class='ocrx_word' id='word_1_376' title='bbox 1044 3277 1276 3329; x_wconf 88' lang='lat' dir='ltr'><strong>Pythagorae</strong></span> <span class='ocrx_word' id='word_1_377' title='bbox 1292 3280 1442 3320; x_wconf 90' lang='lat' dir='ltr'><strong>laudem</strong></span> 
     </span>
     <span class='ocr_line' id='line_1_59' title="bbox 395 3334 1443 3387; baseline 0.007 -15"><span class='ocrx_word' id='word_1_378' title='bbox 395 3334 445 3373; x_wconf 91' lang='lat' dir='ltr'>iis</span> <span class='ocrx_word' id='word_1_379' title='bbox 461 3334 651 3374; x_wconf 84' lang='lat' dir='ltr'><strong>celebrari</strong></span> <span class='ocrx_word' id='word_1_380' title='bbox 668 3335 778 3373; x_wconf 83' lang='lat' dir='ltr'><strong>aiunt</strong></span> <span class='ocrx_word' id='word_1_381' title='bbox 792 3365 802 3385; x_wconf 90' lang='lat'>‚</span> <span class='ocrx_word' id='word_1_382' title='bbox 822 3335 899 3374; x_wconf 91' lang='lat' dir='ltr'><strong>nisi</strong></span> <span class='ocrx_word' id='word_1_383' title='bbox 919 3336 1024 3387; x_wconf 88' lang='lat' dir='ltr'><strong>quod</strong></span> <span class='ocrx_word' id='word_1_384' title='bbox 1037 3337 1212 3387; x_wconf 87' lang='lat' dir='ltr'><strong>Diogene</strong></span> <span class='ocrx_word' id='word_1_385' title='bbox 1235 3347 1328 3378; x_wconf 89' lang='lat' dir='ltr'><strong>teste</strong></span> <span class='ocrx_word' id='word_1_386' title='bbox 1347 3353 1443 3379; x_wconf 91' lang='lat' dir='ltr'><strong>non-</strong></span> 
     </span>
     <span class='ocr_line' id='line_1_60' title="bbox 397 3393 1445 3448; baseline 0.004 -16"><span class='ocrx_word' id='word_1_387' title='bbox 397 3394 494 3433; x_wconf 89' lang='lat' dir='ltr'><strong>nulli</strong></span> <span class='ocrx_word' id='word_1_388' title='bbox 512 3393 758 3432; x_wconf 87' lang='lat' dir='ltr'><strong>Parmenidis</strong></span> <span class='ocrx_word' id='word_1_389' title='bbox 772 3393 957 3433; x_wconf 87' lang='lat' dir='ltr'><strong>virtutem</strong></span> <span class='ocrx_word' id='word_1_390' title='bbox 974 3394 1047 3433; x_wconf 83' lang='lat' dir='ltr'>hae</span> <span class='ocrx_word' id='word_1_391' title='bbox 1068 3395 1277 3435; x_wconf 87' lang='lat' dir='ltr'><strong>verborum</strong></span> <span class='ocrx_word' id='word_1_392' title='bbox 1299 3399 1445 3448; x_wconf 87' lang='lat' dir='ltr'><strong>magni·</strong></span> 
     </span>
     <span class='ocr_line' id='line_1_61' title="bbox 399 3452 1443 3507; baseline 0.008 -18"><span class='ocrx_word' id='word_1_393' title='bbox 399 3452 550 3491; x_wconf 84' lang='lat' dir='ltr'><strong>licentia</strong></span> <span class='ocrx_word' id='word_1_394' title='bbox 592 3462 858 3503; x_wconf 82' lang='lat' dir='ltr'><strong>exaggeratam</strong></span> <span class='ocrx_word' id='word_1_395' title='bbox 893 3467 976 3493; x_wconf 89' lang='lat' dir='ltr'><strong>esse</strong></span> <span class='ocrx_word' id='word_1_396' title='bbox 1021 3464 1218 3507; x_wconf 89' lang='lat' dir='ltr'><strong>putarunt.</strong></span> <span class='ocrx_word' id='word_1_397' title='bbox 1253 3457 1443 3497; x_wconf 82' lang='lat' dir='ltr'><strong>Caeterum</strong></span> 
     </span>
    </p>
   </div>
   <div class='ocr_carea' id='block_1_10' title="bbox 1484 310 2544 364">
    <p class='ocr_par' dir='ltr' id='par_1_13' title="bbox 1484 310 2544 364">
     <span class='ocr_line' id='line_1_62' title="bbox 1484 310 2544 364; baseline 0.002 -13"><span class='ocrx_word' id='word_1_398' title='bbox 1484 312 1729 364; x_wconf 86' lang='lat' dir='ltr'><strong>Porphyrius</strong></span> <span class='ocrx_word' id='word_1_399' title='bbox 1758 320 1796 350; x_wconf 90' lang='lat' dir='ltr'>et</span> <span class='ocrx_word' id='word_1_400' title='bbox 1827 310 2065 351; x_wconf 87' lang='lat' dir='ltr'><strong>lamblichus</strong></span> <span class='ocrx_word' id='word_1_401' title='bbox 2091 325 2248 351; x_wconf 88' lang='lat' dir='ltr'><strong>sensum</strong></span> <span class='ocrx_word' id='word_1_402' title='bbox 2271 313 2430 351; x_wconf 84' lang='lat' dir='ltr'><strong>illorum</strong></span> <span class='ocrx_word' id='word_1_403' title='bbox 2456 321 2544 353; x_wconf 81' lang='lat' dir='ltr'><strong>ver·</strong></span> 
     </span>
    </p>
   </div>
   <div class='ocr_carea' id='block_1_11' title="bbox 1484 367 2612 426">
    <p class='ocr_par' dir='ltr' id='par_1_14' title="bbox 1484 367 2612 426">
     <span class='ocr_line' id='line_1_63' title="bbox 1484 367 2612 426; baseline 0.003 -16"><span class='ocrx_word' id='word_1_404' title='bbox 1484 385 1596 410; x_wconf 90' lang='lat' dir='ltr'><strong>suum</strong></span> <span class='ocrx_word' id='word_1_405' title='bbox 1616 380 1856 424; x_wconf 87' lang='lat' dir='ltr'><strong>exponentes</strong></span> <span class='ocrx_word' id='word_1_406' title='bbox 1877 371 1958 410; x_wconf 85' lang='lat' dir='ltr'><strong>haec</strong></span> <span class='ocrx_word' id='word_1_407' title='bbox 1978 371 2172 424; x_wconf 89' lang='lat' dir='ltr'><strong>adjiciunt</strong></span> <span class='ocrx_word' id='word_1_408' title='bbox 2192 386 2202 410; x_wconf 74' lang='grc' dir='ltr'>ι</span> <span class='ocrx_word' id='word_1_409' title='bbox 2225 372 2278 412; x_wconf 87' lang='grc' dir='ltr'>Τὸ</span> <span class='ocrx_word' id='word_1_410' title='bbox 2297 371 2365 426; x_wconf 82' lang='grc' dir='ltr'>γὰρ</span> <span class='ocrx_word' id='word_1_411' title='bbox 2385 372 2544 426; x_wconf 77' lang='grc' dir='ltr'>περιώ-</span> <span class='ocrx_word' id='word_1_412' title='bbox 2609 367 2612 412; x_wconf 63' lang='grc' dir='ltr'>ἶ</span> 
     </span>
    </p>
   </div>
   <div class='ocr_carea' id='block_1_12' title="bbox 1484 430 2612 1790">
    <p class='ocr_par' dir='ltr' id='par_1_15' title="bbox 1484 430 2612 1553">
     <span class='ocr_line' id='line_1_64' title="bbox 1485 430 2548 473; baseline 0.003 -4"><span class='ocrx_word' id='word_1_413' title='bbox 1485 448 1560 470; x_wconf 90' lang='grc' dir='ltr'>σια</span> <span class='ocrx_word' id='word_1_414' title='bbox 1592 431 1652 470; x_wconf 85' lang='grc' dir='ltr'>καὶ</span> <span class='ocrx_word' id='word_1_415' title='bbox 1691 433 1774 470; x_wconf 87' lang='grc' dir='ltr'>τῶν</span> <span class='ocrx_word' id='word_1_416' title='bbox 1809 430 1950 471; x_wconf 84' lang='grc' dir='ltr'>ὄντων</span> <span class='ocrx_word' id='word_1_417' title='bbox 1984 431 2262 471; x_wconf 85' lang='grc' dir='ltr'>λεύσσεσκεν</span> <span class='ocrx_word' id='word_1_418' title='bbox 2283 431 2458 472; x_wconf 78' lang='grc' dir='ltr'>ἕκαστα</span> <span class='ocrx_word' id='word_1_419' title='bbox 2485 432 2548 473; x_wconf 75' lang='grc' dir='ltr'>καὶ</span> 
     </span>
     <span class='ocr_line' id='line_1_65' title="bbox 1484 490 2548 546; baseline 0.001 -16"><span class='ocrx_word' id='word_1_420' title='bbox 1484 491 1721 543; x_wconf 85' lang='grc' dir='ltr'>πραπίδων</span> <span class='ocrx_word' id='word_1_421' title='bbox 1762 492 1954 532; x_wconf 78' lang='grc' dir='ltr'>πλοῦτον</span> <span class='ocrx_word' id='word_1_422' title='bbox 1988 491 2050 531; x_wconf 72' lang='grc' dir='ltr'>καὶ</span> <span class='ocrx_word' id='word_1_423' title='bbox 2076 490 2120 530; x_wconf 81' lang='grc' dir='ltr'>τὰ</span> <span class='ocrx_word' id='word_1_424' title='bbox 2160 490 2317 543; x_wconf 82' lang='grc' dir='ltr'>ἐοικότα,</span> <span class='ocrx_word' id='word_1_425' title='bbox 2349 491 2548 546; x_wconf 71' lang='grc' dir='ltr'>ἐμφαντικὰ</span> 
     </span>
     <span class='ocr_line' id='line_1_66' title="bbox 1486 550 2549 605; baseline 0 -14"><span class='ocrx_word' id='word_1_426' title='bbox 1486 551 1642 603; x_wconf 80' lang='grc' dir='ltr'>μάλιστα</span> <span class='ocrx_word' id='word_1_427' title='bbox 1663 554 1727 599; x_wconf 88' lang='grc' dir='ltr'>τῆς</span> <span class='ocrx_word' id='word_1_428' title='bbox 1753 550 1930 604; x_wconf 83' lang='grc' dir='ltr'>ἐξαιρέτου</span> <span class='ocrx_word' id='word_1_429' title='bbox 1965 551 2027 591; x_wconf 78' lang='grc' dir='ltr'>καὶ</span> <span class='ocrx_word' id='word_1_430' title='bbox 2055 551 2310 605; x_wconf 71' lang='grc' dir='ltr'>ἀκριὸεστέρας</span> <span class='ocrx_word' id='word_1_431' title='bbox 2340 551 2440 605; x_wconf 77' lang='grc' dir='ltr'>παρὰ</span> <span class='ocrx_word' id='word_1_432' title='bbox 2469 551 2549 598; x_wconf 75' lang='grc' dir='ltr'>τοὺς</span> 
     </span>
     <span class='ocr_line' id='line_1_67' title="bbox 1486 610 2547 667; baseline 0.001 -17"><span class='ocrx_word' id='word_1_433' title='bbox 1486 612 1611 655; x_wconf 86' lang='grc' dir='ltr'>ἄλλους</span> <span class='ocrx_word' id='word_1_434' title='bbox 1634 611 1898 663; x_wconf 84' lang='grc' dir='ltr'>διοργανώσεως</span> <span class='ocrx_word' id='word_1_435' title='bbox 1927 610 1963 650; x_wconf 82' lang='grc' dir='ltr'>ἔν</span> <span class='ocrx_word' id='word_1_436' title='bbox 1993 628 2032 651; x_wconf 86' lang='grc' dir='ltr'>τε</span> <span class='ocrx_word' id='word_1_437' title='bbox 2063 614 2113 665; x_wconf 83' lang='grc' dir='ltr'>τῷ</span> <span class='ocrx_word' id='word_1_438' title='bbox 2144 614 2228 667; x_wconf 76' lang='grc' dir='ltr'>ὁρᾷν</span> <span class='ocrx_word' id='word_1_439' title='bbox 2250 611 2382 666; x_wconf 79' lang='grc' dir='ltr'>καὶτῷ</span> <span class='ocrx_word' id='word_1_440' title='bbox 2407 612 2547 653; x_wconf 78' lang='grc' dir='ltr'>ἀκούειν</span> 
     </span>
     <span class='ocr_line' id='line_1_68' title="bbox 1486 670 2547 724; baseline 0.003 -15"><span class='ocrx_word' id='word_1_441' title='bbox 1486 670 1545 709; x_wconf 78' lang='grc' dir='ltr'>καὶ</span> <span class='ocrx_word' id='word_1_442' title='bbox 1565 673 1615 724; x_wconf 83' lang='grc' dir='ltr'>τῷ</span> <span class='ocrx_word' id='word_1_443' title='bbox 1643 670 1733 710; x_wconf 87' lang='grc' dir='ltr'>νοεῖν</span> <span class='ocrx_word' id='word_1_444' title='bbox 1758 674 1820 709; x_wconf 77' lang='grc' dir='ltr'>τοῦ</span> <span class='ocrx_word' id='word_1_445' title='bbox 1854 670 2078 724; x_wconf 84' lang='grc' dir='ltr'>Πυθαγόρου.</span> <span class='ocrx_word' id='word_1_446' title='bbox 2106 671 2222 718; x_wconf 92' lang='lat' dir='ltr'><strong>Quod</strong></span> <span class='ocrx_word' id='word_1_447' title='bbox 2244 672 2441 724; x_wconf 89' lang='lat' dir='ltr'><strong>reliquum</strong></span> <span class='ocrx_word' id='word_1_448' title='bbox 2462 681 2547 724; x_wconf 81' lang='lat' dir='ltr'><strong>est,</strong></span> 
     </span>
     <span class='ocr_line' id='line_1_69' title="bbox 1485 731 2548 784; baseline 0.003 -14"><span class='ocrx_word' id='word_1_449' title='bbox 1485 731 1671 784; x_wconf 87' lang='grc' dir='ltr'>πραπίδων</span> <span class='ocrx_word' id='word_1_450' title='bbox 1700 733 1851 771; x_wconf 80' lang='grc' dir='ltr'>πλοῦτον</span> <span class='ocrx_word' id='word_1_451' title='bbox 1887 732 2033 782; x_wconf 88' lang='lat' dir='ltr'><strong>legitur</strong></span> <span class='ocrx_word' id='word_1_452' title='bbox 2063 732 2179 771; x_wconf 90' lang='lat' dir='ltr'><strong>etiam</strong></span> <span class='ocrx_word' id='word_1_453' title='bbox 2210 745 2332 784; x_wconf 86' lang='lat' dir='ltr'><strong>supra</strong></span> <span class='ocrx_word' id='word_1_454' title='bbox 2358 745 2419 774; x_wconf 81' lang='lat' dir='ltr'><strong>vs,</strong></span> <span class='ocrx_word' id='word_1_455' title='bbox 2454 733 2548 782; x_wconf 83' lang='lat'><strong>387.</strong></span> 
     </span>
     <span class='ocr_line' id='line_1_70' title="bbox 1487 790 2551 845; baseline 0 -15"><span class='ocrx_word' id='word_1_456' title='bbox 1487 791 1696 843; x_wconf 88' lang='lat' dir='ltr'><strong>Sequentia</strong></span> <span class='ocrx_word' id='word_1_457' title='bbox 1731 791 1787 830; x_wconf 92' lang='lat' dir='ltr'>sic</span> <span class='ocrx_word' id='word_1_458' title='bbox 1824 791 2019 830; x_wconf 82' lang='lat' dir='ltr'><strong>cohaerent</strong></span> <span class='ocrx_word' id='word_1_459' title='bbox 2054 803 2063 830; x_wconf 94' lang='lat'>:</span> <span class='ocrx_word' id='word_1_460' title='bbox 2095 790 2140 829; x_wconf 83' lang='grc' dir='ltr'>τὰ</span> <span class='ocrx_word' id='word_1_461' title='bbox 2173 790 2330 841; x_wconf 83' lang='grc' dir='ltr'>μάλιστα</span> <span class='ocrx_word' id='word_1_462' title='bbox 2361 790 2551 845; x_wconf 80' lang='grc' dir='ltr'>ἐπιήρανος</span> 
     </span>
     <span class='ocr_line' id='line_1_71' title="bbox 1489 848 2552 903; baseline 0.001 -14"><span class='ocrx_word' id='word_1_463' title='bbox 1489 849 1665 890; x_wconf 85' lang='grc' dir='ltr'>παντοίων</span> <span class='ocrx_word' id='word_1_464' title='bbox 1685 852 1800 903; x_wconf 80' lang='grc' dir='ltr'>σοφῶν</span> <span class='ocrx_word' id='word_1_465' title='bbox 1822 849 1952 902; x_wconf 88' lang='grc' dir='ltr'>ἔργων,</span> <span class='ocrx_word' id='word_1_466' title='bbox 1976 859 2019 889; x_wconf 87' lang='lat' dir='ltr'>ut</span> <span class='ocrx_word' id='word_1_467' title='bbox 2038 848 2129 902; x_wconf 75' lang='grc' dir='ltr'>σοφὰ</span> <span class='ocrx_word' id='word_1_468' title='bbox 2153 848 2239 902; x_wconf 83' lang='grc' dir='ltr'>ἔργα</span> <span class='ocrx_word' id='word_1_469' title='bbox 2265 851 2344 889; x_wconf 88' lang='lat' dir='ltr'><strong>sint</strong></span> <span class='ocrx_word' id='word_1_470' title='bbox 2363 850 2552 890; x_wconf 79' lang='lat' dir='ltr'><strong>doctrinae</strong></span> 
     </span>
     <span class='ocr_line' id='line_1_72' title="bbox 1487 908 2550 961; baseline -0.001 -12"><span class='ocrx_word' id='word_1_471' title='bbox 1487 910 1630 949; x_wconf 87' lang='lat' dir='ltr'><strong>studia.</strong></span> <span class='ocrx_word' id='word_1_472' title='bbox 1665 910 1857 949; x_wconf 88' lang='lat' dir='ltr'><strong>Similiter</strong></span> <span class='ocrx_word' id='word_1_473' title='bbox 1888 910 1960 949; x_wconf 90' lang='lat' dir='ltr'><strong>Ion</strong></span> <span class='ocrx_word' id='word_1_474' title='bbox 1996 909 2101 961; x_wconf 89' lang='lat' dir='ltr'><strong>apud</strong></span> <span class='ocrx_word' id='word_1_475' title='bbox 2139 908 2368 948; x_wconf 82' lang='lat' dir='ltr'><strong>Athenaeum</strong></span> <span class='ocrx_word' id='word_1_476' title='bbox 2394 908 2466 948; x_wconf 87' lang='lat' dir='ltr'><strong>lib.</strong></span> <span class='ocrx_word' id='word_1_477' title='bbox 2499 908 2550 958; x_wconf 87' lang='grc' dir='ltr'>Χ,</span> 
     </span>
     <span class='ocr_line' id='line_1_73' title="bbox 1488 963 2566 1022; baseline 0.001 -15"><span class='ocrx_word' id='word_1_478' title='bbox 1488 968 1526 1021; x_wconf 78' lang='grc' dir='ltr'>ρ’.</span> <span class='ocrx_word' id='word_1_479' title='bbox 1543 975 1616 1018; x_wconf 91' lang='grc'>447</span> <span class='ocrx_word' id='word_1_480' title='bbox 1630 969 1671 1009; x_wconf 76' lang='lat' dir='ltr'>F.</span> <span class='ocrx_word' id='word_1_481' title='bbox 1687 971 1805 1008; x_wconf 87' lang='grc' dir='ltr'>καλῶν</span> <span class='ocrx_word' id='word_1_482' title='bbox 1824 969 1992 1022; x_wconf 83' lang='grc' dir='ltr'>ἐπιήρανε</span> <span class='ocrx_word' id='word_1_483' title='bbox 2009 968 2133 1021; x_wconf 87' lang='grc' dir='ltr'>ἔργων.</span> <span class='ocrx_word' id='word_1_484' title='bbox 2146 968 2297 1020; x_wconf 87' lang='lat' dir='ltr'><strong>Scripsi</strong></span> <span class='ocrx_word' id='word_1_485' title='bbox 2313 976 2440 1007; x_wconf 89' lang='lat' dir='ltr'><strong>autem</strong></span> <span class='ocrx_word' id='word_1_486' title='bbox 2458 963 2566 1008; x_wconf 68' lang='lat' dir='ltr'><strong>cum&#39;</strong></span> 
     </span>
     <span class='ocr_line' id='line_1_74' title="bbox 1487 1027 2554 1080; baseline 0 -13"><span class='ocrx_word' id='word_1_487' title='bbox 1487 1029 1655 1080; x_wconf 86' lang='lat' dir='ltr'><strong>Bergkio</strong></span> <span class='ocrx_word' id='word_1_488' title='bbox 1676 1029 1891 1068; x_wconf 90' lang='lat' dir='ltr'><strong>Comment.</strong></span> <span class='ocrx_word' id='word_1_489' title='bbox 1921 1029 1970 1068; x_wconf 93' lang='lat' dir='ltr'>de</span> <span class='ocrx_word' id='word_1_490' title='bbox 2003 1028 2115 1080; x_wconf 90' lang='lat' dir='ltr'><strong>Emp.</strong></span> <span class='ocrx_word' id='word_1_491' title='bbox 2147 1041 2318 1080; x_wconf 78' lang='lat' dir='ltr'><strong>procem.</strong></span> <span class='ocrx_word' id='word_1_492' title='bbox 2352 1041 2391 1080; x_wconf 89' lang='lat' dir='ltr'>p.</span> <span class='ocrx_word' id='word_1_493' title='bbox 2427 1041 2477 1067; x_wconf 89' lang='grc'>22</span> <span class='ocrx_word' id='word_1_494' title='bbox 2506 1027 2554 1067; x_wconf 77' lang='grc' dir='ltr'>τὰ</span> 
     </span>
     <span class='ocr_line' id='line_1_75' title="bbox 1488 1087 2552 1140; baseline 0 -14"><span class='ocrx_word' id='word_1_495' title='bbox 1488 1088 1646 1139; x_wconf 87' lang='grc' dir='ltr'>μάλιστα</span> <span class='ocrx_word' id='word_1_496' title='bbox 1681 1102 1802 1140; x_wconf 89' lang='lat' dir='ltr'><strong>quum</strong></span> <span class='ocrx_word' id='word_1_497' title='bbox 1834 1089 1953 1139; x_wconf 88' lang='lat' dir='ltr'><strong>vulgo</strong></span> <span class='ocrx_word' id='word_1_498' title='bbox 1984 1103 2022 1126; x_wconf 88' lang='grc' dir='ltr'>τε</span> <span class='ocrx_word' id='word_1_499' title='bbox 2053 1088 2214 1138; x_wconf 83' lang='grc' dir='ltr'>μάλιστα</span> <span class='ocrx_word' id='word_1_500' title='bbox 2235 1087 2429 1137; x_wconf 84' lang='lat' dir='ltr'><strong>legeretur</strong></span> <span class='ocrx_word' id='word_1_501' title='bbox 2446 1087 2552 1139; x_wconf 89' lang='lat' dir='ltr'><strong>quod</strong></span> 
     </span>
     <span class='ocr_line' id='line_1_76' title="bbox 1488 1145 2552 1200; baseline -0.001 -16"><span class='ocrx_word' id='word_1_502' title='bbox 1488 1147 1584 1186; x_wconf 86' lang='lat' dir='ltr'><strong>adeo</strong></span> <span class='ocrx_word' id='word_1_503' title='bbox 1598 1147 1832 1200; x_wconf 89' lang='lat' dir='ltr'><strong>displicebat</strong></span> <span class='ocrx_word' id='word_1_504' title='bbox 1850 1148 1912 1186; x_wconf 90' lang='lat' dir='ltr'>vir</span> <span class='ocrx_word' id='word_1_505' title='bbox 1915 1148 1948 1186; x_wconf 92' lang='lat' dir='ltr'>is</span> <span class='ocrx_word' id='word_1_506' title='bbox 1965 1147 2091 1186; x_wconf 90' lang='lat' dir='ltr'><strong>doctis</strong></span> <span class='ocrx_word' id='word_1_507' title='bbox 2105 1155 2148 1185; x_wconf 89' lang='lat' dir='ltr'>ut</span> <span class='ocrx_word' id='word_1_508' title='bbox 2164 1146 2393 1185; x_wconf 82' lang='lat' dir='ltr'><strong>Karstenius</strong></span> <span class='ocrx_word' id='word_1_509' title='bbox 2406 1145 2552 1186; x_wconf 82' lang='grc' dir='ltr'>πάντων</span> 
     </span>
     <span class='ocr_line' id='line_1_77' title="bbox 1487 1203 2551 1259; baseline -0.001 -16"><span class='ocrx_word' id='word_1_510' title='bbox 1487 1207 1520 1243; x_wconf 91' lang='grc' dir='ltr'>τ’</span> <span class='ocrx_word' id='word_1_511' title='bbox 1538 1208 1580 1253; x_wconf 85' lang='grc' dir='ltr'>ἠν</span> <span class='ocrx_word' id='word_1_512' title='bbox 1595 1206 1752 1257; x_wconf 83' lang='grc' dir='ltr'>μάλιστα</span> <span class='ocrx_word' id='word_1_513' title='bbox 1768 1207 1907 1259; x_wconf 87' lang='lat' dir='ltr'><strong>reponi</strong></span> <span class='ocrx_word' id='word_1_514' title='bbox 1923 1206 2056 1254; x_wconf 87' lang='lat' dir='ltr'><strong>v‚ellet</strong></span> <span class='ocrx_word' id='word_1_515' title='bbox 2077 1205 2154 1244; x_wconf 90' lang='lat' dir='ltr'><strong>nisi</strong></span> <span class='ocrx_word' id='word_1_516' title='bbox 2173 1213 2273 1243; x_wconf 89' lang='lat' dir='ltr'><strong>metr</strong></span> <span class='ocrx_word' id='word_1_517' title='bbox 2277 1218 2342 1244; x_wconf 93' lang='lat' dir='ltr'>um</span> <span class='ocrx_word' id='word_1_518' title='bbox 2363 1203 2551 1252; x_wconf 77' lang='lat' dir='ltr'><strong>obstaret,</strong></span> 
     </span>
     <span class='ocr_line' id='line_1_78' title="bbox 1488 1263 2556 1316; baseline 0 -14"><span class='ocrx_word' id='word_1_519' title='bbox 1488 1264 1661 1305; x_wconf 87' lang='lat' dir='ltr'><strong>Steinius</strong></span> <span class='ocrx_word' id='word_1_520' title='bbox 1676 1278 1798 1304; x_wconf 87' lang='lat' dir='ltr'><strong>verss.</strong></span> <span class='ocrx_word' id='word_1_521' title='bbox 1811 1267 1887 1310; x_wconf 88' lang='grc'>428</span> <span class='ocrx_word' id='word_1_522' title='bbox 1903 1274 1940 1303; x_wconf 87' lang='lat' dir='ltr'>et</span> <span class='ocrx_word' id='word_1_523' title='bbox 1957 1271 2034 1316; x_wconf 85' lang='grc'>429</span> <span class='ocrx_word' id='word_1_524' title='bbox 2049 1272 2334 1316; x_wconf 87' lang='lat' dir='ltr'><strong>transponeret.</strong></span> <span class='ocrx_word' id='word_1_525' title='bbox 2349 1263 2556 1303; x_wconf 90' lang='lat' dir='ltr'><strong>Commen-</strong></span> 
     </span>
     <span class='ocr_line' id='line_1_79' title="bbox 1489 1321 2556 1375; baseline 0 -15"><span class='ocrx_word' id='word_1_526' title='bbox 1489 1322 1604 1362; x_wconf 88' lang='lat' dir='ltr'><strong>datur</strong></span> <span class='ocrx_word' id='word_1_527' title='bbox 1616 1336 1712 1362; x_wconf 85' lang='lat' dir='ltr'><strong>vero</strong></span> <span class='ocrx_word' id='word_1_528' title='bbox 1728 1322 1774 1361; x_wconf 82' lang='grc' dir='ltr'>τὰ</span> <span class='ocrx_word' id='word_1_529' title='bbox 1795 1323 1952 1371; x_wconf 85' lang='grc' dir='ltr'>μάλιστα</span> <span class='ocrx_word' id='word_1_530' title='bbox 1971 1337 2044 1375; x_wconf 87' lang='lat' dir='ltr'>pro</span> <span class='ocrx_word' id='word_1_531' title='bbox 2061 1322 2232 1374; x_wconf 87' lang='lat' dir='ltr'><strong>simplici</strong></span> <span class='ocrx_word' id='word_1_532' title='bbox 2254 1321 2425 1370; x_wconf 86' lang='grc' dir='ltr'>μάλιστα,</span> <span class='ocrx_word' id='word_1_533' title='bbox 2442 1334 2492 1361; x_wconf 92' lang='lat' dir='ltr'>ne</span> <span class='ocrx_word' id='word_1_534' title='bbox 2507 1321 2556 1360; x_wconf 88' lang='lat' dir='ltr'>de</span> 
     </span>
     <span class='ocr_line' id='line_1_80' title="bbox 1490 1380 2612 1433; baseline 0.002 -15"><span class='ocrx_word' id='word_1_535' title='bbox 1490 1393 1616 1431; x_wconf 80' lang='lat' dir='ltr'><strong>prosae</strong></span> <span class='ocrx_word' id='word_1_536' title='bbox 1636 1381 1897 1433; x_wconf 88' lang='lat' dir='ltr'><strong>scriptoribus</strong></span> <span class='ocrx_word' id='word_1_537' title='bbox 1927 1381 2072 1428; x_wconf 88' lang='lat' dir='ltr'><strong>dicam,</strong></span> <span class='ocrx_word' id='word_1_538' title='bbox 2091 1380 2208 1420; x_wconf 90' lang='lat' dir='ltr'><strong>simul</strong></span> <span class='ocrx_word' id='word_1_539' title='bbox 2237 1380 2411 1432; x_wconf 88' lang='lat' dir='ltr'><strong>AEschyli</strong></span> <span class='ocrx_word' id='word_1_540' title='bbox 2428 1388 2556 1420; x_wconf 88' lang='lat' dir='ltr'><strong>aucto·</strong></span> <span class='ocrx_word' id='word_1_541' title='bbox 2608 1418 2612 1425; x_wconf 83' lang='lat'><strong><em>‚</em></strong></span> 
     </span>
     <span class='ocr_line' id='line_1_81' title="bbox 1490 1440 2555 1493; baseline 0.003 -16"><span class='ocrx_word' id='word_1_542' title='bbox 1490 1440 1604 1479; x_wconf 84' lang='lat' dir='ltr'><strong>ritate</strong></span> <span class='ocrx_word' id='word_1_543' title='bbox 1625 1440 1731 1493; x_wconf 87' lang='lat' dir='ltr'><strong>Sept.</strong></span> <span class='ocrx_word' id='word_1_544' title='bbox 1755 1441 1843 1481; x_wconf 89' lang='lat' dir='ltr'><strong>adv.</strong></span> <span class='ocrx_word' id='word_1_545' title='bbox 1864 1441 1991 1482; x_wconf 88' lang='lat' dir='ltr'><strong>Theb.</strong></span> <span class='ocrx_word' id='word_1_546' title='bbox 2014 1455 2075 1482; x_wconf 85' lang='lat' dir='ltr'>vs.</span> <span class='ocrx_word' id='word_1_547' title='bbox 2102 1455 2214 1490; x_wconf 88' lang='lat'><strong>1070.</strong></span> <span class='ocrx_word' id='word_1_548' title='bbox 2242 1440 2439 1479; x_wconf 76' lang='lat' dir='ltr'><strong>Praeterea</strong></span> <span class='ocrx_word' id='word_1_549' title='bbox 2458 1440 2555 1480; x_wconf 88' lang='lat' dir='ltr'><strong>Por-</strong></span> 
     </span>
     <span class='ocr_line' id='line_1_82' title="bbox 1491 1499 2454 1553; baseline 0.002 -16"><span class='ocrx_word' id='word_1_550' title='bbox 1491 1499 1656 1551; x_wconf 89' lang='lat' dir='ltr'><strong>phyrius</strong></span> <span class='ocrx_word' id='word_1_551' title='bbox 1678 1500 1837 1540; x_wconf 86' lang='lat' dir='ltr'><strong>exhibet</strong></span> <span class='ocrx_word' id='word_1_552' title='bbox 1857 1500 2018 1553; x_wconf 81' lang='grc' dir='ltr'>πάσῃσι,</span> <span class='ocrx_word' id='word_1_553' title='bbox 2034 1500 2275 1540; x_wconf 81' lang='lat' dir='ltr'><strong>lamblichus</strong></span> <span class='ocrx_word' id='word_1_554' title='bbox 2288 1499 2454 1540; x_wconf 81' lang='grc' dir='ltr'>πάσαισι.</span> 
     </span>
    </p>

    <p class='ocr_par' dir='ltr' id='par_1_16' title="bbox 1491 1554 2559 1790">
     <span class='ocr_line' id='line_1_83' title="bbox 1544 1554 2556 1614; baseline 0.002 -18"><span class='ocrx_word' id='word_1_555' title='bbox 1544 1558 1626 1598; x_wconf 90' lang='lat' dir='ltr'><strong>Vss.</strong></span> <span class='ocrx_word' id='word_1_556' title='bbox 1651 1561 1844 1605; x_wconf 77' lang='grc'>433-434.</span> <span class='ocrx_word' id='word_1_557' title='bbox 1882 1554 1972 1607; x_wconf 72' lang='grc' dir='ltr'>ἦσαν</span> <span class='ocrx_word' id='word_1_558' title='bbox 2000 1556 2257 1614; x_wconf 84' lang='grc' dir='ltr'>γὰρ-δεδήει]</span> <span class='ocrx_word' id='word_1_559' title='bbox 2284 1558 2417 1598; x_wconf 84' lang='lat' dir='ltr'><strong>laudat</strong></span> <span class='ocrx_word' id='word_1_560' title='bbox 2435 1557 2556 1598; x_wconf 89' lang='lat' dir='ltr'><strong>Scho-</strong></span> 
     </span>
     <span class='ocr_line' id='line_1_84' title="bbox 1491 1618 2555 1671; baseline 0.001 -14"><span class='ocrx_word' id='word_1_561' title='bbox 1491 1619 1621 1657; x_wconf 85' lang='lat' dir='ltr'><strong>liastes</strong></span> <span class='ocrx_word' id='word_1_562' title='bbox 1639 1619 1827 1658; x_wconf 87' lang='lat' dir='ltr'><strong>Nicandri</strong></span> <span class='ocrx_word' id='word_1_563' title='bbox 1857 1620 1906 1658; x_wconf 89' lang='lat' dir='ltr'>ad</span> <span class='ocrx_word' id='word_1_564' title='bbox 1931 1619 2051 1658; x_wconf 87' lang='lat' dir='ltr'><strong>Ther.</strong></span> <span class='ocrx_word' id='word_1_565' title='bbox 2081 1633 2142 1660; x_wconf 90' lang='lat' dir='ltr'>vs.</span> <span class='ocrx_word' id='word_1_566' title='bbox 2180 1619 2258 1665; x_wconf 81' lang='grc'>452</span> <span class='ocrx_word' id='word_1_567' title='bbox 2279 1631 2367 1671; x_wconf 86' lang='lat' dir='ltr'><strong>pag.</strong></span> <span class='ocrx_word' id='word_1_568' title='bbox 2392 1618 2466 1657; x_wconf 82' lang='lat'>186</span> <span class='ocrx_word' id='word_1_569' title='bbox 2494 1618 2555 1658; x_wconf 89' lang='lat' dir='ltr'>ed.</span> 
     </span>
     <span class='ocr_line' id='line_1_85' title="bbox 1493 1676 2559 1731; baseline 0 -15"><span class='ocrx_word' id='word_1_570' title='bbox 1493 1678 1627 1718; x_wconf 86' lang='lat' dir='ltr'><strong>Didot.</strong></span> <span class='ocrx_word' id='word_1_571' title='bbox 1648 1693 1656 1717; x_wconf 71' lang='grc' dir='ltr'>ι</span> <span class='ocrx_word' id='word_1_572' title='bbox 1677 1677 1723 1717; x_wconf 67' lang='grc' dir='ltr'>τὰ</span> <span class='ocrx_word' id='word_1_573' title='bbox 1740 1679 1844 1719; x_wconf 87' lang='grc' dir='ltr'>κτίλα</span> <span class='ocrx_word' id='word_1_574' title='bbox 1863 1679 2004 1718; x_wconf 80' lang='grc' dir='ltr'>ἐπὶτῶν</span> <span class='ocrx_word' id='word_1_575' title='bbox 2024 1678 2166 1731; x_wconf 83' lang='grc' dir='ltr'>ἡμέρων</span> <span class='ocrx_word' id='word_1_576' title='bbox 2183 1678 2244 1718; x_wconf 84' lang='grc' dir='ltr'>καὶ</span> <span class='ocrx_word' id='word_1_577' title='bbox 2264 1679 2440 1717; x_wconf 82' lang='grc' dir='ltr'>τιθασσῶν</span> <span class='ocrx_word' id='word_1_578' title='bbox 2459 1676 2559 1716; x_wconf 80' lang='grc' dir='ltr'>τίθε-</span> 
     </span>
     <span class='ocr_line' id='line_1_86' title="bbox 1492 1734 2526 1790; baseline -0.001 -15"><span class='ocrx_word' id='word_1_579' title='bbox 1492 1753 1631 1778; x_wconf 86' lang='grc' dir='ltr'>ται.....</span> <span class='ocrx_word' id='word_1_580' title='bbox 1648 1737 1900 1789; x_wconf 79' lang='grc' dir='ltr'>Ἐμπεδοκλῆς</span> <span class='ocrx_word' id='word_1_581' title='bbox 1919 1737 1979 1776; x_wconf 74' lang='grc' dir='ltr'>ἐπὶ</span> <span class='ocrx_word' id='word_1_582' title='bbox 2001 1740 2070 1777; x_wconf 84' lang='grc' dir='ltr'>τῶν</span> <span class='ocrx_word' id='word_1_583' title='bbox 2088 1735 2230 1790; x_wconf 81' lang='grc' dir='ltr'>ἡμέρων</span> <span class='ocrx_word' id='word_1_584' title='bbox 2252 1734 2314 1774; x_wconf 79' lang='grc' dir='ltr'>καὶ</span> <span class='ocrx_word' id='word_1_585' title='bbox 2333 1735 2489 1788; x_wconf 81' lang='grc' dir='ltr'>πραέων·</span> <span class='ocrx_word' id='word_1_586' title='bbox 2519 1742 2526 1751; x_wconf 87' lang='grc'><strong><em>’</em></strong></span> 
     </span>
    </p>
   </div>
   <div class='ocr_carea' id='block_1_13' title="bbox 1546 1823 2488 1941">
    <p class='ocr_par' dir='ltr' id='par_1_17' title="bbox 1546 1823 2488 1941">
     <span class='ocr_line' id='line_1_87' title="bbox 1546 1823 2488 1883; baseline -0.003 -16"><span class='ocrx_word' id='word_1_587' title='bbox 1546 1823 1636 1876; x_wconf 67' lang='grc' dir='ltr'>ἦσαν</span> <span class='ocrx_word' id='word_1_588' title='bbox 1656 1828 1725 1883; x_wconf 80' lang='grc' dir='ltr'>γὰρ</span> <span class='ocrx_word' id='word_1_589' title='bbox 1745 1827 1849 1867; x_wconf 91' lang='grc' dir='ltr'>κτίλα</span> <span class='ocrx_word' id='word_1_590' title='bbox 1868 1827 1988 1868; x_wconf 80' lang='grc' dir='ltr'>πάντα</span> <span class='ocrx_word' id='word_1_591' title='bbox 2007 1827 2068 1866; x_wconf 78' lang='grc' dir='ltr'>καὶ</span> <span class='ocrx_word' id='word_1_592' title='bbox 2088 1825 2306 1878; x_wconf 80' lang='grc' dir='ltr'>ἀνθρώποισι</span> <span class='ocrx_word' id='word_1_593' title='bbox 2325 1827 2488 1879; x_wconf 76' lang='grc' dir='ltr'>προσηνῆ</span> 
     </span>
     <span class='ocr_line' id='line_1_88' title="bbox 1548 1884 2406 1941; baseline -0.001 -15"><span class='ocrx_word' id='word_1_594' title='bbox 1548 1887 1649 1940; x_wconf 78' lang='grc' dir='ltr'>θῆρές</span> <span class='ocrx_word' id='word_1_595' title='bbox 1668 1889 1698 1926; x_wconf 92' lang='grc' dir='ltr'>τ’</span> <span class='ocrx_word' id='word_1_596' title='bbox 1721 1886 1901 1940; x_wconf 84' lang='grc' dir='ltr'>ἄνθρωποί</span> <span class='ocrx_word' id='word_1_597' title='bbox 1913 1904 1952 1927; x_wconf 89' lang='grc' dir='ltr'>τε</span> <span class='ocrx_word' id='word_1_598' title='bbox 1972 1885 2209 1941; x_wconf 74' lang='grc' dir='ltr'>φιλοφροσύνη</span> <span class='ocrx_word' id='word_1_599' title='bbox 2223 1901 2261 1924; x_wconf 89' lang='grc' dir='ltr'>τε</span> <span class='ocrx_word' id='word_1_600' title='bbox 2277 1884 2406 1932; x_wconf 88' lang='grc' dir='ltr'>δεδήει.</span> 
     </span>
    </p>
   </div>
   <div class='ocr_carea' id='block_1_14' title="bbox 1494 1969 2590 3514">
    <p class='ocr_par' dir='ltr' id='par_1_18' title="bbox 1494 1969 2562 2442">
     <span class='ocr_line' id='line_1_89' title="bbox 1494 1969 2559 2028; baseline -0.003 -13"><span class='ocrx_word' id='word_1_601' title='bbox 1494 1976 1568 2015; x_wconf 90' lang='lat' dir='ltr'>Sed</span> <span class='ocrx_word' id='word_1_602' title='bbox 1592 1975 1658 2015; x_wconf 83' lang='lat' dir='ltr'>hic</span> <span class='ocrx_word' id='word_1_603' title='bbox 1691 1977 1811 2027; x_wconf 87' lang='lat' dir='ltr'><strong>vulgo</strong></span> <span class='ocrx_word' id='word_1_604' title='bbox 1841 1977 1984 2028; x_wconf 87' lang='lat' dir='ltr'><strong>legitur</strong></span> <span class='ocrx_word' id='word_1_605' title='bbox 2014 1976 2070 2024; x_wconf 87' lang='grc' dir='ltr'>ἠδ’</span> <span class='ocrx_word' id='word_1_606' title='bbox 2101 1969 2193 2024; x_wconf 70' lang='grc' dir='ltr'>ἦσαν</span> <span class='ocrx_word' id='word_1_607' title='bbox 2212 1974 2318 2015; x_wconf 85' lang='grc' dir='ltr'>κτίλα</span> <span class='ocrx_word' id='word_1_608' title='bbox 2348 1973 2467 2012; x_wconf 83' lang='grc' dir='ltr'>πάντα</span> <span class='ocrx_word' id='word_1_609' title='bbox 2499 1973 2559 2013; x_wconf 84' lang='grc' dir='ltr'>καὶ</span> 
     </span>
     <span class='ocr_line' id='line_1_90' title="bbox 1496 2033 2559 2090; baseline -0.002 -16"><span class='ocrx_word' id='word_1_610' title='bbox 1496 2036 1689 2089; x_wconf 85' lang='grc' dir='ltr'>ἀνθρώποις</span> <span class='ocrx_word' id='word_1_611' title='bbox 1717 2039 1878 2089; x_wconf 76' lang='grc' dir='ltr'>προσηνῆ</span> <span class='ocrx_word' id='word_1_612' title='bbox 1899 2035 2006 2090; x_wconf 76' lang='grc' dir='ltr'>φῆρές</span> <span class='ocrx_word' id='word_1_613' title='bbox 2025 2036 2069 2076; x_wconf 90' lang='grc' dir='ltr'>τ’.</span> <span class='ocrx_word' id='word_1_614' title='bbox 2089 2035 2136 2074; x_wconf 89' lang='lat' dir='ltr'><strong>ln</strong></span> <span class='ocrx_word' id='word_1_615' title='bbox 2160 2035 2284 2074; x_wconf 88' lang='lat' dir='ltr'><strong>altero</strong></span> <span class='ocrx_word' id='word_1_616' title='bbox 2310 2047 2429 2073; x_wconf 80' lang='lat' dir='ltr'><strong>versu</strong></span> <span class='ocrx_word' id='word_1_617' title='bbox 2448 2033 2559 2072; x_wconf 86' lang='lat' dir='ltr'><strong>Stur-</strong></span> 
     </span>
     <span class='ocr_line' id='line_1_91' title="bbox 1495 2093 2558 2149; baseline -0.002 -15"><span class='ocrx_word' id='word_1_618' title='bbox 1495 2097 1579 2134; x_wconf 84' lang='lat' dir='ltr'><strong>zius</strong></span> <span class='ocrx_word' id='word_1_619' title='bbox 1611 2109 1686 2148; x_wconf 89' lang='lat' dir='ltr'>pro</span> <span class='ocrx_word' id='word_1_620' title='bbox 1718 2095 1899 2149; x_wconf 86' lang='grc' dir='ltr'>ἄνθρωποι</span> <span class='ocrx_word' id='word_1_621' title='bbox 1933 2104 2037 2134; x_wconf 90' lang='lat' dir='ltr'><strong>recte</strong></span> <span class='ocrx_word' id='word_1_622' title='bbox 2064 2094 2268 2134; x_wconf 88' lang='lat' dir='ltr'><strong>substituit</strong></span> <span class='ocrx_word' id='word_1_623' title='bbox 2294 2093 2424 2134; x_wconf 83' lang='grc' dir='ltr'>οἰωνοί.</span> <span class='ocrx_word' id='word_1_624' title='bbox 2451 2093 2558 2132; x_wconf 90' lang='lat' dir='ltr'><strong>ldem</strong></span> 
     </span>
     <span class='ocr_line' id='line_1_92' title="bbox 1497 2152 2560 2207; baseline 0 -15"><span class='ocrx_word' id='word_1_625' title='bbox 1497 2155 1597 2193; x_wconf 90' lang='lat' dir='ltr'><strong>male</strong></span> <span class='ocrx_word' id='word_1_626' title='bbox 1621 2154 1857 2207; x_wconf 72' lang='grc' dir='ltr'>φιλοφροσύνη</span> <span class='ocrx_word' id='word_1_627' title='bbox 1890 2154 1933 2191; x_wconf 89' lang='lat' dir='ltr'>in</span> <span class='ocrx_word' id='word_1_628' title='bbox 1958 2152 2196 2206; x_wconf 78' lang='grc' dir='ltr'>φιλοφροσύνῃ</span> <span class='ocrx_word' id='word_1_629' title='bbox 2229 2154 2437 2192; x_wconf 85' lang='lat' dir='ltr'><strong>convertit.</strong></span> <span class='ocrx_word' id='word_1_630' title='bbox 2469 2153 2560 2192; x_wconf 82' lang='lat' dir='ltr'>Haec</span> 
     </span>
     <span class='ocr_line' id='line_1_93' title="bbox 1497 2205 2559 2266; baseline 0.001 -15"><span class='ocrx_word' id='word_1_631' title='bbox 1497 2228 1653 2266; x_wconf 89' lang='lat' dir='ltr'><strong>quoque</strong></span> <span class='ocrx_word' id='word_1_632' title='bbox 1673 2227 1759 2253; x_wconf 88' lang='lat' dir='ltr'>cum</span> <span class='ocrx_word' id='word_1_633' title='bbox 1784 2211 2040 2265; x_wconf 73' lang='lat' dir='ltr'><strong>sequentibus</strong></span> <span class='ocrx_word' id='word_1_634' title='bbox 2057 2213 2106 2251; x_wconf 90' lang='lat' dir='ltr'>ad</span> <span class='ocrx_word' id='word_1_635' title='bbox 2132 2205 2290 2252; x_wconf 87' lang='lat' dir='ltr'><strong>auream</strong></span> <span class='ocrx_word' id='word_1_636' title='bbox 2313 2221 2464 2252; x_wconf 88' lang='lat' dir='ltr'><strong>aetatem</strong></span> <span class='ocrx_word' id='word_1_637' title='bbox 2494 2213 2559 2252; x_wconf 86' lang='lat' dir='ltr'>eui</span> 
     </span>
     <span class='ocr_line' id='line_1_94' title="bbox 1497 2272 2560 2311; baseline -0.001 0"><span class='ocrx_word' id='word_1_638' title='bbox 1497 2286 1567 2311; x_wconf 86' lang='lat' dir='ltr'>ver</span> <span class='ocrx_word' id='word_1_639' title='bbox 1597 2281 1784 2311; x_wconf 82' lang='lat' dir='ltr'><strong>aeternum</strong></span> <span class='ocrx_word' id='word_1_640' title='bbox 1817 2280 1855 2310; x_wconf 91' lang='lat' dir='ltr'>et</span> <span class='ocrx_word' id='word_1_641' title='bbox 1887 2272 2146 2310; x_wconf 88' lang='lat' dir='ltr'><strong>animantium</strong></span> <span class='ocrx_word' id='word_1_642' title='bbox 2171 2272 2348 2310; x_wconf 90' lang='lat' dir='ltr'><strong>omnium</strong></span> <span class='ocrx_word' id='word_1_643' title='bbox 2383 2279 2560 2310; x_wconf 91' lang='lat' dir='ltr'><strong>mutuum</strong></span> 
     </span>
     <span class='ocr_line' id='line_1_95' title="bbox 1499 2330 2562 2383; baseline -0.001 -13"><span class='ocrx_word' id='word_1_644' title='bbox 1499 2333 1601 2370; x_wconf 78' lang='lat' dir='ltr'><strong>intei</strong></span> <span class='ocrx_word' id='word_1_645' title='bbox 1621 2345 1662 2371; x_wconf 88' lang='lat' dir='ltr'>se</span> <span class='ocrx_word' id='word_1_646' title='bbox 1685 2344 1857 2371; x_wconf 91' lang='lat' dir='ltr'><strong>amorem</strong></span> <span class='ocrx_word' id='word_1_647' title='bbox 1894 2330 2038 2370; x_wconf 90' lang='lat' dir='ltr'><strong>tribuit</strong></span> <span class='ocrx_word' id='word_1_648' title='bbox 2067 2331 2324 2383; x_wconf 89' lang='lat' dir='ltr'><strong>Empedocles</strong></span> <span class='ocrx_word' id='word_1_649' title='bbox 2363 2330 2562 2383; x_wconf 85' lang='lat' dir='ltr'><strong>pertinere</strong></span> 
     </span>
     <span class='ocr_line' id='line_1_96' title="bbox 1498 2392 1838 2442; baseline -0.003 -13"><span class='ocrx_word' id='word_1_650' title='bbox 1498 2392 1540 2429; x_wconf 88' lang='lat' dir='ltr'>in</span> <span class='ocrx_word' id='word_1_651' title='bbox 1563 2399 1749 2442; x_wconf 88' lang='lat' dir='ltr'><strong>promptu</strong></span> <span class='ocrx_word' id='word_1_652' title='bbox 1765 2399 1838 2430; x_wconf 87' lang='lat' dir='ltr'><strong>est.</strong></span> 
     </span>
    </p>

    <p class='ocr_par' dir='ltr' id='par_1_19' title="bbox 1499 2422 2590 3514">
     <span class='ocr_line' id='line_1_97' title="bbox 1553 2422 2590 2502; baseline 0.001 -15"><span class='ocrx_word' id='word_1_653' title='bbox 1553 2451 1635 2490; x_wconf 91' lang='lat' dir='ltr'><strong>Vss.</strong></span> <span class='ocrx_word' id='word_1_654' title='bbox 1660 2451 1753 2496; x_wconf 77' lang='lat'>435-</span> <span class='ocrx_word' id='word_1_655' title='bbox 1761 2452 1851 2497; x_wconf 79' lang='lat'><strong>436.</strong></span> <span class='ocrx_word' id='word_1_656' title='bbox 1869 2448 2256 2502; x_wconf 75' lang='grc' dir='ltr'>δένδρεα-ἐνιαυτόν]</span> <span class='ocrx_word' id='word_1_657' title='bbox 2265 2422 2561 2501; x_wconf 69' lang='lat' dir='ltr'><strong>Theophrastus</strong></span> <span class='ocrx_word' id='word_1_658' title='bbox 2580 2485 2590 2494; x_wconf 85' lang='grc'>,</span> 
     </span>
     <span class='ocr_line' id='line_1_98' title="bbox 1499 2506 2562 2562; baseline -0.004 -12"><span class='ocrx_word' id='word_1_659' title='bbox 1499 2511 1548 2550; x_wconf 89' lang='lat' dir='ltr'>de</span> <span class='ocrx_word' id='word_1_660' title='bbox 1568 2510 1683 2550; x_wconf 90' lang='lat' dir='ltr'><strong>Caus.</strong></span> <span class='ocrx_word' id='word_1_661' title='bbox 1701 2510 1822 2562; x_wconf 89' lang='lat' dir='ltr'><strong>plant.</strong></span> <span class='ocrx_word' id='word_1_662' title='bbox 1838 2510 1871 2558; x_wconf 94' lang='lat' dir='ltr'>l,</span> <span class='ocrx_word' id='word_1_663' title='bbox 1898 2511 1943 2548; x_wconf 87' lang='lat'>13</span> <span class='ocrx_word' id='word_1_664' title='bbox 1961 2510 2071 2561; x_wconf 73' lang='grc'>(14)</span> <span class='ocrx_word' id='word_1_665' title='bbox 2090 2510 2135 2549; x_wconf 82' lang='grc' dir='ltr'>Εἰ</span> <span class='ocrx_word' id='word_1_666' title='bbox 2155 2507 2264 2547; x_wconf 79' lang='grc' dir='ltr'>δὲκαὶ</span> <span class='ocrx_word' id='word_1_667' title='bbox 2287 2509 2474 2562; x_wconf 79' lang='grc' dir='ltr'>συνεχῶςὸ</span> <span class='ocrx_word' id='word_1_668' title='bbox 2491 2506 2562 2561; x_wconf 78' lang='grc' dir='ltr'>ἀὴρ</span> 
     </span>
     <span class='ocr_line' id='line_1_99' title="bbox 1500 2565 2561 2621; baseline -0.002 -13"><span class='ocrx_word' id='word_1_669' title='bbox 1500 2568 1708 2616; x_wconf 88' lang='grc' dir='ltr'>ἀκολουθοίη</span> <span class='ocrx_word' id='word_1_670' title='bbox 1728 2569 1864 2613; x_wconf 87' lang='grc' dir='ltr'>τούτοις</span> <span class='ocrx_word' id='word_1_671' title='bbox 1886 2570 1973 2620; x_wconf 85' lang='grc' dir='ltr'>(τοῖς</span> <span class='ocrx_word' id='word_1_672' title='bbox 1992 2567 2206 2621; x_wconf 83' lang='grc' dir='ltr'>δένδροις),”</span> <span class='ocrx_word' id='word_1_673' title='bbox 2193 2583 2276 2612; x_wconf 88' lang='grc' dir='ltr'>ισως</span> <span class='ocrx_word' id='word_1_674' title='bbox 2298 2568 2377 2607; x_wconf 85' lang='grc' dir='ltr'>ουδὲ</span> <span class='ocrx_word' id='word_1_675' title='bbox 2397 2565 2444 2606; x_wconf 72' lang='grc' dir='ltr'>τὰ</span> <span class='ocrx_word' id='word_1_676' title='bbox 2461 2568 2561 2621; x_wconf 77' lang='grc' dir='ltr'>παρὰ</span> 
     </span>
     <span class='ocr_line' id='line_1_100' title="bbox 1499 2624 2562 2680; baseline -0.003 -12"><span class='ocrx_word' id='word_1_677' title='bbox 1499 2633 1569 2669; x_wconf 85' lang='grc' dir='ltr'>τῶν</span> <span class='ocrx_word' id='word_1_678' title='bbox 1588 2630 1744 2676; x_wconf 83' lang='grc' dir='ltr'>ποιητῶν</span> <span class='ocrx_word' id='word_1_679' title='bbox 1763 2629 1938 2680; x_wconf 86' lang='grc' dir='ltr'>λεγόμενα</span> <span class='ocrx_word' id='word_1_680' title='bbox 1966 2627 2094 2673; x_wconf 83' lang='grc' dir='ltr'>δόξειεν</span> <span class='ocrx_word' id='word_1_681' title='bbox 2123 2626 2165 2666; x_wconf 81' lang='grc' dir='ltr'>ἂν</span> <span class='ocrx_word' id='word_1_682' title='bbox 2196 2626 2334 2680; x_wconf 84' lang='grc' dir='ltr'>ἀλόγως</span> <span class='ocrx_word' id='word_1_683' title='bbox 2353 2626 2465 2679; x_wconf 80' lang='grc' dir='ltr'>ἔχειν,</span> <span class='ocrx_word' id='word_1_684' title='bbox 2483 2624 2562 2665; x_wconf 77' lang='grc' dir='ltr'>οῦδὲ</span> 
     </span>
     <span class='ocr_line' id='line_1_101' title="bbox 1500 2684 2564 2741; baseline -0.004 -13"><span class='ocrx_word' id='word_1_685' title='bbox 1500 2693 1546 2733; x_wconf 83' lang='grc' dir='ltr'>ὡς</span> <span class='ocrx_word' id='word_1_686' title='bbox 1558 2689 1806 2739; x_wconf 84' lang='grc' dir='ltr'>Ἐμπεδοκλῆς</span> <span class='ocrx_word' id='word_1_687' title='bbox 1823 2686 1996 2741; x_wconf 80' lang='grc' dir='ltr'>ἀείφυλλα</span> <span class='ocrx_word' id='word_1_688' title='bbox 2020 2687 2082 2726; x_wconf 80' lang='grc' dir='ltr'>καὶ</span> <span class='ocrx_word' id='word_1_689' title='bbox 2103 2685 2360 2739; x_wconf 78' lang='grc' dir='ltr'>ἔμπεδόκαρπᾶ</span> <span class='ocrx_word' id='word_1_690' title='bbox 2377 2700 2464 2739; x_wconf 83' lang='grc' dir='ltr'>φησι</span> <span class='ocrx_word' id='word_1_691' title='bbox 2483 2684 2564 2725; x_wconf 79' lang='grc' dir='ltr'>θάλ·</span> 
     </span>
     <span class='ocr_line' id='line_1_102' title="bbox 1499 2743 2564 2801; baseline -0.006 -13"><span class='ocrx_word' id='word_1_692' title='bbox 1499 2751 1571 2788; x_wconf 88' lang='grc' dir='ltr'>λειν</span> <span class='ocrx_word' id='word_1_693' title='bbox 1586 2750 1732 2800; x_wconf 86' lang='grc' dir='ltr'>καρπῶν</span> <span class='ocrx_word' id='word_1_694' title='bbox 1754 2746 1940 2801; x_wconf 83' lang='grc' dir='ltr'>ἀφθονίῃσι</span> <span class='ocrx_word' id='word_1_695' title='bbox 1960 2748 2039 2786; x_wconf 91' lang='grc' dir='ltr'>κατ’</span> <span class='ocrx_word' id='word_1_696' title='bbox 2056 2746 2145 2799; x_wconf 83' lang='grc' dir='ltr'>ἠέρα</span> <span class='ocrx_word' id='word_1_697' title='bbox 2164 2744 2268 2786; x_wconf 87' lang='grc' dir='ltr'>πάντ’</span> <span class='ocrx_word' id='word_1_698' title='bbox 2287 2743 2460 2792; x_wconf 78' lang='grc' dir='ltr'>ἐνιαυτόν,</span> <span class='ocrx_word' id='word_1_699' title='bbox 2473 2745 2542 2783; x_wconf 84' lang='grc' dir='ltr'>ὑπο</span> <span class='ocrx_word' id='word_1_700' title='bbox 2555 2767 2564 2773; x_wconf 84' lang='grc'>-</span> 
     </span>
     <span class='ocr_line' id='line_1_103' title="bbox 1500 2802 2560 2860; baseline -0.005 -13"><span class='ocrx_word' id='word_1_701' title='bbox 1500 2807 1676 2859; x_wconf 83' lang='grc' dir='ltr'>τιθέμενός</span> <span class='ocrx_word' id='word_1_702' title='bbox 1704 2823 1782 2846; x_wconf 89' lang='grc' dir='ltr'>τινα</span> <span class='ocrx_word' id='word_1_703' title='bbox 1815 2810 1875 2845; x_wconf 82' lang='grc' dir='ltr'>τοῦ</span> <span class='ocrx_word' id='word_1_704' title='bbox 1900 2806 2000 2860; x_wconf 87' lang='grc' dir='ltr'>ἀέρος</span> <span class='ocrx_word' id='word_1_705' title='bbox 2022 2813 2146 2860; x_wconf 80' lang='grc' dir='ltr'>κρᾶσιν</span> <span class='ocrx_word' id='word_1_706' title='bbox 2175 2804 2240 2852; x_wconf 82' lang='grc' dir='ltr'>τὴν</span> <span class='ocrx_word' id='word_1_707' title='bbox 2278 2803 2402 2858; x_wconf 79' lang='grc' dir='ltr'>ἠρινὴν</span> <span class='ocrx_word' id='word_1_708' title='bbox 2427 2802 2560 2853; x_wconf 87' lang='grc' dir='ltr'>κοινήν,</span> 
     </span>
     <span class='ocr_line' id='line_1_104' title="bbox 1500 2863 2564 2918; baseline -0.003 -13"><span class='ocrx_word' id='word_1_709' title='bbox 1500 2868 1604 2906; x_wconf 89' lang='lat' dir='ltr'><strong>unde</strong></span> <span class='ocrx_word' id='word_1_710' title='bbox 1618 2867 1863 2905; x_wconf 82' lang='lat' dir='ltr'><strong>Hermannus</strong></span> <span class='ocrx_word' id='word_1_711' title='bbox 1876 2866 1980 2918; x_wconf 89' lang='lat' dir='ltr'><strong>apud</strong></span> <span class='ocrx_word' id='word_1_712' title='bbox 1991 2865 2189 2904; x_wconf 85' lang='lat' dir='ltr'><strong>Sturzium</strong></span> <span class='ocrx_word' id='word_1_713' title='bbox 2207 2879 2247 2917; x_wconf 94' lang='lat' dir='ltr'>p.</span> <span class='ocrx_word' id='word_1_714' title='bbox 2267 2866 2344 2910; x_wconf 87' lang='grc'>624</span> <span class='ocrx_word' id='word_1_715' title='bbox 2358 2863 2464 2902; x_wconf 89' lang='lat' dir='ltr'><strong>hunc</strong></span> <span class='ocrx_word' id='word_1_716' title='bbox 2479 2875 2564 2902; x_wconf 86' lang='lat' dir='ltr'><strong>ver-</strong></span> 
     </span>
     <span class='ocr_line' id='line_1_105' title="bbox 1502 2922 2564 2979; baseline -0.003 -14"><span class='ocrx_word' id='word_1_717' title='bbox 1502 2941 1586 2966; x_wconf 92' lang='lat' dir='ltr'>sum</span> <span class='ocrx_word' id='word_1_718' title='bbox 1610 2926 1861 2965; x_wconf 87' lang='lat' dir='ltr'><strong>concinnavit</strong></span> <span class='ocrx_word' id='word_1_719' title='bbox 1887 2940 1896 2964; x_wconf 76' lang='lat'>2</span> <span class='ocrx_word' id='word_1_720' title='bbox 1931 2925 2074 2979; x_wconf 85' lang='grc' dir='ltr'>δένδρεα</span> <span class='ocrx_word' id='word_1_721' title='bbox 2108 2926 2139 2963; x_wconf 86' lang='grc' dir='ltr'>δ’</span> <span class='ocrx_word' id='word_1_722' title='bbox 2163 2923 2346 2977; x_wconf 79' lang='grc' dir='ltr'>αἷείφυλλα</span> <span class='ocrx_word' id='word_1_723' title='bbox 2366 2922 2427 2962; x_wconf 85' lang='grc' dir='ltr'>καὶ</span> <span class='ocrx_word' id='word_1_724' title='bbox 2443 2923 2564 2972; x_wconf 73' lang='grc' dir='ltr'>ἔμπε-</span> 
     </span>
     <span class='ocr_line' id='line_1_106' title="bbox 1502 2981 2562 3039; baseline -0.004 -14"><span class='ocrx_word' id='word_1_725' title='bbox 1502 2986 1664 3039; x_wconf 87' lang='grc' dir='ltr'>δόκαρπα</span> <span class='ocrx_word' id='word_1_726' title='bbox 1694 2985 1834 3033; x_wconf 86' lang='grc' dir='ltr'>τέθηλε.</span> <span class='ocrx_word' id='word_1_727' title='bbox 1866 2985 2008 3024; x_wconf 89' lang='lat' dir='ltr'><strong>Verum</strong></span> <span class='ocrx_word' id='word_1_728' title='bbox 2044 2998 2066 3023; x_wconf 91' lang='lat' dir='ltr'>e</span> <span class='ocrx_word' id='word_1_729' title='bbox 2101 2983 2300 3023; x_wconf 86' lang='lat' dir='ltr'><strong>Plutarchi</strong></span> <span class='ocrx_word' id='word_1_730' title='bbox 2337 2983 2426 3022; x_wconf 84' lang='lat' dir='ltr'><strong>loco</strong></span> <span class='ocrx_word' id='word_1_731' title='bbox 2448 2981 2562 3035; x_wconf 79' lang='lat' dir='ltr'><strong>Sym·</strong></span> 
     </span>
     <span class='ocr_line' id='line_1_107' title="bbox 1502 3040 2564 3099; baseline -0.003 -15"><span class='ocrx_word' id='word_1_732' title='bbox 1502 3060 1586 3099; x_wconf 87' lang='lat' dir='ltr'><strong>pos.</strong></span> <span class='ocrx_word' id='word_1_733' title='bbox 1605 3046 1678 3098; x_wconf 90' lang='lat'>111,</span> <span class='ocrx_word' id='word_1_734' title='bbox 1697 3059 1718 3084; x_wconf 90' lang='grc'>2</span> <span class='ocrx_word' id='word_1_735' title='bbox 1739 3059 1828 3098; x_wconf 84' lang='lat' dir='ltr'><strong>pag.</strong></span> <span class='ocrx_word' id='word_1_736' title='bbox 1857 3047 1936 3097; x_wconf 86' lang='grc'>649</span> <span class='ocrx_word' id='word_1_737' title='bbox 1959 3060 1969 3084; x_wconf 78' lang='lat'>2</span> <span class='ocrx_word' id='word_1_738' title='bbox 1997 3044 2036 3084; x_wconf 81' lang='grc' dir='ltr'>τὸ</span> <span class='ocrx_word' id='word_1_739' title='bbox 2055 3045 2085 3084; x_wconf 92' lang='grc' dir='ltr'>δ’</span> <span class='ocrx_word' id='word_1_740' title='bbox 2103 3043 2262 3088; x_wconf 83' lang='grc' dir='ltr'>ἀειθαλὲς</span> <span class='ocrx_word' id='word_1_741' title='bbox 2288 3046 2392 3083; x_wconf 74' lang='grc' dir='ltr'>τοῦτο</span> <span class='ocrx_word' id='word_1_742' title='bbox 2410 3041 2494 3088; x_wconf 65' lang='grc' dir='ltr'>καὶ,</span> <span class='ocrx_word' id='word_1_743' title='bbox 2515 3040 2564 3087; x_wconf 81' lang='grc' dir='ltr'>ὥς</span> 
     </span>
     <span class='ocr_line' id='line_1_108' title="bbox 1503 3099 2563 3159; baseline -0.006 -14"><span class='ocrx_word' id='word_1_744' title='bbox 1503 3121 1608 3159; x_wconf 84' lang='grc' dir='ltr'>φησιν</span> <span class='ocrx_word' id='word_1_745' title='bbox 1626 3105 1893 3156; x_wconf 84' lang='grc' dir='ltr'>Ἐμπεδοκλῆς,</span> <span class='ocrx_word' id='word_1_746' title='bbox 1916 3103 2195 3158; x_wconf 82' lang='grc' dir='ltr'>ἐμπεδόφυλλον,</span> <span class='ocrx_word' id='word_1_747' title='bbox 2217 3104 2282 3142; x_wconf 82' lang='grc' dir='ltr'>οὔκ</span> <span class='ocrx_word' id='word_1_748' title='bbox 2296 3101 2372 3143; x_wconf 83' lang='grc' dir='ltr'>ἔστι</span> <span class='ocrx_word' id='word_1_749' title='bbox 2390 3099 2563 3155; x_wconf 80' lang='grc' dir='ltr'>θερμότη-</span> 
     </span>
     <span class='ocr_line' id='line_1_109' title="bbox 1503 3160 2563 3216; baseline -0.005 -13"><span class='ocrx_word' id='word_1_750' title='bbox 1503 3180 1571 3213; x_wconf 79' lang='grc' dir='ltr'>τος,</span> <span class='ocrx_word' id='word_1_751' title='bbox 1591 3164 1781 3216; x_wconf 85' lang='lat' dir='ltr'><strong>conjicias</strong></span> <span class='ocrx_word' id='word_1_752' title='bbox 1806 3164 2083 3216; x_wconf 89' lang='lat' dir='ltr'><strong>Empedoclem</strong></span> <span class='ocrx_word' id='word_1_753' title='bbox 2102 3163 2309 3216; x_wconf 87' lang='lat' dir='ltr'><strong>scripsisse</strong></span> <span class='ocrx_word' id='word_1_754' title='bbox 2332 3176 2342 3200; x_wconf 76' lang='grc' dir='ltr'>ι</span> <span class='ocrx_word' id='word_1_755' title='bbox 2363 3160 2505 3215; x_wconf 83' lang='grc' dir='ltr'>δένδρεα</span> <span class='ocrx_word' id='word_1_756' title='bbox 2532 3160 2563 3199; x_wconf 82' lang='grc' dir='ltr'>δ’</span> 
     </span>
     <span class='ocr_line' id='line_1_110' title="bbox 1507 3219 2563 3277; baseline -0.003 -15"><span class='ocrx_word' id='word_1_757' title='bbox 1507 3224 1758 3277; x_wconf 78' lang='grc' dir='ltr'>ἐμπεδόφυλλα</span> <span class='ocrx_word' id='word_1_758' title='bbox 1776 3223 1838 3262; x_wconf 85' lang='grc' dir='ltr'>καὶ</span> <span class='ocrx_word' id='word_1_759' title='bbox 1858 3222 2114 3274; x_wconf 79' lang='grc' dir='ltr'>ἐμπεδόκαρπα</span> <span class='ocrx_word' id='word_1_760' title='bbox 2133 3223 2286 3271; x_wconf 85' lang='grc' dir='ltr'>τεθήλει,</span> <span class='ocrx_word' id='word_1_761' title='bbox 2306 3221 2350 3260; x_wconf 87' lang='lat' dir='ltr'>in</span> <span class='ocrx_word' id='word_1_762' title='bbox 2373 3234 2453 3272; x_wconf 89' lang='lat' dir='ltr'>quo</span> <span class='ocrx_word' id='word_1_763' title='bbox 2469 3219 2563 3259; x_wconf 88' lang='lat' dir='ltr'><strong>ulti·</strong></span> 
     </span>
     <span class='ocr_line' id='line_1_111' title="bbox 1507 3279 2563 3331; baseline -0.004 -10"><span class='ocrx_word' id='word_1_764' title='bbox 1507 3296 1610 3321; x_wconf 72' lang='lat' dir='ltr'><strong>niam</strong></span> <span class='ocrx_word' id='word_1_765' title='bbox 1626 3296 1765 3322; x_wconf 85' lang='lat' dir='ltr'><strong>vocem</strong></span> <span class='ocrx_word' id='word_1_766' title='bbox 1780 3281 1918 3329; x_wconf 87' lang='grc' dir='ltr'>τεθήλει</span> <span class='ocrx_word' id='word_1_767' title='bbox 1939 3296 2026 3321; x_wconf 92' lang='lat' dir='ltr'>cum</span> <span class='ocrx_word' id='word_1_768' title='bbox 2040 3282 2191 3321; x_wconf 90' lang='lat' dir='ltr'><strong>Steinio</strong></span> <span class='ocrx_word' id='word_1_769' title='bbox 2206 3294 2290 3320; x_wconf 86' lang='lat' dir='ltr'><strong>esse</strong></span> <span class='ocrx_word' id='word_1_770' title='bbox 2310 3279 2437 3331; x_wconf 89' lang='lat' dir='ltr'><strong>volui,</strong></span> <span class='ocrx_word' id='word_1_771' title='bbox 2456 3288 2563 3318; x_wconf 87' lang='lat' dir='ltr'><strong>ratus</strong></span> 
     </span>
     <span class='ocr_line' id='line_1_112' title="bbox 1504 3340 2562 3394; baseline -0.002 -14"><span class='ocrx_word' id='word_1_772' title='bbox 1504 3341 1576 3382; x_wconf 89' lang='lat' dir='ltr'>hos</span> <span class='ocrx_word' id='word_1_773' title='bbox 1608 3355 1745 3382; x_wconf 87' lang='lat' dir='ltr'><strong>versus</strong></span> <span class='ocrx_word' id='word_1_774' title='bbox 1765 3356 1787 3381; x_wconf 94' lang='lat' dir='ltr'>a</span> <span class='ocrx_word' id='word_1_775' title='bbox 1806 3351 1922 3394; x_wconf 88' lang='lat' dir='ltr'><strong>poeta</strong></span> <span class='ocrx_word' id='word_1_776' title='bbox 1941 3342 1993 3380; x_wconf 91' lang='lat' dir='ltr'>iis</span> <span class='ocrx_word' id='word_1_777' title='bbox 2019 3355 2117 3393; x_wconf 90' lang='lat' dir='ltr'><strong>quos</strong></span> <span class='ocrx_word' id='word_1_778' title='bbox 2144 3355 2167 3380; x_wconf 88' lang='lat' dir='ltr'>e</span> <span class='ocrx_word' id='word_1_779' title='bbox 2193 3340 2381 3380; x_wconf 85' lang='lat' dir='ltr'><strong>Nicandri</strong></span> <span class='ocrx_word' id='word_1_780' title='bbox 2405 3351 2562 3379; x_wconf 84' lang='lat' dir='ltr'><strong>enarra·</strong></span> 
     </span>
     <span class='ocr_line' id='line_1_113' title="bbox 1506 3398 2562 3454; baseline -0.003 -14"><span class='ocrx_word' id='word_1_781' title='bbox 1506 3409 1591 3440; x_wconf 87' lang='lat' dir='ltr'><strong>tore</strong></span> <span class='ocrx_word' id='word_1_782' title='bbox 1606 3402 1752 3454; x_wconf 88' lang='lat' dir='ltr'><strong>protuli</strong></span> <span class='ocrx_word' id='word_1_783' title='bbox 1772 3414 1856 3440; x_wconf 90' lang='lat' dir='ltr'><strong>esse</strong></span> <span class='ocrx_word' id='word_1_784' title='bbox 1875 3400 2119 3452; x_wconf 86' lang='lat' dir='ltr'><strong>subjunctos.</strong></span> <span class='ocrx_word' id='word_1_785' title='bbox 2139 3401 2318 3440; x_wconf 87' lang='lat' dir='ltr'><strong>Sturzius</strong></span> <span class='ocrx_word' id='word_1_786' title='bbox 2342 3400 2471 3438; x_wconf 91' lang='lat' dir='ltr'><strong>minus</strong></span> <span class='ocrx_word' id='word_1_787' title='bbox 2484 3398 2562 3438; x_wconf 88' lang='lat' dir='ltr'><strong>ele·</strong></span> 
     </span>
     <span class='ocr_line' id='line_1_114' title="bbox 1507 3456 2562 3514; baseline -0.001 -16"><span class='ocrx_word' id='word_1_788' title='bbox 1507 3469 1642 3510; x_wconf 89' lang='lat' dir='ltr'><strong>ganter</strong></span> <span class='ocrx_word' id='word_1_789' title='bbox 1674 3461 1835 3513; x_wconf 88' lang='lat' dir='ltr'><strong>scripsit</strong></span> <span class='ocrx_word' id='word_1_790' title='bbox 1864 3475 1872 3498; x_wconf 72' lang='grc' dir='ltr'>ι</span> <span class='ocrx_word' id='word_1_791' title='bbox 1903 3460 2023 3500; x_wconf 86' lang='grc' dir='ltr'>θάλλει</span> <span class='ocrx_word' id='word_1_792' title='bbox 2048 3460 2191 3514; x_wconf 82' lang='grc' dir='ltr'>δένδρεα</span> <span class='ocrx_word' id='word_1_793' title='bbox 2227 3459 2477 3512; x_wconf 75' lang='grc' dir='ltr'>ἐμπεδόφυλλα</span> <span class='ocrx_word' id='word_1_794' title='bbox 2500 3456 2562 3498; x_wconf 76' lang='grc' dir='ltr'>καὶ</span> 
     </span>
    </p>
   </div>
  </div>
 </body>
</html>
