2612 3814
321 303 394 338 168
1287 291 1528 332 OBPlllCA.

393 388 455 427 ed.
479 389 612 438 Steph.
646 389 710 425 Vs.
749 386 793 424 13
825 385 887 430 σάς
924 387 1056 437 posuit
1087 386 1275 424 Gesnerus
1307 397 1379 434 pro

393 447 702 485 membranarum
722 447 914 496 scriptura
934 444 999 497 ἅς.)

809 522 874 561 lv.

393 598 533 645 Ἥλιος,
555 598 593 638 ὃν
611 598 778 639 Διόνυσον
798 597 983 644 ἐπίκλησιν
1004 596 1203 636 καλέουσιν.

394 652 457 703 Εἷς
472 658 573 707 Ζεύς,
596 652 644 703 εἷς
664 656 795 708 Ἀίδης,
813 650 860 700 εἷς
875 653 1022 704 ἽΙλιος,
1044 649 1092 700 εἷς
1111 654 1297 702 Διόνυσος,

396 713 444 764 εἷς
458 718 532 764 θεὸς
551 721 586 758 ἐν
601 717 790 764 πάντεσσι,
812 715 846 755 τί
863 731 916 755 σοι
933 715 1016 768 δίχα
1032 715 1131 754 ταῦτ’
1154 712 1323 766 ἀγορεύω.

451 779 683 833 (Macrobius
695 777 885 816 saturnal.
906 775 939 823 I,
956 776 1003 814 18
1021 788 1030 814 :
1050 774 1180 813 Solem
1196 775 1379 812 Liberum

397 852 475 878 esse
498 839 694 877 manifeste
708 837 934 887 pronuntiat
945 835 1121 884 Orpheus
1137 836 1213 872 hoc
1238 846 1347 871 iersu
1368 846 1377 869 ε

396 896 522 942 “miae
543 897 619 936 κτλ.
641 899 689 934 Et
703 898 734 933 is
753 896 911 945 quidem
926 908 1054 932 versus
1071 895 1297 941 absolutior,
1318 894 1381 930 ille

399 971 487 995 vero
516 957 685 1007 ejusdem
716 957 810 993 vatis
836 956 1039 1006 operosior
1069 967 1078 994 :
1104 947 1167 997 Ei<
1193 952 1282 996 Ζεύς
1300 953 1380 992 κτλ.

395 1021 508 1057 Hunc
525 1017 687 1054 laudans
708 1016 879 1053 Justinus
894 1017 1041 1064 Martyr
1061 1015 1220 1052 Cohort.
1245 1026 1288 1063 p.
1316 1013 1379 1061 78,

401 1093 415 1116 1
440 1077 548 1115 addit
562 1083 600 1114 et
617 1077 731 1113 istum
755 1089 764 1112 ι
785 1067 846 1118 Εἷς
866 1073 940 1117 θεὸς
956 1071 1054 1126 κτλ.)

397 1231 559 1286 Οὐρανὸν
581 1230 709 1285 ὁρκίζω
733 1246 771 1270 σε
783 1233 884 1280 ,θεοῦ
906 1228 1062 1282 μεγάλου
1079 1232 1186 1283 σοφοῦ
1202 1227 1319 1280 ἔργον,

396 1290 504 1340 αὐδὴν
520 1289 647 1346 ὁρκίζω
665 1306 705 1330 σε
724 1288 876 1344 πατρός,
898 1289 962 1337 τὴν
982 1287 1155 1342 φθέγξατο
1176 1290 1329 1340 πρῶτον,

398 1351 502 1401 ἡνίκα
518 1350 650 1403 κόσμον
674 1348 817 1389 ἅπαντα
838 1351 910 1394 ἑαῖς
931 1347 1120 1402 στηρίξατο
1138 1349 1294 1401 βουλαῖς.

454 1431 639 1483 (Iustinus
656 1431 803 1479 Martyr
825 1430 979 1468 Cohort.
999 1442 1039 1478 p.
1071 1428 1135 1478 78,
1159 1428 1208 1465 23
1230 1438 1239 1465 :
1266 1426 1384 1477 Οὐρα-

397 1490 455 1530 νὸν
473 1488 600 1543 ὁρκίζω
620 1489 697 1529 κτλ.
709 1487 744 1527 τί
762 1486 926 1540 βούλεται
944 1487 981 1526 τὸ
1000 1485 1113 1539 λέγειν
1130 1484 1250 1535 αὐτόν,
1265 1483 1383 1531 Αὒδῆν

399 1549 528 1604 ὁρκίζω
557 1564 598 1587 σε
614 1546 758 1601 πατρός,
787 1546 852 1595 τὴν
879 1545 1052 1601 φθέγξατο
1081 1547 1241 1597 πρῶτον;
1267 1543 1383 1591 Αὐδὴν

397 1610 550 1648 ἐνταῦθα
567 1606 627 1645 τὸν
654 1610 712 1645 τοῦ
731 1609 808 1645 θεοῦ
823 1605 987 1658 ὀνομάζει
1008 1605 1128 1656 λόγον,
1157 1604 1201 1642 δι’
1215 1598 1254 1642 οἷ
1275 1604 1379 1656 οὐρα-

396 1668 452 1713 νὸς
471 1667 532 1707 καὶ
547 1670 593 1719 γῆ
613 1665 673 1705 καὶ
687 1668 709 1713 ἡ
725 1671 824 1705 πᾶσα
838 1664 975 1715 ἐγένετο
989 1663 1112 1709 κτίσις·
1129 1666 1176 1708 ὡς
1197 1662 1382 1702 διδάσκου-

397 1742 451 1767 σιν
471 1729 568 1775 ἡμᾶς
589 1727 624 1764 αἱ
645 1725 734 1764 θεῖαι
766 1727 834 1763 τῶν
857 1723 968 1777 ἁγίων
988 1725 1124 1777 ἀνδρῶν
1153 1728 1381 1776 προφητεῖαι.

397 1779 461 1831 AY<
478 1787 512 1824 ἐν
532 1784 631 1839 μέρει
645 1784 706 1824 καὶ
723 1784 826 1830 αὐτὸς
848 1785 881 1824 ἕν
904 1783 1076 1837 Αἰγύπτῳ
1091 1783 1276 1837 προςσχὼν
1292 1783 1382 1837 ἔγνω

398 1845 452 1885 ὅτι
465 1846 516 1899 τῷ
529 1844 624 1899 λόγῳ
638 1849 698 1884 τοῦ
719 1847 796 1883 θεοῦ
813 1851 912 1883 πᾶσα
934 1843 1070 1896 ἐγένετο
1086 1843 1214 1888 κτίσις.
1239 1842 1304 1883 Διὸ
1318 1842 1380 1882 καὶ

400 1904 491 1956 μετὰ
506 1904 547 1944 τὸ
560 1907 686 1959 φῆσαι,
708 1902 825 1951 Αὐδὴν
846 1905 973 1957 ὁρκίζω
994 1919 1033 1942 σε
1052 1903 1197 1958 πατρός,
1213 1903 1256 1952 ἣν
1277 1902 1381 1957 φθέγ·

401 1965 485 2011 ξατο
503 1967 658 2019 πρῶτον,
687 1963 772 2017 παρ’
794 1963 885 2010 aot&
905 1963 1074 2003 συνάπτει
1099 1963 1226 2015 λέγων,
1253 1963 1382 2003 Ἡνίκα

398 2024 531 2076 κόσμον
550 2022 691 2063 ἅπαντα
711 2025 784 2068 ἑαῖς
805 2022 996 2076 στηρίξατο
1013 2024 1170 2076 βουλαῖς.
1201 2021 1380 2063 Ἐνταῦθα

400 2083 459 2123 τὸν
472 2082 574 2134 λόγον
590 2081 698 2130 αὐδὴν
724 2083 781 2121 διὰ
798 2081 838 2121 τὸ
854 2082 1036 2131 ποιητικὸν
1050 2082 1216 2134 ὀνομάζει
1237 2084 1379 2136 μέτρον.

398 2142 486 2184 “Oti
518 2142 553 2182 δὲ
579 2147 682 2182 τοῦτο
700 2141 809 2187 οὕτως
834 2141 930 2196 ἔχει,
959 2143 1064 2191 δῆλον
1087 2142 1157 2182 ἀπὸ
1176 2146 1237 2181 τοῦ
1267 2144 1384 2195 μικρῷ

399 2202 563 2256 πρόσθεν,
597 2204 657 2240 τοῦ
683 2200 813 2255 μέτρου
843 2205 1111 2255 συγχωροῦντος
1141 2203 1250 2255 αὐτῷ,
1281 2201 1383 2252 λόγον

401 2262 506 2302 αὐτὸν
535 2261 732 2313 ὀνομάζειν.
759 2260 858 2314 ’Έφη
887 2262 971 2315 γάρ·
1006 2263 1066 2306 Εἰς
1088 2262 1124 2301 δὲ
1156 2261 1260 2314 λόγον
1294 2265 1384 2301 θεῖον

401 2322 538 2376 βλέψας
564 2320 677 2374 τούτῳ
703 2320 928 2374 προσέδρευε.
953 2322 1065 2360 Conf.
1094 2322 1227 2371 Cyrill.
1251 2330 1388 2359 contra

403 2379 545 2420 Julian.
562 2383 580 2418 1
604 2394 645 2430 p.
670 2380 735 2420 23.
755 2381 842 2418 Hoc
867 2381 1125 2431 fragmentum
1144 2382 1278 2418 solutis
1298 2394 1388 2418 ver-

407 2441 511 2478 sibus
529 2440 642 2478 affert
663 2441 779 2477 etiam
798 2439 954 2477 Malalas
974 2440 1302 2491 Chronographiae
1315 2442 1384 2480 lib.

399 2501 435 2537 11
450 2513 541 2550 pag.
563 2513 609 2547 27
631 2500 692 2539 ed.
711 2502 851 2547 Bonn,
868 2500 934 2537 sed
952 2501 1125 2538 Hermeti
1143 2502 1388 2552 'l'rismegisto

408 2559 616 2607 adjudicat.
640 2560 701 2596 Sic
719 2568 847 2597 autem
879 2561 959 2598 ait:
994 2559 1066 2599 Καὶ
1093 2562 1207 2598 ταῦτα
1240 2559 1389 2613 εἰρηκὼς

410 2615 594 2670 (Ἔρμῆςὸ
625 2616 894 2670 Τρισμέγιστος)
921 2617 1054 2666 ηὔξατο
1082 2618 1209 2671 λέγων·
1227 2618 1385 2671 εΟρκίζω

407 2690 461 2723 σε,
483 2675 630 2728 οὐρανέ,
650 2679 726 2715 θεοῦ
746 2676 903 2729 μεγάλου
924 2677 1030 2730 σοφὸν
1062 2677 1175 2730 ἔργον,
1193 2676 1291 2722 ἵλαος
1309 2678 1385 2717 ἔσο·

407 2733 534 2786 ὁρκίζω
562 2750 616 2787 σε,
635 2735 732 2787 φωνὴ
767 2735 914 2789 πατρός,
943 2736 986 2785 ἣν
1019 2737 1207 2792 ἐφθέγξατο
1227 2736 1387 2792 πρώτην,

405 2793 512 2840 ἡνίκα
547 2793 677 2845 κόσμον
710 2795 852 2834 ἅπαντα
877 2796 1083 2851 ἐστηρίξατο
1102 2799 1228 2851 βουλῇ.
1251 2798 1386 2846 Φωνὴν

405 2853 556 2905 πατρός,
576 2853 619 2901 ἣν
639 2853 826 2907 ἐφθέγξατο
845 2855 1001 2908 πρώτην,
1018 2857 1076 2896 τὸν
1098 2861 1268 2910 μονογενῗι
1288 2857 1392 2910 λόγον

834 2987 889 3019 lv.

331 3071 385 3104 Sol
399 3080 497 3113 quem
514 3071 693 3113 Dionysum
709 3074 920 3113 cognomento
938 3074 1119 3115 perhibent.

327 3130 419 3165 Unus
435 3130 575 3173 Jupiter,
590 3140 676 3165 unus
688 3133 805 3173 Orcus,
823 3141 908 3165 unus
928 3132 994 3174 Sol,
1011 3143 1096 3167 unus
1112 3134 1285 3176 Dionysus,

327 3200 414 3225 unus
429 3190 510 3224 deus
530 3190 613 3224 inter
630 3200 756 3234 omnes,
773 3200 831 3224 cur
849 3192 907 3225 tibi
923 3202 1070 3226 seorsum
1089 3193 1159 3227 liaec
1178 3194 1262 3227 dico.

772 3271 878 3320 ·v.

329 3348 390 3380 Per
409 3345 543 3386 coelum,
566 3345 673 3388 magni
688 3346 906 3389 sapientisque
925 3347 977 3380 dei
994 3357 1089 3390 opus,
1106 3351 1139 3382 te
1152 3348 1309 3390 obtestor,

327 3415 384 3449 per
396 3405 498 3448 patris
515 3414 629 3439 vocem
645 3406 678 3439 tc
690 3405 837 3448 obsecro,
855 3416 954 3449 quam
972 3407 1115 3450 primum
1138 3408 1255 3449 emisit,

328 3474 430 3508 quum
446 3474 507 3499 suo
528 3465 663 3499 consino
679 3466 786 3499 totum
805 3466 965 3500 mundum
983 3467 1169 3502 aedificavit.
1186 3486 1227 3492 —

330 3527 390 3558 Per
405 3528 543 3559 aeiernos
559 3524 794 3559 immortalium
811 3527 972 3568 parentes,

331 3584 435 3626 ignem
450 3586 481 3618 et
494 3594 625 3627 aquam,
644 3587 760 3618 terram
779 3585 812 3619 et
825 3584 944 3618 coelum
962 3593 999 3618 ac
1015 3586 1140 3626 lunam,

1524 383 1649 422 αὐτοῦ.
1670 385 1728 421 De
1746 396 1825 434 quo
1846 383 1936 420 loco
1959 382 2130 433 disputat
2149 381 2341 432 Bentlejm
2365 383 2407 420 in
2427 385 2509 434 epi·

1521 444 1617 480 stola
1640 443 1690 481 ad
1711 444 1773 482 Jo.
1794 444 1959 481 Minium
1973 471 1984 490 ,
2017 443 2174 494 Orpheo
2200 443 2319 481 verba
2338 443 2510 481 tribuens

1523 515 1779 552 numerosque
1799 515 1820 540 e
1837 503 1981 553 Cyrillo
2004 511 2042 541 et
2061 503 2213 540 Justino
2234 503 2472 553 restituens.)

1525 561 1598 601 Ναὶ
1618 559 1688 612 μὴν
1711 560 1896 601 ἀθανάτων
1912 560 2125 615 γεννήτορας
2141 558 2214 600 αἴέν
2231 559 2364 610 ἐόντας,

1523 622 1594 673 πῦρ
1609 620 1670 659 καὶ
1690 618 1798 672 ὕδωρ,
1822 619 1928 673 γαῖάν
1948 637 1986 660 τε
2005 621 2067 661 καὶ
2088 619 2237 676 οὐρανὸν
2251 619 2314 670 ἠδὲ
2332 619 2497 670 σελήνην·

1523 677 1641 726 ἠέλιόν
1662 693 1717 730 τε,
1737 677 1891 726 Φάνητα
1907 679 2037 732 μέγαν,
2056 679 2118 720 καὶ
2140 679 2251 720 νύκτα
2269 677 2456 731 μέλαιναν.

1583 737 1811 793 (Orphicum
1836 741 1913 777 hoc
1956 740 2232 790 jusjurandum
2265 741 2358 778 citat
2404 741 2512 779 Theo

1526 799 1742 849 Smyrnaeus
1754 797 1834 851 περὶ
1853 800 1922 837 τῶν
1938 798 2031 837 κατὰ
2044 797 2314 851 μαθηματικοὺς
2324 797 2514 853 χρησίμων

1459 902 1462 907 Ι
1523 860 1574 903 εἷς
1597 857 1660 907 τὴν
1682 861 1745 898 τοῦ
1771 857 1966 904 Πλάτωνος
1980 858 2177 912 ἀνάγνωσιν
2195 874 2234 911 p.
2262 859 2333 905 164
2359 860 2422 899 ed.
2446 861 2517 898 Pe-

1529 919 1618 971 tav.)

1947 997 2012 1037 vl.

1527 1079 1654 1118 Ταῦτα
1671 1076 1791 1135 πατὴρ
1810 1077 1936 1126 ποίησε
1953 1075 2047 1116 κατὰ
2067 1092 2173 1121 σπεος
2191 1074 2380 1130 ἠεροειδές.

1584 1163 1815 1211 (Prociusin
1835 1163 1928 1200 Plat.
1946 1163 2045 1200 Tim.
2064 1163 2101 1199 11
2119 1174 2158 1211 p.
2175 1163 2228 1213 95
2244 1163 2302 1211 D,
2320 1174 2410 1213 pag.
2437 1165 2516 1206 224
2547 1134 2554 1142 '

1529 1221 1589 1260 ed.
1611 1222 1838 1261 Schneider.
1859 1235 1868 1261 z
1891 1220 1966 1262 Καὶ
1990 1221 2071 1275 περὶ
2102 1219 2235 1260 ἐκείνου
2265 1218 2330 1272 μὲν
2361 1218 2518 1274 Ὀρφεύς

1529 1295 1637 1335 φησι·
1658 1284 1771 1319 ταῦτα
1790 1281 1884 1334 κτλ.)
2447 1285 2455 1293 “

1527 1367 1561 1405 T
1564 1363 1690 1409 οὔνεκα
1707 1364 1768 1404 σὺν
1784 1367 1834 1419 τῷ
1849 1364 1956 1404 παντὶ
1975 1363 2057 1410 Διὸς
2073 1363 2182 1404 πάλιν
2206 1363 2302 1409 ἐντὸς
2318 1362 2450 1418 ἐτύχθη

1526 1423 1662 1478 αἰθέρος
1679 1425 1814 1479 εὐρείης
1833 1424 1890 1473 ἠδ’
1900 1426 2051 1479 οὐρανοῦ
2081 1423 2214 1476 ἀγλαὸν
2237 1422 2340 1478 ὕψος,

1531 1483 1660 1524 πόντου
1678 1486 1711 1524 τ’
1730 1484 1937 1538 ἀτρυγέτου,
1964 1483 2068 1537 γαίης
2087 1486 2119 1522 τ’
2137 1482 2311 1537 ἐρικυδέος
2330 1481 2415 1536 εὔρη
2427 1512 2438 1532 ,

1475 1560 1492 1585 5
1521 1543 1676 1589 ὠκεανός
1688 1561 1727 1583 τε
1749 1544 1881 1597 μέγας,
1903 1544 1964 1584 καὶ
1979 1543 2104 1584 νείατα
2123 1543 2284 1597 τάρταρα
2299 1542 2405 1595 γαίης
2418 1571 2430 1590 ,

1530 1604 1591 1644 καὶ
1602 1603 1772 1656 ποταμοί·
1794 1604 1855 1644 καὶ
1868 1604 1995 1648 πόντος
2009 1603 2206 1657 ἀπείριτος,
2225 1602 2317 1641 ἄλλα
2335 1616 2375 1641 τε
2391 1599 2522 1640 πάντα·

1530 1664 1658 1709 πάντες
1680 1664 1709 1703 τ’
1729 1664 1898 1704 ἀθάνατοι
1913 1662 2072 1717 μάκαρες
2089 1661 2161 1703 θεοὶ
2175 1661 2238 1711 ἠδὲ
2253 1660 2390 1702 θέαιναι
2401 1690 2427 1708 ,-

1529 1723 1620 1763 ὅσσα
1639 1726 1670 1763 τ’
1691 1723 1750 1773 ἔην
1762 1726 1927 1778 γεγαῶτα
1938 1755 1948 1774 ,
1965 1723 2027 1764 καὶ
2041 1722 2188 1777 ὕστερον
2203 1721 2336 1763 ὁππόσ’
2355 1721 2518 1774 ἔμελλεν,

1532 1783 1709 1836 ἐγγένετο.
1734 1784 1847 1832 Ζηνὸς
1864 1785 1894 1823 δ’
1911 1783 1961 1823 ἐνὶ
1980 1782 2128 1837 γαστέρι
2148 1782 2261 1838 σύῤῥα
2274 1780 2439 1836 πεφύκει.
2462 1802 2465 1806 ·

1583 1845 1763 1894 (Proclus
1794 1846 1821 1882 l.
1851 1858 1884 1883 c.
1912 1858 1954 1895 p.
1988 1842 2039 1894 95
2057 1871 2067 1890 ,
2096 1842 2127 1880 E
2158 1856 2196 1894 p.
2233 1847 2310 1889 224
2327 1855 2424 1895 seq.
2455 1841 2520 1882 ed.

1527 1904 1754 1943 Schneider.
1773 1916 1782 1943 ε
1798 1901 1844 1943 ‘0
1860 1902 1924 1955 μὲν
1939 1894 1998 1942 οῦν
2012 1901 2173 1946 ,Πλάτων
2184 1903 2340 1940 τοιοῦτον
2356 1902 2517 1948 ὑποστη-

1529 1962 1680 2014 σάμενος
1697 1961 1926 2017 δημιουργόν,
1955 1962 2108 2017 ἄῤῥητον
2133 1960 2238 2002 αὐτὸν
2260 1961 2322 2001 καὶ
2342 1959 2518 2000 ἀκατονό-

1529 2038 1664 2073 μαστον
1690 2021 1823 2073 εἴασεν,
1844 2024 1891 2068 ὡς
1906 2024 1941 2062 ἐν
1965 2023 2122 2075 τάγαθοῦ
2145 2020 2255 2077 μοίρᾳ
2273 2020 2524 2075 προτεταγμέ-

1527 2096 1587 2119 νον
1616 2083 1685 2121 τῶν
1707 2080 1814 2122 ὅλων.
1845 2080 1952 2122 Ἔστι
1981 2081 2050 2134 γὰρ
2076 2082 2110 2120 ἐν
2137 2080 2236 2135 πάσῃ
2258 2079 2357 2126 τάξει
2375 2081 2464 2119 θεῶν
2484 2079 2524 2119 τὸ

1532 2141 1727 2194 ἀναλογοῦν
1756 2143 1806 2196 τῷ
1839 2140 1904 2181 ἑνί.
1947 2143 2118 2182 Τοιοῦτον
2148 2144 2232 2194 γοῦν
2265 2143 2287 2189 ἡ
2315 2141 2351 2181 ἐν
2383 2139 2524 2193 ἑκάστῳ

1531 2199 1656 2254 κόσμῳ
1675 2201 1798 2253 μονάς.
1820 2200 1866 2240 Ὁ
1888 2199 1926 2240 δέ
1952 2216 1991 2251 γε
2023 2199 2177 2254 Ὀρφεὺς
2196 2199 2258 2240 καὶ
2287 2199 2400 2252 ὄνομα
2423 2201 2522 2253 αὐτῷ

1532 2261 1789 2313 προσήνεγκεν,
1808 2259 1869 2300 ἅτε
1892 2262 2020 2300 ἐκεῖθεν
2042 2255 2263 2311 κινούμενος·
2283 2253 2312 2315 ᾧ
2333 2259 2395 2300 καὶ
2416 2260 2521 2303 αὐτὸς

1531 2321 1549 2358 ὁ
1571 2320 1725 2360 Πλάτων
1762 2321 1797 2359 ἐν
1835 2320 1952 2364 ἄλλοις
1983 2319 2240 2368 ἠκολούθησεν.
2267 2318 2311 2360 Ὁ
2336 2318 2406 2372 γὰρ
2432 2319 2523 2372 παρ’

1532 2381 1628 2433 αὐτῷ
1649 2379 1757 2428 Ζεύς,
1775 2383 1792 2419 ὁ
1807 2380 1875 2434 πρὸ
1885 2382 1954 2419 τῶν
1969 2382 2074 2433 τριῶν
2098 2380 2292 2432 Κρονιδῶν,
2307 2372 2406 2424 οὗτός
2426 2381 2521 2420 ἔστιν

1533 2442 1551 2479 ὁ
1567 2442 1637 2478 τῶν
1657 2439 1749 2479 ὅλων
1769 2438 1993 2494 δημιουργός.
2018 2438 2122 2480 Μετὰ
2143 2444 2224 2492 γοῦν
2238 2439 2304 2487 τὴν
2321 2438 2521 2479 κατάποσιν
2576 2450 2590 2457 ”

1533 2503 1594 2539 τοῦ
1610 2499 1778 2548 Φάνητος
1802 2501 1838 2539 αἱ
1859 2500 1951 2539 ἰδέαι
1978 2501 2049 2538 τῶν
2071 2498 2215 2538 πάντων
2237 2499 2272 2538 ἐν
2287 2499 2384 2552 αὐτῷ
2401 2498 2522 2551 πεφή-

1533 2575 1650 2607 νασιν,
1671 2558 1717 2604 ὥς
1738 2575 1842 2614 φησιν
1861 2562 1879 2599 ὁ
1905 2559 2082 2612 θεολόγος·
2109 2557 2259 2598 τοῦνεκα
2280 2559 2360 2599 κτλ.
2383 2580 2438 2589 -
2452 2561 2514 2599 VS.

1535 2634 1560 2671 9
1588 2620 1789 2670 legebatur
1823 2618 1960 2671 ἐγένετο
1987 2620 2029 2656 in
2056 2619 2310 2666 membranis,
2331 2618 2400 2657 sed
2417 2617 2520 2670 apud

1535 2681 1744 2718 Steuchum
1768 2680 1819 2726 ⁴de
1846 2681 2010 2729 perenni
2036 2680 2286 2729 philosophia
2323 2691 2367 2729 p.
2401 2677 2479 2723 428
2508 2692 2518 2715 ε

1533 2739 1725 2790 γίγνεσθαι.
1740 2742 1866 2779 Locus
1884 2741 2049 2790 requirit
2063 2736 2221 2791 ἐγγένετὸ
2237 2739 2344 2789 quod
2355 2737 2524 2787 conjecit
2584 2757 2589 2787 3
2607 2770 2610 2772 ,

1535 2801 1738 2838 Gesnerus.
1761 2798 2002 2837 Vocabulum
2025 2800 2066 2836 in
2079 2798 2156 2837 fine
2177 2810 2309 2836 versus
2327 2796 2520 2850 deprava·
2589 2840 2594 2842 .

1540 2866 1622 2895 tum
1644 2857 1775 2911 σύῤῥαν
1800 2858 1863 2909 (al.
1882 2856 1994 2911 σειρὰ)
2009 2866 2114 2895 recte
2130 2859 2292 2895 mutavit
2310 2857 2524 2907 Stephanus

1456 2989 1636 3031 solemque,
1651 2997 1804 3031 magnum
1817 2988 2006 3029 Plianetem,
2025 2989 2057 3021 et
2078 2990 2206 3020 noctem
2224 2989 2340 3020 atram.

1963 3050 2018 3081 vi.

1454 3110 1533 3142 Haec
1550 3117 1658 3141 rerum
1675 3116 1790 3150 parens
1802 3107 1834 3140 in
1849 3116 1948 3149 specu
1964 3107 2105 3140 obscuro
2123 3106 2210 3141 fecit.
2227 3124 2267 3131 -

1454 3168 1578 3202 Idcirco
1594 3177 1670 3202 cum
1686 3167 1839 3201 universo
1853 3176 1965 3200 rursus
1982 3167 2074 3200 Jovis
2092 3166 2222 3209 corpori
2235 3166 2343 3200 insunt

1452 3228 1583 3262 aetheris
1602 3228 1685 3261 vasti
1697 3228 1730 3261 et
1748 3227 1820 3261 coeli
1837 3226 2025 3269 splendidus
2045 3230 2169 3268 vertex,

1452 3287 1616 3329 marisque
1625 3287 1742 3321 sterilis
1754 3289 1786 3320 et
1804 3289 1899 3320 terrae
1917 3285 2078 3328 praeclarae
2094 3286 2243 3327 latitudo,

1453 3356 1653 3390 magnusque
1663 3355 1816 3388 oceanus,
1830 3348 1863 3380 et
1879 3345 1988 3379 infima
2008 3348 2104 3379 terrm
2114 3345 2196 3386 loca,
2211 3345 2367 3378 'l'artarus
2378 3371 2388 3386 ,

1453 3409 1485 3441 et
1497 3407 1602 3449 fluvii,
1619 3408 1652 3440 et
1668 3415 1755 3439 mare
1771 3406 2030 3445 interminatum,
2045 3415 2082 3439 ac
2099 3407 2216 3439 coetera
2235 3405 2343 3438 omnia
2359 3415 2370 3446 ς

1453 3475 1632 3509 omnesque
1649 3466 1858 3505 immortales,
1877 3465 1922 3498 dii
1936 3465 2021 3499 beati
2038 3465 2186 3507 deaeque,

1453 3529 1485 3559 et
1501 3535 1705 3568 quaecunque
1717 3525 1793 3559 nata
1808 3526 1898 3558 erant
1917 3525 1949 3558 et
1965 3527 2076 3568 postea
2097 3526 2184 3559 nasci
2202 3523 2365 3558 debebant
2374 3545 2388 3565 ,

1454 3585 1496 3619 ihi
1518 3587 1593 3619 nata
1616 3587 1705 3620 sunt.
1719 3585 1818 3620 ..lovis
1833 3588 1943 3619 autem
1963 3585 1995 3618 in
2018 3587 2111 3619 utero
2129 3585 2324 3618 coaluerant.
2346 3602 2388 3611 —
