2612 3814
278 251 355 282 480
976 238 1255 278 HIEROCLIS
1286 237 1699 278 COMMENTARIUS

276 324 336 363 καὶ
364 322 639 362 κατατεινόντων
669 322 715 366 εἰς
733 320 872 373 γένεσιν
897 319 938 360 τὸ
959 322 1083 367 θνητὸν
1105 322 1230 370 σῶμα,
1252 319 1320 371 πρὸ

276 384 353 422 ὁδοῦ
375 381 417 421 ἂν
448 383 581 433 γένοιτο
613 381 661 425 εἷς
692 381 934 432 κάθαρσιν.
1009 378 1072 419 Διὸ
1092 377 1153 416 καὶ
1189 379 1223 416 ἐν
1254 381 1323 421 τοῖς

276 440 500 491 συμὸολικοῑς
518 438 811 492 παραγγέλμασιν
839 437 1047 477 ἑπετάττετό
1067 452 1170 476 τινων
1189 435 1322 488 ἀπο-χή,

275 499 418 551 μείζονα
437 499 501 549 μὲν
520 498 581 538 καὶ
596 497 870 550 καθολικώτερον
889 495 1020 549 ἔχουσα
1031 496 1089 534 τὸν
1106 496 1327 548 προηγούμε-

275 574 331 597 νον
350 562 452 606 νοῦν,
469 557 647 608 ἑπομένως
670 556 705 595 δὲ
726 556 786 594 καὶ
810 560 871 595 τοῦ
893 559 1035 608 μερικοῦ
1061 555 1183 594 τούτου
1206 554 1326 606 ἀπείρ-

274 633 405 670 γουσα,
443 611 482 657 οὗ
503 616 546 655 ἂν
575 616 639 664 τὴν
675 615 817 667 μνήμην
849 614 1017 654 ἑκάστοτε
1051 617 1207 662 ποιῆται·
1223 607 1322 667 οἷον,

276 677 414 730 μήτραν
435 675 523 730 ζῴου
541 675 590 726 μὴ
610 675 748 714 ἐσθίειν.
807 675 921 714 Τοῦτο
938 673 973 712 δὲ
993 673 1120 712 οὑτωσὶ
1139 672 1325 724 λεγόμενον

276 736 350 781 ἑνός
368 752 457 781 τινος
484 735 672 789 ἀφίστησιν
693 738 789 784 ἡμᾶς
809 735 877 772 τῶν
899 732 980 785 περὶ
1013 735 1094 784 γῆν,
1113 732 1173 770 καὶ
1198 731 1323 770 τούτου

275 796 524 849 σμικροτάτου.
583 794 670 834 Ἐὰν
698 793 734 833 δὲ
756 794 803 837 εἷς
830 792 870 831 τὸ
889 791 1058 830 πολύνουν
1077 794 1138 838 τῆς
1160 791 1324 840 Πυθαγο-

276 857 374 908 ρικῆς
396 855 585 905 βαθύτητος
617 852 762 903 ἀπίδῃς,
792 850 856 898 τὴν
874 851 956 897 ὅλης
973 853 1035 897 τῆς
1055 848 1219 901 γενέσεως
1237 850 1324 887 ἀπο-

273 912 342 965 χὴν
359 913 403 951 δι’
423 911 496 955 ἑνός
510 926 596 954 τινος
613 908 899 963 παραδείγματος
917 907 1126 959 διδαχθήσῃ·
1148 907 1208 945 καὶ
1225 909 1271 950 ὡς
1288 909 1323 946 ἐν

275 972 441 1023 βρώμασι
472 973 573 1008 τοῦτο
601 970 639 1008 οὗ
665 967 945 1021 προσοισόμεθα,
969 966 1077 1010 οὕτως
1109 967 1144 1004 ἐν
1173 966 1242 1009 τοῖς
1265 970 1325 1004 τοῦ

275 1030 476 1080 αὐγοειδοῦς
488 1027 690 1079 καθαρσίοις
702 1026 743 1065 τὸ
763 1025 835 1065 ἀπὸ
853 1025 978 1065 τούτου
994 1025 1179 1077 νοούμενον
1198 1026 1325 1073 ἐπιτη-

274 1087 456 1138 δεύσομεν.
533 1085 687 1136 Ὁμοίως
717 1086 753 1125 δὲ
774 1085 835 1124 καὶ
854 1084 894 1124 τὸ
915 1084 1065 1137 καρδίαν
1100 1082 1150 1136 μὴ
1181 1084 1322 1132 ἐσθίειν,

271 1144 541 1197 προηγουμένως
558 1143 620 1195 μὲν
637 1146 684 1188 εἷς
706 1144 769 1191 τὴν
791 1147 853 1183 τοῦ
872 1146 1019 1192 θυμικοῦ
1040 1141 1258 1182 κατάστασιν
1275 1142 1324 1193 μὴ

276 1204 366 1243 ἰέναι
379 1204 486 1255 λέγει·
506 1202 585 1242 κατ’
606 1202 882 1249 ἐπακολούθησιν
899 1202 951 1249 δέ,
967 1202 1027 1240 καὶ
1047 1200 1111 1250 τὴν
1128 1200 1250 1240 τούτου
1266 1205 1324 1239 τοῦ

275 1263 402 1316 μέρους
426 1261 563 1315 ἀποχὴν
579 1264 784 1313 εἰσηγεῖται.
811 1260 916 1301 Κατὰ
937 1260 973 1299 δὲ
995 1259 1054 1299 τὸν
1082 1259 1186 1299 αὐτὸν
1205 1260 1323 1311 λόγον,

272 1323 332 1361 καὶ
350 1322 390 1360 τὸ
407 1321 624 1373 θνησιμαίων
647 1321 844 1373 ἀπέχεσθαι
874 1321 946 1360 δεῖν
966 1320 1187 1372 θεωρήσομεν
1201 1319 1241 1359 τὸ
1263 1319 1326 1371 μὲν

275 1380 354 1420 ὅλον
375 1384 439 1428 τῆς
466 1383 593 1428 θνητῆς
613 1379 748 1433 φύσεως
767 1380 949 1432 ἀπείργειν
981 1382 1090 1428 ἡμᾶς,
1122 1378 1191 1426 ἤδη
1210 1378 1245 1417 δὲ
1266 1378 1326 1418 καὶ

273 1442 336 1486 τ’ἧς
367 1442 435 1479 τῶν
469 1439 604 1478 ἀθύτων
635 1438 696 1477 καὶ
729 1438 874 1490 ἀνιέρων
906 1440 1046 1489 σαρκῶν
1078 1436 1323 1490 μεταλήψεως.

274 1497 416 1540 Δίκαιον
436 1497 505 1550 γὰρ
518 1500 586 1536 τῶν
607 1497 832 1547 συμὸολικῶν
848 1496 1083 1540 νουθετήσεων
1103 1495 1163 1534 καὶ
1186 1496 1225 1535 τὸ
1239 1511 1325 1547 προ·

274 1554 484 1607 φαινόμενον
506 1554 692 1609 φυλάττειν
705 1584 716 1604 ,
747 1555 807 1594 καὶ
825 1554 866 1593 τὸ
886 1554 970 1594 εἴσω
998 1553 1199 1605 νοούμενον.
1259 1555 1326 1595 Ἐκ

272 1613 340 1666 γὰρ
356 1617 418 1660 τῆς
434 1617 596 1666 συνεχοῦς
616 1617 676 1652 τοῦ
698 1613 906 1667 φαινομένου
920 1613 1101 1667 τηρήσεως
1120 1616 1142 1661 ἡ
1164 1616 1232 1652 τῶν
1251 1629 1326 1664 μει·

273 1673 379 1718 ζόνων
410 1674 601 1723 μελετᾶται
631 1672 858 1725 κατόρθωσις.
930 1671 1053 1716 Οὕτως
1072 1667 1130 1712 οῧν
1167 1673 1227 1711 καὶ
1265 1677 1325 1711 νῦν

273 1731 510 1782 ἀκουσόμεθα,
526 1735 572 1775 ὡς
604 1731 660 1770 διὰ
682 1731 905 1786 βραχυτάτου
922 1735 982 1770 τοῦ
1002 1731 1129 1784 λόγου,
1150 1732 1324 1782 μεγίστων

272 1789 381 1843 ἔργων
404 1790 518 1844 ἀρχὰς
536 1793 622 1839 ἡμῖν
644 1789 833 1834 ἐνδιδόντος
853 1793 912 1841 τοῦ
933 1789 1051 1835 ἔπους.
1132 1790 1190 1830 Εἴ
1212 1807 1230 1842 ρ
1243 1806 1294 1843 γο
1307 1807 1326 1829 υ

271 1848 340 1901 γάρ
362 1864 447 1903 φησι
482 1849 738 1903 βρωμάτων
755 1879 765 1898 ,
786 1848 804 1888 ὃ
836 1848 962 1888 ταυτόν
985 1850 1058 1888 ἐστι
1087 1852 1158 1902 τῷ,
1191 1849 1327 1901 ἀπέχου

273 1911 434 1961 φθαρτῶν
451 1908 640 1960 σωμάτων.
697 1907 799 1948 Ἐπεὶ
819 1907 856 1948 δὲ
877 1909 915 1947 οὗ
943 1908 1083 1948 πάντων
1102 1913 1162 1948 ν’ῠν
1190 1909 1324 1962 ἀπέχε-

269 2036 412 2084 disces;
430 2044 468 2074 et
483 2035 809 2087 quemadmodum
829 2036 957 2075 hocin
974 2036 1074 2075 cibis
1096 2050 1175 2075 non
1192 2050 1320 2075 come-

269 2095 426 2142 demus,
444 2094 561 2132 sicin
592 2094 714 2133 lucidi
745 2095 922 2146 corporis
954 2095 1254 2134 lustrationibus
1279 2096 1320 2133 id

270 2153 375 2204 quod
395 2166 439 2191 ea
459 2167 501 2192 re
531 2154 776 2204 significatur
797 2153 1109 2193 observabimus.
1131 2153 1323 2192 Similiter

270 2225 364 2250 vero
385 2221 422 2250 et
440 2212 560 2260 illud,
582 2227 704 2251 corne
723 2215 911 2259 comedas,
937 2213 1134 2265 praecipue
1164 2213 1322 2264 quidem

270 2285 361 2319 nos,
372 2285 421 2310 ne
433 2272 647 2311 iracundiae
660 2272 930 2323 indulgeamus
942 2301 952 2319 ,
968 2272 1167 2320 admonet,
1182 2272 1324 2310 deinde

271 2339 397 2368 autem
415 2339 457 2369 ut
473 2330 522 2369 ab
542 2331 615 2369 hoc
631 2331 747 2370 etiam
764 2331 940 2370 membro
959 2331 1219 2370 abstineamus
1233 2345 1326 2382 prae-

272 2390 378 2441 cipit.
398 2390 490 2428 Pari
509 2399 636 2428 autem
662 2393 811 2430 ratione
837 2390 1059 2428 videbimus
1087 2398 1125 2427 et
1152 2389 1273 2439 illud,
1299 2404 1325 2426 a

271 2451 444 2486 carnibus
471 2453 674 2487 morticinis
702 2451 980 2494 abstinendum,
1019 2461 1090 2487 nos
1122 2449 1284 2486 omnino
1304 2461 1326 2486 a

273 2508 428 2546 mortali
447 2517 585 2546 natura
604 2521 736 2547 arcere
749 2538 760 2556 ‚
778 2508 860 2559 jam
874 2521 970 2546 vero
987 2516 1024 2545 et
1038 2521 1060 2545 a
1075 2507 1326 2546 comedendis

273 2566 454 2605 carnibus
473 2568 520 2605 ad
549 2568 740 2606 sacrificia
763 2565 924 2606 minime
951 2567 1051 2619 aptis
1070 2575 1109 2605 et
1135 2566 1325 2619 profanis.

276 2625 319 2662 ln
353 2625 581 2675 symbolicis
611 2627 714 2665 enim
745 2627 950 2679 praeceptis
978 2635 1016 2664 et
1048 2626 1091 2664 id
1124 2625 1325 2664 observari

275 2692 427 2734 oportet
446 2685 551 2734 quod
568 2694 698 2736 aperte
714 2685 858 2724 dicitur
877 2694 915 2724 et
934 2685 1041 2736 quod
1058 2691 1158 2734 tecte
1177 2685 1328 2735 signifi-

276 2750 398 2780 catur.
420 2741 594 2793 Namque
614 2744 766 2782 assidua
784 2743 869 2795 ejus
887 2743 991 2795 quod
1010 2751 1171 2795 apparet
1189 2743 1327 2782 obser·

275 2803 431 2840 vatione
449 2801 498 2839 ad
526 2801 675 2852 majora
693 2803 809 2840 etiam
832 2804 906 2841 rite
935 2802 1153 2854 peragenda
1175 2816 1328 2854 praepa-

279 2873 425 2898 ramur.
455 2860 520 2898 Sic
536 2861 656 2910 igitur
672 2869 709 2899 et
734 2874 836 2899 nunc
861 2862 1124 2912 intelligemus
1144 2864 1322 2909 carmen,

279 2927 320 2956 ut
344 2918 449 2968 quod
468 2917 600 2956 verbis
623 2919 870 2970 paucissimis
890 2920 1147 2957 maximorum
1165 2932 1326 2971 operum

279 2978 475 3030 principia
494 2977 608 3016 nobis
628 2978 764 3018 tradat.
786 2979 891 3017 Dicit
908 2979 1012 3018 enim
1027 3008 1037 3026 ,
1058 2982 1201 3017 abstine
1217 2982 1324 3025 cibis,

279 3037 387 3088 quod
414 3036 516 3075 idem
552 3046 609 3075 est
629 3050 672 3074 ac
696 3038 728 3075 si
758 3037 923 3085 dicatur,
943 3051 966 3076 a
986 3038 1221 3090 corporibus
1245 3052 1329 3077 cor-

280 3095 457 3146 ruptioni
477 3095 660 3134 obnoxiis
681 3095 844 3134 abstine.
869 3097 918 3134 At
937 3111 1055 3148 quum
1075 3098 1124 3135 ab
1148 3097 1330 3136 omnibus

281 3167 385 3192 nunc
418 3153 613 3192 abstinere
646 3168 723 3192 non
755 3155 974 3207 possimus,
995 3156 1219 3207 subjungit,
1244 3171 1332 3207 quos

279 3215 460 3251 diximus.
487 3213 614 3264 Atque
644 3213 712 3252 ubi
734 3213 782 3251 de
812 3213 872 3252 his
893 3213 1038 3252 dictum
1059 3215 1110 3252 sit
1135 3215 1304 3254 ostendit
1318 3245 1329 3263 ,

281 3276 420 3308 cumin
450 3272 726 3310 lustrationibus
740 3301 750 3319 ‚
776 3282 850 3310 tum
879 3277 916 3310 in
935 3278 1166 3323 purgatione
1186 3280 1330 3323 animi,

284 3338 326 3368 ut
345 3330 522 3368 ciborum
554 3330 788 3369 abstinentia
810 3332 988 3383 corporei
1008 3332 1181 3371 vehiculi
1202 3334 1331 3385 splen-

284 3388 418 3427 dorem
441 3391 485 3427 ea
505 3398 612 3427 curet
631 3389 859 3439 diligentia,
878 3404 964 3441 quae
983 3395 1111 3428 animo
1127 3394 1334 3443 purificato

283 3456 322 3485 et
350 3447 616 3487 materialibus
652 3448 942 3500 impedimentis
974 3452 1092 3487 soluto
1113 3452 1332 3490 conveniat.

1386 323 1467 357 σθαι
1484 318 1648 369 δυνατόν,
1667 318 1790 370 ἐπάγει
1810 312 1865 358 ὧν
1889 318 2096 370 εἴπομεν.
2156 318 2228 359 Καὶ
2252 322 2332 359 ποῦ
2359 320 2439 373 περὶ

1385 377 1516 417 τούτων
1544 377 1680 429 εἴρηται
1710 377 1951 417 ὑποδείκνυσιν
1963 407 1973 426 ,
2011 379 2052 416 ἔν
2083 393 2128 417 τε
2155 393 2208 417 κα
2218 382 2237 418 θ
2249 393 2270 416 α
2285 393 2303 430 ρ
2314 379 2438 430 μοῖς,

1385 436 1425 474 ἔν
1463 451 1507 475 τε
1533 435 1660 474 λύσει
1695 437 1863 489 ψυχῆς·
1895 434 1940 475 ἵν’
1989 439 2011 484 ἡ
2038 435 2192 489 ἀποχὴ
2219 439 2306 475 τῶν
2344 451 2441 489 τρο·

1385 497 1470 548 φῶν
1516 497 1578 541 τῆς
1599 493 1776 545 διαυγείας
1812 497 1872 534 τοῦ
1906 498 2109 545 σωματικοῦ
2141 495 2323 548 ὀχήματος
2356 497 2439 535 ἐπι-

1389 553 1532 603 μέλειαν
1550 556 1694 600 ποιῆται
1722 553 1924 605 πρέπουσαν
1944 557 1988 607 τῇ
2016 570 2038 593 κ
2049 570 2072 593 α
2083 557 2102 593 θ
2115 570 2137 592 α
2150 571 2160 592 ι
2175 570 2193 607 ρ
2203 571 2221 594 ο
2231 553 2312 606 μέν
2323 572 2346 606 ῃ
2366 557 2440 608 ψυ·

1384 614 1440 663 χῇ
1461 627 1484 650 κ
1496 611 1536 650 αὶ
1566 613 1588 649 ἀ
1601 627 1627 649 π
1638 612 1741 650 ολυο
1753 610 1831 661 μέν
1842 628 1865 664 ῃ
1881 614 1951 651 τῶν
1972 615 2100 652 ὑλικῶν
2121 616 2298 666 κατοχῶν.
2318 615 2377 667 Τῇ
2400 612 2439 653 δὶ

1386 671 1531 722 τοιαύτῃ
1551 669 1772 717 ἐπιτηδεύσει
1786 668 1845 708 τὸν
1865 670 2069 723 κριτικὸν
2088 671 2256 720 ἐπέστη
2270 688 2318 712 σε
2341 673 2407 726 λογ
2420 695 2442 703 -

1385 729 1486 780 σμόν,
1495 729 1552 768 τὸν
1563 730 1752 780 δυνάμενον
1762 728 1825 776 τὴν
1836 733 1896 768 τοῦ
1906 730 2103 781 αὖγοειδοῦς
2118 730 2306 783 θεραπείαν
2316 735 2362 784 τῇ
2374 747 2439 771 κα·

1386 787 1552 840 θαρότητι
1584 790 1646 835 τῆς
1676 789 1792 840 ψυχῆς
1826 786 2011 841 σύμφωνον
2044 789 2252 829 ἀποδοῦναι.
2280 790 2344 829 Διὸ
2375 790 2438 829 καὶ

1385 851 1406 894 ἡ
1417 863 1435 885 ν
1450 849 1522 900 ίοχ
1531 863 1549 886 ο
1558 864 1574 885 ν
1589 863 1635 899 γν
1645 847 1674 885 ὠ
1684 862 1740 897 μη
1749 863 1766 884 ν
1782 847 1885 886 αὐτὸν
1897 847 2187 900 προσηγόρευσεν,
2197 851 2244 894 ὡς
2252 850 2441 902 ἐφεστάναι

1385 908 1565 959 πεφυκότα
1593 909 1635 958 τῇ
1666 909 1727 945 τοῦ
1747 904 1927 958 ὀχήματος
1947 906 2101 960 εὐταξίᾳ.
2125 908 2318 960 Γνώμην
2349 907 2437 961 με’ν,

1387 965 1439 1003 ὅτι
1459 966 1603 1016 λογικῆς
1620 966 1736 1017 ψυχῆς
1757 964 1903 1009 δύναμις
1915 957 1971 1011 ἦν·
1985 963 2167 1017 ἡνίοχον
2185 964 2244 1014 δέ,
2276 965 2330 1004 ὅτι
2352 968 2439 1019 {qm-

1385 1023 1541 1075 πτομένη
1557 1023 1868 1070 καὶγέπιστατοῦσα
1888 1025 1950 1062 τοῦ
1970 1021 2209 1074 σώματος.Τὸ
2223 1021 2259 1062 δὲ
2278 1025 2441 1076 ὁρατικὸν

1385 1082 1485 1134 ὄμμα
1498 1081 1586 1134 ὑπὲρ
1600 1082 1658 1121 τὸν
1673 1085 1722 1129 ἡν
1733 1081 1804 1133 ίοχ
1815 1098 1833 1120 ο
1843 1098 1860 1121 ν
1875 1081 2123 1123 τέτακται.·Εἶ
2134 1081 2202 1135 γὰρ
2216 1082 2276 1121 καὶ
2294 1082 2358 1134 μία
2372 1085 2444 1137 ψυ·

1383 1140 1454 1193 χή,
1471 1142 1549 1179 ἀλλ’
1565 1140 1703 1192 ὄμματι
1717 1140 1780 1192 μὲν
1794 1135 1864 1181 οἷον
1877 1144 2001 1196 θεωρεῖ
2014 1142 2053 1181 τὸ
2069 1145 2130 1189 τῆς
2141 1142 2305 1190 ἀληθείας
2312 1143 2443 1183 πεδίον·

1385 1203 1428 1253 τῇ
1449 1199 1485 1238 δὲ
1506 1200 1666 1253 ἀναλόγῳ
1685 1200 1770 1255 πρὸς
1797 1203 1902 1253 χεῖρα
1924 1201 2069 1252 δυνάμει
2098 1199 2137 1239 τὸ
2158 1201 2315 1256 συμφυὲς
2334 1204 2441 1253 σῶμα

1385 1259 1550 1312 κατέχει,
1572 1260 1632 1299 καὶ
1655 1260 1741 1311 πρὸς
1763 1260 1890 1307 ἑαυτὴν
1908 1261 2128 1314 ἐπιστρέφει,
2144 1258 2188 1298 ἵν’
2209 1261 2274 1308 ὅλη
2291 1261 2376 1312 πρὸς
2404 1261 2445 1301 τὸ

1386 1320 1475 1357 θεῖον
1485 1319 1559 1372 ἴδῃ,
1576 1319 1638 1358 καὶ
1651 1319 1712 1366 τὴν
1730 1319 1823 1358 θείαν
1841 1319 2008 1371 ὁμοίωσιν
2019 1320 2209 1368 κτήσηται.
2242 1319 2315 1359 Καὶ
2333 1322 2352 1358 ὁ
2372 1318 2436 1370 μὲν

1385 1378 1535 1417 καθόλου
1549 1381 1610 1426 τῆς
1630 1379 1766 1431 ἀποχῆς
1781 1377 1886 1423 τόπος
1898 1381 2066 1428 τοιοῦτος,
2080 1378 2140 1418 καὶ
2156 1378 2330 1417 τοσούτων
2345 1380 2439 1430 ἀγα-

1386 1440 1454 1475 θῶν
1475 1435 1742 1489 στοχαζόμενος·
1774 1436 1820 1475 e&
1843 1437 1880 1476 δὲ
1919 1437 1976 1476 ἐπὶ
2005 1437 2130 1490 μέρους
2165 1439 2200 1476 ἐν
2233 1443 2305 1481 τοῖς
2337 1437 2442 1489 ἱεροῖς

1387 1497 1652 1549 ἀποφθέγμασιν
1676 1497 1711 1534 ἐν
1731 1495 1923 1550 ἀποῤῥήτῳ
1939 1495 2166 1550 παρεδίδοτο·
2179 1491 2227 1535 ὧν
2246 1496 2392 1536 ἕκαστον
2414 1497 2446 1535 εἶ

1387 1555 1447 1593 καὶ
1467 1553 1612 1607 μερικὴν
1647 1554 1787 1607 ἀποχὴν
1812 1556 1986 1605 εἰσηγεῖτο
2000 1585 2010 1604 ,
2031 1549 2103 1594 οἶον
2115 1583 2127 1601 ,
2155 1554 2301 1605 κυάμων
2323 1554 2387 1605 μὲν
2408 1556 2445 1594 ἐν

1390 1613 1572 1666 σπέρμασι
1588 1643 1599 1664 ,
1622 1613 1824 1660 θνησειδίων
1845 1613 1881 1651 δὲ
1902 1614 1937 1651 ἐν
1968 1612 2092 1668 ζῴοις,
2118 1613 2179 1653 καὶ
2198 1612 2328 1653 τούτων
2348 1612 2443 1653 κατὶ

1390 1672 1487 1725 γένος
1500 1702 1510 1720 ,
1528 1675 1574 1718 ὡς
1599 1672 1658 1711 ἐπὶ
1677 1672 1806 1724 ἰχθύων
1833 1672 1872 1711 τὸ
1892 1673 2071 1725 ἐρυθρίνου
2093 1671 2307 1726 ἀπέχεσθαι,
2327 1674 2389 1712 καὶ
2406 1674 2440 1711 ἕν

1389 1732 1566 1785 χερσαίαις
1595 1731 1723 1780 ἄλλου,
1744 1730 1804 1769 καὶ
1825 1731 1942 1785 ἑτέρου
1963 1730 2053 1775 τινὸς
2067 1733 2102 1770 ἐν
2122 1736 2265 1779 πτηνοῖς
2279 1761 2290 1782 ,
2317 1731 2379 1770 καὶ
2401 1731 2442 1770 τὸ

1389 1792 1605 1843 τελευταῖον,
1626 1790 1715 1843 μέρη
1733 1789 1811 1829 τινὰ
1825 1790 1923 1842 ζῴων
1939 1790 2169 1844 ἀπηγόρευεν,
2187 1783 2270 1830 οἷον·
2287 1790 2445 1844 κεφαλὴν

1392 1849 1441 1900 μὴ
1461 1849 1601 1899 ἐσθίειν,
1619 1849 1708 1900 μηδὲ
1731 1850 1892 1904 καρδίαν·
1913 1849 2007 1901 ὅμως
2021 1850 2080 1888 καὶ
2102 1851 2137 1888 ἐν
2153 1850 2293 1903 ἑκάστῳ
2314 1849 2446 1889 τούτων

1396 1909 1460 1957 τὴν
1480 1908 1684 1957 τελειότητα
1704 1911 1767 1957 τῆς
1786 1909 1991 1963 καθάρσεως
2019 1910 2281 1948 ἐναπετυποῖὶτο
2300 1911 2319 1947 ὁ
2333 1907 2446 1961 λόγος·

1391 2037 1623 2089 Hujusmodi
1645 2046 1774 2076 autem
1793 2038 1924 2077 studio
1944 2038 2133 2077 rationem
2155 2040 2320 2086 sudIcem
2341 2050 2445 2089 prae-

1389 2096 1499 2144 fecit‚
1518 2110 1605 2148 quae
1630 2097 1753 2135 lucidi
1774 2097 1955 2149 corporis
1972 2110 2104 2135 curam
2135 2097 2255 2135 animi
2283 2096 2446 2148 puritati

1387 2163 1666 2205 congruentem
1696 2155 1859 2194 reddere
1886 2156 2024 2208 possit.
2056 2156 2303 2207 Quapropter
2330 2163 2368 2193 et
2385 2168 2446 2193 ιτ·

1386 2219 1533 2251 ctrIcem
1548 2224 1708 2251 mentem
1722 2227 1806 2252 eam
1824 2214 2051 2266 appellavit,
2071 2213 2220 2264 quippe
2238 2225 2326 2264 quae
2342 2225 2365 2251 a
2380 2226 2444 2252 na·

1390 2281 1477 2311 tura
1509 2281 1733 2324 comparata
1771 2273 1822 2310 sit
1852 2273 1901 2309 ad
1933 2271 2156 2309 vehiculum
2193 2271 2268 2308 rite
2301 2270 2443 2320 guber-

1388 2332 1557 2370 nandum
1600 2347 1609 2370 ε
1651 2341 1812 2369 mentem
1865 2329 2041 2381 quidem,
2097 2330 2191 2380 quia
2240 2329 2443 2369 rationalis

1391 2392 1549 2430 facultas
1569 2400 1642 2438 est,
1659 2395 1851 2429 rectricem
1871 2398 1997 2429 autem
2013 2418 2024 2437 ‚
2043 2389 2148 2440 quod
2176 2389 2335 2440 corpori
2361 2402 2444 2427 mo·

1390 2453 1549 2490 deretur
1594 2459 1632 2489 et
1667 2451 1812 2503 praesit.
1851 2449 2041 2487 Caeterum
2084 2448 2222 2486 oculus
2266 2456 2444 2486 accurate

1389 2519 1641 2562 prospectans
1674 2514 1821 2548 recti-ici
1860 2507 2129 2561 superpositus
2160 2515 2230 2546 est.
2257 2506 2448 2553 Quamvis

1388 2570 1493 2607 enim
1524 2573 1673 2606 anitnus
1700 2582 1802 2607 unus
1831 2568 1906 2617 sit,
1937 2567 2051 2606 oculo
2076 2575 2205 2604 tamen
2225 2566 2333 2604 velut
2352 2579 2444 2604 con·

1390 2628 1598 2679 templatur
1626 2628 1804 2666 veritatis
1823 2640 2029 2678 campum,
2059 2638 2104 2663 ea
2137 2638 2233 2663 vero
2265 2624 2446 2663 facultate

1391 2701 1477 2738 quae
1499 2701 1634 2726 manus
1647 2688 1770 2726 instar
1782 2696 1838 2725 est
1852 2699 1996 2738 corpus
2010 2685 2274 2724 consociatum
2288 2682 2447 2722 cohibet

1391 2755 1507 2797 atque
1523 2748 1570 2785 ad
1591 2760 1631 2785 se
1658 2747 1872 2793 convertit,
1889 2754 1933 2784 ut
1963 2753 2066 2783 totus
2096 2743 2218 2782 Deum
2250 2743 2447 2781 intueatur

1391 2804 1643 2856 divinamque
1657 2804 1956 2843 similitudinem
1971 2804 2224 2855 adipiscatur.
2239 2800 2446 2840 Generalis

1391 2864 1512 2913 igitur
1531 2863 1773 2902 abstinentiae
1791 2863 1917 2901 forma
1932 2861 2159 2914 hujusmodi
2188 2869 2246 2899 est
2265 2867 2447 2910 tantaque

1391 2923 1495 2961 bona
1515 2924 1612 2975 petit
1630 2937 1638 2961 ε
1657 2922 1821 2972 singulae
1844 2931 1969 2961 autem
1996 2921 2082 2973 ejus
2103 2929 2232 2972 partes
2258 2920 2300 2957 in
2324 2918 2447 2957 sacris

1393 2982 1596 3021 sententiis
1610 2990 1758 3020 secreto
1772 2980 2045 3027 tradebantur3
2061 2991 2225 3030 quarum
2242 2977 2314 3015 etsi
2334 2989 2444 3014 suam

1393 3054 1557 3093 quaeque
1575 3050 1613 3079 et
1631 3039 1909 3092 particularem
1930 3037 2204 3077 abstinentiam
2237 3033 2446 3086 suadebat,

1394 3099 1500 3138 velut
1518 3099 1694 3138 fabarum
1723 3099 1765 3137 in
1790 3097 2020 3142 seminibus,
2045 3095 2277 3134 cadaverum
2296 3094 2339 3132 iu
2363 3092 2447 3132 ani·

1394 3158 1559 3197 malibus
1572 3188 1582 3207 ,
1598 3168 1712 3209 atque
1728 3158 1769 3196 in
1785 3157 1845 3195 his
1862 3156 2074 3195 secundum
2095 3168 2239 3204 genera
2251 3185 2261 3201 ,
2279 3153 2387 3192 velut
2403 3154 2447 3191 in

1394 3218 1569 3268 piscibus
1599 3215 1832 3255 rubellionis
1863 3214 2140 3253 abstinentiam
2165 3222 2278 3263 atque
2307 3211 2351 3250 in
2371 3219 2447 3249 ter·

1396 3275 1588 3314 restribus
1610 3276 1710 3313 alius
1729 3283 1766 3312 et
1790 3274 1890 3312 alius
1910 3273 2114 3324 cujusdam
2135 3274 2176 3310 in
2200 3271 2361 3318 avibus,
2379 3270 2428 3308 de

1396 3335 1516 3385 nique
1523 3344 1560 3372 et
1569 3342 1696 3386 partes
1706 3333 1856 3384 aliquas
1865 3332 2093 3370 animalium
2113 3328 2266 3369 comedi
2278 3327 2447 3373 vetabat,

1397 3402 1440 3430 ut
1460 3401 1575 3444 caput
1589 3401 1626 3430 et
1639 3406 1706 3431 cor
1727 3407 1737 3430 ι
1760 3401 1886 3429 tamen
1908 3391 1949 3429 in
1971 3390 2032 3429 his
2053 3391 2168 3429 etiam
2187 3388 2353 3438 singulis
2376 3400 2451 3438 pu·

1400 3452 1632 3490 rificationis
1643 3450 1919 3503 perfectionem
1936 3462 2064 3488 sermo
2097 3448 2312 3500 expressit,
2333 3443 2451 3494 hujus

2583 2070 2612 2114 2⁷3¹}

2579 2114 2612 2200 3}

2582 2177 2602 2239 Tit

2596 2299 2601 2310 1
