2612 3814
656 259 2109 329 Ε.ΣΥΜἪΠΚΤΑΝΑΠΟΣΠΑΣΜΑΤΜΜ

799 476 1238 537 FRAGMENTA
1285 475 1491 534 VARH
1537 472 1986 533 ARGUMENTL

612 678 714 740 Περὶ
747 680 875 722 κώνου
905 685 1048 738 τομῆς,

361 783 387 810 ι.
419 769 501 808 ’'Ev-
518 769 628 807 τοίνυν
649 767 725 819 ὅρα,
739 767 815 805 τίνα
831 766 957 819 τρόπον
979 765 1159 813 ἀπήντησε
1181 764 1351 816 (Χρύσιπ·

305 827 380 880 πος)
401 827 633 879 Δημοκρίτῳ,
655 827 874 877 διαποροῦντι
895 826 1047 877 φυσικῶς
1072 824 1132 862 καὶ
1160 823 1347 876 ἐμψύχως,

304 888 333 924 εἷ
355 889 461 930 κῶνος
487 885 646 935 τέμνοιτο
667 882 765 936 παρὰ
793 882 854 930 τὴν
888 883 989 935 βάσιν
1019 881 1194 935 ἐπιπέδῳ,
1217 881 1250 919 τί
1281 881 1350 934 χρὴ

303 945 510 984 διανοεῖσθαι
540 942 601 986 τὰς
630 945 699 981 τῶν
731 941 927 993 τμημάτων
966 940 1191 994 ἐπιφανείας,
1216 939 1294 984 ἴσας
1328 939 1351 988 ἢ

304 1003 440 1047 ἀνίσους
465 1002 665 1054 γινομένας;
684 1000 815 1040 Ἄνισοι
841 1000 903 1051 μὲν
933 999 1001 1054 γὰρ
1028 993 1128 1038 οῧσαι
1155 999 1213 1037 τὸν
1241 1000 1350 1037 κῶνον

303 1063 488 1113 ἀνώμαλον
508 1060 707 1114 παρέξουσι,
724 1059 854 1103 πολλὰς
875 1057 1109 1111 ἀποχαράξεις
1121 1057 1350 1108 λαμὸάνοντα

304 1122 518 1172 βαθμοειδεῖς
534 1119 593 1158 καὶ
613 1118 851 1172 τραχύτητας·
872 1117 956 1157 ἰ’σων
978 1119 1006 1156 δ’
1029 1119 1153 1166 οὐσῶν,
1171 1116 1232 1156 ἴσα
1255 1116 1351 1167 τμή-

302 1195 396 1231 ματα
416 1178 534 1226 ἔσται,
555 1178 614 1217 καὶ
636 1182 797 1232 φανεῖται
822 1176 861 1215 τὸ
885 1180 946 1217 τοῦ
967 1176 1146 1228 κυλίνδρου
1171 1174 1351 1219 πεπονθὼς

301 1241 318 1276 ὃ
336 1241 442 1282 κῶνος
454 1269 465 1286 ,
488 1238 522 1283 ἐξ
541 1237 624 1276 ἴσων
643 1235 867 1289 συγκείμενος
887 1235 948 1275 καὶ
970 1236 1031 1274 οὔκ
1050 1235 1175 1274 ἀνίσων
1196 1233 1347 1282 κύκλων,

300 1297 384 1350 ὅπερ
404 1296 496 1336 ἐστὶν
518 1294 756 1335 ἀτοπώτατον.

434 1354 656 1406 (Plutarch.
680 1354 770 1393 adv.
799 1354 919 1392 Stoic.
949 1353 997 1392 de
1018 1366 1213 1391 commun.
1234 1352 1346 1391 notit.

378 1428 416 1467 p.
455 1428 568 1465 1079.
599 1413 676 1452 vol.
698 1412 731 1450 X
758 1426 848 1464 pag.
878 1413 954 1458 446
984 1411 1044 1452 ed.
1064 1411 1212 1462 Reisk.)

652 1500 755 1563 Περὶ
787 1503 996 1550 ποιήσεως.

351 1602 382 1627 2.
414 1586 632 1640 Δημόκριτος
659 1586 810 1638 ὁμοίως·
830 1584 1033 1634 Ποιητὴς
1057 1585 1099 1624 δὲ
1121 1584 1238 1624 ἅσσα
1268 1584 1347 1635 μὲν

298 1644 345 1683 ἂν
366 1645 510 1698 γράφῃ
532 1644 624 1695 μετ’
644 1646 978 1694 ἐνθουσιασμοῦ
997 1643 1070 1683 καὶ
1091 1644 1190 1697 ἱροῦ
1217 1643 1347 1682 πνεύ-

298 1718 458 1754 ματος,
491 1701 606 1742 καλὰ
649 1702 790 1754 κάρτα
833 1700 943 1741 ἐστί.

431 1762 567 1812 (Clem.
587 1761 798 1802 Alexandr.
810 1761 1017 1801 Strom.Vl
1036 1774 1126 1813 pag.
1144 1762 1236 1813 698.
1255 1774 1343 1814 pag.

375 1823 447 1869 827
470 1820 530 1860 ed.
547 1820 706 1871 Poner.)

665 1909 768 1971 Περὶ
793 1906 970 1971 ὁμήρου.

349 2008 379 2034 3.
412 1994 456 2035 ‘O
479 1994 540 2046 μὲν
558 1995 776 2048 Δημόκριτος
794 1994 874 2048 περὶ
897 1994 1058 2048 Ὁμήρου
1088 1995 1190 2050 φησὶν
1217 1995 1344 2040 οὕτως·

295 2051 505 2105 ’Ὀμηρος
534 2052 687 2106 φύσιος
717 2052 866 2106 λαχὼν
899 2052 1174 2104 θεαζούσης,
1197 2054 1345 2093 ἐπέων

294 2111 461 2163 κόσμον
497 2113 774 2160 ἐτεκτήνατο
803 2111 1056 2151 παντοίων·
1090 2116 1136 2157 ὡς
1172 2115 1234 2152 οὐκ
1271 2113 1345 2153 ἐνὸν

294 2172 374 2211 ἄνευ
394 2171 486 2216 θείας
511 2172 571 2210 καὶ
593 2172 773 2224 δαιμονίας
790 2171 925 2226 φύσεως
945 2171 1036 2211 οὕτω
1054 2172 1147 2211 καλὰ
1174 2172 1234 2211 καὶ
1253 2172 1344 2226 σοφὰ

293 2230 360 2277 ἔπη
397 2231 623 2282 ἐργάσασθαι.

1549 674 1559 721 (
1571 673 1647 711 1)ἱο
1667 672 1964 724 Chrysostomus
1983 683 2081 713 orat.
2110 673 2198 712 Llll
2221 674 2330 726 init.)

1761 764 1862 826 Περὶ
1895 772 2102 826 μουσικῆς.

1466 863 1495 889 4.
1526 848 1745 901 Δημόκριτος
1768 847 1830 900 μὲν
1846 850 1975 898 τοίνυν,
1997 849 2084 902 ἀνὴρ
2104 851 2144 888 οὗ
2163 850 2465 903 φυσιολογώτατος

1414 906 1516 958 μόνον
1547 911 1615 946 τῶν
1646 907 1816 959 ἀρχαίων,
1850 908 1940 947 ἀλλὰ
1967 908 2027 947 καὶ
2055 908 2136 960 περὶ
2163 907 2209 946 τὰ
2233 908 2463 960 ἱστορούμενα

1411 965 1544 1010 οὐδενὸς
1564 961 1667 1014 ἧττον
1687 966 1964 1018 πολυπράγμων,
1986 966 2156 1018 μουσικήν
2183 981 2268 1020 φησι
2292 967 2467 1019 νεωτέραν

1412 1019 1526 1077 εἶναι,
1547 1025 1606 1065 καὶ
1625 1025 1687 1073 τὴν
1708 1025 1823 1064 αἰτίαν
1846 1026 2039 1066 ἀποδίδωσι
2066 1025 2188 1076 λέγων,
2220 1025 2355 1074 αὐτὴν
2382 1028 2464 1066 οὐκ

1412 1079 1631 1124 εἶναιτῶν
1657 1086 1933 1136 ἀναγκαίων,
1956 1084 2069 1124 ἀλλὰ
2095 1087 2142 1125 ἐκ
2163 1088 2237 1124 τοῦ
2264 1089 2462 1137 περιεῢν-

1410 1159 1480 1188 τος
1501 1143 1583 1191 ἤδη
1603 1160 1624 1196 γ
1639 1144 1675 1182 ίν
1688 1159 1703 1182 ε
1715 1147 1764 1182 σθ
1776 1161 1798 1183 α
1810 1161 1834 1184 ι.
1858 1143 1958 1192 Πλὴν
1973 1144 2063 1184 ἀλλὰ
2079 1143 2296 1196 ἀρχαιοτάτη
2317 1144 2463 1184 δοκεῖτε

1410 1202 1469 1242 καὶ
1490 1203 1603 1256 φέρειν
1625 1219 1657 1241 τι
1679 1202 1968 1252 θαυμασιώτατον
1988 1203 2048 1242 καὶ
2068 1202 2246 1254 ε’γκλείειν.

1545 1262 1806 1311 (Philodemus
1820 1262 1868 1300 de
1885 1263 2032 1301 Musica
2049 1262 2118 1302 lib.
2136 1262 2184 1300 lv
2202 1263 2244 1301 in
2258 1261 2344 1303 vol.
2363 1263 2463 1302 Her-

1491 1321 1567 1361 cul.
1584 1330 1677 1359 tom.
1694 1321 1711 1359 l
1728 1322 1898 1373 pag.135
1920 1322 1995 1359 col.
2023 1323 2105 1372 36.)

1814 1412 1917 1474 Περὶ
1948 1412 2053 1463 Διός.

1461 1517 1488 1543 5.
1517 1501 1626 1542 αΟθεν
1647 1502 1709 1541 οὐκ
1741 1502 1933 1547 ἀπεικότως
1950 1506 1968 1541 ὁ
1990 1502 2209 1554 Δημόκριτος
2237 1505 2306 1542 τῶν
2335 1503 2460 1556 λογίων

1409 1561 1598 1614 ἀνθρώπων
1622 1560 1755 1613 ὀλίγους
1777 1563 1882 1614 φησὶν
1903 1561 2148 1606 ἀνατείναντας
2170 1561 2232 1606 τὰς
2256 1563 2379 1615 χεῖρας
2409 1563 2459 1600 ἐν·

1407 1624 1534 1667 θαῧτα,
1556 1620 1592 1659 ὃν
1617 1623 1676 1658 νῦν
1694 1619 1783 1673 ἠέρα
1809 1620 1980 1671 καλέομεν
2002 1623 2032 1659 οἱ
2045 1620 2218 1668 Ἕλληνες
2232 1620 2345 1659 πάντα
2361 1651 2371 1670 ,
2390 1621 2458 1661 Δία

1408 1679 1616 1729 μυθέεσθαι·
1640 1680 1828 1731 (οἰομένους
1860 1679 1924 1731 ὅτι)
1951 1679 2011 1718 καὶ
2042 1679 2158 1718 πάντα
2187 1674 2283 1724 οὗτος
2310 1673 2381 1719 οἶδε
2398 1680 2459 1719 καὶ

1407 1740 1492 1778 διδοῖ
1514 1738 1798 1790 καὶᾶπαιρεέται
1824 1739 1883 1777 καὶ
1915 1736 2076 1791 βασιλεὺς
2098 1732 2193 1782 οὗτος
2212 1741 2281 1777 τῶν
2301 1739 2456 1779 πάντων.

1542 1797 1739 1850 (Clemens
1771 1798 1983 1837 Alexandr.
2028 1798 2230 1840 Admonit.
2265 1798 2312 1837 ad
2352 1807 2456 1849 gent.

1485 1871 1575 1910 pag.
1600 1855 1681 1910 45.)

1600 1952 1702 2015 Περὶ
1732 1961 1805 2005 τῆς
1834 1956 1956 1997 αὐτοῦ
1991 1949 2244 2014 ἀποδημίας.

1459 2070 1489 2096 6.
1523 2055 1620 2108 Ἐγὼ
1654 2056 1689 2095 δὲ
1723 2058 1792 2095 τῶν
1827 2059 1908 2096 κατ’
1937 2056 2110 2108 ε’μεωυτὸν
2155 2056 2344 2109 ἀνθρώπων
2391 2059 2458 2108 γῆν

1406 2115 1573 2162 πλείστην
1606 2116 1905 2166 ἐπεπλανησάμην
1931 2115 2096 2169 ἱστορέων
2126 2115 2172 2154 τὰ
2201 2115 2376 2164 μήκιστα,
2396 2116 2458 2156 καὶ
2512 2142 2518 2147 -

1407 2174 1509 2226 ἀέρας
1527 2190 1563 2212 τε
1578 2173 1638 2213 καὶ
1649 2174 1731 2226 γεάς
1748 2174 1915 2218 πλείστας
1931 2167 2032 2221 εἶδον,
2047 2173 2107 2212 καὶ
2121 2173 2244 2224 λογίων
2263 2173 2454 2227 ἀνθρώπων

1407 2233 1580 2273 πλείστων
1622 2233 1816 2281 ἔσήκουσα,
1836 2233 1897 2272 καὶ
1925 2233 2117 2285 γραμμέων
2157 2232 2326 2278 ξυνθέσιος
2364 2233 2455 2284 μετὰ

605 2347 664 2388 De
691 2344 881 2388 sectione
901 2345 1019 2388 coni.

337 2423 364 2451 1.
388 2421 487 2452 Porro
506 2421 614 2452 autem
630 2420 702 2452 vide
714 2444 723 2460 ‚
737 2419 901 2461 quomodo
925 2420 1101 2453 occurrerit
1120 2420 1341 2462 (Chrysippus)

292 2478 474 2510 Democrito
492 2478 694 2519 physicorum
713 2487 799 2511 more
812 2482 844 2511 et
859 2479 975 2512 acriter
997 2480 1173 2520 quaerenti,
1194 2479 1221 2512 si
1242 2488 1343 2512 conus

293 2536 467 2569 seeundum
484 2536 574 2569 basin
593 2538 722 2578 planitie
738 2539 876 2580 secetur,
896 2538 972 2580 quid
997 2523 1208 2579 judicandum
1231 2539 1273 2571 sit
1294 2539 1335 2571 de

292 2595 529 2635 segmentorum
555 2596 803 2637 superficiebus,
817 2598 997 2638 oequalesue
1018 2597 1114 2637 fiant,
1142 2606 1182 2629 an
1198 2597 1342 2638 inaequzi·

292 2653 358 2686 les?
377 2654 409 2686 Si
426 2653 509 2685 enim
526 2654 589 2686 sint
611 2654 801 2695 inaequales,
815 2664 932 2687 conum
954 2655 1088 2688 reddent
1104 2656 1339 2697 inaequabilem,

292 2713 410 2745 multas
427 2713 660 2746 nanciscentem
677 2716 832 2756 graduum
853 2715 951 2747 instar
966 2716 1120 2749 incisuras
1137 2722 1169 2749 et
1185 2717 1338 2758 asperita-

292 2773 341 2804 tes
366 2783 374 2804 ε
391 2772 439 2804 sin
467 2772 624 2812 aequaloe,
646 2775 741 2805 erunt
761 2776 922 2814 segmenta
940 2775 1095 2816 aequalia,
1115 2775 1339 2816 videbiturque

291 2839 373 2862 cono
398 2831 549 2871 evenire,
568 2831 653 2871 quod
680 2833 727 2863 est
753 2831 908 2873 cylindri,
935 2835 971 2866 ut
998 2842 1035 2866 ex
1059 2834 1256 2875 aequalibus,
1272 2844 1337 2867 non

291 2889 503 2931 inaequalibus
525 2892 648 2922 constet
670 2890 814 2931 circuliS,
837 2891 923 2932 quod
945 2894 993 2925 est
1015 2893 1295 2927 absurdissimum.

698 2962 757 3003 De
792 2962 930 3019 poesi.

332 3047 361 3075 2.
387 3043 537 3076 Similiter
563 3043 793 3076 Democritus:
819 3047 1034 3088 Quoecunque
1048 3050 1155 3089 poeta
1181 3058 1259 3082 cum
1283 3049 1335 3082 da?-

287 3103 366 3134 rino
401 3103 530 3144 spiritu
575 3104 766 3144 sanctoque
810 3103 938 3143 surore
975 3107 1114 3147 scribit,
1159 3109 1335 3149 praeclara

286 3161 381 3193 sunt.
756 3163 760 3166 “

400 3206 405 3211 ”
650 3205 709 3245 De
728 3204 933 3247 Homero.

327 3285 358 3315 3.
381 3282 587 3315 Democritus
615 3282 655 3314 de
683 3285 822 3316 Homero
851 3284 897 3317 sic
925 3285 969 3317 ait
990 3297 997 3317 ι
1022 3288 1192 3318 Homerus
1216 3287 1331 3320 divino

281 3340 453 3382 praedilus
468 3341 606 3381 inqenio
622 3343 747 3373 ornata
767 3344 878 3375 munis
902 3345 1036 3384 qenerzs
1054 3347 1214 3377 carmina
1242 3355 1332 3378 com-

280 3401 418 3442 posuit,
444 3399 531 3441 quod
561 3407 624 3431 non
651 3401 720 3432 sine
751 3401 872 3433 coelesu‘
906 3410 946 3434 ac
980 3401 1090 3434 divina
1126 3403 1232 3436 indole
1265 3406 1331 3437 tam

285 3458 418 3498 pulc-lira
449 3459 612 3500 tantaeque
644 3459 735 3500 plena
770 3460 934 3501 sapientiae
954 3461 1095 3493 carmina
1129 3461 1265 3495 condere
1293 3463 1331 3494 li-

284 3519 381 3548 teat.-

1818 2348 1879 2389 De
1900 2346 2083 2389 musica.

1443 2441 1472 2471 4.
1499 2441 1701 2472 Democritus
1721 2443 1866 2472 veterum
1888 2449 1952 2472 non
1976 2440 2072 2472 modo
2093 2449 2241 2472 summus
2263 2439 2456 2480 naturoejn-

1401 2498 1588 2539 vestigator,
1617 2498 1672 2531 sed
1698 2499 1796 2531 etiam
1819 2507 1857 2531 eo
1883 2507 1957 2540 quae
1973 2498 2117 2531 liistoriae
2141 2498 2357 2532 monumentis
2373 2507 2454 2532 con·

1401 2557 1555 2596 tinentur,
1569 2557 1777 2598 cognoscendi
1791 2557 1966 2598 cupiditate
1987 2558 2115 2591 nemine
2137 2558 2280 2600 inferior,
2297 2559 2456 2604 musicam

1399 2616 1442 2648 ait
1459 2616 1615 2649 citerioris
1633 2625 1703 2649 esse
1720 2617 1827 2649 aetatis
1843 2617 1977 2658 ejusque
1994 2617 2037 2649 rei
2055 2626 2184 2649 causam
2201 2616 2318 2656 reddit,
2330 2616 2451 2656 dicens,

1398 2684 1468 2707 eam
1488 2685 1552 2707 non
1573 2684 1642 2708 esse
1663 2675 1695 2707 in
1718 2676 1814 2708 rebus
1834 2676 2037 2715 necessariis,
2054 2677 2109 2708 sed
2123 2685 2162 2708 ex
2180 2675 2375 2709 abundantia
2385 2676 2453 2717 iam

1397 2734 1487 2766 oriri.
1508 2736 1726 2767 Veruntamen
1752 2735 1972 2775 antiquissima
1995 2734 2123 2767 videtur
2141 2743 2179 2767 ac
2206 2734 2352 2768 mirabile
2373 2734 2457 2776 qnid·

1397 2794 1522 2827 efficere
1539 2793 1718 2835 miramque
1734 2795 1799 2826 vim
1817 2793 1946 2826 insitam
1962 2793 2089 2826 habere.

1814 2878 1873 2918 De
1895 2877 2017 2918 Jove.

1438 2973 1469 3001 5.
1493 2968 1586 3001 Unde
1602 2977 1665 3000 non
1683 2968 1843 3000 immerito
1858 2968 2064 3000 Democritus
2086 2966 2254 2999 doctorum
2282 2965 2454 2999 bominum⁴

1396 3036 1517 3068 paucos
1536 3027 1583 3059 ait
1607 3027 1744 3059 sublatis
1761 3026 1799 3058 ad
1818 3035 1892 3059 eum
1918 3026 2025 3058 locum
2049 3025 2221 3064 manibus,'
2242 3033 2338 3065 quem
2362 3033 2450 3057 nunc

1395 3087 1579 3119 universum
1597 3086 1698 3119 Graeci
1716 3094 1823 3118 aerem
1841 3086 2052 3127 appellamus,
2065 3086 2177 3117 Jovem
2190 3093 2303 3117 vocare
2321 3084 2449 3116 :omnia

1396 3147 1483 3179 hunc
1502 3151 1534 3179 et
1554 3146 1633 3178 scire
1652 3147 1684 3178 et
1709 3144 1786 3178 dare
1811 3146 1844 3177 et
1871 3144 1997 3177 auferre
2027 3153 2203 3185 rerumque
2233 3143 2449 3176 universitatis

1394 3214 1499 3246 regem
1515 3213 1582 3237 esse
1594 3204 1771 3237 credentes.

1632 3290 1691 3331 De
1715 3286 2079 3345 peregrinatione
2109 3300 2204 3329 sua.

1437 3387 1468 3414 6.
1491 3381 1648 3423 Equidem
1682 3384 1802 3413 nostrae
1833 3380 1939 3412 aetatis
1971 3380 2137 3412 hominum
2163 3379 2318 3420 plurimas
2347 3382 2446 3410 terras

1398 3429 1575 3470 peragravi,
1593 3428 1840 3470 disJunctissima
1870 3436 2009 3468 quaeque
2036 3428 2197 3465 lustrans,
2220 3426 2292 3457 coeli
2321 3425 2445 3466 solique

1391 3483 1505 3516 genera
1520 3476 1658 3517 plurima
1676 3474 1761 3515 vidi,
1784 3473 1925 3507 eruditos
1951 3475 2094 3506 homines
2112 3474 2288 3515 permultos
2314 3472 2442 3508 audivi.

1394 3531 1499 3563 neque
1518 3523 1618 3555 mein
1640 3522 1869 3564 componendis
1885 3521 2036 3563 adJuncta
2064 3521 2333 3553 demonstratione
2353 3519 2450 3552 lineis
2496 3518 2500 3533 ¹

1333 3584 1401 3617 370
