2612 3814
147 332 248 357 νατον
263 316 364 371 ᾤετο.
390 316 475 358 Πῶς
487 313 556 366 γὰρ
569 313 611 352 ἄν
622 342 632 360 ,
654 312 760 367 φησί,
775 312 835 350 καὶ
852 310 1059 359 ἐπαυξήσειε
1073 308 1111 348 τὸ
1128 314 1202 346 πᾶν

145 377 180 416 τί
201 375 262 416 καὶ
281 375 384 414 πόθεν
403 371 521 422 ἑλθόν;
547 371 639 411 ἀλλὰ
660 370 881 424 μισγομένων
902 386 940 409 τε
960 369 1019 408 καὶ
1041 371 1203 407 συντιθε-

151 440 267 493 μένων
282 437 390 493 πυρὸς
407 435 468 477 καὶ
483 437 552 475 τῶν
567 433 659 486 μετὰ
678 432 785 487 πυρὸς
805 432 985 484 γίγνεσθαι
1007 430 1052 470 τὰ
1073 429 1187 469 πολλοί
1198 459 1208 477 ,

151 496 460 549 διαλλαττομένων
474 511 512 534 τε
535 493 595 534 καὶ
615 493 888 546 διακρινομένων
912 489 1113 544 φθείρεσθαι
1134 489 1209 527 πά·-

47 557 67 607 f}
95 577 132 604 ιι.
149 560 221 610 λιν,
237 557 298 598 καὶ
315 551 461 610 εἶναιτῇ
482 554 544 605 μὲν
566 552 656 605 μίξει
676 552 792 591 πολλά
810 567 848 590 τε
867 550 929 590 καὶ
949 553 992 603 τῇ
1013 548 1206 602 διακρίσει,

47 605 72 639 ᾗ
149 616 244 669 τῇδὲ
258 617 357 672 φύσει
372 614 511 668 τέτταρ’
530 612 611 652 ἄνευ
631 613 700 651 τῶν
713 610 834 650 αἰτίων
860 610 882 658 ἢ
911 609 961 649 ἔν.
1015 608 1068 648 Ἢ
1093 610 1122 647 εἷ
1147 608 1209 646 καὶ

38 672 40 675 ”
58 671 59 674 ¹
150 677 279 731 ἄπειρα
292 674 389 720 εὐθὺς
405 678 518 713 ταῦτα
537 671 591 720 εἴη
605 670 668 725 ,ἐἘ
696 666 744 710 ὧν
760 668 1014 721 συντιθεμένων
1027 668 1187 721 γίγνεται
1202 697 1211 713 ,

151 733 423 789 διακρινομένων
445 732 481 772 δὲ
517 730 715 786 φθείρεται,
751 731 796 775 ὥς
815 729 875 768 καὶ
896 727 955 767 τὸν
974 725 1210 778 Ἀναξαγόραν

984 224 1054 265 ΒΕ
1086 219 1332 268 MELlSSO,
1370 218 1483 258 ETC.

2268 227 2343 262 285

1273 307 1359 363 φασί
1373 322 1462 351 τινες
1479 305 1612 358 λέγειν,
1635 303 1670 349 ἐξ
1685 303 1739 342 ἀεὶ
1755 303 1864 342 ὄντων
1891 303 1950 342 καὶ
1969 301 2123 357 ἀπείρων
2145 300 2190 340 τὰ
2213 301 2335 353 γιγνό-

1275 383 1365 420 μενα
1394 366 1588 419 γίγνεσθαι,
1617 362 1683 402 κᾶν
1713 363 1822 407 οὕτως
1839 365 1902 402 οὐκ
1931 361 1971 401 ἂν
1996 360 2050 410 εἴη
2076 359 2173 400 ἀίδια
2197 361 2338 410 πάντα,

1274 425 1365 466 ἀλλὰ
1382 426 1444 465 καὶ
1459 423 1653 477 γιγνόμενα
1669 421 1761 461 ἄττα
1779 422 1839 461 καὶ
1854 420 2028 473 γενόμενά
2043 422 2076 459 τ’
2099 420 2132 466 ἐξ
2147 420 2257 459 ὄντων
2278 420 2339 459 καὶ
2358 431 2396 459 w

1274 485 1485 541 φθειρόμενα
1500 485 1547 528 εἷς
1567 481 1686 526 οὐσίας
1706 480 1800 525 τινὰς
1818 481 1942 525 ἄλλοις.
1998 478 2084 519 Ἔτι
2103 479 2140 518 δὲ
2153 480 2251 519 οὐδὲν
2270 496 2340 518 κω-

1273 546 1367 594 λύει,
1388 544 1473 595 μίαν
1493 543 1570 582 τινὰ
1593 535 1700 581 οὖσαν
1720 540 1758 579 τὸ
1778 545 1848 578 πᾶν
1877 537 2033 593 μορφήν,
2056 540 2102 583 ὡς
2121 539 2181 578 καὶ
2202 542 2220 577 6
2240 539 2343 578 Ἀνα-

1274 606 1461 657 ξίμανδρος
1480 602 1541 641 καὶ
1561 604 1579 640 6
1599 598 1824 652 Ἀναξιμένης
1834 599 2011 650 λέγουσιν,
2025 601 2044 638 6
2059 598 2123 650 μὲν
2136 598 2230 651 ὕδωρ
2252 593 2342 637 εἶναι

1275 664 1426 718 φάμενος
1455 661 1494 700 τὸ
1523 667 1611 712 πᾶν,
1632 662 1650 698 6
1673 659 1721 708 δέ,
1749 661 1767 697 6
1788 656 2031 709 Ἀναξιμένης,
2053 655 2155 710 ἀέρα,
2175 656 2238 696 καὶ
2262 656 2340 695 ὅσοι

1277 724 1378 763 ἄλλοι
1398 721 1508 765 οὕτως
1530 714 1623 760 εἶναι
1636 719 1675 759 τὸ
1690 725 1760 757 πᾶν
1773 717 1810 756 ἓν
1827 716 2022 766 ἠξιώκασι,
2039 720 2143 756 τοῦτο
2160 715 2230 764 ἤδη
2246 715 2338 769 σχή-
2362 729 2397 754 25

154 795 2331 826 .-.-—---—-———-—-—-—————-——-—-----—--

195 852 243 882 ll.
267 851 341 886 Πῶς
352 847 426 890 γάρ,
445 847 551 889 φήσει,
568 846 622 878 καὶ
641 845 764 887 ἔπαρξις
780 844 848 876 ’ίετο
860 867 871 885 ,
891 841 985 875 παντί
998 852 1032 873 τε
1045 842 1099 872 καὶ
1115 840 1211 872 ποθὲν

149 896 256 937 ἔλθὸν;
276 896 355 928 ἀλλὰ
371 894 572 936 μισγομένων
589 904 625 925 τε
650 894 704 925 καὶ
727 891 953 933 συντιθεμένων
972 889 1067 932 πυρὸς
1080 889 1134 920 καὶ
1149 890 1214 920 τῶν

151 944 230 985 μετὰ
250 944 345 986 πυρὸς
359 942 521 984 γίγνεσθαι
539 942 580 974 τὰ
595 939 709 975 πολλά,
729 939 995 982 διαλλαττομένων
1016 948 1052 970 τε
1070 938 1124 970 καὶ
1145 937 1214 969 δια-

150 992 340 1035 κρινομένων
360 990 535 1032 φθείρεσθαι
555 989 660 1030 πάλιν,
678 988 731 1021 καὶ
744 988 822 1020 εἶναι
838 991 877 1030 τῇ
892 987 947 1028 μὲν
966 986 1045 1027 μίξει
1063 984 1164 1018 πολλά
1182 995 1215 1016 τε

150 1040 205 1072 καὶ
217 1042 256 1081 τῇ
274 1038 444 1080 διακρίσει,
461 1041 500 1079 τῇ
519 1036 658 1079 δὲφύσει
679 1035 798 1078 τέτταρ’
821 1034 895 1067 ἄνευ
914 1036 978 1066 τῶν
994 1032 1103 1065 αἰτίων
1124 1032 1145 1071 ἢ
1168 1031 1214 1063 ἔν.

152 1086 286 1119 Servavi
312 1086 420 1118 locum
449 1085 578 1126 qualem
608 1082 771 1116 Bekkerus
801 1081 960 1123 vulgavit.
1014 1079 1149 1113 Initium
1184 1079 1215 1110 in

153 1134 235 1167 libro
253 1135 340 1175 Lips.
358 1133 404 1165 sic
420 1133 592 1166 exhibetur
607 1141 616 1163 :
641 1132 715 1168 Πῶς
727 1130 786 1173 γὰρ
809 1129 901 1171 φήσει
920 1129 974 1162 καὶ
997 1127 1217 1166 ἐπαυξησείετο

152 1182 244 1215 παντὶ
260 1183 313 1213 καὶ
340 1181 433 1214 πόθεν
459 1180 568 1220 ἐλθὼν,
590 1178 670 1211 ἀλλὰ
696 1177 896 1219 σμιγομένων
917 1188 948 1208 κ.
963 1187 994 1209 τ.
1020 1177 1050 1209 λ.
1076 1183 1216 1216 quocum

154 1228 332 1270 comparari
357 1227 510 1260 convenit
531 1235 571 1259 ea
598 1234 673 1267 quae
699 1225 786 1266 apud
811 1223 1013 1266 Simplicium
1033 1223 1066 1256 in
1079 1223 1214 1255 Aristot.

156 1277 252 1319 Phys.
272 1285 303 1317 p.
322 1278 361 1308 34
375 1277 398 1308 B
420 1284 458 1307 ex
474 1273 669 1316 Empedocle
689 1273 858 1314 depromta
871 1273 1001 1306 exstant
1019 1270 1064 1313 (v.
1079 1269 1192 1311 94-95)
1209 1283 1216 1303 z

261 1348 351 1378 τοῦτο
368 1344 396 1377 δ’
409 1344 593 1382 ἐπαυξήσειε
608 1344 644 1376 τὸ
663 1345 724 1375 πᾶν
740 1341 771 1374 τί
788 1353 824 1374 κε
838 1343 893 1374 καὶ
909 1342 1004 1375 πόθεν
1021 1341 1122 1381 ἐλθὸν,

259 1397 303 1435 πῇ
321 1392 354 1425 δέ
370 1403 406 1425 κε
418 1392 472 1424 καὶ
486 1391 657 1432 ἀπόλοιτο;
679 1391 745 1423 ἐπεὶ
767 1389 860 1422 τῶνδ’
872 1390 961 1422 οὐδὲν
974 1389 1101 1432 ἔρημον.

156 1467 192 1498 ln
212 1464 389 1506 posteriore
408 1471 503 1496 versu
516 1463 570 1495 καὶ
594 1461 790 1503 productum
803 1462 879 1493 ante
901 1460 1046 1493 vocalem
1066 1461 1100 1491 et
1114 1458 1222 1491 hiatus

156 1515 190 1546 in
211 1512 318 1547 verbis
340 1511 510 1550 δυσάλωτος
538 1511 618 1551 ἐπεὶ,
646 1510 702 1551 qui
719 1512 828 1542 tamen
847 1508 1105 1550 interpunctione
1126 1516 1222 1540 excu-

157 1562 262 1608 satur,
277 1560 398 1592 morari
418 1559 554 1592 lectores
570 1558 683 1600 possit.
729 1557 792 1590 Sed
806 1556 886 1589 nihil
902 1555 1110 1590 mutandum.
1135 1554 1221 1587 Alio-

159 1609 215 1650 qui
231 1606 497 1641 commendabilis
510 1606 594 1639 soret
614 1603 774 1638 Karstenii
788 1603 973 1644 conjectura
987 1606 1032 1644 πῇ
1050 1602 1084 1634 δὲ
1095 1601 1148 1633 καὶ
1159 1600 1224 1636 ἑξα-

159 1656 283 1689 πὸλοιτ’
298 1655 357 1696 ἄη
370 1655 437 1688 ἐπεὶ
453 1666 485 1687 κ.
496 1665 526 1686 τ.
540 1655 570 1686 λ.
585 1662 604 1686 a
626 1661 692 1695 qua
713 1661 778 1684 non
797 1650 937 1683 multum
950 1649 1111 1691 discrepat
1132 1650 1224 1688 Berg-

160 1704 252 1737 kiana
268 1717 276 1736 :

263 1772 356 1801 τοῦτο
371 1768 397 1800 δ’
413 1766 598 1805 ἐπαυξὴσειε
616 1765 652 1797 τὸ
673 1768 737 1798 πᾶν
750 1776 786 1797 κε
798 1764 828 1796 τί
844 1765 897 1796 καὶ
918 1763 1012 1796 πόθεν
1027 1761 1127 1802 ἐλθόν,

265 1818 310 1858 πῇ
327 1815 360 1847 δὲ
373 1815 426 1846 καὶ
441 1812 621 1850 ἐξαπόλοιτο
636 1812 680 1853 κ’,
697 1812 764 1845 ἐπεὶ
782 1812 874 1844 τῶνδ’
887 1811 975 1843 οὐδὲν
995 1810 1120 1853 ἔρημον.

163 1886 256 1927 Apud
283 1884 490 1919 Aristotelem
517 1892 594 1916 cum
618 1882 752 1924 Bergkio
776 1882 883 1914 scribo
913 1883 980 1918 πῶς
995 1880 1056 1922 γὰρ
1072 1879 1122 1920 ἄν,
1138 1878 1226 1921 φησί,

162 1935 217 1967 καὶ
239 1933 423 1971 ἑπαυξήσειε
435 1932 472 1964 τὸ
486 1934 549 1964 πᾶν
569 1931 598 1963 τί
614 1931 667 1963 καὶ
687 1930 781 1963 πόθεν
797 1929 903 1969 ἐλθὸν;
920 1930 977 1962 Sin
990 1930 1099 1961 autem
1117 1934 1228 1959 versus

165 1980 398 2027 Empedocleus
415 1988 513 2021 quem
531 1977 742 2020 philosophus
760 1978 898 2019 respexit
914 1986 978 2009 non
992 1975 1053 2008 t'uit
1069 1975 1155 2008 idem
1173 1973 1228 2014 qui

165 2039 185 2062 a
204 2028 370 2070 Simplicio
400 2028 547 2059 servatus
575 2027 636 2066 est,
665 2026 768 2068 possis
802 2026 853 2058 vel
884 2023 1070 2066 Spaldingio
1097 2023 1230 2056 auctore

167 2078 307 2110 metrum
323 2075 369 2108 sic
385 2074 554 2107 restituere
575 2083 584 2106 ε

270 2148 337 2183 πῶς
350 2156 403 2177 κεν
418 2143 602 2182 ἐπαυξήσειε
614 2142 650 2175 τὸ
666 2145 728 2175 πᾶν
746 2142 776 2176 τί
795 2153 829 2175 τε
848 2142 901 2174 καὶ
915 2141 1008 2174 πόθεν
1026 2139 1131 2181 ἐλθόνς

169 2218 218 2251 vel
237 2215 515 2259 quemadmodum
531 2213 662 2255 Bergkio
677 2213 798 2255 placuit
815 2223 824 2245 :

280 2290 348 2324 πῶς
364 2287 424 2328 γὰρ
435 2285 620 2324 ἐπαυξήσειε
638 2285 674 2317 τὸ
689 2287 753 2317 πᾶν
775 2284 812 2316 κέ
824 2295 853 2316 τι
870 2284 923 2315 καὶ
941 2282 1036 2315 πόθεν
1053 2280 1159 2321 ἐλθόν;

171 2355 380 2397 Bergkianam
401 2354 556 2386 rationem
575 2353 666 2386 alteri
691 2354 851 2394 praeopto,
872 2350 1014 2392 exceptis
1029 2349 1156 2382 duabus
1174 2357 1234 2381 vo-

173 2402 254 2435 culis
269 2402 306 2434 κέ
322 2413 364 2441 τι,
391 2410 450 2441 pro
478 2401 597 2441 quibus
616 2412 654 2433 κε
673 2401 703 2433 τί
723 2400 946 2433 substituerim
966 2399 1027 2430 bac
1047 2396 1206 2430 sententia
1224 2406 1231 2427 :

178 2448 269 2488 Quid
284 2449 319 2481 et
334 2446 430 2481 unde
451 2447 648 2488 profectum
661 2456 728 2490 quo
755 2446 853 2479 modo
872 2454 992 2479 rerum
1005 2445 1235 2478 universitati

175 2497 391 2529 incrementa
419 2493 578 2535 asserat?
595 2495 651 2528 vel
676 2502 749 2536 qua
777 2492 921 2527 tandem
947 2493 1088 2525 ratione
1105 2492 1236 2531 auqeat

174 2545 378 2577 universum
394 2550 472 2583 quae
491 2549 546 2574 res
566 2543 600 2574 et
614 2542 708 2574 unde
719 2540 900 2583 prosecta?
916 2547 1115 2580 quamquam
1137 2539 1235 2578 Berg-

175 2592 305 2624 kianum
334 2587 413 2621 iuu'u
443 2589 481 2620 κέ
501 2600 531 2621 τι
565 2598 629 2621 non
662 2598 731 2621 esse
758 2588 900 2621 deterius
926 2587 1060 2619 libenter
1082 2586 1237 2618 concedO.

177 2637 272 2677 Quod
285 2636 431 2684 sequitur
449 2636 483 2668 in
498 2636 570 2668 cod.
595 2636 683 2677 Lips.
704 2636 784 2668 ἀλλὰ
796 2634 995 2676 σμιγομένων
1010 2642 1068 2674 pro
1086 2633 1238 2674 μισγομέ-

178 2698 240 2718 νων
262 2682 448 2717 recentioris
465 2683 638 2727 graepitatis
665 2684 713 2716 est
730 2682 785 2725 (cf.
809 2682 920 2715 corais
936 2682 1059 2714 Ἀτακτ.
1086 2682 1167 2713 tom.
1196 2681 1238 2713 II.

179 2743 210 2776 p.
228 2734 300 2766 331-.
331 2732 364 2764 et
387 2732 448 2764 IV.
470 2740 500 2772 p.
517 2731 596 2772 526)
619 2733 652 2764 et
675 2739 763 2763 mero
786 2729 908 2762 librarii
933 2737 1043 2762 errore
1067 2727 1142 2760 huic
1159 2727 1240 2760 libro

179 2779 348 2812 insertum.
392 2778 541 2818 Denique
560 2777 741 2810 notandum
769 2777 867 2810 verba
894 2779 932 2818 τῇ
955 2775 989 2808 δὲ
1011 2775 1101 2816 φύσει
1123 2774 1242 2817 τέτταρ’

180 2827 254 2860 ἄνευ
267 2829 329 2859 τῶν
347 2826 457 2858 αἰτίων
480 2826 499 2864 ἢ
521 2826 551 2858 ἔν
565 2825 606 2857 ad
629 2827 784 2867 quattuor
800 2826 970 2863 elementa,
991 2832 1064 2865 quae
1082 2823 1242 2865 Empedo-

182 2875 247 2907 cles
267 2874 392 2913 statuit,
421 2873 549 2914 ignem,
573 2882 703 2914 aquam,
731 2882 852 2912 aerem,
877 2873 995 2905 terram
1021 2874 1053 2904 et
1075 2871 1116 2903 ad
1134 2879 1242 2903 rerum

184 2929 297 2955 causas
313 2922 369 2962 (τὰ
386 2920 486 2962 αἴτια)
510 2921 559 2954 vel
578 2923 726 2954 auctores
738 2920 820 2963 (τοὺς
834 2920 964 2962 αἰτίους)
982 2923 1135 2953 Amorem
1147 2920 1245 2960 atque

176 2967 384 3001 rDiscordiam
401 2968 571 3010 pertinere.
616 2970 698 3001 Sunt
719 2968 829 3000 autem
855 2967 1017 3000 elementa
1038 2966 1094 2999 illa
1118 2966 1246 2999 diversa

187 3015 316 3057 quidem
328 3016 385 3048 sed
396 3015 560 3048 communi
569 3015 818 3049 immortalitatis
827 3014 958 3048 vinculo
967 3014 1141 3055 conjuncta
1149 3017 1247 3054 atque

189 3072 227 3095 ex
242 3071 305 3095 uua
317 3062 496 3104 eademque
521 3062 654 3095 materia
676 3061 826 3095 assumtis
843 3061 940 3095 variis
966 3061 1078 3094 formis
1098 3063 1131 3094 et
1147 3060 1248 3101 quali·

191 3110 310 3143 tatibus
337 3111 419 3143 orta.
464 3110 549 3143 Hinc
573 3110 762 3152 intelligitur
785 3119 843 3143 cur
877 3118 947 3150 ree,
977 3110 1003 3142 si
1023 3119 1042 3142 a
1077 3108 1248 3150 copulandi

192 3157 296 3190 causis
324 3157 524 3198 discesseris,
543 3159 576 3191 et
598 3157 639 3190 ad
661 3159 815 3200 quattuor
843 3157 1002 3190 elementa
1027 3158 1060 3190 et
1090 3158 1129 3189 ad
1148 3166 1249 3189 unum

195 3203 336 3236 revocari
367 3205 499 3245 queant.
544 3204 678 3246 copiose
722 3204 762 3236 de
794 3203 857 3236 hoc
880 3206 1071 3246 argumento
1100 3203 1261 3237 disseruit.

197 3249 384 3283 Karstenius
407 3259 439 3292 p.
456 3254 517 3283 316
530 3259 622 3293 seqq.
648 3253 681 3285 et
698 3261 730 3294 p.
752 3254 815 3285 336
837 3261 928 3293 seqq.

243 3298 293 3330 16.
318 3297 394 3330 Post
409 3297 517 3330 αἰτίων
539 3298 574 3331 in
599 3299 680 3332 Cod.
701 3300 788 3341 Lips.
805 3300 877 3332 haec
895 3300 1043 3340 leguntur
1061 3312 1069 3332 z
1102 3299 1122 3338 ἢ
1140 3298 1171 3331 ἓν
1191 3299 1250 3337 εἴη.

199 3344 252 3376 καὶ
274 3344 388 3387 ἄπειρα
403 3346 493 3383 εὐθὺς
513 3348 612 3379 ταῦτα
633 3346 694 3387 εἴη,
712 3356 777 3380 non
795 3346 884 3389 φησί,
908 3349 945 3380 ut
969 3346 1115 3380 Olearius
1139 3346 1253 3378 voluit.

198 3392 236 3424 In
249 3390 300 3424 his
318 3391 423 3425 verbis
441 3394 527 3434 patet
547 3394 636 3436 prius
655 3394 733 3427 illud
756 3394 805 3435 εἴη
833 3393 1029 3427 mutandum
1058 3402 1126 3426 esse
1140 3393 1173 3425 in
1189 3393 1209 3432 ἢ
1226 3394 1254 3426 εἰ

202 3442 289 3483 quod
314 3443 346 3475 in
362 3442 494 3483 reliquis
512 3441 708 3475 membranis
725 3442 853 3481 exstat,
874 3443 1027 3481 praeterea
1043 3439 1127 3470 male
1143 3438 1250 3470 Fiille·

198 3490 346 3523 bornium
362 3499 420 3532 pro
437 3490 524 3528 εὐθὺς
538 3489 681 3532 posuisse
694 3489 799 3527 αὐτὸς.
844 3490 957 3529 Neque
973 3487 1059 3520 enim
1074 3486 1147 3527 luc,
1170 3486 1204 3518 ut
1219 3486 1249 3518 in

1281 835 1475 879 praecedenti
1491 834 1724 873 enuntiatione,
1745 831 1952 873 Empedoclis
1972 831 2134 864 sententia
2152 830 2347 871 illustratur,

1280 884 1336 917 sed
1367 886 1542 925 postquam
1562 880 1677 913 mediae
1699 879 1837 911 orationi
1860 878 1914 910 illa
1931 879 1973 914 ὡς
1992 878 2045 910 καὶ
2070 877 2124 910 τὸν
2147 876 2350 920 Ἀναξογὸραν

1281 931 1482 973 -γίγνεσθαι
1507 928 1701 971 interposuit
1718 929 1845 967 auctor,
1874 926 2060 958 inchoatam
2086 925 2257 966 periodum
2278 933 2348 957 ver-

1283 979 1331 1011 bis
1354 979 1413 1011 κᾶν
1425 978 1525 1015 οὕτως
1540 977 1721 1009 continuat.
1767 977 1917 1016 Namque
1943 974 2005 1006 boc
2023 974 2101 1007 dicit
2123 973 2348 1016 philosophus,

1282 1025 1408 1058 etiamsi
1423 1025 1496 1067 quis
1512 1024 1639 1057 inlinita
1658 1031 1767 1056 rerum
1793 1021 1968 1064 primordia
1989 1021 2102 1062 lingat,
2116 1029 2191 1061 quae
2205 1019 2246 1052 ab
2259 1020 2351 1052 omni

1284 1073 1404 1105 fuerint
1435 1072 1629 1112 aeternitate,
1657 1072 1693 1103 ut
1711 1073 1917 1111 Anaxagoras
1946 1069 2069 1110 fecerit,
2099 1071 2208 1100 tamen
2231 1076 2272 1100 ne
2304 1068 2352 1101 sic

1282 1119 1418 1161 quidem
1441 1118 1645 1159 contingere,
1668 1120 1704 1149 ut
1720 1117 1829 1149 omnia
1851 1116 1917 1149 sint
1936 1117 2070 1154 aeterna,
2094 1114 2151 1147 sed
2172 1113 2235 1146 alia
2249 1114 2352 1155 gigni,

1284 1167 1346 1200 alia
1356 1175 1425 1200 esse
1438 1165 1545 1207 genita
1564 1174 1605 1198 ex
1621 1165 1661 1197 iis
1677 1173 1752 1206 quac
1765 1165 1854 1204 sunt,
1866 1164 1930 1196 alia
1947 1163 2089 1205 denique
2111 1165 2236 1195 mutata
2252 1162 2354 1203 figura

1284 1215 1317 1247 in
1332 1214 1480 1247 diversas
1495 1212 1634 1245 transire
1649 1213 1792 1245 naturas.
1814 1213 2018 1252 Quapropter
2035 1211 2108 1252 post
2123 1213 2186 1241 τῶν
2208 1210 2318 1242 αἰτίων
2332 1211 2352 1249 ἢ

1285 1263 1315 1294 ἓν
1333 1263 1490 1303 punctum
1505 1260 1702 1302 ponendum,
1717 1268 1792 1301 quae
1806 1261 1989 1301 sequuntur
2007 1262 2118 1291 autem
2135 1257 2181 1290 sic
2200 1258 2354 1298 quemad-

1286 1310 1422 1343 modum
1454 1309 1590 1342 fecimus
1619 1306 1847 1340 constituenda
1882 1308 1972 1339 sunt.
2024 1306 2113 1339 Idem
2148 1305 2356 1346 Spaldingius

1287 1358 1440 1391 videntur
1459 1358 1492 1389 et
1516 1355 1669 1396 Bergkius
1685 1355 1868 1395 censuisse,
1891 1362 2034 1395 quorum
2059 1353 2146 1395 prior
2163 1355 2271 1386 tamen
2293 1354 2356 1385 du-

1287 1405 1403 1438 bitavit
1428 1404 1460 1437 in
1482 1403 1639 1445 principio
1662 1402 1959 1444 comprehensionis
1980 1402 2001 1441 ἢ
2023 1402 2062 1442 εἰ,
2083 1409 2125 1433 an
2150 1401 2176 1432 εἰ
2191 1400 2225 1432 δὲ
2241 1409 2357 1434 exara-

1288 1456 1348 1494 ret,
1363 1452 1522 1493 posterior
1538 1452 1590 1483 καὶ
1608 1450 1761 1493 γενόμενά
1773 1450 1800 1482 τ’
1815 1449 1946 1482 delevit.

1331 1505 1383 1533 22.
1408 1501 1475 1532 Ἔτι
1486 1499 1575 1532 οὐδὲν
1587 1499 1703 1531 κωλύει
1719 1498 1792 1540 μίαν
1808 1498 1878 1530 τινὰ
1896 1497 2006 1530 οὐσίαν
2020 1496 2056 1528 τὸ
2075 1498 2139 1528 πᾶν
2166 1496 2297 1538 μορφήν,
2315 1498 2359 1534 ὡς

1288 1548 1306 1579 6
1328 1545 1562 1587 Ἀναξίμανδρος
1578 1545 1632 1577 καὶ
1646 1545 1663 1577 6
1681 1544 1872 1586 Ἀναξιμένης
1888 1544 2046 1584 λέγουσιν,
2068 1543 2085 1575 6
2103 1544 2158 1585 μὲν
2178 1543 2262 1585 ὕδωρ
2279 1543 2359 1575 εἶναι

1289 1595 1421 1637 φάμενος
1434 1594 1470 1626 τὸ
1483 1595 1559 1633 πᾶν,
1577 1593 1594 1624 6
1611 1593 1658 1631 δέ,
1669 1593 1686 1624 6
1703 1592 1909 1634 Ἀναξιμένης,
1929 1592 2019 1633 ἀέρα,
2037 1592 2091 1624 καὶ
2111 1592 2181 1624 ὅσοι
2196 1593 2282 1623 ἄλλοι
2300 1591 2357 1623 οὕ-

1289 1654 1350 1678 τως
1366 1642 1444 1674 εἶναι
1463 1641 1500 1673 τὸ
1512 1643 1576 1673 πᾶν
1599 1640 1632 1672 ἓν
1652 1640 1836 1678 ἠξιώκασιν.
1881 1641 1984 1672 Τοῦτο
2009 1640 2069 1679 ἤδη
2084 1639 2230 1682 σχήμασί
2249 1650 2283 1671 τε
2305 1639 2359 1671 καὶ

1290 1691 1422 1727 πλήθεσι
1452 1690 1506 1721 καὶ
1533 1687 1705 1728 ὀλιγότητι,
1730 1688 1782 1719 καὶ
1809 1690 1855 1729 τῷ
1882 1687 1979 1728 μανὸν
2002 1689 2022 1726 ἢ
2051 1688 2170 1720 πυκνὸν
2184 1687 2359 1728 γίγνεσθαι,

1289 1737 1391 1770 πολλὰ
1405 1737 1458 1768 καὶ
1472 1735 1587 1777 ἄπειροι
1603 1735 1679 1767 ὄντα
1691 1746 1726 1767 τε
1741 1736 1796 1767 καὶ
1814 1735 1985 1776 γιγνόμενα
2000 1735 2208 1777 ἀπεργάζεται
2221 1735 2256 1766 τὸ
2272 1734 2359 1766 ὅλον.

1294 1787 1342 1818 lta
1360 1783 1524 1817 Bekkerus
1540 1784 1651 1815 locum
1666 1781 1819 1814 distinxit
1843 1782 1900 1824 qui
1914 1791 1967 1815 me
1984 1782 2091 1824 J’udice
2112 1783 2145 1815 in
2162 1791 2264 1815 unum
2289 1790 2360 1814 ver-

1292 1832 1408 1865 borum
1427 1831 1600 1863 circuitum
1621 1830 1860 1862 contrahendus
1876 1831 1957 1862 erat.
2003 1831 2114 1868 Quum
2140 1831 2251 1863 autem
2271 1839 2362 1862 mon-

1292 1883 1393 1913 strare
1408 1877 1548 1917 studeat,
1570 1876 1639 1909 lieri
1657 1885 1765 1918 posse,
1783 1879 1821 1909 ut
1841 1877 1902 1909 alia
1920 1876 1986 1909 siut
2004 1886 2045 1910 ex
2064 1877 2187 1910 aeterno
2202 1877 2361 1917 tempore,

1293 1926 1355 1958 alia
1371 1928 1480 1958 autem
1498 1926 1662 1966 generata,
1675 1922 1955 1965 quemadmodum
1976 1923 2200 1964 Agrigentinus
2218 1923 2362 1964 philoso-

1294 1972 1378 2014 phus
1397 1970 1595 2010 decreverit,
1619 1970 1814 2011 sempiterna
1832 1979 1903 2003 esse
1927 1972 2081 2011 quattuor
2098 1970 2153 2002 illa
2172 1970 2331 2003 elementa
2345 1979 2363 2002 e

1294 2019 1413 2061 quibus
1434 2026 1547 2051 eorum
1579 2025 1654 2058 quae
1671 2016 1822 2049 videmus
1850 2016 1978 2049 infinita
1997 2017 2046 2049 vis
2065 2018 2097 2049 et
2117 2017 2208 2057 copia
2227 2015 2362 2056 oriatur,

1294 2069 1351 2101 aut
1368 2068 1405 2100 ut
1420 2070 1627 2107 Anaxagoras
1646 2064 1819 2097 arbitratus
1839 2065 1893 2106 sit,
1916 2073 2025 2097 rerum
2054 2064 2212 2106 principia
2229 2073 2300 2097 esse
2319 2064 2365 2096 in-

1295 2115 1384 2148 finita
1403 2123 1442 2146 ex
1459 2114 1566 2154 iisque
1591 2111 1765 2152 copulandi
1785 2111 2055 2153 disJungendique
2077 2111 2235 2144 varietate
2256 2112 2366 2143 omnia

1295 2172 1364 2196 esse
1390 2162 1578 2203 procreata,
1600 2160 1680 2192 nibil
1702 2159 1833 2192 obstare
1860 2159 1938 2192 dicit
1957 2159 2160 2199 AristoteleS,
2190 2158 2366 2200 quominus

1296 2212 1394 2244 etiam
1410 2219 1451 2243 ex
1475 2217 1538 2241 una
1560 2208 1667 2248 aliqua
1687 2217 1797 2240 rerum
1816 2207 1922 2248 specie
1944 2207 2047 2240 multa
2067 2208 2165 2247 atque
2195 2207 2275 2239 adeo
2295 2205 2366 2237 inii-

1297 2260 1377 2298 nita,
1395 2266 1469 2299 quae
1484 2255 1603 2298 partim
1619 2254 1825 2295 suntvpartim
1837 2255 1932 2295 fiunt,
1950 2254 2191 2296 progignantur.
2237 2253 2374 2294 Quam-¹

1297 2307 1409 2340 obrem
1433 2305 1574 2346 primum
1591 2302 1664 2335 cod.
1698 2303 1786 2343 Lips.
1812 2303 2007 2335 auctoritate
2035 2302 2133 2334 οὖσαν
2159 2302 2367 2335 scribendum

1299 2364 1356 2396 pro
1371 2355 1493 2395 οὐσίαν,
1505 2352 1593 2393 quod
1605 2354 1628 2384 F
1632 2351 1833 2383 ullebornius
1847 2350 1999 2391 conjecit,
2009 2350 2185 2383 Felicianus
2199 2351 2367 2391 expressi-t,

1300 2402 1418 2435 deinde
1435 2410 1491 2443 pro
1512 2400 1717 2441 ἀπεργάζεται
1741 2407 1816 2430 cum
1834 2398 2021 2439 Spaldingio
2033 2400 2064 2431 et
2085 2398 2220 2439 Bergkio
2234 2398 2369 2441 ἀπεργά-

1299 2452 1404 2488 ζεσθαι
1424 2447 1657 2489 reponendum.
1703 2447 1774 2479 Una
1794 2447 1943 2487 superest
1966 2445 2155 2478 difficultas.
2201 2448 2284 2479 Nam
2304 2456 2369 2487 quo

1301 2498 1424 2538 spectet
1447 2495 1527 2528 illud
1548 2495 1584 2528 τὸ
1600 2495 1684 2532 ὅλον,
1704 2501 1770 2525 non
1796 2492 1891 2525 facile
1908 2492 2041 2525 dixeris.
2086 2493 2178 2526 Adde
2200 2493 2288 2534 quod
2308 2495 2369 2526 Fe-

1302 2545 1438 2578 licianus
1466 2544 1536 2576 haec
1565 2542 1665 2575 verba
1696 2542 1728 2573 iu
1760 2541 1936 2582 exemplari
1952 2550 2013 2573 suo
2036 2550 2100 2574 non
2121 2542 2274 2583 repperit.
2321 2543 2371 2574 lta

1302 2594 1388 2625 enim
1406 2591 1502 2624 vertit
1520 2603 1527 2623 :
1549 2603 1566 2619 «
1587 2589 1720 2622 Accedit
1753 2589 1841 2630 quod
1865 2588 1945 2621 nibil
1972 2590 2072 2629 vetat,
2097 2590 2174 2630 quin
2191 2598 2256 2621 uua
2277 2598 2369 2630 quae-

1303 2639 1378 2671 dam
1392 2637 1572 2671 substantia
1586 2639 1617 2668 et
1635 2636 1738 2668 forma
1749 2635 1938 2668 universum
1953 2636 2012 2674 sit,
2027 2636 2112 2668 sicut
2124 2639 2156 2669 et
2169 2637 2370 2669 Anaximan-

1304 2686 1362 2718 der
1381 2687 1414 2718 et
1431 2683 1646 2717 Anaximenes
1662 2683 1828 2724 inquiunt,
1846 2683 1928 2715 alter
1944 2692 2062 2724 aquam
2078 2692 2148 2716 esse
2167 2684 2370 2724 universum,

1305 2733 1521 2765 Anaximenes
1535 2740 1643 2764 aerem
1662 2739 1819 2770 asserens,
1836 2733 1870 2763 et
1891 2730 2078 2772 quicunque
2093 2731 2146 2763 alii
2173 2731 2218 2763 ita
2241 2732 2372 2763 univer-

1305 2789 1378 2814 sum
1401 2789 1469 2812 esse
1486 2788 1587 2811 unum
1610 2781 1819 2811 censuerunt.
1864 2778 1901 2810 Id
1917 2778 2004 2810 enim
2024 2782 2056 2811 et
2081 2778 2190 2819 figuris
2210 2780 2242 2812 et
2259 2780 2370 2811 multi-

1306 2827 1475 2860 tudinibus
1498 2828 1530 2860 et
1551 2826 1777 2868 paucitatibus,
1801 2827 1834 2858 et
1852 2825 1931 2858 dum
1951 2835 2059 2858 rarum
2082 2828 2115 2859 et
2135 2826 2276 2859 densum
2295 2836 2373 2859 eva-

1307 2876 1372 2916 dit,
1388 2875 1490 2907 multa
1512 2876 1545 2908 et
1558 2874 1682 2907 infinita
1694 2882 1733 2906 ea
1749 2881 1822 2915 quae
1844 2874 1876 2906 et
1901 2873 1966 2907 sint
1982 2875 2014 2906 et
2033 2874 2204 2915 gignantur
2222 2875 2333 2907 efficit.
2356 2888 2371 2902 n

1308 2922 1461 2964 Bergkius
1477 2922 1643 2955 existimat
1663 2925 1756 2954 τοῦτο
1773 2921 1884 2953 referri
1901 2921 1941 2953 ad
1957 2931 2059 2954 unum
2079 2922 2159 2954 illud
2177 2922 2372 2956 elementum

1310 2970 1460 3014 (μορφήν),
1477 2970 1564 3011 quod
1578 2971 1648 3002 sive
1662 2968 1852 3010 quantitatis
1872 2968 1941 3001 sive
1956 2969 2122 3010 qualitatis
2139 2969 2299 3002 rationem
2315 2970 2373 3001 ha-

1310 3019 1385 3051 beas
1402 3017 1612 3051 multifariam
1625 3017 1789 3050 dividatur
1808 3017 1841 3049 et
1864 3017 1973 3049 tamen
1994 3019 2099 3049 totum
2121 3017 2198 3049 illud
2226 3018 2270 3057 (τὸ
2291 3017 2371 3055 ὅλον)

1310 3066 1439 3099 efficiat.
1484 3068 1526 3099 At
1536 3065 1564 3098 si
1578 3065 1648 3098 liaec
1664 3065 1764 3108 μορφή
1782 3068 1830 3096 est
1844 3064 2046 3105 universum,
2064 3064 2230 3106 quomodo
2244 3064 2372 3097 efficere

1313 3114 1431 3156 poterit
1450 3115 1567 3155 totum,
1592 3113 1680 3155 quod
1702 3112 1831 3145 nomine
1860 3112 1962 3153 magis
1988 3121 2088 3153 quam
2110 3122 2143 3146 re
2161 3112 2222 3145 lioc
2238 3113 2374 3153 aliisque

1313 3163 1462 3195 veterum
1480 3161 1558 3194 locis
1578 3161 1689 3194 differt
1708 3160 1749 3192 ab
1766 3160 1941 3192 universo?
1985 3162 2102 3201 ltaque
2125 3160 2205 3192 nihil
2222 3160 2374 3201 frequen-

1315 3209 1379 3241 tius
1398 3209 1430 3241 in
1446 3208 1649 3242 Pseudocelli
1660 3208 1754 3247 libro,
1766 3216 1863 3248 quem
1878 3207 1953 3240 lieet
1964 3208 2184 3248 suppositum,
2203 3209 2374 3248 antiquum

1315 3258 1424 3290 tamen
1437 3266 1507 3290 esse
1521 3258 1658 3296 constat,
1677 3264 1775 3297 quam
1787 3255 1937 3295 junctum
1954 3255 2131 3296 utrumque
2148 3264 2266 3287 nomen
2289 3255 2376 3287 velut

1316 3311 1384 3344 cap.
1404 3304 1432 3343 1,
1450 3306 1468 3335 5
1488 3315 1496 3336 ε
1519 3303 1564 3336 Τὸ
1583 3303 1617 3336 δέ
1631 3314 1666 3343 γε
1677 3303 1748 3335 ὅλον
1764 3301 1817 3334 καὶ
1833 3302 1870 3334 τὸ
1888 3304 1951 3334 πᾶν
1961 3299 2055 3334 ὀὐδὲν
2068 3304 2141 3341 ἡμῖν
2158 3302 2188 3337 ἐξ
2206 3303 2300 3333 αὑτοῦ
2314 3312 2375 3333 πα-

1317 3349 1437 3391 ρέχεται
1453 3350 1618 3392 τεκμήριον
1633 3353 1784 3388 τοιοῦτον,
1800 3351 1832 3381 et
1847 3348 1924 3380 ibid.
1944 3351 1962 3381 7
1980 3360 1988 3380 ι
2007 3349 2052 3380 Τὸ
2073 3348 2107 3381 δέ
2121 3359 2157 3388 γε
2174 3349 2245 3380 ὅλον
2261 3348 2313 3378 καὶ
2341 3348 2376 3379 τὸ

1317 3399 1379 3430 πᾶν
1409 3397 1551 3439 ὀνομάζω
1578 3397 1632 3429 τὸν
1649 3397 1816 3438 σύμπαντα
1844 3395 1977 3436 κόσμον.
2001 3397 2083 3433 Quae
2108 3404 2210 3436 quum
2234 3395 2277 3426 ita
2299 3394 2376 3433 sint,

1318 3445 1412 3477 acute
1429 3444 1515 3477 Frid.
1540 3444 1730 3485 Sylburgius
1746 3452 1804 3484 pro
1823 3443 1859 3475 τὸ
1878 3443 1949 3476 ὅλον
1967 3442 2101 3483 conjecit
2114 3442 2209 3474 ταύτὸ
2224 3441 2270 3479 ὄν,
2289 3441 2375 3482 quod

1318 3501 1376 3533 ego
1391 3492 1532 3533 recipere
1550 3501 1613 3524 non
1636 3500 1708 3523 sum
1736 3492 1896 3531 gravatus.
1943 3492 2025 3522 Tum
2046 3489 2141 3530 igitur
2161 3490 2231 3530 post
2251 3488 2375 3530 longio-
