2612 3814
130 315 547 371 ΠΟΡΦΥΡΙΟΥ
570 314 1191 368 ΑΠΟΣΠΑΣΜΑΤΙΟΝ

507 454 591 488 ΤΟΥ
608 454 712 487 ΠΕΡΙ
731 454 817 487 ΤΗΣ

128 575 209 619 ΕΚ
239 573 463 619 ΛΟΓΙΩΝ
493 572 852 617 ΦΙΛΟΣΟΦΙΑΣ
883 573 1190 619 ΔΕΥΤΕΡΟΥ.

214 852 411 893 Ἀθανάτων
432 853 564 908 ἅρῥητε
584 851 722 908 πατήρ,
745 852 886 903 αἷώνιε,
913 852 1055 905 μύστα,

211 912 356 965 κόσμων
377 913 612 967 ἀμφιδρόμων
628 913 844 967 ἓποχοῦμενε
866 912 1021 953 δέσποτα
1040 912 1163 959 νώτοις

213 972 398 1026 αἰθερίοις,
421 974 531 1021 ἀλκῆς
549 971 608 1012 ἵνα
629 988 684 1013 σοι
704 972 806 1023 μένος
822 971 1029 1024 ἐστήρικται

209 1032 316 1071 πάντ’
335 1031 594 1087 ἔπιδερκομένῳ
612 1032 673 1071 καὶ
695 1031 853 1071 ἀκούους’
871 1031 973 1071 οὔασι
993 1033 1136 1077 καλοῖς·

164 1105 182 1131 5
209 1092 312 1131 κλῦθι
331 1094 418 1131 τεῶν
439 1091 596 1139 παίδων,
618 1090 676 1136 οὒς
694 1090 827 1144 ἤροσας
846 1090 949 1135 αὐτὸς
968 1092 1003 1130 ε’ν
1020 1090 1139 1144 ὥραις.

211 1150 267 1199 Σὴ
286 1151 355 1205 γὰρ
373 1151 461 1205 ὑπὲρ
481 1150 615 1203 κόσμον
632 1166 670 1189 τε
687 1150 749 1190 καὶ
767 1151 910 1203 οὗρανὸν
927 1150 1140 1204 ἀστερόεντα

210 1214 326 1265 χρυσῆ
343 1210 546 1265 ὑπέρκειται
566 1210 681 1259 πολλὴ
705 1209 849 1256 ἀῖώνιος
870 1210 988 1263 ἀλκή,

213 1265 253 1320 ἧς
270 1271 524 1325 ὓπερῃώρησαι
553 1270 676 1323 ὀρίνων
697 1269 787 1324 φωτὶ
807 1270 974 1319 σεαυτόν,

211 1329 348 1374 ἀενάοις
367 1330 522 1383 ὂχετοῒσι
538 1331 688 1378 τιθηνῶν
707 1333 789 1370 ’νοῦν
810 1331 1029 1379 ἀτάλαντον,

148 1402 184 1429 10
211 1388 247 1440 35
271 1391 314 1443 ῥα
330 1394 408 1429 κυεῖ
423 1388 502 1429 τόδε
521 1394 592 1428 πᾶν
618 1389 844 1441 τεκνούμενος
861 1390 1005 1445 ἄφθιτον
1023 1389 1110 1439 ὅλην
1124 1420 1137 1440 ,

200 1442 252 1497 ,ἧς
265 1448 398 1501 γε’νεσις
417 1448 623 1498 δεδόκηται,
641 1449 697 1487 ὅτε
723 1465 788 1502 σφε
807 1448 968 1489 τύποισιν
989 1447 1133 1498 ἔδησας.

209 1505 338 1547 Ἔνθεν
359 1507 594 1561 ἔπεισρείουσι
612 1506 713 1561 γοναὶ
732 1508 842 1561 ἁγίων
862 1507 926 1562 μὲν
947 1507 1109 1547 ἀνάκτων

184 1651 388 1705 Πορφυρίου
430 1651 729 1704 ἀποσπασμάτιον
763 1653 842 1692 κτλ.
860 1652 876 1706 ]
909 1653 1119 1691 Graculum
1147 1652 1192 1690 de

133 1724 284 1750 summo
315 1714 398 1750 Deo
420 1726 464 1750 ac
485 1713 533 1751 de
555 1714 698 1763 triplici
716 1714 828 1763 prole
860 1713 991 1750 divina
1005 1740 1016 1759 ,
1044 1712 1193 1762 insigne

132 1773 342 1823 Porphyrii
361 1773 550 1810 librorum
569 1772 652 1825 περὶ
682 1775 745 1821 τῆς
767 1773 808 1811 ἐκ
837 1771 966 1824 λογίων
987 1771 1195 1826 φιλοσοφίας

135 1831 413 1882 fragmentum,
439 1834 585 1882 primus
603 1834 644 1869 in
665 1833 791 1870 lucem
810 1834 976 1883 protulit
1007 1833 1194 1882 Augusti-

134 1904 206 1928 nus
223 1891 429 1936 Steuchus,
446 1893 686 1942 Eugubin11S‚
701 1893 742 1929 in
754 1893 951 1930 volumine
971 1892 1018 1930 de
1033 1893 1196 1942 perenni

133 1951 380 2002 philosophia
397 1952 579 2002 Lugduni
598 1965 633 1989 a.
661 1951 762 1997 1540
789 1953 985 2004 divulgato
1005 1953 1195 2002 repetito-

134 2023 211 2060 que
230 2011 383 2048 Basileae
412 2009 512 2055 1542
535 2019 573 2048 et
590 2013 760 2049 Venetiis
775 2013 817 2049 in
837 2013 991 2050 Steuchi
1012 2013 1195 2062 operibus

137 2068 255 2120 159¹·
289 2070 346 2106 Ex
370 2070 447 2106 hoc
467 2070 575 2107 fonte
603 2070 731 2108 hausit
758 2072 950 2109 Mornaeus
975 2070 1034 2124 (ι)
1058 2073 1125 2122 qm·
1148 2073 1196 2110 de

132 2130 321 2180 religione
343 2130 551 2167 christiana
572 2142 657 2180 cap.
678 2130 700 2168 3
723 2130 871 2169 omissis
893 2133 1067 2170 versibus
1086 2145 1192 2183 gme-

132 2189 187 2227 cis
204 2190 320 2227 latine
339 2196 378 2226 et
401 2189 538 2239 gallice
558 2202 714 2228 carmen
732 2193 922 2241 exposuit.
943 2190 1021 2230 Sed
1047 2193 1194 2230 utrius-

133 2260 209 2297 que
236 2249 312 2285 viri
338 2248 444 2286 docti
470 2250 658 2286 memoria
677 2249 877 2288 oblivione
903 2251 1089 2288 exstincta
1110 2252 1196 2288 An-

131 2308 239 2357 gelus
273 2307 395 2357 Majus
433 2308 539 2346 idem
576 2311 815 2359 poematium
850 2323 898 2348 ex
934 2311 1194 2349 Ambrosiano

133 2366 269 2404 codice
294 2367 526 2417 descriptum
547 2381 637 2405 cum
664 2369 874 2419 Porphyrii
902 2369 951 2407 ad
971 2371 1195 2408 Marcellam

131 2438 293 2464 uxorem
314 2428 478 2476 epistola
510 2427 611 2465 1816
630 2428 844 2466 Mediolani
871 2430 1013 2467 iterum
1045 2430 1196 2480 publici

129 2485 227 2534 juris
243 2486 347 2526 fecit.
365 2486 489 2524 Paulo
505 2495 595 2538 post
612 2490 634 2524 J
638 2502 676 2527 0.
693 2489 812 2528 Conr.
826 2490 991 2526 Orellius
1010 2490 1052 2526 in
1071 2489 1196 2539 Opus-

134 2546 229 2582 culis
257 2553 429 2584 veterum
451 2547 676 2584 Graecorum
707 2549 946 2585 sententiosis
974 2556 1013 2586 et
1037 2549 1196 2586 morali-

131 2603 206 2641 bus
224 2611 317 2643 tom.
343 2607 361 2642 1
377 2618 467 2655 pag.
489 2605 565 2656 319
585 2619 672 2643 cum
691 2606 783 2654 Maji
804 2619 948 2656 suaque
967 2608 1194 2657 explicatio·

132 2675 182 2700 ne
201 2665 368 2713 repetiit.
388 2665 498 2702 Adde
518 2665 594 2703 huc
613 2673 782 2703 nostram
799 2666 1010 2703 editionem
1028 2667 1196 2704 Berolini

138 2721 239 2759 1850
259 2725 540 2774 promulgatam
554 2754 564 2774 ‚
580 2725 820 2762 Boissonadii
836 2726 876 2761 in
894 2726 1046 2764 NotIces
1063 2734 1100 2763 et
1120 2728 1195 2762 Ex-

133 2787 242 2821 traits
260 2784 339 2822 vol.
361 2782 399 2821 11
421 2792 520 2834 part.
543 2797 565 2821 2
589 2798 678 2835 pag.
710 2799 783 2833 271
811 2784 888 2835 (cf.
922 2799 962 2835 p.
980 2785 1109 2836 294),
1131 2787 1196 2824 de-

131 2843 252 2893 nique
279 2844 434 2882 Gustavi
464 2842 609 2880 Wolffii
630 2845 672 2880 in
703 2845 909 2894 Porphyrii
940 2845 988 2882 de
1019 2845 1197 2895 philoso-

135 2902 229 2952 phia
263 2915 310 2940 ex
339 2904 504 2940 oraculis
537 2903 750 2941 haurienda
786 2905 976 2941 librorum
1006 2905 1195 2953 reliquiis,

135 2962 306 2999 Bcrolini
326 2961 513 3000 1856.De
534 2963 618 3012 ipso
636 2963 854 3013 Porphyrio
876 2963 1032 3013 ejusque
1048 2965 1199 3014 scriptis

137 3028 175 3058 et
192 3022 378 3071 sapientia
399 3022 584 3059 disserere
602 3023 667 3059 hic
697 3036 779 3060 non
801 3031 933 3070 vacat,
961 3036 1039 3071 quo
1071 3024 1111 3059 in
1133 3036 1198 3060 ar-

138 3088 320 3130 gumento
340 3079 489 3119 Wolsfii
512 3094 638 3131 nuper
650 3090 795 3119 versata
815 3083 1003 3119 industria
1024 3089 1087 3118 est.
1110 3083 1196 3119 Car-

136 3151 226 3175 men
252 3152 346 3176 vero
371 3141 477 3189 quod
500 3148 622 3178 totum
650 3142 767 3178 latine
799 3142 1040 3191 interpretati
1070 3155 1198 3179 sumus

138 3197 450 3237 adnotationibus
471 3201 658 3238 illustrare
676 3214 757 3238 non
785 3202 933 3240 attinet.
961 3203 1088 3238 Pauca
1108 3209 1197 3238 tan-

139 3263 219 3293 tum
246 3256 294 3294 de
321 3258 560 3308 singulorum
594 3261 775 3297 locorum
808 3261 996 3309 scriptura
1023 3268 1061 3297 et
1087 3273 1197 3298 sensu

139 3314 322 3353 dicemus.

139 3454 227 3536 Αἱ)
241 3456 388 3499 Mornay,
401 3459 450 3491 De
464 3457 501 3492 la
512 3458 657 3501 reliyion
669 3459 880 3502 chretienne,
891 3469 962 3503 pag.
979 3465 1016 3495 33
1026 3460 1077 3495 ed.
1092 3461 1194 3495 Paris.

159 3514 179 3535 0
223 3527 232 3537 ι

1348 321 1717 375 PORPHYRll
1761 323 2233 382 FRAGMENTUM

1630 465 1745 497 LlBRI
1768 465 1951 498 SECUNDI

1270 579 1331 616 DE
1357 579 1662 619 PHILOSOPHIA
1687 582 1746 620 EX
1773 582 1997 620 ORACULIS
2022 583 2304 622 HAURIENDA.

1665 710 1913 728 ψ

1255 860 1429 896 [neffabilis
1447 861 1682 898 immortalium
1701 867 1804 908 pater,
1821 869 1963 908 aeterne,
1985 869 2112 910 mysta‚

1257 921 1458 956 mundorum
1475 924 1530 966 qui
1548 924 1815 967 circumaguntur
1832 925 1938 960 dorsis
1956 927 2101 963 insidens
2124 928 2257 963 domine

1255 982 1399 1015 aetheriis
1411 1008 1421 1025 ,
1440 984 1559 1025 quibus
1578 985 1710 1018 virtutis
1726 987 1794 1019 tuae
1811 986 1912 1020 robur
1929 987 2081 1021 innititur

1255 1036 1364 1067 omnia
1380 1036 1518 1069 intuenti
1536 1036 1747 1080 pulchrisque
1769 1039 1903 1072 auribus
1922 1040 2087 1081 audienti;

1256 1087 1374 1120 exaudi
1397 1088 1515 1122 liberos
1531 1090 1622 1129 tuos,
1643 1099 1726 1131 quos
1748 1091 1815 1132 ipse
1836 1093 2030 1133 tempestive
2051 1094 2236 1135 procreasti.

1255 1143 1325 1175 Tua
1343 1143 1429 1175 enim
1447 1143 1605 1175 mundum
1626 1143 1810 1186 coelumque
1830 1146 2022 1180 stelliferum

1255 1205 1354 1229 aurea
1375 1197 1593 1238 supereminet
1614 1197 1744 1240 ingens,
1767 1199 1891 1231 aeterna
1910 1199 1981 1240 vis,

1255 1258 1352 1292 super
1366 1259 1428 1290 qua
1445 1250 1611 1283 extolleris
1630 1250 1704 1284 luce
1723 1252 1756 1284 te
1775 1250 1846 1292 ipse
1860 1251 2004 1284 excitans
2015 1276 2026 1293 ,

1257 1303 1453 1346 perennibus
1469 1304 1547 1338 rivis
1563 1305 1708 1338 nutriens
1727 1306 1871 1338 mentem
1894 1305 2038 1347 undique
2052 1307 2212 1349 aequalem
2225 1332 2236 1349 ‚

1256 1365 1331 1400 quae
1368 1357 1507 1400 concipit
1533 1357 1596 1391 hoc
1623 1357 1836 1399 universum,
1865 1358 2147 1401 incorruptibilem
2184 1360 2323 1402 gignens

2102 1412 2113 1456 [
2126 1410 2298 1447 materiam
2310 1440 2322 1456 ,

1256 1463 1350 1506 cujus
1379 1466 1472 1498 ortus
1503 1473 1575 1498 esse
1606 1464 1785 1508 putabatur
1812 1475 1880 1508 quo
1913 1466 2063 1510 tempore
2094 1476 2166 1501 eam
2207 1468 2325 1502 formis

1255 1517 1335 1551 lnde
1351 1517 1488 1550 aslluunt
1505 1518 1625 1559 stirpes
1643 1526 1810 1551 sacrorum
1825 1518 1956 1560 quidem
1971 1529 2082 1562 regum
2148 1520 2322 1563 [vinxisti.

1310 1653 1482 1689 Primum
1496 1665 1647 1690 versum
1658 1652 1699 1688 in
1713 1652 1918 1690 codicibus
1931 1653 2158 1703 praecedunt
2170 1656 2292 1693 verba
2310 1669 2321 1694 ε

1256 1710 1302 1751 Ὁ
1324 1710 1526 1766 Πορφύριος
1542 1712 1578 1750 ἐν
1597 1712 1648 1765 τῷ
1669 1710 1822 1765 δευτέρῳ
1845 1711 1913 1765 (al.
1932 1711 2089 1766 δεκάτῳ)
2109 1712 2237 1769 βιὸλίῳ
2257 1717 2322 1764 τῆς

1257 1773 1296 1810 ἐκ
1315 1771 1440 1823 λογίων
1457 1770 1664 1825 φιλοσοφίας
1680 1772 1787 1810 αὐτοῦ
1804 1771 2040 1825 παρατίθεται
2056 1772 2222 1827 χρησμὸν
2238 1776 2322 1831 περὶ

1255 1832 1317 1868 τοῦ
1338 1830 1434 1870 Θεοῦ
1448 1832 1510 1868 τοῦ
1531 1829 1705 1869 ἀθανάτου
1721 1829 1850 1883 ἔχοντα
1870 1830 1993 1877 οὕτως.

1309 1893 1372 1929 Vs.
1410 1903 1446 1931 1.
1468 1891 1546 1928 Pro
1582 1888 1765 1930 ἀθανάτων
1799 1890 1890 1932 cod.
1920 1894 2058 1934 Ambr.
2081 1893 2235 1934 ἀθάνατέ
2270 1897 2319 1937 τ’.

1257 1950 1431 1989 Observa
1456 1952 1583 1989 Deum
1610 1949 1748 2002 μύστην
1778 1954 1908 1990 vocari
1935 1966 1956 1991 a
1976 1955 2195 2005 Porphyrio
2222 1957 2321 1994 anti-

1259 2024 1427 2060 quorum
1446 2018 1652 2061 poetarum
1671 2013 1845 2062 exempla
1861 2021 1995 2050 secuto
2009 2042 2020 2061 ‚
2041 2016 2108 2063 qui
2129 2016 2321 2053 Bacchum

1257 2071 1393 2108 eodem
1412 2072 1569 2110 nomine
1584 2071 1844 2122 appellarunt.
1859 2073 1918 2112 Cf.
1931 2074 2092 2114 Anthol.
2110 2076 2233 2114 Palat.
2248 2077 2321 2124 IX,

1258 2129 1334 2176 524
1354 2144 1412 2170 vs.
1439 2131 1502 2171 13.

1308 2193 1372 2228 Vs.
1391 2191 1431 2229 6.
1454 2188 1499 2237 σὴ
1519 2188 1589 2242 γὰρ
1603 2191 1722 2229 habet
1738 2191 1865 2229 codex
1882 2192 2147 2242 Borbonicus‚
2180 2190 2235 2232 σοὶ
2251 2191 2321 2246 γὰρ

1255 2252 1544 2290 Ambrosianus.

1308 2314 1369 2350 Vs.
1388 2311 1426 2351 8.
1444 2313 1519 2348 Pro
1532 2309 1788 2363 ὓπερῃώρησαι
1807 2312 2049 2349 Borbonicus
2062 2312 2218 2351 exhibet
2231 2312 2321 2366 ὑπερ

1256 2369 1422 2423 ᾐώρησαι
1434 2398 1445 2418 ,
1478 2371 1665 2409 Steuchus
1690 2369 1781 2424 ὑπὲρ
1810 2370 2003 2424 ἠώρησας,
2040 2372 2320 2411 Ambrosianus

1257 2428 1345 2481 ὑπὲρ
1365 2429 1561 2483 αἷώρησας.

1309 2491 1368 2528 Vs.
1394 2502 1434 2539 9.
1465 2491 1541 2526 Pro
1575 2487 1711 2533 ἀενάοις
1743 2490 1899 2541 ὀχετοῒσι
1936 2491 2043 2540 quod
2080 2493 2309 2542 requiritur,

1255 2548 1535 2585 Ambrosianus
1556 2555 1594 2585 et
1612 2546 1800 2586 Steuchus
1821 2550 1920 2587 male
1939 2548 2086 2600 ὀχετοῖς.
2108 2548 2317 2589 Ἀτάλαντον

1257 2607 1396 2644 eodem
1430 2606 1647 2658 significatu
1680 2608 1856 2646 adhibuit
1891 2616 2011 2659 poeta
2053 2622 2131 2658 quo
2177 2611 2318 2648 Aratus

1256 2665 1452 2705 Phaenom.
1474 2680 1527 2704 vs.
1559 2681 1608 2705 22
1631 2666 1828 2706 ἀτάλαντον
1850 2667 1992 2716 ἁπάντη
2017 2667 2196 2722 μεσσηγὺς
2212 2675 2316 2721 γαῖαν

1256 2729 1386 2778 posuit
1397 2756 1407 2774 ,
1422 2728 1491 2764 ubi
1507 2728 1728 2766 scholiastes
1749 2740 1759 2768 2
1779 2727 2098 2780 ταλαντευομένην.

1311 2790 1374 2827 Vs.
1404 2800 1462 2825 10.
1480 2785 1516 2831 ὅς
1532 2788 1575 2839 ῥα
1597 2792 1674 2826 κυεῖ
1694 2789 1793 2826 liber
1806 2791 2108 2833 Laurentianus,
2131 2786 2167 2832 ὅς
2186 2790 2229 2842 ῥα
2242 2787 2318 2827 κύει

1257 2847 1554 2894 Ambrosianus,
1586 2845 1623 2891 ὃς
1661 2845 1784 2901 ρακύει
1807 2850 1994 2887 Steuchus
2029 2856 2181 2886 vertens
2213 2861 2223 2888 :
2254 2853 2320 2899 qui

1253 2907 1441 2955 producit.
1481 2907 1630 2944 Deinde
1662 2906 1889 2961 τεκνούμενος
1926 2910 2225 2958 Laurentianus,
2261 2923 2317 2946 τε·

1256 2964 1446 3017 χνούμενος
1459 2966 1701 3004 Borbonicus
1711 2996 1722 3017 ‚
1738 2967 1960 3020 τεχνώμενος
1974 2969 2172 3015 steuchus,
2185 2965 2317 3006 τεκνώ-

1259 3039 1360 3075 μενος
1376 3025 1663 3066 Ambrosianus.

1311 3087 1375 3123 Vs.
1402 3097 1418 3121 1
1431 3098 1465 3124 1.
1488 3077 1529 3131 ἧς
1543 3087 1691 3136 scripsit
1706 3087 1887 3124 Wolffius
1905 3100 1978 3136 pro
2000 3088 2102 3137 vulg.
2120 3085 2175 3133 ἣν.
2193 3086 2317 3139 Majus

1257 3142 1470 3192 ἣοοιῄίοἰῑ.
1495 3144 1620 3183 Porro
1639 3145 1773 3197 γένεσις
1800 3148 1979 3197 plerique
2003 3153 2212 3197 agnoscunt
2226 3147 2316 3183 libri

1257 3212 1419 3255 excepto
1440 3206 1664 3243 Borbonico
1693 3207 1761 3242 ubi
1781 3207 1922 3257 legitur
1949 3205 2100 3257 γένεσιν.
2134 3207 2316 3256 Sequitur

1257 3261 1316 3300 ὅτε
1331 3277 1351 3300 e
1367 3263 1518 3301 Wolsfii
1543 3263 1768 3312 conjectura
1785 3278 1858 3315 pro
1877 3264 1942 3304 ὅτι.
1961 3267 2137 3314 Denique
2156 3263 2315 3302 τύποισιν

1258 3323 1366 3371 quod
1384 3323 1691 3371 conjectaveram
1709 3337 1783 3374 pro
1802 3325 2011 3361 Borbonici
2035 3325 2223 3373 scriptura
2251 3320 2314 3360 τό-

1257 3380 1374 3420 ποίσιν
1400 3390 1439 3420 et
1456 3384 1702 3421 Ambrosiani
1726 3382 1885 3423 τόποισιν
1915 3383 2070 3422 Steuchi
2089 3383 2315 3420 auctoritate

1258 3441 1527 3480 confirmatum
1548 3444 1644 3480 vidit
1661 3445 1711 3481 W
1714 3443 1854 3482 olffius.

1310 3503 1370 3540 Vs.
1403 3515 1467 3542 12.
1498 3501 1591 3541 ἔνθεν
1611 3502 1776 3540 refertur
1796 3503 1845 3540 ad
1863 3503 1935 3540 Dei
1965 3503 2065 3549 vim,
2099 3498 2225 3547 ἀλκήν.
2251 3497 2314 3539 Ἐ-

1196 3573 1258 3606 191
