2612 3814
943 254 999 293 IN
1026 254 1247 294 AUREUM
1276 254 1505 294 CARMEN.

2239 261 2315 295 429

141 348 263 402 ὄφελος
278 335 529 387 κατατίθεσθαι
550 345 624 392 δεῖ,
647 342 770 395 πράως
788 342 851 393 μὲν
870 342 1027 387 εἴκοντας
1047 349 1118 387 τοῖς
1140 359 1204 382 κα-
1263 342 1303 381 τὸ
1324 342 1490 386 καταδεὲς
1510 344 1615 382 αὐτοῦ
1635 345 1696 390 τῆς
1714 341 1872 394 γνώμης,
1885 343 2114 395 ὀδυρομένους
2134 342 2170 382 δὲ
2189 345 2322 395 μᾶλλον

140 409 211 450 λῶς
237 403 489 460 ὑφηγουμένοις
522 405 592 441 τῶν
621 400 747 456 φίλων,
769 401 891 455 πράως
925 399 961 440 δὲ
991 403 1107 446 αὐτοῖς
1134 404 1204 440 τῶν
1265 402 1325 441 καὶ
1346 405 1558 455 θρηνοῦντας
1589 402 1799 454 ὑπεραλγεῖν
1830 404 1935 441 αὐτοῦ
1956 403 2016 441 καὶ
2046 402 2323 456 ὑπερεύχεσθαι,

142 467 261 506 καλῶν
279 464 343 512 τὴν
359 461 543 503 κοινωνίαν
563 460 830 515 προτείνοντας,
849 461 932 513 περὶ
954 460 990 500 δὲ
1010 460 1205 514 χρημάτων

142 520 165 568 ἢ
187 522 286 569 δόξης
304 522 327 570 ἥ
347 537 436 565 τινος
465 520 572 559 ἄλλου
591 521 661 558 τῶν
694 519 735 558 ἐκ
767 522 831 566 τῆς
859 522 985 566 θνητῆς
1005 518 1208 571 συστοιχίας

145 580 380 635 μηδεπώποτε
397 581 511 623 αὐτοῖς
528 577 808 632 διαφερομένους.
824 581 939 619 Τοῦτο
948 578 1018 632 γὰρ
1031 573 1073 626 ἦν
1091 578 1209 630 ἆμαρ-

144 640 248 685 τάδος
278 639 395 679 εἵνεκα
427 640 555 692 μικρῆς
583 639 632 682 εἷς
652 636 842 689 ἀπέχθειαν
873 637 1106 676 καθίστασθαι
1137 642 1208 679 τοῖς

144 699 225 751 περὶ
256 697 302 737 τὰ
322 699 471 749 μέγιστα
496 696 610 748 ἀγαθὰ
632 695 744 749 φίλοις
773 698 858 744 ἡμῖν
883 695 1113 749 ὑπάρχουσιν.
1147 696 1209 738 Εἷς

143 757 261 797 πάντα
295 752 353 795 οὖν
389 758 458 794 τῶν
490 754 599 808 φίλων
628 753 845 806 ἀνεξόμεθα,
869 755 917 798 ὣς
947 755 1014 793 ὑπὸ
1044 753 1210 805 μεγίστης

145 814 300 867 ἀνάγκης
318 818 380 862 τῆς
399 816 537 868 φιλικῆς
557 813 743 858 διαθέσεως
763 813 985 864 πιεζόμενοι,
1005 813 1098 861 πλὴν
1119 811 1207 856 ἑνός.

144 876 199 914 Οὐ
220 873 289 928 γὰρ
321 874 363 921 δὴ
384 873 445 913 καὶ
466 873 551 927 πρὸς
582 873 621 912 τὸ
650 873 767 925 χεῖρον
788 872 1063 926 ὑποφερομένοις
1094 871 1211 914 αὐτοῖς

146 933 300 986 εἴξομεν,
319 933 396 972 οὐδὲ
419 931 742 984 μεταὸαλλομένοις
761 932 800 970 ἐκ
820 934 882 977 τῆς
899 930 981 984 περὶ
1003 929 1209 982 φιλοσοφίαν

147 995 301 1041 σπουδῆς
318 995 365 1038 εἷς
383 994 504 1046 ἑτέραν
518 991 594 1031 τινὰ
615 995 675 1030 τοῦ
699 991 774 1043 βίου
791 993 953 1043 πρόθεσιν
975 989 1213 1036 ἐπακολουθή-

148 1069 255 1104 σομεν
272 1053 332 1092 καὶ
353 1052 452 1092 αὐτοὶ
468 1051 760 1105 συνεκφερόμενοι
778 1051 850 1094 τοῖς
864 1049 1122 1090 ἀποπίπτουσιν
1141 1049 1211 1088 ἀπὸ

147 1116 208 1152 τοῦ
225 1113 311 1166 πρὸς
331 1111 458 1165 ἀρετὴν
476 1114 607 1150 σκοποῦ
622 1140 634 1159 ,
653 1109 745 1149 ἀλλὰ
766 1110 921 1161 μάλιστα
940 1107 1004 1160 μὲν
1023 1108 1123 1161 πάσῃ
1143 1124 1213 1160 μη-

146 1175 241 1225 χανῇ
258 1170 498 1224 πειρασόμεθα
516 1170 574 1208 τὸν
595 1169 694 1223 φίλον
715 1166 1050 1221 ἐπανορθώσασθαι·
1068 1166 1119 1215 μὴ
1136 1165 1214 1205 πεί-

149 1236 265 1277 θοντες
287 1230 322 1269 δὲ
346 1231 499 1283 ἡσυχίαν
518 1228 655 1279 ἕξομεν,
682 1226 762 1266 οὔτε
783 1226 904 1281 ἐχθρὸν
932 1225 1135 1278 ποιούμενοι
1156 1225 1212 1263 διὰ

148 1290 213 1338 τὴν
227 1288 529 1343 προῦπηργμένην
547 1287 683 1341 φιλίαν,
695 1286 775 1326 οὔτε
793 1288 890 1339 φίλον
906 1286 956 1325 ἔτι
971 1285 1028 1325 διὰ
1048 1285 1110 1333 τὴν
1128 1286 1214 1339 πρὸς

147 1350 188 1389 τὸ
219 1354 337 1403 χεῖρον
371 1347 587 1399 μεταὸολήν.
606 1344 724 1386 εὨστε
759 1345 882 1385 τούτου
908 1345 1014 1399 χάριν
1034 1345 1092 1385 τὸν
1113 1345 1211 1399 φίλον

148 1408 233 1447 ποτὲ
248 1406 516 1459 ἀποθησόμεθα,
535 1409 580 1450 ὡς
597 1405 724 1458 μηκέτι
739 1406 930 1456 δυνάμενον
947 1398 1036 1443 εἶναι
1051 1405 1214 1444 κοινωνὸν

148 1472 235 1522 ἡμῖν
268 1470 415 1521 ἀρετῆς,
446 1462 488 1514 ἧς
521 1465 622 1505 ἕνεκα
657 1465 718 1505 καὶ
751 1464 816 1512 τὴν
843 1462 956 1518 ἀρχὴν
991 1463 1089 1517 φίλον
1111 1463 1214 1503 αὐτὸν

152 1524 412 1578 ἐποιησάμεθα.
450 1525 497 1565 Ἡ
519 1525 554 1564 δὲ
586 1527 750 1570 ἀπόθεσις
782 1523 988 1578 φυλαττέτω
1018 1523 1059 1563 τὸ
1090 1523 1139 1575 μὴ
1169 1524 1216 1567 εἷς

150 1586 281 1640 ἔχθραν
301 1590 530 1637 μεταπεσεῖν.
553 1587 614 1624 Δεῖ
635 1583 727 1638 γάρ,
747 1585 777 1623 εἷ
796 1583 857 1622 καὶ
877 1585 1006 1627 ἐκεῖνος
1020 1585 1082 1629 τῆς
1096 1581 1214 1636 φιλίας

152 1645 274 1685 ἑαυτὸν
307 1644 537 1697 ὑπεξήγαγεν,
568 1648 664 1695 ἡμᾶς
696 1647 780 1696 γοῦν
811 1642 980 1690 πλείστην
1010 1642 1212 1693 ἐπιμέλειαν

151 1707 325 1745 ποιεῖσθαι
339 1735 352 1754 ,
373 1703 466 1748 ὅπως
487 1702 747 1751 ἕπανακληθείη
768 1702 854 1756 πρὸς
877 1702 916 1741 τὸ
936 1702 1028 1750 δέον,
1045 1704 1108 1741 οὐκ
1126 1703 1214 1754 ἀγα-

151 1766 291 1808 πῶντας
308 1762 372 1811 τὴν
393 1762 596 1802 ἀπόπτωσιν
615 1766 677 1803 τοῦ
696 1764 797 1815 φιλου
814 1762 890 1801 οὐδὲ
914 1764 1216 1815 ὑπερφρονοῦντας

152 1898 270 1948 gressi
287 1904 398 1947 sunt,
427 1897 691 1946 quodcunque
711 1897 807 1932 alius
830 1897 905 1932 alio
934 1896 1070 1932 melius
1085 1895 1218 1945 praevi-

157 1956 280 2005 derit,
319 1956 361 1993 id
407 1956 448 1991 in
488 1967 733 1992 communem
775 1955 979 1990 utilitatem
1024 1953 1219 1999 conferre,

156 2016 288 2052 amicis
307 2015 406 2051 bene
434 2014 681 2051 monentibus
705 2015 843 2050 leniter
862 2013 1058 2060 cedentes3
1083 2014 1220 2050 leniter

157 2075 271 2111 etiam
297 2086 365 2120 ea,
388 2087 471 2122 quae
497 2074 602 2110 bona
629 2081 739 2123 sunt,
759 2087 846 2111 cum
869 2074 915 2109 iis
933 2074 1218 2110 communican-

158 2140 229 2180 tes,
253 2145 452 2181 nunquam
483 2140 612 2169 autem
639 2132 687 2169 de
717 2133 891 2182 pecuniis
910 2139 975 2168 aut
1000 2133 1122 2181 gloria
1156 2140 1221 2168 aut

157 2192 231 2229 alia
249 2203 292 2228 re
313 2203 333 2228 e
356 2191 590 2228 caducarum
612 2202 750 2240 genere
773 2203 861 2227 cum
881 2191 954 2226 illis
982 2189 1217 2228 dissidentes.

156 2250 204 2288 Id
234 2251 336 2287 enim
359 2258 456 2287 esset
484 2257 646 2300 propter
671 2250 755 2287 leve
782 2256 986 2300 peccatum
1004 2250 1221 2286 inimicitias

157 2311 350 2359 suscipere
376 2323 464 2347 cum
494 2310 586 2356 illis,
607 2310 674 2358 qui
693 2310 736 2345 in
764 2310 937 2347 maximis
968 2309 1081 2345 bonis
1110 2310 1221 2345 amici

158 2369 271 2407 nobis
289 2376 388 2407 sunt.
411 2370 491 2405 Nos
509 2369 627 2418 igitur
652 2369 776 2406 amica
800 2368 1023 2415 affectione,
1039 2376 1220 2417 tanquam

157 2429 323 2465 maxima
340 2428 623 2465 necessitudine
649 2429 772 2465 coacti
786 2456 796 2475 ,
817 2429 960 2465 amicos
975 2429 1017 2464 in
1041 2428 1221 2465 omnibus

159 2490 342 2533 feremus,
364 2493 527 2537 excepto
555 2500 651 2524 uno.
673 2489 807 2536 Neque
836 2489 938 2524 enim
968 2488 1045 2525 illis
1073 2500 1221 2524 morem

159 2548 274 2585 etiam
293 2559 489 2597 geremus,
513 2548 544 2583 si
566 2547 820 2595 prolabantur
842 2549 882 2584 in
905 2548 1096 2594 deterius3
1123 2560 1194 2584 nec
1209 2576 1219 2594 ,

159 2608 189 2644 si
203 2620 224 2644 a
239 2607 433 2657 sapientiae
450 2606 579 2643 studio
599 2606 650 2643 ad
669 2606 774 2642 aliud
793 2607 952 2655 aliquod
968 2608 1053 2643 vitae
1071 2607 1222 2642 institu-

163 2673 245 2702 tum
268 2672 483 2711 transeant,
502 2677 568 2701 eos
589 2676 807 2714 sequemur,
827 2665 980 2715 abrepti
995 2672 1034 2701 et
1052 2666 1126 2715 ipsi
1147 2677 1224 2701 una

166 2737 255 2761 cum
275 2725 319 2761 iis
335 2736 357 2760 a
373 2725 523 2760 virtutis
539 2737 659 2774 scopo
675 2724 959 2772 aberrantibus,
975 2725 1041 2761 sed
1056 2737 1223 2773 quacun·

163 2796 239 2834 que
255 2784 419 2820 max-ime
435 2796 637 2833 possumus
650 2784 804 2820 ratione
821 2784 1047 2820 conabimur
1060 2785 1223 2820 amicum

162 2843 203 2878 in
227 2849 374 2879 rectam
395 2843 495 2878 viam
524 2843 711 2880 reducere
735 2856 743 2879 :
768 2843 907 2892 quodsi
939 2844 974 2879 ei
994 2843 1225 2893 persuadere

163 2913 419 2951 nequeamus,
462 2909 542 2938 tum
579 2903 838 2951 quiescemus,
868 2914 993 2951 neque
1027 2904 1223 2940 inimicum

162 2960 270 2998 illum
289 2960 470 2998 facientes
484 2968 647 3010 propter
664 2962 868 2998 amicitiam
883 2974 1136 3012 praegressam‚
1153 2975 1224 2999 nec

133 3043 138 3046 -
163 3031 237 3070 pro
257 3020 381 3057 amico
396 3021 435 3056 in
454 3028 652 3070 posterum
667 3021 846 3058 habentes
858 3029 1021 3070 propter
1040 3023 1224 3058 mutatio-

163 3090 253 3116 nem
274 3080 316 3115 in
336 3075 512 3116 deterius.
535 3081 671 3128 Itaque
689 3080 761 3116 hac
779 3080 828 3117 de
851 3093 961 3117 causa
984 3082 1147 3118 amicum
1164 3082 1228 3118 ali-

169 3138 324 3187 quando
344 3139 654 3188 repudiabimus,
676 3152 796 3188 quum
814 3140 988 3190 virtutis,
1011 3139 1117 3188 cujus
1136 3153 1224 3190 gra-

167 3198 406 3248 tia'primum
423 3198 544 3236 factus
560 3207 616 3236 est
635 3200 777 3236 amicus
790 3227 800 3245 ,
818 3200 1012 3250 particeps
1024 3201 1226 3237 nobiscum

165 3257 327 3306 ampl-ius
346 3269 423 3293 esse
438 3270 519 3294 non
536 3265 665 3307 queat.
689 3259 911 3296 Cavendum
932 3267 1059 3296 autem
1080 3272 1128 3296 ne
1146 3260 1226 3296 haec

163 3315 381 3365 repudiatio
410 3316 450 3352 in
472 3317 710 3354 inimicitiam
730 3325 911 3356 vertatur.
933 3319 1111 3366 Quamvis
1127 3320 1228 3355 enim

165 3374 230 3411 ille
250 3375 297 3411 ab
313 3375 478 3412 amicitia
494 3388 532 3412 se
553 3376 801 3428 subduxerit,
822 3391 893 3414 nos
919 3385 1021 3414 certe
1045 3378 1153 3414 decet
1168 3391 1230 3414 cu-

166 3445 253 3470 rare
291 3434 575 3484 diligentissime
589 3465 599 3482 ,
635 3444 680 3473 ut
711 3438 761 3474 ad
806 3437 975 3475 officium
1011 3445 1226 3484 revocetur,

166 3505 406 3542 nequaquam
434 3495 545 3531 amici
582 3495 689 3545 lapsu
722 3497 889 3534 laetantes
920 3505 956 3534 et
985 3497 1122 3545 J'udicii
1146 3497 1227 3545 ejus

1246 2521 1258 3167 γ
1282 2549 1407 2584 rantia
1418 2574 1429 2590 ‚
1446 2554 1482 2583 et
1495 2547 1525 2583 si
1545 2546 1592 2582 de
1607 2545 1762 2581 minutis
1774 2545 1889 2581 rebus
1899 2557 1987 2580 cum
2004 2545 2134 2581 amicis
2147 2557 2343 2594 nunquam

1265 461 1326 501 ml
1345 461 1461 500 πάντα
1480 464 1668 514 πειρᾶσθαι
1689 461 1800 499 ποιεῖν
1832 462 1876 499 τὰ
1899 460 1985 515 πρὸς
2015 460 2077 508 τὴν
2104 464 2144 500 ἐκ
2165 479 2327 514 μεταμε-

1264 521 1360 564 λείας
1391 519 1568 573 σωτηρίαν
1602 519 1706 558 αὐτὸν
1739 519 1972 572 ἐπανάγοντα.
2007 522 2167 559 Τοιαῦτα
2193 522 2230 560 δέ
2253 525 2327 563 ἐστι

1239 597 1244 621 .·
1266 581 1306 620 τὸ
1329 580 1418 633 μήτε
1440 580 1520 633 περὶ
1538 579 1733 633 χρημάτων
1755 579 1844 630 μήτε
1863 579 1945 632 περὶ
1972 579 2070 626 δόξης
2087 581 2182 633 αὐτῷ
2203 583 2327 636 διαφέ-

1270 644 1407 693 ρεσθαι,
1421 640 1482 680 καὶ
1501 640 1541 679 τὸ
1561 640 1612 692 μὴ
1634 639 1686 693 ἐφ’
1706 639 1805 692 ὕὸρει
1832 643 1893 687 τῆς
1914 639 2096 684 κοινωνίας
2117 640 2220 679 αὐτὸν
2242 645 2328 681 ἀπο·

1269 702 1416 754 στερεῒν,
1438 699 1526 751 μηδὲ
1545 699 1743 752 φιλοτιμίαν
1765 701 1888 738 ἑαυτοῦ
1915 700 2089 738 ποιεῖσθαι
2111 699 2176 747 τὴν
2197 701 2328 739 ἐκείνου

1269 758 1475 812 δυστυχίαν.
1494 758 1643 806 Ἐπειδὴ
1658 757 1695 798 δὲ
1709 757 1770 798 καὶ
1789 759 1873 811 πρὸς
1889 757 1952 805 τὴν
1971 757 2116 810 ἀρίστην
2138 760 2205 796 τῶν
2220 759 2328 812 φίλων

1268 818 1417 870 τήρησιν
1435 817 1506 864 καὶ,
1515 818 1600 871 πρὸς
1617 817 1681 866 τὴν
1699 817 1841 870 εὔλογον
1859 818 2021 856 ἀπόθεσιν
2035 817 2095 856 καὶ
2112 818 2198 870 πρὸς
2211 817 2273 866 τὴν
2292 820 2330 857 ἐκ

1271 877 1504 928 μεταμελείας
1524 880 1638 916 αὐτῶν
1657 877 1897 926 ἔπανάκλησιν
1917 879 2065 916 πλεῖστα
2087 877 2331 927 συμὸάλλεται

1271 936 1311 976 τὸ
1340 937 1511 988 ἡμέτερον
1546 937 1749 982 ἀνεξίκακον
1769 935 1932 990 καὶπερὶ
1962 937 2107 987 μηδενὸς
2137 935 2223 989 πρὸς
2253 937 2332 981 τοὺς

1271 995 1388 1048 φίλους
1409 996 1741 1048 μικρολογούμενον,
1762 1012 1812 1047 μη
1836 995 1852 1034 ὲ
1878 996 2097 1041 ἐξεταστικὸν
2126 996 2212 1049 πρὸς
2232 997 2331 1050 ἀκρί-

1273 1053 1386 1102 ὅειαν,
1409 1056 1487 1093 ἀλλ’
1507 1054 1586 1094 ὅσον
1606 1049 1675 1094 οἷόν
1693 1071 1730 1093 τε
1750 1055 2020 1104 ὑπομονητικόν·
2042 1055 2099 1093 διὰ
2120 1059 2222 1095 τοῦτο
2245 1055 2332 1102 ἐπή-

1272 1129 1379 1165 γαγεν
1400 1112 1510 1166 ὄφρα
1531 1113 1654 1166 δύνῃ.
1680 1107 1767 1151 Εἶτα
1788 1113 1846 1151 ἵνα
1868 1114 1917 1164 μὴ
1947 1113 2011 1160 τὴν
2032 1114 2179 1164 δύναμιν
2200 1117 2250 1167 τῷ
2271 1119 2333 1161 τῆς

1273 1173 1510 1226 προαιρέσεως
1540 1172 1658 1225 μέτρῳ
1684 1172 1849 1224 κανονίσῃ
1878 1189 1949 1220 τις,
1968 1174 2045 1211 ἀλλ’
2064 1175 2158 1225 αὐτῷ
2190 1175 2240 1225 τῷ
2271 1176 2333 1219 τῆς

1273 1231 1408 1285 φύσεως
1435 1233 1597 1285 φορητῷ,
1619 1229 1697 1270 ὅσον
1722 1233 1744 1278 ἡ
1766 1230 1901 1282 ἀνάγκη
1933 1232 2172 1283 προσελθοῦσα
2205 1231 2334 1282 ἐξευρί-

1274 1306 1372 1338 σκει,
1406 1290 1564 1342 ἐπήγαγε
1599 1290 1790 1340 δύναμις
1824 1289 1910 1343 γὰρ
1944 1290 2143 1341 ἀνάγκης
2179 1290 2334 1341 ἐγγύθι

1273 1351 1409 1389 ναίει.
1431 1348 1615 1394 Ἕκαστος
1632 1349 1723 1402 γάρ,
1745 1343 1792 1387 ὧν
1813 1348 1924 1387 οἴεται
1940 1348 2133 1396 δύνασθαι,
2151 1348 2257 1387 πλέον
2277 1350 2335 1387 δυ·

1275 1411 1423 1462 νάμενος
1457 1411 1526 1451 ὑπὸ
1548 1413 1611 1458 τῆς
1643 1409 1799 1460 ἀνάγκης
1830 1409 2027 1460 ἐλέγχεται.
2067 1410 2256 1447 Τοσοῦτον.
2277 1402 2334 1447 οῦν

1277 1474 1528 1523 προθυμεῖσθαι
1545 1469 1614 1524 χρὴ
1631 1473 1700 1509 τῶν
1718 1467 1827 1520 φίλων
1846 1468 2048 1520 ἀνέχεσθαι,
2064 1467 2144 1506 ὅσον
2159 1471 2180 1515 ἡ
2198 1467 2334 1519 ἀνάγκη

1278 1525 1451 1563 δείκνυσιν
1481 1526 1577 1575 ἡμᾶς
1601 1522 1833 1575 δυναμένους,
1856 1522 1916 1560 καὶ
1936 1520 1976 1560 τό
1996 1537 2036 1573 γε
2058 1520 2219 1574 ἐξαίφνης
2249 1521 2337 1573 ἀφό-

1279 1599 1381 1638 ρητον
1401 1583 1506 1637 φανὲν
1525 1586 1570 1635 τῇ
1590 1585 1652 1629 τῆς
1671 1581 1786 1634 φιλίας
1807 1580 1944 1633 ἀνάγκῃ
1962 1580 2111 1633 φορητὸν
2126 1586 2255 1620 ποιεῖν.
2274 1580 2335 1627 Μὴ

1276 1642 1345 1694 γὰρ
1366 1642 1409 1690 δή
1429 1656 1497 1680 που
1515 1640 1559 1679 τὰ
1578 1640 1664 1692 πρὸς
1685 1639 1764 1693 βίαν
1783 1639 2040 1690 ἐπιταττόμενα
2060 1638 2150 1690 μόνα
2183 1639 2336 1691 οἰώμεθα

1277 1702 1469 1754 προσήκειν
1498 1700 1663 1753 γενναίως
1692 1698 1892 1751 ὑπομένειν,
1915 1698 2006 1737 ἀλλὰ
2025 1698 2086 1737 καὶ
2105 1698 2150 1738 τὰ
2169 1699 2253 1751 πρὸς
2275 1715 2338 1751 φυ-

1278 1760 1390 1808 λακὴν
1410 1762 1479 1799 τῶν
1501 1759 1610 1814 φίλων
1630 1758 1691 1798 καὶ
1723 1759 1917 1806 ἀνάκλησιν
1942 1758 2162 1797 συντείνοντα
2184 1758 2338 1810 μείζονος

1279 1893 1450 1942 inopiam
1473 1892 1721 1940 despicientes
1734 1919 1744 1936 ,
1763 1890 1830 1926 sed
1848 1891 2021 1927 lamentis
2043 1892 2174 1940 potius
2192 1899 2230 1927 et
2244 1893 2339 1941 plo-

1280 1959 1368 1988 ratu
1379 1952 1502 1988 vicem
1523 1949 1605 1997 ejus
1628 1950 1800 1986 dolentes
1817 1956 1854 1986 et
1876 1962 1949 1998 pro
1971 1962 2016 1986 eo
2037 1957 2237 1999 precautes
2251 1977 2261 1995 ,
2279 1958 2336 1987 at-

1282 2024 1357 2060 que
1394 2011 1523 2047 omnia
1562 2010 1688 2046 facere
1731 2015 1931 2055 conantes,
1974 2009 2114 2057 quibus
2141 2010 2204 2046 ille
2250 2010 2340 2046 facti

1279 2071 1468 2119 poenitens
1491 2069 1540 2106 ad
1556 2069 1715 2105 salutem
1734 2067 1956 2105 reducatur.
1975 2068 2078 2104 Talia
2092 2075 2220 2104 autem
2234 2076 2337 2119 sunt,

1280 2139 1322 2166 ut
1351 2143 1423 2167 nec
1450 2130 1498 2166 de
1516 2130 1710 2178 pecuniis,
1735 2141 1806 2164 nec
1834 2128 1882 2164 de
1909 2128 2032 2177 gloria
2058 2141 2145 2164 cum
2177 2141 2220 2165 eo
2243 2141 2340 2165 con*

1283 2190 1499 2236 tendamus,
1520 2201 1646 2237 neque
1667 2201 1755 2224 cum
1782 2188 2011 2224 contumelia
2046 2199 2132 2224 eum
2161 2189 2340 2225 societate

1280 2252 1492 2301 privemus,
1521 2261 1646 2297 neque
1670 2246 1751 2294 ejus
1781 2247 2036 2282 infortunium
2065 2248 2177 2283 nobis
2210 2249 2340 2297 gloriae

1282 2311 1480 2348 ducamus.
1496 2306 1818 2357 Quandoquidem
1838 2319 1931 2342 vero
1953 2312 2032 2342 tum
2047 2306 2097 2342 ad
2129 2308 2272 2343 amicus
2287 2320 2334 2343 o-

1280 2372 1401 2420 ptime
1419 2367 1642 2406 retinendos
1655 2364 1835 2416 justeque
1870 2365 2130 2414 repudiandos
2142 2395 2152 2412 ,
2190 2374 2271 2402 tum
2293 2367 2341 2403 ad

1284 2441 1348 2465 eos
1367 2427 1601 2477 poenitentiae
1616 2424 1807 2462 beneficio
1823 2437 1955 2461 sanam
1974 2425 2024 2461 ad
2042 2430 2212 2463 mentem
2228 2439 2342 2463 revo-

1285 2489 1426 2525 candos
1443 2487 1654 2537 plurimum
1676 2485 1827 2522 confert
1846 2492 1978 2520 nostra
1997 2484 2226 2533 injuriarum
2246 2487 2344 2522 tole-

1284 2608 1499 2656 litigemus3
1520 2617 1591 2641 nec
1611 2604 1660 2640 ad
1695 2605 1873 2640 amussim
1894 2603 2026 2640 omnia
2044 2604 2257 2654 exigamus,
2277 2604 2345 2640 sed

1286 2673 1472 2714 quantum
1490 2663 1574 2700 fieri
1592 2670 1720 2712 potest
1746 2663 1940 2712 patiamur
1960 2675 1969 2699 :
1991 2662 2080 2699 ideo
2098 2663 2174 2700 hoc
2189 2691 2200 2710 ‚
2220 2665 2348 2712 quoad

1280 2728 1417 2773 possis,
1454 2722 1610 2770 adjecit.
1631 2722 1781 2759 Deinde
1806 2735 1855 2759 ne
1882 2723 1967 2771 quis
1987 2722 2087 2759 hanc
2125 2723 2346 2760 facultatem

1284 2784 1489 2819 voluntatis
1508 2795 1583 2819 suae
1602 2781 1762 2819 modulo
1782 2783 2001 2828 metiretur,
2029 2782 2095 2818 sed
2114 2781 2180 2819 illa
2200 2790 2346 2819 naturae

1286 2843 1489 2892 patientia,
1518 2849 1698 2890 quantam
1718 2845 1919 2878 necessitas
1937 2843 2121 2892 ingruens
2152 2842 2344 2892 suggerit,

1285 2914 1406 2951 porro
1422 2901 1573 2938 addidit
1588 2913 1598 2940 :
1620 2899 1822 2948 «facultas
1837 2905 1938 2950 enaim
1954 2915 2074 2951 prope
2092 2905 2346 2939 necessitatem

1288 2962 1449 2999 habitat.
1482 2977 1498 2994 ι»
1518 2962 1790 3010 Unusquisque
1815 2962 1917 2998 enim
1942 2969 2102 3011 urgente
2126 2962 2347 2999 necessitate

1286 3022 1372 3071 plus
1392 3033 1503 3070 posse
1524 3021 1781 3069 convincitur,
1808 3034 1924 3070 quam
1944 3022 2023 3071 ipse
2043 3034 2081 3058 se
2101 3034 2210 3071 posse
2240 3022 2346 3057 arbi—

1290 3075 1429 3118 trat'urj
1457 3082 1503 3117 In
1518 3087 1665 3117 tantum
1689 3081 1807 3130 igilur
1825 3094 1898 3117 nos
1915 3089 2068 3131 promte
2089 3082 2230 3117 amicos
2248 3081 2348 3118 ferre

1288 3141 1488 3187 debemus,
1517 3141 1558 3176 in
1585 3146 1766 3189 quantum
1782 3154 1852 3177 nos
1871 3153 1982 3190 posse
2003 3140 2168 3176 ostendit
2187 3141 2347 3177 necessi-

1288 3208 1345 3237 tas
1359 3227 1370 3247 ,
1390 3207 1428 3237 et
1446 3200 1487 3236 id
1506 3200 1613 3248 quod
1644 3200 1770 3248 primo
1793 3206 1947 3249 aspectu
1966 3199 2207 3235 intolerabile
2234 3199 2348 3235 vide-

1288 3267 1365 3307 tur,
1394 3260 1568 3297 amicitiae
1595 3261 1816 3296 necessitate
1850 3260 2048 3296 tolerabile
2070 3257 2248 3295 reddere.
2272 3258 2350 3293 Ne—

1290 3333 1482 3370 quaquam
1507 3321 1608 3356 enim
1628 3320 1841 3369 putandum
1865 3326 1918 3356 est
1931 3349 1941 3369 ,
1962 3332 2004 3357 ea
2022 3327 2165 3356 tantum
2179 3347 2188 3364 ‚
2211 3330 2294 3365 quae
2310 3317 2349 3352 vi

1290 3381 1558 3430 imponuntur,
1584 3380 1737 3416 fortiter
1757 3392 1834 3416 esse
1850 3379 2052 3428 patienda,
2071 3378 2137 3414 sed
2158 3389 2202 3413 ea
2217 3377 2346 3424 etiam,

1290 3453 1373 3488 quae
1395 3440 1443 3476 ad
1466 3439 1746 3477 conservandos
1772 3445 1808 3475 et
1826 3439 2064 3475 revocandos
2093 3438 2233 3473 amicos
2255 3448 2349 3472 con-

1289 3499 1417 3536 ferunt
1430 3528 1440 3544 ,
1482 3499 1628 3547 majore
1675 3499 1862 3549 patientia
1899 3498 2029 3547 digna.
2050 3508 2126 3532 esse
2170 3495 2349 3531 debemus
