2612 3814
962 257 1017 296 IN
1047 258 1272 299 AUREUM
1301 258 1541 298 CARMEN.

163 346 295 395 ταύτης
316 344 498 400 προκοπὴν
515 344 632 384 τείνει.
652 346 732 384 Πᾶν
751 344 787 384 δὲ
803 344 844 384 τὸ
863 345 961 398 παρὰ
988 345 1052 393 τὴν
1080 346 1224 398 ἀρετήν,

163 411 265 445 τοῦτο
293 399 353 455 ἧν,
387 403 427 451 ὅ,
447 420 487 443 τι
515 419 580 442 τοι
604 402 665 478 μὴ
699 403 917 457 βέλτερόν
944 405 1090 444 ἐστιν·
1110 399 1139 459 ῳ
1158 405 1226 459 γὰρ

164 481 279 519 συμφε
272 465 385 539 ’ρονη
369 462 512 517 ἀρετή
525 493 536 511 ,
554 462 669 502 τούτω
690 463 730 502 τὸ
749 464 835 515 παρ’
853 462 988 510 ἐκείνην
1008 463 1224 516 ἀσύμφορον.

166 524 305 565 Κύκλον
338 517 397 562 ουν
429 503 705 575 περιὸάλλεσθαι
730 522 964 573 συμὸουλεύει
995 525 1064 562 τῶν
1095 525 1227 576 ἀρετῶν

164 581 378 638 φυλακτικὸν
392 583 410 620 6
425 581 513 632 μηδὲ
516 598 534 620 ν
548 581 727 621 πείθεσθαι
745 583 813 622 δεῖν
827 580 940 633 λέγων
954 584 1005 620 τῶ
1018 581 1228 636 πειρωμένῳ

162 646 225 690 τῆς
256 644 381 695 ἀρετῆς
415 640 581 715 ’σἰπάγειν,
616 641 660 679 δι’
692 639 812 679 οἵων
795 658 836 679 αν
858 639 970 693 ἔργων
986 623 1012 687 Ιἢ
1032 641 1148 691 λόγων
1168 645 1229 688 τῆς

164 702 250 755 πρὸς
278 700 317 740 τὸ
347 701 465 753 χεῖρον
492 699 727 754 ἐκτρεπούσης
755 704 896 744 πειθοῦς
922 701 1132 754 προσαγάγῃ
1164 701 1227 749 τὴν

162 764 300 814 πεῖραν·
334 763 418 808 οἱον,
449 759 500 811 μὴ
534 759 741 814 ὑποσχέσεις
769 758 956 813 προσάγων
988 760 1175 814 τύραννος,
1204 761 1227 808 ἢ

162 820 293 866 ταύτας
312 819 331 859 ἔ
340 835 451 873 ργῳ
446 818 610 858 Βεὸαιῶν·
626 819 676 870 μὴ
699 820 860 863 ἀπειλαῖς
877 819 1079 872 θορυὸῶν,
1059 837 1083 868 η
1098 821 1229 865 αἰκίαις

164 879 388 934 βιαζόμενος·
419 879 469 931 μὴ
500 880 613 933 φίλιον
641 878 854 932 πρόσωπον,
878 882 922 932 τῇ
952 878 1139 927 οἰκειότητι
1166 878 1228 926 τὴν

164 939 305 988 ἀπάτην
350 938 663 991 ἐπικρυπτόμενον,
702 939 871 989 ἀπαγάγη
913 954 952 977 σε
993 941 1053 977 τοῦ
1089 938 1227 992 συμφέ-

165 1003 282 1050 ροντος
302 1002 347 1053 τῇ
368 1001 480 1052 ψυχῃ.
503 992 574 1037 ’Ἢν
592 996 629 1036 δὲ
651 997 797 1041 ἀλήθεια
822 1013 882 1036 και
904 997 1011 1050 ἀρετὴ
1031 996 1076 1035 τὰ
1095 998 1228 1046 ταύτην

163 1061 366 1113 ωφελοῧντα
384 1058 488 1109 μόνα.
517 1056 794 1104 Ἀνεξαπάτητος
816 1057 891 1096 δὲ’
873 1073 936 1110 εσῃ
950 1088 960 1106 ,
978 1058 1007 1096 εἷ
1026 1055 1091 1104 τὴν
1108 1057 1228 1097 οὐσίαν

163 1118 227 1168 τὴν
255 1134 385 1157 σαυτου
404 1117 505 1169 γνούς
517 1116 621 1165 ,ἥτις
636 1117 705 1155 τέ’
690 1132 787 1164 εστι,
804 1116 865 1156 καὶ
879 1111 907 1169 ῳ
925 1116 1025 1169 φύσει
1040 1116 1129 1156 ἔοικε
1142 1121 1229 1165 ,τῆς

162 1177 249 1231 πρὸς
272 1180 385 1217 ἐκεῖνο
408 1176 607 1229 ὁμοιώσεως
627 1175 683 1214 ἀει
702 1174 766 1227 τὴν
787 1176 992 1227 ἐπιμέλειαν
1022 1175 1137 1229 ἔχοις·
1158 1193 1228 1216 παν

165 1237 202 1276 δὲ
221 1237 262 1276 τὸ
281 1253 345 1285 της
366 1234 567 1285 ὁμοιώσεως
597 1235 734 1286 ἀπάγον
757 1234 927 1286 μεγίστην
951 1239 1051 1286 ἡγοῖο
1081 1236 1225 1286 ζημίαν.

165 1298 282 1336 Τοῦτο
301 1290 413 1348 γὰρῗ
390 1311 447 1343 ην,
466 1294 505 1344 ὅ,
523 1311 564 1334 τι
594 1310 663 1334 τοι
694 1294 754 1347 μὴ
794 1294 1018 1348 βέλτερόν
1048 1297 1169 1343 ἐστι,
1189 1295 1229 1335 τὸ

161 1357 225 1402 τῆς
245 1353 368 1398 θείιιιςε
355 1352 556 1426 ομοιιόρεως
578 1352 728 1404 ἀπάγον·
756 1352 879 1400 ἐπειδὴ
903 1352 964 1391 καὶ
993 1352 1044 1405 β’
1028 1369 1043 1391 ε
1058 1354 1079 1391 λ
1092 1370 1113 1392 τ
1124 1369 1139 1392 ε
1155 1369 1172 1406 ρ
1186 1370 1229 1393 ον

161 1413 282 1464 ἡμιν’
267 1427 340 1451 εστι
359 1411 399 1451 τὸ
417 1411 503 1486 πρὸς
520 1410 584 1458 τὴν
602 1410 769 1459 τοιαύτην
790 1411 956 1462 ὁμοίωσιν
979 1411 1094 1464 φέρον.
1109 1414 1156 1451 Τί
1171 1406 1230 1450 ουν

162 1470 330 1524 προσάξει
362 1486 412 1514 τις
444 1469 565 1509 ικανὸν
600 1471 803 1517 ἀποστῆσαι
830 1474 925 1521 ἡμᾶς
958 1487 1021 1518 της
1050 1470 1134 1524 πρὸς
1155 1471 1231 1510 θεὸν

163 1604 344 1649 sciemus,
365 1610 402 1640 et
423 1603 552 1639 omnia
571 1603 711 1652 magis,
730 1615 845 1651 quam
859 1610 1009 1640 nosmet
1031 1604 1133 1659 ipsos
1161 1616 1229 1641 cu—

164 1663 334 1700 rabimus
348 1689 358 1708 ‚
379 1675 545 1712 quorum
565 1663 761 1711 praecipua
781 1674 872 1698 cura
890 1662 1025 1699 haberi
1045 1653 1170 1699 debet
1191 1664 1229 1700 Si

164 1725 267 1762 euim
292 1724 333 1760 id
357 1724 464 1773 quod
491 1735 657 1772 corpore
681 1723 802 1759 utitur
826 1724 975 1761 animus
1001 1732 1056 1761 est
1065 1737 1230 1774 ,corpus

165 1795 258 1821 vero
269 1796 356 1820 cum
367 1796 412 1820 eo
425 1789 689 1832 comparatum
698 1782 939 1820 instrumenti
948 1784 1030 1820 vice
1042 1784 1238 1833 fungitur,

163 1845 407 1883 instrumenti
439 1851 564 1881 autem
592 1843 697 1879 istius
728 1843 851 1892 gratia
869 1844 1019 1892 reliqua
1041 1844 1154 1880 etiam
1181 1845 1230 1881 ad

159 1904 370 1953 juvandam
390 1902 533 1940 fluxam
553 1902 632 1951 ejus
652 1909 829 1939 naturam
849 1903 1002 1940 inventa
1021 1910 1128 1950 sunt,
1146 1915 1230 1940 ma-

163 1964 339 2001 nifestum
362 1971 435 2010 est,
451 1962 555 1999 illius
573 1962 678 2012 quod
697 1963 868 1998 omnium
882 1963 1047 2012 primum
1064 1970 1102 2000 et
1117 1971 1232 2013 caput

165 2032 220 2061 est
237 2037 365 2061 curam
382 2024 615 2072 piaecipuam
631 2023 875 2071 primamque
895 2034 973 2059 esse
987 2022 1203 2060 habendam
1216 2051 1227 2069 ,

164 2084 371 2121 secundam
392 2089 518 2119 autem
539 2081 621 2130 ejus
649 2081 756 2131 quod
778 2082 987 2118 secundum
1017 2089 1085 2119 est.
1116 2084 1231 2120 Unde

163 2155 233 2179 nec
266 2141 525 2179 valetudinem
554 2142 721 2190 negliget
748 2141 808 2177 vir
827 2142 997 2190 sapiens3
1021 2154 1101 2178 non
1122 2143 1230 2191 quod

165 2212 233 2236 cot
234 2213 306 2249 pus
318 2200 541 2249 primarium
556 2199 742 2248 quiddam
757 2200 960 2245 existimet,
970 2200 1036 2236 sed
1049 2207 1092 2236 ut
1106 2201 1231 2249 ipsum

165 2259 215 2296 ad
231 2260 349 2296 animi
365 2272 476 2296 usum
493 2260 545 2296 ita
562 2259 844 2306 accommodet,
860 2266 903 2295 ut
922 2259 1002 2307 ejus
1017 2261 1231 2297 actionibus

162 2326 316 2368 promte
334 2318 618 2368 obtemperet:
648 2319 762 2354 tertio
782 2331 876 2354 vero
897 2319 985 2355 loco
1006 2331 1139 2355 eorum
1159 2332 1230 2356 cu-

162 2389 246 2415 ram
266 2385 373 2428 aget,
397 2390 484 2427 quae
509 2378 621 2414 tertia
640 2386 747 2424 sunt,
769 2385 885 2427 atque
904 2390 948 2414 ea
969 2390 1052 2426 quae
1075 2386 1231 2416 externa

163 2445 252 2474 sunt
290 2437 338 2474 ad
369 2438 610 2474 instrumenti
651 2439 983 2474 conservationem
1016 2437 1228 2476 adhibebit.

163 2496 348 2535 Animum
368 2497 487 2547 igitur
504 2497 674 2546 Ριίιιιιιιιι
697 2497 851 2534 curabit
875 2509 1041 2545 eumque
1074 2496 1230 2533 fortasse

164 2557 311 2602 solum,
337 2556 527 2605 siquidem
554 2556 711 2592 illorum
740 2569 824 2605 quae
854 2569 900 2593 eo
932 2556 1114 2593 inferiora
1141 2565 1231 2594 sunt

166 2628 260 2653 cura
279 2615 329 2652 ad
348 2615 428 2664 ejus
446 2615 667 2665 profectum
682 2617 862 2665 pertinet.
881 2615 1082 2664 Quidquid
1102 2623 1229 2653 autem

164 2683 217 2713 est
236 2682 376 2726 praeter
395 2675 598 2724 virtutem,
615 2675 721 2712 hoc
710 2688 833 2724 ipsum
851 2683 924 2721 est,
946 2674 1052 2724 quod
1070 2673 1139 2712 tibi
1153 2688 1228 2712 non

163 2739 216 2771 sit
243 2734 510 2772 commodum:
536 2703 598 2770 cui
631 2734 732 2771 enim
760 2734 919 2783 prodest
946 2735 1080 2779 virtus,
1105 2734 1229 2772 eidem

167 2793 275 2830 obest
291 2793 402 2843 quod
422 2794 470 2830 ab
486 2805 529 2830 ca
546 2794 743 2831 abhorret.
763 2794 854 2831 Ille
839 2794 961 2846 igitur
972 2793 1084 2830 nobis
1097 2801 1232 2831 auctor

164 2860 243 2899 cst,
264 2860 308 2890 ut
329 2853 597 2890 ci1cumduct0
631 2853 777 2890 circulo
799 2853 957 2890 virtutes
988 2854 1227 2900 muniamus,

164 2913 231 2962 qui
265 2912 359 2950 dicit
390 2925 469 2949 non
501 2925 601 2962 opm
605 2920 684 2950 tere
714 2925 786 2950 nos
815 2913 1030 2950 auscultare
1063 2913 1096 2950 ei
1120 2914 1186 2963 qui
1209 2926 1231 2951 a

165 2973 307 3009 virtute
328 2984 399 3009 nos
420 2979 582 3008 conatur
600 2971 813 3018 abducere,
841 2973 1135 3021 quibuscunque
1163 2972 1229 3009 de·

166 3043 271 3068 mum
303 3031 411 3068 factis
442 3038 508 3068 aut
542 3031 658 3068 dictis
685 3031 735 3068 ad
763 3031 927 3068 deterius
946 3044 1016 3068 nos
1038 3031 1231 3068 alliciendi

166 3091 382 3140 periculum
403 3090 563 3128 feccrit:
583 3090 692 3128 verbi
711 3091 850 3141 gnatia,
872 3104 921 3128 ne
943 3099 1125 3140 tyrannus
1136 3103 1229 3140 pro·

167 3150 276 3186 missa
288 3149 429 3187 faciens
439 3158 506 3187 aut
523 3163 565 3188 ea
581 3164 623 3188 re
636 3157 837 3201 praestans,
857 3163 906 3187 ne
924 3151 1039 3187 minis
1058 3151 1232 3186 territans

167 3216 231 3246 aut
253 3210 486 3246 cruciatibus
508 3210 687 3260 adigens,
709 3223 758 3249 ne
785 3224 949 3260 persona
979 3212 1091 3248 amici
1120 3211 1233 3247 fami-

167 3269 339 3305 liaritatis
358 3269 484 3318 specie
501 3269 674 3307 fraudem
692 3271 887 3307 occultans
906 3271 953 3307 ab
975 3283 1021 3308 eo
1051 3277 1088 3307 te
1108 3269 1231 3306 abdu-

167 3335 228 3364 cat
249 3327 355 3376 quod
382 3329 509 3365 animo
532 3329 705 3379 prodest.
738 3331 827 3367 Sola
857 3338 986 3367 autem
1011 3331 1045 3367 ei
1070 3336 1232 3397 prosunt

165 3387 303 3424 veritas
337 3393 374 3423 et
409 3388 545 3426 virtus.
575 3391 608 3426 A
641 3389 776 3426 fraude
805 3402 898 3427 vero
936 3397 1037 3426 tutus
1074 3389 1170 3434 eris,
1202 3390 1231 3425 si

166 3446 415 3483 substantiam
442 3454 543 3484 tuam
569 3449 805 3499 intelligens,
825 3462 908 3498 quae
937 3450 983 3485 sit
1002 3456 1039 3485 et
1059 3447 1164 3496 cujus
1182 3449 1234 3485 si-

166 3506 421 3544 militudinem
440 3508 577 3545 natura
594 3521 674 3559 prae
690 3521 730 3547 se
746 3509 859 3556 ferat,
876 3509 977 3545 illam
999 3507 1079 3556 ejus
1097 3508 1230 3544 simili-

311 3587 428 3611 vultos.
458 3588 559 3613 GnAEc.

1256 1142 1262 1509 Ι

1259 3511 1262 3534 Ῑ

2261 267 2340 302 449

1288 345 1489 399 ὁμοιώσεως
1510 346 1569 384 καὶ
1589 347 1813 401 φιλοσοφίας
1828 350 2021 402 χρημάτων
2039 351 2132 388 δόσιν
2159 349 2181 397 ἢ
2202 350 2350 402 ἀφαίρε-

1289 421 1343 445 σιν
1353 422 1364 454 ;
1385 405 1492 445 Ἀλλὰ
1526 405 1783 456 μεμαθήκαμεν
1817 407 1906 457 μετὰ
1934 411 1996 446 τοῦ
2025 410 2125 461 ὀρθοῦ
2158 409 2262 459 λόγου
2288 410 2347 447 καὶ

1287 465 1494 518 προσίεσθαι
1524 468 1637 504 ταῦτα
1670 464 1730 504 καὶ
1764 465 2007 505 ἀποτίθεσθαν
2031 467 2090 505 καὶ
2124 467 2164 505 τὸ
2196 468 2348 507 ἄστατον

1287 527 1350 571 τῆς
1370 524 1526 572 κτήσεως
1547 525 1662 563 αὐτῶν
1682 528 1779 576 ἡμᾶς
1796 527 1832 564 οὐ
1851 525 2026 567 λανθάνει.
2050 526 2096 566 Τί
2117 526 2207 578 γάρ;
2231 526 2273 564 ἂν
2298 530 2346 576 μὴ

1289 578 1387 629 οὗτος
1407 584 1498 632 αὖτᾲ
1515 584 1702 637 ἀφέληται,
1724 585 1878 632 κλέπτης
1905 585 1993 623 αὐτὰ
2016 587 2078 624 οὐκ
2099 586 2349 639 ἀφαιρήσεται;

1288 643 1348 682 καὶ
1369 643 1535 696 γενναίως
1556 646 1671 683 αὐτῶν
1700 646 1943 696 ὑπομενοῦμεν
1974 644 2039 692 τὴν
2072 645 2251 691 ἀποέολὴν
2280 645 2349 684 ὑπὸ

1289 705 1349 741 τοῦ
1380 700 1479 753 μὴ’
1460 717 1612 755 εχοντος.
1650 702 1831 754 Ναυάγιον
1866 704 1930 742 αὐτ
1915 702 1956 741 ’ὰ
1989 705 2028 742 06
2064 704 2246 757 παραιρήσ
2249 717 2347 756 εται;

1288 761 1391 801 πόσοι
1418 759 1454 799 δὲ
1487 763 1587 801 ἄλλοι
1612 762 1735 815 τρόποι
1759 761 1948 815 διαφθορὰν
1972 763 2167 815 χρημάτων
2195 762 2363 815 ἐπάγου-”

1289 835 1368 869 σιν;
1392 813 1465 860 inv
1507 820 1609 859 ἕνεκα
1650 822 1712 861 καὶ
1751 821 1811 860 τὸν
1850 820 1938 874 ὑπερ
1978 824 2102 875 ἀρετῆς
2141 823 2350 873 λογιούμεθσι

1289 878 1405 930 λόγον,
1429 879 1590 919 ἑκουσίαν
1615 880 1738 919 πενίαν
1767 880 1856 931 μετὰ
1882 897 1941 919 του
1971 882 2079 919 καλοῦ
2109 880 2352 919 ἀνταλλαττό-

1291 954 1387 988 μενοι
1420 939 1635 992 χρηιιάτων,
1670 940 1730 978 καὶ
1763 942 1841 990 μετ’
1873 941 2075 992 εὐλογίστου
2108 939 2221 983 αἰτίας
2262 939 2352 978 αὐτὰ

1291 998 1546 1050 ἀποδυόμενοι,
1585 998 1645 1037 καὶ
1683 998 1850 1038 τοσούτου
1881 999 1945 1047 τὴν
1979 999 2107 1052 ἀρετὴν
2138 999 2352 1050 ὠνούμενοι,

1290 1055 1405 1096 6¹00st
1388 1074 1428 1096 αν
1446 1060 1542 1108 ἡμᾶς
1572 1058 1712 1110 βλάπτῃ
1733 1060 1751 1096 6
1770 1057 1902 1105 ταύτης
1920 1059 2125 1111 παρακινεῖν
2147 1060 2348 1111 ἐπιχειρῶν.

1291 1116 1398 1156 Ἀλλὰ
1415 1117 1648 1170 στρεὸλώσεις
1664 1117 1869 1171 προσοίσει,
1888 1117 1948 1156 καὶ
1967 1118 2129 1158 θάνατον.
2156 1117 2351 1171 Πρόχειρεν

1291 1192 1349 1215 ουν
1378 1177 1463 1229 πρὸς
1492 1192 1604 1215 ταυτα
1636 1177 1901 1249 ἄπρκρίνεσθαι,
1930 1179 1975 1221 ὡς
2005 1178 2071 1230 οὐχ
2102 1180 2204 1227 ἡμεῖς
2241 1181 2354 1216 ταῦτα

1291 1235 1512 1288 πεισόμεθα
1536 1237 1595 1275 ἐάν
1610 1253 1649 1290 γε
1664 1237 1702 1275 τὸ
1725 1236 1850 1288 Ἡμεῖς
1871 1239 2046 1289 τηρῶμεν·
2062 1237 2154 1276 ἀλλὰ
2182 1237 2221 1275 τὸ
2249 1253 2354 1288 σωμα

1292 1294 1392 1333 ἔσται
1418 1294 1457 1333 τὸ
1477 1295 1714 1348 ὑδριζόμενον·
1735 1295 1775 1334 τὸ
1808 1298 1912 1347 σῶμα
1937 1295 1975 1334 τὸ
1999 1298 2233 1344 ἀποθνῆσκον,
2257 1296 2332 1335 οὐδὲ
2321 1312 2353 1333 -ν

1291 1353 1389 1406 παρὰ
1410 1354 1473 1402 τὴν
1495 1356 1600 1393 αὑτοῦ
1617 1353 1719 1408 φύσιν
1733 1354 1886 1407 πάσχον.
1907 1354 2022 1394 Φύσει
2039 1355 2109 1409 γάρ
2127 1357 2200 1394 ἐστι
2214 1355 2352 1403 θνητόν,

1291 1413 1351 1451 καὶ
1383 1412 1533 1465 τμητόν,
1566 1415 1626 1453 καὶ
1659 1414 1793 1467 μυρίοις
1817 1414 2043 1465 ὑποκείμενον
2063 1415 2224 1465 πάθεσιν,
2251 1415 2272 1452 ἃ
2291 1431 2354 1454 τυ·

1294 1473 1417 1524 ράννου
1440 1475 1573 1525 μᾶλλον
1591 1477 1613 1521 ἠ
1632 1478 1788 1526 τυχοῦσα
1812 1475 1911 1519 νόσος
1931 1474 2103 1527 ἐπήγαγε,
2122 1475 2170 1514 Τί
2191 1478 2249 1514 οὖν
2271 1475 2357 1528 φεύ-

1293 1605 1464 1642 tudinem
1496 1606 1665 1642 studiose
1685 1608 1992 1654 conservaveris,
2016 1607 2058 1644 id
2091 1615 2217 1645 autem
2243 1622 2355 1645 omne

1291 1665 1398 1713 quod
1431 1665 1478 1701 ab
1513 1677 1558 1702 ea
1588 1666 1837 1702 similitudine
1869 1667 2029 1703 abducit
2061 1667 2240 1704 damnum
2281 1681 2356 1705 esse

1290 1726 1499 1761 maximum
1515 1726 1795 1762 existimaveris.
1820 1727 1903 1762 Hoc
1923 1727 2023 1762 enim
2045 1726 2139 1762 illud
2160 1734 2236 1774 est,
2258 1729 2357 1776 quod

1291 1784 1357 1820 tibi
1377 1797 1451 1820 non
1469 1788 1518 1821 sit
1537 1786 1789 1831 commodum,
1812 1785 1837 1820 i
1857 1797 1891 1821 e.
1914 1785 2176 1834 quodcunque
2190 1799 2211 1823 a
2228 1787 2356 1823 divina

1289 1843 1538 1880 similitudine
1574 1843 1755 1890 abducit3
1799 1843 2115 1893 quandoquidem
2159 1845 2201 1881 id
2245 1846 2356 1883 nobis

1290 1904 1522 1939 commodum
1537 1910 1606 1949 est,
1618 1903 1724 1952 quod
1737 1903 1786 1939 ad
1798 1905 1910 1940 talem
1919 1904 2204 1940 similitudinem
2214 1905 2356 1954 perdu-

1291 1963 1354 1998 cit.
1374 1962 1475 2010 Quid
1495 1963 1613 2012 igitur
1629 1963 1764 1999 afferet
1783 1964 1920 2012 aliquis
1943 1969 2047 1999 tanta
2067 1964 2104 1999 vi
2126 1964 2326 2012 praeditum
2342 1992 2352 2010 ,

1289 2029 1333 2058 ut
1349 2034 1418 2059 nos
1433 2034 1455 2058 a
1467 2022 1592 2058 divina
1604 2022 1851 2059 similitudine
1863 2030 1900 2060 et
1910 2024 2156 2072 philosophia
2167 2023 2357 2060 abducat?

1290 2095 1382 2118 num
1413 2084 1662 2131 pecuniarum
1702 2083 1951 2121 donationem
1980 2091 2046 2121 aut
2074 2084 2356 2122 ademtionem?

1291 2142 1398 2190 atqui
1419 2142 1622 2179 didicimus
1639 2143 1705 2180 has
1723 2150 1825 2180 recta
1845 2157 1931 2180 cum
1948 2144 2098 2180 ratione
2119 2151 2157 2180 et
2181 2145 2356 2193 accipere

1291 2207 1329 2237 et
1344 2202 1518 2237 amittere
1532 2214 1687 2251 ,neque
1706 2214 1777 2238 nos
1796 2202 1884 2238 latet
1895 2215 2041 2251 ,quam
2061 2203 2204 2239 incerta
2225 2215 2355 2239 earum

1291 2261 1474 2309 possessio
1493 2259 1554 2297 sit.
1579 2261 1679 2308 Quid
1703 2262 1827 2306 enim,
1846 2262 1876 2297 si
1897 2262 1959 2298 hic
1986 2274 2048 2298 eas
2075 2275 2154 2298 non
2185 2262 2351 2308 adimat,

1290 2326 1419 2350 nonne
1438 2314 1500 2350 fur
1519 2326 1581 2350 eas
1611 2314 1779 2351 auferet?
1794 2321 1832 2350 et
1852 2327 1992 2364 magno
2024 2316 2153 2353 animo
2174 2328 2245 2351 nos
2270 2316 2354 2352 illa·

1290 2385 1377 2409 rum
1389 2373 1575 2421 jacturam
1594 2375 1787 2423 patiemur
1803 2374 1851 2410 ab
1868 2386 1915 2411 eo
1931 2375 1997 2422 qui
2024 2375 2173 2411 divitias
2190 2387 2270 2411 non
2286 2375 2354 2412 ha-

1290 2433 1369 2472 bet.
1399 2434 1537 2470 Nonne
1571 2434 1811 2483 naufragium
1840 2448 1911 2471 nos
1941 2436 1986 2470 iis
2017 2434 2225 2483 spoliabit?
2252 2436 2356 2482 Quot

1290 2505 1383 2529 vero
1415 2500 1504 2529 sunt
1534 2493 1598 2530 alii
1627 2493 1736 2530 modi
1769 2495 1908 2543 quibus
1928 2494 2068 2530 divitiae
2101 2493 2355 2528 amittuntur?

1290 2552 1550 2598 Quamobrem
1572 2564 1642 2589 nos
1661 2560 1699 2589 et
1718 2554 1869 2590 virtutis
1886 2554 2075 2589 rationem
2103 2551 2330 2588 habebimus
2342 2579 2352 2597 ,

1290 2618 1556 2660 paupertatem
1584 2612 1782 2649 honestam
1809 2625 1895 2649 cum
1918 2612 2059 2649 divitiis
2085 2618 2221 2660 sponte
2242 2623 2352 2647 com—

1290 2679 1479 2709 mutantes
1495 2684 1633 2721 easque
1647 2671 1749 2720 justa
1765 2672 1813 2709 de
1831 2684 1939 2709 causa
1958 2670 2180 2719 abjicientes
2201 2677 2239 2706 et
2260 2671 2355 2706 tanti

1290 2731 1518 2768 redimentes
1545 2732 1742 2778 virtutem,
1771 2739 1956 2782 quantum
1993 2737 2049 2768 est
2082 2730 2353 2767 detrimentum

1291 2792 1425 2841 quod
1415 2804 1445 2828 is
1463 2792 1576 2829 nobis
1599 2793 1805 2841 importet,
1828 2792 1894 2841 qui
1917 2792 1964 2828 ab
1990 2803 2034 2827 ea
2057 2803 2128 2827 nos
2159 2789 2354 2826 dimovere

1291 2858 1466 2888 conatur.
1488 2853 1607 2901 Atqui
1634 2853 1698 2888 ille
1728 2856 1921 2888 tormenta
1948 2858 1985 2887 et
2007 2857 2170 2886 mortem
2200 2848 2349 2886 afferet.

1292 2910 1350 2946 Ad
1368 2910 1451 2946 haec
1472 2910 1588 2960 igitur
1608 2917 1803 2960 promtum
1824 2918 1879 2948 est
1901 2910 2155 2959 respondere,
2177 2921 2256 2944 non
2283 2920 2353 2944 nos

1290 2970 1370 3006 haec
1404 2982 1483 3006 esse
1513 2982 1709 3019 passuros,
1743 2970 1931 3020 siquidem
1951 2969 2047 3005 illud
2069 2981 2136 3004 nos
2162 2973 2350 3013 tucamur,

1291 3030 1357 3068 sed
1377 3043 1519 3079 corpus
1543 3042 1621 3067 esse
1653 3030 1759 3080 quod
1794 3030 2043 3072 cruciabitur,
2074 3038 2214 3076 corpus
2246 3025 2354 3074 quod

1290 3090 1492 3136 morietur,
1512 3090 1609 3126 nihil
1637 3097 1778 3140 praeter
1800 3097 1977 3126 naturam
2001 3099 2108 3124 suam
2134 3097 2349 3135 passurum.

1291 3151 1354 3186 Est
1375 3150 1474 3186 enim
1505 3149 1640 3191 natura
1672 3150 1738 3186 sua
1771 3149 1933 3186 mortale
1966 3155 2003 3184 et
2033 3147 2161 3184 sectile
2183 3152 2220 3182 et
2249 3144 2354 3180 malis

1293 3209 1529 3246 obnoxium
1519 3210 1727 3245 innumeris
1737 3222 1848 3257 ,quae
1875 3207 2036 3256 quilibet
2059 3204 2219 3242 morbus
2234 3204 2352 3252 magis

1293 3281 1408 3318 quam
1430 3276 1612 3318 tyrannus
1627 3276 1755 3319 potest
1781 3268 1932 3304 inferre.
1951 3267 2027 3304 Cur
2048 3278 2093 3302 ea
2112 3265 2228 3314 igitur
2252 3262 2354 3311 fugi-

1291 3340 1375 3364 mus
1386 3341 1498 3377 ‚quae
1526 3328 1692 3378 effugeie
1723 3340 1802 3363 non
1823 3325 2047 3376 possumus?
2066 3337 2108 3360 ac
2128 3334 2206 3358 non
2226 3321 2353 3369 potius

1292 3400 1336 3424 ea
1359 3400 1644 3433 conservamus,
1671 3399 1837 3436 quorum
1870 3384 2108 3422 conservatio
2136 3392 2253 3430 penes
2284 3389 2352 3414 nos

1293 3449 1371 3485 est?
1387 3448 1501 3496 Quod
1522 3449 1623 3485 enim
1642 3454 1777 3484 natura
1801 3458 1867 3482 sua
1887 3443 2048 3481 mortale
2074 3448 2150 3485 est,
2166 3438 2207 3475 id
2227 3437 2352 3487 capite

1294 3508 1511 3545 damnatum
1534 3521 1604 3544 nos
1620 3509 1726 3543 nullo
1747 3505 1864 3543 modo
1886 3517 1906 3541 a
1928 3510 2051 3540 morte
2073 3502 2237 3538 liberare
2259 3508 2351 3548 pos-

2174 3571 2210 3597 29
