2612 3814
258 261 334 295 862
1011 250 1294 290 DEMOCRITI
1326 248 1647 289 FRAGMENTA
1658 276 1667 286 .

386 341 701 396 (Theophrastus
722 340 820 380 ibid.
843 341 892 379 63
914 349 951 379 et
971 342 1056 391 64.)

631 470 734 532 Περὶ
758 474 912 529 χυλῶν.

250 607 298 635 2⁴.
328 594 381 634 Τὸ
409 594 471 644 μὲν
495 597 619 646 σχῆμα
648 596 726 632 καθ’
755 593 839 632 αὑτό
859 594 954 642 ἔστι,
983 594 1022 632 τὸ
1053 594 1086 631 δὲ
1114 591 1223 643 γλυκὺ
1247 591 1307 630 καὶ

331 654 419 699 ὅλως
437 654 476 692 τὸ
494 654 660 701 αἰσθητὸν
681 653 767 705 πρὸς
787 654 873 693 ἄλλο
897 654 957 692 καὶ
975 655 1010 692 ἐν
1037 654 1169 696 ἄλλοις.

387 714 398 768 (
415 714 671 766 Theophmst.
690 712 789 750 ibid.
809 714 875 762 69.
892 715 904 759 )

251 788 298 815 25.
330 774 548 826 Δημόκριτος
569 772 603 810 δὲ
620 774 743 823 σχῆμα
764 770 952 824 περιτιθεὶς
971 768 1306 823 ἑκάστῳ,γλυκὺν

335 830 399 882 μὲν
422 832 481 870 τὸν
515 831 728 882 στρογγύλον
750 829 810 868 καὶ
831 829 1001 880 εὐμεγέθη
1030 829 1140 868 ποιεῖ·
1172 843 1307 881 στρυ-

331 890 434 945 φνὸν
453 888 487 928 δὲ
507 889 564 927 τὸν
584 888 884 939 μεγαλόσχημον,
900 887 1036 940 τραχύν
1055 903 1092 925 τε
1111 887 1171 925 καὶ
1193 889 1307 926 πολυ-

330 948 453 1002 γώνιον
471 947 532 986 καὶ
552 948 764 999 ἀπεριφερῆ·
784 945 888 991 ὀξὺν
909 945 944 983 δὲ
962 944 1054 984 κατὰ
1075 945 1227 996 τοῦνομα
1249 945 1308 984 τὸν

330 1006 408 1052 ὀξὺν
427 1007 478 1058 τῷ
494 1005 589 1058 ὄγκῳ
609 1004 668 1043 καὶ
685 1006 869 1056 γωνιοειδῆ
890 1004 951 1043 καὶ
966 1003 1154 1054 καμπύλον
1175 1002 1234 1043 καὶ
1249 1005 1308 1043 λε-

328 1066 414 1104 πτὸν
435 1064 495 1104 καὶ
520 1066 715 1118 ἀπεριφερῆ
727 1080 735 1088 ·
753 1064 819 1116 δρι
836 1063 917 1115 μὺν
934 1063 969 1102 δὲ
987 1063 1045 1102 τὸν
1059 1065 1230 1117 περιφερῆ
1248 1063 1308 1101 καὶ

329 1124 456 1164 λεπτὸν
474 1124 534 1163 καὶ
547 1124 729 1175 γωνιοειδῆ
747 1124 807 1162 καὶ
825 1123 1012 1174 καμπύλον
1025 1139 1034 1147 ·
1057 1123 1107 1161 ἁλ
1118 1138 1169 1173 μυ
1184 1139 1201 1174 ρ
1213 1122 1230 1161 ὸ
1240 1138 1256 1160 ν
1272 1121 1307 1160 δὲ

330 1185 388 1224 τὸν
411 1185 592 1235 γωνιοειδῆ
611 1183 672 1223 καὶ
691 1182 862 1235 εὐμεγέθη
881 1182 943 1222 καὶ
971 1182 1109 1223 σκολιὸν
1141 1181 1202 1221 καὶ
1232 1183 1307 1220 ἶσο-

331 1245 440 1292 σκελῆ
453 1260 461 1269 ·
479 1260 507 1282 π
519 1242 639 1296 ικρὸν
655 1242 692 1282 δὲ
709 1242 768 1287 τὸν
788 1245 958 1296 περιφερῆ
976 1241 1037 1280 καὶ
1050 1242 1164 1292 λεῖον,
1182 1240 1309 1293 ἔχοντα

331 1304 548 1351 σκαληνίαν,
571 1304 713 1354 μέγεθος
741 1300 776 1340 δὲ
803 1302 949 1354 μικρόν·
967 1300 1159 1354 λιπαρὸν
1184 1300 1220 1339 δὲ
1250 1299 1307 1338 τὸν

328 1363 455 1403 λεπτὸν
469 1362 528 1402 καὶ
544 1362 756 1416 στρογγύλον
775 1362 833 1399 καὶ
849 1361 989 1412 μικρόν.

387 1421 675 1473 (Theophrast.
699 1420 748 1458 de
768 1420 881 1458 Cans.
898 1421 1020 1472 plant.
1038 1419 1105 1469 vl,
1125 1419 1190 1469 6.)

251 1495 298 1522 26.
330 1479 477 1521 Ἄτοπον
498 1481 534 1519 δὲ
560 1478 735 1519 κάκεῖνοὸ
755 1479 848 1518 κατὰ
869 1478 913 1517 τὰ
933 1479 1104 1531 σχήματα
1124 1478 1285 1530 λέγουσιν
1298 1507 1308 1526 ,

332 1541 385 1579 δ’τι
404 1543 426 1588 ἠ
446 1543 515 1579 τῶν
537 1539 666 1591 ὁμοίων
693 1538 842 1591 διαφορὰ
871 1541 893 1585 ἡ
915 1537 1009 1577 κατὰ
1031 1537 1229 1590 μικρότητα
1250 1537 1309 1576 καὶ

333 1599 477 1651 μέγεθος
495 1599 600 1638 τείνει
617 1600 665 1643 εἷς
690 1597 732 1637 τὸ
753 1598 802 1649 μὴ
823 1597 886 1645 τὴν
905 1596 1016 1644 αὐτὴν
1031 1596 1129 1649 ἔχειν·
1142 1596 1310 1647 δύναμιν·

332 1660 370 1697 οὗ
402 1658 471 1711 γὰρ
505 1659 562 1697 ἐπὶ
594 1661 655 1704 τῆς
686 1660 821 1711 μορφῆς
834 1687 845 1705 ,
894 1655 973 1694 ἀλλ’
1005 1655 1063 1695 ἐπὶ
1092 1655 1169 1694 τῶν
1196 1655 1310 1705 ὄγκων

331 1719 469 1756 ποιοῦσι
491 1716 552 1759 τὰς
571 1711 758 1765 δυνάμεις,
785 1715 824 1759 ἃς
846 1716 875 1753 εἷ
897 1714 960 1765 μὲν
978 1713 1070 1753 κατὰ
1088 1713 1204 1752 πάντα
1227 1714 1307 1751 δια-

333 1775 585 1819 ὂασανίσαντες
607 1775 729 1820 ἁπλῶς
749 1774 788 1813 τὸ
808 1775 943 1826 μᾶλλον
964 1773 1024 1812 καὶ
1041 1773 1081 1812 τὸ
1102 1767 1206 1821 ’ἦττον
1223 1771 1310 1810 ἐκά-

331 1837 434 1884 λουν,
455 1837 571 1879 καλῶς
593 1835 634 1873 ἂν
655 1838 758 1873 τοῦτο
779 1833 966 1873 ἀπέδωκαν
982 1849 989 1857 ·
1007 1833 1047 1872 τὸ
1066 1832 1102 1872 δὲ
1128 1835 1174 1876 εἷς
1191 1832 1231 1871 τὸ
1259 1831 1308 1883 μὴ

332 1895 438 1934 ταύτὸ
459 1897 627 1934 δύνασθαι
647 1894 736 1945 μηδὲ
768 1895 879 1933 ποιεῖν
902 1895 964 1933 οὐκ
984 1892 1127 1944 εὔλογον
1141 1923 1151 1941 ,
1173 1892 1250 1931 ἐπεὶ
1274 1893 1308 1930 ἐν

330 1960 400 1998 τοῖς
420 1955 600 2006 σχήμασιν
621 1956 656 1992 αἱ
672 1953 850 2005 δυνάμεις.

614 2104 669 2145 De
692 2101 946 2160 saporibus.

294 2217 344 2246 21'1.
367 2214 481 2255 Figura
498 2213 628 2254 quidem
650 2222 704 2254 per
721 2222 755 2246 se
777 2214 925 2254 constat,
940 2213 1047 2245 dulcia
1064 2222 1142 2246 vero
1165 2213 1312 2246 omnino·

254 2282 316 2314 que
333 2273 464 2306 sensilia
483 2282 546 2305 non
560 2274 705 2306 constant
720 2297 729 2313 ,
741 2272 802 2305 nisi
821 2275 979 2314 quatenus
996 2272 1036 2305 ad
1053 2273 1115 2306 alia
1129 2273 1311 2306 reseruntur

254 2333 350 2373 atque
367 2332 398 2364 in
419 2331 490 2364 aliis
511 2333 598 2365 sunt.

297 2395 348 2424 25.
370 2391 576 2424 Democritus
605 2399 696 2423 suam
729 2391 848 2433 cuique
877 2391 982 2432 sapori
1003 2391 1137 2432 figuram
1162 2391 1312 2424 tribuens

256 2449 392 2484 dulcem
408 2450 482 2483 facit
499 2451 633 2484 teretem
660 2451 849 2492 magnisque
868 2454 1069 2484 constantem
1086 2451 1228 2492 atomisg
1250 2461 1311 2485 au-

255 2512 387 2543 sterum
412 2519 488 2543 vero
512 2510 620 2550 figurae
648 2510 870 2551 magnitudine
886 2511 1122 2552 conspicuum,
1142 2520 1310 2552 asperum,

257 2569 445 2610 angulosum
456 2592 465 2608 ,
482 2578 546 2601 non
563 2570 739 2602 rotundum
749 2580 759 2610 ;
773 2570 905 2603 nomine
920 2572 1029 2603 autem
1056 2573 1202 2604 acutum
1217 2570 1312 2603 molis

256 2636 386 2669 quoque
406 2627 507 2660 torma
529 2632 660 2660 acutum
678 2630 709 2661 et
727 2629 911 2670 angularem
926 2633 957 2662 ct
974 2639 1111 2662 curvum
1133 2634 1165 2662 et
1181 2631 1311 2663 tenuem

256 2689 288 2719 et
305 2687 502 2720 rotunditate
522 2690 706 2728 carentem;
737 2697 852 2721 acrem
885 2698 981 2730 porro
1007 2689 1183 2722 rotundum
1208 2691 1241 2722 et
1263 2691 1311 2723 te-

257 2754 354 2779 nuem
369 2748 401 2778 et
423 2746 608 2787 angularem
627 2748 660 2779 et
673 2755 829 2789 curvum3
847 2748 982 2781 salsum
1004 2751 1160 2790 praeterea
1179 2749 1311 2790 angula-

258 2813 325 2837 rem
351 2806 450 2846 atque
468 2814 486 2837 e
503 2805 626 2846 magnis
650 2806 766 2839 atomis
783 2807 998 2848 compositum
1019 2810 1052 2841 et
1072 2810 1257 2842 tortuosum
1279 2811 1311 2842 et

257 2865 358 2905 laquis
375 2864 524 2896 cruribus
548 2865 724 2906 insignem3
749 2875 913 2900 amarum
940 2869 1049 2900 autem
1075 2868 1254 2901 rotundum
1280 2871 1312 2902 et

259 2923 374 2959 taevem
402 2927 435 2956 et
454 2923 648 2965 inaequalem
677 2927 710 2957 et
726 2925 841 2966 exigua
870 2926 1093 2967 magnitudine
1121 2927 1310 2969 praeditum;

254 2981 418 3021 pinquem
432 2979 571 3021 denique
591 2982 719 3013 tenuem
733 2983 765 3014 et
782 2983 916 3015 teretem
926 2987 957 3015 et
972 2992 1122 3024 parvum.

298 3043 352 3072 26.
374 3040 524 3080 Ineptum
547 3047 623 3072 vero
653 3041 684 3072 et
702 3040 780 3072 illud
797 3042 866 3082 est,
888 3041 974 3082 quod
1005 3042 1182 3083 figurarum
1204 3043 1311 3076 habita

259 3097 383 3130 ratione
412 3097 544 3138 dicunt,
575 3098 727 3130 similium
757 3099 1004 3140 discrepantiam
1033 3101 1066 3133 in
1094 3102 1255 3142 parvitate
1279 3105 1312 3135 et

261 3156 480 3198 magnitudine
500 3157 594 3189 sitam
622 3157 781 3198 ejusmodi
810 3167 896 3198 esse,
930 3161 967 3192 ut
995 3168 1059 3192 non
1088 3160 1222 3193 eandem
1244 3162 1310 3194 vim

258 3205 463 3258 eundemque
476 3216 628 3249 effectum
641 3217 789 3250 habeant.
834 3220 944 3259 Neque
953 3219 1038 3251 enim
1053 3219 1151 3260 figura
1166 3220 1310 3262 (solnm),

258 3275 316 3308 sed
340 3274 521 3317 quantitate
535 3275 746 3317 (diversum)
764 3276 916 3309 effectum
946 3278 1014 3310 fieri
1031 3280 1196 3320 statuunt,
1215 3289 1311 3321 quem

257 3334 284 3367 si
299 3334 452 3368 omnibus
467 3335 677 3368 consideratis
702 3335 890 3377 simpliciter
908 3336 1012 3377 majus
1037 3339 1069 3371 et
1086 3338 1194 3371 minus
1218 3347 1312 3372 voca·

258 3395 348 3434 rent,
371 3397 458 3427 recte
479 3394 774 3436 decernerent3sed
794 3395 899 3437 (lianc
911 3396 1177 3440 similitudinem)
1193 3407 1257 3431 non
1271 3399 1312 3431 ad

259 3453 372 3486 eadem
389 3452 558 3486 efficienda
572 3453 680 3486 valere
702 3463 808 3496 neque
840 3454 953 3487 eadem
980 3455 1153 3498 perficere,
1173 3457 1312 3491 absurde

257 3512 368 3546 dicunt
379 3537 388 3553 ,
410 3523 512 3556 quum
534 3514 580 3546 vis
596 3515 627 3546 et
641 3514 802 3548 eftectuse
817 3514 918 3557 figura
932 3516 1080 3557 pendeat.

1506 337 1640 388 (Theo
1670 337 1790 377 lii-ast.
1819 337 1867 376 de
1886 338 2002 379 Caus.
2027 339 2151 391 plant.
2173 339 2240 388 Vl,
2264 339 2327 391 2.)

1370 411 1418 436 27.
1449 397 1520 436 Τὸν
1539 395 1602 447 μὲν
1626 411 1686 435 ουν
1706 395 1807 442 ὀξὺν
1835 390 1989 451 εἶναιτῷ
2010 398 2171 451 σχήματι
2189 400 2372 451 γωνιοειδῆ
2388 415 2430 440 τε

1451 456 1511 495 καὶ
1539 457 1760 506 πολυκαμπῆ
1783 456 1844 495 καὶ
1880 457 2005 509 μικρὸν
2027 458 2087 497 καὶ
2103 458 2252 498 λεπτόν·
2271 458 2329 498 διὰ
2354 459 2425 514 γὰρ

1451 516 1514 563 τὴν
1532 515 1732 566 δριμύτητα
1751 517 1843 570 ταχὺ
1865 517 1926 556 καὶ
1945 518 2062 567 πάντη
2083 518 2324 560 διαδύνεσθαι·
2341 536 2427 575 τρα·

1452 576 1517 629 χὶιν
1539 576 1568 615 δ’
1597 575 1681 615 ὄντα
1703 576 1764 615 καὶ
1791 578 1975 629 γωνιοειδῆ
2004 578 2168 631 συνάγειν
2189 582 2250 619 καὶ
2268 586 2431 633 συσπᾷν·

1452 638 1506 676 διὸ
1520 637 1580 676 καὶ
1598 636 1794 691 θερμαίνειν
1811 637 1850 676 τὸ
1864 641 1985 690 σῶμα,
1999 638 2188 687 κενότητας
2203 640 2429 690 ἐμποιοῦντα·

1452 696 1610 748 μάλιστα
1627 695 1694 749 γὰρ
1715 696 1965 749 θερμαίνεσθαι
1978 697 2018 737 τὸ
2034 698 2200 738 πλεῖστον
2219 697 2301 751 ἔχον
2315 696 2428 737 κενόν.

1451 756 1522 797 Τὸν
1541 756 1577 795 δὲ
1598 757 1675 808 γλυ
1688 771 1709 795 κ
1721 754 1765 794 ὺν
1783 758 1823 795 ἐκ
1841 759 2038 810 περιφερῶν
2056 750 2262 810 συγκεῖσθαι
2289 755 2435 809 σχημά·

1451 832 1520 855 των
1540 818 1604 855 οὐκ
1633 815 1724 868 ἄγαν
1755 817 1910 868 μικρῶν·
1942 815 1996 856 διὸ
2017 815 2079 855 καὶ
2111 817 2247 870 διαχεῖν
2274 816 2365 860 ὅλως
2391 816 2430 855 τὸ

1452 876 1556 925 σῶμα
1569 904 1580 923 ,
1602 872 1663 913 καὶ
1680 875 1719 912 οὗ
1738 873 1860 926 βιαίως
1873 873 1934 913 καὶ
1949 875 1988 914 οὒ
2003 872 2093 927 ταχὺ
2107 876 2224 914 πάντα
2237 874 2428 928 περαίνειν·

1452 932 1531 977 τοὺς
1560 935 1589 972 δ’
1623 932 1749 977 ἄλλους
1773 933 1902 986 χυλοὺς
1935 933 2121 987 ταράττειν
2138 964 2149 985 ,
2177 932 2232 973 ὅτι
2258 933 2428 973 διαδύνων

1451 995 1571 1047 πλανᾷ
1601 992 1647 1032 τὰ
1668 993 1760 1032 ἄλλα
1789 993 1850 1032 καὶ
1866 993 2043 1047 ὑγραίνει·
2060 993 2297 1048 ὗγραινόμενα
2317 991 2434 1033 δὲ’καὶ

1453 1054 1493 1092 ἐκ
1520 1056 1581 1101 τῆς
1601 1052 1731 1098 τάξεως
1751 1051 1940 1104 κινούμενα
1960 1054 2100 1107 συρῤεῑν
2122 1053 2170 1097 εἷς
2189 1053 2254 1100 τὴν
2274 1051 2429 1092 κοιλίαν·

1452 1112 1584 1160 ταύτην
1603 1112 1673 1167 γὰρ
1689 1112 1933 1166 εὐπορώτατον
1954 1106 2043 1151 εἶναι
2060 1111 2118 1151 διὰ
2134 1113 2174 1151 τὸ
2193 1112 2358 1152 πλεῖστον
2387 1105 2435 1151 εἶ·

1591 1170 1600 1185 Ι

1446 1188 1504 1211 ναι
1520 1188 1633 1212 κενον.

1508 1232 1519 1283 (
1536 1231 1569 1269 Τ
1574 1231 1792 1284 heophrast.
1813 1231 1861 1270 de
1879 1231 2004 1270 Sensu
2020 1239 2057 1270 et
2079 1231 2210 1270 sensil.
2226 1230 2318 1282 65.)

1371 1304 1420 1330 28.
1451 1289 1523 1330 Τὸν
1543 1289 1581 1330 δὲ
1614 1290 1839 1343 στρυφνὸν
1869 1291 1909 1329 ἐκ
1940 1289 2104 1342 μεγάλων
2143 1287 2341 1342 σχημάτων
2367 1288 2429 1328 καὶ

1452 1349 1679 1401 πολυγωνίων
1697 1350 1758 1388 καὶ
1780 1348 1960 1403 περιφερὲς
1980 1347 2096 1396 ἥκιστ’
2116 1348 2293 1401 ἐχόντων·
2315 1351 2430 1388 ταῦτα

1451 1408 1520 1462 γὰρ
1540 1409 1624 1448 ὅταν
1645 1411 1692 1453 εἷς
1707 1409 1749 1448 τὰ
1764 1409 1916 1460 σώματα
1934 1407 2031 1462 ἔλθῃ,
2048 1408 2256 1461 ἐπιτυφλοῦν
2271 1407 2431 1458 ἐμπλάτ·

1452 1484 1558 1507 τοντα
1578 1469 1622 1507 τὰ
1639 1468 1767 1523 φλέὸια
1787 1468 1848 1507 καὶ
1868 1469 2015 1507 κωλύειν
2037 1468 2176 1522 συρῤεἶν
2189 1483 2199 1492 ·
2217 1466 2271 1506 διὸ
2287 1466 2351 1506 καὶ
2368 1467 2432 1511 τὰς

1453 1526 1590 1571 κοιλίας
1612 1527 1767 1566 ἱστάναι.
1824 1527 1895 1568 Τὸν
1914 1526 1950 1566 δὲ
1969 1527 2130 1580 πικρὸν
2152 1527 2192 1565 ἐκ
2213 1528 2350 1579 μικρῶν
2369 1526 2431 1565 καὶ

1452 1586 1556 1624 λείων
1577 1586 1638 1626 καὶ
1668 1589 1866 1640 περιφερῶν
1880 1602 1889 1612 ·
1915 1586 1978 1633 τὴν
1998 1584 2224 1640 περιφέρειαν
2260 1585 2430 1641 εἰληχότα

1453 1646 1514 1684 καὶ
1534 1645 1680 1695 καμπὰς
1700 1646 1870 1699 ἔχουσαν·
1899 1645 1952 1685 διὸ
1977 1645 2039 1685 καὶ
2058 1644 2227 1698 γλίσχρον
2254 1638 2344 1684 εἶναι
2370 1644 2434 1684 καὶ

1454 1704 1631 1753 κολλώδη.
1689 1706 1763 1746 Τὸν
1785 1707 1813 1744 δ’
1833 1706 1952 1757 ἇλμυ
1965 1704 2038 1758 ρὸν
2060 1706 2100 1744 ἐκ
2121 1704 2288 1756 μεγάλων
2306 1703 2367 1744 καὶ
2393 1707 2432 1743 οὗ

1453 1768 1662 1818 περιφερῶν,
1675 1765 1752 1804 ἀλλ’
1774 1766 1828 1803 ἐπ’
1848 1765 1946 1803 ἐνίων
1963 1764 2027 1816 μὲν
2047 1766 2258 1812 σκαληνῶν·
2278 1763 2332 1803 διὸ
2351 1764 2430 1803 οὐδὲ

1452 1827 1712 1876 πολυκαμπῶν.
1773 1824 1944 1864 Βούλεται
1960 1823 1996 1863 δὲ
2013 1823 2174 1871 σκαληνὰ
2187 1823 2322 1875 λέγειν,
2341 1822 2433 1876 ἅπερ

1455 1883 1677 1939 παράλλαξιν
1714 1883 1788 1937 ἔχει
1823 1882 1909 1936 πρὸς
1941 1883 2081 1931 ἄλληλα
2109 1882 2171 1922 καὶ
2204 1881 2429 1934 συμπλοκήν.

1453 1943 1630 1996 Μεγάλων
1662 1943 1746 1994 μέν,
1766 1941 1819 1981 ὅτι
1839 1946 1861 1990 ἡ
1885 1942 2034 1996 ἁλμυρὶς
2062 1942 2291 1988 ἐπιπολάζει·
2322 1940 2433 1994 μικρὰ

1339 2108 1347 2166 1
1415 2100 1466 2129 27.
1496 2097 1645 2137 Namque
1662 2096 1810 2127 acutum
1829 2103 1978 2135 saporem
2008 2102 2078 2126 esse
2098 2094 2202 2126 forma
2222 2093 2434 2135 angularem,

1372 2155 1570 2195 flexuosum,
1606 2163 1744 2195 parvum
1765 2155 1797 2186 et
1828 2155 1974 2194 tenuem,
2001 2154 2034 2186 et
2055 2154 2188 2194 propter
2216 2152 2432 2186 acritudinem

1372 2214 1520 2248 celeriter
1541 2216 1574 2246 et.
1597 2213 1718 2255 ubique
1737 2213 1880 2255 perlabi;
1907 2216 1943 2245 ut
1969 2222 2119 2254 asperum
2143 2221 2222 2245 vero
2246 2214 2279 2246 et
2295 2212 2433 2254 angula·

1372 2282 1460 2313 rem,
1478 2281 1593 2314 cogere
1605 2274 1639 2306 et
1659 2272 1847 2305 contrahere
1865 2281 1903 2305 eo
1926 2271 2036 2312 modo,
2058 2273 2095 2304 ut
2113 2280 2229 2314 corpus
2245 2271 2431 2312 calefaciat,

1372 2332 1541 2365 inanitates
1560 2331 1731 2372 injiciendo
1747 2340 1755 2360 ε
1776 2331 1863 2373 quod
1886 2331 1972 2364 enim
1995 2331 2171 2373 plurimum
2189 2331 2285 2364 vacui
2302 2330 2433 2372 habeat,

1374 2392 1514 2424 maxime
1536 2390 1685 2424 calefieri.
1731 2391 1879 2424 Dulcem
1897 2395 2006 2423 autem
2029 2400 2047 2424 e
2068 2390 2215 2423 rotundis
2244 2390 2355 2432 figuris
2374 2399 2434 2423 nec

1372 2451 1469 2484 nimis
1486 2451 1595 2493 parvis
1614 2452 1783 2491 constare,
1802 2450 1941 2492 ideoque
1961 2459 2082 2492 corpus
2101 2450 2199 2492 plane
2218 2449 2433 2492 perfundere,

1371 2519 1476 2552 neque
1489 2510 1699 2543 veliementer
1713 2519 1772 2543 nec
1789 2510 1936 2542 celeriter
1952 2510 2061 2543 omnia
2077 2518 2262 2551 permeare5
2278 2511 2432 2542 caeterum

1372 2569 1502 2602 dulcem
1531 2569 1718 2611 perturbare
1745 2570 1882 2602 caeteros
1905 2578 2055 2610 sapores,
2082 2568 2239 2610 quoniam
2265 2568 2435 2610 perlabens

1373 2629 1496 2671 reliqua
1512 2628 1674 2671 dispergat
1697 2630 1730 2662 et
1749 2628 1964 2669 madefaciat,
1988 2629 2169 2661 madefacta
2186 2629 2297 2662 autem
2312 2631 2346 2662 et
2365 2628 2434 2664 dis-

1373 2687 1500 2720 turbata
1523 2688 1555 2720 in
1574 2689 1721 2721 ventrem
1741 2687 1906 2720 continere
1919 2713 1928 2726 ,
1950 2686 2005 2730 qni
2033 2687 2177 2720 maxime
2194 2696 2320 2721 vacuus
2341 2686 2433 2720 racil-

1371 2747 1447 2780 lime
1463 2748 1609 2788 excipere
1622 2747 1734 2789 possit.

1416 2809 1470 2838 28.
1496 2808 1687 2839 Austerum
1709 2815 1788 2839 vero
1817 2815 1835 2838 e
1867 2806 1991 2847 magnis
2019 2805 2128 2847 figuris
2158 2806 2191 2838 et
2216 2805 2380 2844 angulosis
2400 2807 2434 2838 et

1372 2867 1506 2898 minime
1539 2866 1688 2899 rotundis
1717 2866 1934 2907 compositum
1959 2874 2046 2906 esse,
2083 2873 2158 2906 qnae
2187 2865 2215 2897 si
2235 2864 2269 2897 in
2294 2873 2432 2906 corpora

1372 2925 1516 2967 veniant,
1533 2934 1634 2958 venas
1657 2928 1825 2958 excaecent
1843 2926 1876 2957 et
1891 2924 2062 2957 obstruant
2082 2927 2114 2956 et
2132 2923 2326 2964 impediant,
2347 2932 2431 2964 quo-

1373 2986 1480 3018 minus
1502 2984 1702 3026 conjunctim
1724 2983 1806 3026 (per
1823 2983 1934 3025 artus)
1952 2982 2030 3016 fluat
2051 2981 2240 3025 (sanguis),
2257 2981 2302 3014 ita
2319 2983 2356 3015 ut
2381 2981 2431 3014 al-

1371 3054 1450 3077 vum
1478 3044 1668 3086 astringant.
1714 3046 1884 3077 Amorum
1906 3043 2016 3075 autem
2034 3051 2053 3075 e
2067 3042 2175 3084 parvis
2191 3043 2224 3075 et
2247 3041 2384 3075 laevibus
2398 3046 2430 3074 et

1372 3104 1541 3144 rotundis,
1563 3103 1621 3137 tali
1648 3103 1800 3136 nimirum
1826 3102 2025 3135 rotunditate
2054 3104 2203 3144 accepta,
2232 3110 2307 3142 quae
2329 3101 2434 3134 flexus

1372 3173 1503 3205 quoque
1526 3162 1663 3203 liabeat5
1686 3162 1759 3195 ideo
1789 3164 1933 3195 tenacem
1954 3170 2025 3194 esse
2045 3162 2077 3195 et
2096 3161 2307 3203 glutinosum.
2352 3159 2430 3194 sal-

1370 3232 1449 3256 sum
1467 3232 1545 3256 vero
1572 3231 1590 3255 e
1613 3222 1736 3263 magnis
1758 3230 1818 3255 nec
1841 3220 2005 3263 rotundis,
2031 3221 2088 3254 sed
2115 3222 2224 3263 aliqua
2240 3222 2332 3262 parte
2348 3220 2427 3253 inae·

1372 3283 1540 3325 qualibus,
1558 3285 1590 3315 et
1607 3282 1688 3314 lianc
1704 3281 1746 3314 ob
1763 3290 1831 3313 rem
1849 3290 1914 3313 non
1938 3280 2103 3314 flexuosis.
2148 3280 2302 3321 intelligit
2320 3282 2430 3312 autem

1373 3343 1547 3384 inaeqnalia
1564 3350 1638 3384 quoe
1660 3340 1873 3374 variationem
1901 3349 2090 3382 nexumque
2113 3340 2195 3373 inter
2219 3349 2254 3373 se
2278 3339 2430 3372 habeant.

1374 3403 1399 3434 E
1421 3401 1546 3443 magnis
1570 3401 1724 3443 quidem,
1749 3400 1900 3442 quoniam
1931 3400 2080 3441 salsilago
2110 3400 2211 3437 (inde
2228 3399 2428 3438 redundans,

1377 3459 1524 3502 corpori)
1549 3461 1693 3500 innatet;
1715 3468 1830 3501 parvas
1847 3459 1932 3493 enim
1964 3459 2135 3501 particulas
2153 3457 2430 3492 circumdantibus

1341 3537 1348 3542 ·
1374 3520 1483 3560 pulsas
1497 3524 1571 3552 cnm
1593 3519 1743 3551 universo
1765 3527 1898 3559 corpore
1919 3517 2134 3550 commisceri.
2181 3518 2207 3550 E
2229 3525 2294 3549 non
2318 3517 2429 3548 rotun-
