2612 3814
331 262 406 296 174

406 346 485 386 κτλ.
509 368 562 375 -
590 345 658 386 Vs.
683 358 730 383 10
761 344 878 384 codd.
900 345 1045 383 habent
1068 343 1145 383 ἐπεὶ
1171 346 1232 383 vel
1263 342 1330 392 ἑπὴ
1348 353 1386 384 et

406 406 465 445 ἐπὶ
497 411 606 454 πᾶσι,
640 405 709 443 sed
744 403 959 445 comment.
993 406 1032 442 in
1057 405 1198 455 Cratyl.
1227 406 1265 441 in
1301 409 1386 443 Act.

407 465 504 517 phil.
527 467 680 505 Monac.
703 464 741 503 II
768 478 811 516 p.
839 464 912 502 128
934 471 1129 502 exaratum
1161 471 1216 502 est
1237 461 1324 510 ἐπὴν
1350 472 1388 502 et

406 525 486 579 περὶ
507 529 619 572 πᾶσι,
642 524 968 574 quemadmodum
989 524 1052 561 hic
1074 537 1231 573 quoque
1257 523 1387 561 edito-

408 598 469 624 res
485 585 601 623 scribi
620 585 840 622 voluerunt.
863 584 915 623 At
946 581 1022 621 ἐπεὶ
1041 596 1115 633 pro
1137 581 1225 629 ἐπὴν
1254 584 1386 634 epico-

406 659 499 685 rum
517 652 721 695 poetarum
752 657 878 682 sermo
899 656 978 680 non
998 644 1157 692 respuit.
1182 643 1240 681 Cf.
1274 643 1386 682 Iliad.

408 706 491 754 XV,
521 705 613 743 363.
643 705 829 742 Caeterum
850 701 968 740 iidem
993 715 1125 739 versus
1155 703 1346 738 iterantur
1366 714 1388 737 a

408 766 549 803 Proclo
567 762 608 803 in
635 764 733 801 Tim.
756 763 811 801 111
832 776 870 812 p.
897 761 969 807 146
991 763 1021 798 E
1041 774 1050 798 ι
1075 759 1148 799 Καὶ
1167 754 1266 804 οῧτός
1295 761 1388 798 ἐστιν

408 826 429 863 ὁ
449 823 618 877 κρατερὸς
640 821 785 873 δεσμός,
804 819 849 865 ὥς
864 836 970 874 φησιν
991 821 1010 859 ὁ
1025 820 1204 874 θεολόγος,
1222 818 1276 858 διὰ
1299 819 1390 859 πάν-

407 900 478 922 των
499 882 687 934 τεταμένος
700 880 759 920 καὶ
776 879 845 920 ὑπὸ
864 882 928 927 τῆς
955 882 1089 933 χρυσῆς
1105 885 1225 933 σειρᾶς
1243 879 1389 933 συνεχό-

410 957 525 994 μενος·
550 943 603 982 ἐπ’
643 943 737 994 αὐτῷ
766 940 833 993 γὰρ
862 942 880 978 ὁ
915 938 1003 984 Ζεὺς
1036 939 1100 987 τὴν
1134 941 1273 994 χρυσῆν
1304 939 1389 989 ὑφί-

409 1018 514 1050 στησι
547 1000 668 1054 σειρὰν
694 999 786 1040 κατὰ
819 998 882 1044 τὰς
919 996 1097 1046 ὑποθήκας
1128 1001 1192 1047 τῆς
1235 997 1392 1043 Νυκτός·

410 1061 531 1115 Αὐτὰρ
559 1060 635 1100 ἐπεὶ
651 1061 727 1099 κτλ.
745 1061 804 1101 Cf.
821 1062 980 1098 Proclus
1001 1061 1039 1097 in
1053 1060 1153 1099 Tim.
1174 1059 1226 1099 lII
1246 1073 1287 1110 p.
1316 1060 1389 1107 173

409 1125 438 1161 F
460 1136 468 1160 z
490 1120 671 1175 Κρατερὸς
689 1119 753 1172 μὲν
776 1119 844 1173 γὰρ
862 1119 923 1160 καὶ
947 1122 964 1159 ὁ
985 1117 1112 1170 δεσμὸς
1131 1119 1149 1157 ὁ
1169 1117 1240 1157 ἀπὸ
1256 1121 1315 1157 νοῦ
1330 1121 1392 1158 καὶ

407 1182 526 1236 ψυχῆς
538 1211 547 1229 ,
566 1183 614 1225 ὡς
630 1180 691 1220 καὶ
708 1179 862 1234 Ὀρφεύς
878 1195 983 1235 φησιν
999 1210 1009 1230 ,
1031 1179 1122 1218 ἀλλὰ
1142 1177 1268 1231 μείζων
1291 1180 1312 1226 ἠ
1331 1181 1393 1226 τῆς

409 1242 547 1294 χρυσῆς
577 1245 696 1292 σειρᾶς
729 1237 853 1283 ἔνωσις
887 1238 949 1278 καὶ
977 1237 1144 1290 μειζόνων
1176 1240 1249 1283 τοῖς
1282 1244 1391 1278 πᾶσιν

410 1301 551 1351 ἀγαθῶν
581 1298 693 1339 αἷτία.
728 1297 911 1338 Similiter
946 1299 1025 1349 jam
1055 1301 1248 1338 Homerus
1277 1299 1389 1339 Iliad.

407 1362 513 1408 VIII,
536 1373 584 1410 19
607 1372 617 1397 t
640 1357 771 1413 Σειρὴν
792 1357 960 1412 χρυσείην
986 1358 1022 1404 ἐξ
1050 1358 1236 1412 οὐρανόθεν
1263 1356 1393 1412 κρεμά-

409 1434 550 1464 σαντες.
568 1420 579 1471 )

830 1497 897 1537 XI.

410 1572 499 1618 Ζεὺς
517 1574 548 1611 δ’
571 1574 681 1627 ἐφορᾷ·
701 1573 830 1625 γονέων
852 1572 977 1613 ὁπόσοι
993 1572 1107 1612 τίουσι
1124 1574 1294 1624 θέμιστας
1308 1603 1319 1623 ,

413 1633 470 1681 ἠδ’
489 1632 566 1672 ὅσοι
586 1634 648 1672 οὒκ
666 1634 852 1686 ἀλέγουσιν
866 1664 877 1682 ,
897 1633 1043 1672 ἀναιδέα
1062 1633 1171 1685 θυμὸν
1195 1634 1336 1687 ἔχοντες
1348 1648 1357 1657 ·

412 1693 474 1732 καὶ
490 1698 561 1737 τοῖς
575 1692 639 1745 μὲν
654 1692 820 1749 πρόφρων
844 1708 882 1732 τε
897 1691 959 1733 καὶ
975 1693 1079 1741 ἤπιος
1102 1693 1209 1733 ἐσθλὰ
1225 1694 1366 1744 δίδωσι,

411 1758 483 1797 τοῖς
503 1752 538 1792 δὲ
555 1751 649 1791 κακὰ
664 1751 820 1808 φρονέων
843 1752 1066 1804 νεμεσίζεται
1087 1753 1338 1805 Εὗμενίδεσσι.

409 1812 521 1851 δειναὶ
540 1810 609 1866 ’γὰρ
625 1812 718 1852 κατὰ
732 1812 836 1865 γαῖαν
852 1811 1027 1866 Ἐριννύες
1047 1810 1115 1851 εἶσὶ
1131 1811 1280 1860 τοκήων.

467 1882 661 1934 (Stobaeus
680 1884 814 1923 Floril.
835 1883 1020 1934 LXXIX,
1040 1883 1108 1923 28.
1126 1883 1137 1934 )

818 1960 905 2000 XII.

415 2027 488 2075 ⁴³Hv
508 2036 650 2089 χρόνος,
671 2035 775 2084 ἡνίκα
796 2039 909 2090 φῶτες
927 2037 988 2075 ἀπ’
1012 2035 1178 2084 ἀλλήλων
1202 2035 1276 2089 βίον
1301 2030 1410 2089 εἶχον

413 2097 618 2150 σαρκοδακῆ
631 2113 640 2120 ·
658 2095 831 2150 κρείσσων
850 2095 886 2135 δὲ
906 2096 966 2136 τὸν
984 2095 1112 2144 ἥττονα
1133 2098 1233 2150 φῶτα
1250 2095 1359 2142 δάῖζε.

472 2168 633 2219 (Sextus
651 2170 865 2220 Empiricus
884 2170 970 2208 adv.
991 2169 1110 2206 Math.
1127 2170 1179 2216 ΙΙ,
1199 2169 1244 2206 31
1269 2176 1307 2206 et
1323 2170 1396 2216 IX,

420 2229 465 2266 15
487 2242 496 2266 ε
517 2228 563 2267 Οἱ
581 2227 648 2280 γὰρ
666 2227 770 2280 νόμοι
789 2226 925 2267 πόλεών
947 2230 1015 2268 εἰσι
1038 2226 1248 2279 σύνδεσμοι,
1271 2227 1332 2267 καὶ
1352 2230 1400 2272 ὡς

421 2286 516 2341 4ιιυχὴ
533 2287 698 2339 σώματος
712 2287 942 2342 ἐκφθαρέντος
958 2287 1155 2343 φθείρεται,
1177 2286 1270 2326 οὕτω
1281 2287 1399 2338 νόμων

418 2347 670 2400 ἀναιρεθέντων
691 2347 752 2386 καὶ
773 2348 809 2386 αἱ
829 2346 948 2393 πόλεις
977 2346 1187 2386 διόλλυνται
1210 2346 1314 2400 Παρὸ
1334 2363 1396 2386 και

417 2409 436 2445 ὁ
463 2406 631 2458 ἠθολόγος
645 2407 806 2481 ΞΙΟρφευς
830 2423 871 2447 το
892 2409 1083 2460 ἀναγκαῖον
1106 2408 1221 2446 αὐτῶν
1244 2406 1400 2461 υποφαί-

418 2482 486 2504 νων
515 2467 617 2520 φησί·
643 2471 686 2515 ἠν
704 2467 828 2542 χρόνος
856 2469 935 2507 κτλ.
971 2467 1132 2515 Μηδενὸς
1159 2466 1263 2520 γὰρ’
1252 2483 1402 2506 επιστα-

419 2528 559 2570 τοῧντος
578 2526 708 2577 νόμου,
730 2526 877 2572 ἕκαστος
895 2530 928 2566 ἐν
946 2542 1047 2581 χερσι
1071 2525 1110 2565 τὸ
1130 2526 1265 2566 δίκαιον
1283 2519 1373 2579 εἶχε.
1385 2527 1397 2579 )

418 2670 539 2725 ’Έκτῃ
560 2673 589 2711 δ’
605 2674 639 2712 ἐν
657 2680 760 2729 γενεᾷ·
774 2675 1031 2715 καταπαύσατε
1052 2676 1188 2727 κόσμον
1208 2677 1342 2724 ἀοιδῆς.

482 2748 616 2803 (Plato
637 2753 781 2792 Phileb.
799 2767 840 2803 p.
865 2754 915 2791 66
939 2755 994 2793 C:
1031 2752 1115 2807 ἕκτῃ
1148 2754 1179 2792 δ’
1210 2754 1245 2792 ἓν
1277 2758 1401 2806 γενεᾷ,

1275 254 1521 296 ORPHICA.

1532 342 1639 399 φησὶν
1661 342 1837 399 Ὀρφεύς,
1858 345 1941 385 κτλ.
1967 345 2076 384 Idem
2106 358 2236 384 versus
2259 353 2378 385 exstat
2404 345 2516 399 apud

1530 403 1781 442 Plutarchum
1797 403 1879 457 περὶ
1895 408 1955 444 τοῦ
1975 405 2024 444 Et
2041 406 2101 443 τοῦ
2123 404 2158 442 ἓν
2174 405 2324 458 Δελφοῖς
2343 411 2440 447 tom.
2458 406 2517 444 lx

1531 476 1573 513 p.
1609 463 1687 501 236
1717 463 1781 503 ed.
1811 465 1985 513 nutten„
2016 465 2086 502 ubi
2114 478 2188 516 pro
2209 464 2342 515 κόσμον
2363 465 2518 504 codices

1531 520 1640 573 θυμὸν
1694 523 1880 573 praebent.
1928 524 1985 563 Cf.
2028 524 2215 563 Lobeckii
2258 524 2515 575 Aglaopham.

1532 589 1625 619 tom.
1641 583 1681 619 11
1694 595 1738 633 p.
1761 582 1838 631 788
1865 583 1998 635 seqq.)

1930 671 2042 712 XIV.

1532 744 1705 790 Ὠκεανὸς
1721 747 1859 800 πρῶτος
1879 747 2087 802 καλλίρροος
2107 741 2190 801 ἦρξε
2209 747 2360 800 γάμοιο,

1535 805 1571 851 ὅς
1590 808 1633 860 ῥα
1654 805 1874 859 κασιγνήτην
1897 807 2107 861 ὁμομήτορα
2132 807 2254 857 Τηθὺν
2275 807 2408 848 ὄπυιεν.

1590 895 1729 946 (Plato
1751 896 1894 946 Cratyl.
1915 909 1959 946 p.
1988 900 2065 941 402
2101 902 2140 934 et
2168 898 2342 936 Stobaeus
2378 897 2513 948 Eclog.

1534 956 1648 1005 Phys.
1671 957 1741 995 lib.
1764 957 1783 993 1
1816 968 1904 1006 cap.
1928 969 1989 1005 10,
2011 956 2051 1004 8,
2073 964 2169 997 tom.
2189 959 2208 995 I
2237 970 2324 1008 pag.
2357 970 2431 1007 ¹09
2452 957 2517 996 ed.

1533 1016 1744 1064 Gassford„
1767 1029 1934 1066 quorum
1974 1018 2170 1067 posterior
2198 1017 2302 1055 hunc
2339 1017 2472 1055 locum
2499 1030 2522 1055 a

1539 1076 1673 1126 priore
1693 1082 1886 1114 mutuatus
1918 1076 2086 1114 videtur.
2107 1077 2217 1114 Plato
2250 1076 2359 1114 addit
2383 1090 2392 1114 z
2412 1075 2520 1127 Λέγει

1540 1132 1578 1172 δέ
1597 1148 1666 1173 που
1686 1133 1747 1174 καὶ
1762 1132 1914 1188 Ὀρφεὺς
1937 1132 2010 1173 ὅτι·
2031 1133 2201 1180 Ὠκεανὸς
2217 1134 2324 1188 κτλ.)

1940 1219 2027 1260 XV.

1537 1294 1652 1350 Ἀργὼ
1671 1295 1711 1335 τὸ
1729 1296 1863 1348 σκάφος
1882 1296 1976 1348 εἶμί,
1996 1298 2063 1350 θεῷ
2087 1297 2117 1336 δ’
2132 1297 2299 1346 ἀνέθηκεν
2314 1296 2464 1348 Ἰάσων,

1594 1353 1739 1408 Ἴσθμια
1753 1356 1814 1395 καὶ
1833 1357 1990 1408 Νεμέαις
2015 1356 2235 1411 στεψάμενον
2254 1357 2410 1399 πίτυσιν.

1595 1445 1682 1497 (Dio
1705 1446 1995 1495 chrysostomus
2006 1446 2114 1486 Orat.
2137 1447 2329 1485 XXXVII
2349 1460 2392 1496 p.
2417 1457 2489 1495 107
2509 1458 2522 1486 ε

1540 1503 1708 1556 Ἰἰγένετο
1721 1503 1757 1543 δὲ
1771 1503 1831 1543 καὶ
1848 1507 1917 1543 τῶν
1938 1507 2024 1543 νεῶν
2041 1503 2260 1556 ἅμιλλα·’καὶ
2275 1504 2388 1559 Ἀργὼ
2407 1504 2521 1555 ἐνίκα,

1541 1565 1601 1603 καὶ
1617 1563 1708 1616 μετὰ
1721 1568 1834 1603 ταῦτα
1855 1565 1920 1604 οὐκ
1940 1563 2131 1612 ἔπλευσεν,
2158 1564 2238 1603 ἀλλ’
2260 1564 2370 1614 αὐτὴν
2395 1563 2522 1613 ἀνέθη·

1541 1640 1601 1663 κεν
1625 1626 1644 1663 ὁ
1663 1622 1795 1664 Ἰάσων
1819 1625 1970 1663 ἐνταῦθα
1998 1624 2064 1677 [ἐν
2091 1623 2280 1678 Κορίνθῳ]
2301 1626 2351 1678 τῷ
2381 1626 2521 1664 Ποσει-

1541 1685 1644 1732 δῶνι,
1673 1682 1794 1722 καὶτὸ
1820 1683 2033 1736 ἐπίγραμμα
2054 1681 2276 1738 ἐπέγραψεν,
2308 1683 2328 1722 ὃ
2355 1682 2516 1738 λέγουσιν

1541 1743 1700 1798 Ὀρφέως
1721 1737 1825 1782 εἶναι·
1844 1742 1959 1797 Ἀργὼ
1975 1743 2015 1782 τὸ
2041 1742 2175 1798 σκάφος
2189 1744 2267 1783 κτλ.
2285 1745 2344 1784 Cf.
2360 1745 2520 1784 Anthol.

1540 1813 1568 1844 t.
1601 1807 1668 1853 IV,
1695 1805 1825 1855 Epigr.
1863 1804 1990 1843 ἀδεσπ.
2026 1804 2216 1843 CCXXII.
2249 1804 2291 1842 b.
2323 1811 2363 1841 et
2390 1804 2520 1842 Schol.

1543 1865 1637 1914 Lyc.
1661 1877 1700 1903 v.
1726 1863 1798 1911 175
1820 1876 1863 1913 p.
1884 1867 1977 1908 [241.
1999 1863 2181 1901 SImiliter
2196 1864 2351 1901 locutus
2380 1870 2437 1900 est
2455 1862 2520 1900 Si-

1542 1924 1718 1961 monides
1744 1924 1849 1974 apud
1877 1925 2000 1962 IIenr.
2033 1924 2268 1973 Stephanum
2288 1923 2401 1961 Thes.
2426 1922 2518 1972 ling.

1540 1997 1597 2034 gr.
1628 1985 1668 2021 ΙΙ
1696 1997 1739 2033 p.
1775 1983 1875 2034 1690
1901 1985 1935 2020 A
1967 1994 1977 2021 :
2014 1980 2181 2033 Ἰσθμια,
2203 1980 2255 2026 δὶς
2280 1980 2425 2032 Νέμεα,
2449 1979 2523 2033 τρὶς

1542 2042 1728 2093 Ὀλύμπια
1741 2041 1996 2096 ἐστεφανώθην,
2004 2044 2240 2081 etLuciauus
2251 2042 2360 2089 ibid„
2369 2040 2517 2094 ἔστεψαι

1542 2103 1587 2143 τὰ
1607 2102 1812 2154 Ὀλύμπια,
1834 2116 1960 2153 neque
1980 2111 2062 2141 erat
2081 2103 2189 2152 quod
2208 2102 2393 2152 Bergkius
2407 2102 2534 2139 Poet.·

1543 2166 1632 2214 Lyr.
1666 2164 1805 2214 129²ss
1841 2164 2071 2201 deteriorem
2102 2164 2333 2213 scripturam
2365 2158 2515 2211 ’Ἰσθμια

1548 2221 1616 2270 δίς,
1658 2221 1782 2276 Νεμέᾳ
1822 2222 1888 2271 δίς,
1923 2220 2110 2275 Ὀλυμπίᾳ
2141 2219 2385 2275 ἐστεφανώθην
2423 2233 2518 2271 pro-

1542 2281 1693 2334 haret.)

1935 2359 2046 2398 XVI.

1543 2435 1616 2482 ζῺς
1632 2437 1776 2476 εἰποῧσα
1794 2435 1984 2480 πέπλους
1966 2434 2182 2488 ανεσύρατο,
2203 2433 2293 2480 δειξέ
2308 2449 2347 2472 τε
2363 2433 2482 2473 πάντα

1544 2495 1709 2546 σώματος
1721 2494 1795 2535 οὔτι
1810 2494 1990 2549 πρέποντα
2005 2493 2134 2534 τύπον·
2146 2487 2312 2538 na'i'48’7
2290 2509 2350 2547 ῃεν
2361 2491 2520 2547 Ἴακχος,

1545 2555 1689 2609 χεῒρδίθ’
1707 2554 1767 2602 ἑὴν
1784 2554 1961 2612 ῥίπτασκε
1970 2556 2082 2608 γελῶν
2095 2553 2284 2598 Βαυὸους“
2272 2553 2339 2593 υπὸ
2353 2551 2518 2597 κολπους.

1544 2620 1567 2664 ἡ
1586 2616 1615 2654 δ’
1636 2617 1698 2655 ἐπε
1703 2631 1713 2652 ι
1734 2618 1792 2653 οὖν
1811 2613 1956 2666 μείδησε
1972 2613 2054 2666 θεά,
2077 2612 2203 2665 γηθησ’
2220 2612 2270 2651 ἔνι
2290 2615 2409 2667 θυμῷ,

1494 2690 1511 2715 5
1558 2674 1681 2721 δέξατο
1702 2673 1731 2713 δ’
1754 2674 1914 2714 uictima*
1892 2690 2016 2728 αγγος,
2034 2675 2068 2712 ἐν
2089 2677 2118 2727 ᾧ
2145 2672 2283 2712 κυκεὼν
2301 2671 2464 2712 ἐνέκειτο.

1605 2751 1801 2802 (Clemens
1820 2752 2098 2790 Alexandrinus
2112 2751 2270 2788 Cohort.
2287 2763 2328 2800 p.
2350 2762 2430 2796 17:
2449 2746 2523 2788 Καὶ

841 2883 897 2915 ΧΙ.
1953 2882 2039 2914 XIV.

340 2939 471 2982 Jupiter
489 2939 617 2980 inspicit
638 2939 709 2972 illos
729 2940 783 2980 qui
805 2941 917 2974 colunt
936 2943 1105 2982 parentum
1120 2943 1212 2984 jura,
1464 2945 1616 2976 Oceanus
1639 2941 1773 2983 pulchre
1793 2940 1896 2973 fluens
1918 2939 2040 2981 primns
2056 2938 2241 2980 conjugium
2259 2937 2438 2977 inchoavit,

0 3036 5 3045 .
342 3000 379 3031 et
396 2998 453 3040 qui
469 2998 653 3039 negligunt,
668 2998 873 3039 impudentia
891 3000 974 3033 freti.
1465 3002 1520 3044 qni
1538 3009 1680 3035 sororem
1695 3008 1880 3041 germanam
1895 2998 2023 3039 Tethyn
2046 3006 2182 3030 uxorem
2201 2997 2354 3030 habehat.
2463 2979 2466 2992 ’

0 3078 6 3100 3
241 3094 258 3110 ι
343 3060 447 3099 Atque
467 3057 528 3090 illis
547 3056 677 3099 quidem
697 3057 857 3099 benignus
876 3059 909 3091 et
923 3059 1011 3092 mitis
1027 3059 1112 3093 bona
1131 3060 1276 3102 largitur,
1957 3059 2028 3090 XV·

0 3103 9 3158 Q
343 3116 395 3148 his
417 3125 494 3149 vero
513 3115 664 3149 inimicus
681 3116 829 3149 irascitur
849 3126 905 3159 per
922 3118 1049 3151 Furias.
1466 3124 1548 3163 Argo
1563 3119 1655 3153 navis
1671 3127 1743 3152 sum
1755 3145 1764 3160 ,
1781 3117 1842 3151 deo
1857 3117 1966 3151 autem
1989 3126 2042 3150 me
2062 3116 2227 3150 dedicavit
2246 3120 2334 3148 lason

0 3161 8 3227 ff
345 3176 428 3208 Sunt
445 3175 530 3208 enim
549 3176 716 3208 horribiles
731 3176 764 3208 in
779 3177 861 3209 terra
879 3178 1048 3218 parentum
1069 3179 1188 3212 Furiae.
1465 3180 1499 3213 in
1521 3179 1665 3214 Isthmiis
1682 3178 1768 3212 ludis
1786 3178 1908 3212 Nemea
1930 3178 2029 3211 etiam
2045 3177 2122 3218 pinu
2145 3176 2344 3209 coronatam.
2372 3168 2374 3170 ’
2417 3161 2419 3163 ’

835 3238 911 3269 ΧΠ.
1230 3239 1242 3281 [
1258 3239 1398 3273 lerarent
1945 3238 2034 3270 XVI·

345 3287 423 3326 Era't
436 3293 565 3335 tempus
584 3293 663 3326 illud
676 3319 685 3336 ‚
707 3304 808 3336 quum
824 3295 972 3328 homines
993 3298 1104 3330 mutua
1128 3298 1216 3330 caede
1234 3299 1333 3332 vitam
1349 3301 1402 3333 to·
1465 3298 1518 3331 Sic
1541 3298 1651 3331 locuta
1669 3297 1784 3331 retexit
1803 3301 1945 3337 vestem,
1960 3295 2166 3336 ostenditque
2184 3301 2314 3326 omnem

346 3352 499 3386 carnibus
523 3354 732 3387 ‹omedendis
745 3379 755 3397 ,
776 3356 808 3388 et
832 3355 969 3388 validior
987 3356 1036 3389 vir
1061 3356 1283 3391 invalidiorem
1300 3358 1402 3392 inter·
1466 3359 1651 3400 pudendam
1667 3358 1810 3400 corporis
1824 3359 1945 3398 partem
1960 3370 1966 3389 ε
1983 3355 2155 3389 accedebat
2168 3357 2276 3387 autem
2289 3351 2423 3386 Iacchus
2433 3357 2525 3392 puer,

1057 3414 1203 3458 [sectum
1221 3417 1401 3452 dilaniaret.
1468 3427 1667 3460 manumque
1686 3427 1778 3451 suam
1795 3417 1901 3450 ridens
1915 3417 2049 3450 Baubns
2065 3415 2148 3448 sinui
2163 3414 2313 3455 subiecit.

828 3475 915 3508 XIII·
1471 3480 1644 3519 postquam
1663 3486 1741 3511 vero
1760 3477 1821 3510 dea
1840 3476 1892 3509 illa
1911 3475 2064 3515 subrisit,
2086 3475 2195 3516 gavisa
2215 3474 2262 3506 est
2276 3472 2385 3505 animo

349 3529 449 3563 Sexta
469 3539 546 3564 vero
563 3530 594 3564 in
612 3532 762 3573 progenie
778 3534 931 3566 carminis
949 3536 1099 3567 ornatum
1119 3534 1254 3569 linitote.
1473 3538 1663 3579 accepitque
1683 3545 1742 3570 vas
1764 3535 1908 3577 varium,
1924 3535 1957 3567 in
1981 3543 2046 3576 qno
2060 3533 2176 3566 cirinus
2189 3532 2304 3565 inerat.
