2612 3814
983 308 1032 347 lN
1064 307 1285 347 AUREUM
1313 305 1542 347 CARMEN.

193 397 415 450 ἀδικούμενος
449 396 611 449 βούλεται
649 389 737 434 εἶναι
770 394 866 443 θεόν,
882 394 927 435 ἶν’
961 395 1161 447 ἐπικουρίας
1190 390 1238 435 ὧν

192 457 342 497 πέπονθε
356 456 463 510 τύχῃ.
521 455 584 495 Διὸ
601 453 679 498 τοὺς
698 454 904 499 ἀδικοῦντας
923 456 971 498 εἷς
989 455 1027 493 τὸ
1045 455 1239 493 ἀδικεῖσθαι

191 520 398 572 περιστῆναι
426 517 497 563 δεῖ,
516 512 559 552 ἵν’
586 513 604 552 ὃ
625 513 674 564 μὴ
696 513 842 552 ἔὸλεπον
861 515 895 551 ἐν
915 515 965 567 τῷ
986 514 1091 566 δρᾶν,
1108 517 1157 566 τῷ
1177 517 1240 562 τ’ἤς

190 576 387 621 πλεονεξίας
405 574 509 613 πάθει
532 573 733 625 μεθύοντες,
761 574 796 611 ἐν
814 574 865 626 τῷ
893 572 1048 625 πάσχειν
1076 572 1240 623 μεταμά-

191 640 299 683 θωσι,
318 636 368 673 τῶ
388 636 448 680 τῆς
467 631 732 676 ἐλαττωσεως’
713 633 845 685 ανιαρῶ
865 632 1133 683 παιδευόμενοι,
1151 631 1183 670 εἴ
1200 648 1239 683 γε

188 694 332 737 καλῶς*
319 691 478 746 υπέχοιεν
500 690 612 734 δίκας.
636 692 680 731 Ei
700 690 735 729 δὲ
751 693 796 742 τῇ
818 691 1007 741 ἷταμότητι
1031 693 1093 737 τ’ῆς
1113 706 1238 744 προαι-

188 752 313 806 ρέσεως
326 751 377 790 ἔτι
389 751 604 797 κακύνοιντο,
618 750 717 789 αὐτοὶ
730 749 818 801 μὲν”
806 765 887 794 ισως
895 744 998 797 ηττον
1009 751 1239 803 ὠφελοῦνται·

187 810 412 865 παράδειγμα
435 810 471 849 δέ
490 825 554 848 που
572 809 725 861 γίνονται
744 808 886 852 πάντως
922 809 1148 847 παιδευτικὸν
1167 814 1239 852 τοῖς

186 865 225 910 εὖ
240 875 415 924 φρονοῦσι,
435 869 495 908 καὶ
525 868 786 908 διαισθάνεσθαι
807 866 1013 918 δυναμένοις
1039 867 1101 911 τὰς
1123 867 1237 912 αἰτίας

185 932 254 969 τῶν
274 929 439 969 τοιούτων
454 930 590 966 παθῶν.
650 925 792 970 Ταύτας
810 929 871 973 τῆς
887 925 1035 978 κρίσεως
1049 925 1161 978 ἀρχὰς
1180 942 1237 965 κυ-

188 988 360 1042 ριωτάτας
380 986 654 1040 ἀποδεχώμεθα,
675 985 737 1034 τὴν
759 985 961 1037 ἀγαθότητα
981 988 1041 1022 τοῦ
1070 988 1161 1033 θεοῦ,
1179 984 1238 1023 τὸν

185 1047 258 1087 ἀπὸ
301 1047 431 1095 ταύτης
457 1046 563 1096 νόμον
577 1076 588 1093 ,
626 1045 685 1084 τὸν
722 1047 757 1084 ἐν
793 1047 879 1095 ἡμῖν
922 1042 1236 1095 παρανομούμενον

186 1106 287 1160 ὀρθὸν
314 1105 433 1159 λόγον,
456 1104 538 1156 καί,
558 1104 678 1155 ὥσπερ
699 1103 777 1142 τινὰ
796 1102 927 1142 ἔνοικον
948 1102 1037 1151 θεόν,
1067 1105 1236 1154 πλημμε-

184 1165 363 1210 λούμενον·
395 1164 620 1213 ἀποτέλεσμα
645 1163 681 1200 δὲ
698 1165 760 1209 τ’ἧς
784 1162 953 1216 κρίσεως,
973 1161 1018 1199 τὰ
1035 1161 1158 1213 ἄλγεα,
1185 1162 1232 1207 ὥς

184 1240 230 1277 φῖ.
243 1238 253 1251 ’
266 1246 292 1276 ·.,
313 1227 423 1262 ταῦτα
437 1252 448 1270 ,
466 1222 531 1261 ὅσα
548 1221 764 1275 τραχύτερον
779 1223 863 1271 ἡμῖν
881 1226 974 1259 ποιεῖ
994 1221 1052 1260 τὸν
1069 1221 1142 1274 βίον
1162 1228 1238 1267 ταῖς

185 1284 267 1336 περὶ
283 1283 388 1333 σῶμά
407 1298 444 1321 τε
466 1282 526 1320 καὶ
545 1283 621 1319 τὰ’
606 1280 702 1324 εκτὸς
716 1278 858 1332 λύμαις·
883 1278 906 1318 ἃ
922 1280 965 1327 δὴ
980 1279 1100 1333 πράως
1121 1281 1236 1335 φέρειν

185 1340 337 1394 δπαρὼν
357 1343 547 1401 εἰσηγεῖται
559 1339 660 1391 λόγος
678 1338 950 1390 ἐνθυμουμένους
966 1338 1028 1384 τὰς
1043 1341 1155 1385 αἰτίας
1170 1343 1233 1380 αὐ-

183 1403 275 1451 τῶν,
289 1400 349 1439 καὶ
362 1399 442 1440 ὅσον
464 1392 534 1437 οἷόν
549 1414 587 1436 τε
603 1397 891 1450 περικόπτοντας,
911 1396 972 1436 καὶ
984 1399 1234 1444 μετατιθέντας

180 1461 231 1503 εἰς
248 1458 420 1512 ὠφέλειαν
441 1458 484 1497 τὰ
505 1459 674 1496 δοκοῦντα
700 1454 872 1509 βλαὸερά·
896 1456 1051 1507 μάλιστα
1080 1457 1143 1508 μὲν
1166 1462 1236 1498 τῶν

182 1518 281 1558 θείων
299 1520 439 1570 ἀγαθῶν
459 1517 602 1561 ἑαυτοὺς
622 1516 736 1563 ἀξίους
748 1515 965 1569 παρέχεσθαι
979 1516 1037 1556 διὰ
1055 1521 1118 1563 τῆς
1137 1521 1238 1571 ἀκρο-

181 1579 288 1627 τάτης
307 1580 445 1631 ἀρετῆς.
482 1580 525 1617 Εἰ
540 1576 577 1615 δέ
587 1593 637 1629 τῳ
657 1579 760 1614 τοῦτο
773 1574 870 1614 οὔπω
884 1577 917 1614 ἐν
932 1574 1059 1628 ὀρέξει,
1069 1578 1138 1615 τῶν
1155 1581 1235 1648 γοῦν

179 1639 369 1676 πολιτικῶν
391 1639 530 1689 ἀγαθων
551 1635 607 1674 διὰ
637 1651 699 1683 της
731 1635 841 1686 μέσης
862 1636 988 1685 ἀρετῆς
1014 1636 1232 1687 τυγχανέτω.

179 1699 293 1738 Τοῦτο
308 1699 375 1750 γὰρ
388 1692 447 1745 ην,
465 1696 484 1736 ὃ
500 1696 585 1749 πρὸς
600 1695 640 1734 τὸ
650 1695 802 1748 πάσχειν
817 1696 933 1738 καλῶς
952 1694 998 1733 τὰ
1014 1695 1156 1746 ἀλγεινὰ
1173 1695 1233 1734 καὶ

181 1756 301 1795 ἰᾶσθαι
329 1754 418 1795 αὐτὰ
449 1754 722 1804 ἔπιταττόμεθα.
780 1753 844 1798 'lig
873 1756 932 1791 οὖν
960 1755 982 1800 ἡ
1009 1752 1120 1801 ἴασις,
1141 1753 1164 1800 ἢ
1191 1754 1236 1792 τὰ

180 1815 419 1868 προειρημένα
438 1814 554 1852 πάντα
567 1844 577 1861 ,
602 1814 661 1866 ἀφ’
682 1806 730 1851 ὧν
744 1828 804 1850 και
821 1814 843 1859 ἦ
862 1811 1060 1864 εὐλόγιστος
1079 1814 1148 1850 τῶν
1170 1814 1236 1850 ἀλ-

179 1875 303 1925 γεινῶν
321 1872 478 1923 ὓπομονή
492 1903 501 1920 ,
515 1872 574 1911 καὶ
590 1876 612 1920 ἡ
628 1871 860 1925 θεραπευτικὴ
882 1870 1025 1921 μέθοδος
1041 1869 1238 1910 ὒποδείκνυ·

156 1972 160 1976 ,
180 1946 262 1981 ται;
291 1932 488 1985 Κεφάλαιον
507 1930 543 1970 δὲ
572 1933 640 1968 τῶν
661 1929 873 1982 εἰρημένων,
891 1928 943 1968 ὅτι
963 1932 981 1968 ὁ
1001 1930 1074 1974 θεός
1087 1959 1098 1977 ,
1126 1945 1236 1981 νομο-

180 1991 282 2038 θέτης
306 1989 354 2029 &w
379 1990 455 2042 ἅμα
476 1990 536 2029 καὶ
559 1989 748 2041 δικαστής,
770 1989 902 2028 τίθεται
926 1988 989 2040 μὲν
1017 1988 1062 2027 τὰ
1093 1989 1208 2041 ἀγαθά
1224 2019 1234 2037 ,

2262 322 2333 356 441

1301 398 1434 450 ἀναιρεῖ
1474 394 1510 434 δὲ
1547 394 1591 433 τὰ
1630 395 1739 433 κακά·
1782 396 1834 434 διὸ
1859 396 1918 434 καὶ
1951 397 2066 445 πάντη
2103 403 2221 440 κακῶν
2260 404 2352 442 ἐστιν

1301 456 1464 499 ἀναίτιος·
1504 453 1583 498 τους
1631 453 1667 493 δὲ
1721 455 1951 499 κακυνθέντας
2003 457 2235 505 αὖτεξουσίοις
2286 464 2353 515 ὁρ-

1301 518 1384 564 μαῖς
1396 542 1407 563 ‚
1427 512 1488 551 και
1502 512 1560 551 τὸν
1577 514 1611 551 ἐν
1629 513 1746 557 αὑτοῖς
1763 512 1861 565 ὀρθὸν
1875 513 1976 564 λόγον
2005 516 2325 565 ἀμνημονήσαντας
2337 551 2348 571 ,

1299 575 1345 614 ὡς
1361 570 1424 623 μὲν
1449 570 1577 615 κακους
1596 570 1736 616 κολάζει
1761 574 1811 609 τῶ
1828 572 1925 624 νόμῳ
1953 575 2002 610 τῶ
2034 576 2289 627 ἀπαγορεύοντι
2305 579 2351 618 τὰ

1299 629 1404 668 κακά·
1427 631 1473 673 ὥς
1497 629 1534 668 δὲ
1555 628 1779 703 ἀνθρώπους,
1807 633 1850 682 τῇ
1872 630 2073 682 ε’πεισιούσῃ
2096 635 2270 687 ἐπιπλοκῇ
2290 641 2350 675 τοῦ

1299 689 1406 739 νόμου
1424 704 1510 740 προς
1527 688 1590 735 τὴν
1604 687 1825 741 προαίρεσιν,
1840 688 1917 750 fixo:
1898 688 1940 736 δὴ
1952 689 2063 743 τύχην
2082 694 2350 742 καλοῦμεν.οὐ

1298 749 1366 800 γὰρ
1393 747 1513 791 ἁπλῶς
1542 748 1600 785 τὸν
1636 746 1840 798 ἄνθρωπον,
1878 751 1901 801 ᾑ
1931 748 2132 802 ἄνθρωπον,
2159 753 2298 797 κολάζει
2333 755 2352 791 ὁ

1299 806 1424 858 νόμος,
1444 808 1522 845 ἀλλ’
1547 801 1571 859 ᾗ
1601 805 1722 845 κακόν.
1779 808 1851 846 Τοῦ
1883 807 1921 846 δὲ
1957 808 2064 847 κακὸν
2091 808 2252 860 γενέσθαι
2285 810 2350 859 τὴν

1299 867 1442 939 πρώτην
1463 865 1577 906 αἰτίαν
1597 858 1689 919 εἶχεν
1721 867 1744 912 ἡ
1775 866 1987 921 προαίρεσις·
2020 868 2161 908 ἐπειδὰν
2189 870 2224 908 δὲ
2244 871 2351 915 κακὸς

1299 925 1468 978 γένηται,
1492 925 1600 979 (ὅπερ
1627 929 1670 974 ἠν
1701 927 1742 978 ἐφ
1746 927 1879 976 ’ἠμῖν,
1899 928 1977 966 ἀλλ’
1999 928 2061 966 οὐκ
2078 929 2135 967 ἐπι
2155 931 2206 983 τῷ
2232 933 2351 983 θεῳ,)

1299 985 1375 1024 τότε
1396 985 1518 1025 δίδωσι
1538 986 1635 1030 δίκας
1649 1015 1660 1037 ,
1683 981 1830 1039 (ὅπερ’
1808 1002 1850 1033 ην
1873 987 1931 1025 ἐπὶ
1950 1003 2000 1038 τῳ
2030 988 2109 1041 θείῳ
2128 988 2252 1042 νόμῳ,
2271 992 2350 1029 ἀλλ’

1298 1045 1362 1082 οὐκ
1382 1044 1435 1099 ἐφ’
1465 1045 1594 1096 ἡμῖν).
1663 1044 1801 1089 Σκοπος
1821 1044 1857 1083 δὲ
1876 1050 1936 1085 τοῦ
1952 1046 2060 1097 νόμου
2082 1046 2186 1098 μόνος
2223 1047 2266 1087 ἂν
2295 1049 2349 1097 εἴη

1299 1102 1441 1155 πρέπων
1476 1119 1513 1142 τε
1545 1106 1632 1157 θεῷ,
1660 1104 1720 1143 καὶ
1749 1106 1833 1154 ἡμῖν
1870 1105 2077 1159 ἔπωφελής,
2111 1107 2151 1145 τὸ
2183 1107 2350 1162 διακόψαι

1298 1162 1360 1208 τὴν
1379 1162 1528 1209 κακίαν,
1548 1163 1609 1202 καὶ
1624 1165 1845 1216 ἀποκαθᾶραι
1863 1169 1933 1206 τοῖς
1953 1167 2189 1210 παντοδαποῖς
2209 1169 2272 1215 τῆς
2294 1167 2350 1206 δί-

1298 1237 1361 1267 κης
1379 1227 1650 1275 σωφρονισμοῖς,
1681 1222 1741 1261 καὶ
1770 1221 1978 1276 ἐπιστρέψαι
2012 1224 2075 1272 τὴν
2104 1228 2348 1266 ὑποπεσοῦσαν

1298 1284 1340 1334 τῇ
1360 1281 1511 1334 πονηρία
1541 1280 1659 1334 ψυχὴν
1691 1283 1739 1325 εἷς
1768 1282 1962 1332 ἀνάμνησιν
1997 1287 2058 1322 τοῦ
2087 1285 2188 1336 ὀρθοῦ
2225 1285 2345 1337 λόγου.

1299 1341 1370 1379 Καὶ
1390 1339 1499 1385 οὕτως
1522 1342 1667 1384 ἑστῶτος
1682 1345 1740 1379 τοῦ
1761 1340 1891 1391 νόμου,
1919 1342 1978 1380 καὶ
2001 1342 2045 1381 τὰ
2067 1344 2156 1382 αὐτὰ
2180 1344 2233 1383 ἀεὶ
2247 1349 2351 1398 φθεγ-

1297 1399 1442 1450 γομένου
1454 1430 1464 1448 ,
1480 1400 1542 1447 τὴν
1561 1399 1658 1446 ἀξίαν
1679 1399 1824 1444 ἕκαστος
1841 1401 1904 1448 τὴν
1935 1402 2060 1440 ἑαυτοῦ
2081 1403 2206 1442 ἄλλοτε
2237 1404 2347 1452 ἄλλην

1300 1457 1449 1503 ποιήσας
1471 1458 1509 1496 οὗ
1530 1461 1598 1497 τῶν
1620 1459 1735 1497 αὗτῶν
1766 1458 1820 1497 ἀεὶ
1847 1459 2033 1512 τυγχάνει·
2060 1461 2098 1498 οὗ
2129 1460 2197 1514 γὰρ
2218 1462 2348 1502 δίκαιον

1297 1517 1400 1556 τοῦτο’
1416 1532 1477 1568 γε,
1502 1517 1578 1557 οὐδὲ
1605 1520 1692 1569 ἡμῖν
1724 1517 1915 1572 συμφέρον.
1972 1518 2049 1566 Τὴν
2085 1518 2121 1558 δὲ
2148 1521 2349 1570 μεταὸολὴν

1298 1578 1360 1622 τῆς
1381 1575 1527 1628 κρίσεως
1547 1578 1569 1623 ἡ
1602 1579 1664 1615 τοῦ
1694 1576 1897 1629 κρινομένου
1926 1576 2105 1627 μεταὸολὴ
2138 1577 2270 1618 δίδωσι·
2290 1581 2348 1619 τὸν

1296 1634 1364 1687 γὰρ
1382 1634 1432 1685 μὴ
1448 1635 1506 1675 τὸν
1528 1635 1631 1674 αὐτὸν
1661 1635 1888 1685 διαμείναντα
1920 1638 1994 1680 πῶς
2023 1638 2093 1675 τῶν
2115 1638 2230 1677 αὐτῶν
2256 1640 2348 1678 ἐστιν

1298 1694 1436 1742 ἀξιοῦν;
1472 1696 1629 1738 Καλῶς
1653 1694 1810 1768 φέρειν
1838 1689 1896 1733 οὖν
1925 1694 1987 1740 τὰς
2013 1696 2252 1747 δαιμονίας
2282 1698 2350 1737 τύ-

1295 1768 1372 1806 χας
1389 1755 1460 1800 δεῖ,
1485 1753 1546 1792 καὶ
1565 1753 1624 1804 μὴ
1651 1755 1935 1804 ἀγανακτεῖν
1963 1753 2099 1794 διδόντα
2117 1755 2240 1804 δίκην,
2261 1757 2345 1805 καί,

1298 1814 1408 1852 ὄσον’
1394 1829 1451 1853 επι
1469 1816 1514 1866 τῇ
1546 1813 1622 1852 θεία
1652 1812 1783 1864 κρίσει,
1818 1814 2089 1867 καθαιρόμενον,
2110 1813 2168 1853 διὰ
2193 1819 2262 1855 τῶν
2284 1817 2352 1855 δο-

1296 1871 1449 1910 κούντων
1467 1872 1644 1923 ἐμποδίων
1665 1888 1752 1910 ειναι
1770 1872 1854 1925 πρὸς
1873 1874 2059 1912 εὐπάθειαν
2078 1879 2138 1913 τοῦ
2153 1876 2235 1928 τῇδε
2259 1875 2348 1928 βίου.

1297 1929 1343 1970 ‘O
1364 1930 1399 1970 δὲ
1418 1934 1572 1975 τοιοῦτος
1585 1929 1782 1982 λογισμὸς”
1770 1929 1859 1975 ιασίς
1875 1947 1911 1970 τε
1926 1930 2059 1984 γίνεται
2076 1934 2145 1970 τῶν
2163 1948 2348 1986 προημαρ-

1297 1989 1471 2039 τημένων,
1496 1988 1556 2028 καὶ
1586 1988 1778 2044 ἐπιστροφὴ
1799 1989 1884 2043 πρὸς
1904 1990 1962 2029 τὸν
1995 1990 2237 2044 ἐνυπάρχοντα
2264 1993 2348 2044 ἡμῖν

180 2124 322 2160 auxilio
342 2123 555 2160 remedium
586 2135 721 2159 eorum
754 2135 838 2171 quae
862 2133 991 2170 passus
1010 2128 1065 2157 est
1099 2134 1236 2158 conse-

180 2188 331 2230 quatur,
354 2182 516 2230 Oportet
534 2181 653 2230 igitur
678 2192 741 2216 eos
764 2181 829 2228 qui
850 2179 1027 2227 injuriam
1054 2179 1221 2215 inferunt

180 2240 282 2289 ipsos
302 2239 443 2288 injuria
464 2238 585 2285 affici,
604 2247 647 2275 ut
666 2239 775 2288 quod
794 2240 833 2274 in
853 2251 896 2275 ea
923 2238 1120 2274 inferenda
1139 2239 1236 2274 lucri

180 2298 390 2348 cupiditate
415 2298 513 2335 ebrii
530 2310 610 2334 non
628 2298 833 2346 videbant,
855 2296 896 2332 id
918 2296 1102 2346 patiendo
1125 2296 1235 2332 add1-

179 2363 300 2403 scant,
321 2357 449 2394 damni
469 2357 642 2393 molestia
662 2356 808 2402 edocti,
828 2357 858 2392 si
881 2354 998 2391 modo
1024 2362 1127 2391 recte
1146 2368 1234 2404 sup-

179 2406 340 2465 plicium
363 2415 499 2452 serant.
522 2413 590 2451 Sin
610 2423 737 2451 autem
756 2414 962 2451 voluntatis
985 2413 1236 2461 protervitate

181 2473 290 2510 ducti
308 2475 348 2509 in
365 2475 466 2509 malo
493 2481 759 2522 perseverent,
782 2472 856 2523 ipsi
877 2473 1033 2509 fortasse
1050 2474 1173 2508 minus
1190 2486 1235 2509 ex

182 2543 227 2568 ea
245 2544 288 2569 re
307 2532 478 2568 utilitatis
492 2533 727 2581 percipiunt;
743 2539 781 2568 at
797 2532 1013 2580 exemplum
1027 2538 1127 2567 certe
1139 2543 1236 2579 prae-

182 2590 277 2627 bent
299 2603 377 2640 quo
399 2590 610 2628 doceantur
633 2591 696 2627 alii
727 2591 795 2638 qui
813 2591 965 2639 sapiunt
984 2596 1022 2625 et
1045 2590 1113 2637 qui
1135 2589 1235 2637 ejus-

179 2649 289 2687 modi
320 2651 509 2686 malorum
542 2662 670 2686 causas
694 2662 807 2685 sensu
836 2649 1038 2698 percipere
1073 2656 1218 2696 queunt

180 2709 364 2745 Primaria
383 2709 500 2757 igitur
523 2707 659 2755 judicii
681 2707 927 2744 fundamenta
945 2707 1024 2742 haec
1054 2718 1234 2755 agnosca-

182 2780 268 2805 mus
282 2794 294 2815 ,
311 2769 384 2805 Dei
404 2768 638 2812 bonitatem,
657 2767 780 2817 legem
801 2766 848 2803 ab
876 2778 919 2803 ea
939 2772 1176 2812 manantem,
1198 2773 1235 2802 et

181 2827 327 2865 rectam
345 2840 429 2876 quae
448 2827 561 2862 nobis
571 2827 665 2863 inest
677 2829 867 2862 rationem
880 2826 1058 2862 violatam
1078 2832 1115 2861 et
1128 2854 1138 2866 ,
1156 2832 1236 2861 tan-

180 2899 296 2936 quam
326 2887 583 2923 'domesticum
613 2886 803 2936 quendam
832 2887 980 2929 Deum,
1013 2883 1152 2931 injuria
1181 2884 1234 2920 af-

180 2947 316 2983 fectam
344 2960 352 2982 :
391 2946 531 2994 judicii
564 2953 691 2982 autem
729 2946 908 2982 effectum
941 2942 1051 2993 ἄλγεα
1072 2945 1155 2989 illa,
1176 2950 1233 2978 uti

179 3012 311 3051 vocat,
332 3017 570 3054 quaecunque
587 3005 819 3053 asperiorem
833 3004 945 3040 nobis
962 3004 1078 3039 vitam
1094 3015 1234 3052 corpo-

179 3067 229 3101 ris
253 3067 360 3102 malis
372 3072 486 3114 atque
506 3065 671 3102 externis
683 3063 953 3100 vexationibus
970 3062 1132 3107 faciunt;
1150 3075 1232 3110 quae

180 3124 335 3173 quidem
365 3137 519 3161 carmen
549 3124 611 3160 hic
642 3124 832 3173 patienter
867 3134 937 3163 nos
970 3121 1067 3158 ferre
1100 3121 1209 3158 docet

179 3183 333 3219 illorum
353 3195 481 3220 causas
515 3189 732 3232 reputantes
760 3189 798 3218 et
821 3188 1006 3230 quantum
1035 3192 1232 3229 possumus

178 3241 448 3291 praecidentes,
468 3248 582 3290 atque
600 3253 644 3277 ea
661 3253 745 3289 quae
765 3241 878 3277 noxia
899 3239 1076 3275 videntur
1099 3239 1137 3273 in
1159 3251 1228 3274 no-

178 3306 294 3336 stram
315 3312 395 3336 rem
415 3307 679 3336 convertentes
703 3312 712 3336 ε
730 3299 923 3348 praecipue
948 3309 1042 3334 vero
1064 3297 1203 3333 coelesti
1211 3301 1227 3325 ὲ

179 3358 251 3395 bus
268 3358 381 3395 bonis
398 3371 469 3395 nos
486 3371 557 3408 per
575 3371 758 3395 summam
777 3358 957 3393 virtutem
975 3355 1111 3405 dignos
1129 3368 1226 3404 prae-

123 3414 126 3419 ’
178 3424 290 3456 stare.
322 3417 362 3454 si
392 3417 478 3466 quis
508 3428 603 3453 vero
650 3415 823 3452 nondum
863 3414 1003 3452 horum
1040 3415 1228 3451 desiderio

179 3482 345 3522 tenetur,
379 3475 507 3512 civilia
533 3475 664 3512 saltem
686 3475 791 3511 bona
822 3474 956 3510 mediae
984 3474 1134 3509 virtutis
1156 3486 1230 3522 ope

181 3541 446 3584 consequatur.
470 3535 554 3571 Hoc
573 3535 670 3571 enim
691 3533 785 3569 illud
810 3540 863 3569 est
883 3532 989 3582 quod
1010 3532 1057 3569 ad
1075 3533 1228 3568 calami-

1298 2127 1390 2156 tates
1409 2127 1515 2156 recte
1536 2119 1708 2156 ferendas
1724 2132 1861 2169 easque
1880 2120 2063 2157 sanandas
2087 2122 2198 2158 nobis
2215 2126 2351 2171 praeci-

1295 2187 1415 2228 pitur.
1447 2178 1650 2226 Quodnam
1671 2180 1787 2228 igitur
1818 2179 2030 2216 remedium
2061 2187 2134 2227 est,
2164 2182 2236 2217 nisi
2263 2191 2351 2220 ante

1297 2238 1397 2274 dicta
1417 2236 1482 2274 illa
1499 2239 1647 2283 omnia,
1666 2238 1806 2287 quibus
1825 2245 1861 2275 et
1881 2251 2134 2275 aerumnarum
2149 2241 2351 2280 tolerantia

1296 2298 1437 2333 rationi
1457 2304 1708 2334 consentanea
1728 2304 1766 2333 et
1782 2298 1940 2334 sanandi
1963 2299 2165 2335 methodus
2190 2299 2350 2338 demon-

1296 2361 1461 2391 stratur?
1490 2357 1634 2391 Eorum
1655 2367 1748 2391 vero
1770 2368 1853 2404 quae
1873 2356 1972 2392 dicta
2002 2363 2088 2392 sunt
2107 2369 2255 2395 summa
2274 2367 2346 2404 est,

1297 2415 1404 2463 quod
1434 2417 1535 2451 Deus
1557 2416 1624 2464 qui
1652 2415 1879 2464 legumlator
1896 2416 2006 2451 simul
2028 2423 2064 2451 et
2083 2415 2202 2463 judex
2231 2425 2285 2454 est
2305 2431 2349 2455 ea

1296 2474 1407 2523 ponit
1426 2486 1509 2522 quae
1543 2474 1646 2510 bona
1677 2479 1785 2519 sunt,
1821 2474 1921 2510 mala
1947 2481 2074 2510 autem
2104 2476 2222 2522 tollit,
2246 2477 2349 2514 unde

1296 2535 1338 2568 ht
1357 2540 1401 2568 ut
1419 2533 1483 2569 ille
1505 2544 1750 2581 nequaquam
1771 2533 1961 2569 malorum
1982 2546 2092 2569 causa
2111 2535 2181 2580 sit,
2199 2535 2264 2572 sed
2284 2548 2349 2573 eos

1296 2592 1363 2639 qui
1393 2602 1460 2627 sua
1479 2598 1616 2640 sponte
1636 2591 1677 2626 in
1702 2589 1844 2640 flagitia
1876 2603 1915 2627 se
1936 2592 2252 2641 ingurgitaverint
2284 2608 2346 2632 re·

1297 2659 1475 2699 ctamque
1509 2651 1548 2686 in
1583 2663 1621 2687 se
1657 2651 1846 2687 rationem
1881 2651 2136 2700 neglexerint,
2167 2659 2348 2702 tanquam

1294 2710 1493 2758 improbos
1537 2709 1745 2746 secundum
1786 2710 1909 2759 legem
1957 2722 2040 2758 quae
2076 2711 2175 2747 mala
2209 2713 2346 2760 prohi-

1293 2768 1358 2803 bet
1381 2768 1507 2817 poenis
1539 2767 1700 2813 afficiat,
1724 2775 1904 2816 tanquam
1933 2768 2109 2804 homines
2139 2782 2255 2816 vero,
2294 2783 2348 2808 se-

1296 2827 1466 2862 cundum
1487 2839 1567 2863 eam
1596 2827 1691 2876 legis
1713 2839 1799 2863 cum
1829 2827 2024 2863 voluntate
2052 2828 2347 2877 implicationem

1298 2885 1542 2922 accedentem
1557 2912 1567 2930 ,
1585 2897 1701 2934 quam
1722 2886 1857 2934 utique
1874 2884 2067 2922 fortunam
2089 2887 2344 2925 nominamus.

1294 2943 1370 2980 Lex
1400 2945 1502 2980 enim
1540 2944 1736 2980 hominem
1779 2957 1859 2980 non
1888 2946 2126 2994 simpliciter,
2163 2953 2347 2994 quatenus

1291 3002 1412 3038 homo
1443 3009 1518 3049 est,
1541 3002 1609 3039 sed
1629 3011 1814 3052 quatenus
1831 3004 1952 3040 malus
1975 3011 2029 3040 est
2042 3031 2053 3050 ,
2073 3005 2197 3054 punit.
2220 3005 2346 3041 Prima

1293 3068 1418 3098 autem
1439 3074 1575 3108 causa,
1595 3074 1663 3099 cur
1683 3063 1767 3110 quis
1793 3063 1915 3099 malus
1933 3061 2059 3110 fieret,
2083 3075 2151 3099 sua
2181 3064 2250 3112 ipsi
2274 3064 2346 3100 fuit

1290 3121 1466 3157 voluntas
1485 3133 1494 3158 z
1516 3128 1720 3171 postquam
1735 3134 1829 3158 vero
1849 3123 1970 3159 malus
1986 3122 2104 3159 sactus
2128 3129 2200 3168 est,
2224 3122 2345 3173 (quod

1290 3179 1409 3215 nostri
1434 3186 1515 3216 erat
1533 3180 1705 3226 arbitrii,
1726 3193 1806 3216 non
1822 3188 1948 3218 autem
1968 3181 2009 3216 in
2031 3182 2103 3217 Dei
2124 3183 2342 3231 potestate‚)

1291 3244 1379 3274 tunc
1407 3251 1538 3288 poenas
1569 3238 1656 3287 dat,
1688 3239 1821 3288 (quod
1848 3240 1887 3275 in
1908 3240 2015 3289 lege,
2046 3252 2126 3275 non
2148 3247 2276 3276 autem
2304 3240 2344 3276 in

1289 3305 1419 3334 nostra
1459 3305 1648 3347 potestate
1668 3299 1834 3348 positum
1854 3297 1948 3348 est).
1969 3297 2080 3335 Solus
2107 3311 2227 3347 porro
2253 3299 2344 3348 legis

1289 3367 1427 3406 scopus
1447 3364 1484 3394 et
1504 3359 1586 3394 Deo
1613 3357 1844 3394 conveniens
1858 3365 1896 3394 et
1907 3355 2130 3395 hominibus
2143 3357 2246 3393 utilis
2265 3357 2344 3393 fue-

1287 3422 1339 3451 rit
1370 3416 1550 3452 vitiorum
1574 3417 1758 3453 coercitio
1794 3423 1832 3453 et
1859 3429 1929 3466 per
1968 3417 2157 3465 quaslibet
2185 3415 2342 3462 justitiae

1289 3476 1551 3525 castigationes
1572 3477 1751 3526 purgatio
1773 3483 1887 3524 atque
1907 3476 2022 3511 animi
2043 3476 2082 3510 in
2098 3476 2232 3510 vitium
2245 3487 2338 3524 pro-

1290 3534 1383 3584 lapsi
1404 3536 1602 3572 conversio
1629 3535 1679 3571 ad
1700 3542 1811 3571 rectae
1835 3535 1994 3571 rationis
2015 3533 2338 3570 recordationem.
