2612 3814
248 263 327 298 530

308 348 397 387 338.
427 346 600 385 Verbum
625 346 674 385 de
691 346 775 386 Deo
800 360 878 385 non
909 347 1018 386 omni
1035 347 1189 386 homini
1211 361 1320 386 com-

252 408 395 447 mittas.
424 406 498 457 (cf.
520 406 718 459 Porphyr.
737 406 785 445 ad
806 407 982 448 Marcell.
1002 421 1086 460 cap.
1113 408 1159 446 15
1181 417 1218 447 et
1246 409 1321 460 Py-

252 467 402 517 thagor.
422 466 592 518 symbol.
616 466 693 519 28.)

307 530 398 580 339.
434 527 521 566 Non
542 536 600 567 est
631 536 756 566 tutum
791 527 930 566 audire
961 527 1008 566 ‹le
1030 529 1113 566 Deo
1142 528 1322 567 homines

249 602 359 627 vanae
380 588 519 639 gloriae
544 588 732 638 jactantia
753 596 974 639 corruptos.
995 588 1068 640 (Cf.
1092 588 1319 640 Demophil.

249 658 345 687 sent.
369 656 419 688 25
441 657 479 687 et
498 648 697 700 Porphyr.
721 648 770 686 ad
795 648 920 687 Marc.
944 661 1028 699 cap.
1055 648 1130 699 15.)

306 709 397 755 340.
429 709 487 747 De
506 708 590 747 Deo
609 708 725 746 etiam
744 721 832 759 qnae
853 720 948 745 vera
968 716 1059 745 sunt
1082 707 1191 758 loqui
1215 707 1322 759 peri-

251 769 382 807 culum
405 778 462 808 est
491 778 528 807 et
547 782 625 806 non
652 781 831 820 parvum.
854 767 929 820 (Cf.
959 767 1187 819 Demophil.
1219 776 1318 806 sent.

251 829 300 867 25
323 837 360 867 et
380 829 529 880 Porph.
550 829 599 866 ad
619 828 738 866 Marc.
761 841 845 879 cap.
872 827 945 879 15.)

308 889 400 933 341.
434 889 491 926 De
511 889 594 926 Deo
615 887 714 925 nihil
742 887 872 935 dicas,
895 888 1003 938 quod
1022 900 1101 925 non
1131 887 1322 926 didiceris

248 962 271 988 a
291 949 373 987 Deo
398 964 406 987 ε
431 949 493 987 vel
514 949 550 986 ei
572 948 640 999 qui
672 961 751 986 non
778 946 924 995 credit,
947 947 996 985 de
1011 947 1095 986 Deo
1126 948 1227 986 nihil
1258 948 1321 986 lo-

249 1009 399 1061 quariS.

304 1069 397 1113 342.
429 1067 601 1107 Verbum
622 1080 759 1106 verum
782 1075 826 1105 ut
845 1067 966 1105 Deum
988 1067 1155 1107 honora.

304 1129 395 1173 343.
429 1127 470 1166 Si
493 1127 683 1166 immunis
703 1140 784 1165 non
803 1140 844 1166 es
859 1140 879 1165 a
895 1127 1103 1177 flagitiosis
1118 1127 1322 1180 operibus,

246 1188 295 1227 de
312 1188 395 1227 Deo
417 1188 518 1226 nihil
534 1187 739 1239 disceptes.
764 1186 842 1238 (Cf.
861 1186 1062 1240 Porphyr.
1081 1188 1129 1226 ad
1143 1188 1319 1227 Marcell.

247 1261 336 1300 cap.
366 1247 444 1298 15.)

303 1309 396 1353 344.
427 1307 566 1347 Sermo
587 1319 706 1345 verus
726 1306 774 1345 de
795 1307 879 1345 Deo
900 1320 1030 1345 sermo
1053 1308 1126 1347 Dei
1146 1317 1220 1348 est.

306 1368 401 1414 345.
433 1369 475 1408 Si
504 1370 604 1416 scis,
626 1368 733 1420 quod
768 1377 970 1420 acceptum
1000 1369 1147 1408 habent
1181 1370 1229 1408 de
1263 1379 1320 1417 te,

253 1429 358 1482 quod
377 1426 513 1480 diligis
533 1429 681 1476 Deum,
703 1428 745 1466 hi
776 1428 845 1479 qui
875 1436 911 1466 te
941 1428 1126 1478 audiunt,
1143 1438 1237 1468 tunc
1266 1429 1324 1468 eis

250 1490 415 1542 loquere
434 1490 483 1528 de
504 1490 602 1528 Deo.

303 1551 395 1594 346.
425 1550 555 1601 Opera
580 1547 755 1586 caritatis
777 1547 849 1585 Dei
871 1548 1091 1599 procedant
1111 1547 1182 1588 abs
1206 1557 1263 1600 te,
1285 1557 1321 1587 et

246 1618 340 1648 tunc
360 1622 580 1648 sermonem
600 1607 715 1646 facito
733 1607 781 1645 de
803 1608 899 1646 Deo.

304 1671 394 1717 347.
426 1669 472 1707 111
506 1667 760 1707 multitudine
791 1667 924 1707 dicere
958 1668 1007 1707 de
1031 1669 1115 1707 Deo
1147 1682 1228 1707 non
1257 1682 1324 1707 au-

248 1730 354 1769 deas.

303 1799 397 1844 348.
426 1796 600 1836 Verbum
621 1796 670 1834 de
692 1796 776 1834 Deo
797 1797 956 1848 parcius
978 1795 1177 1848 proferto,
1204 1808 1321 1846 quam

247 1859 296 1898 de
337 1859 482 1897 anima.
519 1857 662 1896 Melius
696 1866 755 1896 est
797 1858 968 1896 animam
1004 1856 1173 1909 perdere
1204 1869 1321 1907 quam

246 1918 412 1959 verbum
433 1931 579 1957 vanum
594 1917 644 1956 de
665 1917 747 1956 Deo
764 1918 958 1970 proferre.

305 1980 398 2030 349.
429 1978 517 2017 Viri
537 1978 704 2017 amantis
725 1978 850 2016 Deum
878 1978 1059 2030 corporis
1092 1985 1320 2030 potestatem

248 2038 367 2078 habet
386 2040 447 2078 leo
468 2048 506 2078 et
529 2047 723 2091 tyrannus
744 2038 946 2078 similiter.

277 2126 281 2129 «
304 2100 397 2138 350.
430 2099 528 2138 Cum
554 2098 628 2137 tibi
659 2099 832 2152 minatur
864 2107 1081 2149 tyrannus,
1104 2097 1217 2150 cujus
1241 2098 1321 2149 sis,

245 2169 341 2199 tunc
358 2173 512 2199 memor
536 2159 707 2198 maxime
727 2167 826 2199 esto.

303 2220 397 2260 351.
429 2218 602 2258 Verbum
625 2219 674 2258 de
697 2219 780 2259 Deo
807 2220 973 2258 reticere
994 2227 1152 2272 praestat
1173 2221 1320 2270 magis,

247 2293 364 2333 quam
386 2290 532 2320 temere
556 2280 752 2333 proferre.
776 2279 851 2333 (Cf.
874 2280 1126 2333 Porphyrius
1143 2279 1192 2318 ad
1218 2279 1323 2317 Mar

249 2341 332 2380 cell.
355 2355 441 2393 cap.
468 2341 542 2392 15.)

304 2401 397 2440 352.
430 2400 508 2446 Qui
528 2401 624 2440 dicit
649 2400 698 2439 de
723 2400 808 2440 Deo
837 2413 924 2452 quae
946 2413 1026 2439 non
1058 2408 1169 2448 sunt,
1189 2408 1325 2438 contra

248 2473 337 2499 eum
362 2460 502 2498 falsum
524 2460 717 2512 loquitur.

304 2520 394 2559 353.
426 2520 552 2559 Deum
571 2534 652 2559 non
669 2519 880 2571 cognovit,
904 2520 972 2572 qui
992 2532 1070 2557 non
1090 2519 1196 2557 colit.

305 2580 396 2625 354.
425 2580 514 2620 Νο11
545 2590 604 2620 est
631 2593 795 2630 verum,
817 2580 925 2632 quod
947 2579 1068 2618 Deum
1102 2579 1228 2627 colat,
1253 2579 1323 2631 qui

248 2641 448 2679 hominem
469 2640 589 2680 laedit.

305 2700 398 2738 355.
431 2700 742 2739 Fundamentum
761 2709 800 2740 et
819 2700 978 2739 initium
1001 2708 1059 2738 est
1091 2699 1219 2738 cultus
1247 2699 1322 2738 Dei

251 2773 381 2800 amare
402 2761 527 2799 Deum
547 2761 745 2802 homines.
939 2795 942 2797 .

306 2820 398 2859 356.
429 2820 508 2867 Qui
527 2820 733 2859 hominum
753 2834 887 2860 curam
908 2821 1011 2872 gerit
1029 2829 1067 2859 et
1086 2829 1172 2859 orat
1194 2820 1321 2859 Deum

251 2893 327 2934 pro
343 2881 422 2929 eis,
442 2882 516 2920 iste
531 2894 624 2920 vere
643 2894 665 2919 a
683 2882 764 2920 Deo
784 2894 868 2920 esse
888 2879 1086 2934 putandus
1102 2890 1170 2920 est.

308 2943 398 2992 357.
424 2942 497 2981 Dei
518 2941 726 2995 proprium
758 2950 816 2980 est
848 2942 1024 2993 salvare,
1047 2954 1148 2993 quos
1177 2941 1322 2993 dignos

247 3003 413 3056 judicat.

309 3064 404 3104 358.
436 3062 610 3102 Cultoris
639 3070 766 3102 autem
788 3062 859 3101 Dei
885 3071 943 3101 est
962 3075 1078 3101 orare
1094 3063 1220 3102 Deum
1247 3076 1321 3115 pro

254 3124 379 3163 salute
396 3123 616 3162 hominum.

310 3183 400 3235 359.
431 3182 528 3221 Cum
559 3181 690 3222 oranti
709 3180 784 3221 tibi
815 3181 1033 3233 praestitum
1066 3182 1185 3221 fuerit
1214 3181 1321 3234 quod

252 3243 472 3296 poposcisti
485 3255 508 3281 a
525 3243 628 3291 Deo,
641 3251 736 3281 tunc
752 3240 826 3281 tibi
843 3250 1071 3294 potestatem
1087 3242 1319 3294 permissam

253 3317 276 3342 a
291 3303 375 3342 Deo
392 3303 584 3353 intellige.

311 3365 400 3403 360.
432 3363 587 3414 Dignus
601 3362 675 3402 deo
692 3362 812 3402 homo
832 3362 929 3401 deus
950 3370 1009 3401 est
1025 3371 1063 3400 et
1090 3362 1133 3401 in
1150 3361 1324 3401 homini-

255 3422 341 3462 bus.
361 3422 433 3476 (Cf.
454 3422 650 3475 Porphyr.
673 3422 723 3461 ad
743 3422 918 3462 Marcell.
937 3435 1026 3474 cap.
1053 3421 1133 3475 15.)

312 3478 402 3521 361'.
431 3481 573 3521 Melius
596 3490 652 3520 est
670 3482 769 3521 nihil
791 3481 956 3533 habere,
975 3495 1091 3534 quam
1113 3481 1236 3520 multa
1255 3480 1326 3519 ha·-

254 3542 408 3581 bentem
427 3542 576 3581 nemini
594 3542 804 3595 impertiri.

1083 256 1239 297 SEXTI
1259 257 1637 315 'ENCHIRIDION

1440 348 1529 388 362.
1560 347 1602 386 Si
1624 361 1703 386 non
1734 348 1803 388 das
1826 350 1979 400 egenti,
2003 363 2091 389 cum
2121 351 2268 402 poscit,
2287 364 2367 390 non
2391 363 2455 391 ac-

1385 406 1509 458 cipies
1529 420 1550 445 a
1571 407 1653 445 Deo
1668 435 1679 454 ,
1705 421 1792 446 cum
1817 410 2064 461 poposceris,

1442 466 1532 506 363.
1561 467 1638 513 Qui
1667 480 1716 505 ex
1738 468 1871 507 animo
1892 469 1958 507 dat
1984 468 2116 508 cibum
2140 468 2357 520 indigenti,
2387 483 2456 522 pa·

1384 539 1470 564 rum
1508 527 1669 578 quidem
1699 534 1783 574 est,
1810 529 1916 580 quod
1947 529 2032 578 dat,
2066 529 2134 568 sed
2166 542 2306 580 magna
2334 529 2398 569 fiet
2418 531 2458 570 ei

1384 586 1498 625 bonae
1519 587 1734 627 voluntatis
1757 588 1978 628 retributio.

1442 648 1531 694 364.
1562 648 1687 686 Deum
1709 649 1779 700 qui
1808 657 1918 701 putat
1940 662 2025 689 esse
2047 658 2085 688 et
2105 649 2206 688 nihil
2235 649 2285 688 ab
2310 662 2358 689 eo
2388 664 2460 689 cu-

1386 708 1487 756 rari,
1512 708 1613 747 nihil
1653 708 1789 747 dissert
1819 708 1869 747 ab
1902 721 1973 757 eo,
2000 709 2068 761 qui
2102 723 2182 747 non
2220 708 2346 748 credit
2372 721 2463 748 esse

1386 767 1524 807 Deum.
1546 768 1619 819 (Cf.
1638 768 1836 821 Porphyr.
1858 768 1906 807 ad
1925 768 2094 807 Marcell.
2117 783 2203 821 cap.
2231 770 2317 820 22.)

1442 829 1534 869 365.
1566 828 1726 881 Optime
1740 829 1909 867 honorat
1928 829 2052 867 Deum
2074 828 2164 875 ille,
2186 829 2256 880 qui
2286 836 2458 868 mentem

1386 902 1495 927 suam
1510 918 1520 936 ,
1540 898 1730 940 quantum
1754 888 1840 927 fieri
1863 897 2007 941 potest,
2035 887 2204 927 similem
2227 888 2312 927 Deo
2345 888 2454 928 facit.

1387 950 1462 1001 (Cf.
1482 949 1684 1002 Porpliyr.
1703 950 1752 988 ad
1775 949 1948 988 Marcell.
1967 962 2055 1001 cap.
2080 949 2160 1000 16.)

1442 1011 1533 1049 366.
1565 1011 1673 1049 Deus
1700 1010 1860 1062 quidem
1894 1023 2141 1062 nequaqnam
2170 1018 2277 1060 eget,
2308 1009 2464 1048 laetatur

1387 1078 1515 1109 tamen
1533 1084 1653 1123 super
1674 1070 1737 1109 his
1751 1100 1761 1117 ‚
1785 1071 1854 1122 qui
1874 1069 2147 1121 indigentibus
2163 1069 2356 1110 tribuunt.
2374 1100 2376 1103 .

1443 1130 1534 1178 367.
1567 1130 1762 1169 Fidelium
1783 1143 1908 1182 pauca
1925 1139 2017 1169 sunt
2031 1129 2153 1168 verba
2165 1159 2176 1178 ‚
2193 1143 2315 1183 opera
2328 1138 2461 1170 autem
2491 1147 2497 1152 ·

1387 1190 1523 1228 multa.

1445 1255 1537 1292 368.
1572 1253 1739 1300 Fidelis,
1763 1253 1831 1305 qui
1858 1252 2028 1291 libenter
2060 1253 2146 1292 irult
2175 1252 2335 1302 doceri,
2366 1267 2461 1307 ope-

1387 1314 1517 1353 rarius
1538 1314 1734 1352 efficietur
1753 1313 1945 1353 veritatis.
2120 1364 2123 1365 ⁷

1444 1373 1537 1424 369.
1571 1373 1755 1425 Praepara
1786 1381 1824 1411 et
1856 1380 1947 1424 apta
1967 1381 2004 1411 te
2028 1371 2077 1411 ad
2099 1371 2403 1425 tribulationes,
2422 1381 2461 1412 et

1387 1432 1498 1471 laetus
1514 1434 1608 1471 eris.

1444 1499 1537 1547 370.
1568 1499 1773 1537 Neminem
1795 1498 1941 1537 laedens
1962 1497 2114 1536 nullum
2137 1495 2308 1536 timebis.

1443 1559 1535 1606 371.
1566 1558 1780 1610 Tyrannus
1798 1556 2082 1595 beatitudinem
2104 1569 2183 1594 non
2204 1556 2346 1596 aufert.

1445 1619 1535 1666 372.
1566 1618 1683 1664 Quod
1704 1618 1792 1657 fieri
1814 1629 1972 1656 necesse
1998 1624 2075 1664 est,
2096 1615 2320 1653 voluntarie
2339 1617 2465 1655 sacri-

1388 1677 1516 1717 ficato.

1445 1739 1535 1787 373.
1565 1738 1680 1785 Quod
1704 1751 1783 1776 non
1805 1745 1962 1790 oportet
1993 1736 2099 1783 fieri,
2130 1735 2242 1774 nullo
2262 1735 2382 1776 modo
2402 1737 2461 1776 sa·

1387 1799 1483 1838 cias.

1444 1861 1535 1908 374.
1565 1859 1731 1898 Omnem
1767 1858 1893 1908 magis
1926 1869 2083 1896 causam
2113 1856 2216 1895 refer
2245 1857 2295 1896 ad
2316 1857 2459 1897 Deum.

1388 1920 1484 1972 (vid.
1510 1920 1682 1959 Hierocl.
1703 1919 1751 1958 ad
1774 1931 1892 1957 carm.
1913 1930 1998 1956 aur.
2017 1930 2076 1957 vs.
2103 1917 2291 1969 48-49.)

1444 1982 1535 2029 375.
1567 1979 1692 2019 Nemo
1718 1979 1875 2032 sapiens
1895 1986 1954 2016 est
1964 1977 2063 2029 ,qui
2084 1976 2268 2016 deorsum
2297 1977 2460 2030 respicit

1387 2041 1428 2079 in
1450 2049 1609 2080 tertam.

1444 2099 1761 2149 376.1mmensa
1774 2097 1961 2136 amatoris
1975 2094 2179 2148 sapientiae
2197 2094 2301 2169 liber
2304 2104 2360 2135 tas
2376 2109 2459 2135 non

1387 2161 1438 2199 sit
1457 2161 1498 2198 in
1517 2159 1696 2207 homine,
1714 2157 1812 2197 sed
1802 2171 1844 2195 ln
1865 2156 2006 2195 anima.

1414 2220 1531 2268 ·.377
1563 2218 1748 2271 Mentiri,
1765 2217 1807 2255 in
1827 2216 1909 2254 vita
1929 2215 2111 2267 decipere
2130 2223 2241 2254 estet
2257 2214 2401 2267 decipi.

1442 2280 1534 2328 378.
1565 2278 1671 2326 Quid
1691 2278 1742 2317 sit
1763 2278 1892 2324 Deus,
1912 2288 2103 2327 agnosce,
2131 2283 2169 2313 et
2197 2275 2295 2327 quid
2325 2276 2367 2314 in
2394 2283 2457 2324 te,

1388 2339 1495 2391 quod
1512 2338 1690 2398 agnoscit
1715 2338 1856 2376 Deum.

1446 2394 1540 2452 379.
1573 2399 1646 2437 Dei
1668 2411 1769 2449 opus
1786 2396 1935 2434 bonum
1951 2394 2071 2433 homo
2090 2393 2237 2434 bonus.

1443 2460 1534 2498 380.
1567 2458 1661 2497 Sine
1673 2459 1756 2496 Deo
1768 2465 1859 2495 sunt
1874 2455 1933 2504 hi,
1949 2468 2025 2507 pro
2037 2453 2184 2507 quibus
2200 2453 2366 2493 verbum
2381 2453 2459 2493 Dei

1387 2520 1651 2559 maledicitur.

1445 2580 1538 2618 381.
1570 2579 1755 2617 Animam
1772 2589 1879 2615 mors
1898 2588 1979 2613 non
1998 2574 2220 2627 perdit‚sed
2239 2574 2342 2613 mala
2356 2575 2470 2613 vita:

1390 2638 1465 2691 (Cf.
1487 2639 1669 2678 Clemens
1691 2637 1885 2688 Protrept.
1908 2649 1948 2687 p.
1972 2634 2054 2685 89.)

1444 2700 1536 2739 382.
1569 2698 1611 2737 Si
1639 2698 1741 2748 scis,
1766 2710 1789 2735 a
1820 2709 1898 2747 quo
1918 2695 2042 2733 factus
2072 2693 2148 2740 sis,
2171 2701 2208 2731 te
2231 2692 2456 2747 ipsum-co-

1413 2773 1557 2799 1105015.

1385 2772 1410 2810 g
1442 2821 1535 2860 383.
1566 2819 1652 2858 Non
1690 2825 1748 2856 est
1780 2815 1995 2856 secundum
2028 2814 2152 2852 Deum
2182 2813 2342 2864 vivere,
2377 2812 2457 2853 nisi

1384 2880 1528 2932 pudice
1544 2889 1582 2919 et
1599 2879 1700 2918 bene
1719 2887 1756 2916 et
1769 2876 1875 2929 juste
1895 2876 1985 2928 quis
2002 2883 2102 2926 agat.

1441 2942 1533 2987 384.
1567 2939 1781 2978 Hominum
1819 2935 2040 2975 infidelium
2071 2935 2155 2973 vita
2188 2931 2455 2986 opplobrium

1384 3009 1455 3040 est.
1477 3000 1546 3052 (Cf.
1565 2997 1793 3051 Demophil.
1813 3004 1911 3035 sent.
1935 2995 2013 3046 20.)

1442 3061 1536 3099 385.
1569 3059 1750 3098 Animam
1772 3057 1820 3095 de
1840 3065 1944 3094 terra
1973 3053 2070 3092 fides
2090 3053 2219 3091 elevat
2238 3052 2287 3091 ad
2309 3051 2454 3091 Deum.

1387 3119 1690 3173 (Cf.P0rphy1-.
1715 3117 1763 3157 ad
1782 3115 1956 3154 Marcell.
1979 3127 2061 3166 cap.
2093 3127 2154 3150 10.
2160 3114 2170 3162 )

1441 3181 1534 3221 386.
1566 3180 1720 3218 Animae
1740 3175 1927 3229 sapientis
1949 3172 2258 3224 magnitudinem
2286 3185 2367 3210 non
2391 3171 2457 3210 in·

1385 3241 1542 3286 venies,
1561 3239 1664 3279 sicut
1685 3251 1757 3277 nec
1778 3236 1850 3274 Dei
1871 3233 2043 3286 quidem.

1443 3301 1535 3350 387.
1567 3300 1818 3349 Quaecunque
1837 3295 1903 3333 dat
1931 3293 2123 3340 mundus,
2143 3305 2259 3332 nemo
2286 3289 2455 3329 firmiter

1386 3369 1505 3401 tenet.
1530 3360 1602 3412 (Cf.
1623 3358 1819 3410 Porpliyr.
1839 3355 1888 3393 ad
1905 3354 2024 3392 Marc.
2045 3366 2126 3405 cap.
2151 3353 2226 3403 10.)

1443 3421 1536 3459 388.
1566 3419 1819 3469 Quaecunque
1838 3416 1903 3454 dat
1920 3414 2026 3452 Deus
2039 3444 2049 3464 ,
2067 3425 2183 3451 nemo
2213 3410 2367 3450 auserre
2382 3422 2455 3461 po-

1387 3490 1474 3520 test.

1444 3541 1537 3590 389.
1571 3539 1717 3577 Divina
1737 3535 1927 3588 sapientia
1949 3546 2043 3571 vera
2060 3540 2118 3570 est
2137 3529 2314 3570 scientia.
