2612 3814
26 2137 59 2269 -ἽἪΐὶὶξ
22 1966 58 2128 ῗῑζῖἓῦέῖἶῖἶῖἶῑῖἴῗ
24 1841 57 1955 Ϊῖιζρἶ-εκ·
37 1774 50 1831 ων·
23 1691 52 1758 2¹2⁴.er
22 1425 50 1546 (ῖῇ-ῇτῖᾛ-
23 1392 35 1414 ’ν
21 1292 48 1331 ἐξ
24 1151 51 1222 ,72:12
38 1133 44 1135 ,

62 2134 65 2137 ,
59 1975 66 1980 .

24 2292 38 2319 ,Α

30 2362 54 2396 ι

24 2470 38 2533 μιν,

199 1640 249 1666 70.

147 1901 153 1909 ,
201 1875 249 1902 7¹.

205 2231 252 2259 72.

945 297 975 335 H
984 295 1225 335 ERACLI'I'I
1254 292 1579 333 FRAGMENTA
1588 321 1596 329 .
1647 330 1654 337 ,

322 387 573 440 (Aristoteles
594 386 716 425 Ethic.
738 385 901 425 Eudem.
922 386 994 426 lib.
1012 385 1051 424 ll
1072 398 1157 437 cap.
1174 399 1237 433 7·

265 446 388 487 Εοικε
407 447 443 485 δὲ
473 446 534 487 καὶ
548 445 776 498 Ἡράκλειτος
807 445 939 495 λέγειν,
968 446 1014 489 εἷς
1041 444 1105 493 τὴν
1139 443 1241 496 ἷσχυν

267 516 328 540 του
355 503 466 550 θυμοῦ
485 498 637 553 βλέψας,
656 497 708 537 ὅτι
727 498 869 551 λυπηρὰ
889 501 911 544 ἡ
942 499 1091 542 κώλυσις
1114 499 1241 536 αὐτοῦ·

265 557 423 611 χαλεπὸν
440 557 519 610 γάρ,
539 556 647 610 φησί,
675 559 774 610 θυμῶ
794 559 872 595 κτλ.
902 556 1069 607 Vulgavi
1098 557 1243 595 ὠνέεται

268 632 342 671 pro
387 617 702 656 membranarum
745 617 941 668 scriptura
983 616 1137 655 ὠνεῖται.
1182 614 1240 653 Id.

267 677 394 716 Ethic.
415 676 639 715 Nicomach.
663 675 734 715 lib.
748 675 886 727 neap.
908 690 929 713 2
951 690 960 714 ;
985 673 1068 714 Ἔτι
1085 674 1121 713 δὲ
1137 675 1246 727 χαλε-

269 735 426 789 πώτερον
442 737 550 788 ἡδονῇ
569 735 749 788 μάχεσθαι
767 734 790 781 ἢ
808 737 908 788 θυμῶ
922 735 1115 787 ,καθάπερ
1139 750 1245 787 φησιν

270 795 514 849 Ἡράκλειτος.
535 794 591 834 ld.
614 795 733 834 Polit.
754 794 826 835 lib.
847 794 877 832 V
904 808 988 846 cap.
1015 809 1030 832 1
1043 809 1057 832 1
1081 808 1090 831 :
1120 793 1244 833 Καθά-

269 871 335 909 περ
353 856 415 894 καὶ
429 854 657 907 (Ηράκλειτος
673 847 748 892 εἷπε
764 883 774 901 ,
807 853 965 905 γαλεπὸν
996 853 1141 903 φάσκων
1159 856 1247 890 εἰναι

271 917 370 968 θυμῶ
393 915 590 968 μάχεσθαι·
605 915 718 967 ψυχῆς
737 913 804 965 γὰρ
818 914 994 952 ὠνεῖσθαι.
1016 911 1248 950 Plutarchus

272 974 475 1013 Coriolan.
499 988 538 1026 p.
561 978 637 1018 224
670 987 678 1010 :
705 970 917 1024 Μαρτυρίαν
941 971 1093 1010 ἀπέλιπε
1120 971 1171 1024 τῷ
1192 972 1249 1008 εἷ-

275 1033 374 1072 πόντι
401 1036 501 1085 θυμῷ
530 1033 709 1085 μάχεσθαι
739 1031 915 1084 χαλεπόν·
941 1029 959 1068 ὃ
993 1029 1062 1084 γὰρ
1085 1028 1126 1068 ἂν
1146 1029 1249 1082 θέλῃ,

274 1094 390 1146 ψυχῆς
410 1092 561 1130 ὠνεῖται.
583 1091 642 1130 ld.
673 1091 721 1129 de
740 1090 804 1128 Ira
830 1103 872 1141 p.
903 1089 979 1137 457
1001 1097 1039 1127 et
1059 1088 1185 1134 Amat.
1206 1103 1246 1140 p.

281 1152 356 1200 755
382 1166 391 1189 ε
410 1149 548 1203 Ἔρωτι
575 1150 644 1204 γὰρ
665 1149 844 1202 μάχεσθαι
863 1148 1023 1201 χαλεπόν
1038 1179 1049 1200 ,
1076 1151 1114 1187 οὐ
1133 1151 1251 1201 θυμῷ,

276 1213 354 1250 καθ’
365 1210 595 1263 Ἡράκλειτον
609 1224 618 1233 ·
635 1208 666 1257 ὅ,
681 1222 713 1247 τι
739 1207 806 1260 γὰρ
828 1206 868 1245 ἂν
887 1206 1036 1259 θελήσῃ,
1053 1207 1115 1246 καὶ
1137 1209 1253 1261 ψυχῆς

276 1271 417 1309 ὠνεῖται
435 1269 496 1308 καὶ
518 1267 716 1320 χρημάτων
737 1266 798 1305 καὶ
827 1266 948 1314 δόξης,
968 1266 1037 1305 ubi
1055 1275 1254 1318 postrema

249 1373 253 1378 ,
277 1342 356 1367 non
375 1336 466 1366 sunt
479 1327 708 1366 Heraclitea.
727 1325 968 1364 lamblichus
992 1325 1189 1376 Protrept.
1210 1339 1249 1377 p.

282 1393 383 1432 ¹4⁰²
410 1385 556 1439 Μάρτυς
584 1391 655 1430 τοῖς
682 1386 859 1438 λεχθεῖσιν
873 1382 1128 1437 (Ηράκλειτος
1154 1387 1254 1437 θυμῷ

276 1446 343 1499 γάρ
361 1461 446 1499 φησι
466 1446 644 1498 μάχεσθαι
673 1443 849 1498 χαλεπόν·
878 1441 912 1490 ὅ,
933 1458 968 1482 τι
983 1442 1053 1498 γὰρ
1076 1441 1118 1482 ἂν
1138 1443 1254 1496 χρῄζῃ

276 1505 477 1558 γίγνεσθαι,
493 1507 609 1559 ψυχῆς
622 1504 784 1546 ὠνέεται.
806 1503 862 1542 Cf.
882 1503 1095 1542 Democrit.
1114 1503 1254 1554 fragm.

281 1568 418 1605 moral.
441 1566 534 1616 77.)

282 1624 386 1677 Ἀνὴρ
400 1624 526 1663 ὁκόταν
547 1625 726 1676 μεθυσθῇ,
749 1622 873 1675 ἄγεται
892 1622 959 1661 ὑπὸ
977 1621 1102 1667 παιδὸς
1123 1622 1256 1670 ἀνήὸου

282 1684 543 1738 σφαλλόμενος,
561 1684 625 1722 οὒκ
654 1679 870 1734 ἐπαΐωνὸκῃ
893 1681 1037 1734 βαίνει,Ι
1059 1683 1167 1735 ὑγρὴν
1193 1698 1258 1730 την

281 1742 397 1796 ψυχὴν
415 1742 520 1795 ἔχων.

338 1802 542 1855 (Stobaeus
559 1802 661 1840 Flor.
683 1800 731 1849 V,
761 1802 871 1851 120.)

282 1855 335 1902 05
354 1865 399 1913 γῆ
422 1858 530 1914 ξηρή,
552 1861 648 1915 ψυχὴ
669 1859 858 1914 σοφωτάτη
877 1859 938 1898 καὶ
960 1858 1099 1912 ἀρίστη.

336 1921 477 1972 (Philo
496 1920 600 1972 apud
619 1919 826 1958 Eusebium
839 1918 968 1970 Praep.
990 1918 1138 1969 Evang.
1153 1918 1260 1966 VIII,

290 1987 334 2025 14
353 1994 362 2018 :
386 1979 489 2027 Μόνη
507 1979 574 2032 γὰρ
588 1982 611 2026 ἡ
633 1977 763 2022 Ἑλλὰς
781 1978 939 2031 ἀψευδῶς
956 1979 1262 2032 ἀνθρωπογονεῖ...

283 2040 323 2078 τὸ
342 2039 371 2078 δ’
389 2038 522 2087 αἴτιον,
542 2037 734 2084 λεπτότητι
753 2036 854 2089 ἀέρος
886 2040 908 2085 ἡ
934 2036 1071 2076 διάνοια
1109 2037 1263 2091 πέφυκεν

286 2101 498 2138 ἀκονᾶσθαι·
519 2096 573 2137 διὸ
604 2097 664 2135 καὶ
688 2096 919 2149 Ἡράκλειτος
943 2098 1007 2135 οὒκ
1027 2096 1098 2137 ἀπὸ
1127 2101 1260 2136 σκοποῦ

285 2174 390 2212 φησιν
402 2172 412 2182 ·
428 2151 484 2198 Οῧ
499 2160 545 2211 γῆ
566 2158 672 2207 κτλ.)

284 2217 361 2265 Αὕη
382 2216 480 2270 ψυχὴ
495 2215 683 2271 σοφωτάτη
700 2215 762 2254 καὶ
779 2215 922 2268 ἀρίστη.

344 2281 541 2335 (Stobaeus
559 2280 662 2320 Flor.
678 2278 723 2328 V,
742 2293 828 2319 120.
851 2279 926 2318 Sed
947 2279 1016 2318 alii
1036 2279 1151 2318 aliter
1167 2280 1267 2319 hanc

289 2341 519 2380 sententiam
538 2339 726 2379 referunt.
743 2338 993 2391 Porphyrius
1010 2338 1059 2377 de
1089 2340 1207 2379 Antr.
1230 2353 1263 2378 c.

290 2401 342 2439 XI
374 2414 462 2452 pag.
487 2414 562 2448 207
585 2399 646 2439 ed.
688 2398 872 2438 cantabr.
909 2412 918 2436 :
962 2397 1067 2442 αὐτὸς
1095 2397 1132 2436 δέ
1160 2414 1267 2452 φησιν

291 2458 538 2511 Ἡράκλειτος,
565 2456 652 2511 ξηρὴ
675 2457 773 2512 ψυχὴ
795 2456 999 2511 σοφωτάτη.
1022 2457 1167 2509 Glycas
1187 2459 1268 2495 An-

291 2519 369 2558 nal.
384 2532 420 2569 p.
436 2524 481 2566 74
509 2532 517 2555 :
535 2517 653 2571 Ψυχὴ
671 2515 840 2570 ξηροτέρη
858 2516 1053 2570 σοφωτέρη·
1071 2525 1109 2555 et
1127 2530 1167 2568 p.
1195 2531 1210 2554 1
1222 2518 1267 2555 16

293 2576 461 2630 ξηροτέρη
483 2576 581 2630 ψυχὴ
607 2576 805 2630 σοφωτέρη.
832 2576 1068 2614 Plutarchus
1087 2575 1136 2614 de
1167 2589 1269 2614 orac.

293 2638 370 2678 def.
390 2651 476 2689 cap.
500 2644 568 2688 4ι,
589 2638 670 2676 vol.
692 2635 746 2674 IX
765 2650 806 2689 p.
825 2637 902 2675 367
925 2650 934 2673 :
963 2633 1062 2686 Ἅμα
1083 2635 1114 2674 δ’
1146 2634 1186 2673 ἄν
1220 2651 1272 2679 τις

295 2697 359 2736 οὒκ
375 2697 510 2748 ἀλόγως
528 2695 588 2736 καὶ
613 2694 790 2748 ξηρότητα
807 2694 893 2748 φαίη
911 2693 1001 2746 μετὰ
1017 2697 1079 2742 τῆς
1095 2694 1271 2745 θερμότη-

294 2771 350 2801 τος
382 2754 609 2807 ἐγγινομένην
626 2753 809 2794 λεπτύνειν
841 2753 882 2793 τὸ
915 2757 1056 2803 πνεῦμα
1077 2753 1138 2792 καὶ
1161 2759 1272 2793 ποιεῖν

295 2816 479 2867 αἰθερῶδες
496 2813 558 2853 καὶ
585 2812 749 2867 καθαρόν·
769 2811 857 2862 αὕτη
874 2812 942 2866 γὰρ
963 2811 1053 2865 ξηρὰ
1072 2812 1168 2866 ψυχὴ
1194 2813 1273 2852 καθ’

296 2873 542 2928 Ἡράκλειτον.
557 2873 617 2913 Id.
635 2872 792 2912 Romul.
811 2885 895 2924 cap.
915 2873 982 2921 28,
998 2872 1080 2912 vol.
1102 2871 1175 2923 lp.
1195 2873 1243 2910 82
1261 2886 1270 2910 :

294 2932 403 2973 “Hxa
416 2932 483 2986 γὰρ
503 2934 633 2972 ἐκεῖθεν
644 2961 655 2981 ,
672 2933 746 2971 ἐκεῖ
761 2932 791 2970 δ’
814 2930 944 2970 ἄνεισιν
957 2946 966 2956 ·
986 2932 1024 2971 οὔ
1040 2931 1132 2983 μετὰ
1149 2930 1274 2983 σώμα-

296 3008 376 3041 τος,
398 2993 478 3031 ἀλλ’
501 2990 560 3031 ἐὰν
581 2991 636 3030 δ’τι
667 2991 825 3042 μάλιστα
855 2989 1022 3042 σώματος
1059 2991 1272 3042 ἀπαλλαγῇ,

297 3052 358 3092 καὶ
378 3053 561 3106 διακριθῇ,
577 3050 638 3090 καὶ
655 3051 803 3103 γένηται
816 3050 969 3104 καθαρὸν
989 3049 1197 3088 παντάπασι
1214 3049 1274 3088 καὶ

300 3111 454 3164 ἄσαρκον
475 3112 536 3151 καὶ
557 3111 677 3164 ἁγνόν·
699 3110 788 3159 αὕτη
806 3110 874 3164 γὰρ
899 3110 996 3164 ψυχὴ
1018 3109 1129 3163 ξηρή,
1148 3109 1275 3162 ἀρίστη

298 3172 376 3209 καθ’
398 3170 642 3223 Ἡράκλειτον.
661 3172 673 3222 )

263 3303 315 3333 70.
329 3301 386 3333 Vir
398 3301 505 3334 ebrius
520 3301 637 3334 titubat
649 3303 680 3334 et
693 3301 734 3333 ab
747 3301 915 3342 impubere
930 3308 1029 3341 puero
1044 3299 1186 3338 ducitur,
1204 3298 1274 3331 ani-

222 3368 309 3392 mam
326 3359 448 3392 habens
463 3359 560 3392 udam
573 3383 583 3399 ‚
598 3360 725 3400 ignarus
741 3368 898 3401 quorsum
920 3360 983 3391 eat.

265 3421 314 3451 71.
336 3417 396 3452 Ubi
411 3417 612 3459 terrasicca,
632 3418 678 3451 ibi
703 3419 800 3451 etiam
823 3418 952 3450 animus
974 3416 1230 3459 sapientissimus
1246 3418 1280 3450 et

222 3478 367 3519 optimus
380 3478 443 3510 est.

268 3539 319 3569 72.
344 3536 477 3569 Animus
492 3536 598 3569 siccus
610 3536 868 3578 sapientissimus
884 3538 916 3570 et
933 3535 1077 3577 optimus
1093 3537 1152 3568 est.

2291 292 2366 326 325

1306 396 1356 423 73.
1391 381 1490 434 Αὖγὴ
1512 379 1598 434 ξηρὴ
1618 379 1716 433 ψυχὴ
1735 378 1941 445 σοφωτάτη.

1443 440 1643 492 (Galenus
1671 439 1719 477 de
1735 438 1857 476 animi
1876 436 2053 475 monibus
2082 445 2371 487 temperamen-

1395 510 1434 539 to
1466 499 1647 552 emporis
1677 496 1987 548 obsequentibus
2020 504 2048 534 t.
2077 494 2107 532 V
2128 509 2168 546 p.
2199 495 2274 541 450
2305 495 2368 535 ed.

1390 560 1520 599 Chai-,t
1546 572 1555 595 ι
1579 557 1673 597 ”Αλλ
1704 558 1734 595 εἷ
1768 571 1829 594 και
1859 554 2036 617 ξηρότητα
2062 550 2111 604 μὴ
2142 552 2370 605 ξυγχωρήσαι

1392 618 1552 658 ἐναντίαν
1577 618 1679 670 (leg.
1700 615 1840 663 αἰτίαν)
1865 607 1954 652 εἰναι
1977 612 2169 661 συνέσεως,
2194 613 2226 650 εἴ
2243 628 2282 664 γε
2302 611 2372 660 μὴν

1393 678 1499 731 (leg.
1518 679 1565 720 ὡς
1586 676 1771 729 εἴρηται)(
1760 675 1815 728 υφ’
1837 673 2010 727 “Ηρακλε’
1999 689 2093 713 ιτου·
2112 689 2172 712 και
2192 672 2260 724 γὰρ
2277 666 2374 743 0⁹:²05

1392 737 1503 781 οὕτως
1522 731 1638 784 εἶπεν,
1657 734 1748 786 αὐγὴ
1770 732 1857 797 ξηρὴ
1875 733 1974 788 ψυχὴ
1992 732 2179 787 σοφωτάτη
2194 762 2204 780 ,
2223 731 2286 778 τὴν
2310 731 2374 778 ξη-

1393 798 1524 849 ρότητα
1544 797 1650 835 πάλιν
1669 794 1775 840 ἀξιῶν
1792 798 1882 832 εἰναι
1899 793 2070 838 συνέσεως
2089 795 2145 831 αἷτ
2150 791 2224 831 ίαν·
2253 791 2292 829 τὸ
2309 791 2376 843 γὰρ

1393 860 1455 903 τ’ἧς
1476 858 1583 905 αὖγης
1599 855 1709 905 ὄνομα
1725 853 1819 892 τουτ’
1832 852 2060 893 ἐνδείκνυται.
2082 852 2296 904 SubJungit
2310 864 2377 889 au-

1398 925 1473 954 tem
1497 914 1728 961 έννοήσαντας
1748 928 1810 951 και
1841 910 1920 957 τους
1939 911 2090 965 ἀστέρας
2123 911 2314 963 αὒγοειδεϊς
2338 925 2377 948 τε

1396 974 1472 1024 ἅμα
1493 972 1553 1012 καὶ
1574 971 1697 1024 ξηροὺς
1715 971 1830 1019 ὄντας,
1844 971 1954 1024 ἄκραν
1975 971 2112 1010 σύνεσιν
2130 970 2237 1023 ἔχειν.
2260 969 2375 1010 Cous.

1397 1033 1507 1072 Stob.
1537 1033 1671 1071 Floril.
1698 1031 1830 1079 XVII,
1863 1033 1911 1075 43
1937 1030 2087 1082 εἩμᾶς
2117 1030 2144 1069 δ’
2166 1028 2378 1078 ὁμοιοτάτην

1399 1093 1512 1143 ταύτῃ
1531 1091 1792 1145 προσφέρεσθαι
1806 1090 1937 1144 τροφὴν
1954 1090 1995 1128 ἂν
2016 1090 2080 1144 ἔφη
2096 1121 2106 1141 ,
2124 1093 2153 1129 εἰ
2169 1089 2232 1136 τὴν
2250 1104 2380 1142 κουφο-

1364 1201 1368 1206 Δ
1401 1151 1511 1198 τάτην
1538 1150 1599 1190 καὶ
1619 1149 1875 1203 καθαρωτάτην
1904 1149 2207 1203 προσφεροίμεθα·
2229 1147 2319 1199 ουτῳ
2352 1149 2380 1185 δ’

1399 1211 1440 1249 ἂν
1460 1226 1522 1249 και
1542 1208 1605 1257 τὴν
1626 1209 1745 1272 ψυχην
1766 1212 1903 1259 ἡμῶν
1892 1208 2064 1262 υπάρχειν
2085 1207 2243 1261 καθαράν
2264 1223 2303 1247 τε
2322 1223 2382 1246 και

1399 1270 1532 1323 ξηράν,
1552 1269 1658 1308 ὁποία
1679 1273 1767 1308 οὐσα
1790 1268 1917 1321 ἀρίστη
1943 1284 2003 1307 και
2021 1267 2209 1322 σοφωτάτη
2238 1267 2291 1315 εἴη
2314 1268 2380 1312 ἄν,

1400 1329 1537 1368 καθάπε
1523 1344 1562 1382 ερ
1578 1327 1803 1381 ἹΙρακλείτῳ
1832 1329 1926 1366 δοκεῖ
1956 1327 2093 1379 λέγοντι
2125 1342 2235 1371 ουτως
2256 1344 2270 1362 α
2293 1325 2383 1377 αὐγὴ

1403 1388 1491 1442 ξηρὴ
1513 1388 1610 1442 ψυχη
1626 1387 1814 1442 σοφωτάτη
1832 1387 1893 1426 καὶ
1909 1386 2052 1439 ἀρίστη.
2071 1406 2086 1422 υ
2104 1386 2284 1425 Clemens
2301 1386 2385 1424 Pae*

1402 1449 1488 1499 dag.
1509 1448 1562 1496 II,
1581 1463 1602 1486 2
1623 1462 1661 1500 p.
1688 1449 1761 1492 184
1785 1461 1795 1485 t
1813 1446 1920 1487 Οὕτω
1937 1446 1966 1485 δ’
1989 1445 2030 1484 ἂν
2051 1445 2111 1484 καὶ
2129 1447 2150 1492 ἡ
2171 1444 2268 1499 ψυχὴ
2282 1446 2384 1495 ἡμῶν

1351 1548 1354 1551 ,
1403 1507 1551 1560 ὑπάρξει
1566 1505 1704 1559 καθαρὰ
1723 1505 1784 1544 καὶ
1803 1505 1892 1559 ξηρὰ
1912 1504 1974 1544 καὶ
1991 1504 2181 1559 φωτοεῑδῆς
2196 1519 2205 1527 ”
2222 1501 2326 1554 Αὖῖὴ
2349 1501 2387 1540 δὲ

1327 1817 1378 1845 74.

1401 1566 1502 1621 ψυχὴ
1538 1565 1629 1619 ξηρὰ
1658 1566 1850 1620 σοφωτάτη
1879 1565 1940 1603 καὶ
1967 1564 2113 1618 ἀρίστη·
2135 1562 2248 1615 ταύτῃ
2269 1561 2306 1600 δὲ
2326 1563 2389 1600 καὶ

1403 1625 1604 1674 ἐποπτική,
1640 1628 1718 1664 κτλ.
1752 1624 1986 1663 Plutarchus
2021 1623 2069 1662 de
2102 1623 2180 1662 Esu
2211 1622 2388 1661 carnium

1407 1694 1505 1724 orat.
1531 1699 1564 1735 1,
1598 1685 1681 1723 vol.
1705 1683 1801 1722 XIII
1828 1698 1868 1755 p.
1905 1684 1981 1721 238
2005 1697 2014 1720 :
2039 1683 2140 1734 Αὖγῇ
2169 1681 2256 1734 ξηρῇ
2288 1679 2387 1734 ψυχὴ

1406 1742 1596 1797 σοφωτάτη
1610 1773 1620 1790 ,
1641 1742 1736 1782 κατὰ
1757 1744 1816 1782 τὸν
1835 1742 2090 1795 Ἡράκλειτον,
2114 1740 2235 1779 ἔοικεν.
2251 1738 2262 1792 )

1413 1803 1512 1848 Αὕτη
1543 1801 1611 1854 γὰρ
1645 1799 1743 1854 ψυχὴ
1776 1799 1863 1853 ξηρὴ
1897 1799 2023 1853 ἀρίστη
2055 1799 2133 1838 καθ’
2154 1797 2389 1851 Ἡράκλειτον

1410 1860 1535 1914 ὥσπερ
1554 1859 1722 1914 ἀστραπὴ
1746 1860 1868 1913 νέφους
1890 1859 2113 1911 διαπταμένη
2138 1874 2197 1898 του
2213 1857 2390 1909 σώματος.

1466 1921 1724 1971 (Plutarchus
1754 1920 1910 1959 Romul.
1940 1934 1975 1961 c.
1995 1919 2082 1969 28,
2103 1919 2186 1959 vol.
2214 1917 2231 1956 l
2262 1932 2302 1970 p.
2325 1919 2391 1958 82.

1410 1982 1524 2021 Conf.
1546 1981 1726 2019 Clemens
1742 1980 1849 2018 Paed.
1873 1979 1926 2027 II,
1951 1994 1972 2017 2
1997 1994 2006 2017 ε
2029 1977 2123 2018 Οὐδὲ
2145 1976 2247 2016 ἔσται
2275 1977 2392 2016 κάθυ-

1409 2057 1489 2095 γρος
1503 2046 1580 2085 ταῖς
1600 2042 1640 2079 ἐκ
1660 2056 1721 2080 του
1742 2038 1835 2079 οἴνου
1857 2038 2116 2089 ἀναθυμιάσεσι
2133 2036 2279 2091 νεφέλης
2292 2036 2392 2084 δίκην

1344 2107 1351 2114 ”
1411 2099 1770 2152 σωματοποιουμένη.
1784 2099 1924 2138 Sextus
1937 2098 2258 2151 Empiricusadv.
2272 2097 2390 2137 Math.

1338 3002 1388 3030 75.

1411 2161 1498 2208 Vll,
1525 2174 1629 2212 129·
1662 2157 1804 2211 “Owtsp
1825 2161 1884 2198 οὖν
1905 2159 2033 2212 τρόπον
2051 2174 2083 2196 οι
2115 2158 2283 2211 ἄνθρακες
2298 2158 2392 2230 πλη-

1412 2220 1599 2264 σιάσαντες
1627 2221 1678 2273 τῷ
1711 2217 1796 2272 πυρὶ
1824 2220 1904 2258 κατ’
1926 2216 2115 2256 ἀλλοίωσιν
2144 2215 2307 2270 διάπυροι
2337 2217 2394 2268 γί-

1412 2294 1577 2331 γνονται,
1597 2277 1831 2331 χωρισθέντες
1850 2276 1887 2315 δὲ
1906 2276 2137 2327 σὸέννυνται,
2170 2274 2262 2314 οὕτω
2290 2274 2351 2313 καὶ
2370 2278 2392 2322 ἡ

1414 2338 1665 2383 ἐπιξενωθεῖσα
1683 2342 1753 2382 τοῖς
1773 2335 1959 2389 ἡμετέροις
1982 2335 2143 2386 σώμασιν
2165 2333 2234 2372 ἀπὸ
2254 2337 2314 2372 τοῦ
2332 2349 2396 2371 πε-

1415 2412 1466 2449 ριε
1457 2396 1592 2450 ’χοντος
1613 2401 1720 2449 μοῖρα
1751 2395 1845 2434 κατὰ
1878 2394 1942 2446 μὲν
1967 2393 2026 2432 τὸν
2056 2391 2240 2447 χωρισμὸν
2270 2393 2395 2444 σχεδὸν

1416 2457 1541 2507 ἄλογος
1562 2454 1745 2508 γίγνεται,
1776 2453 1870 2493 κατὰ
1899 2452 1936 2492 δὲ
1956 2452 2021 2500 τὴν
2050 2452 2108 2490 δια
2127 2454 2197 2490 τῶν
2216 2450 2394 2490 πλείστων

1417 2515 1532 2568 πόρων
1565 2514 1739 2568 σύμφυσιν
1774 2513 1936 2563 ὁμοειδὴς
1975 2528 2025 2565 τῳ
2059 2509 2131 2565 ὅλῳ
2165 2505 2392 2549 καθίσταται.

1415 2574 1648 2613 Plutarchus
1665 2574 1713 2612 de
1733 2573 1856 2625 Supe1
1861 2581 2019 2612 stitione
2039 2584 2125 2622 cap.
2141 2571 2180 2619 3,
2197 2569 2279 2610 vol.
2298 2568 2395 2606 VIII

1416 2647 1506 2685 pag.
1531 2635 1609 2671 60:
1633 2632 1676 2673 ‘O
1697 2631 1930 2705 Ἡράκλειτός
1951 2646 2058 2685 φησι,
2083 2632 2154 2674 τοῖς
2170 2627 2395 2683 εγρηγορόσιν

1417 2692 1480 2731 ἕνα
1500 2691 1562 2731 καὶ
1581 2691 1694 2731 κοινὸν
1715 2692 1847 2743 κόσμον
1872 2685 1986 2740 εἶναι,
2017 2691 2087 2729 τῶν
2109 2688 2145 2728 δὲ
2166 2688 2396 2740 κοιμωμένων

1416 2751 1565 2791 ἕκαστον
1586 2752 1633 2796 εἷς
1660 2751 1748 2791 ἴδιον
1770 2750 2066 2805 ἀποστρέφεσθαι.
2088 2750 2140 2789 M.
2169 2749 2398 2788 Antoninus

1417 2810 1485 2858 Vl,
1507 2816 1599 2856 42:
1620 2810 1695 2851 Καὶ
1716 2810 1795 2855 τους
1826 2810 2076 2858 καθεύδοντας,
2106 2812 2225 2859 οἶμαι,
2247 2810 2264 2846 ὃ
2285 2807 2399 2861 Ἡρά-

1419 2871 1594 2914 κλειτος’
1579 2869 1729 2923 εργάτας
1755 2863 1845 2909 εἶναι
1862 2868 1960 2923 λέγει
1981 2869 2042 2908 καὶ
2072 2866 2257 2921 συνεργους
2275 2869 2344 2906 τῶν
2365 2869 2399 2905 ἐν

1419 2931 1469 2982 τῷ
1482 2929 1606 2983 κόσμῳ
1620 2929 1829 2982 γινομένων.
1846 2931 1857 2983 )

1419 2985 1620 3042 Ἄνθρωπος
1640 2991 1675 3028 ἐν
1697 2990 1845 3045 εὐφρόνῃ
1867 2989 1953 3043 φάος
1980 2988 2082 3028 ἅπτει
2099 2991 2233 3042 ἑαυτῷ·
2264 2989 2398 3028 ἀποθα-

1419 3046 1488 3088 νὼν
1503 3048 1746 3094 ἀποσὸεσθείς.
1764 3051 1842 3089 Ζῶν
1859 3050 1894 3089 δὲ
1910 3048 2062 3088 ἅπτεται
2078 3029 2261 3091 τεθνειῖίτος
2278 3046 2400 3086 ευδων·

1423 3107 1658 3154 ἁποσὸεσθεις
1677 3109 1800 3162 ὅψεις’
1785 3107 1982 3162 εγρηγορὼς
2004 3108 2156 3148 ἅπτεται
2170 3106 2341 3151 εὕδοντος.

1477 3169 1678 3221 (Clemens
1705 3170 1848 3209 strom.
1876 3169 1942 3217 IV,
1969 3183 2018 3207 22
2043 3184 2052 3207 :
2074 3167 2175 3208 “Oea
2196 3168 2225 3206 δ’
2248 3161 2293 3205 αυ
2320 3167 2401 3220 περὶ

1383 3301 1436 3332 73.
1450 3300 1521 3331 Lux
1534 3299 1619 3331 sicca
1637 3299 1764 3331 animus
1776 3298 2032 3340 sapientissimus
2045 3299 2108 3330 est.

1383 3359 1434 3391 74.
1449 3359 1481 3390 Is
1495 3358 1581 3390 enim
1602 3360 1652 3391 est
1673 3358 1803 3390 animus
1818 3382 1828 3399 ,
1847 3358 1884 3389 ut
1902 3356 2084 3390 Heraclitus
2101 3356 2272 3396 censebat,
2298 3357 2403 3388 siccus

1341 3425 1444 3458 eoque
1471 3417 1637 3459 optimus,
1671 3417 1728 3459 qui
1754 3426 1810 3459 per
1840 3425 1960 3458 corpus
1994 3418 2030 3449 ut
2063 3424 2118 3457 per
2151 3414 2253 3447 nubes
2282 3414 2402 3448 fulmen

1344 3475 1502 3516 pervolat.

1387 3537 1440 3568 75.
1458 3537 1563 3568 Homo
1588 3538 1685 3569 noctu
1709 3535 1771 3568 sibi
1795 3536 1856 3577 ipsi
1875 3536 1985 3568 lumen
2006 3535 2151 3567 accendit
2172 3538 2228 3566 :at
2257 3534 2406 3571 mortuus
