2612 3814
330 380 998 473 ΕΠΙΧΑΡΜΟΥ

268 553 1061 623 ΑΠΟΣΠΑΣΜΑΤΙΑ.

539 697 790 715 ⁴00——

530 843 800 877 ΑΓΡΩΣΤΙΝΟΣ.

213 913 286 958 Ὠς
306 910 397 966 ταχὺ
418 909 574 965 κόλαφος
594 912 784 962 περιπατεῖ
804 904 928 950 δεινός.

270 995 409 1050 (Etym.
422 996 475 1032 M.
510 992 604 1041 525,
633 1006 653 1040 7
672 999 710 1029 et
742 992 865 1040 Etym.
889 987 992 1025 Gud.
1025 985 1118 1033 333,
1150 986 1198 1034 37

215 1058 283 1094 ubi
302 1057 443 1107 legitur
460 1052 594 1106 ταχεῖ.)

574 1125 758 1161 ΑΛΚΥΩΝ.

215 1193 411 1248 Αὖτότερος
429 1193 558 1231 αὐτῶν.
826 1231 830 1237 ,

271 1265 468 1320 (Apollon.
492 1264 541 1302 de
558 1276 673 1314 pron.
699 1262 750 1300 80
767 1261 825 1313 B.)

570 1344 756 1377 ΑΜΥΚΟΣ.

215 1411 350 1464 Ἄμυκε
372 1409 422 1463 μὴ
443 1408 572 1455 κύδαζέ
589 1424 656 1460 μου
675 1407 735 1447 τὸν
762 1405 1001 1462 πρεσὸύτερον
1016 1405 1200 1459 ἀδελφεόν.

271 1496 435 1547 (Scholl.
459 1497 580 1547 Soph.
602 1495 664 1546 Aj.
700 1495 799 1543 7373
825 1494 933 1533 Suid.
951 1506 983 1533 S.
1011 1491 1206 1537 ν.κυδάζε-

217 1571 296 1606 ται,
323 1558 392 1607 qui
415 1554 599 1609 ἀδελφόν.)

220 1635 309 1688 Εἴγε
325 1634 388 1687 μὲν
406 1632 460 1674 ὅτι
477 1633 708 1686 κεκομὸώται
729 1634 861 1677 καλῶς.

275 1713 415 1764 (Etym.
434 1713 488 1751 M.
511 1712 604 1762 311,
625 1724 650 1762 9
667 1718 705 1749 et
721 1710 829 1750 Suid.
851 1723 882 1748 s·
901 1724 941 1748 v.
963 1707 1208 1761 ἕγκομὸώσα-

219 1775 314 1821 σθαι,
332 1773 380 1812 cf.
406 1771 522 1812 Phot.
542 1772 663 1822 Epist.
691 1770 765 1809 156
792 1771 861 1821 qui
885 1770 933 1807 de
952 1767 1208 1819 Epicharmeo

221 1831 492 1885 ε’γκεκόμὸωται
529 1839 688 1870 testatur·
727 1838 765 1869 et
800 1829 966 1880 Hesych.
989 1827 1211 1882 ἔγκεκόμὸω-

222 1907 294 1940 ται,
313 1890 488 1938 ἐνείληται
503 1891 619 1930 Unde
641 1891 918 1941 Epicharmum
940 1887 1209 1941 ἐγκεκόμὸωται

220 1953 412 2002 scripsisse
425 1951 663 1990 manifestum
687 1948 776 2003 est.)

574 2034 770 2069 ΑΡΠΑΓΑῘ.

603 2099 784 2154 Ὦσπεραὶ
799 2098 952 2152 πονηραὶ
974 2097 1136 2150 μαντίες,

169 2177 186 2202 5
231 2159 299 2202 αἵθ’
314 2159 550 2212 ὖπονεμόνται
565 2159 734 2213 γυναίκας
754 2158 877 2214 μωρὰς
897 2157 950 2211 ἂμ
962 2157 1168 2211 πεντόγκιον

225 2220 407 2276 ἀργύριον,
430 2220 538 2260 ἄλλαι
559 2219 597 2259 δὲ
611 2218 751 2274 λίτραν,
770 2219 830 2258 ταὶ
852 2220 882 2258 δ’
899 2219 952 2257 ἀν’
980 2218 1185 2272 ἡμιλίτριον

224 2280 414 2335 δεχομέναι
432 2279 494 2320 καὶ
512 2278 630 2319 πάντα
645 2277 854 2332 γινώσκοντι
879 2279 929 2332 [γ’
952 2279 992 2317 ἐκ
1009 2277 1155 2332 λόγων]-

1473 348 2107 459 EPICHARMI

1559 542 2021 604 FRAGMENTA.

1293 849 1327 875 ιο
1355 835 1416 874 καὶ
1433 831 1650 887 δεκαλίτρων
1664 833 1797 883 πλῆρες
1811 830 1963 877 ἑξάντων
1972 846 2011 870 τε
2022 829 2083 869 καὶ
2097 829 2327 882 πεντογκίων.

1400 907 1517 960 (lbid.
1552 903 1624 958 ἐγὼ
1663 904 2159 958 τόγε-λιτροκεδεκάλιτρος
2193 900 2331 952 στατὴρ

1344 966 1494 1013 ἑξάντων
1510 981 1550 1005 τε
1568 963 1783 1018 πετόγκιον.)

1346 1035 1440 1077 ‘Aet
1461 1035 1610 1075 Σικελία
1631 1034 1807 1087 πέποσχε.

1400 1112 1540 1167 (Etym.
1553 1114 1607 1150 Μ.
1633 1112 1724 1159 662,
1745 1111 1823 1162 12.)

1713 1181 1885 1214 BAKXAI.

1347 1249 1409 1289 καὶ
1425 1248 1484 1288 τὸν
1500 1247 1606 1301 ἄρτον
1622 1245 1846 1299 ἐπικαλύψας
1862 1243 2034 1298 ἐπιπλόῳ.

1402 1320 1556 1373 (Athen.
1579 1319 1656 1368 ΙΙΙ,
1681 1319 1755 1356 106
1773 1320 1823 1366 F;
1849 1319 1965 1370 vulgo
1990 1316 2227 1370 ἐπικάμψας.)

1700 1376 1906 1430 ΒΟΥΣΙΡιὲ.

1349 1462 1492 1513 Πρᾶτον
1513 1456 1576 1510 μὲν
1595 1455 1635 1496 αἴ
1652 1457 1684 1497 κ’
1707 1455 1846 1495 ἔσθοντ’
1861 1454 1948 1500 ἴδοις
1960 1471 2028 1503 νιν,
2051 1453 2254 1500 ἀποθάνοις,

1353 1517 1480 1573 βρέμει
1503 1515 1566 1569 μὲν
1582 1518 1601 1556 ὁ
1620 1515 1757 1571 φάρυγξ
1775 1514 1902 1564 ἔνδοθ’,
1923 1514 2053 1569 ἄραὸεἷ
2071 1514 2101 1553 δ’
2115 1514 2139 1553 ἇ
2155 1514 2293 1567 γνάθος,

1270 1593 1303 1620 15
1359 1579 1466 1633 ψοφεῖ
1484 1576 1515 1616 δ’
1542 1577 1561 1615 ὃ
1574 1575 1738 1629 γόμφιος,
1754 1574 1894 1630 τέτριγε
1912 1575 1943 1614 δ’
1965 1576 1983 1614 ὁ
2004 1574 2173 1624 κυνόδων,

1351 1637 1438 1683 σίζει
1453 1635 1491 1676 δὲ
1510 1636 1588 1681 ταῖς
1609 1635 1757 1690 ῥίνεσσι,
1777 1637 1870 1674 κινεῖ
1888 1633 1918 1673 δ’
1938 1633 2065 1675 οὔατα.

1407 1714 1564 1768 (Athen.
1584 1715 1639 1762 X,
1661 1718 1734 1757 411
1754 1715 1788 1751 A
1808 1721 1846 1750 et
1859 1714 2030 1751 Eustath.
2047 1713 2140 1760 817,
2163 1725 2222 1759 10,
2242 1711 2341 1761 πρῶ·

1350 1789 1424 1814 τον.
1449 1773 1598 1822 Quibus
1612 1772 1742 1809 verbis
1761 1771 1995 1809 describitur
2016 1770 2231 1822 Hercules.)

1617 1848 1669 1880 ΓΑ
1689 1847 1764 1880 ΚΑΙ
1786 1847 1991 1880 ΘΑΛΑΣΣΑ.

1353 1908 1441 1968 τίη]
1457 1916 1522 1968 ὁρῇ
1545 1911 1665 1966 βώκας
1682 1909 1752 1967 [τε]
1775 1910 1928 1957 πολλοὺς
1950 1911 2011 1950 καὶ
2040 1912 2229 1965 σμαρίδας.

1409 1990 1564 2045 (Athen.
1580 1991 1669 2038 VII,
1690 1989 1766 2028 313
1785 1992 1829 2028 A.
1851 1990 2028 2043 ὂκχωρη.)

1357 2066 1494 2107 Πόλτον
1509 2066 1605 2120 ἕψειν
1627 2065 1778 2120 ὄρθριον.

1409 2145 1562 2197 (Athen.
1584 2145 1692 2191 XIV,
1710 2144 1788 2189 648
1806 2143 1850 2184 Β.
1870 2143 2022 2195 πόντον.)

1356 2215 1513 2269 κουρίδες
1532 2231 1571 2254 τε
1591 2213 1777 2268 φοινίκιαι.

1413 2287 1569 2339 (Athen.
1590 2288 1660 2334 ΙΙΙ,
1680 2286 1754 2324 106
1772 2286 1838 2337 E.)

281 2363 436 2416 (Pollux
448 2364 501 2410 X,
529 2362 593 2402 81.
621 2359 744 2415 ὥσπερ
770 2363 822 2401 αἳ.
845 2384 900 2391 -
917 2362 1066 2401 Ultima
1084 2363 1206 2400 verba
1273 2379 1310 2405 20
1365 2363 1541 2404 χάστακοὶ
1558 2362 1812 2416 γαμψώνυχοι.

227 2435 395 2473 quorum
408 2423 498 2460 loco
505 2422 712 2472 ,Bentlejus
730 2422 782 2475 τῷ
795 2426 905 2469 τηνᾶν
923 2420 1018 2474 λόγῳ
1039 2422 1207 2471 conjecit

226 2483 269 2519 in
282 2482 480 2520 codicibus
501 2480 667 2531 desunt.)

415 2557 523 2611 Ἕχω
541 2557 611 2611 γὰρ
631 2556 719 2609 τόγα
745 2557 933 2610 βαλάντιον
959 2559 1083 2611 λιτρᾶν

576 2695 792 2728 AGRESTIS.

152 2767 260 2803 Quom
276 2763 424 2798 celeriter
440 2772 548 2797 saevus
565 2763 723 2806 colaphus
740 2763 894 2797 decurrit.

594 2842 777 2876 ALGYON.

153 2915 255 2958 Magis
271 2914 339 2957 ipse
352 2913 442 2958 ipsis.

594 2988 780 3021 AMYCUS.

156 3061 287 3101 Amyce,
305 3066 347 3092 ue
367 3057 557 3092 convicieris
574 3058 689 3100 maj0ri
709 3066 784 3091 meo
798 3057 902 3091 fratri.

158 3118 339 3160 Siquidem,
357 3117 435 3161 quia
451 3116 533 3152 bene
551 3117 720 3151 involutus
733 3118 783 3151 est
786 3141 905 3151 .....

604 3178 784 3211 RAPINAE.

537 3235 698 3270 Maiarum
711 3236 813 3270 instar
826 3237 950 3277 vatum,

162 3303 235 3337 quae
253 3295 419 3338 decipiunt
434 3295 549 3328 stultas
563 3296 716 3330 mulieres
728 3296 912 3339 quincunce

161 3353 237 3386 aeris
253 3353 305 3386 vel
329 3352 425 3387 obolo
440 3353 492 3387 vel
504 3354 681 3388 semiobolo

162 3415 297 3455 accepto
317 3415 416 3455 atque
434 3413 545 3446 omnia
560 3413 693 3456 quidem
708 3422 727 3448 e
745 3422 894 3448 sermone
915 3413 1110 3456 intelligunt.

374 3472 486 3506 Habeo
502 3472 589 3506 enim
605 3473 666 3507 hoc
683 3474 884 3516 marsupium
901 3473 1005 3507 obolis

167 3532 200 3566 et
211 3532 386 3568 stateribus
403 3533 674 3577 sextantibusque
689 3537 721 3568 et
741 3534 981 3577 quincuncibus
998 3534 1142 3577 plenum.

1412 2434 1566 2482 (Athen.
1579 2435 1650 2481 111,
1671 2432 1745 2470 105
1762 2432 1823 2483 Β.)

1360 2498 1433 2539 Ναὶ
1455 2497 1507 2550 μὰ
1527 2496 1590 2536 τὰν
1610 2496 1794 2550 κράμὸαν.

1415 2560 1569 2610 (Athen.
1591 2560 1665 2606 IX,
1690 2559 1768 2606 370
1794 2560 1851 2608 Β.)

1283 2696 1390 2730 Sicilia
1411 2705 1487 2729 vero
1498 2704 1593 2738 passa
1609 2696 1670 2729 est.

1721 2766 1913 2801 BACCHAE.

1284 2841 1326 2872 Et
1344 2847 1461 2881 panem
1472 2840 1604 2872 omento
1623 2839 1743 2882 tegens.

1727 2911 1903 2945 BUSIRIS.

1287 2977 1434 3010 Primum
1454 2976 1586 3018 quidem
1599 2977 1627 3010 si
1645 2976 1797 3011 edentem
1813 2977 1907 3010 illum
1926 2976 2049 3018 videas,
2065 2975 2224 3018 moriaris,

1286 3037 1375 3070 intus
1391 3036 1501 3070 fremit
1511 3037 1625 3079 guttur
1645 3038 1806 3080 sonatque
1819 3037 1950 3070 maxilla
1961 3061 1972 3079 ,

1286 3096 1384 3131 simul
1398 3096 1476 3131 dens
1492 3096 1624 3131 molaris
1639 3098 1764 3140 crepat,
1781 3097 1902 3132 frendit
1919 3097 1999 3132 dens
2012 3097 2146 3132 caninus

1287 3156 1394 3191 sibilat
1411 3157 1544 3191 naribus
1557 3158 1590 3191 et
1603 3166 1700 3192 aures
1713 3160 1837 3192 movet.

1636 3234 1774 3266 TERRA
1795 3233 1850 3266 ET
1872 3232 2001 3265 MARE.

1290 3297 1366 3332 cito
1385 3296 1475 3331 videt
1495 3297 1618 3331 multos
1633 3297 1733 3331 bocas
1747 3298 1934 3340 multasque
1953 3296 2118 3331 smarides.

1289 3356 1420 3390 Pultem
1433 3357 1627 3392 matutinam
1637 3366 1786 3400 coquere.

1290 3416 1489 3459 Squillaeque
1511 3426 1695 3459 purpureae.

1293 3477 1333 3510 Et
1358 3477 1456 3510 astaci
1479 3476 1587 3510 curvis
1604 3476 1776 3519 unguibus.

1289 3535 1348 3568 Nae
1369 3544 1426 3577 per
1442 3534 1625 3570 brassicam.

1236 3601 1302 3634 135
