2612 3814
317 230 365 263 18
1188 213 1604 255 COMMENTARHJS

315 312 581 351 Librariorum
619 311 733 362 culpa
753 311 793 348 in
831 308 1022 347 Eustathii
1056 307 1142 345 loco
1168 306 1361 344 omittitur
1394 330 1396 351 γ

1393 380 1396 405 a
1421 362 1555 401 obrem
1580 374 1658 399 non
1684 359 1876 411 astipulor
1898 361 2118 406 Karstenio,
2141 359 2182 397 in
2201 372 2319 398 versu
2338 358 2479 410 Empe·

314 370 402 417 ποτ’,
425 370 536 421 cujus
557 370 642 408 loco
670 370 709 407 in
731 368 887 406 Arsenii
910 366 1012 405 libro
1034 367 1133 404 male
1161 373 1357 404 exaratum

314 439 372 470 est
389 423 485 469 αὖτ’.
504 429 579 466 Pro
602 426 723 480 κοῦρός
741 442 778 465 τε
799 425 884 480 κόρη
906 441 943 464 τε
962 426 1093 477 plures
1114 425 1271 463 inverso
1299 437 1362 461 or-

314 490 407 527 dine
425 487 569 526 habent
586 485 693 538 κούρη
709 501 747 525 τε
762 485 861 536 κόρος
878 501 914 524 τε
926 515 935 532 ,
953 493 995 522 ut
1016 484 1221 522 Athenaeus
1233 512 1242 530 ,
1265 482 1363 520 The-

315 548 490 590 mistius,
527 546 724 597 Cyrillus,
773 545 1056 589 Philostratus,

314 606 469 645 Suidas.
493 605 566 643 Sed
589 604 713 655 major
732 606 844 642 etiam
872 603 1078 654 scripturae
1102 601 1362 652 discrepantia

315 665 355 703 in
376 664 499 702 altero
518 676 635 701 versu
659 671 729 701 est.
751 661 926 702 Clemens
954 669 992 698 et
1013 660 1203 698 Arsenius
1236 661 1284 697 εἶν
1303 658 1362 697 ἁλὶ

315 720 483 771 ἔλλοπος,
503 721 674 771 Cyrillus
695 721 744 758 εἷν
769 719 826 757 ἁλὶ
846 717 1032 772 φαίδιμος,
1053 718 1121 756 alii
1144 718 1191 755 εἰν
1218 717 1277 757 ἁλὶ
1296 717 1362 764 νή-

314 795 431 832 χυτος,
467 787 509 816 ut
543 786 702 816 testatur
744 776 996 815 Casaubonus
1030 775 1078 814 ad
1116 775 1358 816 Athenaeum.

315 837 490 876 Laertius
505 836 538 881 ἐξ
559 836 641 881 ἁλὸς
661 835 812 887 ἔμπυρος
832 834 939 885 (cod.
962 833 1168 886 ἔμπειρος);
1187 833 1360 872 Athenaei

315 896 426 935 codd.
453 895 487 939 ἐξ
519 894 600 938 ἁλὸς
627 893 777 946 ἔμπορος
808 894 876 943 (ut
909 892 1074 940 Dind.),
1109 891 1258 942 ἔμπνοος
1288 893 1362 942 (ut

314 954 426 1004 Cas.)
455 954 512 992 vel
536 952 711 1005 ἔμπυρος;
742 952 929 1001 Origenes
956 964 1034 989 uno
1068 950 1154 988 loco
1186 949 1358 1003 ἔμπορος,

314 1014 435 1051 altero
450 1011 595 1055 ἔλλοπος
609 1025 619 1058 ;
639 1009 946 1062 Olympiodorus
961 1009 1115 1062 ἄμφορος
1128 1008 1358 1062 (ἔμποροςΊ);

314 1071 555 1122 l'hiloponus
573 1069 746 1121 ἔμπορος;
771 1068 992 1106 Eustathius
1020 1067 1191 1119 ἔμπνοος,
1212 1068 1361 1106 Antho-

314 1129 417 1179 logia
440 1128 579 1167 Bosch.
603 1127 779 1181 ἔμπυρος;
800 1127 999 1165 Cedrenus
1022 1140 1031 1164 :
1054 1126 1115 1165 καὶ
1129 1126 1193 1179 θὴρ
1219 1125 1280 1164 καὶ
1297 1126 1361 1165 θοί-

313 1202 394 1237 μνος
412 1186 471 1225 καὶ
489 1187 523 1231 ἐξ
544 1187 626 1230 ἁλὸς
646 1186 793 1236 ἔμπνοος
810 1185 920 1238 ἰχθύς.
944 1185 1123 1236 Denique
1138 1199 1210 1238 pro
1229 1185 1359 1236 θάμνος

311 1245 343 1284 τ’
369 1245 488 1290 οἰωνός
508 1262 545 1285 τε
563 1246 744 1285 nonnulli
770 1254 865 1285 teste
885 1245 1041 1283 Oleario
1061 1245 1102 1283 in
1125 1246 1310 1284 Philostr.
1330 1247 1357 1284 l.

312 1318 347 1344 c.
370 1303 548 1355 πτώμενος
571 1304 689 1349 οἰωνός
714 1320 751 1343 τε
765 1333 776 1353 ,
801 1314 839 1344 et
857 1318 932 1356 pro
953 1304 1104 1358 ἔμπορος
1120 1304 1157 1346 J.
1179 1305 1360 1345 Kuhnius

312 1364 351 1401 in
380 1363 502 1402 Laert.
527 1365 552 1402 l.
575 1365 603 1402 l.
636 1365 736 1403 male
760 1364 927 1416 conjecit
960 1362 1094 1415 ἔμπυος
1131 1365 1242 1417 ἰχθύς.
1271 1364 1358 1404 Jam

312 1423 418 1474 quod
429 1423 603 1462 Sturzius
621 1437 669 1462 ex
681 1424 753 1462 hac
771 1429 876 1463 tanta
891 1424 1070 1462 lectionis
1086 1425 1271 1463 varietate
1285 1427 1362 1464 col-

311 1481 427 1532 legit,
461 1481 523 1521 bis
553 1491 659 1521 terve
693 1482 763 1522 hos
797 1483 1014 1521 versiculos
1044 1483 1093 1521 ab
1125 1483 1360 1535 Empedocle

311 1541 552 1580 carminibus
576 1542 746 1581 intextos
768 1555 869 1588 esse,
902 1542 941 1580 id
973 1543 1069 1581 mihi
1103 1544 1214 1582 nullo
1244 1554 1358 1596 pacto

312 1598 513 1651 probatur.
536 1600 629 1638 Nam
656 1601 834 1652 plerique
854 1614 987 1640 omnes
1007 1602 1219 1654 scriptores
1238 1603 1358 1642 verba

310 1657 564 1708 Empedoclea
607 1660 831 1697 memoriter
865 1659 1084 1699 laudarunt.
1130 1661 1358 1702 Karstenius

312 1730 389 1755 non
410 1717 524 1768 plane
544 1717 698 1769 rejicitz
720 1719 769 1756 εἶν
791 1717 850 1757 ἁλὶ
869 1718 1034 1772 ἔμπορος,
1056 1719 1097 1758 id
1117 1728 1176 1759 est
1193 1723 1359 1773 propria

311 1775 597 1825 significatione
617 1776 802 1829 ἁλίπορος,
824 1777 990 1822 ἁλίπλοος
1011 1781 1129 1818 matis
1146 1784 1355 1829 navigator.

309 1833 383 1871 Sed
399 1834 466 1872 vix
483 1834 645 1873 dubium
667 1845 745 1882 est,
763 1836 858 1886 quin
883 1836 1135 1888 Empedocles
1155 1838 1359 1890 scripserit

310 1894 361 1930 εἰν
384 1892 443 1930 ἁλὶ
460 1893 627 1944 ἔλλοπος,
647 1895 751 1946 quod
774 1904 817 1933 ut
833 1895 985 1934 doctius
1001 1896 1234 1936 vocabulum
1254 1907 1360 1937 tuen-

311 1957 374 1989 tur
406 1951 645 2003 Stephanus,
685 1953 871 2004 Scaliger,
911 1954 1090 1994 Sturzius
1124 1964 1239 2008 atque
1273 1958 1358 2010 ipse

311 2009 552 2052 Karstenius.
585 2012 642 2050 De
663 2014 852 2052 sententia
877 2013 950 2052 sub
970 2013 1045 2053 hoc
1075 2017 1234 2055 nomine
1259 2017 1357 2056 sub-

307 2068 410 2120 jecta
436 2079 543 2109 vetus
560 2073 824 2111 controversia
845 2082 917 2113 est.
936 2073 1030 2112 Nam
1050 2075 1109 2112 vel
1132 2075 1209 2127 ipsi
1231 2077 1358 2128 pisces

309 2137 500 2167 voc-antur
523 2129 667 2174 ἔλλοπες
697 2139 741 2168 ut
772 2131 874 2183 apud
907 2132 1144 2171 Nicandrum
1171 2135 1354 2186 Alexiph.

307 2199 345 2224 v.
369 2188 441 2232 481
471 2201 511 2239 p.
541 2189 611 2234 154
643 2189 705 2228 ed.
733 2189 877 2241 Lehrs,
896 2193 958 2230 vel
990 2191 1100 2247 ἔλλοψ
1123 2193 1227 2243 (haec
1251 2195 1356 2233 enim

307 2245 479 2296 vulgaris
501 2247 624 2286 forma
654 2247 735 2301 est)
761 2263 833 2301 pro
864 2250 1060 2302 adjectivo
1081 2253 1285 2306 accipitur,
1315 2264 1358 2294 ut

307 2305 357 2342 sit
375 2315 496 2343 mutus
521 2307 604 2345 sive
631 2322 723 2346 voce
745 2312 971 2354 interclusus,
1003 2311 1187 2361 ἰλλομένην
1207 2313 1268 2352 καὶ
1290 2329 1354 2352 κα·

307 2365 535 2416 θειργομένην
561 2364 625 2412 τὴν
647 2365 717 2405 ὄπα
745 2367 858 2421 ἔχων,
892 2371 961 2420 qui
983 2371 1226 2422 significatus
1254 2374 1356 2413 inter

307 2423 515 2475 plerosque
534 2426 743 2478 scriptores
768 2429 962 2467 convenit.
983 2429 1065 2469 Alii
1085 2429 1237 2476 ἔλλοπας
1258 2434 1356 2485 ἰχθῦς

306 2496 522 2532 squamosos
538 2498 621 2523 esse
642 2486 780 2524 volunt
801 2487 856 2526 διὰ
876 2489 915 2526 τὸ
936 2483 1024 2528 εἶναι
1038 2491 1241 2532 λεπιδωτοί.
1259 2493 1358 2532 Con-

310 2541 365 2579 ser
388 2541 493 2580 locos
517 2543 558 2580 in
586 2544 798 2584 Parisiensi
833 2547 1012 2586 thesauro
1032 2550 1216 2590 collectos
1236 2560 1274 2590 et
1291 2553 1358 2591 in-

310 2608 498 2652 terpretes
528 2602 712 2654 Hesychii
732 2618 762 2643 s.
783 2605 824 2644 h.
848 2620 888 2644 v.
916 2608 965 2646 At
986 2619 1089 2648 recte
1107 2610 1357 2651 Casaubonus

309 2658 356 2695 ad
387 2659 524 2700 Athen.
545 2660 613 2699 Vll
636 2675 675 2714 p.
701 2664 776 2701 308
802 2665 832 2702 B
859 2665 1082 2707 observavit
1097 2668 1256 2709 ἴλλεσθαι
1276 2685 1355 2710 non

311 2718 471 2769 proprie
499 2719 722 2770 significare
750 2722 946 2776 εἴργεσθαι,
966 2727 1132 2779 ideoque
1158 2728 1303 2775 ἔλλοπες
1321 2733 1354 2771 si

310 2776 436 2815 valeat
451 2777 553 2816 idem
570 2781 673 2830 quod
688 2780 819 2834 ἄφωνοι
836 2784 966 2835 potius
983 2788 1254 2837 exponendum
1271 2803 1355 2830 esse

300 2835 460 2895 emansit
474 2836 536 2883 τὴν
555 2837 641 2878 ὅπα.
663 2839 750 2878 Νοη
767 2841 880 2880 aliter
897 2843 1110 2894 Hesychius
1127 2849 1195 2898 qui
1212 2848 1356 2894 ἔλλοπες

310 2893 587 2946 interpretatur
601 2897 817 2942 ἐλλείποντες
831 2902 894 2947 τῆς
908 2901 1012 2953 ὀπός,
1031 2904 1207 2944 τουτέστιν
1225 2907 1353 2960 ἄφθογ·

309 2967 364 3003 γοι
376 2981 388 3001 ,
407 2953 550 3007 ἄφωνοι.
576 2956 664 2994 llaec
679 2957 869 2997 derivatio
887 2973 965 2998 non
981 2962 1092 3000 valde
1107 2965 1240 3004 arrisit
1255 2967 1354 3006 Kar-

309 3011 435 3049 stenio
459 3013 527 3063 qui
543 3027 678 3053 vocem
695 3017 993 3068 Empedocleam
1014 3035 1099 3059 cum
1118 3022 1354 3066 Schneidero

309 3070 350 3107 in
371 3068 465 3110 Lex.
485 3071 555 3111 Gr.
576 3072 624 3110 ab
645 3074 744 3117 ἑλλός
759 3075 820 3113 vel
837 3075 934 3120 ἐλλός
953 3077 1082 3126 ducit,
1101 3082 1206 3132 quod
1219 3097 1356 3134 cogna-

312 3137 391 3166 tum
413 3139 470 3168 est
489 3130 624 3170 verbis
645 3131 754 3181 ἐλύω,
775 3134 880 3172 εἷλύω
903 3145 940 3174 et
958 3138 1087 3177 ἑλίσσω
1103 3143 1210 3187 volvo,
1235 3148 1351 3191 agito.

311 3189 436 3238 Atque
453 3189 493 3226 in
513 3189 684 3240 Odyssea
698 3194 746 3239 T,
767 3195 843 3232 228
858 3195 956 3239 ἑλλός
970 3207 1132 3237 vocatur
1146 3200 1355 3243 hinnuleus

309 3255 469 3297 propter
480 3248 708 3297 agilitatem.
725 3251 798 3289 Sed
813 3253 915 3304 apud
932 3254 1163 3306 Sophoclem
1176 3258 1239 3309 Aj.
1254 3274 1266 3296 ι
1278 3275 1351 3310 297

312 3304 375 3344 nr.
394 3314 483 3343 sunt
497 3307 563 3356 qui
575 3308 685 3352 ἑλλοῖς
702 3309 819 3361 ἰχθύσι
836 3311 882 3349 de
898 3313 1100 3353 velocibus
1111 3345 1121 3364 ‚
1139 3316 1206 3354 alii
1223 3319 1291 3368 qui
1308 3320 1356 3357 de

312 3363 428 3402 mutis
439 3364 752 3417 interpretentur.
767 3370 848 3407 Huc
863 3372 1009 3410 accedit
1021 3374 1124 3424 quod
1142 3375 1355 3427 Hesychius

309 3420 407 3460 ἐλλόν
427 3435 509 3462 esse
529 3422 623 3464 dicit
640 3426 789 3478 ἀγαθόν,
805 3430 955 3478 γλαυκόν
995 3432 1172 3486 χαροπόν,
1186 3435 1350 3475 ἐνθαλάτ-

1420 319 1516 350 τιον,
1536 301 1649 355 ταχύ,
1674 300 1831 354 ἄφωνον,
1862 298 1985 354 ὑγρόν,
2014 299 2144 352 ἔλαφον
2162 301 2312 350 νεογνόν.
2340 298 2482 346 Quam-

1421 420 1558 458 docleo
1579 415 1849 469 ἔλλοπονῖχθύν
1875 426 2087 469 praepetem
2114 418 2260 469 piscem
2282 429 2366 455 esse
2390 429 2481 468 per-

1421 476 1788 528 hibenti‚siquidem
1801 475 1924 514 verbu
1931 490 1965 513 m
1981 489 2029 514 ex
2040 475 2136 520 ἐλλὸς
2153 484 2191 514 et
2203 478 2290 518 ποῦς
2302 483 2486 514 constare

1114 542 1359 590 Eustathius‚
1394 543 1395 583 j
1421 536 1529 582 vult,
1553 544 1595 573 ut
1630 548 1679 573 ex
1711 533 1879 579 ἐλλόπους
1900 534 2121 573 breviatum
2155 534 2207 573 sit
2241 533 2388 578 ἔλλοπος
2418 533 2484 572 vel

1394 608 1395 625 1
1420 597 1551 645 potius
1571 593 1718 637 ἐλλόπος
1731 624 1742 645 ,
1765 594 1964 645 quomodo
1985 593 2131 646 ἀρτίπος
2151 602 2189 632 et
2209 591 2381 637 ἀελλόπος
2394 592 2424 633 i.
2443 605 2480 632 e.

1421 653 1588 706 ἀρτίπους
1611 662 1648 692 et
1669 653 1865 697 ἀελλόπους
1884 652 2077 697 scribunt.
2096 653 2191 700 Quae
2210 653 2314 692 enim
2336 652 2384 691 ad
2407 652 2486 691 fir-

1421 713 1600 751 mandam
1641 712 1741 751 hanc
1771 711 1992 762 analogiam
2043 721 2133 764 apta
2168 724 2254 751 esse
2281 713 2483 752 existimat

1421 772 1599 824 exempla
1623 785 1763 810 vocum
1794 769 1940 822 ἀρτίπος
1960 780 1997 810 et
2025 771 2221 820 ἀελλόπος,
2243 771 2307 811 his
2327 780 2484 811 contra-

1421 833 1522 870 rium
1546 832 1730 871 efficitur.
1751 830 1847 869 Nam
1870 844 1991 882 quum
2013 830 2117 869 inter
2137 830 2247 884 ἔλλοψ
2275 839 2314 870 et
2333 830 2486 877 ἔλλοπος

1420 903 1465 928 ea
1500 889 1716 929 intercedat
1752 890 1854 927 ratio
1900 902 2015 940 quam
2053 889 2297 941 metaplasmi
2323 890 2486 930 nomine

1419 963 1625 996 vocamus,
1647 949 1681 988 si
1702 962 1744 987 re
1761 961 1857 987 vera
1877 947 2025 992 ἔλλοπος
2039 947 2140 987 nihil
2159 956 2262 987 esset
2287 948 2365 987 nisi
2383 948 2486 988 ἐλλό-

1419 1024 1518 1057 πους,
1535 1009 1719 1047 similiter
1738 1007 1787 1045 ab
1803 1006 1950 1060 ἀρτίπος
1970 1015 2009 1045 et
2026 1005 2197 1050 ἀελλόπος
2216 1007 2376 1046 formari
2394 1021 2489 1060 pos·-

1419 1076 1476 1107 set
1495 1067 1602 1121 ἅρτιψ
1617 1076 1655 1105 et
1669 1066 1817 1119 ἀέλλοψ,
1836 1079 1923 1118 quae
1938 1079 2066 1118 neque
2079 1066 2339 1106 inveniuntur
2355 1079 2484 1119 neque

1419 1140 1591 1179 unquam
1623 1126 1767 1165 usitata
1788 1126 1956 1165 fuerunt.
1987 1125 2055 1164 Est
2080 1126 2203 1176 igitur
2229 1124 2354 1179 ἔλλοψ,
2377 1126 2487 1166 unde

1418 1185 1565 1230 ἔλλοπος
1585 1186 1777 1235 manavit,
1797 1197 1943 1223 nomen
1965 1185 2199 1237 primarium
2221 1185 2327 1236 quod
2349 1198 2399 1224 ex
2419 1186 2487 1224 ἔλ-

1419 1245 1475 1290 λός
1498 1254 1536 1284 et
1553 1244 1600 1299 ὄψ
1627 1245 1837 1284 conflatum
1860 1245 1930 1284 vix
1957 1245 2072 1284 aliter
2095 1244 2346 1298 interpretari
2368 1245 2480 1293 licet,

1421 1318 1537 1356 quam
1571 1318 1593 1343 a
1630 1304 1845 1343 Plutarcho
1871 1303 2010 1356 Symp.
2049 1303 2156 1352 vlll,
2192 1305 2216 1342 8
2253 1303 2362 1357 (Vol.
2389 1304 2483 1344 Vll!

1419 1378 1459 1416 p.
1483 1378 1557 1416 907
1581 1364 1644 1403 ed.
1668 1364 1992 1415 Reisk)aliisque
2011 1364 2153 1403 factum
2172 1372 2252 1414 est,
2270 1365 2339 1416 qui
2355 1364 2482 1416 pisces

1420 1437 1441 1461 a
1460 1425 1587 1476 poetis
1608 1424 1683 1462 hoc
1702 1423 1899 1462 vocabulo
1920 1432 2082 1476 propter
2102 1422 2260 1476 ἀφωνίαν
2281 1423 2484 1474 designari

1419 1483 1675 1522 contendunt.
1692 1482 1897 1521 Postremo
1916 1482 2107 1521 sententia
2124 1482 2172 1521 ad
2190 1484 2412 1522 animorum
2431 1497 2484 1523 ex

1418 1543 1507 1582 aliis
1527 1542 1569 1580 in
1600 1542 1678 1581 alia
1705 1554 1871 1594 corpora
1903 1542 2180 1592 migrationem
2202 1551 2381 1594 spectans
2401 1556 2486 1583 non

1419 1601 1606 1640 abhorret
1620 1615 1641 1640 a
1654 1601 1890 1653 Pythagorae
1900 1602 2122 1654 praeceptis,
2141 1615 2257 1654 quem
2279 1601 2343 1641 Jo.
2360 1601 2482 1654 Chry·

1418 1671 1609 1700 sostomus
1631 1661 1746 1700 Hom.
1769 1660 1809 1701 ΙΙ
1839 1661 1882 1700 in
1902 1661 2045 1709 Joann,
2073 1675 2108 1700 c.
2133 1675 2155 1699 2
2177 1670 2203 1701 t.
2236 1660 2328 1700 Vlll
2359 1674 2400 1714 p.
2434 1675 2487 1700 10·

1418 1720 1558 1761 Montf.
1583 1720 1725 1759 horum
1742 1733 1929 1759 versuum
1948 1720 2102 1759 ratione
2130 1719 2266 1758 habita
2283 1733 2371 1758 cum
2394 1719 2481 1758 Em-

1417 1780 1582 1832 pedocle
1602 1789 1746 1819 temere
1763 1780 1956 1818 confudit.
1979 1779 2044 1818 Sic
2063 1788 2192 1818 autem
2211 1780 2267 1818 ait
2285 1794 2295 1817 :
2315 1777 2485 1831 Πυθαγό·

1419 1855 1479 1891 ρας
1495 1839 1531 1878 δὲ
1551 1838 1614 1887 τὴν
1633 1839 1804 1891 μεγίστην
1822 1836 1984 1878 Ἑλλάδα
2005 1837 2222 1878 καταλαὸὼν
2243 1838 2304 1877 καὶ
2318 1837 2486 1889 γοητείας

1417 1897 1591 1943 ἐπιδείξας
1612 1897 1686 1944 εἴδη
1716 1896 1960 1949 μυρία....καὶ
1981 1897 2188 1950 ἀνθρώπους
2215 1897 2316 1950 ἀφεὶς
2344 1897 2487 1943 διδάξαι

1416 1972 1450 1994 τι
1477 1958 1549 1994 τῶν
1585 1956 1795 2009 χρησίμων,
1833 1956 2038 2005 ἐπαίδευσεν
2060 1955 2115 1995 ὅτι
2145 1954 2220 1994 ἴσον
2248 1950 2291 2004 ἧν
2324 1955 2484 2007 κυάμους

1418 2018 1542 2068 φαγεῖν
1567 2016 1629 2055 καὶ
1652 2015 1714 2060 τὰς
1739 2019 1810 2055 τῶν
1829 2014 2102 2067 γεννησαμένων
2123 2015 2300 2070 κεφαλάς·
2321 2015 2381 2055 καὶ
2399 2016 2486 2061 τοὺς

1417 2075 1584 2120 συνόντας
1601 2075 1755 2123 ἔπειθεν,
1785 2073 1838 2114 ὅτι
1860 2075 1902 2123 δὴ
1919 2077 1942 2122 ἡ
1964 2078 2026 2114 τοῦ
2043 2074 2261 2114 διδασκάλου
2279 2074 2379 2130 ψυχὴ
2393 2075 2482 2115 ποτὲ

1420 2134 1483 2184 μὲν
1511 2135 1642 2185 θάμνος
1669 2134 1831 2186 ἐγένετο,
1853 2134 1938 2172 ποτὲ
1968 2133 2005 2172 δὲ
2037 2132 2148 2185 κόρη,
2169 2132 2256 2174 ποτὲ
2292 2133 2328 2173 δὲ
2364 2134 2481 2188 ἰχθύς.

1418 2194 1524 2233 ldem
1544 2195 1703 2232 effatum
1730 2194 1999 2245 perstringunt
2023 2193 2192 2232 Basilius
2210 2193 2264 2232 M.
2289 2194 2475 2234 Hexaem.

1419 2251 1525 2300 Vlll,
1544 2267 1566 2291 α
1585 2262 1609 2291 t.
1633 2253 1649 2290 Ι
1678 2266 1715 2304 p.
1737 2267 1803 2301 71.
1828 2252 1969 2291 Bened.
1994 2252 2172 2291 Hermias
2189 2251 2304 2294 Irris.
2327 2253 2480 2292 Gentil.

1417 2326 1455 2364 p.
1478 2315 1551 2361 176
1570 2313 1615 2360 B;
1634 2312 1868 2351 Tertullian.
1888 2312 1936 2350 de
1956 2312 2087 2352 Anim.
2107 2326 2141 2352 c.
2167 2314 2231 2353 32.

1470 2373 1559 2412 Vss.
1582 2374 1703 2417 13-14
1732 2380 1886 2410 exstant
1911 2371 2016 2423 apud
2033 2371 2301 2424 Porphyrium
2322 2372 2371 2411 de
2396 2373 2481 2412 Ab·

1416 2432 1508 2470 stin.
1533 2431 1584 2482 ll,
1607 2432 1652 2468 31
1677 2445 1716 2483 p.
1744 2433 1813 2468 161
1847 2430 1979 2468 Rhoer.
2013 2431 2100 2476 Quo
2121 2431 2185 2469 die
2208 2432 2379 2483 primum
2397 2445 2483 2470 ma·

1417 2499 1525 2529 ctatae
1539 2491 1710 2529 victimae
1722 2489 1908 2528 carnibus
1919 2490 2079 2539 gustatis
2094 2503 2135 2529 se
2152 2491 2373 2542 polluisset,
2389 2503 2481 2530 eum

1417 2551 1518 2589 diem
1540 2550 1716 2588 omniurn
1738 2548 1815 2588 sibi
1843 2548 2034 2587 malorum
2058 2549 2217 2587 initium
2244 2549 2366 2589 fuisse
2386 2550 2480 2589 Em·

1419 2610 1600 2662 pedocles
1616 2610 1888 2660 conqueritur.
1898 2609 2030 2655 Quare
2042 2608 2125 2647 haec
2135 2608 2257 2648 verba
2270 2622 2358 2660 quae
2371 2609 2479 2649 Stur-

1415 2669 1500 2707 zius
1531 2668 1582 2707 ad
1602 2667 1808 2720 καθαρμοὺς
1827 2668 2029 2720 pertinere
2050 2676 2158 2707 ratus
2179 2676 2238 2707 est
2263 2681 2351 2707 cum
2379 2668 2482 2707 Kar-

1416 2728 1543 2766 stenio
1570 2727 1613 2766 in
1632 2727 1737 2766 hunc
1769 2727 1898 2766 locum
1932 2728 2135 2775 transtuli,
2159 2727 2229 2766 ubi
2249 2735 2365 2780 poeta
2386 2741 2478 2766 cum

1416 2788 1658 2839 reliquorum
1673 2789 1875 2837 geniorum
1888 2795 1992 2826 sorte
2003 2801 2111 2826 suam
2124 2787 2252 2840 ipsius
2268 2788 2395 2826 vicem
2409 2787 2476 2826 de-

1415 2846 1557 2898 plorat.
1579 2845 1714 2896 Neque
1735 2854 1863 2884 tamen
1883 2846 2128 2885 Sturzianam
2149 2846 2341 2885 rationem
2361 2858 2476 2899 pror-

1416 2918 1482 2944 sus
1501 2904 1720 2957 rejecerim.
1738 2905 1846 2944 Nihil
1865 2915 2093 2958 corruptum
2111 2914 2169 2944 est
2186 2906 2228 2944 in
2252 2906 2479 2958 posteriore

1416 2979 1533 3005 versu
1553 2979 1563 3003 z
1586 2964 1667 3017 πρὶν
1695 2965 1829 3017 σχέτλι’
1852 2965 1938 3018 ἔργα
1962 2969 2068 3019 βορᾶς
2088 2966 2169 3019 περὶ
2193 2965 2331 3019 χείλεσι
2359 2965 2475 3016 μητί-

1416 3028 1560 3065 σασθαι.
1580 3023 1772 3062 Similiter
1805 3025 1847 3063 in
1869 3025 2011 3076 Odyss.
2046 3025 2116 3064 lib.
2142 3024 2216 3063 Xlt
2237 3040 2275 3065 v.
2296 3026 2372 3073 373
2392 3027 2424 3064 οἳ
2443 3025 2478 3063 δ’

1417 3084 1534 3138 ἔταροι
1554 3082 1647 3136 μέγα
1677 3083 1777 3136 ἔργον
1807 3085 2022 3135 ἐμητίσαντο
2055 3085 2228 3136 μένοντες.
2257 3085 2325 3124 Est
2347 3093 2475 3123 autem

1416 3143 1515 3195 ἔργον
1538 3143 1714 3194 μητίομαι
1734 3148 1774 3181 in
1801 3155 1959 3182 mentem
1995 3147 2091 3183 mihi
2119 3150 2219 3183 venit
2246 3149 2478 3182 committere

1405 3203 1578 3250 facinus,
1592 3203 1754 3252 facinus
1770 3208 1908 3242 molior
1923 3215 1960 3243 et
1979 3211 2125 3256 incepto
2139 3208 2199 3244 vel
2212 3219 2253 3243 re
2261 3204 2476 3243 deliberata

1415 3277 1508 3313 opus
1537 3266 1753 3315 aggredior.
1795 3265 1924 3310 Quum
1955 3274 2084 3304 autem
2120 3279 2200 3304 non
2239 3264 2477 3317 simpliciter

1416 3321 1502 3374 ἔργα
1517 3322 1756 3373 μητίσασθαι,
1774 3323 1842 3362 sed
1858 3322 1943 3375 ἔργα
1967 3326 2072 3377 βορᾶς
2093 3323 2311 3375 μητίσασθαι
2328 3324 2477 3363 dixerit

1416 3380 1694 3433 Empedocles,
1725 3396 1805 3420 non
1835 3391 1918 3420 erat
1949 3383 2056 3434 quod
2087 3384 2317 3422 Karstenius
2336 3381 2475 3436 χείλεσι

1418 3440 1635 3490 μητίσασθαι
1656 3441 1937 3481 inconcinnum
1948 3441 2158 3493 ’judicaret
2185 3444 2408 3494 pariterque
2429 3442 2473 3481 in
