2612 3814
930 246 1221 311 DEMOCRITI
1249 270 1583 310 FRAGMENTA.
2259 280 2333 313 ³⁵5

315 359 553 410 (Democrat.
576 372 637 410 ap.
656 358 776 398 Orell.
796 372 836 398 n.
859 358 937 410 31.)

178 431 246 457 228.
263 417 309 457 Ἥ
333 420 401 456 τῶν
416 417 604 469 ξυγγενέων
626 416 734 470 ἔχθρη
753 419 814 464 τῆς
827 411 895 455 τῶν
913 417 1050 456 ὀθνείων
1067 419 1228 471 χαλεπω-

257 476 341 530 τέρη
363 476 475 525 μάλα.

316 535 556 589 (Democrat.
577 549 640 587 ap.
658 535 779 574 Orell.
801 550 840 576 n.
861 537 924 575 56.
944 535 954 588 )

1422 333 1545 408 (ibid.
1563 371 1600 408 p.
1617 357 1730 410 406.)

1288 430 1355 457 237.
1375 415 1503 468 Τίμιον
1523 415 1624 468 ὀλίγη
1645 416 1749 470 σοφίη
1770 415 1859 470 ὑπὲρ
1880 416 1981 462 δόξαν
2004 419 2199 473 ἀφροσύνης
2219 421 2337 472 μεγά-

1365 477 1813 587 Ml'pseudodemocrat.
1836 548 1876 574 n.
1901 536 1992 584 86.)

174 606 244 632 223.
270 593 315 632 Ὁ
335 593 437 637 αὐτὸς
457 591 713 647 (Δημόκριτος)
736 592 820 646 ἔφη,
844 595 882 632 οὐ
903 594 1008 633 καλὸν
1030 595 1228 633 πεπαιδευ·
1287 606 1354 633 238.
1375 592 1603 645 Ἀνθρώποισι
1634 598 1723 632 πᾶσι
1754 591 1912 631 σεὸαστά
1947 594 2022 633 ἐστι
2051 594 2092 633 τὸ
2121 595 2251 646 ἀγαθὸν
2281 596 2340 636 καὶ

261 650 362 701 μένον
396 651 617 696 ἀπαιδεύτοις
643 651 890 703 διαλέγεσθαι,
917 651 1036 706 ὥσπερ
1062 653 1139 691 οὐδὲ
1169 653 1230 700 νή-

260 725 368 762 φοντα
389 709 586 762 μεθύουσιν.

314 768 476 822 (Anton.
500 778 538 808 et
552 769 655 808 Max.
673 783 711 821 p.
736 776 825 817 704.
838 771 851 821 )

176 842 246 869 230.
269 827 315 868 Ὁ
338 827 439 871 αὓτὸς
458 828 516 866 τὸν
545 827 668 882 φθόνον
697 822 793 867 εἶπεν
811 828 911 873 ἕλκος
932 832 1022 868 εἶναι
1051 831 1112 875 τῆς
1124 820 1227 875 ἵλη-

259 886 367 931 θείας.

315 947 481 998 (Anton.
503 955 541 985 et
553 946 656 985 Max.
677 961 717 998 p.
738 947 853 999 408.)

179 1019 243 1045 2³1.
263 1005 376 1055 Τιμαὶ
395 1005 492 1056 παρὰ
516 1011 608 1044 τοῖσι
637 1004 855 1058 εὖφρονέουσι
882 1003 974 1056 μέγα
996 1004 1172 1054 δύνανται,
1195 1004 1229 1044 οἳ

259 1062 392 1108 ξυνιᾶσι
405 1063 609 1115 τιμώμενοι.

316 1122 327 1174 (
342 1122 714 1161 Pseudodemocmt.
742 1136 782 1161 n.
804 1123 868 1162 61.
880 1122 892 1172 )

178 1195 245 1222 232.
263 1181 432 1231 Βέλτερον
454 1180 511 1219 ὑπ’
526 1181 643 1233 ἑτέρου
658 1181 680 1227 ἢ
702 1180 761 1218 ὑπ’
779 1183 915 1225 ἑωυτοῦ
931 1180 1170 1220 ἐπαινέεσθαι.

315 1240 705 1293 (Pseudodemocrat.
737 1253 777 1278 n.
804 1238 889 1291 aas)

178 1312 246 1340 233.
262 1300 334 1339 Ην
355 1299 406 1351 μὴ
436 1299 606 1353 γνωρίζῃς
639 1298 719 1343 τοὺς
750 1299 936 1346 ἐπαίνους,
975 1298 1228 1338 κολακεύεσθαι

257 1358 321 1410 ἦγέ
324 1374 353 1397 0·

313 1417 702 1467 (Pseudodemocrat.
726 1431 764 1456 n.
784 1418 871 1468 83.)

173 1490 244 1516 234.
267 1476 423 1516 Φαύλων
441 1476 562 1525 ὁμιλίη
584 1474 724 1528 ξυνεχὴς
748 1474 817 1520 ἕξιν
834 1474 960 1522 κακίης
982 1474 1091 1520 αὔξει.

275 1576 279 1580 .
314 1535 433 1589 (cod.
456 1535 558 1574 Flor.
579 1534 690 1573 Stob.
711 1535 838 1574 Gaisf.
859 1535 910 1572 IV
925 1548 962 1586 p.
985 1534 1100 1586 408.)

173 1607 241 1636 235.
260 1594 455 1638 Ἑκουσίως
473 1594 522 1645 μὴ
538 1593 672 1632 πονέειν
687 1594 810 1637 παῖδες
830 1592 995 1640 ἀνιέντες,
1015 1592 1095 1632 οὔτε
1115 1594 1229 1646 γράμ-

258 1670 354 1704 ματα
375 1654 530 1706 μάθοιεν,
551 1653 630 1693 οὔτε
645 1652 816 1704 μουσικήν
832 1682 843 1700 ,
861 1651 940 1691 οὔτε
966 1652 1135 1704 ἀγωνίην,
1155 1654 1227 1692 οὐδ’

254 1712 340 1767 ὅπερ
364 1713 518 1765 μάλιστα
539 1713 603 1759 τὴν
623 1711 751 1767 ἀρετὴν
785 1712 938 1764 ξυνέχει,
968 1711 1007 1750 τὸ
1033 1711 1224 1752 αἰδέεσθαι·

254 1773 356 1824 μάλα
374 1772 443 1826 γὰρ
464 1774 503 1811 ἐκ
521 1772 652 1811 τούτων
672 1771 783 1825 φιλέει
802 1772 960 1824 γίνεσθαι
988 1772 1142 1819 ἡαίδώς.

312 1832 436 1884 (ibid.
452 1846 495 1884 p.
513 1833 625 1883 403.)

174 1904 242 1928 2³...
263 1890 321 1929 Τὰ
342 1890 406 1939 μὲν
432 1890 526 1930 καλὰ
551 1889 723 1945 χρήματα
757 1892 846 1928 τοῖσι
868 1888 1006 1929 πόνοισι
1030 1892 1053 1937 ἠ
1075 1890 1226 1941 μάθησις

255 1949 500 2001 ἐξεργάζεται,
525 1949 571 1988 τὰ
599 1950 629 1987 δ’
649 1947 780 2017 αἰσχρὰ
802 1947 883 1987 ἄνευ
904 1949 1022 1988 πόνων
1041 1949 1225 1999 αὐτόματα

256 2005 465 2054 καρποῦται·
487 2002 548 2042 καὶ
567 2002 635 2055 γὰρ
655 2004 701 2046 ὡς
720 2002 777 2041 τὸν
797 2017 860 2040 ουκ
879 2003 1041 2041 ἐθέλοντα
1057 1988 1226 2046 πολλάκις

254 2063 287 2100 ἐ
274 2061 385 2116 ζέργει
412 2065 566 2101 τοιοῦτον
595 2055 697 2100 εἶναι
727 2060 820 2099 οὕτω
853 2061 1010 2112 μεγάλης
1042 2061 1220 2114 πρήξιος’
1206 2078 1224 2100 ο

253 2120 392 2171 ἀμαθὴς
410 2121 564 2164 σπανίως
586 2119 809 2174 πρωτουργός
827 2135 866 2158 τε
883 2121 943 2158 καὶ
964 2121 1114 2168 ποιητής
1131 2124 1221 2162 ἐστι.

1370 651 1505 699 ἀληθές·
1526 650 1590 699 ἡδὺ
1611 650 1646 690 δὲ
1666 650 1764 704 ἄλλῳ
1786 651 1888 692 ἄλλο.

1425 711 1813 760 (Pseudodemocrat.
1837 725 1873 749 n.
1901 712 1982 763 34.)

1289 783 1355 808 239.
1375 769 1452 816 Τήν
1475 784 1515 821 γε
1536 769 1703 817 ἀληθινὴν
1728 768 1835 819 τιμὴν
1869 769 1931 808 καὶ
1959 769 2063 822 χάριν
2091 771 2280 822 ἱδρυμένην
2307 774 2341 810 ἐν

1371 828 1487 882 εὐνοία
1507 828 1567 867 καὶ
1588 828 1740 868 διαθέσει
1769 832 1839 868 τῶν
1863 828 2097 880 μεμνημένων
2121 830 2186 882 οὐχ
2215 831 2340 882 ὑπερό-

1368 889 1474 941 ψεται
1507 888 1687 932 πολιτικὸς
1718 889 1822 941 ἀνήρ,
1857 887 1936 926 οὐδέ
1967 902 2007 938 γε
2038 886 2139 933 δόξαν
2173 889 2342 937 ἀτιμάσει

1369 946 1544 998 φεύγων
1565 947 1613 986 τὸ
1639 952 1734 991 τοῖς
1769 947 1899 992 πέλας
1917 946 2150 994 ἁνδάνειν,
2174 949 2220 992 ὡς
2247 947 2343 994 ἠξίου

1371 1005 1603 1058 Δημόκριτος.
1888 1021 1890 1023 ·

1425 1065 1650 1113 (Plutarch.
1682 1067 1780 1116 reIp.
1812 1079 1892 1115 ger.
1930 1079 2049 1118 praec.
2072 1080 2109 1117 p.
2136 1067 2229 1116 821,
2263 1066 2343 1106 vol.

1372 1123 1425 1160 IX
1442 1138 1481 1175 p.
1510 1125 1586 1161 266
1604 1123 1667 1161 ed.
1692 1124 1819 1164 Reisk.
1829 1127 1840 1174 )

1290 1195 1359 1219 ew.
1383 1180 1446 1220 'liv
1477 1181 1563 1234 ξυνῳ
1584 1181 1678 1234 ἰχθύῖ
1700 1181 1853 1221 ἄκανθαι
1882 1184 1946 1221 οὗκ
1973 1182 2113 1230 ἔνεισιν,
2137 1199 2182 1227 ως
2201 1198 2305 1236 φησιν
2326 1187 2344 1223 ὃ

1372 1239 1606 1291 Δημόκριτος.

1424 1299 1644 1348 (Plutarch.
1678 1301 1877 1340 convival.
1907 1300 2054 1351 disput.
2092 1299 2163 1339 lib.
2204 1300 2256 1349 ΙΙ,
2294 1314 2340 1338 10

1369 1371 1455 1409 pag.
1476 1359 1570 1410 643,
1601 1358 1681 1398 vol.
1697 1358 1789 1396 VIII
1811 1372 1901 1410 pag.
1925 1359 2002 1408 549
2019 1358 2082 1398 ed.
2100 1358 2262 1409 neisk.)

1290 1430 1354 1457 241.
1375 1410 1494 1467 αἳἨμος
1509 1417 1543 1457 δὲ
1564 1419 1763 1470 στεροπῆας
1785 1417 2019 1464 ἀπεπτοίησεν
2041 1417 2194 1471 ὀνείρους
2211 1420 2229 1455 ὁ
2245 1417 2344 1464 ἥλιος

1370 1475 1548 1528 ἀνασχών,
1567 1476 1627 1515 καὶ
1656 1476 1814 1528 καθάπερ
1836 1479 1885 1520 εἷς
1914 1477 2022 1515 ταύτὸ
2056 1476 2234 1528 συμμίξας
2262 1477 2344 1515 ἐπέ-

1371 1537 1498 1587 στρεψε
1516 1534 1576 1573 καὶ
1592 1535 1801 1588 συνώρμησε
1815 1537 1865 1588 τῷ
1877 1534 1964 1588 φωτὶ
1980 1534 2042 1579 τὰς
2059 1535 2198 1589 πράξεις
2212 1536 2272 1573 καὶ
2285 1535 2347 1580 τὰς

1372 1594 1509 1640 νοήσεις
1529 1594 1589 1638 τὰς
1611 1594 1796 1643 ἁπάντων,
1825 1593 1871 1639 ὥς
1903 1610 1989 1647 φησι
2014 1594 2250 1647 Δημόκριτος,
2282 1595 2343 1634 νέα

1372 1652 1428 1706 ἐφ’
1447 1652 1562 1706 ἡμέρῃ
1582 1653 1785 1706 στρέφοντες
1811 1653 2001 1705 ἄνθρωποι,
2021 1669 2041 1691 τ
2059 1669 2084 1700 ,ν
2115 1653 2202 1707 πρὸς
2234 1654 2344 1700 ἀλλή-

1372 1712 1452 1755 λους
1471 1711 1583 1763 ὁρμὴν
1604 1711 1765 1765 καθάπερ
1798 1712 1985 1765 ἀρτύματα
2007 1711 2178 1755 συντόνως
2199 1715 2345 1751 ποθοῦν-

1375 1785 1447 1818 τες,
1470 1770 1574 1815 ἅλλος
1594 1772 1789 1824 ἀλλαχόθεν
1807 1770 1866 1810 ἐπὶ
1883 1770 1946 1814 τὰς
1958 1770 2100 1823 πράξεις
2119 1771 2341 1811 ἀνίστανται.

1426 1829 1646 1882 (Plutarch.
1667 1831 1715 1868 de
1731 1831 1881 1869 occulte
1898 1831 1980 1870 viv.
1999 1844 2036 1882 p.
2067 1845 2082 1869 1
2095 1845 2182 1881 129,
2206 1832 2286 1871 vol.
2309 1830 2344 1869 X

1369 1902 1457 1939 pag.
1479 1890 1556 1935 642
1572 1903 1656 1941 seq.
1679 1890 1740 1929 ed.
1772 1890 1929 1938 Reisk.)

1287 1960 1353 1987 222.
1373 1947 1453 1999 Χρὴ
1476 1947 1539 1994 τὴν
1570 1946 1632 1997 μὲν
1667 1947 1846 1996 εὖσέὸειαν
1880 1950 2041 2002 φανερῶς
2073 1947 2338 1998 ἐνδείκνυσθαι,

1366 2009 1429 2053 τῆς
1449 2005 1485 2044 δὲ
1503 2006 1667 2054 ἀληθείας
1682 2007 1899 2060 θαῤῥούντως
1918 2006 2171 2059 προΐστασθαι.

1420 2065 1587 2114 (Anton.
1607 2079 1694 2116 pag.
1715 2066 1827 2116 235.)

1289 2134 1358 2161 2⁴3.
1381 2122 1540 2161 Ξείνοισι
1565 2125 1753 2174 μεταδίδου
1785 2123 1845 2162 καὶ
1865 2130 1956 2163 τοῖσι
1986 2124 2183 2172 δεομένοισι
2201 2126 2240 2163 ἐκ
2267 2127 2337 2163 τῶν

216 2269 287 2298 228.
313 2265 630 2306 consanguineorum
644 2264 821 2297 inimicitiae
838 2265 941 2298 multo
957 2265 1136 2307 asperiores
1151 2269 1228 2300 sunt

172 2323 324 2355 externis.

215 2384 287 2414 229.
320 2381 411 2414 Idem
431 2381 677 2423 (Democritus)
705 2382 809 2423 dixit,
826 2391 931 2424 neque
955 2383 1088 2416 doctum
1112 2384 1227 2417 decere

172 2449 247 2472 cum
266 2440 421 2479 indoctis,
440 2449 547 2482 neque
569 2440 715 2473 sobrium
728 2450 801 2474 cum
818 2441 916 2475 ebriis
936 2443 1034 2484 loqui.

216 2501 287 2532 230.
309 2497 401 2530 Idem
419 2497 573 2530 invidiam
591 2498 733 2531 veritatis
754 2498 845 2531 ulcus
858 2508 926 2538 esse
942 2499 1080 2533 dicebat.

216 2559 288 2590 231.
313 2559 460 2590 Honores
482 2556 658 2597 plurimum
686 2557 796 2589 valent
820 2558 907 2599 apud
934 2559 1106 2600 prudentes
1131 2564 1228 2601 atque

173 2615 362 2655 benevolos,
378 2614 435 2656 qui
456 2624 512 2647 eos
533 2614 595 2648 sibi
616 2615 749 2648 collatos
766 2625 834 2649 esse
850 2617 1043 2658 intelligunt.

218 2677 291 2707 232.
308 2674 358 2706 Ab
370 2674 431 2706 alio
446 2683 544 2715 quarn
564 2683 583 2706 a
599 2683 635 2707 se
658 2675 728 2716 ipso
751 2675 872 2708 laudari
889 2679 1032 2717 praestat.

221 2738 295 2768 233.
319 2734 351 2768 Si
381 2734 491 2766 laudes
515 2734 547 2766 in
565 2735 684 2776 teipso
710 2744 774 2767 non
798 2736 984 2777 agnoveris,
1010 2737 1141 2779 palpum
1169 2738 1228 2770 tibi

169 2793 302 2827 obtrudi
313 2793 491 2826 existimes.

215 2854 288 2885 234.
327 2851 526 2884 continuum
558 2851 782 2894 improborum
810 2854 1042 2887 commercium
1077 2855 1228 2888 vitiorum

169 2910 439 2943 consuetudinem
463 2911 628 2952 paullatim
649 2912 754 2944 affert.

166 2986 170 2992 -
216 2971 288 3002 235.
311 2968 409 3002 Pueri
430 2969 486 3011 qui
505 2969 696 3003 voluntariis
718 2970 884 3004 laboribus
910 2973 996 3005 totos
1013 2981 1048 3005 se
1064 2972 1140 3005 dare
1166 2982 1228 3006 non

177 3031 334 3071 possunt,
355 3029 400 3062 illi
424 3038 530 3071 neque
552 3030 675 3064 litteras
697 3031 892 3072 didicerint,
915 3042 1021 3075 neque
1041 3034 1199 3066 musicam
1215 3058 1225 3075 ‚

177 3096 281 3130 neque
310 3087 405 3131 (cum
429 3089 613 3130 aequalibus
640 3090 791 3132 honeste)
816 3093 959 3132 certare,
990 3102 1113 3134 neque,
1141 3093 1228 3134 quod

174 3147 317 3180 maxime
347 3148 501 3180 virtutem
528 3149 692 3190 continet,
722 3150 800 3183 alios
829 3152 989 3192 revereri3
1023 3160 1098 3184 nam
1119 3161 1157 3185 ex
1183 3151 1231 3184 liis

177 3205 272 3238 rebus
290 3205 395 3247 pudor
411 3207 499 3239 nasci
514 3207 662 3248 inprimis
682 3209 773 3243 solet.
1021 3234 1023 3236 .

219 3266 291 3296 236.
307 3265 378 3297 Res*
390 3265 542 3298 honestas
567 3266 731 3299 laboribus
753 3267 927 3309 disciplina
951 3269 1098 3310 perlicit,
1120 3273 1231 3311 turpes

173 3322 288 3354 autem
302 3322 420 3355 nullius
433 3323 550 3356 laboris
564 3325 664 3357 nativi
685 3327 763 3359 sunt
788 3327 917 3360 fructus
940 3341 949 3361 ε
971 3337 1046 3360 nam
1064 3329 1098 3361 ut
1117 3328 1229 3361 nolen-

178 3383 242 3414 tem
256 3381 462 3424 (disciplina)
484 3391 569 3424 soepe
584 3384 688 3426 cogit,
715 3387 751 3418 ut
766 3386 917 3428 (qualem
935 3395 970 3419 se
993 3387 1137 3428 praebet)
1160 3388 1231 3420 talis

173 3439 220 3471 sit
238 3439 393 3482 (bomo),
411 3442 455 3474 ita
466 3441 572 3476 omnis
589 3443 766 3485 disciplinae
788 3453 904 3487 expers
924 3454 997 3479 raro
1014 3449 1061 3479 est
1079 3446 1222 3488 praeclari

174 3497 327 3531 facinoris
345 3500 470 3533 auctor.

1333 2273 1406 2304 237.
1440 2272 1591 2304 Nonnihil
1620 2273 1786 2313 sapientiae
1815 2272 1917 2313 pluris
1945 2273 2129 2306 faciendum
2159 2275 2225 2314 est,
2244 2283 2341 2315 quam

1287 2330 1429 2369 speciosa
1444 2331 1574 2371 quidem
1585 2355 1595 2371 ,
1607 2331 1665 2363 sed
1680 2331 1760 2363 falsa
1776 2341 1899 2371 magnae
1913 2332 2086 2364 dementiae
2107 2333 2228 2374 opinio„

1330 2392 1401 2423 238.
1426 2389 1519 2431 Apud
1534 2399 1649 2423 omnes
1669 2391 1800 2432 quidem
1824 2391 1970 2424 homines
1992 2392 2025 2424 in
2053 2392 2175 2424 honore
2189 2395 2265 2425 sunt
2285 2392 2341 2425 bo-

1287 2459 1366 2482 num
1380 2458 1418 2482 ac
1429 2459 1541 2483 verum
1560 2463 1568 2483 ε
1585 2453 1712 2492 gratum
1736 2453 1845 2484 tamen
1858 2452 1911 2484 alii
1925 2452 2025 2484 aliud.

1331 2511 1404 2541 239.
1425 2510 1521 2542 Certe
1543 2518 1656 2542 verum
1681 2510 1836 2543 bonorem
1859 2511 2060 2551 gratiamque
2080 2511 2226 2543 innixam
2249 2511 2344 2544 bene-

1290 2568 1430 2600 volentia
1445 2569 1608 2609 animique
1629 2578 1809 2601 memorum
1823 2570 1994 2602 affectione
2016 2579 2080 2601 non
2101 2569 2256 2610 despiciet
2275 2571 2338 2609 vir,

1292 2626 1346 2666 qui
1370 2626 1403 2658 in
1428 2626 1679 2659 administranda
1705 2628 1868 2669 republica
1894 2630 2054 2668 versatur,
2080 2637 2183 2669 neque
2209 2628 2340 2669 gloriam

1288 2688 1492 2725 contemnet,
1520 2685 1642 2726 fugiens
1669 2687 1806 2719 aliorum
1830 2687 2115 2729 approbationem,
2148 2691 2183 2720 ut
2213 2688 2340 2721 volebat

1289 2745 1502 2777 Democritus.

1334 2806 1411 2835 240.
1436 2805 1472 2835 In
1489 2804 1655 2836 communi
1672 2804 1757 2846 pisce
1777 2814 1840 2837 non
1857 2806 1969 2838 insunt
1987 2805 2107 2847 spinae,
2128 2808 2163 2837 ut
2179 2805 2257 2838 dicit
2277 2808 2340 2839 De-

1291 2862 1456 2894 mocritus.

1331 2923 1403 2954 241.
1426 2923 1548 2954 Verum
1567 2922 1621 2955 ubi
1641 2923 1692 2955 sol
1710 2923 1818 2956 oriens
1839 2924 1989 2965 fulgentia
2006 2925 2133 2957 somnia
2150 2925 2278 2966 abegit,
2301 2928 2334 2957 et

1289 2983 1442 3023 tanquam
1462 2982 1496 3015 in
1513 2992 1614 3015 uuum
1634 2984 1845 3018 commiscens
1865 2987 2026 3019 convertit
2042 2987 2074 3019 et
2095 2986 2249 3018 excitavit
2271 2995 2335 3018 una

1290 3050 1364 3073 cuin
1381 3041 1452 3074 luce
1464 3042 1610 3074 omnium
1624 3043 1765 3076 actiones
1791 3045 2065 3086 cogitationesque
2086 3046 2207 3084 stunc,
2236 3045 2272 3077 ut
2295 3045 2341 3077 ait

1289 3101 1512 3141 Democritus,
1541 3109 1628 3133 nova
1653 3102 1763 3134 statim
1793 3103 1834 3134 ab
1853 3103 1945 3135 initio
1965 3103 2027 3135 diei
2043 3103 2154 3135 animo
2176 3103 2341 3135 volventes

1291 3160 1436 3192 homines
1448 3183 1458 3200 ‚
1475 3163 1604 3193 mutuos
1623 3163 1759 3194 conatus
1779 3162 1866 3194 velut
1880 3162 2086 3195 condimenta
2105 3162 2255 3204 quaedam
2281 3172 2339 3195 ve-

1290 3219 1453 3252 liementer
1479 3221 1666 3262 appetentes
1679 3244 1688 3260 ‚
1720 3221 1802 3253 alius
1820 3221 1950 3254 aliunde
1971 3221 2012 3253 ad
2041 3230 2091 3254 res
2109 3221 2246 3262 agendas
2269 3229 2339 3254 sese

1289 3277 1470 3312 conterunt.

1331 3339 1403 3369 242.
1423 3337 1529 3370 Pietas
1546 3339 1648 3379 palam
1662 3325 1866 3379 declaranda,
1883 3340 2000 3373 veritas
2013 3341 2123 3373 autem
2142 3339 2215 3372 forti
2231 3339 2339 3371 animo

1288 3394 1487 3429 defendenda
1503 3401 1560 3430 est.

1331 3456 1403 3486 243.
1427 3455 1603 3495 peregrinis
1627 3455 1789 3497 impertire
1810 3458 1841 3488 et
1872 3455 2038 3497 egentibus
2055 3456 2150 3488 exiis
2180 3464 2254 3496 quae
2277 3454 2339 3487 ad·

2146 3567 2192 3593 24⁷».
