2612 3814
301 216 372 250 ¹32

295 301 403 339 tavit.
443 302 691 350 Quapropter
724 305 948 350 argumenta
989 311 1035 336 ex
1077 298 1244 346 antiquis
1281 299 1353 334 illis

298 359 455 406 fabulis,
480 373 565 408 quae
585 360 633 396 de
662 360 735 396 diis
762 360 1032 404 narrabantur,
1064 357 1261 394 tractanda
1281 358 1351 393 sibi

295 420 445 464 sumsit,
465 419 532 456 sed
558 420 668 456 aliter
687 420 727 455 in
760 419 833 456 hac
852 417 1013 455 materia
1035 424 1152 465 atque
1179 415 1353 454 Cratinus

296 480 531 528 omninoque
556 479 675 515 Attici
702 486 826 527 poetae
856 484 1026 514 versatus
1055 483 1124 514 est.
1163 475 1224 511 Sic
1253 475 1352 510 enim

298 540 425 575 omnia
445 552 529 588 quae
558 538 607 575 ad
627 551 682 575 res
703 538 847 574 divinas
871 537 1109 586 pertinerent
1132 534 1352 571 conforma—

296 599 354 634 vit
371 599 598 647 populoque
617 596 822 646 spectanda
842 596 1071 646 proposuit,
1091 602 1134 630 ut
1160 594 1353 642 Pythago-

295 658 385 695 ricae
407 657 616 707 disciplinae
644 657 794 694 decreta
814 662 994 692 servaret.
1023 655 1159 702 Itaque
1189 653 1350 689 deorum

296 729 439 754 numen
459 730 539 752 non
563 717 737 762 sustulit,
771 715 837 751 sed
858 714 906 751 ad
924 727 1055 751 rerum
1084 720 1230 749 naturae
1254 713 1354 749 vires

295 777 507 814 revocavit.
525 777 677 825 Quippe
694 787 939 823 nequaquam
964 774 1078 812 Musae
1097 772 1353 821 Epicharmeae

295 836 494 872 consilium
527 843 608 872 erat
628 835 790 871 deorum
821 834 1059 870 sanctitatem
1091 833 1260 877 violare,
1287 832 1353 868 sed

297 895 555 932 dubitationes
574 895 622 931 de
638 895 752 930 rebus
777 894 916 930 divinis
936 899 1059 938 ortas,
1084 892 1223 940 quibus
1243 904 1350 927 mor-

296 955 429 991 talium
445 962 589 991 mentes
608 955 853 1003 agitarentur,
874 951 1151 1001 spectatoribus
1169 951 1349 988 eximere.

294 1015 389 1051 Nam
405 1014 601 1063 religionis
617 1014 816 1049 sanctitate
833 1019 871 1048 et
885 1012 1050 1061 pristino
1070 1011 1233 1047 deorum
1247 1011 1353 1047 cultu

296 1074 525 1118 imminuto,
560 1080 673 1108 aucta
707 1084 799 1108 vero
834 1072 1050 1108 animorum
1081 1071 1287 1120 sagacitate
1316 1078 1353 1106 et

295 1140 487 1170 crescente
509 1133 721 1168 litterarum
743 1131 888 1167 lumine
901 1130 980 1178 jam
1007 1137 1088 1166 tum
1107 1130 1265 1178 plurimi
1286 1142 1351 1165 re·-

293 1206 378 1230 rum
401 1199 545 1230 naturae
574 1204 714 1240 corpus
740 1191 903 1228 scrutari
933 1191 1175 1238 multumque
1197 1189 1244 1226 de
1265 1191 1350 1225 uni-

293 1254 392 1290 versi
411 1252 523 1300 hujus
539 1258 699 1301 parente
712 1263 756 1287 ac
774 1251 821 1288 de
836 1250 967 1286 divina
981 1259 1117 1286 natura
1132 1250 1352 1299 etpotentia

293 1313 489 1362 disputare
519 1318 810 1349 consueverant,
832 1310 961 1358 Quid?
982 1309 1089 1358 quod
1107 1322 1187 1345 nou
1216 1308 1351 1346 defue-

294 1379 385 1408 runt
409 1372 474 1420 qui
489 1370 734 1420 providentia
754 1369 943 1405 mundum
964 1369 1221 1405 administrari
1237 1381 1351 1418 nega-

292 1437 390 1468 rent.
425 1430 472 1466 Id
500 1431 641 1479 partim
673 1429 888 1466 certissimis
918 1436 1092 1465 veterum
1129 1428 1353 1465 testimoniis

294 1496 462 1535 constat,
495 1490 635 1538 partim
662 1488 859 1537 probabili
905 1485 1132 1537 conjectura
1169 1499 1189 1523 e
1221 1488 1352 1524 multis

293 1549 442 1587 indiciis
479 1548 739 1586 concluditur.
771 1549 857 1595 Quo
878 1547 917 1583 in
942 1559 1081 1596 genere
1101 1547 1352 1584 memorabile

292 1608 475 1657 estquod
508 1608 557 1644 de
585 1608 778 1653 Hierone,
803 1607 1024 1656 Epicharmi
1057 1607 1217 1655 aequali,
1247 1605 1351 1655 apud

292 1669 514 1714 Ciceronem
545 1667 593 1704 de
614 1667 702 1706 Nat.
728 1667 837 1705 deor.
859 1668 890 1714 1,
913 1679 962 1703 22
990 1667 1156 1703 relatum
1177 1667 1349 1716 legimus,

296 1744 312 1761 «
345 1729 473 1777 Roges
492 1740 577 1773 me,
607 1727 701 1776 quid
721 1734 786 1763 aut
816 1726 928 1775 quale
958 1726 1005 1761 sit
1025 1725 1116 1762 deus
1154 1737 1163 1762 :
1194 1733 1351 1763 auctore

291 1794 378 1824 utar
396 1787 612 1833 Simonide,
633 1787 680 1823 de
702 1798 779 1834 quo
801 1798 889 1821 cum
912 1786 1142 1833 quaesivisset
1154 1785 1229 1821 hoc
1248 1785 1351 1822 idem

291 1854 474 1896 tyrannus
495 1847 634 1891 Hiero,
655 1844 897 1881 deliberandi
922 1844 996 1880 sibi
1019 1858 1138 1880 unum
1162 1844 1261 1881 diem
1279 1858 1350 1894 po-

290 1907 446 1942 stulavit
478 1919 486 1942 ε
515 1919 601 1942 cum
632 1905 734 1940 idem
767 1916 814 1940 ex
844 1916 891 1940 eo
927 1904 1114 1952 postridie
1146 1913 1350 1952 quaereret,

290 1959 453 2002 biduum
473 1966 608 2016 petivit
630 1976 638 2002 :
656 1977 744 2001 cum
763 1964 898 2013 saepius
918 1964 1136 2012 duplicaret
1147 1978 1350 2002 numerum

292 2025 442 2063 dierum
474 2026 741 2074 admiransque
774 2024 892 2062 Hiero
926 2025 1163 2072 requireret,
1199 2039 1268 2062 cur
1299 2027 1351 2063 ita

291 2085 432 2122 faceret
450 2097 459 2123 τ
476 2086 589 2132 Quia,
607 2091 774 2134 quanto,
794 2084 920 2133 inquit
933 2113 943 2133 ,
966 2083 1109 2120 diutius
1125 2085 1348 2132 considero,

293 2151 400 2181 tanto
422 2145 516 2180 mihi
533 2157 592 2180 res
607 2144 762 2180 videtur
782 2143 997 2181 obscurior.
1019 2144 1094 2180 Sed
1115 2144 1350 2180 Simonidem

290 2204 460 2240 arbitror
494 2204 594 2253 (non
618 2205 719 2240 enim
751 2210 867 2252 poeta
896 2204 1020 2240 solum
1048 2204 1194 2249 suavis,
1217 2209 1348 2240 verum

290 2264 404 2300 etiam
423 2264 630 2312 caeteroqui
647 2263 785 2299 doctus
800 2263 1025 2313 sapiensque
1052 2261 1240 2313 traditur)
1261 2265 1350 2313 quia

290 2323 409 2360 multa
425 2324 602 2359 venirent
620 2323 659 2358 in
689 2329 858 2359 mentem
883 2330 999 2360 acuta
1018 2331 1135 2372 atque
1168 2322 1323 2359 subtilia
1337 2352 1348 2372 ,

292 2381 550 2426 dubitantem,
586 2381 681 2430 quid
710 2394 846 2418 eorum
875 2389 973 2419 esset
998 2382 1256 2428 verissimum,
1278 2382 1346 2419 de-

296 2453 465 2489 sperasse
498 2453 649 2476 omnem
673 2441 888 2478 veritatem.
917 2456 935 2473 ι
964 2441 1215 2490 Epicharmus
1235 2443 1351 2492 igitur

290 2500 432 2548 ingenii
453 2499 669 2536 ostentandi
688 2501 979 2549 opportunitate
998 2514 1087 2537 usus
1099 2501 1199 2538 hanc
1219 2514 1349 2538 rerum

291 2559 572 2595 universitatem
605 2558 768 2595 deorum
796 2561 954 2596 numine
973 2561 1128 2610 plenam
1156 2561 1350 2609 rebusque

291 2630 375 2666 quae
403 2618 471 2654 sub
506 2618 638 2654 oculos
672 2618 815 2660 cadunt
849 2626 964 2668 atque
997 2621 1176 2657 omnibus
1205 2622 1351 2658 naturis

291 2677 534 2714 divinitatem
565 2685 603 2713 et
631 2679 880 2715 aeternitatem
898 2680 1032 2716 ‘inesse
1054 2680 1164 2719 dixit.
1196 2682 1240 2716 In
1270 2694 1348 2730 quo

289 2736 465 2772 miranda
482 2743 537 2772 est
553 2744 677 2784 poetae
692 2738 902 2774 constantia
915 2767 925 2784 ,
945 2738 1052 2787 quod
1065 2740 1222 2776 numina
1242 2741 1349 2788 quasi

289 2794 475 2844 imagines
502 2793 689 2844 quasdam
708 2808 785 2832 esse
811 2798 972 2843 censuit,
1000 2799 1140 2846 quibus
1166 2806 1349 2846 tanquam

289 2856 553 2905 integumento
574 2862 797 2891 cunctarum
817 2867 947 2892 rerum
968 2857 1147 2894 divinitas
1163 2857 1349 2908 significa·

290 2923 410 2954 retur.
436 2915 523 2953 Huc
538 2914 783 2951 referendum
802 2916 1003 2953 Menandri
1017 2917 1113 2954 illud
1129 2919 1234 2967 apud
1254 2920 1349 2956 Mei-

290 2975 445 3014 nekium
463 2989 505 3025 p.
529 2974 601 3026 196
622 2986 632 3014 :

347 3073 395 3115 Ὁ
415 3073 478 3126 μὲν
499 3072 725 3126 Ἐπίχαρμος
740 3073 817 3118 τοὺς
837 3073 933 3118 θεοὺς
955 3068 1045 3113 εἶναι
1066 3074 1161 3128 λέγει

347 3132 517 3186 ἀνέμους,
540 3133 646 3187 ὕδωρ,
667 3137 751 3186 γῆν,
766 3133 889 3184 ἥλιον,
905 3138 990 3188 πῦρ,
1017 3134 1183 3188 ἀστέρας.

290 3236 419 3284 Atque
447 3235 695 3271 aeternitatem
727 3234 885 3283 quidem
914 3234 1075 3271 deorum
1103 3235 1148 3271 iis
1180 3236 1349 3273 versibus

292 3294 407 3332 docet
419 3294 668 3343 Epicharmus
682 3306 779 3342 quos
798 3306 844 3330 ex
861 3294 1009 3331 Alcimo
1029 3294 1219 3343 Diogenes
1231 3297 1348 3331 Laer-

293 3354 456 3403 tius-111,
484 3366 530 3389 10
550 3353 726 3390 servavit.
748 3353 837 3391 Vid.
859 3365 932 3392 VSS.
953 3358 1141 3402 177·19l..
1161 3353 1247 3401 Quo
1261 3355 1348 3390 loco

292 3414 405 3451 simul
420 3420 646 3463 perpetuam
663 3425 794 3449 rerum
812 3414 982 3449 omnium
998 3413 1251 3449 mutationem
1267 3412 1348 3449 ssu-

291 3473 384 3509 mini
407 3473 568 3509 similem
590 3473 734 3521 tangit,
764 3484 879 3520 quam
900 3484 921 3508 a
938 3470 1068 3509 Siculo
1089 3480 1205 3521 poeta
1226 3472 1347 3508 tradi·

1178 206 1243 245 DE
1272 205 1590 245 EPlCHARMO.

1413 305 1488 334 tam
1509 297 1665 345 respicit
1678 297 1788 333 Plato
1809 297 1950 335 Theaet.
1968 309 2009 346 p.
2039 296 2128 345 152,
2143 296 2190 336 E.
2209 296 2335 334 Porro
2354 298 2476 336 Deum

1414 362 1692 405 praepotentem
1733 368 1812 393 esse
1855 369 2021 405 eumque
2052 356 2358 394 animadvertere
2381 358 2476 407 quid

1413 416 1576 464 quisque
1604 414 1807 451 hominum
1839 423 1927 465 agat
1957 427 2002 452 ac
2025 417 2186 465 sentiat,
2205 416 2278 452 illis
2306 417 2476 454 versibus

1413 474 1527 510 docet
1559 474 1627 522 qui
1655 481 1745 510 sunt
1775 475 1880 524 apud
1909 473 2144 512 Clementem
2173 476 2476 513 Alexandrinum

1413 531 1556 571 Strom.
1591 535 1620 569 V
1650 546 1692 582 p.
1726 533 1815 580 708.
1843 534 1926 571 vid.
1957 547 2027 571 vss.
2055 534 2251 584 297-298.
2287 536 2476 573 Praeterea
2534 578 2540 583 ,

1414 605 1567 628 omnem
1601 605 1682 628 non
1702 600 1847 629 tantum
1879 594 2102 643 cogitandi,
2140 594 2206 631 sed
2242 595 2355 631 etiam
2387 607 2476 632 sen-

1414 651 1531 687 tiendi
1554 652 1631 687 vim
1665 652 1706 687 in
1738 652 1822 687 solo
1856 653 1983 688 animo
2003 654 2167 702 positam
2189 665 2267 690 esse
2295 667 2303 689 :
2334 666 2476 703 corpus

1413 714 1538 761 ipsum
1559 711 1717 760 ejusque
1734 723 1864 747 sensus
1895 713 1989 748 nihil
2004 713 2144 748 sentire
2173 713 2382 749 arbitratus
2408 720 2475 750 est.

1415 770 1592 809 Ostendit
1609 771 1685 807 hoc
1707 770 1856 806 dictum
1877 769 1959 818 e-jus
1981 769 2056 814 νόος
2077 772 2140 822 ὁρῇ
2156 769 2217 808 καὶ
2238 768 2313 814 νόος
2331 769 2474 818 ἀκούει,

1412 823 1526 868 τᾶλλα
1555 827 1657 882 κωφὰ
1678 828 1740 868 καὶ
1758 828 1874 881 τυφλὰ
1894 842 1916 867 a
1936 830 2143 867 Plutarcho
2162 831 2315 869 Morall.
2334 844 2374 881 p.
2407 831 2474 881 98,

1411 891 1457 935 B,
1478 890 1679 927 laudatum
1712 897 1750 926 et
1780 890 1828 926 ab
1851 890 1936 926 aliis
1970 897 2144 927 veterum
2174 891 2474 939 frequentatum.

1413 949 1534 997 Hujus
1568 950 1673 986 effati
1693 962 1843 986 memor
1870 949 2005 986 Cicero
2038 950 2149 988 Tusc.
2181 950 2212 996 Ι,
2234 961 2283 986 20
2311 950 2443 987 scribit
2465 963 2474 987 :

1413 1026 1427 1040 α
1451 1010 1504 1046 Ut
1524 1009 1632 1045 facile
1652 1009 1815 1058 intelligi
1843 1009 1984 1058 possit,
2006 1009 2176 1045 animum
2207 1016 2246 1046 et
2264 1008 2416 1047 videre'
2438 1017 2477 1047 et

1413 1068 1565 1116 audire,
1600 1081 1681 1104 non
1701 1081 1762 1105 eas
1783 1076 1933 1117 partes,
1964 1081 2048 1118 quae
2070 1069 2178 1117 quasi
2203 1068 2374 1105 fenestrae
2391 1076 2478 1105 sunt

1412 1129 1544 1166 animi.
1583 1145 1600 1162 »
1634 1129 1808 1178 Exagitat
1855 1128 1961 1165 illam
1994 1128 2222 1178 opinionem
2277 1129 2479 1166 Lucretius

1411 1188 1484 1237 111,
1504 1187 1553 1224 36
1577 1198 1586 1225 :
1616 1188 1620 1192 ’

1496 1277 1612 1311 Dicere
1634 1287 1733 1320 porro
1750 1277 1863 1311 oculos
1882 1278 2005 1311 nullam
2022 1286 2092 1311 rem
2108 1286 2241 1310 cernere
2258 1285 2372 1318 posse,

1495 1325 1552 1358 sed
1569 1334 1625 1366 per
1637 1335 1694 1359 eos
1710 1326 1855 1358 animum
1874 1328 1914 1359 ut
1931 1326 2056 1358 roribus
2070 1327 2217 1367 spectare
2237 1324 2394 1364 reolum,

1495 1372 1641 1415 desipere
1657 1373 1716 1410 est,

1413 1435 1495 1486 Hoc
1517 1451 1645 1500 posito
1666 1463 1904 1500 consequens
1924 1458 2025 1498 erat,
2047 1458 2091 1488 ut
2110 1452 2256 1488 animus
2273 1450 2324 1488 ad
2342 1451 2476 1487 viven-

1413 1508 1502 1545 dum
1535 1510 1632 1547 adeo
1665 1523 1747 1547 non
1780 1523 1948 1560 corpore
1988 1518 2134 1560 egeret,
2163 1518 2208 1547 ut
2243 1517 2334 1560 post
2376 1511 2478 1546 illius

1411 1577 1580 1606 mortem
1605 1571 1645 1606 in
1665 1572 1844 1608 aetherem
1865 1572 1989 1607 abiret
2009 1571 2144 1620 ibique
2168 1571 2328 1620 vigeret.
2350 1570 2478 1608 Verba

1410 1636 1534 1677 poetae
1570 1630 1711 1678 quibus
1741 1631 1826 1666 talis
1856 1631 2043 1670 sententia
2078 1631 2303 1667 continetur
2329 1636 2479 1667 exstant

1413 1689 1519 1740 apud
1539 1690 1788 1726 Plutarchum
1802 1691 1841 1725 in
1861 1688 2137 1727 Consolatione
2158 1689 2209 1726 ad
2223 1690 2475 1739 Apollonium

1412 1762 1452 1798 p.
1472 1762 1559 1796 110,
1583 1751 1615 1786 A
1638 1748 1736 1802 (vss.
1765 1748 1969 1799 263-264)
1992 1760 2002 1786 ε

1467 1836 1664 1890 Συνεκρίθη
1683 1835 1744 1874 καὶ
1762 1834 1917 1889 διεκρίθη
1932 1837 2124 1883 κάπ’ἧνθεν,
2134 1834 2210 1874 ὅθεν
2225 1829 2338 1884 ἧνθεν,
2352 1836 2474 1886 πάλιν,

1465 1902 1513 1948 γᾶ
1534 1895 1597 1947 μὲν
1620 1897 1667 1941 εἷς
1691 1902 1779 1947 γᾶν,
1803 1894 1931 1947 πνεῦμ’
1957 1894 2044 1934 ἄνω.
2069 1895 2116 1935 Τί
2149 1896 2260 1935 τῶνδε
2290 1895 2474 1948 χαλεπῶς

2307 1953 2408 2007 [οὐδὲ
2422 1954 2474 1995 ἕν.

1411 2047 1649 2096 AdjicIamus
1678 2047 1803 2084 simile
1839 2046 2026 2096 placitum
2048 2059 2128 2095 quo
2161 2047 2381 2084 animorum
2406 2047 2475 2084 im-

1411 2108 1683 2144 mortalitatem
1708 2119 1795 2142 cum
1814 2105 2064 2155 providentia
2085 2105 2217 2143 divina
2247 2106 2470 2156 conjungit,

1413 2182 1495 2217 quae
1517 2169 1631 2205 bonis
1649 2168 1828 2218 praemia,
1844 2166 1952 2204 malis
1973 2178 2109 2215 poeuas
2127 2173 2217 2216 post
2239 2166 2339 2203 hanc
2355 2166 2475 2202 vitam

1412 2236 1566 2266 statuat.
1585 2229 1649 2265 Ait
1671 2228 1772 2264 enim
1786 2227 1892 2276 apud
1910 2225 2148 2263 Clementem
2167 2225 2472 2262 Alexandrinum

1412 2289 1553 2325 Strom.
1574 2288 1624 2326 IV
1640 2299 1726 2336 pag.
1748 2286 1825 2330 640
1840 2284 1987 2323 Potter.
2011 2283 2102 2336 (vss.
2124 2284 2200 2334 295
2219 2283 2323 2334 296)
2351 2297 2361 2320 z

1466 2385 1627 2432 Εὔσεὸὴς
1640 2384 1708 2437 νόῳ
1727 2382 1891 2437 πεφυκὼς
1905 2385 1943 2422 οὗ
1967 2381 2092 2427 πάθοις
2111 2383 2144 2422 κ’
2167 2380 2264 2421 οὐδὲν
2285 2380 2393 2420 κακὸν

1464 2445 1666 2484 κατθανών·
1687 2444 1760 2482 ἄνω
1780 2444 1819 2482 τὸ
1839 2446 1979 2494 πνεῦμα
1999 2443 2160 2493 διαμενεῖ
2178 2443 2258 2480 κατ’
2279 2439 2444 2495 οὐρανόν.

1411 2549 1457 2584 In
1472 2547 1587 2584 Ulixe
1604 2544 1794 2593 naufrago
1822 2543 1930 2578 illum
1946 2543 2104 2578 heroem
2126 2553 2214 2578 cum
2231 2534 2387 2577 Eumaeo
2409 2552 2474 2576 su-

1411 2606 1532 2644 bulco
1571 2606 1618 2642 de
1650 2612 1777 2641 mente
1811 2616 1883 2653 per
1916 2615 2070 2639 omnem
2098 2594 2230 2638 rerum
2259 2607 2473 2638 creatarum

1410 2667 1548 2703 seriem
1578 2664 1660 2700 fusa
1683 2663 1932 2700 disserentem
1958 2661 2125 2699 induxit.
2156 2661 2217 2698 Sic
2238 2657 2341 2698 enlm
2367 2659 2472 2708 apud

1410 2727 1623 2775 Diogenem
1643 2724 1840 2761 Laertium
1860 2724 1931 2769 ΙΙΙ,
1959 2722 2004 2759 16
2030 2722 2084 2758 ait
2101 2719 2197 2773 (vss.
2235 2717 2440 2771 206-212)
2461 2732 2472 2755 2

1466 2816 1622 2869 Εὔμαιε,
1644 2816 1683 2855 τὸ
1708 2815 1813 2869 σοφόν
1835 2817 1929 2854 ἐστιν
1951 2816 1988 2852 οὐ
2009 2814 2088 2852 καθ’
2103 2813 2141 2852 ἓν
2158 2812 2286 2865 μόνον,

1465 2878 1544 2916 ἀλλ’
1564 2877 1655 2916 ὅσσα
1676 2891 1743 2927 περ
1757 2877 1799 2926 ζῇ
1813 2905 1823 2922 ,
1840 2874 1957 2912 πάντα
1978 2873 2038 2911 καὶ
2059 2871 2204 2925 γνώμαν
2223 2873 2319 2925 ἔχει,
2338 2873 2416 2911 κτλ.

1410 2968 1455 3006 In
1479 2965 1654 3003 eamdem
1671 2975 1874 3014 personam
1892 2962 2127 2999 conveniunt
2142 2960 2259 2997 verba
2276 2960 2324 2997 de
2339 2961 2474 2997 simili·

1411 3026 1546 3063 tudine
1566 3031 1604 3061 et
1618 3024 1845 3070 cognatione
1862 3034 1938 3070 qua
1955 3029 2135 3069 tanquam
2151 3019 2368 3056 firmissimo
2387 3020 2474 3055 vin-

1411 3087 1499 3124 culo
1518 3092 1655 3122 natura
1674 3084 1883 3120 animantes
1913 3082 2013 3117 inter
2034 3093 2072 3117 se
2105 3080 2341 3130 colligaverit
2371 3076 2470 3132 (vss.

1412 3143 1652 3195 213-217):

1464 3233 1684 3285 Θαυμαστὸν
1705 3231 1802 3270 οὐδὲν
1822 3229 1891 3281 ἁμὲ
1915 3232 2014 3268 ταῦθ’
2031 3228 2121 3268 οὕτω
2142 3228 2253 3281 λέγειν

1464 3294 1524 3333 καὶ
1546 3291 1706 3331 ἁνδάνειν
1726 3291 1881 3328 αὐτοῖσιν
1896 3288 2018 3332 αὐτοὺς
2034 3287 2094 3326 καὶ
2114 3288 2227 3325 δοκεῖν

1465 3354 1582 3396 καλῶς
1598 3350 1784 3404 πεφύκειν.
1812 3347 1883 3388 Καὶ
1900 3349 1968 3401 γὰρ
1988 3348 2010 3386 ἁ
2028 3347 2121 3386 κύων
2141 3346 2218 3385 κυνὶ

1464 3412 1653 3449 κάλλιστον
1673 3402 1769 3459 εἶμεν
1790 3408 1951 3461 φαίνεται
1970 3407 2030 3445 καὶ
2054 3409 2135 3459 βοῦς
2148 3403 2224 3458 βοΐ,

1466 3470 1540 3515 ὄνος
1561 3470 1590 3509 δ’
1609 3469 1678 3522 ὄνῳ
1698 3467 1886 3507 κάλλιστόν
1907 3468 2048 3520 [ἐστιν]
2087 3460 2125 3510 ῧς
2148 3466 2176 3504 δ’
2197 3463 2242 3504 Oi.
