2612 3814
1084 331 1088 339 ι
1129 332 1137 339 ae
1194 326 1227 340 on

561 521 848 629 ΤΩΝ
924 525 1298 629 ΕΠΤΑ
1374 522 1861 631 ΣΟΦΩΝ

437 735 1081 815 ΓΝΩΜΑΙΚΑΙ
1160 750 1976 819 ΑΠΟΦΘΕΓΜΑΤΑ.

959 935 1085 942 .-.-...--

675 1110 1077 1233 SEPTEM
1143 1117 1742 1206 SAPIENTUM

464 1325 962 1387 SENTENTIAE
1022 1325 1121 1384 ET
1183 1325 1941 1388 APOPHTHEGMATA.

159 1673 287 1720 Quum
309 1672 379 1711 diu
397 1672 589 1723 viguisset
605 1672 708 1724 apud
725 1672 884 1712 Graecos
900 1673 1066 1725 Orphei,
1087 1673 1170 1711 Mu-

36 1731 41 1735 *
103 1733 171 1773 saei
191 1733 515 1784 reliquorumque
536 1732 758 1784 priscorum
780 1741 911 1771 vatum
937 1733 1168 1785 disciplina,

103 1793 172 1845 qui
196 1791 439 1831 carminibus
457 1792 539 1831 suis
565 1792 746 1831 homines
766 1792 924 1832 erudire
941 1793 1170 1831 multarum-

107 1866 184 1904 que
210 1865 340 1891 rerum
362 1851 526 1890 scientia
553 1852 722 1903 repletos
749 1851 797 1890 ad
825 1853 1010 1891 virtutem
1035 1866 1172 1891 accen·-

53 1927 57 1931 ⁴
102 1911 195 1950 dere
225 1910 468 1951 conabantur
494 1925 502 1949 :
537 1911 685 1962 posteri
706 1911 935 1962 diligentius
967 1912 1168 1964 paullatim

101 1970 237 2010 divina
254 1978 292 2008 et
309 1970 482 2008 coelestia
501 1970 759 2022 contemplari
782 1979 987 2022 coeperunt
1003 1984 1047 2009 ac
1070 1979 1170 2010 totos

100 2043 143 2068 se
161 2030 210 2068 ad
229 2029 478 2069 scrutandam
513 2038 662 2068 naturae
693 2029 973 2069 obscuritatem
996 2031 1169 2069 contule-

100 2099 203 2129 runt.

155 2150 303 2189 Horum
325 2150 477 2202 primus
499 2150 573 2189 fuit
598 2150 740 2191 Thales
761 2150 938 2190 Milesius
956 2151 1023 2204 (ι),
1038 2151 1166 2203 philo·

100 2209 250 2263 sophiae
283 2223 415 2260 graecae
447 2210 630 2249 conditor
665 2219 703 2249 et
736 2219 898 2263 propter
933 2211 1167 2263 sapientiam

101 2282 219 2321 quam
250 2269 510 2322 profitebatur
544 2269 741 2323 Sapientis
785 2272 945 2310 nomine
983 2272 1166 2323 insignis.

99 2329 220 2369 Natus
235 2338 289 2368 est
306 2338 416 2382 patre
433 2330 618 2383 Examio,
641 2339 765 2370 matre
782 2331 1014 2370 cleobulina
1033 2331 1170 2383 Olym-

100 2388 230 2440 piadis
240 2388 377 2427 XXXV
389 2402 493 2428 anno
509 2389 656 2441 primo,
672 2398 715 2429 ut
726 2404 775 2429 ex
790 2391 1022 2442 Apollodori
1044 2391 1168 2430 Chro-

102 2448 203 2486 nicis
217 2448 412 2498 Diogenes
422 2448 601 2488 Laertius
611 2450 661 2501 (2)
673 2449 744 2490 lib.
765 2450 797 2499 l,
810 2452 858 2499 37
871 2451 991 2489 tradit
1010 2451 1170 2503 vitaque

101 2507 206 2546 ultra
224 2508 520 2558 nonagesimum
554 2522 700 2548 annum
722 2509 912 2562 producta
935 2510 1171 2563 Olympiade

103 2566 227 2606 Lvm
241 2567 344 2606 diem
359 2578 474 2607 suum
490 2567 606 2607 obiit.
623 2567 757 2620 Neque
777 2583 872 2608 vero
887 2570 994 2609 solus
1015 2571 1170 2622 sapiens

104 2635 266 2665 vocatus
282 2635 354 2674 est,
376 2627 444 2666 sed
460 2627 594 2666 eadem
617 2637 706 2667 aetas
723 2638 870 2681 septem
890 2629 993 2668 vidit
1016 2630 1170 2681 sapien-

146 2797 192 2839 (1)
215 2799 261 2830 De
279 2806 395 2838 genere
410 2798 480 2839 ejus
495 2797 674 2831 Herodotus
696 2797 753 2832 lib.
773 2799 800 2838 Ι,
828 2800 885 2830 170
901 2806 908 2826 :
927 2797 1040 2831 Θάλεω
1057 2798 1164 2840 ἀνδρὸς

103 2844 261 2884 Μιλησίου
278 2845 399 2886 ἐγένετο
409 2869 419 2886 ,
434 2846 471 2879 τὸ
484 2845 633 2878 ἀνέκαθεν
648 2846 735 2887 γένος
753 2845 856 2883 ἐόντος
871 2846 1030 2883 Φοίνικος.
1054 2846 1170 2887 Dioge-

105 2900 162 2925 nos
181 2891 329 2925 Laertius
349 2892 405 2926 lib.
429 2894 458 2933 1,
482 2897 521 2926 22
539 2906 548 2926 ι
569 2893 634 2926 Ἦν
657 2893 760 2926 τοίνυν
780 2894 796 2926 ὀ
815 2894 931 2933 Θαλῆς,
953 2895 994 2931 ὡς
1012 2893 1066 2935 μὲν
1080 2893 1171 2936 Ἡρό-

105 2940 205 2980 δοτος,
232 2942 342 2982 Δοῦρις
360 2941 414 2973 καὶ
442 2941 638 2984 Δημόκριτός
655 2953 761 2983 φασιν,
785 2942 901 2984 πατρὸς
930 2942 984 2982 μὲν
1003 2941 1171 2984 Ἐξαμίου,

106 2987 219 3028 μητρὸς
233 2987 266 3020 δὲ
282 2988 525 3028 Κλεοὸουλίνης,
544 2989 580 3022 ἐκ
594 2993 657 3021 τῶν
683 2989 840 3029 Θηλιδῶν,
870 2988 900 3021 οἵ
921 2989 982 3021 εἰσι
1007 2989 1170 3027 Φοίνικες,

105 3034 318 3076 εὐγενέστατοι
331 3038 395 3068 τ’ῶν
413 3037 476 3070 ἀπὸ
495 3038 625 3079 Κάδμου
642 3038 696 3070 καὶ
713 3037 874 3080 Ἀγήνορος
885 3061 894 3077 ,
911 3037 995 3069 καθὰ
1009 3037 1062 3068 καὶ
1088 3037 1170 3068 Πλά-

62 3104 63 3107 =
106 3095 168 3117 των
187 3083 274 3127 φησί.
297 3085 358 3117 Καὶ
376 3088 499 3127 πρῶτος
521 3086 616 3127 σοφὸς
638 3084 827 3127 ὠνομάσθη,
851 3083 1001 3126 ἄρχοντος
1017 3082 1168 3122 Ἀθήνησι

106 3131 292 3173 Δαμασίου·
315 3131 387 3165 καθ’
412 3132 447 3165 ὃν
471 3133 525 3165 καὶ
542 3135 571 3166 οἱ
598 3133 678 3165 ἑπτὰ
699 3133 790 3174 σοφοὶ
822 3131 1011 3171 ἐκλήθησαν,
1037 3132 1079 3167 ὥς
1096 3142 1170 3172 φησι

106 3178 282 3221 Δημήτριος
298 3180 315 3212 ὀ
330 3180 491 3223 Φαληρεὺς
508 3181 540 3214 ἐν
553 3185 591 3223 τῇ
605 3184 668 3213 τῶν
684 3180 846 3222 ἀρχόντων
869 3180 1044 3221 ἀναγραφῇ·
1065 3178 1171 3211 ἐπολι-

106 3226 284 3267 τογραφήθη
309 3227 342 3259 δὲ
370 3228 402 3260 ἐν
430 3229 574 3271 Μιλήτῳ,
600 3228 652 3261 ὅτε
679 3228 754 3269 ἦλθε
779 3228 837 3260 σὺν
857 3227 975 3268 Νειλέῳ
1006 3226 1172 3259 ἐκπεσόντι

107 3273 270 3312 Φοινίκης·
294 3275 336 3312 ὡς
350 3274 377 3307 δ’
402 3276 432 3308 οί
447 3275 572 3314 πλείους
588 3275 695 3318 φασίν,
723 3275 866 3316 ἰθαγενὴς
881 3275 1034 3313 Μιλήσιος
1063 3273 1102 3314 ἦν
1119 3275 1172 3306 καὶ

107 3321 213 3363 γένους
229 3321 385 3363 λαμπροῦ.

151 3368 196 3410 (2)
214 3368 371 3409 Diogenes
388 3369 535 3403 Laertius
558 3370 618 3404 lib.
639 3372 667 3412 Ι,
700 3374 738 3406 37
761 3381 770 3404 :
797 3371 885 3410 Φησὶ
903 3370 929 3403 δ’
943 3368 1173 3411 ’Ἀπολλόδωρος

110 3416 142 3449 ἐν
161 3419 225 3453 τοῖς
241 3419 397 3458 χρονικοῖς
413 3419 598 3459 γεγενῆσθαι
618 3418 712 3451 αὐτὸν
731 3418 815 3451 κατὰ
830 3419 866 3451 τὸ
898 3421 1023 3460 πρῶτον
1036 3417 1104 3454 ἔτος
1117 3420 1173 3456 τῆς

108 3467 294 3506 τριακοστῆς
316 3465 459 3506 πέμπτης
478 3465 681 3508 ὀλυμπιάδος.
704 3465 908 3504 Ἐτελεύτησε
939 3465 965 3497 δ’
986 3464 1066 3497 ἐτῶν
1085 3463 1173 3496 3660-

111 3512 252 3554 μήκοντα
266 3512 370 3554 ὀκτώ,
384 3513 405 3553 ἢ
428 3514 470 3551 ὡς
495 3508 699 3557 Σωσικράτης
720 3513 826 3555 φησίν,
852 3513 1053 3552 ἐνενήκοντα·
1067 3512 1169 3545 τελευ·

110 3563 204 3598 τῆσαι
224 3559 285 3602 γὰρ
306 3560 357 3593 ἐπὶ
376 3564 431 3599 τῆς
446 3566 659 3601 πεντηκοστῆς
676 3562 788 3603 ὀγδόης
802 3560 1004 3603 ὀλυμπιάδος.

1236 1683 1291 1713 tes
1313 1674 1528 1721 Thaletem,
1541 1673 1739 1724 Solonem,
1758 1675 2036 1726 Periandrum,
2053 1676 2299 1726 cleobulum,

1234 1732 1456 1781 Chilonem,
1487 1734 1686 1782 Biantem‚
1711 1734 1914 1784 Pittacum3
1942 1735 2088 1787 quibus
2117 1737 2302 1784 nonnulli

1235 1793 1541 1832 Anacharsidem
1557 1793 1754 1846 Scytham,
1768 1794 1973 1846 Mysonem
1984 1795 2196 1846 Cheneum,
2210 1797 2304 1837 Phe-

1233 1852 1402 1904 recyden
1423 1852 1581 1904 Syrium
1598 1883 1608 1901 ,
1638 1853 1909 1906 Epimenidem
1937 1854 2178 1903 Cretensem,
2211 1857 2302 1908 qui-

1233 1911 1322 1949 dam
1333 1912 1449 1950 etiam
1460 1912 1708 1951 Pisistratum
1724 1913 1916 1965 adjiciunt
1927 1914 1996 1967 (3).
2012 1913 2086 1952 Sed
2098 1914 2146 1953 de
2153 1915 2302 1954 caeterIS

1233 1980 1369 2022 postea
1385 1971 1688 2023 disputabimus,
1704 1986 1809 2011 nunc
1830 1973 1878 2011 de
1893 1973 2054 2011 Thalete
2072 1986 2245 2023 agamus.
2263 1973 2302 2012 Is

1233 2041 1439 2083 antequam
1461 2032 1509 2070 ad
1533 2032 1723 2072 doctrinae
1745 2033 1875 2072 studia
1895 2032 2162 2084 incumberet,
2184 2033 2226 2072 in
2246 2047 2304 2072 re-

1233 2091 1393 2144 publica
1417 2101 1594 2131 versatus
1625 2101 1683 2131 est
1703 2093 1772 2145 (4).
1798 2094 1883 2132 Huc
1912 2093 2117 2132 referenda
2145 2103 2238 2133 sunt
2257 2108 2302 2133 ea

1233 2167 1319 2205 quae
1335 2153 1383 2191 de
1401 2152 1637 2204 quibusdam
1659 2153 1746 2205 ejus
1763 2154 1944 2192 consiliis
1962 2153 2106 2205 partim
2125 2153 2297 2202 civibus,

1233 2214 1376 2265 partim
1397 2212 1578 2260 Ionibus,
1602 2214 1746 2265 partim
1764 2214 1901 2253 Croeso
1926 2214 2027 2252 datis
2047 2222 2208 2253 narrant
2226 2214 2301 2252 He-

1233 2273 1395 2312 rodotus
1424 2273 1499 2313 lib.
1521 2274 1556 2322 I,
1590 2273 1639 2322 75
1660 2282 1699 2312 et
1733 2288 1805 2323 170
1827 2283 1865 2313 et
1896 2275 2092 2325 Diogenes
2124 2274 2302 2314 Laertius

1232 2333 1307 2373 lib.
1334 2333 1349 2370 l
1366 2361 1377 2380 ‚
1416 2332 1465 2371 25
1482 2333 1554 2385 (5).
1593 2333 1807 2372 Postmodo
1840 2334 2059 2372 litterarum
2092 2333 2300 2373 dulcedine

1233 2401 1369 2444 captus
1387 2392 1596 2444 AEgyptum
1615 2393 1805 2447 petiitffi),
1828 2393 1898 2432 ubi
1918 2393 1988 2432 diu
2011 2407 2098 2432 cum
2121 2394 2301 2433 sacerdo-

1234 2451 1338 2490 tibus
1379 2459 1634 2490 conversatus
1668 2452 1932 2504 philosophiae
1970 2466 2130 2505 operam
2180 2453 2300 2494 dedit.

1235 2511 1331 2549 Inde
1361 2510 1442 2563 jam
1471 2519 1580 2549 aetate
1612 2521 1823 2564 provectus
1852 2513 1899 2551 ad
1933 2513 2108 2552 Milesios
2137 2513 2262 2552 redux
2281 2527 2303 2553 e

1234 2572 1384 2610 nullius
1417 2572 1594 2622 magistri
1637 2572 1771 2611 schola
1806 2573 2026 2625 prodiisse,
2069 2573 2136 2612 sed
2169 2573 2303 2612 omnia

1235 2640 1374 2684 suopte
1387 2631 1548 2681 ingenio
1571 2633 1819 2684 perspexisse
1839 2633 1948 2671 visus
1960 2641 2029 2672 est.
2045 2633 2123 2679 Qui
2143 2633 2177 2671 si
2197 2633 2302 2684 Apu-

1277 2800 1320 2840 (3)
1340 2800 1496 2841 Diogenes
1510 2800 1654 2833 Laertius
1668 2800 1723 2834 lib.
1739 2803 1765 2842 I,
1790 2803 1825 2834 13
1841 2813 1849 2833 :
1868 2802 1962 2842 Σοφοὶ
1978 2801 2010 2833 δὲ
2028 2800 2205 2843 ἐνομίζοντο
2222 2800 2297 2832 οἵδε.

1233 2848 1349 2887 Θαλῆς,
1368 2848 1486 2889 Σόλων,
1508 2848 1707 2891 Περίανδρος,
1728 2848 1939 2889 Κλεόὸουλος,
1960 2848 2094 2887 Χείλων,
2112 2848 2199 2887 Βίας,
2224 2850 2302 2880 Πιτ-

1232 2895 1338 2932 τακός.
1360 2895 1489 2933 Τούτοις
1509 2897 1774 2938 προσαριθμοῦσιν
1794 2895 1978 2939 Ἀνάχαρσιν
1998 2896 2051 2928 τὸν
2072 2896 2207 2934 Σκύθην,
2231 2895 2300 2928 Μύ-

1232 2955 1321 2975 σωνα
1345 2943 1398 2976 τὸν
1422 2943 1546 2982 Χηνέα,
1571 2943 1751 2986 Φερεκύδην
1785 2945 1840 2978 τὸν
1881 2944 2004 2987 Σύριον,
2030 2943 2229 2986 Ἐπιμενίδην
2248 2943 2300 2979 τὸν

1233 2991 1351 3031 Κρῆτα·
1370 2991 1444 3024 ἔνιοι
1458 2991 1511 3024 καὶ
1524 2992 1754 3035 Πεισίστρατον
1767 2993 1820 3026 τὸν
1833 2992 1995 3036 τύραννον.

1276 3067 1321 3109 (4)
1350 3069 1505 3109 Diogenes
1530 3069 1681 3102 Laertius
1709 3069 1764 3103 lib.
1789 3071 1815 3111 1,
1838 3072 1878 3103 23
1897 3079 1905 3102 :
1923 3069 2013 3103 Μετὰ
2031 3070 2064 3103 δὲ
2086 3068 2127 3102 τὰ
2154 3069 2301 3102 πολιτικὰ

1231 3120 1284 3156 τῆς
1307 3120 1438 3159 φυσικῆς
1454 3117 1578 3158 ἐγεύετο
1591 3117 1731 3161 θεωρίας.

1276 3192 1322 3235 (5)
1348 3193 1503 3235 Diogenes
1532 3194 1680 3228 Laertius
1701 3194 1757 3227 lib.
1789 3196 1816 3235 1,
1836 3199 1875 3228 25
1903 3207 1911 3228 z
1941 3196 2038 3228 Δοκεῖ
2052 3195 2086 3228 δὲ
2106 3194 2161 3227 καὶ
2187 3195 2220 3227 ἐν
2235 3197 2301 3231 τοῖς

1231 3243 1403 3279 πολιτικοῖς
1416 3242 1528 3284 ἄριστα
1543 3243 1780 3285 βεῧουλεῦσθαι.
1802 3242 1942 3286 Κροίσου
1956 3242 2016 3285 γὰρ
2031 3243 2213 3285 πέμψαντος
2225 3242 2301 3283 πρὸς

1232 3290 1405 3329 Μιλησίους
1425 3291 1475 3323 ἐπὶ
1492 3291 1673 3334 συμμαχίᾳ,
1691 3291 1868 3324 ἐκώλυσεν·
1886 3291 1975 3333 ὅπερ,
1996 3291 2102 3333 Κύρου
2125 3290 2300 3332 κρατῆσαν·

1232 3350 1296 3380 τος,
1320 3339 1423 3372 ἔσωσε
1436 3340 1492 3378 τήν
1509 3339 1611 3373 πόλιν.

1278 3416 1323 3458 (6)
1345 3416 1503 3457 Diogenes
1518 3417 1666 3450 Laertius
1679 3416 1735 3449 lib.
1752 3417 1780 3457 I,
1799 3417 1838 3448 27
1857 3428 1863 3450 ε
1882 3414 1991 3452 Οὐδείς
2004 3426 2038 3447 τε
2052 3414 2148 3446 αὐτοῦ
2163 3412 2299 3454 καθηγή-

1233 3474 1312 3496 σατο
1322 3487 1332 3504 ,
1350 3464 1432 3503 πλὴν
1445 3463 1492 3496 ὅτ’
1507 3464 1550 3501 εἰς
1564 3463 1722 3505 Αἴγυπτον
1742 3464 1838 3496 ἐλθὼν
1857 3465 1921 3500 τοῖς
1938 3464 2054 3505 ἱερεῦσι
2076 3460 2299 3502 συνδιέτριψεν.

1234 3511 1395 3544 Plutarch.
1418 3511 1459 3544 de
1475 3511 1602 3544 Placitis
1617 3511 1694 3552 phil.
1711 3511 1767 3543 lib.
1792 3513 1817 3549 1,
1835 3515 1851 3543 3
1872 3519 1881 3542 2
1903 3509 2127 3551 Φιλοσοφήσας
2141 3507 2168 3540 δ’
2185 3507 2218 3540 ἐν
2244 3507 2299 3540 Αἱ·

1232 3558 1342 3601 γύπτῳ
1359 3558 1449 3597 ἦλθεν
1466 3559 1507 3596 εἰς
1525 3559 1663 3597 Μίλητον
1684 3558 1901 3601 πρεσὸὑτερος.

1170 3624 1246 3659 203
