2612 3814
245 245 315 298 viij
1171 239 1492 281 PROOEMHJM.

245 348 399 388 φραστον
416 331 544 378 οὕτως·
564 332 758 377 Πλάτωνος
775 329 1041 385 Ἀριστοτέλης,
1060 323 1097 369 οὗ
1118 327 1293 382 Θεόφρα-

245 407 337 435 στος.
358 391 429 432 Καὶ
446 395 469 440 ἡ
491 391 554 443 μὲν
570 390 711 440 Ἰωνικὴ
726 393 848 430 τοῦτον
862 389 1057 441 καταλήγει
1072 388 1129 428 τὸν
1150 388 1292 441 τρόπον,

244 454 268 498 ἡ
309 451 345 490 δὲ
369 450 531 498 Ἰταλικὴ
569 450 683 490 οὕτω·
722 450 944 503 Φερεκύδους
980 447 1211 500 Πυθαγόρας,
1253 440 1293 486 οῦ

244 508 471 562 Τηλαυγὴς-ὁ
492 509 587 559 υἱός,
607 504 647 548 οὐ
667 508 893 562 Ξενοφάνης,
913 502 953 547 οὗ
980 507 1227 560 Παρμενίδης,
1253 499 1293 544 οὐ

246 568 370 616 Ζήνων
387 571 407 609 ὁ
427 569 623 618 Ἐλεάτης,
642 562 682 608 οἷ
701 568 902 611 Λεύκιππος
913 597 923 615 ,
943 560 983 605 οὗ
997 565 1217 618 Δημόκριτος
1228 595 1238 613 ,
1254 558 1294 602 οἷ

245 628 370 668 πολλοὶ
393 629 479 681 μέν,
501 628 556 668 ἐπ’
575 627 744 679 ὀνόματος
765 627 801 666 δὲ
818 625 1050 679 Ναυσιφάνης
1070 624 1131 664 καὶ
1148 623 1293 665 Ναυκύ-

246 689 327 736 δης,
346 681 394 727 ὧν
416 687 639 740 Ἐπίκουρος.
655 687 846 726 Similiter
862 686 1042 724 Clemens
1064 684 1295 726 Alexandri-

245 760 320 786 nus
336 749 477 787 Strom.
496 746 514 785 I
534 761 575 799 p.
600 748 675 785 300
694 746 725 785 C
745 760 754 784 ε
778 743 995 796 Φιλοσοφίας
1010 750 1103 795 τρεῖς
1130 743 1296 795 γεγόνασι

247 804 409 859 διαδοχαί
419 836 430 855 ,
449 805 628 857 ἐπώνυμοι
654 806 725 844 τῶν
742 804 860 843 τόπων
874 833 886 854 ,
905 803 986 854 περὶ
1014 802 1072 846 οὒς
1091 802 1273 855 διέτριψαν
1286 817 1295 826 ·

246 865 406 913 Ἰταλικὴ
438 864 502 915 μὲν
531 867 555 912 ἡ
588 864 657 903 ἀπὸ
687 862 915 915 Πυθαγόρου,
950 861 1090 910 Ἰωνικὴ
1121 861 1158 900 δὲ
1181 864 1205 908 ἡ
1226 860 1297 899 ἀπὸ

247 925 395 974 Θαλοῦ,
425 921 617 969 Ἐλεατικὴ
646 921 681 960 δὲ
710 925 733 968 ἡ
767 919 836 959 ἀπὸ
857 919 1078 972 Ξενοφάνους
1109 919 1190 959 κτλ.
1219 918 1296 957 Sed

246 983 330 1022 haec
351 983 475 1022 multo
507 981 746 1021 accuratiore
774 979 1022 1032 expositione
1041 986 1155 1029 egent
1181 991 1297 1030 quam

247 1043 414 1094 singulis
434 1042 532 1080 locis
549 1041 689 1080 afferre
705 1039 992 1079 constituimus.
1014 1038 1158 1079 Confer
1175 1038 1298 1076 Zum-

247 1103 321 1155 ptii
355 1101 667 1140 dissertationem
698 1100 747 1138 de
783 1099 1114 1152 philosophorum
1152 1097 1299 1136 scholis

251 1161 354 1214 apud
374 1160 631 1199 Athenienses
653 1158 943 1212 praesidumque
961 1157 1296 1205 successionibus,

249 1223 435 1260 insertam
482 1218 887 1258 commentationibus
938 1217 1055 1255 Acad.
1090 1216 1222 1256 Berol.
1262 1230 1297 1255 a.

254 1281 352 1325 1842
369 1309 380 1327 ,
402 1279 445 1318 B.
471 1279 590 1326 1844,
610 1292 652 1330 p.
674 1291 846 1328 27-119.

304 1339 432 1386 Quum
454 1351 550 1377 vero
582 1338 685 1376 inter
706 1350 774 1376 eos
802 1335 1002 1388 sapientiae
1023 1334 1202 1373 doctores
1231 1334 1300 1386 qui

251 1399 363 1437 firma
382 1397 572 1436 haberent
591 1397 745 1436 decreta
764 1405 878 1447 atque
898 1396 988 1434 illos
1008 1395 1077 1446 qui
1095 1407 1203 1434 suam
1224 1395 1301 1446 ipsi

252 1457 480 1496 sententiam
515 1465 686 1506 tegentes
705 1468 839 1494 errore
861 1455 961 1493 alios
991 1454 1167 1493 levarent
1193 1462 1231 1492 et
1260 1454 1301 1491 in

255 1516 365 1554 omni
395 1516 661 1567 disputatione
693 1514 790 1566 quid
816 1513 902 1552 veri
932 1514 1176 1553 simillimum
1203 1522 1303 1551 esset

252 1582 496 1625 quaererent,
508 1574 722 1625 plurimum
740 1574 927 1612 interesse
941 1581 1091 1624 pateat:
1109 1573 1303 1622 Diogenes

251 1632 325 1673 lib.
344 1632 383 1680 l,
404 1634 450 1670 16
471 1633 549 1671 duo
566 1632 893 1684 philosophorum
911 1644 1053 1682 genera
1067 1631 1191 1683 ponit.
1206 1630 1304 1669 Sunt

252 1700 376 1730 autem
399 1691 482 1730 haec
510 1691 596 1742 ejus
616 1690 739 1730 verba
761 1705 771 1729 ι
793 1692 876 1731 Τῶν
896 1690 932 1729 δὲ
961 1691 1158 1744 φιλοσόφων
1179 1691 1211 1729 οἱ
1239 1689 1302 1741 μὲν

254 1749 422 1803 γεγόνασι
449 1751 690 1803 Δογματικοί,
712 1752 743 1789 οἱ
777 1750 814 1790 δὲ
836 1750 1061 1803 Ἐφεκτικοί·
1082 1749 1303 1802 Δογματικοὶ

254 1810 318 1861 μέν
334 1840 346 1859 ,
365 1811 439 1849 ὅσοι
458 1810 540 1863 περὶ
559 1811 629 1848 τῶν
650 1809 870 1863 πραγμάτων
893 1810 1146 1864 ἀποφαίνονται
1166 1812 1212 1854 ὡς
1228 1824 1303 1847 κα-

254 1871 447 1917 ταληπτῶν
458 1900 470 1920 ,
494 1869 696 1922 Ἐφεκτικοὶ
716 1869 775 1918 δέ,
807 1869 881 1909 ὅσοι
902 1869 1069 1922 ἐπέχουσι
1088 1869 1168 1921 περὶ
1190 1870 1304 1908 αὐτῶν

256 1930 303 1973 ὥς
327 1929 603 1975 ἀκαταλήπτων.
632 1929 758 1967 Paulo
779 1929 892 1968 aliter
920 1928 1059 1967 Sextus
1083 1928 1305 1980 Empiricus

255 1987 397 2038 Pyrrh.
432 1987 576 2039 Hypot.
607 1987 641 2038 l,
665 2001 688 2025 2
717 2001 829 2039 seqq.
853 2001 862 2024 :
883 1988 932 2027 Οἱ
962 1986 1025 2038 μὲν
1052 1986 1236 2040 εὑρηκέναι
1266 1986 1305 2024 τὸ

257 2044 384 2093 ἀληθὲς
416 2045 574 2100 ἔφασαν,
600 2048 632 2085 οἱ
654 2046 691 2085 δὲ
714 2045 939 2099 ἀπεφήναντο
971 2045 1022 2097 μὴ
1051 2045 1197 2085 δυνατὸν
1218 2039 1306 2085 εἶναι

256 2107 358 2144 τοῦτο
376 2106 662 2158 καταληφθῆναι,
679 2108 711 2145 οἱ
731 2105 767 2144 δὲ
787 2105 839 2144 ἔτι
853 2107 1011 2152 ζητοῦσι.
1034 2105 1107 2145 Καὶ
1123 2105 1306 2158 εὑρηκέναι

256 2163 320 2215 μὲν
346 2164 507 2203 δοκοῦσιν
527 2166 559 2204 οἱ
595 2164 689 2209 ἰδίως
718 2163 928 2215 καλούμενοι
947 2165 1184 2216 Δογματικοί·
1204 2166 1250 2209 ὥς
1270 2165 1306 2203 δὲ

257 2223 339 2277 περὶ
359 2223 622 2271 ἀκαταλήπτων
649 2223 875 2277 ἀπεφήναντο
904 2224 936 2262 οἱ
956 2223 1038 2277 περὶ
1061 2223 1306 2275 Κλειτόμαχον

258 2282 319 2322 καὶ
339 2284 551 2335 Καρνεάδην
567 2282 629 2323 καὶ
650 2283 753 2323 ἄλλοι
771 2282 1046 2333 Ἀκαδημαῖκοί·
1061 2285 1204 2330 ζητοῦσι
1220 2283 1257 2320 δὲ
1277 2284 1308 2320 οἱ

258 2342 466 2383 Σκεπτικοί·
483 2343 559 2383 ὅθεν
579 2342 728 2396 εὐλόγως
748 2343 906 2381 δοκοῦσιν
926 2343 962 2380 αἱ
981 2342 1150 2381 ἀνωτάτω
1166 2343 1308 2395 φιλοσο-

258 2401 335 2455 φίαι
347 2403 438 2455 τρεῖς
457 2396 563 2454 εἶναι,
583 2403 807 2455 Δογματική,
822 2401 1086 2451 Ἀκαδημαϊκή,
1110 2401 1305 2447 Σκεπτική.

312 2460 442 2499 Restat
464 2469 508 2499 ut
544 2462 640 2513 quid
664 2470 812 2500 veteres
831 2461 880 2499 de
908 2462 1112 2513 sapientiae
1132 2461 1309 2513 partibus

259 2528 298 2558 et
318 2519 679 2572 philosophantium
699 2521 811 2559 sectis
826 2520 1020 2569 dixerint,
1036 2520 1210 2560 breviter
1226 2534 1311 2573 per·

259 2579 509 2628 stringamus.

314 2637 408 2676 Post
427 2638 624 2677 Socratem
644 2638 765 2677 variae
784 2639 940 2678 suerunt
960 2639 1164 2678 doctorum
1183 2639 1304 2677 homi·

265 2709 357 2735 num
379 2696 428 2735 de
448 2697 709 2749 philosophiae
728 2696 907 2750 partibus
930 2697 1143 2736 sententiae.
1163 2696 1309 2735 Eorum

265 2757 447 2810 plerique
462 2758 696 2810 tripartitam
717 2757 952 2808 optimarum
974 2769 1105 2795 rerum
1122 2757 1311 2807 cognitio·

264 2829 351 2855 nem
380 2829 465 2855 esse
497 2816 678 2855 arbitrati
697 2824 788 2854 sunt
810 2828 820 2855 :
849 2816 1056 2864 moralem,
1075 2816 1312 2864 naturalem,

264 2875 510 2913 rationalem.
534 2875 668 2913 Prima
688 2875 860 2913 animum
888 2875 1089 2927 componit
1109 2887 1313 2926 moresque

267 2934 400 2984 fingit,
424 2933 596 2972 secunda
615 2946 744 2973 rerum
765 2942 943 2972 naturam
972 2942 1181 2982 scrutatur,
1200 2935 1313 2973 tertia

265 3002 443 3032 accurate
459 2993 675 3032 disserendi
692 2993 795 3043 leges
808 3001 846 3031 et
863 2993 1214 3044 argumentationes
1234 3001 1313 3031 tra-

267 3052 347 3100 dit,
367 3065 416 3090 ne
443 3065 517 3103 pro
536 3052 642 3091 veris
667 3050 761 3091 falsa
785 3052 980 3091 dicantur.
1000 3051 1219 3103 Caeteroqui
1245 3065 1313 3090 re-

267 3112 370 3163 perti
397 3120 487 3150 sunt
508 3111 576 3163 qui
600 3119 667 3150 aut
682 3110 868 3163 pauciora
888 3119 954 3149 aut
973 3110 1089 3162 plura
1114 3104 1314 3162 sapientiae

312 3324 358 3364 (⁹)
386 3323 543 3364 Diogenes
564 3322 709 3355 Laertius
734 3322 792 3354 lib.
813 3323 841 3364 1,
875 3326 938 3354 18:
965 3321 1053 3363 Μέρη
1079 3321 1113 3353 δὲ
1137 3320 1318 3362 φιλοσοφίας

270 3372 359 3413 τρία,
377 3371 527 3410 φυσικόν,
552 3370 681 3410 ἠθικόν,
712 3369 918 3402 διαλεκτικὸν.
954 3368 1097 3401 Φυσικόν
1122 3370 1177 3409 μὲν
1197 3368 1233 3401 τὸ
1250 3369 1318 3409 περὶ

1355 326 1477 366 studii
1512 325 1639 378 capita
1665 333 1705 364 et
1731 325 1842 364 locos
1873 336 1958 363 esse
1983 324 2142 362 vellent.
2167 323 2254 370 Qua
2281 322 2330 361 de
2361 335 2406 362 re

1356 387 1478 424 multa
1505 385 1688 436 leguntur
1745 384 1849 437 apud
1881 383 2066 422 Senecam
2115 381 2238 434 Epist.
2275 382 2342 434 89,
2382 383 2406 420 8

1356 459 1464 497 seqq·
1485 445 1550 496 (9)-

1411 505 1467 542 De
1484 505 1596 542 sectis
1615 502 1699 541 haec
1725 502 1844 541 habet
1869 502 2096 555 Simplicius
2120 502 2163 540 in
2185 501 2408 542 Aristotelis

1357 563 1489 613 Categ.
1508 562 1614 615 praef.
1630 561 1652 599 5
1670 561 1738 602 fol.
1755 560 1789 601 I.
1809 564 1863 600 E:
1880 562 1929 601 Αἱ
1946 560 2008 613 μὲν
2022 555 2080 601 οὐν
2095 559 2188 600 κατὰ
2202 559 2408 616 φιλοσοφίαν

1358 621 1507 674 αἱρέσεις
1528 622 1693 673 ἑπταχῶς
1708 618 1938 671 ὀνομάζονται
1950 635 1959 644 ·
1975 618 1999 667 ἢ
2022 619 2092 658 ἀπὸ
2106 621 2167 658 τοῦ
2186 617 2410 670 συστησαμέ·

1357 696 1416 719 νου
1435 679 1499 728 τὴν
1521 679 1676 734 αἵρεσιν,
1698 682 1745 724 ὡς
1773 680 1806 718 οἱ
1826 679 2063 732 Πυθαγόρειοι
2082 678 2143 718 καὶ
2164 679 2409 719 Πλατωνικοί·

1358 739 1381 786 ἢ
1409 740 1480 779 ἀπὸ
1499 742 1562 786 τῆς
1582 743 1643 777 τοῦ
1664 737 1892 792 αἱρεσιάρχου
1911 737 2103 790 πατρίδος,
2124 739 2171 783 ὡς
2191 737 2410 791 Κυρηναϊκοὶ

1359 800 1391 837 οἱ
1411 798 1483 838 ἀπὸ
1510 797 1740 852 Ἀριστίππου
1759 796 1819 836 καὶ
1843 795 2041 849 Μεγαρικοὶ
2066 798 2099 836 οἱ
2130 795 2200 835 ἀπὸ
2220 795 2411 837 Εὐκλείδου

1360 857 1421 896 καὶ
1442 856 1642 897 Ἐλεατικοὶ
1663 857 1696 895 οἱ
1717 855 1788 896 ἀπὸ
1808 854 2031 908 Ξενοφάνους
2047 855 2108 895 καὶ
2123 855 2348 909 Παρμενίδου
2360 870 2371 880 ·
2387 854 2412 903 ἢ

1361 916 1432 956 ἀπὸ
1448 919 1509 956 τοῦ
1528 916 1635 956 τόπου
1654 917 1688 955 ἐν
1702 909 1732 970 ᾧ
1751 913 1923 968 διέτριὸον
1938 915 2222 968 φιλοσοφοῦντες,
2242 916 2290 960 ὥς
2307 914 2414 956 Ἀκα-

1362 974 1531 1026 δημαῖκοὶ
1550 974 1611 1014 καὶ
1632 973 1802 1014 Στωικοί·
1822 972 1845 1020 ἢ
1867 973 1938 1012 ἀπὸ
1952 971 2217 1025 συμὸεὸηκυίας
2229 972 2413 1027 ἐνεργείας,

1362 1036 1408 1079 ὡς
1428 1032 1728 1087 Περιπατητικοί·
1753 1032 1778 1081 ἢ
1798 1032 1868 1072 ἀπὸ
1887 1035 1949 1080 τῆς
1970 1034 2005 1072 ἐν
2030 1033 2081 1085 τῷ
2102 1032 2305 1087 φιλοσοφεῖν
2331 1031 2412 1087 κρί-

1362 1107 1469 1141 σεως,
1489 1094 1537 1136 ὡς
1567 1091 1772 1146 Ἐφεκτικοὶ
1801 1093 1832 1130 οἱ
1864 1091 1938 1130 ἀπὸ
1971 1090 2181 1145 Πύῤῥωνος·
2207 1090 2232 1139 ἢ
2251 1090 2323 1130 ἀπὸ
2351 1094 2415 1131 τοῦ

1362 1152 1482 1196 τέλους
1500 1150 1519 1191 δ
1533 1151 1751 1204 προτίθενται
1767 1154 1830 1199 τῆς
1849 1152 1983 1190 ἑαυτῶν
1998 1150 2202 1204 φιλοσοφίας
2213 1180 2223 1199 ,
2240 1152 2288 1195 ὣς
2307 1149 2414 1192 Ἡδο-

1362 1211 1451 1250 νικοὶ
1469 1212 1501 1251 οἱ
1523 1209 1763 1263 Ἐπικούρειοι
1775 1209 1822 1258 ’ἢ
1849 1209 1920 1250 ἀπὸ
1939 1213 2001 1250 τοῦ
2018 1210 2130 1255 εἴδους
2145 1212 2207 1256 τῆς
2233 1211 2346 1259 ζωῆς,
2367 1211 2415 1256 ὥς

1363 1275 1394 1310 οἱ
1418 1271 1576 1311 Κυνικοί.
1597 1271 1793 1322 Diogenes
1814 1269 1887 1310 lib.
1907 1269 1950 1318 1,
1976 1271 2086 1309 18·21
2113 1284 2122 1307 z
2145 1271 2217 1309 Τοῦ
2236 1267 2272 1308 δὲ
2292 1271 2416 1318 ἠθικοῦ

1366 1330 1538 1383 (μέρους)
1552 1329 1735 1381 γεγόνασιν
1753 1328 1904 1382 αἱρέσεις
1921 1328 2007 1367 δέκα
2020 1357 2031 1376 ,
2056 1327 2328 1380 Ἀκαδημαϊκή,
2346 1330 2419 1369 Κυ-

1366 1389 1537 1443 ρηναϊκή,
1554 1388 1731 1436 Ἠλειακή
1744 1419 1756 1438 ,
1778 1387 1994 1442 Μεγαρική,
2024 1386 2184 1436 Κυνική,
2207 1387 2418 1440 Ἐρετρική,

1366 1449 1606 1498 Διαλεκτική,
1624 1447 1926 1502 Περιπατητική,
1964 1447 2129 1496 Στωική,
2159 1445 2416 1500 Ἐπικούρειος.

1365 1509 1629 1560 Ἀκαδημαϊκῆς
1650 1508 1714 1560 μὲν
1734 1502 1793 1548 οὐν
1814 1511 1878 1556 τῆς
1898 1508 2047 1562 ἀρχαίας
2065 1507 2219 1562 προέστη
2246 1506 2416 1561 Πλάτων,

1365 1572 1427 1617 τῆς
1451 1569 1562 1621 μέσης
1580 1565 1821 1621 Ἀρκεσίλαος,
1841 1570 1903 1616 τῆς
1916 1567 1994 1612 νέας
2014 1567 2179 1615 Λακύδης
2195 1597 2206 1619 ,
2226 1568 2413 1620 Κυρηναῖ-

1367 1631 1431 1675 κῆς
1462 1627 1687 1681 Ἀρίστιππος
1709 1630 1727 1666 δ
1759 1628 1979 1678 Κυρηναῖος,
2000 1626 2193 1675 Ἠλειακῆς
2222 1626 2417 1667 Φαίδων·ὁ

1367 1688 1532 1737 Ἠλεῖος,
1566 1687 1773 1738 Μεγαρικῆς
1799 1684 1996 1734 Εὐκλείδης
2026 1684 2232 1738 Μεγαρεύς,
2262 1685 2420 1732 Κυνικῆς

1367 1744 1587 1792 Ἀντισθένης
1606 1746 1624 1783 ὁ
1638 1744 1816 1792 Ἀθηναῖος
1828 1775 1839 1793 ,
1854 1744 2062 1798 Ἐρετρικῆς
2087 1744 2296 1796 Μενέδημος
2317 1743 2420 1797 Ἐρε-

1367 1805 1502 1858 τριεύς,
1524 1805 1760 1851 Διαλεκτικῆς
1782 1803 2027 1857 Κλειτόμαχος
2054 1802 2324 1857 Καρχηδόνιος,
2345 1805 2421 1844 Πε-

1369 1867 1601 1918 ριπατητικῆς
1621 1863 1865 1917 Ἀριστοτέλης
1881 1862 2134 1916 Σταγειρίτης,
2157 1864 2321 1911 Στωικῆς
2339 1861 2419 1912 Ζή-

1367 1940 1436 1962 νων
1453 1922 1630 1967 Κιττιεύς.
1650 1922 1696 1962 ‘ss
1718 1922 1755 1961 δὲ
1773 1920 2017 1974 Ἐπικούρειος
2038 1922 2102 1960 ἀπ’
2124 1922 2232 1962 αὐτοῦ
2251 1921 2421 1971 κέκληται

1369 1983 1595 2036 Ἐπικούρου.
1625 1981 1832 2026 Ἱππόὸοτος
1851 1982 1882 2020 δ’
1903 1982 1939 2020 ἐν
1968 1983 2018 2034 τῷ
2038 1980 2120 2031 περὶ
2140 1980 2306 2035 αἱρέσεων
2321 1981 2420 2021 ἐννέα

1370 2047 1475 2096 φησὶν
1495 2042 1646 2096 αἱρέσεις
1664 2041 1724 2080 καὶ
1744 2040 1883 2094 ἀγωγὰς
1899 2033 1988 2079 εἶναι
2004 2055 2013 2065 ·
2030 2039 2173 2094 πρώτην
2195 2040 2420 2095 Μεγαρικήν,

1370 2101 1534 2156 δευτέραν
1556 2100 1784 2155 Ἐρετρικήν,
1816 2099 1937 2153 τρίτην
1971 2099 2223 2153 Κυρηναϊκήν,
2251 2100 2422 2155 τετάρτην

1372 2160 1633 2214 Ἐπικούρειον,
1669 2160 1837 2212 πέμπτην
1872 2159 2120 2214 Ἀννικέρειον,
2147 2159 2252 2207 ἕκτην
2278 2159 2423 2201 Θεοδώ-

1373 2238 1483 2274 ρειον,
1508 2220 1663 2271 ἓὸδόμην
1685 2219 1904 2268 Ζηνώνειον,
1924 2218 1989 2268 τὴν
2009 2219 2070 2258 καὶ
2091 2218 2275 2267 Στωικήν·
2295 2219 2422 2271 ὀγδόην

1373 2279 1640 2331 Ἀκαδημαϊκὴν
1663 2280 1727 2327 τὴν
1747 2279 1920 2332 ἀρχαίαν,
1947 2279 2092 2327 ἐννάτην
2113 2279 2421 2332 Περιπατητικήν·

1371 2341 1450 2380 οὔτε
1470 2339 1505 2379 δὲ
1531 2338 1707 2387 Κυνικήν,
1723 2337 1800 2377 οὔτε
1823 2337 2038 2386 Ἠλειακήν,
2059 2337 2138 2377 οὔτε
2167 2336 2420 2390 Διαλεκτικήν.

1371 2400 1448 2447 Τὴν
1467 2398 1530 2450 μὲν
1551 2398 1620 2451 γὰρ
1641 2396 1864 2452 Πυρῤώνειον
1880 2397 1948 2436 οὐδ’
1968 2398 2000 2436 οἱ
2028 2396 2168 2441 πλείους
2193 2399 2424 2450 προσποιοῦν-

1372 2477 1429 2500 ται
1451 2459 1508 2499 διὰ
1524 2458 1586 2507 τὴν
1605 2459 1792 2512 ἀσάφειαν.
1853 2455 1970 2498 Ἔνιοι
1989 2457 2024 2497 δὲ
2044 2457 2138 2496 κατά
2153 2473 2187 2496 τι
2205 2456 2269 2508 μὲν
2291 2455 2424 2510 αἵρεσιν

1373 2515 1582 2574 εἶναίφασιν
1605 2518 1733 2567 αὐτήν,
1749 2518 1842 2558 κατά
1857 2533 1891 2557 τι
1908 2517 1944 2557 δὲ
1964 2515 2016 2557 οὔ.
2034 2519 2141 2557 Δοκεῖ
2157 2516 2220 2568 μὲν
2238 2515 2306 2570 γὰρ
2329 2514 2424 2570 αἵρε-

1375 2597 1426 2626 σις
1451 2573 1554 2619 εἶναι.
1575 2577 1718 2632 Αἵρεσιν
1749 2577 1784 2617 δὲ
1820 2577 1995 2630 λέγομεν,
2017 2575 2125 2631 φασί,
2143 2575 2206 2624 τὴν
2236 2575 2331 2629 λόγῳ
2355 2574 2425 2616 τινὶ

1375 2639 1467 2679 κατὰ
1485 2638 1525 2677 τὸ
1555 2636 1765 2692 φαινόμενον
1791 2637 2072 2684 ἀκολουθοῦσαν,
2094 2635 2117 2683 ἢ
2147 2636 2317 2675 δοκοῦσαν
2343 2636 2426 2675 ἀκο-

1364 2692 1527 2737 λουθεῖν·
1550 2698 1629 2735 καθ’
1649 2694 1668 2734 ὃ
1684 2695 1834 2748 εὐλόγως
1854 2694 1897 2734 ἂν
1913 2694 2047 2748 αἵρεσιν
2066 2693 2128 2743 τὴν
2146 2692 2338 2742 σκεπτικὴν
2358 2708 2424 2733 κα-

1376 2759 1510 2808 λοῖμεν.
1536 2757 1582 2796 Εἰ
1602 2755 1638 2794 δὲ
1653 2754 1787 2808 αἵρεσιν
1804 2760 1941 2806 νοοῖμεν
1957 2744 2163 2807 πρόσκλισιν
2179 2754 2213 2792 ἐν
2231 2752 2423 2805 δόγμασιν,

1380 2815 1588 2855 ἀκολουθίαν
1608 2813 1774 2867 ἔχουσιν,
1803 2812 1919 2853 οὐκέτ’
1949 2814 1990 2853 ἂν
2017 2811 2309 2866 προσαγορεύοιτο
2332 2809 2425 2865 αἵρε-

1376 2890 1446 2920 σις·
1464 2875 1502 2914 οὐ
1522 2872 1592 2927 γὰρ
1611 2871 1686 2926 ἔχει
1699 2871 1860 2924 δόγματα
1867 2901 1975 2913 .......
1991 2870 2075 2911 Ἔτι
2092 2870 2127 2910 δὲ
2141 2871 2208 2924 πρὸ
2235 2868 2353 2923 ὀλίγου
2365 2870 2425 2910 καὶ

1376 2931 1559 2978 ἐκλεκτική
1588 2947 1639 2976 τις
1673 2930 1806 2984 αἵρεσις
1835 2931 1984 2984 εἰσήχθη
2011 2929 2079 2970 ὑπὸ
2113 2930 2331 2980 Ποτάμωνος
2360 2932 2426 2970 τοῦ

1377 2989 1644 3042 Ἀλεξανδρέως,
1678 2988 1908 3040 ἐκλεξαμένου
1935 2989 1979 3028 τὰ
2009 2988 2182 3042 ἀρέσαντα
2214 2987 2248 3034 ἐξ
2276 2987 2426 3037 ἑκάστης

1377 3053 1444 3090 τῶν
1468 3048 1651 3102 αἱρέσεων.
1673 3047 1863 3086 Caeterum
1880 3048 2101 3087 eclecticam
2121 3045 2425 3099 philosophandi

1379 3109 1570 3147 rationem
1598 3105 1783 3158 plerique
1818 3115 1907 3158 post
1939 3105 2030 3145 Chr.
2072 3119 2112 3144 n.
2141 3105 2230 3143 inde
2257 3117 2280 3143 a
2309 3103 2426 3144 tertio

1376 3321 1501 3353 σδεῦον.
1513 3320 1577 3353 Καὶ
1592 3320 1684 3361 μέχρι
1695 3318 1750 3361 μὲν
1764 3317 1931 3360 Ἀρχελάου
1949 3317 1985 3350 τὸ
1998 3317 2128 3357 φυσικὸν
2142 3316 2222 3353 εἶδος
2237 3316 2276 3356 ἦν
2286 3341 2295 3357 ,
2315 3315 2380 3349 ἀπὸ
2391 3315 2425 3349 δὲ

1377 3368 1559 3410 Σωκράτους
1576 3368 1612 3400 τὸ
1630 3366 1738 3406 ἠθικόν
1750 3390 1759 3406 ,
1783 3365 1846 3398 ἀπὸ
1862 3365 1895 3398 δὲ
1916 3366 2057 3403 Ζήνωνος
2071 3367 2126 3396 τοῦ
2141 3363 2286 3396 Ἐλεάτου
2304 3363 2341 3396 τὸ
2356 3363 2425 3395 δια-

272 3420 395 3462 κόσμου
413 3419 467 3452 καὶ
488 3422 551 3451 τῶν
568 3419 600 3450 ὲν
622 3418 726 3459 αὐτῷ.
759 3417 867 3456 ἠθικὸν
895 3416 931 3449 δὲ
951 3416 988 3449 τὸ
1015 3416 1084 3457 περὶ
1101 3415 1172 3457 βίου
1188 3416 1241 3447 καὶ
1256 3419 1318 3447 τῶν
1376 3415 1534 3448 λεκτικόν.
1557 3415 1608 3448 cf.
1638 3415 1728 3448 Sext.
1759 3413 1879 3455 Empir.
1928 3412 2042 3454 Pyrrh.
2066 3414 2149 3453 Hyp.
2183 3413 2236 3451 ΙΙ,
2259 3412 2319 3452 13;
2347 3409 2424 3443 adv.

272 3468 346 3509 πρὸς
376 3469 458 3509 ἡμᾶς
500 3466 695 3499 διαλεκτικὸν
715 3465 747 3498 δὲ
763 3465 800 3498 τὸ
826 3465 1008 3507 ἀμφοτέρων
1029 3463 1100 3501 τοὺς
1119 3462 1230 3505 λόγους
1244 3473 1319 3505 πρε-

1377 3463 1477 3496 Μοιιι.
1499 3463 1572 3503 vu,
1594 3466 1641 3494 ιε.

2610 2706 2612 2712 .
2599 2046 2612 2685 duwe-amam*-
2608 1979 2612 2026 .-Α
2608 1858 2612 1965 .-.Δ-.--

2607 1825 2612 1841 —
2606 1798 2612 1811 »-
2605 1477 2612 1788 -.....-“..-..-Λ....ει......
2606 1366 2612 1468 Αεψῃ,
2608 1326 2612 1358 -.„.
2606 1284 2612 1316 m..
2606 1190 2612 1275 ..fi-..-
2607 1128 2612 1146 .-
2608 1067 2612 1114 ..-.
2608 1030 2612 1058 a„
2610 1003 2612 1005 .
2609 939 2612 963 .-.
2609 889 2612 904 ..
