2612 3814
15 3599 50 3697 2513&ss
21 3563 41 3592 τω,
23 3539 42 3557 »ς

978 237 1276 286 ΒΕΜοιιΒιΤῙ
1306 246 1647 286 FRAGMEMA.

222 346 270 372 la.
303 331 391 384 Περὶ
415 331 450 370 δὲ
466 334 527 370 τοῦ
541 336 676 384 φρονεῖν
698 331 755 370 ἐπὶ
776 335 940 371 τοσοῦτον
961 333 1098 386 εἴρηκεν
1112 365 1122 381 ,
1147 332 1199 372 ὅτι
1216 333 1272 387 γί-

300 406 415 439 νεται,
439 390 649 443 συμμέτρως
677 390 828 443 ἐχούσης
855 394 918 439 τῆς
946 393 1062 445 ψυχῆς
1086 393 1176 444 μετὰ
1206 393 1270 441 τὴν

298 451 435 499 κίνησιν
447 466 456 474 ·
475 449 535 489 ἐὰν
555 450 591 488 δὲ
605 449 813 503 περίθερμός
830 467 881 495 τις
900 451 923 498 ἢ
941 451 1153 505 περίψυχρος
1170 451 1273 504 γένη-

295 525 377 558 ται,
399 507 652 559 μεταλλάττειν
670 508 767 562 φησί.
824 509 921 548 Διότι
936 508 1089 554 καὶτοὺς
1101 510 1272 555 παλαιοὺς

296 569 413 612 καλῶς
447 567 540 606 τοῦθ’
571 567 784 619 ὑπολαὸεῖν,
818 569 871 607 ὅτι
901 569 994 609 ἐστὶν
1037 571 1270 623 ἀλλοφρονεῖν.

294 626 410 666 ΙὨστε
430 626 591 679 ,φανερόν
605 657 616 677 ‚
635 626 689 665 ὅτι
710 630 754 681 τῇ
773 628 898 680 κράσει
916 634 977 668 τοῦ
997 629 1162 679 σώματος
1180 631 1274 667 ποιεῖ

294 685 333 724 τὸ
353 686 510 738 φρονεῖν·
531 684 653 738 ὅπερ”
640 701 724 730 ισως
744 688 840 741 αὐτῷ
863 687 924 726 καὶ
942 687 1035 727 κατὰ
1051 686 1153 739 λόγον
1179 687 1270 736 ε’στί,

295 746 398 794 σῶμα
412 749 568 784 ποιοῦντι
585 745 652 792 ’τὴν
670 745 804 799 ψυχήν.
1179 743 1210 785 ἃ

348 803 663 878 (Theophrastus
682 805 782 845 ibid.
804 806 894 857 58.)

191 877 195 882 ·
213 875 262 901 20.
295 862 404 902 Ἀλλὰ
413 865 516 915 περὶ
510 863 573 902 μὲν
593 863 725 903 τούτων
740 864 831 903 ἔοικε
846 865 1181 913 συνηκολουθηκέναι
1200 866 1271 909 τοῖς

272 928 276 936 “
293 925 448 961 ποιοῦσιν
462 922 552 967 ὅλως
565 923 604 961 τὸ
620 929 756 977 φρονεῖν
771 923 864 963 κατὰ
876 922 940 971 τὴν
957 924 1163 963 ἀλλοίωσιν·
1178 924 1270 975 ἥπερ

294 983 387 1022 ἐστιν
410 982 628 1036 ἀρχαιοτάτη
659 983 754 1028 δόξα
811 983 949 1027 Πάντες
972 981 1041 1035 γὰρ
1063 985 1094 1021 οἱ
1125 982 1269 1021 παλαιοι

293 1042 353 1081 καὶ
372 1045 402 1081 οἱ
422 1041 567 1090 ποιηταὶ
588 1041 648 1081 καὶ
668 1041 768 1096 σοφοι
789 1042 879 1081 κατὰ
896 1041 959 1089 τὴν
977 1042 1128 1081 διάθεσιν
1147 1042 1270 1080 ἀποδι-

295 1101 395 1141 δόασι
412 1101 451 1141 τὸ
470 1107 622 1156 φρονεῖν.

351 1161 675 1213 (Theophrastus
696 1160 795 1201 ibid.
815 1176 878 1210 72.
894 1162 907 1212 )

215 1234 263 1261 21.
297 1219 394 1274 Βαρυ
413 1220 477 1278 μὲν
501 1213 560 1258 οῦν
577 1219 637 1259 καὶ
654 1222 783 1273 κοῦφον
805 1222 856 1258 τῶ
880 1219 1018 1294 μεγέθει
1045 1219 1172 1272 διαιρεῖ
1196 1222 1269 1266 Δη-

291 1279 470 1332 μόκριτος.
490 1280 534 1318 Εἰ
551 1278 618 1332 γὰρ
644 1278 834 1331 διακριθείη
866 1280 934 1317 ἕν’
922 1279 1068 1318 ε’καστον
1099 1282 1170 1318 τῶν
1188 1278 1269 1329 ἀμί-

293 1353 386 1376 κτων
412 1338 464 1389 (εἷ
494 1336 555 1375 καὶ
583 1336 674 1375 κατὰ
702 1339 827 1390 σχῆμα
850 1336 1028 1391 διαφέρει)
1049 1336 1243 1387 σταθμοῦ
1228 1354 1269 1375 αν

295 1396 353 1435 ἐπὶ
385 1396 523 1449 μεγέθει
553 1394 618 1454 τὴν
637 1395 741 1449 φύσιν
766 1396 882 1449 ἔχειν·
910 1398 950 1436 οὗ
972 1396 1041 1448 μὴν
1064 1395 1141 1434 ἀλλ’
1163 1395 1197 1434 ἔν
1230 1412 1270 1448 γε

294 1461 367 1500 τοῖς
400 1470 535 1506 μικτοις
562 1444 770 1509 κουφότερον
799 1454 840 1494 ἂν
859 1448 949 1494 εἶναι
977 1456 1017 1494 τὸ
1053 1454 1158 1495 πλέον
1190 1456 1268 1508 ἔχον

293 1514 412 1562 κενόν,
437 1514 628 1567 βαρύτερον
648 1513 684 1552 δὲ
701 1515 740 1552 τὸ
756 1513 916 1556 ἔλαττον.

348 1575 359 1626 (
370 1574 663 1627 Theophrastus
683 1574 782 1615 ibid.
800 1576 866 1615 61.
882 1566 894 1626 >

214 1647 263 1674 22.
295 1633 359 1674 Ἔν
381 1633 480 1678 ἐνίοις
499 1634 562 1685 μὲν
583 1649 690 1677 ουτως
707 1632 866 1684 εἴρηκεν·
886 1634 921 1672 ἓν
946 1633 1064 1677 ἄλλοις
1086 1632 1122 1671 δὲ
1142 1636 1269 1686 κοῦφον

296 1687 383 1732 εἶναι’
402 1709 506 1747 φησιν
535 1693 655 1736 ἁπλῶς
680 1691 719 1730 τὸ
738 1691 881 1732 λεπτόν.
941 1690 1207 1744 Παραπλησίως
1235 1690 1271 1729 33

295 1767 356 1790 και
375 1751 456 1805 περὶ
476 1753 631 1804 σκληροῦ
655 1766 716 1789 και
739 1751 921 1802 μαλακοῦ·
943 1750 1094 1803 σκληρὸν
1115 1750 1177 1801 μὲν
1191 1748 1270 1823 γὰρ

296 1804 384 1850 εἶναι
412 1811 451 1851 τὸ
476 1810 626 1859 πυκνόν,
657 1810 817 1860 μαλακὸν
854 1809 890 1848 δὲ
922 1809 960 1848 τὸ
989 1810 1121 1861 μανόν,
1144 1825 1204 1847 και
1233 1810 1271 1848 τὸ

296 1872 430 1922 μᾶλλόν
465 1889 503 1912 τε
529 1889 589 1912 και
619 1876 724 1920 ἧττον
754 1888 814 1911 και
835 1871 989 1922 μάλιστα
1021 1871 1114 1911 κατὰ
1148 1871 1267 1923 λόγον.

294 1932 494 2005 Διαφέρειν
497 1934 536 1971 δ’
549 1932 600 1971 ἔτι
620 1933 684 1979 τὴν
703 1931 795 1971 θέσιν
814 1932 873 1970 καὶ
892 1931 955 1979 τὴν
969 1931 1184 1984 ἐναπόληψιν
1202 1933 1270 1969 τῶν

296 1995 418 2031 κενῶν
434 1995 494 2031 τοῦ
530 1993 685 2045 σκληροῦ
705 1991 765 2030 καὶ
786 1990 948 2042 μαλακοῦ
977 2006 1038 2030 και
1057 1994 1120 2030 τοῦ
1146 1989 1269 2042 βαρέος

294 2051 355 2090 καὶ
372 2051 515 2107 κούφου.
575 2051 638 2091 Διὸ
658 2052 891 2104 σκληρότερον
911 2067 954 2102 με
956 2066 974 2088 ν
996 2045 1084 2089 εἶναι
1105 2050 1269 2102 σίδηρον,

260 2186 308 2215 19.
330 2184 376 2214 De
399 2190 478 2214 sana
505 2183 612 2214 mente
638 2182 684 2213 ita
699 2181 854 2222 loquitur,
877 2189 990 2222 sapere
1011 2189 1091 2221 nos,
1110 2180 1136 2212 si
1165 2181 1272 2212 anima

215 2243 289 2283 post
309 2242 436 2274 motum
455 2241 684 2274 convenienter
696 2243 729 2273 et
747 2244 823 2282 apte
835 2250 868 2273 se
886 2240 1023 2281 babeat;
1037 2240 1063 2272 si
1077 2240 1151 2281 quis
1163 2242 1271 2272 autem

215 2300 392 2333 admodum
409 2300 533 2333 calidus
546 2299 719 2340 frigidusve
734 2299 809 2340 fiat,
827 2301 968 2331 mentem
983 2298 1163 2340 perturbari
1181 2298 1270 2330 dicit.

217 2361 324 2397 Quare
344 2359 463 2401 priscos
480 2359 632 2400 praeclare
650 2358 861 2399 intellexisse,
877 2358 961 2390 hanc
973 2366 1041 2390 esse
1060 2358 1176 2390 mentis
1195 2357 1272 2389 alie-

217 2419 391 2451 nationem.
435 2417 528 2450 Unde
552 2419 662 2459 patet,
677 2417 862 2450 Democrito
882 2426 993 2448 sanam
1005 2418 1144 2449 mentem
1158 2425 1272 2457 corpo·

218 2477 265 2509 ris
281 2476 438 2509 mixtione
456 2477 622 2517 constare,
639 2475 672 2507 id
685 2475 773 2516 quod
794 2475 951 2507 fortasse
944 2475 1042 2517 ipsius
1058 2475 1174 2506 rationi
1194 2483 1272 2507 con-

217 2536 324 2576 venit,
341 2535 398 2576 qni
414 2535 557 2567 animam
577 2543 693 2575 corpus
708 2543 777 2568 esse
790 2535 933 2567 censeat.

260 2594 443 2629 20.Sed1n
468 2594 518 2627 bis
534 2594 631 2627 rebus
646 2594 717 2627 illos
739 2593 868 2626 videtur
882 2594 1013 2626 secutus
1029 2602 1121 2632 esse,
1135 2592 1192 2634 qui
1226 2601 1272 2625 sa-

215 2665 292 2688 nam
305 2657 444 2688 mentem
458 2664 476 2687 e
489 2655 669 2686 mutatione
681 2654 819 2696 pendere
831 2653 957 2693 volunt,
967 2662 1042 2696 quae
1057 2652 1274 2685 vetustissima

217 2717 267 2747 est
282 2715 402 2756 opinio.
448 2716 570 2746 Omnes
589 2714 675 2747 enim
695 2713 790 2754 prisci
804 2715 836 2745 et
857 2715 959 2754 poetae
979 2713 1011 2745 et
1040 2711 1201 2753 sapientes
1217 2721 1274 2752 pro

217 2774 361 2816 corporis
376 2773 549 2806 affectione
565 2781 624 2806 nos
640 2781 754 2814 sapere
771 2772 963 2804 decernunt.

259 2836 311 2866 21.
327 2833 435 2865 Grave
456 2831 555 2872 igitur
577 2832 610 2864 et
640 2831 709 2863 leve
737 2830 957 2872 magnitudine
973 2829 1138 2871 distinguit
1159 2831 1273 2862 Demo-

215 2892 326 2925 critus.
372 2892 406 2924 Si
424 2891 510 2924 enim
525 2891 656 2931 (eorum
670 2899 744 2932 qnoe
760 2899 823 2922 non
840 2891 915 2922 sunt
930 2888 1055 2931 mixta)
1073 2887 1274 2929 unumquid-

215 2960 281 2993 que
296 2950 499 2984 discernatur
517 2950 664 2992 (etiamsi
681 2950 785 2982 forma
803 2950 964 2990 differat),
986 2947 1156 2990 gravitatis
1177 2951 1270 2980 nalu-

218 3020 288 3044 ram
310 3011 344 3043 in
372 3010 593 3052 magnitudine
612 3010 706 3043 sitam
731 3019 799 3043 esse
816 3010 827 3051 (
842 3009 975 3050 docet);
990 3008 1047 3041 sed
1071 3008 1154 3040 inter
1171 3007 1272 3039 mixta

214 3071 321 3104 levius
353 3080 441 3113 esse,
468 3071 556 3113 quod
594 3072 669 3113 plus
701 3071 794 3103 vacui
834 3070 970 3111 lrabeat,
999 3068 1128 3110 gravius
1144 3091 1154 3108 ,
1184 3067 1272 3109 quod

215 3129 334 3163 minus.

259 3193 311 3222 22.
327 3190 378 3222 Ita
393 3189 524 3231 quidem
550 3189 582 3222 in
603 3189 764 3222 nonnullis
788 3188 868 3222 locis
886 3187 984 3228 dixit;
1011 3186 1043 3219 in
1073 3185 1142 3218 aliis
1164 3186 1272 3218 tamen

215 3249 286 3281 leve
301 3257 373 3282 esse
391 3249 579 3291 simpliciter
597 3249 677 3282 dicit
701 3253 806 3282 tenue.
852 3248 975 3280 Pariter
992 3255 1123 3288 quoque
1137 3245 1177 3278 de
1189 3245 1271 3277 duro

214 3311 248 3340 et
265 3308 373 3349 molli;
387 3309 503 3350 qnippe
520 3309 639 3342 durum
655 3318 722 3341 esse
744 3308 903 3349 densum,
911 3307 1007 3340 molle
1026 3307 1137 3338 contra
1150 3313 1269 3344 rarum,

213 3369 247 3399 et
267 3366 366 3408 magis
378 3366 528 3400 minusve
543 3367 680 3408 (durum
693 3369 726 3400 et
739 3366 858 3408 molle)
876 3366 1008 3399 omnino
1023 3374 1081 3407 pro
1099 3366 1166 3397 rata
1180 3365 1270 3406 parte

213 3427 372 3463 (densum
391 3427 423 3459 et
454 3427 592 3468 rarum).
635 3427 772 3460 Differre
798 3435 894 3468 porro
920 3426 1019 3459 situm
1049 3426 1082 3457 et
1113 3423 1266 3464 injectum

215 3493 388 3518 vacuorum
406 3485 581 3527 spatiorum
593 3485 668 3519 duri
689 3489 720 3520 et
743 3486 869 3527 mollis,
894 3486 997 3527 gravis
1017 3485 1050 3517 et
1066 3483 1154 3516 levis.
1201 3484 1267 3515 Ita—

2313 255 2385 289 361

1417 333 1606 387 βαρύτερον
1622 332 1657 372 33
1679 333 1872 382 μόλυὸδον·
1888 334 1947 373 τὸν
1966 333 2029 384 μὲν
2049 334 2116 387 γὰρ
2138 335 2277 389 σίδηρον
2297 337 2389 374 ἀνω-

1416 394 1537 444 μάλως
1558 396 1782 445 συγκεῖσθαι,
1807 392 1867 431 καὶ
1896 393 1934 431 τὸ
1966 393 2063 431 κενὸν
2086 394 2179 446 ἔχειν
2202 396 2389 447 πολλαχῆ,

1414 453 1474 492 καὶ
1506 454 1596 492 κατὰ
1630 453 1768 505 μεγάλα
1802 456 2075 500 πεπυκνῶσθαι,
2108 453 2168 492 καὶ
2194 454 2286 492 κατὰ
2315 454 2389 492 ἔνια

1415 513 1537 556 ἁπλῶς
1555 512 1661 551 πλέον
1691 513 1783 565 ἔχειν
1810 512 1922 551 κενόν·
1947 512 2006 551 τὸν
2036 511 2074 550 δὲ
2097 512 2270 563 μόλυὸδον
2292 512 2390 551 ἔλατ-

1414 587 1471 610 τον
1500 570 1627 623 ἔχοντα
1653 572 1750 610 κενὸν
1783 572 1926 622 ὁμαλῶς
1954 574 2179 623 συγκεῖσθαι,
2201 571 2293 610 κατὰ
2320 577 2390 609 πᾶν

1414 631 1568 702 ὁμοίως
1562 630 1692 669 μανόν·
1723 630 1775 669 διὸ
1805 630 1996 684 βαρύτερον
2015 629 2108 681 μέν,
2139 631 2390 683 μαλακώτερον

1415 690 1445 726 3
1468 682 1557 727 εἶναι
1573 704 1633 727 του
1654 688 1814 741 σιδήρου.

1469 747 1692 799 (Theophr
1718 747 1815 786 ibid.
1837 748 1901 787 62.
1919 748 1930 799 )

1357 806 1507 860 5.Hep¹t
1525 806 1589 858 μὲν
1616 801 1675 845 ουν
1697 806 1820 860 βαρέος
1838 822 1899 845 και
1919 804 2048 859 κούφου
2077 822 2137 845 και
2160 806 2313 860 σκληροῦ
2332 821 2393 843 και

1417 868 1576 917 μαλακοῦ
1600 867 1634 904 ἐν
1657 866 1788 910 τούτοις
1803 865 1978 937 ἀφορίζει·
1999 867 2066 903 τῶν
2085 866 2116 904 δ’
2138 865 2255 904 ἄλλοιν
2273 866 2393 912 αισθη-

1412 927 1481 963 τῶν
1509 924 1643 968 οὐδενὸς
1675 918 1764 964 εἶναι
1796 925 1919 978 φύσιν,
1951 923 2044 964 ἀλλα
2066 924 2183 964 πάντα
2212 922 2307 970 πάθη
2331 938 2393 970 της

1414 984 1608 1032 αἰσθήσεως
1630 985 1900 1036 ἀλλοιουμένης,
1920 983 1956 1028 ἐξ
1980 978 2021 1031 ἧς
2038 983 2195 1035 γίνεσθαι
2216 982 2281 1029 τὴν
2307 997 2392 1035 φαν-

1414 1044 1555 1085 τασίαν.
1615 1045 1717 1085 Οὐδὲ·
1736 1043 1804 1097 γὰρ
1834 1047 1894 1083 τοῦ
1920 1046 2055 1098 ψυχροῦ
2086 1043 2146 1082 καὶ
2165 1045 2226 1082 τοῦ
2264 1044 2392 1093 θερμοῦ

1414 1103 1517 1155 φύσιν
1539 1104 1730 1156 ὑπάρχειν,
1749 1102 1842 1141 ἀλλὰ
1856 1119 1895 1141 το
1913 1106 2038 1156 σχῆμα
2054 1104 2272 1153 μεταπῒπτον
2290 1100 2388 1153 ἐργά·

1413 1164 1532 1206 ζεσθαι
1557 1163 1618 1201 καὶ
1647 1162 1709 1210 τὴν
1731 1161 1907 1214 ἡμετέραν
1931 1162 2138 1200 ἀλλοίωσιν·
2156 1160 2188 1208 ὅ,
2208 1176 2242 1198 τι
2261 1158 2329 1211 γὰρ
2350 1157 2392 1197 ἂν

1416 1221 1542 1274 ἄθρουν
1560 1215 1708 1275 ᾐ,τοῦτ’
1728 1220 1868 1272 ἐνισχύ-
1874 1236 1903 1258 ιν
1922 1220 2076 1280 ἐκαστῳ,
2093 1219 2132 1258 τὸ
2156 1219 2185 1258 δ’
2214 1220 2261 1262 εἷς
2279 1216 2390 1269 μικρὰ

1415 1279 1707 1354 διανενεμημένον
1722 1279 1931 1327 ἀναίσθητον
1948 1282 2051 1318 εἶναι.
2112 1280 2268 1328 Σημεῖον
2283 1276 2365 1328 33,‘
2347 1293 2393 1320 ως

1413 1342 1476 1379 οὒκ
1498 1339 1565 1379 εἶσὶ
1591 1338 1711 1394 φύσει,
1733 1338 1774 1377 τὸ
1795 1337 1844 1390 μὴ
1868 1336 1981 1376 ταύτὰ
2009 1354 2098 1377 πασι
2122 1337 2305 1390 φαίνεσθαι
2323 1341 2394 1380 τοῖς

1416 1398 1536 1446 ζώοις,
1557 1398 1635 1436 ἀλλ’
1657 1397 1675 1437 ὃ
1702 1401 1787 1448 ἡμῖν
1809 1397 1947 1450 γλυκύ,
1974 1399 2069 1437 τοῦτ’
2099 1397 2217 1440 ἄλλοις
2239 1394 2392 1468 πικρόν,

1413 1473 1474 1496 και
1502 1458 1630 1510 ἑτέροις
1648 1457 1726 1505 ὀξύ,
1745 1457 1805 1497 καὶ
1836 1457 1953 1500 ἄλλοις
1970 1455 2104 1510 δριμύ,
2124 1456 2195 1499 τοῖς
2215 1454 2251 1493 33
2277 1469 2392 1508 στρυ-

1415 1520 1519 1570 φνόν·
1540 1517 1601 1556 καὶ
1629 1517 1673 1555 τὰ
1699 1517 1792 1556 ἄλλα
1814 1516 1849 1556 33
1872 1514 2052 1559 ὡσαύτως.
2109 1513 2193 1555 Ἔτι
2213 1515 2244 1552 δ’
2270 1512 2394 1557 αὐτους

1415 1576 1651 1627 μεταὸοἱλλειν
1668 1576 1731 1624 τὴν
1748 1575 1862 1629 κρίσιν
1885 1574 1977 1614 κατὰ
1990 1574 2034 1613 τὰ
2048 1575 2144 1621 πάθη
2159 1589 2219 1612 και
2239 1574 2300 1617 τὰς
2313 1574 2393 1621 ἡλι-

1415 1635 1513 1680 κίας·
1547 1639 1570 1684 ᾗ
1601 1651 1662 1674 και
1694 1635 1859 1689 φανερόν,
1895 1638 1941 1677 ὡς
1950 1637 1995 1696 j]
2020 1633 2173 1677 διάθεσις
2207 1631 2305 1671 αἰτία
2330 1634 2394 1679 τῆς

1415 1695 1621 1748 φαντασίας.
1677 1693 1814 1738 Ἁπλῶς
1838 1693 1880 1745 μὲ
1867 1710 1900 1732 ν
1932 1697 1991 1732 οὖν
2013 1708 2093 1745 περι
2114 1695 2183 1731 τῶν
2217 1693 2391 1739 αἰσθητῶν

1414 1753 1522 1798 οὕτως
1553 1754 1622 1792 δεῖν
1655 1750 1933 1804 ὖπολαμὸοίνειν.
1990 1753 2045 1792 Οὐ
2073 1751 2142 1802 μὴν
2168 1751 2245 1790 ἀλλ’
2273 1750 2394 1802 ὥσπερ

1414 1813 1475 1852 καὶ
1495 1812 1540 1852 τὰ
1559 1813 1667 1861 ἄλλα,
1692 1812 1754 1852 καὶ
1773 1816 1886 1850 ταῦτα
1915 1812 2099 1859 ἀνατίθησι
2118 1827 2187 1854 τοις
2207 1809 2390 1862 σχήμασι

1413 1871 1506 1920 πλην
1527 1874 1620 1942 062<m
1618 1872 1784 1910 ἁπάντων
1814 1869 2007 1910 ἀποδίδωσι
2039 1869 2101 1915 τὰς
2122 1869 2279 1923 μορφάς,
2301 1867 2393 1907 ἀλλὰ

1417 1933 1552 1984 μᾶλλον
1573 1933 1642 1971 τῶν
1663 1933 1780 1984 χυλῶν
1800 1929 1862 1969 καὶ
1893 1932 1962 1968 τῶν
1987 1928 2211 1981 χρωμάτων·
2229 1929 2289 1967 καὶ
2309 1928 2392 1966 τού-
2424 1973 2426 1975 q

1415 2006 1484 2028 των
1521 1988 1769 2043 ἀκριὸέστερον
1791 1988 1931 2042 διορίζει
1963 1988 2007 2026 τὰ
2038 1988 2120 2041 περὶ
2139 1986 2219 2032 τους
2243 1986 2391 2040 χυλούς,

1416 2048 1595 2102 ἀναφέρων
1618 2049 1680 2097 τὴν
1699 2048 1894 2101 φαντασίαν
1912 2047 1997 2101 πρὸς
2016 2047 2212 2102 ἄνθρωπον.

1334 2188 1397 2220 que
1414 2179 1526 2211 durius
1540 2188 1609 2210 esse
1626 2179 1687 2211 ferr
1691 2188 1758 2219 um,
1777 2179 1909 2220 gravius
1926 2177 2109 2220 plumbum.
2155 2178 2290 2209 Ferrum
2304 2175 2391 2208 enim

1333 2237 1536 2279 inaequaliter
1562 2238 1779 2279 compositum
1793 2246 1882 2278 esse,
1901 2237 2076 2278 multisque
2097 2236 2130 2267 in
2150 2235 2228 2267 locis
2251 2243 2391 2267 vacuum

1332 2297 1473 2336 habere,
1487 2299 1521 2330 et
1547 2298 1658 2330 multis
1677 2297 1807 2338 quidem
1830 2298 1864 2330 iu
1891 2297 2037 2338 partibus
2058 2295 2231 2328 densatum
2252 2303 2339 2334 esse,
2359 2295 2393 2326 et

1333 2356 1365 2388 in
1380 2356 1544 2389 nonnuliis
1561 2365 1694 2397 prorsus
1717 2356 1788 2398 plus
1808 2355 1925 2389 habere
1941 2356 2046 2387 vacui.
2092 2353 2268 2387 Plunibum
2290 2360 2368 2385 vero
2380 2375 2391 2392 ,

1333 2416 1385 2448 cui
1405 2416 1514 2448 minus
1535 2417 1627 2448 vacui
1641 2415 1733 2456 insit,
1744 2415 1911 2457 aequaliter
1926 2414 2140 2456 compositum
2156 2415 2188 2445 et
2205 2421 2262 2454 per
2278 2419 2392 2444 omnes

1334 2484 1391 2516 pai
1395 2479 1442 2509 tes
1458 2475 1604 2508 similiter
1622 2483 1730 2507 iarum
1744 2484 1823 2507 esse.
1870 2474 1945 2506 ldeo
1972 2472 2143 2515 plumbum
2171 2471 2302 2512 gravius
2320 2470 2391 2512 qui-

1334 2534 1433 2576 dem,
1448 2534 1504 2567 sed
1522 2536 1631 2567 tamen
1645 2533 1773 2566 mollius
1791 2542 1858 2566 esse
1873 2534 1968 2566 ferro.

1377 2598 1428 2627 23.
1454 2596 1501 2627 De
1530 2594 1623 2635 gravi
1640 2593 1735 2634 igilur
1754 2596 1787 2625 et
1816 2592 1879 2625 levi
1908 2594 1941 2624 et
1968 2592 2051 2624 duro
2079 2592 2110 2624 et
2131 2589 2218 2623 molli
2242 2588 2318 2622 talia
2344 2588 2393 2620 liis

1334 2642 1412 2675 loeis
1431 2643 1566 2682 definit3
1583 2644 1773 2674 caeterorum
1799 2649 1874 2673 vero
1898 2640 2066 2673 sensilium
2084 2639 2204 2672 nullius
2226 2641 2390 2676 naturam,

1333 2692 1388 2725 sed
1403 2693 1510 2725 omnia
1526 2692 1713 2725 affectiones
1725 2700 1837 2724 sensus
1851 2690 2059 2729 commutati,
2073 2699 2113 2723 ex
2127 2697 2194 2731 quo
2205 2686 2393 2728 imaginatio

1333 2741 1467 2781 oriatur,
1478 2749 1558 2773 esse
1602 2742 1714 2781 Neque
1728 2739 1814 2771 enim
1831 2748 1906 2771 vere
1916 2747 1986 2771 esse
2008 2737 2111 2779 frigidi
2131 2741 2164 2770 et
2182 2736 2276 2769 calidi
2296 2739 2390 2767 natu·

1334 2801 1420 2833 ram,
1435 2792 1491 2825 sed
1509 2792 1646 2824 formam
1663 2801 1729 2833 quo
1742 2795 1885 2832 tempore
1899 2790 1967 2831 ipsa
1985 2791 2231 2828 transmutetur,
2248 2790 2391 2821 nostram

1334 2853 1463 2885 quoque
1477 2844 1690 2875 mutationem
1712 2842 1860 2883 efficere;
1877 2841 1999 2873 scilicet
2023 2840 2109 2883 quod
2130 2840 2307 2882 plurimum
2328 2840 2388 2879 sit,

1335 2893 1397 2927 hoc
1421 2895 1452 2926 in
1475 2902 1606 2935 quoque
1623 2893 1749 2934 valere,
1773 2892 1861 2935 quod
1880 2895 1989 2925 autem
2010 2892 2043 2924 in
2070 2892 2202 2933 exiguas
2220 2892 2391 2934 particulas

1335 2942 1545 2976 distributum
1566 2943 1625 2983 sit,
1638 2951 1702 2975 non
1713 2951 1781 2975 esse
1800 2942 1928 2974 sensile.
1949 2944 1989 2974 At
2004 2940 2015 2982 (
2028 2941 2098 2973 haec
2113 2941 2261 2981 sensilia)
2276 2941 2390 2973 natura

1334 3001 1392 3024 sua
1421 3001 1486 3024 non
1505 3001 1594 3033 esse,
1614 2966 1690 3024 inde
1718 2995 1844 3033 patere,
1872 2991 1957 3033 quod
1984 2990 2038 3023 illa
2055 2999 2117 3023 non
2145 2991 2256 3023 eadem
2282 2989 2389 3021 omni·

1334 3042 1396 3075 bus
1417 3043 1608 3075 animalibus
1626 3044 1821 3084 appareant,
1841 3043 1896 3075 sed
1913 3041 2003 3083 quod
2018 3042 2112 3074 nobis
2132 3041 2262 3081 quidem
2275 3039 2389 3078 dulce,

1333 3094 1396 3126 lioc
1413 3093 1484 3126 aliis
1510 3102 1679 3134 amarum,
1709 3101 1821 3125 rursus
1840 3092 1912 3124 aliis
1936 3094 2087 3132 acutum,
2108 3091 2270 3124 nonnullis
2294 3099 2389 3130 acre,

1331 3145 1528 3187 quibusdam
1550 3149 1714 3177 austerum
1733 3146 1766 3176 et
1785 3144 1906 3184 reliqua
1930 3143 2043 3176 eodem
2065 3116 2174 3175 riiodo.
2218 3144 2285 3175 Nos
2306 3150 2388 3182 quo-

1332 3206 1395 3239 que
1407 3197 1494 3238 ipsos
1506 3195 1698 3228 sententiam
1715 3196 1841 3227 mutare
1855 3194 2034 3226 secundum
2048 3193 2235 3225 affectiones
2246 3193 2388 3232 vitaeque

1331 3246 1460 3284 aetates;
1477 3243 1562 3276 unde
1577 3242 1718 3284 corporis
1731 3244 1852 3274 statum
1876 3241 1920 3274 rei
1936 3241 2020 3273 illius
2044 3239 2237 3279 imaginarie
2256 3247 2386 3271 causam

1331 3301 1400 3325 esse
1414 3293 1545 3333 liqueat.
1591 3292 1640 3323 Ita
1658 3290 1757 3331 igitur
1778 3297 1909 3330 prorsus
1931 3288 1972 3321 de
1992 3288 2165 3321 sensilibus
2187 3295 2257 3319 esse
2279 3285 2388 3317 existi-

1330 3340 1496 3372 mandum.
1543 3339 1715 3372 Enimvero
1735 3338 1818 3370 sicut
1840 3340 1989 3377 caeter-,a
2008 3336 2050 3368 ita
2072 3340 2106 3367 et
2122 3337 2192 3367 iri-c
2209 3335 2247 3366 ad
2269 3333 2387 3366 formas

1303 3412 1305 3417 .
1329 3389 1477 3427 revocat,
1495 3396 1560 3419 non
1580 3389 1690 3418 tamen
1714 3386 1863 3417 omnium
1883 3384 2002 3424 figuras
2021 3385 2180 3422 recenset,
2203 3382 2257 3413 sed
2284 3381 2385 3420 magis

1327 3444 1478 3476 saporum
1498 3437 1532 3466 et
1548 3435 1712 3471 colorum,
1728 3441 1769 3464 ex
1792 3432 1911 3472 quibus
1929 3439 2041 3462 rursus
2066 3429 2247 3461 accuratius
2273 3427 2384 3459 definit

1328 3490 1474 3523 sapores,
1498 3481 1735 3523 perceptionem
1753 3478 1974 3519 imaginariam
1994 3477 2114 3509 homini
2132 3476 2288 3508 tribuens.
