2612 3814
244 246 318 281 ¹82

312 382 391 421 ἐπεὶ
418 382 500 427 Διὸς
533 381 660 421 ἔπλετο
694 381 813 435 μήτηρ
841 380 964 435 γέγονε
985 382 1176 436 Δημήτηρ.
1200 384 1300 421 Hinc

310 444 511 482 Werferus
535 457 573 494 p.
599 443 672 494 139
690 443 858 492 conjecit
876 443 1082 494 legendum
1102 456 1180 481 esse
1197 440 1298 490 Ῥείη

308 501 667 556 -ἐοῧσα-γίγνετο
680 531 691 550 ,
713 516 807 553 quas
827 503 1113 541 emendationes
1131 503 1298 554 probavi

310 565 453 602 inserta
468 578 509 615 γε
525 564 732 614 particula.
753 564 862 602 Idem
882 565 921 600 in
939 564 1080 613 Cratyl.
1103 577 1145 613 p.
1163 562 1212 600 85
1229 561 1298 602 z‘O

310 622 464 678 Ὀρφεὺς
480 622 609 676 τρόπον
628 622 692 674 μέν
713 638 791 662 τινα
812 622 876 670 τὴν
899 620 1009 669 αὐτὴν
1031 615 1200 670 εἶναιτὴν
1222 621 1298 669 Δή-

311 699 431 736 μητρα
454 686 499 737 τῇ
523 681 588 736 ὅλῃ
617 681 810 735 ζωογονία,
828 681 959 735 τρόπον
982 682 1011 720 δ’
1033 681 1138 721 ἄλλον
1167 683 1206 721 οὐ
1235 680 1298 728 τὴν

310 743 435 791 αὐτήν·
457 743 530 782 ἄνω
547 741 611 795 μὲν
627 742 694 797 γὰρ
715 739 802 782 offen
820 741 907 782 Ῥέα
925 741 1000 782 ἐστί
1014 773 1024 793 ,
1039 741 1138 781 κάτω
1156 741 1191 782 δὲ
1207 742 1297 794 μετὰ

307 806 370 842 τοῦ
405 801 488 848 Διὸς
519 803 712 856 Δημήτηρ.
735 804 797 842 ld.
820 804 956 842 Theol.
989 804 1088 842 Plat.
1111 805 1155 849 V,
1173 817 1226 850 ,11
1253 817 1293 853 p.

310 864 387 911 267
413 877 422 901 ε
450 864 540 902 Κατ’
559 862 696 917 Ὀρφέα
720 864 770 916 τῷ
791 860 853 913 μὲν
883 860 1009 915 Κρόνῳ
1036 864 1189 901 συνοῦσα
1210 861 1296 902 Ῥέα

308 922 494 970 καλεῖται,
519 921 578 960 τὸν
601 921 636 960 δὲ
658 920 728 960 Δία
754 919 968 974 παράγουσα
997 919 1059 959 καὶ
1089 919 1181 971 μετὰ
1215 920 1298 965 Διὸς

309 981 530 1035 ἐμφαίνουσα
550 979 628 1024 τούς
647 995 683 1018 τε
705 979 806 1024 ὅλους
835 978 893 1018 καὶ
920 978 1000 1024 τοὺς
1029 976 1195 1032 μερικοὺς
1223 979 1299 1018 δια-

308 1041 463 1092 κόσμους
482 1042 551 1079 τῶν
573 1042 659 1079 θεῶν
679 1037 888 1092 Δημήτηρ.)

308 1118 362 1163 Γῆ
381 1114 501 1168 μήτηρ
523 1114 679 1163 πάντων,
695 1113 873 1167 Δημήτηρ
890 1112 1176 1167 πλουτοδότειρα.

367 1193 578 1245 (Diodorus
601 1193 751 1230 Siculus
769 1192 802 1238 I,
833 1204 878 1228 12
895 1203 905 1230 ε
923 1189 1001 1239 Τὴν
1023 1189 1060 1229 δὲ
1089 1193 1154 1242 γῆν
1175 1188 1296 1243 ὥσπερ

308 1252 448 1305 ἀγγεῖόν
469 1267 504 1290 τι
523 1253 594 1290 τῶν
616 1250 798 1305 φυομένων
820 1249 1137 1302 ὖπολαμὸάνοντας
1157 1248 1296 1302 μητέρα

309 1316 611 1366 προσαγορεῦσαι·
630 1309 691 1349 καὶ
711 1308 791 1355 τοὺς
805 1308 991 1358 *Έλληνας
1012 1308 1049 1348 δὲ
1068 1309 1202 1356 ταύτην
1223 1325 1296 1348 πα-

309 1371 517 1425 ραπλησίως
532 1370 731 1424 Δήμητραν
751 1371 887 1420 καλεῖν,
909 1368 1026 1423 βραχὺ
1045 1369 1297 1421 μετατεθείσης

308 1431 367 1472 διὰ
388 1432 444 1471 τὸν
463 1431 587 1485 χρόνον
608 1434 671 1479 τῆς
691 1429 833 1476 λέξεως·
850 1430 890 1469 τὸ
906 1430 975 1484 γὰρ
995 1430 1147 1470 παλαιὸν
1164 1430 1295 1482 ὄνομά·

307 1495 426 1539 ζεσθαι
462 1495 528 1545 γῆν
563 1490 721 1545 μητέρα,
757 1490 920 1544 καθάπερ
964 1489 1026 1529 καὶ
1066 1489 1126 1529 τὸν
1157 1489 1295 1545 Ὀρφέα

305 1555 592 1607 προσμαρτυρεῖν
615 1552 764 1604 λέγοντα
777 1566 786 1575 ·
807 1552 860 1600 Γῆ
882 1550 1002 1604 μήτηρ
1022 1551 1114 1603 κτλ.)

307 1630 462 1679 Μήσατο
483 1629 553 1684 γὰρ
573 1628 772 1681 προπόλους
791 1627 853 1668 καὶ
880 1626 1101 1682 ἀμφιπόλους
1122 1626 1184 1667 καὶ
1203 1628 1294 1676 ὀπη-

1177 1685 1271 1742 [δούς
1279 1719 1293 1739 ,

306 1748 447 1802 μήσατο
473 1749 503 1788 δ’
534 1747 736 1802 ἀμὸροσίην
763 1746 825 1786 καὶ
857 1748 999 1801 ἐρυθροῦ
1032 1745 1200 1802 νέκταρος
1228 1747 1294 1801 ἄρ-

1187 1805 1294 1861 [θρον,

308 1868 449 1921 μήσατο
468 1870 498 1908 δ’
515 1867 632 1920 ἀγλαὰ
653 1869 749 1921 δῶρα
771 1866 974 1919 μελισσάων
998 1865 1211 1920 ἔριὸόμὸων.

363 1945 540 1996 (Proclus
551 1946 591 1981 in
606 1946 705 1983 Plat.
720 1945 863 1994 Cratyl.
881 1957 922 1994 p.
938 1944 1008 1981 161
1026 1957 1035 1981 ε
1051 1942 1097 1982 ‘11
1115 1942 1294 1998 Δημήτηρ

306 2004 432 2058 πρώτη
453 2005 515 2044 καὶ
537 2003 599 2049 τὰς
619 2003 738 2047 διττὰς
756 2003 886 2057 τροφὰς
903 2004 1027 2042 διεῖλεν
1048 2004 1082 2042 ἐν
1099 2006 1171 2048 τοῖς
1190 2007 1292 2052 θεοῖς,

307 2065 354 2110 ὥς
370 2081 476 2118 φησιν
495 2063 647 2119 Ὀρφεύς
659 2080 668 2089 ·
688 2064 830 2115 μήσατο
848 2064 917 2117 γὰρ
935 2065 1016 2104 κτλ.
1040 2066 1228 2104 Caeterum
1247 2067 1295 2104 de

306 2126 539 2177 Proserpina
571 2126 731 2163 Procius
757 2127 799 2162 in
825 2127 1010 2162 TImaeum
1039 2139 1082 2176 p.
1121 2126 1195 2177 139
1230 2128 1258 2163 B
1283 2138 1292 2165 ε

312 2185 382 2225 Καὶ
403 2185 470 2238 γὰρ
491 2187 510 2223 ὃ
529 2183 688 2238 θεολόγος
702 2183 766 2232 τὴν
786 2182 905 2237 Κόρην
923 2183 1171 2236 μουνογένειαν
1191 2183 1292 2223 εἴωθε

305 2243 589 2298 προσαγορεύειν.
611 2245 669 2283 Cf.
693 2247 837 2295 Hymn.
857 2245 1046 2295 XXVIII,
1065 2244 1119 2295 2.)

305 2397 433 2441 Ἄτλας
454 2397 482 2435 δ’
504 2397 649 2450 οὐρανὸν
666 2396 768 2451 εὐρὺν
785 2396 859 2449 ἔχει
877 2398 1050 2449 κρατερῆς
1063 2394 1122 2434 ὑπ’
1138 2394 1293 2448 ἀνάγκης

307 2456 468 2510 πείρασιν
491 2458 525 2495 ἐν
546 2455 663 2508 γαίης.

363 2533 588 2583 (Prociusin
604 2535 701 2573 Plat.
717 2534 817 2571 Tim.
838 2533 909 2584 [p.
931 2532 978 2570 53
995 2533 1023 2571 C
1044 2547 1052 2570 :
1074 2531 1149 2571 Καὶ
1167 2530 1237 2584 γὰρ
1259 2533 1291 2571 οἱ

307 2591 462 2645 θεολόγοι
495 2592 585 2643 μετὰ
617 2592 675 2631 τὸν
705 2595 767 2630 τοῦ
798 2592 968 2631 Διονύσου
991 2591 1233 2643 διασπασμόν,
1257 2590 1293 2635 ὃς

309 2653 409 2701 δηλοῖ
428 2650 490 2699 τὴν
513 2653 552 2690 ἐκ
572 2655 634 2700 τῆς
656 2650 848 2703 ἀμερίστου
870 2651 1099 2705 δημιουργίας
1122 2650 1291 2704 μεριστὴν

308 2711 456 2766 πρόοδον
488 2713 535 2756 εἷς
562 2717 634 2750 πᾶν
663 2712 731 2751 ὑπὸ
757 2715 819 2749 τοῦ
845 2711 949 2759 Διός,
969 2711 1049 2756 τοὺς
1070 2710 1133 2762 μὲν
1167 2710 1293 2755 ἄλλους

307 2775 465 2816 Τιτᾶνας
486 2771 594 2815 ἄλλας
613 2770 727 2818 λήξεις
761 2771 1068 2824 διακεκληρῶσθαί
1099 2786 1204 2825 φασι,
1232 2771 1291 2809 τὸν

308 2830 345 2870 δὲ
364 2829 541 2870 Ἄτλαντα
573 2832 608 2869 ἐν
637 2835 707 2874 τοῖς
739 2830 824 2881 πρὸς
858 2829 1010 2883 ἑσπέραν
1041 2830 1160 2875 τόποις
1193 2831 1292 2883 ἱδρῦ-

308 2895 409 2938 σθαι,
438 2889 611 2943 ἀνέχοντα
641 2889 701 2928 τὸν
733 2889 892 2943 οὐρανόν·
924 2888 1052 2936 Ἄτλας
1084 2890 1114 2929 δ’
1146 2889 1291 2943 οὐρανὸν

308 2950 404 3001 κτλ.)

903 287 906 290 .
1215 239 1460 281 ORPHICA.

314 322 382 364 Δία
404 321 600 376 Δημήτηρ·
621 320 733 375 λέγει’
747 320 816 376 γὰρ
838 320 962 371 Ῥείην
991 321 1032 362 τὸ
1057 320 1140 376 πρὶν
1173 323 1297 362 ἐοῦσαν
1356 359 1359 362 ,

1444 322 1568 368 Οὕτως
1590 322 1626 362 δὲ
1646 323 1759 372 Ζηνὸς
1779 324 1840 364 καὶ
1862 325 1898 365 ἰν
1914 324 2054 378 ὄμμασι
2069 327 2203 381 πατρὸς
2219 328 2368 377 ἄνακτος

1444 382 1580 422 ναίουσ’
1597 383 1765 424 ἀθάνατοί
1780 400 1819 424 τε
1838 384 1930 435 θεοί,
1950 385 2069 435 θνητοί
2085 387 2116 426 τ’
2135 388 2330 441 ἄνθρωποι,

1443 442 1532 483 ὅσσα
1552 444 1583 481 τ’
1601 441 1662 493 ἔην
1678 445 1864 498 γεγαῶτα,
1884 444 1946 485 καὶ
1961 445 2107 501 ὕστερον
2124 448 2255 488 ὁππόσ’
2269 449 2432 502 ἔμελλεν.

1500 513 1673 565 (Procius
1690 516 1728 552 in
1737 516 2022 558 Plat.Parmen.
2035 520 2088 557 IV
2108 532 2117 556 :
2137 519 2216 559 Οὔκ
2234 518 2275 558 ἂν
2296 522 2433 573 θαυμά-

1443 587 1571 624 σαιμεν
1591 575 1662 612 τῶν
1685 572 1846 627 Ὀρφέως
1866 575 2051 622 ἀκούοντες
2067 579 2176 628 ε’πῶν,
2199 580 2233 617 ἐν
2256 573 2306 624 οἷς
2322 595 2429 635 φησιν

1443 634 1462 671 ὃ
1482 632 1658 686 θεολόγος·
1676 631 1766 682 αὕτη
1785 633 1821 673 δὲ
1842 635 1955 684 Ζηνὸς
1974 636 2035 676 καὶ
2053 638 2088 677 ἐν
2109 637 2300 691 ὅκμασι-
2312 641 2431 680 -καὶ

1444 691 1588 746 ὕστερον
1621 691 1717 738 ὅπως
1751 693 1892 745 ἔμελλε.
1928 695 2073 749 Scripsi
2105 701 2213 751 quod
2245 703 2432 741 sententia

1440 755 1639 804 postulare
1657 754 1891 807 videbatur.)

1802 833 1985 874 XXXVI.

1442 906 1591 947 Βάλλειν
1616 906 1718 962 ἔρνεα
1738 907 1878 961 πάντα,
1896 907 1979 948 τάτε
1997 908 2098 963 δρυὸς
2116 908 2209 964 ἄκρα
2228 910 2407 964 λέγονται.

1499 980 1663 1032 (Tzetzes
1700 981 1750 1019 ad
1787 983 1986 1033 Lycophr.
2023 997 2063 1024 v.
2099 983 2149 1022 83
2185 998 2195 1022 :
2231 983 2431 1040 Δρύκαρπα

1441 1047 1561 1080 πᾶσαν
1586 1040 1746 1094 ὀπώραν,
1769 1039 1816 1086 ὥς
1836 1041 1902 1081 πού
1923 1057 2029 1095 φησιν
2050 1044 2084 1082 ἐν
2104 1048 2180 1089 ταῖς
2207 1043 2432 1094 δωδεκαετη-

1444 1100 1532 1156 ρίσιν
1555 1099 1728 1156 Ὀρφεύς·
1751 1101 1894 1154 βάλλειν
1916 1101 2018 1156 ἔρνεα
2038 1103 2118 1143 κτλ.
2138 1103 2276 1143 Versus
2295 1105 2359 1143 hie
2378 1106 2433 1144 Ie·

1441 1163 1545 1212 gitur
1556 1163 1670 1199 etiam
1683 1163 1721 1199 in
1732 1164 1902 1200 carmine
1917 1165 2075 1201 Maximi
2087 1165 2193 1215 apud
2206 1165 2430 1204 Fabricium

1440 1222 1540 1261 Bibl.
1562 1222 1630 1261 Gr.
1650 1229 1746 1261 tom.
1767 1223 1873 1270 VIII,
1894 1223 1962 1260 ubi
1980 1231 2034 1261 est
2052 1222 2154 1275 490.)

1437 1299 1572 1341 Ἔσται
1589 1300 1619 1339 δ’
1639 1293 1738 1347 αὖτις
1761 1302 1872 1356 ἀνήρ,
1894 1300 1918 1350 ἢ
1938 1301 2097 1357 κοίρανος
2114 1303 2155 1351 ἠὲ
2175 1303 2366 1357 τύραννος,

1438 1358 1461 1408 ἢ
1483 1359 1672 1414 βασιλεύς,
1693 1360 1730 1406 ὃς
1750 1363 1861 1413 τῆμος
1880 1364 1913 1407 ἐς
1934 1363 2079 1417 οὐρανὸν
2097 1362 2208 1408 ἵξεται
2231 1364 2353 1406 αἰπύν.

1496 1438 1659 1488 (Tzetzes
1679 1440 1729 1477 ad
1758 1442 1954 1491 Lycophr.
1988 1455 2044 1481 VS.
2078 1441 2152 1480 523
2175 1456 2184 1479 :
2204 1441 2370 1481 Δείκνυσι
2389 1442 2427 1482 δὲ

1440 1496 1501 1536 καὶ
1522 1496 1674 1551 Ὀρφεὺς
1694 1497 1758 1546 τὴν
1787 1499 1921 1539 τούτων
1953 1500 2139 1554 διαφοράν,
2157 1500 2287 1540 οὸτωσὶ
2314 1500 2428 1555 λέγων

1441 1558 1478 1595 ἐν
1498 1557 1575 1603 ταῖς
1595 1558 1903 1612 δωδεκαετηρίσιν·
1927 1558 2029 1598 ἔσται
2047 1561 2077 1598 δ’
2097 1554 2196 1605 asin<
2214 1559 2310 1612 κτλ.)

1440 1634 1589 1689 Δάκρυα
1610 1634 1674 1688 μὲν
1695 1635 1793 1676 σέθεν
1816 1636 1891 1676 ἐστὶ
1907 1637 2137 1685 πολυτλήτων
2154 1636 2254 1692 γένος
2268 1638 2424 1692 ἀνδρῶν.

1494 1717 1666 1771 (Proclus
1680 1720 1720 1756 in
1736 1721 1835 1759 Tim.
1857 1721 1875 1757 I
1890 1733 1931 1770 p.
1952 1719 1999 1758 35
2019 1721 2047 1758 C
2064 1732 2074 1759 ε
2094 1718 2301 1773 Φερόμενον
2319 1718 2349 1758 δ’
2365 1712 2427 1759 οὖν

1439 1776 1498 1817 τὸν
1513 1777 1702 1816 Φαέθοντα
1716 1777 1797 1831 περὶ
1811 1781 1876 1831 γῆν
1894 1778 1956 1818 καὶ
1971 1778 2102 1833 τρόπον
2114 1779 2194 1818 τινὰ
2209 1776 2427 1830 δαιμονιώδη

1440 1836 1612 1891 φλέγοντα
1630 1836 1783 1882 ἐκείνους
1799 1838 1879 1883 τοὺς
1898 1838 2048 1889 τόπους,
2069 1833 2120 1885 οἷς
2143 1838 2186 1878 ἂν
2212 1838 2400 1892 πλησιάσῃ
2413 1868 2425 1885 ‚

1439 1897 1497 1937 διὰ
1517 1901 1577 1938 τοῦ
1594 1898 1722 1951 πυρίου
1747 1898 1936 1952 ῥεύματος.
1957 1929 1968 1940 .
1993 1930 2003 1940 .
2031 1930 2040 1940 .
2063 1899 2230 1953 ἐθρήνουν
2249 1900 2285 1938 αἱ
2305 1897 2430 1939 Ἡλιά-

1438 1959 1508 2003 δες.
1532 1988 1543 1999 .
1565 1988 1575 1998 .
1598 1988 1609 1999 .
1630 1958 1691 1997 καὶ
1707 1961 1739 1998 οἱ
1756 1959 1913 2012 θεολόγοι
1928 1953 1967 1999 ’δὲ
1985 1960 2047 2008 τὴν
2063 1959 2242 2009 Ἡλιακὴν
2259 1959 2428 2013 πρόνοίαν

1439 2019 1500 2058 καὶ
1523 2019 1570 2063 εἷς
1586 2017 1632 2057 τὰ
1649 2018 1761 2068 θνητὰ
1781 2019 1839 2059 διὰ
1857 2022 1927 2059 τῶν
1944 2020 2106 2074 δακρύων
2123 2020 2347 2072 σημαίνουσι·
2364 2019 2428 2060 δά-

1436 2094 1529 2132 κρυα
1550 2077 1614 2130 μὲν
1634 2080 1732 2132 κτλ.)

1438 2152 1592 2190 Addam
1613 2153 1688 2190 alia
1709 2154 1884 2203 quaedam
1905 2154 2009 2192 dicta
2024 2155 2196 2204 Orphica
2218 2166 2229 2194 ι

1490 2231 1650 2267 Procius
1673 2231 1714 2267 in
1737 2232 1838 2270 Tim.
1859 2234 1891 2270 V
1909 2245 1951 2282 p.
1974 2233 2051 2282 293
2077 2246 2086 2269 z
2117 2230 2195 2278 Τὴν
2218 2230 2344 2270 ἕνωσιν
2360 2231 2424 2271 καὶ

1436 2287 1649 2339 συμπλοκὴν
1669 2291 1739 2329 τῶν
1761 2289 1944 2342 δυνάμεων
1961 2321 1971 2331 .
1989 2320 2000 2332 .
2021 2321 2031 2331 .
2054 2321 2063 2332 .
2089 2291 2234 2330 εἰώθασι
2261 2290 2374 2343 γάμον
2395 2293 2428 2331 οἳ

1436 2348 1594 2400 θεολόγοι
1610 2351 1902 2403 προσαγορεύειν.
1925 2380 1935 2389 .
1955 2380 1967 2392 .
1992 2381 2000 2390 .
2021 2351 2114 2390 καθά
2138 2367 2243 2405 φησιν
2266 2354 2284 2390 ὁ
2303 2351 2426 2391 θεολό-

1435 2424 1511 2461 γος.
1536 2407 1691 2461 Πρώτην
1710 2408 1779 2462 γὰρ
1803 2408 1943 2464 νύμφην
1973 2410 2148 2449 ἀποκαλεῖ
2176 2409 2240 2458 τὴν
2257 2413 2340 2461 γῆν,
2365 2409 2428 2448 καὶ

1434 2468 1632 2522 πρώτιστον
1651 2468 1766 2522 γάμον
1788 2469 1852 2518 τὴν
1871 2469 1996 2509 ἕνωσιν
2015 2470 2124 2517 αὐτῆς
2142 2469 2228 2523 πρὸς
2244 2469 2303 2509 τὸν
2319 2470 2426 2523 οὖρα·

1434 2527 1492 2567 νόν
1516 2529 1595 2568 κτλ.

1488 2589 1744 2639 Theologum.
1766 2590 1881 2628 arith.
1906 2603 1949 2639 p.
1971 2589 2020 2638 37
2045 2603 2054 2626 :
2073 2587 2151 2635 Τὴν
2171 2587 2278 2634 ἑξάδα
2297 2585 2423 2638 ὀλομέ-

1435 2650 1533 2687 λειαν
1568 2647 1830 2700 προσηγόρευον
1862 2650 1894 2688 οἱ
1924 2649 2165 2702 Πυθαγορικοὶ
2199 2648 2425 2699 κατακολου,

1435 2710 1573 2752 θοῧντες
1597 2707 1740 2761 Ὀρφεῖ.

1493 2770 1651 2806 Proclus
1671 2769 1721 2806 ad
1738 2769 1898 2806 Hesiodi
1917 2770 2007 2806 Dies
2024 2783 2065 2820 p.
2084 2769 2156 2807 168
2168 2771 2196 2806 B
2211 2782 2220 2806 ε
2235 2766 2281 2808 ‘O
2295 2765 2367 2818 μὴν
2387 2767 2424 2806 ἐν

1436 2830 1527 2882 αὐτῇ
1567 2828 1625 2881 (τῇ
1672 2828 1780 2882 ἀρχῇ)
1825 2829 1911 2881 παρ’
1954 2828 2081 2882 Ὀρφεῖ
2120 2825 2423 2883 προσαγορεύεται

1437 2888 1635 2940 μονόκερως
1657 2887 1805 2941 μόσχος.
1825 2887 1961 2933 Ἄπλῶς
1984 2888 2047 2939 μὲν
2065 2888 2132 2941 γὰρ
2149 2891 2167 2928 ὁ
2187 2889 2257 2941 μὴν
2278 2886 2421 2941 λέγεται

1437 2950 1519 3001 βοῦς
1538 2948 1620 2987 κτλ.

1354 3097 1499 3130 habitant
1515 3096 1560 3129 dii
1576 3095 1776 3129 immortales
1794 3095 2007 3137 hominesque
2020 3096 2191 3137 mortales,

1353 3160 1386 3190 et
1402 3165 1608 3200 quaecunque
1624 3157 1699 3189 nata
1712 3157 1804 3190 erant
1820 3164 1859 3189 ac
1873 3159 1983 3198 postea
1997 3156 2084 3188 nasci
2101 3155 2275 3189 debebant.

225 3102 326 3133 Terra
345 3098 492 3130 omnium
511 3101 627 3137 mater,
646 3098 741 3130 ceres
757 3096 886 3129 divitias
901 3097 1099 3129 ministrans.
1122 3115 1164 3121 —

228 3158 357 3191 Paravit
373 3158 459 3190 enim
476 3157 641 3191 ministros
654 3159 685 3189 ei
700 3156 836 3189 famulos
853 3158 885 3189 et
902 3156 1057 3198 comites,

227 3217 352 3260 paravit
366 3217 463 3249 etiam
481 3215 675 3248 ambrosiam
689 3217 721 3248 et
738 3215 883 3249 rubentis
896 3216 1035 3248 nectaris
1050 3216 1114 3248 vim
1125 3241 1135 3258 ‚
1809 3223 1959 3256 XXXVI.

227 3276 352 3319 Pflsavst
367 3275 463 3309 etiam
476 3275 642 3317 splendida
657 3275 862 3308 Stridfflfflum
878 3284 976 3318 apum
995 3284 1142 3309 munera·
1352 3289 1430 3321 Sere
1446 3297 1505 3330 pro
1525 3288 1677 3321 omnibus
1695 3288 1834 3321 surculis
1852 3297 1890 3321 ea
1909 3296 1982 3330 quae
2002 3297 2097 3330 poma
2114 3288 2279 3322 dicuntur.
2307 3309 2346 3317 -

690 3342 824 3374 XXXV.
1351 3349 1419 3381 Erit
1433 3358 1545 3382 rursus
1560 3348 1609 3382 vir
1623 3349 1675 3383 vei
1692 3348 1843 3382 dominus
1857 3349 1909 3382 vel
1927 3351 2102 3391 tyrannus,

228 3408 317 3440 Atlas
330 3407 448 3440 eoelum
465 3407 568 3440 latum
585 3406 683 3440 habet
696 3415 784 3440 saeva
797 3407 989 3442 necessitate
1006 3408 1136 3441 coactus

227 3467 268 3500 ad
280 3469 463 3501 extremum
478 3470 637 3501 terrarum
653 3467 763 3501 finem.
786 3485 829 3491 -

228 3526 282 3561 Sie
297 3527 394 3560 etiam
408 3527 500 3561 Jovis
518 3527 618 3570 patris
635 3527 717 3570 regis
732 3527 763 3560 in
777 3527 880 3561 oculis

1352 3408 1402 3440 vel
1421 3417 1496 3449 rex,
1511 3409 1568 3450 qui
1584 3410 1653 3442 tum
1670 3409 1702 3442 in
1721 3408 1822 3442 altum
1838 3409 1954 3442 coeIum
1973 3410 2167 3452 penetrabit.
2181 3429 2224 3435 —

1350 3469 1428 3500 Tuae
1443 3468 1587 3502 lacrimae
1602 3469 1679 3502 sunt
1695 3476 1955 3501 aerumnosorum
1972 3468 2141 3503 hominum
2159 3477 2273 3511 genus.
