2612 3814
977 303 1030 342 IN
1063 304 1283 344 AUREUM
1312 303 1491 343 CARME
1500 304 1550 344 N.

187 390 290 429 αὐτὸν
311 389 535 443 ἐλλάμψεως’
550 388 642 428 οὕτω
658 390 708 443 τῷ
728 389 777 440 μὴ
800 389 914 440 μένειν
930 390 984 430 ἀεὶ
999 392 1032 429 ἐν
1053 394 1097 444 τῇ
1115 391 1237 447 ἀγνοίιξ

187 449 350 502 ὑπερέχει
372 448 468 502 ζῴων
485 448 620 500 ἀλόγων
640 449 699 488 καὶ
717 452 833 502 φυτῶν
847 479 857 498 ,
879 449 940 487 καὶ
956 449 1038 498 ὅλης
1059 453 1121 498 τῆς
1137 465 1237 503 περι-

186 507 280 559 γείου
296 507 356 546 καὶ
382 511 508 555 θνητῆς
531 506 669 559 φύσεως
700 507 902 557 ἀναὸέὸηκε
921 512 1000 547 κατ’
1027 509 1169 556 οὐσίαν,
1192 511 1237 553 ὣς

187 566 408 619 ἐπιστρέφειν
434 566 521 619 πρὸς
539 565 599 604 τὸν
628 565 703 604 θεὸν
731 565 916 621 πεφυκώς,
948 567 1010 606 καὶ
1043 567 1237 618 ἀναμνήσει

185 624 249 671 τὴν
274 625 384 672 λήθην
399 624 574 678 ἀφανίζειν
584 655 594 673 ,
610 625 670 663 καὶ
684 625 896 680 διδασκαλίᾳ
909 626 1195 679 προσλαμὸάνειν
1214 626 1236 664 ἃ

187 682 363 731 ἀπέὸαλε,
386 685 446 721 καὶ
466 683 529 730 τὴν
551 682 682 723 ἄνωθεν
703 684 815 737 φυγὴν
841 688 885 738 τῇ
908 685 1124 739 ἀντιστρόφῳ
1144 688 1236 739 φυγῇ

187 742 322 781 ἰᾶσθαι.
383 741 564 794 Προσήκει
593 737 652 781 οὖν
687 746 730 795 τῇ
750 743 951 798 ἀνθρωπίνῃ
969 743 1067 797 οὐσίᾳ
1088 744 1235 797 τοιαύτη

186 798 295 853 οὔσῃ,
315 802 445 850 γνῶναι
462 800 524 848 τὴν
557 801 726 840 σύστασιν
755 805 825 841 τῶν
848 801 1030 840 ἀθανάτων
1051 805 1138 841 θεῶν
1156 807 1237 851 θνη-

185 860 252 896 τῶν
273 861 306 898 τ’
329 859 520 913 ἀνθρώπων
533 875 541 884 ·
573 859 756 911 τουτέστι,
784 863 852 899 τῶν
870 862 1019 912 λογικῶν
1037 863 1146 911 γενῶν
1172 861 1236 909 τὴν

185 916 357 963 διάταξιν·
378 921 488 971 γνῶν
502 934 546 957 αι
580 918 623 958 δὲ
651 919 725 958 καὶ
745 919 821 966 τὴν
849 918 1008 973 φύσιν,
1029 918 1108 966 τὴν
1135 921 1236 972 περὶ

185 991 270 1015 παν
282 977 350 1020 τὸς
365 980 382 1015 ὁ
393 994 419 1028 μ
434 994 451 1017 ο
463 978 503 1025 ίη
514 994 531 1015 ν
542 994 550 1002 ·
568 978 749 1026 τουτέστι,
767 979 829 1025 τὴν
855 977 1063 1029 σωματικὴν
1082 977 1204 1017 οὐσίαν
1222 1009 1232 1026 ,

186 1034 251 1083 τὴν
269 1035 397 1075 ἄνωθεν
418 1037 523 1089 μέχρι
541 1038 612 1075 τῶν
639 1037 849 1075 τελευταίων
883 1038 927 1075 δι’
965 1036 1153 1087 ἀναλογίας
1176 1038 1236 1076 καὶ

186 1095 370 1147 ἐμφάσεως
383 1095 476 1139 θείας
492 1098 743 1146 κοσμηθεῖσαν·
757 1111 778 1147 γ
788 1111 805 1134 ν
818 1097 871 1133 ῶν
881 1111 901 1133 α
911 1111 922 1133 ι
937 1094 972 1133 δὲ
991 1098 1102 1133 ταῦτα
1121 1095 1237 1134 πάντα

184 1147 210 1205 ᾖ
238 1152 365 1203 θέμις
385 1155 459 1193 ἐστ
473 1155 505 1201 ί,
527 1155 621 1192 τοῦτ’
641 1153 733 1203 ἔστι,
750 1155 848 1207 νόμῳ
868 1156 915 1198 ὥς
934 1154 1147 1204 διάκεινται,
1178 1155 1238 1193 καὶ

185 1211 294 1256 οὕτως
311 1214 357 1256 ὡς
378 1212 514 1259 ὑπέστη
547 1211 644 1264 παρὰ
661 1215 720 1251 τοῦ
741 1213 930 1262 θεοῧ,.καὶ
956 1211 992 1251 ὃν
1009 1212 1140 1264 τρόπον
1167 1217 1239 1256 τοῖς

185 1270 318 1309 ἐκείνου
337 1270 455 1322 νόμοις
483 1271 557 1310 ἐστὶ
585 1271 862 1323 διατεταγμένα,
881 1271 951 1310 εἴτε
981 1271 1151 1322 σώματα,
1170 1271 1238 1310 εἴτε

188 1329 375 1380 ἀσώματα.
436 1332 537 1370 Κατὰ
572 1334 688 1369 κοινοῦ
733 1331 802 1384 γὰρ
837 1330 891 1369 ἐπ’
927 1331 1135 1384 ἀμφοτέρων
1169 1333 1237 1369 τῶν

185 1388 363 1435 ποιήσεων
383 1389 424 1428 τὸ
450 1385 474 1441 ᾗ
495 1389 628 1441 θέμις
656 1390 781 1429 ἐστίν
795 1421 806 1441 ,
840 1390 1039 1430 ἀκουστέον.
1098 1391 1152 1430 Οὗ
1171 1389 1238 1442 γὰρ

187 1447 385 1499 ἀλογίστοις
417 1448 630 1501 προθυμίαις
675 1447 832 1493 εἴκοντας
864 1449 1069 1502 μεταφέρειν
1105 1449 1155 1486 δεῖ
1177 1447 1238 1495 τὴν

188 1504 288 1550 ἀξίαν
307 1508 376 1544 τῶν
397 1506 621 1560 πραγμάτων
636 1507 722 1559 πρὸς
737 1507 777 1546 τὸ
797 1510 882 1559 ἡμῖν
899 1508 1038 1546 δοκοῦν·
1057 1507 1148 1545 ἀλλὰ
1168 1512 1238 1550 τοῖς

186 1567 250 1612 τῆς
277 1564 441 1612 ἀληθείας
459 1564 549 1618 ὅροις
570 1565 762 1616 ἑπομένους
783 1567 1032 1618 γινώσκειν
1051 1565 1106 1604 τὰ
1136 1565 1238 1604 ὄντα

183 1623 359 1674 πάντα,
377 1618 401 1675 ᾗ
421 1623 545 1674 θέμις
590 1623 712 1675 ἐστί,
733 1625 793 1664 καὶ
812 1626 859 1669 ὡς
886 1627 904 1663 ὁ
926 1627 988 1672 τῆς
1009 1624 1239 1677 δημιουργίας

187 1783 275 1807 vero
294 1771 558 1820 stabilitatem,
574 1772 715 1808 horum
734 1779 860 1808 tamen
874 1779 1082 1821 utrumque
1100 1771 1239 1808 divinae

183 1829 440 1865 similitudinis
452 1831 652 1879 vestigium
665 1830 844 1868 auferret.
863 1834 915 1868 Ac
930 1832 1071 1867 coelesti
1081 1831 1236 1879 quidem

185 1889 339 1938 corpori
357 1890 612 1925 universitatis
626 1890 810 1926 ambitum
831 1891 990 1936 tribuit,
1007 1898 1159 1927 terreno
1176 1902 1238 1926 au-

186 1955 260 1984 tem
282 1957 466 1985 centrum.
484 1951 529 1984 In
556 1949 701 1997 sphaera
714 1961 806 1985 vero
825 1950 901 1986 alio
918 1949 1036 1986 modo
1064 1957 1236 1986 centrum

185 2015 240 2044 est
263 2009 519 2057 principium,
542 2009 617 2043 alio
649 2009 874 2057 peripheriae
899 2009 1095 2045 terminus.
1124 2009 1236 2045 Unde

186 2067 385 2115 superiora
402 2067 511 2102 astris
530 2073 566 2101 et
584 2073 673 2114 post
691 2066 755 2102 illa
769 2067 1023 2103 animantibus
1043 2067 1237 2102 intellectu

185 2125 354 2174 praeditis
380 2126 486 2162 varie
513 2125 689 2161 distincta
725 2132 762 2160 et
798 2126 978 2162 instructa
1010 2132 1115 2170 sunt,
1137 2132 1237 2161 terra

185 2191 313 2221 autem
337 2185 476 2233 plantis
517 2191 651 2219 ornata
683 2190 721 2219 et
743 2184 1001 2220 animantibus
1035 2196 1118 2232 quae
1153 2185 1236 2219 solo

188 2253 302 2279 sensu
320 2249 495 2278 utuntur.
516 2242 665 2278 Medius
693 2253 786 2278 vero
808 2242 907 2278 inter
924 2242 1005 2278 haec
1024 2243 1077 2278 sic
1099 2241 1238 2277 distan-

190 2302 243 2337 tia
264 2302 434 2338 cernitur
460 2301 579 2336 homo
598 2301 704 2348 quasi
729 2301 905 2349 ancipitis
923 2301 1009 2336 vitae
1030 2300 1168 2336 animal
1197 2313 1240 2336 ac

186 2361 428 2410 superiorum
466 2359 636 2405 infimus,
667 2360 812 2408 primus
841 2366 967 2395 autem
1001 2359 1237 2397 inferiorum.

185 2418 272 2466 Quo
292 2417 335 2453 fit
358 2426 401 2454 ut
423 2418 629 2466 aliquando
653 2430 739 2453 cum
764 2417 1043 2453 immortalibus
1068 2424 1240 2453 versetur

189 2484 227 2514 et
248 2477 297 2513 ad
315 2485 481 2513 mentem
509 2489 711 2513 conversus
729 2477 926 2526 propriam
955 2483 1095 2512 sortem
1125 2488 1236 2512 recu-

185 2543 316 2586 peret,
338 2536 547 2585 aliquando
573 2548 665 2572 vero
685 2548 771 2571 cum
798 2536 1024 2571 mortalibus
1041 2535 1239 2583 speciebus

189 2601 443 2643 congregetur
460 2606 504 2630 ac
524 2594 672 2630 divinas
686 2594 785 2643 leges
802 2605 970 2642 egressus
987 2601 1238 2630 consentanea

185 2653 258 2689 sibi
278 2652 460 2702 dignitate
496 2653 659 2691 excidat.
692 2653 787 2689 Nam
820 2665 938 2701 quum
960 2665 1142 2701 generum
1174 2666 1235 2689 ra-

187 2712 291 2748 tione
318 2711 570 2761 praeditorum
588 2712 746 2747 ultimus
779 2711 849 2756 sit,
882 2723 952 2747 nec
981 2718 1118 2747 natura
1146 2712 1232 2747 talis

187 2778 259 2818 est,
273 2778 316 2807 ut
331 2783 479 2820 semper
492 2770 704 2819 codemque
718 2769 836 2806 modo
851 2770 1038 2818 intelligat
1055 2767 1120 2821 (sic
1135 2770 1236 2806 enim

187 2844 266 2867 non
284 2831 424 2876 homo,
455 2830 521 2866 scd
538 2837 674 2867 natura
695 2821 796 2866 Deus
815 2836 909 2866 esset
926 2829 952 2877 )‚
973 2841 1043 2864 nec
1070 2841 1234 2878 semper,

188 2890 256 2926 etsi
268 2901 348 2926 non
366 2889 501 2926 eodem
517 2888 636 2925 modo
656 2888 867 2937 intelligere
883 2894 1029 2936 potest3
1044 2887 1120 2923 hoc
1136 2888 1236 2923 enim

186 2961 273 2986 eum
293 2948 526 2998 Angelorum
545 2947 670 2984 ordini
691 2947 859 2983 ascribit.
881 2948 991 2983 Nunc
1011 2952 1136 2981 autem
1152 2946 1235 2982 talis

157 3047 162 3053 ¹
186 3015 242 3044 est
262 3008 381 3044 homo
394 3035 404 3054 ‚
420 3014 464 3044 ut
483 3007 532 3043 ad
549 3006 838 3043 similitudinem
856 3005 1010 3054 quidem
1028 3004 1107 3052 ejus
1128 3004 1235 3053 quod

185 3068 422 3116 praestantius
442 3074 497 3104 est
516 3066 698 3103 accedere
728 3066 869 3114 possit,
894 3063 1030 3100 natura
1049 3075 1141 3099 vero
1163 3063 1235 3099 diis

186 3127 464 3162 immortalibus
490 3133 607 3175 atque
638 3124 847 3161 illustribus
866 3123 1065 3168 heroibus,
1089 3129 1132 3158 ut
1152 3122 1232 3170 pri-

185 3186 256 3222 mis
286 3193 324 3222 et
341 3185 476 3222 mediis
510 3185 711 3234 generibus
737 3183 958 3229 mundanis,
990 3180 1150 3218 inferior
1169 3181 1230 3218 sit.

186 3243 518 3292 Quemadmodum
550 3250 676 3279 autem
702 3242 761 3279 his
794 3242 942 3278 idcirco
976 3240 1136 3276 inferior
1157 3245 1231 3285 est,

187 3304 274 3355 quia
306 3315 387 3339 non
405 3314 555 3351 semper
580 3302 783 3351 intelligit,
817 3301 885 3337 sed
918 3313 992 3336 suae
1022 3299 1230 3347 aliquando

185 3370 331 3399 naturae
351 3368 388 3398 et
415 3362 510 3398 lucis
531 3361 712 3397 divinitus
745 3362 786 3396 in
819 3361 941 3409 ipsum
970 3358 1232 3412 descendentis

186 3422 334 3458 inscitia
364 3427 401 3457 et
425 3420 620 3456 oblivione
636 3419 790 3456 laborat
815 3430 825 3457 ε
845 3419 897 3455 sic
924 3418 1037 3459 bruta
1056 3417 1232 3453 animalia

130 3501 133 3504 -
187 3487 224 3517 et
250 3480 398 3529 plantas
420 3485 592 3528 superat,
612 3478 719 3527 quod
737 3491 815 3515 non
829 3489 978 3526 semper
995 3477 1033 3512 in
1051 3476 1230 3524 ignoran-

188 3541 238 3576 tia
257 3545 406 3585 manet,
423 3531 585 3586 totaque
594 3537 745 3575 terrena
764 3544 801 3574 et
819 3537 974 3573 mortali
991 3535 1123 3571 natura
1137 3562 1146 3580 ‚
1165 3535 1230 3571 sua

2262 313 2336 348 469

1297 390 1421 443 θεσμὸς
1439 389 1564 444 ὥρισεν
1586 390 1734 431 ἕκαστα.
1791 390 1857 429 Ἐκ
1877 391 1912 429 δὲ
1929 392 2058 431 τούτων
2081 396 2147 431 τῶν
2165 395 2224 434 δύο
2237 395 2342 445 γνώ-

1297 466 1432 498 σεων,
1449 453 1512 496 τῆς
1537 465 1575 488 τε
1595 449 1676 502 περὶ
1691 450 1754 497 τὴν
1785 450 1975 501 ἀσώματον
1997 451 2136 498 ποίησιν
2162 457 2223 491 τοῦ
2244 457 2320 492 θεοῦ
2334 483 2345 503 ,

1296 507 1356 547 καὶ
1375 511 1437 555 τ’ῆς
1454 507 1535 559 περὶ
1566 507 1631 554 τὴν
1651 508 1857 557 σωματικήν
1869 539 1882 557 ,
1913 509 2098 548 κάλλιστον
2121 512 2263 550 ἐπανθεῖ
2279 514 2346 552 πό·

1297 582 1433 620 ρισμα,
1455 566 1495 604 τὸ
1516 566 1627 617 μήτε
1648 566 1796 605 ἄελπτ’
1815 566 2039 617 ἐλπίζειν,
2065 568 2183 618 μήτε
2212 587 2254 608 τι
2270 572 2348 618 λή-

1296 631 1406 665 θειν.
1467 625 1535 665 Ἐκ
1554 625 1621 678 γὰρ
1640 629 1702 664 τοῦ
1725 625 1908 664 λανθάνειν
1925 629 2018 677 ἡμᾶς
2044 625 2105 672 τὴν
2136 628 2256 667 οὖσίαν
2278 631 2345 667 τῶν

1296 684 1515 737 πραγμάτων
1530 683 1734 736 ἀπογίνεται
1747 685 1806 722 καὶ
1823 684 1862 723 τὸ
1876 684 1899 723 ἄ
1910 685 2032 724 ελπτ’
2047 686 2268 735 ἐλπίζειν,
2288 689 2357 727 καὶ»

1295 743 1335 782 τὸ
1353 743 1506 782 ἀδύνατα
1526 744 1710 796 περινοεῖν.
1771 737 1880 792 Οἶον,
1896 743 1927 783 εἴ
1946 760 1997 789 τις
2013 744 2194 798 ἅνθρωπος
2208 745 2257 784 ὢν
2277 749 2346 784 τῶν

1298 802 1479 841 ἀθανάτων
1510 805 1595 842 θεῶν
1630 802 1806 847 ἐλπίζει
1838 802 2020 854 γενέσθαι,
2052 802 2074 850 ἢ
2108 805 2175 842 τῶν
2209 805 2348 855 ἀγαυῶν

1296 860 1423 911 ἡρώων
1438 891 1448 909 ,
1470 855 1569 905 οὗτος
1588 862 1651 899 οὐκ
1672 855 1742 899 οἶδε
1760 860 1838 905 τοὺς
1858 859 1957 914 ὄρους
1975 864 2037 909 τῆς
2056 878 2079 914 φ
2091 862 2203 900 ύσεω
2215 878 2229 906 ς
2241 893 2251 912 ,
2271 861 2349 901 οὔτε

1297 922 1365 958 τῶν
1397 919 1505 959 ὄντων
1525 924 1649 972 πρῶτα
1670 919 1730 959 καὶ
1752 920 1844 970 μέσα
1873 920 1931 959 καὶ
1958 921 2093 973 ἔσχατα
2124 922 2350 962 διεστείλατο.

1301 979 1371 1018 Καὶ
1392 979 1497 1017 πάλιν
1512 1008 1522 1027 ,
1544 978 1575 1017 εἴ
1593 995 1644 1022 τις
1672 978 1735 1026 τὴν
1757 981 1881 1017 ἑαυτοῦ
1909 979 2025 1032 ψυχὴν
2054 981 2350 1028 συναποθνήσκειν

1297 1036 1406 1074 οἴεται
1426 1039 1475 1089 τῷ
1491 1039 1604 1089 θνητῷ
1622 1036 1780 1086 σώματι,
1799 1037 1919 1091 ἀγνοίᾳ
1937 1041 1999 1085 τῆς
2011 1038 2207 1091 προσούσης
2224 1041 2350 1077 ἀθανα-

1299 1095 1375 1139 σίας
1395 1098 1438 1146 τῇ
1459 1095 1614 1147 ἡμετέρα
1635 1097 1754 1148 ψυχῇ,
1771 1097 1953 1150 προσδοκᾷ
1975 1097 1997 1135 ἃ
2020 1098 2068 1147 μὴ
2087 1098 2157 1144 δεῖ,
2179 1097 2268 1148 μηδὲ
2295 1091 2350 1136 οἷά

1298 1169 1335 1191 τε
1354 1154 1528 1205 γενέσθαι.
1587 1153 1742 1204 Ὁμοίως
1757 1155 1793 1193 δὲ
1821 1155 1882 1193 καὶ
1911 1158 1928 1194 ὁ
1952 1155 2070 1207 θηρίου
2097 1156 2351 1209 μεταμφιάσα-

1298 1216 1378 1251 σθαι
1401 1216 1505 1263 σῶμα
1534 1213 1746 1261 ἐλπίζων,
1766 1213 1826 1252 καὶ
1847 1215 1933 1266 ζῷον
1967 1215 2091 1266 ἄλογον
2112 1214 2273 1266 γενέσθαι
2294 1214 2353 1253 διὰ

1301 1271 1451 1322 κακίαν,
1484 1270 1507 1318 ἢ
1524 1271 1584 1310 καὶ
1605 1271 1710 1325 φυτὸν
1731 1273 1773 1310 δι’
1796 1272 1920 1324 ἀργίαν
1941 1275 2155 1320 αἰσθήσεως,
2176 1274 2236 1313 καὶ
2256 1268 2353 1318 οὗτος

1301 1331 1537 1384 ἀντιστρόφως
1564 1332 1633 1374 τοῖς
1657 1333 1704 1375 εἷς
1731 1330 1775 1369 τὰ
1796 1331 1868 1370 ἄνω
1889 1331 1972 1382 γένη
1993 1333 2255 1382 μεταίῗάλλουσι
2285 1332 2350 1379 τὴν

1299 1394 1359 1428 τοῦ
1379 1389 1564 1442 ἀνθρώπου
1595 1389 1715 1428 οὐσίαν
1750 1389 1836 1442 πρὸς
1861 1390 1906 1428 τὰ
1935 1390 2033 1428 κάτω
2054 1391 2162 1437 αὐτὴν
2189 1395 2352 1438 συνωθεῖ,

1301 1446 1569 1498 πεπλανημένος
1588 1448 1646 1486 καὶ
1676 1448 1725 1499 μὴ
1755 1451 1841 1487 νοῶν
1861 1450 1901 1488 τὸ
1922 1449 2167 1499 ἀμετάὸλητον
2192 1454 2252 1489 τοῦ
2273 1453 2352 1489 κατ’

1299 1506 1420 1545 οὐσίαν
1440 1506 1658 1559 ὑπάρχοντος
1678 1507 1787 1551 εἴδους
1806 1510 1850 1559 τῇ
1880 1508 2082 1560 ἀνθρωπίνῃ
2103 1510 2213 1561 ψυχῇ.
2281 1509 2351 1548 Ἀεὶ

1299 1564 1366 1617 γὰρ
1390 1564 1542 1616 μένουσα
1558 1564 1739 1618 ἄνθρωπος
1753 1595 1763 1615 ,
1779 1568 1823 1618 τῇ
1844 1569 1905 1613 τῆς
1926 1567 2050 1617 ἀρετῆς
2066 1567 2127 1605 καὶ
2146 1565 2271 1611 κακίας
2288 1566 2352 1605 ἀνὰ

1301 1624 1406 1676 μέρος
1425 1623 1572 1673 κτήσει,
1597 1623 1714 1676 θηρίον
1741 1623 1924 1675 λέγεταιῆ
1949 1624 2022 1670 θεὸς
2049 1624 2223 1676 γίνεσθαι·
2253 1624 2353 1679 φύσει

1302 1771 1533 1816 substantia,
1555 1772 1730 1819 superior
1756 1779 1831 1818 est,
1865 1773 2007 1821 quippe
2034 1774 2100 1821 qui
2128 1775 2265 1810 natura
2299 1775 2352 1810 ita

1302 1837 1550 1879 comparatus
1577 1831 1649 1878 sit,
1680 1838 1722 1866 ut
1743 1830 1792 1867 ad
1816 1833 1939 1867 Deum
1974 1833 2143 1868 converti
2171 1840 2286 1881 queat
2316 1841 2352 1869 et

1300 1888 1572 1924 recordatione
1589 1889 1823 1926 oblivionem
1837 1890 2035 1938 dispellere
2045 1891 2298 1940 doctrinaque
2306 1905 2351 1929 ea

1299 1957 1532 1996 recuperare
1550 1960 1633 1996 quae
1651 1949 1774 1984 amisit
1792 1956 1829 1985 et
1846 1948 1940 1998 fugae
1951 1961 2079 1985 rerum
2098 1955 2349 1999 supernarum

1302 2006 1496 2042 contraria
1511 2007 1600 2056 fuga
1619 2007 1780 2045 mederi.
1803 2008 2019 2044 Humanam
2040 2009 2157 2057 igitur
2173 2017 2351 2058 mentem,

1300 2076 1418 2111 quum
1440 2065 1523 2100 talis
1540 2066 1606 2110 sit,
1630 2065 1741 2102 decet
1762 2078 1870 2101 nosse
1885 2067 2055 2102 Deorum
2073 2068 2349 2106 immortalium

1300 2130 1338 2157 et
1368 2123 1571 2158 hominum
1597 2124 1821 2160 mortalium
1864 2125 2195 2172 constitutionem,
2231 2126 2271 2162 id
2297 2135 2352 2164 est

1299 2193 1481 2229 generum
1501 2184 1651 2219 ratione
1664 2183 1916 2232 praeditorum
1931 2183 2227 2230 ordinationem,
2242 2198 2351 2222 nosse

1299 2241 1413 2276 etiam
1433 2250 1606 2278 naturam
1631 2246 1732 2278 omni
1749 2255 1799 2278 ex
1812 2251 1925 2292 parte
1942 2246 2002 2279 sui
2021 2245 2192 2288 similem,
2219 2244 2259 2280 id
2278 2252 2347 2290 est,

1301 2310 1528 2346 corpoream
1549 2300 1797 2336 substantiam
1810 2330 1819 2348 ‚
1842 2313 1863 2337 a
1894 2314 2042 2337 summo
2072 2314 2210 2351 genere
2229 2316 2349 2351 usque

1301 2357 1350 2393 ad
1368 2357 1540 2394 infimum
1568 2361 1823 2408 proportione
1847 2362 2050 2409 specieque
2071 2362 2196 2398 divina
2228 2375 2350 2399 exor—

1300 2423 1428 2451 natam
1463 2428 1471 2451 :
1495 2429 1599 2452 nosse
1618 2424 1743 2453 autem
1762 2417 1844 2453 haec
1872 2419 2000 2454 omnia
2014 2446 2025 2466 ‚
2043 2421 2168 2467 quoad
2171 2418 2246 2464 sas
2267 2429 2323 2456 est
2335 2449 2345 2466 ‚

1298 2475 1373 2511 hoc
1393 2482 1448 2511 est
1461 2503 1471 2521 ‚
1493 2482 1535 2511 ut
1555 2476 1638 2524 lege
1659 2475 1841 2524 disposita
1860 2484 1947 2512 sunt
1969 2485 2006 2513 et
2024 2477 2347 2525 quemadmodum

1299 2545 1318 2568 a
1341 2535 1430 2568 Deo'
1455 2540 1582 2570 creata
1603 2541 1641 2570 et
1673 2534 1872 2583 quomodo
1893 2535 2041 2584 legibus
2068 2535 2147 2583 ejus
2177 2536 2349 2574 ordinata

1300 2598 1388 2626 sunt
1399 2618 1409 2636 ‚
1432 2592 1510 2627 sive
1526 2604 1691 2641 corpora
1708 2593 1804 2640 sint,
1819 2594 1897 2629 sive
1913 2594 2155 2643 incorporea.
2174 2595 2349 2632 Commu-

1297 2651 1397 2686 niter
1416 2651 1515 2686 enim
1538 2650 1585 2687 de
1605 2658 1770 2700 utroque
1790 2652 1861 2687 Dei
1882 2650 2037 2701 opificio
2058 2653 2347 2702 intelligendum

1298 2717 1353 2746 est
1379 2709 1495 2755 illud,
1516 2711 1645 2758 quoad
1659 2708 1733 2755 sas
1763 2718 1832 2749 est.
1863 2711 2023 2759 Oportet
2044 2710 2144 2748 enim
2163 2725 2234 2748 nos
2266 2725 2346 2750 non

1299 2781 1398 2804 caeco
1416 2769 1531 2804 animi
1549 2769 1695 2817 impetu
1715 2768 1895 2818 abreptos
1911 2782 2038 2806 rerum
2057 2770 2280 2819 dignitatem
2297 2772 2346 2808 ad

1296 2833 1433 2862 nostrae
1454 2827 1646 2875 opinionis
1661 2827 1862 2864 arbitrium
1882 2829 2194 2876 accommodare,
2212 2831 2279 2867 sed
2298 2831 2345 2867 ad

1296 2886 1465 2921 veritatis
1501 2885 1651 2934 regulas
1678 2887 1846 2922 animum
1874 2887 2108 2924 attendentes
2129 2901 2348 2936 pernoscere

1295 2956 1354 2979 res
1385 2956 1529 2988 onmes,
1563 2942 1768 2992 quoadsas
1790 2953 1859 2991 est,
1887 2957 2011 2994 eoque
2037 2946 2156 2982 modo
2183 2960 2260 2995 quo
2286 2949 2346 2997 lex

1298 3002 1500 3038 creationis
1514 3003 1663 3052 singula
1680 3005 1886 3042 constituit.
1903 3005 1960 3040 Ex
1971 3003 2117 3053 duplici
2133 3012 2258 3041 autem
2272 3006 2345 3042 hae

1296 3061 1515 3110 cognitione
1541 3074 1700 3110 operum
1725 3063 1795 3099 Dei
1815 3063 2137 3112 incorporeorum
2158 3076 2344 3112 corporc-

1299 3133 1485 3169 orumque
1505 3122 1689 3170 optimum
1708 3122 1832 3158 oritur
1848 3120 2035 3168 ejusmodi
2053 3122 2342 3168 consectarium,

1292 3188 1335 3215 uc
1364 3192 1434 3215 nec
1464 3191 1653 3227 speremus
1682 3193 1767 3228 quoe
1798 3180 1988 3229 speranda
2012 3192 2085 3215 non
2103 3188 2196 3223 sunt,
2226 3193 2343 3228 neque

1292 3239 1494 3287 quidquam
1519 3251 1587 3274 nos
1611 3240 1740 3277 lateat.
1761 3240 1934 3287 Namque
1956 3251 2001 3274 ex
2022 3239 2193 3287 ignorata
2211 3251 2339 3275 rerum

1292 3304 1428 3333 natura
1458 3297 1523 3333 illa
1544 3298 1658 3333 etiam
1684 3299 1854 3346 sequitur
1885 3310 1906 3334 a
1933 3304 2037 3333 recta
2062 3297 2211 3333 ratione
2237 3296 2339 3333 defe-

1292 3358 1368 3393 ctio
1382 3385 1392 3403 ,
1412 3364 1456 3394 ut
1475 3364 1513 3394 et
1528 3369 1571 3394 ea
1589 3370 1791 3407 speremus,
1812 3370 1899 3406 quoe
1916 3357 2106 3405 speranda
2134 3368 2206 3392 non
2229 3364 2336 3402 sunt,

1293 3424 1329 3453 et
1371 3429 1414 3453 ea
1448 3423 1575 3454 mente
1605 3419 1789 3466 agitemus
1821 3429 1904 3465 quae
1936 3414 2019 3452 fieri
2054 3428 2133 3451 non
2166 3422 2338 3463 possunt.

1294 3476 1407 3513 Verbi
1444 3477 1586 3525 gratia,
1624 3478 1655 3512 si
1695 3477 1803 3525 quis,
1830 3488 1948 3524 quum
1981 3475 2098 3510 homo
2125 3475 2190 3519 sit,
2223 3485 2262 3508 se
2299 3474 2339 3509 in

1293 3535 1452 3571 deorum
1475 3536 1746 3572 immortalium
1774 3535 1832 3572 vel
1858 3535 2018 3570 heroum
2043 3533 2243 3568 illustrium
2267 3544 2340 3567 nu-
