2612 3814
327 285 374 315 38
1194 267 1615 307 COMMENTARIUS

324 364 519 415 scriptura
537 370 617 409 est;
636 362 676 399 in
694 360 835 398 Aldina
854 359 1026 397 editione
1043 370 1246 410 perperam
1269 357 1365 405 legi-

327 435 391 464 tur
407 423 493 464 οἵτε.
515 425 593 463 Pro
619 422 695 462 ἐπεὶ
713 417 770 461 οὖν
790 422 976 472 Bergkius
1008 422 1047 459 in
1076 421 1292 459 Comment.
1320 418 1369 456 de

323 484 485 536 Emped.
498 484 670 522 prooem.
690 496 728 535 p.
753 496 797 519 12
816 490 997 532 tanquam
1014 480 1248 531 exquisitius
1265 491 1369 516 com-

326 542 530 581 mendabat
550 542 624 581 ἐπεὶ
641 540 698 581 ἄν.
723 540 807 579 Non
827 541 1044 589 refragarer
1065 539 1149 590 ejus
1169 536 1368 589 opinioni,

325 609 401 647 nisi
416 616 452 646 et
472 608 547 646 alia
565 607 718 646 omissae
733 614 821 658 post
839 605 914 644 ἐπεὶ
929 602 1368 654 conjunctivojunctum

325 668 366 706 ἂν
392 667 595 719 particulae
621 665 798 716 exempla
828 665 869 704 in
897 673 1072 702 veterum
1108 661 1370 701 monumentis

325 734 585 778 superessent.
599 725 663 763 Sic
678 722 987 763 llomeruslliad.
1001 721 1072 760 lib.
1089 721 1221 769 XV‚36
1232 735 1245 757 1
1264 732 1371 770 seqq.

752 808 866 862 ἔρειπε
886 808 921 846 δὲ
936 808 1048 859 τεῖχος
1063 806 1211 859 Ἀχαιῶν

382 874 457 924 ῥεῖα
476 870 575 921 μάλ’,
595 871 640 914 ὡς
662 869 718 907 ὅτε
734 885 783 913 τις
804 868 965 922 ψάμαθον
983 867 1063 911 πάϊς
1085 867 1168 918 ἄγχι
1183 864 1372 911 θαλάσσης·

379 929 451 968 ὅστ’
468 930 543 968 ἐπεὶ
560 923 618 967 οἶν
639 928 767 979 ποιήσῃ
788 926 972 980 ἀθύρματα
986 925 1184 977 νηπιέῃσιν,

379 987 428 1042 ἂψ
445 983 541 1032 αὖτις
558 989 720 1040 συνέχευε
738 986 838 1025 ποσὶν
858 985 917 1024 καὶ
932 985 1053 1039 χερσὶν
1070 985 1216 1036 ἀθύρων.

326 1076 535 1129 Sophocles
556 1076 688 1126 Antig.
710 1088 770 1115 vs.
788 1076 887 1113 1023
909 1087 1019 1126 seqq.
1039 1073 1100 1112 ed.
1119 1072 1188 1114 Br.

859 1161 1070 1216 ἀνθρώποισι
1086 1160 1154 1214 γὰρ

379 1227 449 1268 τοῖς
468 1228 557 1262 πᾶσι
573 1222 685 1262 κοινόν
707 1224 780 1261 ἐστι
794 1221 1107 1274 τούξαμαρτάνειν·

381 1282 456 1320 ἐπεὶ
473 1283 503 1320 δ’
521 1282 682 1335 ἁμάρτῃ,
697 1284 806 1325 κεῖνος
827 1282 889 1319 οὔκ
907 1281 954 1319 ἔτ’
979 1279 1049 1319 ἔστ’
1071 1277 1158 1333 ἀνὴρ

380 1339 527 1385 ἄδουλος
545 1341 614 1379 οὐδ’
632 1340 794 1388 ἄνολῧος,
814 1339 906 1384 ὅστις
923 1341 956 1384 ἐς
974 1339 1079 1378 κακὸν

380 1399 496 1438 πεσὼν
516 1392 651 1438 ἀκεῖται
669 1400 751 1451 μηδ’
774 1399 934 1448 ἀκίνητος
950 1398 1060 1438 πέλει.

329 1486 390 1526 ld.
412 1487 544 1539 OEdip.
561 1488 644 1528 Col.
663 1501 718 1527 vs.
740 1488 839 1526 1225
854 1501 962 1539 seqq.
982 1487 1030 1539 μὴ
1047 1487 1216 1541 φῦναιτὸν
1233 1487 1374 1525 ἅπαντα

326 1553 406 1600 νικᾷ
430 1547 544 1598 λόγον·
564 1546 604 1586 τὸ
624 1547 669 1594 δ’,
696 1547 772 1585 ἐπεὶ
797 1550 911 1600 φανῇ,
935 1550 1040 1599 βῆναι
1071 1548 1181 1586 κεῖθεν
1205 1547 1279 1586 ὅθεν
1309 1563 1376 1601 περ

278 1625 281 1629 ·
326 1604 423 1654 ἥκει,
443 1605 532 1644 πολὺ
564 1604 744 1659 δεύτερον,
766 1608 812 1650 ὡς
826 1606 994 1658 τάχιστα.
1015 1607 1144 1653 Quare
1167 1607 1267 1646 nihil
1291 1620 1375 1645 mu-

328 1664 499 1703 tandum.

379 1723 444 1763 Vs.
470 1726 557 1772 137.
578 1723 725 1776 ἁρμονίη
739 1722 895 1776 μίξαντε]
913 1724 1026 1775 Apud
1039 1725 1285 1776 Simplicium
1303 1739 1377 1777 pro

328 1782 477 1836 ἇρμονίῃ
491 1784 591 1821 male
610 1793 809 1822 exaratum
829 1792 885 1822 est
905 1782 1055 1835 ἁρμονίη
1071 1785 1176 1835 quod
1190 1783 1271 1835 jam
1297 1798 1378 1822 cor-

330 1842 431 1880 rexit
446 1843 636 1882 Sturzius.
653 1843 777 1881 Porro
792 1843 833 1881 in
853 1843 1048 1893 Simplicii
1072 1843 1190 1882 libris
1210 1843 1377 1882 habetur

331 1899 438 1952 μόξαν
458 1916 518 1949 τε,
553 1902 658 1953 quod
676 1902 850 1952 Scaliger
882 1902 924 1940 in
955 1901 1122 1952 μίξαντο,
1143 1902 1320 1942 Sturzius
1340 1913 1377 1942 et

334 1959 561 1998 Karstenius
590 1961 632 1998 in
668 1960 779 2010 μάξαν
811 1975 864 2007 τε,
889 1961 1089 2011 Bergkius
1118 1961 1159 1999 in
1199 1961 1377 2011 μάξαντε,

330 2017 650 2057 Panzerbieterus
670 2029 707 2058 et
727 2019 900 2058 Steinius
925 2020 967 2058 in
991 2019 1134 2070 μίξαντε
1168 2031 1377 2060 converte-

332 2086 434 2116 runt.
455 2077 548 2116 Nam
566 2079 727 2130 explosa
743 2092 876 2117 eorum
897 2080 1091 2117 sententia
1108 2080 1176 2132 qui
1205 2080 1270 2119 hic
1291 2095 1378 2120 ver-

329 2135 422 2175 bum
439 2137 591 2175 finitum
618 2138 712 2189 poni
742 2137 948 2176 voluerant
982 2139 1172 2190 postremi
1207 2139 1378 2180 editores

330 2195 545 2234 orationem
563 2196 783 2234 inchoatam
801 2197 1012 2248 participio
1029 2198 1251 2236 continuari
1266 2199 1375 2237 intel-

330 2254 519 2294 lexerunt.
539 2255 698 2293 Praestat
714 2265 839 2294 autem
856 2255 997 2306 μίξαντε
1017 2257 1129 2295 alteri
1146 2257 1252 2308 quod
1269 2260 1381 2309 Berg-

330 2313 417 2351 kius
430 2342 440 2361 ‚
462 2322 504 2351 ut
521 2313 725 2363 legeretur,
746 2323 931 2355 suaserat.

383 2372 448 2413 Vs.
467 2374 551 2411 138.
567 2374 607 2411 ἐκ
625 2376 694 2412 τῶν
707 2373 799 2413 εἴδεα
814 2381 921 2412 πᾶσιν
939 2374 1038 2426 κτλ.]
1052 2375 1247 2427 Simplicii
1263 2376 1376 2415 codd.

331 2431 416 2469 πᾶσ’
435 2433 634 2482 ἐναλίγκια,
654 2434 759 2484 quod
783 2434 1014 2473 Karstenius
1042 2435 1085 2472 in
1108 2440 1216 2473 πᾶσιν
1236 2435 1380 2489 ἀλίγκια

335 2489 517 2529 correxit.
536 2490 641 2528 Idem
658 2493 758 2530 bene
777 2491 989 2544 πορσύνουσι
1009 2493 1181 2531 restituit
1199 2494 1242 2532 in
1263 2494 1325 2546 cuj
1334 2509 1379 2534 us

335 2550 463 2588 locum
486 2549 661 2589 Sturzius
681 2551 907 2605 πορσυνέουσι
927 2552 1191 2593 substituerat.

390 2608 452 2647 Vs.
478 2623 491 2646 1
502 2610 565 2659 39.
586 2609 728 2662 δένδρεά
743 2627 780 2650 τε
796 2612 975 2665 κτίζοντε]
990 2612 1062 2651 Hic
1081 2626 1238 2664 quoque
1253 2627 1382 2653 exem·

338 2668 425 2719 plar
444 2669 628 2707 Aldinum
658 2679 694 2708 et
719 2670 911 2723 Simplicii
926 2671 1174 2720 Vmembranae
1193 2673 1382 2714 exhibent

337 2726 452 2771 κτίζον
472 2741 509 2765 τε
523 2757 532 2774 ,
566 2728 642 2766 nisi
675 2729 779 2780 quod
817 2730 940 2768 codex
971 2731 1017 2770 D.
1049 2731 1166 2770 habet
1194 2732 1381 2778 κτίζοντες.

337 2782 510 2835 Scaliger
535 2794 573 2823 et
596 2786 821 2827 Karstenius
840 2798 1017 2828 auctores
1043 2790 1222 2843 fuerunt,
1244 2802 1288 2831 ut
1309 2794 1380 2831 xri-

339 2845 434 2888 ζουσι
464 2854 686 2895 poneretur.
720 2847 769 2884 At
794 2849 983 2886 sententia
1001 2849 1194 2888 desiderat
1220 2853 1380 2903 partici-

339 2904 448 2955 pium
465 2904 637 2951 κτίζοντε,
651 2907 761 2972 ‘quod
777 2921 863 2945 cum
879 2908 1043 2958 Bergkio
1056 2939 1066 2957 ,
1086 2909 1385 2951 Panzerbietero

339 2970 377 3000 et
396 2962 549 3000 Steinio
569 2963 735 3005 restitui.

392 3021 458 3060 Vs.
494 3029 584 3069 142.
615 3021 707 3062 οὕτω
736 3025 784 3076 μή
814 3027 846 3065 σ’
877 3026 997 3065 ἀπάτα
1029 3029 1107 3068 κτλ.
1119 3025 1134 3083 ]
1166 3029 1210 3067 In
1242 3032 1386 3072 Aldino

341 3082 547 3133 exemplo
536 3096 652 3121 iuver
647 3084 738 3122 itur
751 3084 843 3123 οὕτω
864 3086 912 3137 μή
935 3086 970 3124 σ’
989 3087 1134 3139 ἀπατᾶ,
1161 3089 1203 3127 in
1225 3091 1312 3131 cod.
1339 3093 1383 3133 C.

342 3139 410 3189 μὴν
434 3140 568 3188 ἀπάτη.
595 3142 797 3193 Scaliger
787 3158 829 3182 1n
858 3146 1035 3195 margine
1054 3146 1148 3185 libri
1178 3147 1388 3199 Lugduno-

341 3198 473 3238 batavi
497 3201 623 3239 ἀπαιτῶ
642 3204 801 3241 notavit.
823 3203 898 3242 Sed
923 3204 1119 3254 flagitatur
1139 3206 1260 3245 ἀπάτα
1282 3211 1387 3260 quod

341 3259 522 3310 ieposuit
552 3259 741 3300 Sturzius.
773 3263 850 3301 Pro
878 3265 1038 3314 vulgato
1067 3264 1174 3317 φρένα
1196 3276 1299 3306 lecte
1319 3270 1389 3308 de-

341 3317 483 3356 derunt
509 3318 636 3371 φρένας
664 3321 874 3371 Bergkius,
908 3323 1186 3363 Panze1b1ete1
1190 3339 1256 3374 us
1291 3327 1388 3368 Stei-

341 3376 443 3416 nius.
473 3377 719 3430 Caeteroquin
750 3383 795 3423 ὡς
830 3390 1015 3432 sequente
1051 3385 1272 3423 accusativo
1300 3400 1387 3425 cum

342 3436 541 3475 infinitivo
567 3434 667 3476 nihil
687 3438 803 3477 habet
827 3440 1013 3481 insolens.
1035 3441 1100 3480 Sic
1120 3442 1231 3481 Plato
1252 3443 1384 3487 Phaed

343 3506 384 3546 p.
404 3496 477 3534 108
500 3495 531 3534 E
554 3497 613 3534 ed.
628 3496 760 3549 Steph.
780 3498 974 3551 πέπεισμαι
995 3500 1126 3553 τοίνυν,
1145 3496 1167 3550 ἦ
1190 3503 1220 3541 δ’
1236 3502 1286 3551 ὅς,
1306 3505 1387 3556 ἐγω,

1433 355 1479 397 ὡς
1493 369 1630 406 πρῶτον
1652 352 1738 404 μέν,
1754 354 1783 392 εἷ
1801 352 1894 391 ἔστιν
1910 354 1945 392 ἐν
1967 353 2066 406 μέσω
2086 355 2135 392 τῶ
2151 354 2289 427 οὖροινῶ
2303 357 2500 411 περιφερὴς

1433 407 1548 462 ουσα,
1569 411 1679 461 μηδὲν
1696 414 1787 465 αὐτῇ
1808 414 1878 451 δεῖν
1901 411 1991 464 μήτε
2020 413 2121 466 ἀέρος
2140 413 2226 467 πρὸς
2247 414 2287 454 τὸ
2302 413 2352 466 μὴ
2370 422 2496 456 πεσεῖν

1436 471 1526 520 μήτε
1544 472 1651 519 ἄλλης
1676 471 1832 524 ἀνάγκης
1853 473 2033 524 μηδεμιᾶς
2052 472 2235 546 τοιαύτης,
2256 474 2348 514 ἀλλὰ
2368 475 2494 525 ἱκανὴν

1434 523 1526 568 εἶναι
1547 529 1654 576 αὐτὴν
1670 529 1781 583 ἴσχειν
1796 529 1859 578 τὴν
1875 530 2067 581 ὁμοιότητα
2084 534 2145 570 τοῦ
2164 532 2310 584 οὖρανου
2328 534 2406 575 κτλ.
2421 534 2496 575 ubi
2552 532 2554 537 ’

1434 589 1525 627 vide
1538 589 1823 628 lleindorfium.
1841 589 1920 628 Pro
1936 588 1975 628 νύ
1992 606 2050 629 κεν
2063 590 2260 643 Simplicii
2274 592 2390 631 codd.
2410 593 2475 635 CD

1435 663 1498 687 τω.

1488 714 1552 750 Vs.
1576 712 1665 756 143.
1688 714 1823 758 θνητῶν
1836 741 1845 759 ,
1860 711 1948 750 ὅσσα
1965 727 2006 763 γε
2029 713 2123 765 φῦλα
2144 718 2288 764 γεγᾶσιν
2305 714 2467 755 ἀοίσπετα
2480 747 2496 768 ,.

1435 769 1574 824 πηγήν]
1595 770 1813 821 Legebatur
1826 772 1869 811 in
1886 771 2031 810 Aldino
2044 774 2225 825 exemplo
2240 776 2388 824 θνητῶν,
2401 775 2492 817 ὅσσα

1434 845 1474 879 γε
1495 830 1584 877 δῆλα
1616 830 1785 881 γεγάασιν
1802 830 1959 879 ἄσπετα,
1982 830 2118 883 πηγήν,
2136 832 2243 883 quod
2270 830 2497 876 tolaverunt

1414 897 1417 900 ⁴
1437 888 1613 928 Sturzius
1624 898 1661 928 et
1671 889 2010 930 Panzerbieterus.
2031 890 2265 930 Karstenius
2285 892 2374 932 ὅσσα
2391 910 2433 946 γε
2449 895 2492 945 δὴ

1435 951 1604 998 γεγάασιν
1627 951 1765 989 ἄσπετα
1785 950 1958 989 scribere
1973 963 2091 989 ausus
2113 959 2194 1000 est,
2209 952 2350 991 melius
2370 953 2494 1007 Berg-

1436 1008 1524 1046 kius
1539 1007 1628 1047 ὅσσα
1639 1024 1677 1060 γε
1690 1010 1779 1056 δῆλα
1788 1015 1932 1062 γεγᾶσιν
1945 1009 2123 1060 ἀάσπετα,
2141 1010 2189 1048 ad
2208 1010 2321 1062 cujus
2341 1022 2500 1054 senten·

1437 1066 1528 1105 tiam
1545 1068 1904 1108 accessitSteinius.
1917 1068 2099 1107 Nondum
2118 1077 2247 1108 tamen
2265 1083 2501 1122 pei-sanatus

1437 1135 1519 1165 erat
1536 1127 1665 1176 locus;
1690 1129 1759 1179 qui
1785 1141 1905 1180 quum
1921 1129 2126 1179 requirere
2146 1128 2243 1167 mihi
2262 1129 2464 1186 videretur
2483 1148 2495 1172 t

1437 1189 1659 1234 mortalium,
1683 1197 1771 1237 quot
1790 1201 1930 1237 genera
1944 1192 2168 1225 exstiterunt
2188 1192 2494 1241 innumerabilia,

1436 1250 1617 1296 originem
1636 1261 1643 1284 :
1667 1260 1740 1298 pro
1760 1247 1865 1297 δῆλα,
1886 1260 2002 1298 quam
2024 1261 2160 1285 vocem
2180 1248 2321 1286 merito
2339 1249 2499 1291 deleve·

1438 1313 1497 1342 rat
1519 1305 1760 1353 Karstenius,
1780 1307 1932 1345 restitui
1954 1307 2062 1359 φῦλα.
2086 1306 2180 1345 Nam
2201 1307 2308 1358 quod
2329 1308 2502 1350 Panzer-

1397 1395 1400 1398 .
1437 1361 1610 1403 bieterus
1630 1366 1684 1403 ait
1705 1366 1795 1413 δῆλα
1815 1379 1899 1404 esse
1927 1379 1972 1404 ea
1996 1379 2081 1417 quae
2098 1364 2147 1404 ab
2168 1365 2405 1418 Empedocle
2433 1384 2493 1411 vs.

1439 1422 1512 1466 234
1536 1421 1580 1460 τὰ
1599 1427 1660 1462 νῦν
1677 1424 1879 1478 ἐσορώμενοι
1900 1425 2016 1463 πάντα
2039 1434 2229 1464 vocantur
2250 1440 2258 1464 :
2282 1426 2323 1464 id
2348 1440 2502 1468 sermo-

1438 1481 1500 1520 nis
1519 1496 1614 1522 usus
1634 1486 1794 1536 respuit.
1811 1484 1968 1537 Quippe
1986 1485 2089 1523 inter
2115 1498 2182 1523 eos
2199 1486 2267 1537 qui
2287 1485 2388 1526 bene
2406 1499 2498 1529 sunt

1438 1553 1484 1590 gl
1485 1555 1562 1581 aece
1578 1543 1696 1582 locuti
1722 1546 1906 1583 convenit
1923 1543 2038 1584 πολλὰ
2065 1559 2125 1582 και
2150 1549 2224 1589 τοῖς
2241 1545 2351 1596 μηδὲν
2371 1550 2497 1602 ὁρῶσι,

1438 1603 1532 1639 τοῦτ’
1554 1603 1628 1642 ἔστι
1644 1604 1715 1648 τοῖς
1731 1605 1870 1657 τυφλοῖς
1895 1607 1985 1642 εἶναι
2009 1604 2113 1651 δῆλα.
2133 1605 2313 1644 Sturzlus
2329 1619 2427 1647 vero
2440 1609 2502 1647 in·

1440 1668 1496 1697 tet·
1498 1671 1655 1712 pretans
1700 1677 1708 1701 :
1743 1677 1974 1714 quaecunque
2007 1673 2197 1714 apparent
2228 1669 2420 1715 permulta
2461 1682 2496 1710 s

1440 1733 1582 1770 magno
1610 1736 1773 1769 numero,
1801 1724 2029 1775 pariterque
2051 1722 2388 1765 Lommatzschius
2406 1740 2496 1767 ver-

1440 1787 1522 1818 tens
1546 1794 1555 1817 :
1571 1783 1653 1818 aLs‘o
1672 1782 1780 1819 nicht
1795 1781 1959 1819 toeusclze
1968 1783 2043 1818 den
2061 1784 2156 1819 Simz
2175 1785 2250 1833 dir,
2270 1785 2360 1822 dass
2373 1788 2506 1828 wolter-

1439 1841 1576 1876 anders
1592 1841 1687 1877 noch
1701 1854 1812 1878 woere
1820 1841 2059 1878 sterblichen]
2062 1869 2073 1886 ,
2096 1842 2256 1880 welches
2261 1847 2311 1891 ja
2325 1844 2498 1888 kloerlich

1439 1901 1658 1936 unmessbar
1668 1902 1884 1949 geworden,
1905 1905 1964 1938 ein
1984 1902 2153 1950 Urquell,
2175 1901 2357 1940 videntur
2375 1913 2500 1955 poetae

1439 1969 1596 1996 versum
1625 1959 1679 1997 ita
1706 1959 1926 2011 accepisse,
1948 1959 2061 2010 quasi
2090 1959 2133 1997 in
2163 1960 2292 1999 soluta
2315 1963 2503 2004 oratione

1440 2014 1592 2054 dicatur
1612 2030 1619 2054 :
1641 2014 1731 2055 ὅσσα
1746 2031 1785 2069 γε
1807 2016 1896 2063 δῆλά
1917 2017 2012 2055 ἐστιν
2032 2016 2254 2069 ἀναρίθμητοι
2267 2021 2498 2072 γεγενημένα.

1441 2075 1561 2126 Atqui
1576 2076 1624 2114 de
1639 2090 1771 2115 rerum
1784 2076 2035 2115 multitudine
2052 2078 2169 2115 unice
2183 2078 2344 2118 solliciti
2361 2088 2499 2121 earum

1440 2136 1666 2174 varietatem
1688 2150 1803 2188 quam
1822 2136 1932 2174 locus
1951 2136 2123 2188 postulat
2142 2150 2222 2176 non
2241 2149 2443 2180 curarunt.

1494 2195 1559 2234 Vs.
1586 2202 1673 2242 144.
1712 2195 1803 2234 ἀλλὰ
1823 2198 1932 2248 τορῶς
1967 2194 2060 2233 τοῦτ’
2083 2194 2176 2244 ἴσθι,
2207 2199 2286 2236 θεοῦ
2305 2199 2405 2252 ποίρα
2424 2203 2503 2251 μῦ-

1442 2258 1499 2293 θον
1532 2254 1707 2306 ἀκούσας]
1739 2254 1958 2305 Legebatur
1981 2256 2097 2302 ταῦτ’,
2121 2255 2228 2306 quod
2259 2271 2346 2296 cum
2375 2261 2497 2311 Berg-

1440 2314 1507 2352 kio
1536 2314 1579 2352 in
1610 2316 1702 2354 τοῦτ’
1732 2314 1921 2352 converti.
1948 2314 1998 2352 Αῑ
2025 2315 2154 2352 minus
2182 2325 2286 2354 recte
2320 2317 2505 2359 Sturzius

1442 2382 1479 2412 et
1496 2374 1683 2424 Bergkius
1705 2383 1793 2426 post
1816 2373 1913 2426 πάρα
1927 2374 2194 2412 distinctionis
2214 2376 2407 2426 virgulam
2426 2392 2501 2430 po-

1443 2431 1628 2481 suerunt,
1661 2434 1734 2472 rati
1764 2433 2038 2484 Empedoclem
2075 2433 2229 2482 dicere,
2263 2448 2417 2475 omnem
2438 2451 2502 2476 ro·

1443 2505 1530 2529 rum
1565 2492 1761 2531 infinitam
1788 2492 2019 2530 varietatem
2046 2505 2068 2530 a
2090 2492 2163 2530 deo
2188 2501 2372 2545 tanquam
2396 2495 2507 2536 fonte

1443 2559 1480 2588 et
1500 2551 1655 2601 origine
1680 2551 1929 2602 repetendam
1955 2564 2053 2590 esse.
2086 2551 2317 2592 Karstenius
2336 2557 2443 2604 (Tvero
2465 2565 2504 2595 et

1443 2610 1767 2649 Panzerbieterus
1787 2620 1989 2662 perspecta
2017 2611 2264 2662 Empedoclis
2284 2622 2413 2653 mente
2431 2617 2505 2667 qui

1445 2683 1573 2708 rerum
1595 2670 1739 2708 fontem
1758 2670 1948 2708 elementa
1963 2683 2047 2709 esse
2066 2671 2169 2718 vult,
2191 2675 2269 2711 θεοῦ
2285 2672 2334 2710 ad
2351 2672 2505 2712 Musam

1447 2730 1516 2783 (cf.
1535 2744 1595 2770 vs.
1624 2731 1697 2768 106
1716 2739 1754 2769 et
1776 2729 1873 2783 483)
1895 2731 2136 2779 retulerunt,
2158 2740 2202 2770 ut
2232 2741 2350 2784 poeta
2379 2733 2503 2774 disci-

1445 2792 1580 2843 pulum
1604 2792 1808 2844 alloquens
1839 2792 2011 2831 auditam
2042 2806 2065 2831 a
2084 2793 2156 2831 dea
2180 2793 2296 2847 (παρὰ
2317 2797 2380 2843 τῆς
2401 2797 2501 2851 θεοῦ)

1446 2853 1664 2891 doctrinam
1679 2853 1715 2890 ei
1733 2852 1885 2891 tradere
1909 2866 1949 2891 se
1970 2853 2215 2905 profiteatur.

1499 2911 1566 2951 Vs.
1592 2912 1684 2956 145·
1692 2913 1766 2956 146
1785 2925 1911 2979 nuper
1939 2912 2089 2950 inventi
2118 2922 2208 2951 sunt
2227 2913 2271 2952 in
2291 2913 2525 2967 Hippolyti

1449 2971 1674 3023 [oiiginis]
1690 2970 1897 3010 haeiesium
1913 2972 2091 3010 omnium
2110 2972 2346 3012 refutatione
2364 2987 2403 3027 p.
2425 2981 2506 3024 247

1447 3030 1677 3069 ed.lllille1.
1708 3031 1773 3069 Sic
1799 3039 1927 3070 autem
1947 3031 2149 3083 scriptot:
2181 3047 2262 3084 περι
2293 3026 2343 3071 ων
2363 3032 2508 3087 (φιλίας

1448 3089 1507 3127 καὶ
1529 3088 1683 3143 νείκους)
1699 3092 1717 3127 ὁ
1731 3088 1992 3141 Ἐμπεδοκλῆς,
2005 3089 2058 3128 ὅτι
2076 3089 2168 3129 ἔστιν
2188 3091 2348 3130 ἀθάνατα
2365 3092 2426 3131 δύο
2439 3093 2501 3132 και

1449 3149 1602 3200 ἀγένητα
1615 3179 1626 3197 ,
1644 3148 1705 3188 καὶ
1727 3149 1841 3202 ἀρχὴν
1860 3153 1919 3188 τοῦ
1938 3150 2100 3199 γενέσθαι
2122 3149 2300 3201 μηδέποτε
2320 3150 2504 3206 εἰληφότα,

1448 3210 1542 3261 λέγει
1558 3210 1714 3248 τοιοῦτόν
1731 3224 1809 3246 τινα
1826 3210 1969 3262 τρόπον,

1502 3269 1567 3308 Vs.
1595 3268 1685 3313 145.
1710 3268 1771 3307 και
1795 3268 1863 3322 γὰρ
1881 3268 1942 3307 καὶ
1959 3269 2069 3322 πάρος
2090 3270 2167 3308 κτλ.
2178 3269 2250 3321 ]In
2270 3269 2407 3309 codice
2421 3283 2509 3310 ver·

1449 3342 1516 3367 sus
1542 3329 1597 3367 ita
1617 3328 1806 3367 scribitm
1826 3343 1834 3366 :
1858 3330 1887 3366 εἷ
1912 3328 1980 3381 γὰρ
2006 3345 2066 3368 και
2086 3330 2197 3382 πάρος
2220 3331 2263 3376 ἠν
2289 3328 2350 3368 καὶ
2379 3330 2505 3378 ἔσται,

1451 3386 1530 3427 οὐδέ
1533 3403 1589 3426 πω
1606 3387 1688 3427 τοίω
1706 3388 1811 3440 quod
1828 3388 1958 3426 Miller
1963 3402 2006 3427 us
2022 3391 2060 3427 in
2078 3389 2183 3427 hunc
2203 3388 2362 3427 modum
2378 3389 2504 3428 corri-

1451 3446 1587 3496 gebat:
1614 3448 1643 3486 εἷ
1662 3447 1732 3499 ’γὰρ
1749 3447 1809 3485 καὶ
1823 3447 1932 3499 πάρος
1947 3451 1990 3495 ἠν
2010 3447 2069 3486 καὶ
2085 3447 2228 3486 ἔσσεται
2247 3447 2406 3486 οὐδέποτ’
2424 3447 2502 3488 οἴω.

1451 3507 1591 3546 Melius
1616 3507 1938 3547 Schneidewinus
1959 3508 2101 3549 Philol.
2126 3517 2153 3548 t.
2174 3508 2223 3546 Vl
2256 3522 2297 3560 p.
2322 3510 2394 3547 160
2414 3522 2423 3547 τ
2442 3508 2504 3547 καὶ
