<?xml version="1.0" encoding="UTF-8"?>
<!DOCTYPE html PUBLIC "-//W3C//DTD XHTML 1.0 Transitional//EN"
    "http://www.w3.org/TR/xhtml1/DTD/xhtml1-transitional.dtd">
<html xmlns="http://www.w3.org/1999/xhtml" xml:lang="en" lang="en">
 <head>
  <title>
</title>
<meta http-equiv="Content-Type" content="text/html;charset=utf-8" />
  <meta name='ocr-system' content='tesseract 3.04.00' />
  <meta name='ocr-capabilities' content='ocr_page ocr_carea ocr_par ocr_line ocrx_word'/>
</head>
<body>
  <div class='ocr_page' id='page_1' title='image "./fragmentaphiloso01mulluoft_0500.png"; bbox 0 0 2612 3814; ppageno 0'>
   <div class='ocr_carea' id='block_1_1' title="bbox 283 289 1703 335">
    <p class='ocr_par' dir='ltr' id='par_1_1' title="bbox 283 289 1703 335">
     <span class='ocr_line' id='line_1_1' title="bbox 283 289 1703 335; baseline -0.005 0"><span class='ocrx_word' id='word_1_1' title='bbox 283 301 361 335; x_wconf 79' lang='lat'>400</span> <span class='ocrx_word' id='word_1_2' title='bbox 985 292 1256 332; x_wconf 79' lang='lat' dir='ltr'><strong>llIEROCLIS</strong></span> <span class='ocrx_word' id='word_1_3' title='bbox 1290 289 1703 331; x_wconf 81' lang='lat' dir='ltr'>COMMENTARIUS</span> 
     </span>
    </p>
   </div>
   <div class='ocr_carea' id='block_1_2' title="bbox 277 372 2446 450">
    <p class='ocr_par' dir='ltr' id='par_1_2' title="bbox 277 372 2446 450">
     <span class='ocr_line' id='line_1_2' title="bbox 277 372 2446 450; baseline -0.003 -26"><span class='ocrx_word' id='word_1_4' title='bbox 277 384 425 437; x_wconf 76' lang='grc' dir='ltr'>προσδέξ</span> <span class='ocrx_word' id='word_1_5' title='bbox 427 383 510 432; x_wconf 84' lang='grc' dir='ltr'>ηταί</span> <span class='ocrx_word' id='word_1_6' title='bbox 538 399 572 422; x_wconf 93' lang='grc' dir='ltr'>τι</span> <span class='ocrx_word' id='word_1_7' title='bbox 606 383 761 436; x_wconf 88' lang='grc' dir='ltr'>βλάπτον</span> <span class='ocrx_word' id='word_1_8' title='bbox 782 383 846 431; x_wconf 86' lang='grc' dir='ltr'>τὴν</span> <span class='ocrx_word' id='word_1_9' title='bbox 867 383 1052 437; x_wconf 72' lang='grc' dir='ltr'>φιλόσοφον</span> <span class='ocrx_word' id='word_1_10' title='bbox 1073 382 1199 435; x_wconf 77' lang='grc' dir='ltr'>ὁρμήν,</span> <span class='ocrx_word' id='word_1_11' title='bbox 1229 383 1280 435; x_wconf 73' lang='grc' dir='ltr'>ἐφ’</span> <span class='ocrx_word' id='word_1_12' title='bbox 1303 399 1331 434; x_wconf 84' lang='grc' dir='ltr'>ῳ</span> <span class='ocrx_word' id='word_1_13' title='bbox 1359 390 1365 444; x_wconf 69' lang='grc'>1</span> <span class='ocrx_word' id='word_1_14' title='bbox 1393 380 1558 428; x_wconf 78' lang='grc' dir='ltr'>ειδήσεως</span> <span class='ocrx_word' id='word_1_15' title='bbox 1588 379 1801 450; x_wconf 48' lang='grc' dir='ltr'>Νκαθίζοιμεν</span> <span class='ocrx_word' id='word_1_16' title='bbox 1839 377 2085 431; x_wconf 83' lang='grc' dir='ltr'>δικαστηριον,</span> <span class='ocrx_word' id='word_1_17' title='bbox 2118 378 2306 417; x_wconf 78' lang='grc' dir='ltr'>ἕπικοίτιον</span> <span class='ocrx_word' id='word_1_18' title='bbox 2346 372 2446 431; x_wconf 67' lang='grc' dir='ltr'>ᾆσμα</span> 
     </span>
    </p>
   </div>
   <div class='ocr_carea' id='block_1_3' title="bbox 277 442 1334 674">
    <p class='ocr_par' dir='ltr' id='par_1_3' title="bbox 277 442 1334 674">
     <span class='ocr_line' id='line_1_3' title="bbox 279 442 1333 497; baseline -0.006 -14"><span class='ocrx_word' id='word_1_19' title='bbox 279 444 400 497; x_wconf 81' lang='grc' dir='ltr'>μικρὸν</span> <span class='ocrx_word' id='word_1_20' title='bbox 419 443 560 495; x_wconf 79' lang='grc' dir='ltr'>ὕστερον</span> <span class='ocrx_word' id='word_1_21' title='bbox 578 442 875 495; x_wconf 79' lang='grc' dir='ltr'>μεταμελήσεται.</span> <span class='ocrx_word' id='word_1_22' title='bbox 930 445 963 482; x_wconf 78' lang='grc' dir='ltr'>Τ</span> <span class='ocrx_word' id='word_1_23' title='bbox 968 446 1055 480; x_wconf 82' lang='grc' dir='ltr'>αὖτα</span> <span class='ocrx_word' id='word_1_24' title='bbox 1069 442 1135 494; x_wconf 80' lang='grc' dir='ltr'>γὰρ</span> <span class='ocrx_word' id='word_1_25' title='bbox 1150 442 1266 481; x_wconf 87' lang='grc' dir='ltr'>πάντα</span> <span class='ocrx_word' id='word_1_26' title='bbox 1283 442 1333 479; x_wconf 82' lang='grc' dir='ltr'>τῶ</span> 
     </span>
     <span class='ocr_line' id='line_1_4' title="bbox 277 500 1332 557; baseline -0.005 -16"><span class='ocrx_word' id='word_1_27' title='bbox 277 504 506 557; x_wconf 82' lang='grc' dir='ltr'>προλογισμῷ</span> <span class='ocrx_word' id='word_1_28' title='bbox 529 503 836 553; x_wconf 76' lang='grc' dir='ltr'>διωθεῖσθαιὴμᾶς</span> <span class='ocrx_word' id='word_1_29' title='bbox 858 501 1049 554; x_wconf 83' lang='grc' dir='ltr'>προσήκει,</span> <span class='ocrx_word' id='word_1_30' title='bbox 1070 500 1114 539; x_wconf 75' lang='grc' dir='ltr'>ἵν’</span> <span class='ocrx_word' id='word_1_31' title='bbox 1131 504 1149 540; x_wconf 82' lang='grc' dir='ltr'><strong>ὃ</strong></span> <span class='ocrx_word' id='word_1_32' title='bbox 1177 503 1332 551; x_wconf 83' lang='grc' dir='ltr'>ἐπιλογι-</span> 
     </span>
     <span class='ocr_line' id='line_1_5' title="bbox 280 559 1334 615; baseline -0.004 -15"><span class='ocrx_word' id='word_1_33' title='bbox 280 563 366 612; x_wconf 85' lang='grc' dir='ltr'>σμὸς</span> <span class='ocrx_word' id='word_1_34' title='bbox 388 565 455 601; x_wconf 82' lang='grc' dir='ltr'>τῶν</span> <span class='ocrx_word' id='word_1_35' title='bbox 477 561 714 615; x_wconf 78' lang='grc' dir='ltr'>εἰργασμένων</span> <span class='ocrx_word' id='word_1_36' title='bbox 735 565 820 612; x_wconf 84' lang='grc' dir='ltr'>ἡμῖν</span> <span class='ocrx_word' id='word_1_37' title='bbox 840 561 987 608; x_wconf 78' lang='grc' dir='ltr'>ἡδίστην</span> <span class='ocrx_word' id='word_1_38' title='bbox 1008 559 1075 613; x_wconf 73' lang='grc' dir='ltr'>ἔχῃ</span> <span class='ocrx_word' id='word_1_39' title='bbox 1092 559 1155 607; x_wconf 87' lang='grc' dir='ltr'>τὴν</span> <span class='ocrx_word' id='word_1_40' title='bbox 1176 559 1334 611; x_wconf 81' lang='grc' dir='ltr'>ἀνάμνη-</span> 
     </span>
     <span class='ocr_line' id='line_1_6' title="bbox 279 618 1010 674; baseline -0.003 -14"><span class='ocrx_word' id='word_1_41' title='bbox 279 636 347 670; x_wconf 87' lang='grc' dir='ltr'>σιν,</span> <span class='ocrx_word' id='word_1_42' title='bbox 368 621 410 669; x_wconf 85' lang='grc' dir='ltr'>ἣν</span> <span class='ocrx_word' id='word_1_43' title='bbox 429 621 505 669; x_wconf 79' lang='grc' dir='ltr'>ἑξῆς</span> <span class='ocrx_word' id='word_1_44' title='bbox 526 623 698 660; x_wconf 81' lang='grc' dir='ltr'>ποιεῖσθαι</span> <span class='ocrx_word' id='word_1_45' title='bbox 718 618 1010 674; x_wconf 80' lang='grc' dir='ltr'>παρακελεύεται.</span> 
     </span>
    </p>
   </div>
   <div class='ocr_carea' id='block_1_4' title="bbox 648 726 964 766">
    <p class='ocr_par' dir='ltr' id='par_1_4' title="bbox 648 726 964 766">
     <span class='ocr_line' id='line_1_7' title="bbox 648 726 964 766; baseline -0.006 -1"><span class='ocrx_word' id='word_1_46' title='bbox 648 726 757 766; x_wconf 83' lang='grc' dir='ltr'>ΧΙΧ.</span> <span class='ocrx_word' id='word_1_47' title='bbox 790 730 964 765; x_wconf 83' lang='grc'>40-44.</span> 
     </span>
    </p>
   </div>
   <div class='ocr_carea' id='block_1_5' title="bbox 359 817 1265 1048">
    <p class='ocr_par' dir='ltr' id='par_1_5' title="bbox 360 817 1221 908">
     <span class='ocr_line' id='line_1_8' title="bbox 360 817 1221 860; baseline -0.006 -8"><span class='ocrx_word' id='word_1_48' title='bbox 360 819 443 858; x_wconf 89' lang='grc' dir='ltr'>Μηδ’</span> <span class='ocrx_word' id='word_1_49' title='bbox 456 820 551 852; x_wconf 79' lang='grc' dir='ltr'>ὕπνον</span> <span class='ocrx_word' id='word_1_50' title='bbox 567 820 756 860; x_wconf 78' lang='grc' dir='ltr'>μαλακοῖσιν</span> <span class='ocrx_word' id='word_1_51' title='bbox 771 819 821 850; x_wconf 87' lang='grc' dir='ltr'>ἐπ’</span> <span class='ocrx_word' id='word_1_52' title='bbox 838 818 958 859; x_wconf 77' lang='grc' dir='ltr'>ὄμμασι</span> <span class='ocrx_word' id='word_1_53' title='bbox 972 817 1221 859; x_wconf 83' lang='grc' dir='ltr'>προσδέξασθαι,</span> 
     </span>
     <span class='ocr_line' id='line_1_9' title="bbox 361 865 1147 908; baseline -0.008 -9"><span class='ocrx_word' id='word_1_54' title='bbox 361 869 433 908; x_wconf 84' lang='grc' dir='ltr'>πρὶν</span> <span class='ocrx_word' id='word_1_55' title='bbox 445 870 507 898; x_wconf 81' lang='grc' dir='ltr'>τῶν</span> <span class='ocrx_word' id='word_1_56' title='bbox 520 868 673 908; x_wconf 84' lang='grc' dir='ltr'>ἡμερινῶν</span> <span class='ocrx_word' id='word_1_57' title='bbox 687 866 785 906; x_wconf 81' lang='grc' dir='ltr'>ἔργων</span> <span class='ocrx_word' id='word_1_58' title='bbox 798 865 983 906; x_wconf 86' lang='grc' dir='ltr'>λογίσασθαι</span> <span class='ocrx_word' id='word_1_59' title='bbox 1001 865 1147 896; x_wconf 84' lang='grc' dir='ltr'>ἕκαστον·</span> 
     </span>
    </p>

    <p class='ocr_par' dir='ltr' id='par_1_6' title="bbox 359 911 1265 1048">
     <span class='ocr_line' id='line_1_10' title="bbox 359 911 1229 955; baseline -0.007 -9"><span class='ocrx_word' id='word_1_60' title='bbox 359 919 403 950; x_wconf 90' lang='grc' dir='ltr'>πή</span> <span class='ocrx_word' id='word_1_61' title='bbox 416 914 565 955; x_wconf 80' lang='grc' dir='ltr'>παρέὸην;</span> <span class='ocrx_word' id='word_1_62' title='bbox 579 914 607 944; x_wconf 90' lang='grc' dir='ltr'>τι’</span> <span class='ocrx_word' id='word_1_63' title='bbox 625 912 652 944; x_wconf 75' lang='grc' dir='ltr'>δ’</span> <span class='ocrx_word' id='word_1_64' title='bbox 669 913 755 954; x_wconf 78' lang='grc' dir='ltr'>ἔρεξα</span> <span class='ocrx_word' id='word_1_65' title='bbox 767 923 775 951; x_wconf 89' lang='lat'><strong>;</strong></span> <span class='ocrx_word' id='word_1_66' title='bbox 787 912 816 944; x_wconf 88' lang='grc' dir='ltr'>τί</span> <span class='ocrx_word' id='word_1_67' title='bbox 835 923 890 953; x_wconf 89' lang='grc' dir='ltr'>μοι</span> <span class='ocrx_word' id='word_1_68' title='bbox 901 912 970 943; x_wconf 81' lang='grc' dir='ltr'>δέον</span> <span class='ocrx_word' id='word_1_69' title='bbox 987 912 1045 942; x_wconf 61' lang='grc' dir='ltr'>οὐκ</span> <span class='ocrx_word' id='word_1_70' title='bbox 1063 911 1229 949; x_wconf 69' lang='grc' dir='ltr'>ἐτελέσθης</span> 
     </span>
     <span class='ocr_line' id='line_1_11' title="bbox 361 958 1199 1001; baseline -0.004 -10"><span class='ocrx_word' id='word_1_71' title='bbox 361 960 525 1001; x_wconf 78' lang='grc' dir='ltr'>ἀρξάμενος</span> <span class='ocrx_word' id='word_1_72' title='bbox 547 959 573 991; x_wconf 81' lang='grc' dir='ltr'>δ’</span> <span class='ocrx_word' id='word_1_73' title='bbox 592 959 654 991; x_wconf 81' lang='grc' dir='ltr'>ἀπὸ</span> <span class='ocrx_word' id='word_1_74' title='bbox 672 960 797 1001; x_wconf 83' lang='grc' dir='ltr'>πρώτου</span> <span class='ocrx_word' id='word_1_75' title='bbox 813 959 925 995; x_wconf 79' lang='grc' dir='ltr'>ἐπέξιθι</span> <span class='ocrx_word' id='word_1_76' title='bbox 936 967 943 974; x_wconf 95' lang='grc'>·</span> <span class='ocrx_word' id='word_1_77' title='bbox 962 958 1016 989; x_wconf 88' lang='grc' dir='ltr'>καὶ</span> <span class='ocrx_word' id='word_1_78' title='bbox 1031 958 1199 998; x_wconf 88' lang='grc' dir='ltr'>μετέπειτα</span> 
     </span>
     <span class='ocr_line' id='line_1_12' title="bbox 364 1004 1265 1048; baseline -0.006 -8"><span class='ocrx_word' id='word_1_79' title='bbox 364 1009 449 1040; x_wconf 84' lang='grc' dir='ltr'>δειλὰ</span> <span class='ocrx_word' id='word_1_80' title='bbox 464 1009 519 1048; x_wconf 81' lang='grc' dir='ltr'>μἐν</span> <span class='ocrx_word' id='word_1_81' title='bbox 536 1007 686 1048; x_wconf 81' lang='grc' dir='ltr'>ἐκπρήξας</span> <span class='ocrx_word' id='word_1_82' title='bbox 701 1006 895 1044; x_wconf 82' lang='grc' dir='ltr'>ἐπιπλήσσεο</span> <span class='ocrx_word' id='word_1_83' title='bbox 905 1030 914 1046; x_wconf 91' lang='grc'>,</span> <span class='ocrx_word' id='word_1_84' title='bbox 931 1005 1054 1047; x_wconf 83' lang='grc' dir='ltr'>χρηστὰ</span> <span class='ocrx_word' id='word_1_85' title='bbox 1068 1006 1121 1046; x_wconf 82' lang='grc' dir='ltr'>δέ,</span> <span class='ocrx_word' id='word_1_86' title='bbox 1141 1004 1265 1046; x_wconf 84' lang='grc' dir='ltr'>τέρπευ.</span> 
     </span>
    </p>
   </div>
   <div class='ocr_carea' id='block_1_6' title="bbox 280 1088 1342 1905">
    <p class='ocr_par' dir='ltr' id='par_1_7' title="bbox 280 1088 1342 1905">
     <span class='ocr_line' id='line_1_13' title="bbox 335 1088 1337 1140; baseline -0.003 -11"><span class='ocrx_word' id='word_1_87' title='bbox 335 1090 512 1130; x_wconf 79' lang='grc' dir='ltr'>Ἐνταῦθα</span> <span class='ocrx_word' id='word_1_88' title='bbox 542 1088 726 1140; x_wconf 85' lang='grc' dir='ltr'>γενόμενος</span> <span class='ocrx_word' id='word_1_89' title='bbox 747 1092 806 1128; x_wconf 75' lang='grc' dir='ltr'>τοῦ</span> <span class='ocrx_word' id='word_1_90' title='bbox 826 1088 930 1140; x_wconf 87' lang='grc' dir='ltr'>λόγου</span> <span class='ocrx_word' id='word_1_91' title='bbox 943 1120 953 1138; x_wconf 89' lang='grc'>,</span> <span class='ocrx_word' id='word_1_92' title='bbox 972 1090 1041 1127; x_wconf 83' lang='grc' dir='ltr'>τῶν</span> <span class='ocrx_word' id='word_1_93' title='bbox 1073 1088 1164 1126; x_wconf 81' lang='grc' dir='ltr'>ὅλων</span> <span class='ocrx_word' id='word_1_94' title='bbox 1192 1102 1337 1139; x_wconf 81' lang='grc' dir='ltr'>παραγ·</span> 
     </span>
     <span class='ocr_line' id='line_1_14' title="bbox 280 1146 1338 1220; baseline -0.003 -32"><span class='ocrx_word' id='word_1_95' title='bbox 280 1149 465 1201; x_wconf 88' lang='grc' dir='ltr'>γελμάτων</span> <span class='ocrx_word' id='word_1_96' title='bbox 495 1147 655 1199; x_wconf 84' lang='grc' dir='ltr'>ἄθροισόν</span> <span class='ocrx_word' id='word_1_97' title='bbox 680 1163 739 1220; x_wconf 82' lang='grc' dir='ltr'>μρι</span> <span class='ocrx_word' id='word_1_98' title='bbox 765 1146 827 1195; x_wconf 81' lang='grc' dir='ltr'>τὴν</span> <span class='ocrx_word' id='word_1_99' title='bbox 848 1149 1009 1199; x_wconf 76' lang='grc' dir='ltr'>γνώμην,</span> <span class='ocrx_word' id='word_1_100' title='bbox 1030 1146 1085 1186; x_wconf 76' lang='grc' dir='ltr'>ἵνα</span> <span class='ocrx_word' id='word_1_101' title='bbox 1113 1147 1152 1186; x_wconf 86' lang='grc' dir='ltr'>τὸ</span> <span class='ocrx_word' id='word_1_102' title='bbox 1173 1147 1256 1186; x_wconf 89' lang='grc' dir='ltr'>εἴσω</span> <span class='ocrx_word' id='word_1_103' title='bbox 1276 1150 1338 1194; x_wconf 83' lang='grc' dir='ltr'>τ’ἧς</span> 
     </span>
     <span class='ocr_line' id='line_1_15' title="bbox 281 1206 1337 1263; baseline -0.001 -16.996"><span class='ocrx_word' id='word_1_104' title='bbox 281 1210 395 1263; x_wconf 74' lang='grc' dir='ltr'>ψυχῆς</span> <span class='ocrx_word' id='word_1_105' title='bbox 413 1207 636 1261; x_wconf 83' lang='grc' dir='ltr'>δικαστηριον</span> <span class='ocrx_word' id='word_1_106' title='bbox 654 1207 739 1260; x_wconf 81' lang='grc' dir='ltr'>πρὸς</span> <span class='ocrx_word' id='word_1_107' title='bbox 755 1211 883 1256; x_wconf 74' lang='grc' dir='ltr'>ταῦτα,</span> <span class='ocrx_word' id='word_1_108' title='bbox 902 1209 949 1249; x_wconf 84' lang='grc' dir='ltr'>ὡς</span> <span class='ocrx_word' id='word_1_109' title='bbox 967 1207 1054 1260; x_wconf 83' lang='grc' dir='ltr'>πρὸς</span> <span class='ocrx_word' id='word_1_110' title='bbox 1070 1207 1179 1252; x_wconf 85' lang='grc' dir='ltr'>θείους</span> <span class='ocrx_word' id='word_1_111' title='bbox 1197 1206 1337 1258; x_wconf 84' lang='grc' dir='ltr'>νόμους,</span> 
     </span>
     <span class='ocr_line' id='line_1_16' title="bbox 283 1266 1338 1320; baseline -0.001 -15"><span class='ocrx_word' id='word_1_112' title='bbox 283 1266 498 1316; x_wconf 75' lang='grc' dir='ltr'>ἀποὸλέπον,</span> <span class='ocrx_word' id='word_1_113' title='bbox 534 1270 619 1320; x_wconf 76' lang='grc' dir='ltr'>ποιῇ</span> <span class='ocrx_word' id='word_1_114' title='bbox 643 1268 714 1305; x_wconf 83' lang='grc' dir='ltr'>τῶν</span> <span class='ocrx_word' id='word_1_115' title='bbox 744 1283 781 1305; x_wconf 89' lang='grc' dir='ltr'>ευ</span> <span class='ocrx_word' id='word_1_116' title='bbox 810 1266 832 1314; x_wconf 82' lang='grc' dir='ltr'>ἢ</span> <span class='ocrx_word' id='word_1_117' title='bbox 854 1269 970 1311; x_wconf 85' lang='grc' dir='ltr'>κακῶς</span> <span class='ocrx_word' id='word_1_118' title='bbox 997 1266 1253 1319; x_wconf 81' lang='grc' dir='ltr'>πεπραγμένων</span> <span class='ocrx_word' id='word_1_119' title='bbox 1275 1266 1338 1312; x_wconf 78' lang='grc' dir='ltr'>τὴν</span> 
     </span>
     <span class='ocr_line' id='line_1_17' title="bbox 283 1325 1337 1380; baseline -0.002 -14"><span class='ocrx_word' id='word_1_120' title='bbox 283 1327 468 1379; x_wconf 84' lang='grc' dir='ltr'>ἐπίκρισιν.</span> <span class='ocrx_word' id='word_1_121' title='bbox 526 1326 640 1366; x_wconf 85' lang='grc' dir='ltr'>Πόθεν</span> <span class='ocrx_word' id='word_1_122' title='bbox 673 1326 742 1380; x_wconf 84' lang='grc' dir='ltr'>γὰρ</span> <span class='ocrx_word' id='word_1_123' title='bbox 763 1329 780 1365; x_wconf 84' lang='grc' dir='ltr'><strong>ὁ</strong></span> <span class='ocrx_word' id='word_1_124' title='bbox 801 1325 1025 1378; x_wconf 76' lang='grc' dir='ltr'>ἐπιλογισμὸς</span> <span class='ocrx_word' id='word_1_125' title='bbox 1059 1326 1125 1371; x_wconf 83' lang='grc' dir='ltr'>ἕξει</span> <span class='ocrx_word' id='word_1_126' title='bbox 1154 1326 1251 1365; x_wconf 85' lang='grc' dir='ltr'>δειλὰ</span> <span class='ocrx_word' id='word_1_127' title='bbox 1274 1326 1337 1378; x_wconf 86' lang='grc' dir='ltr'>μὲν</span> 
     </span>
     <span class='ocr_line' id='line_1_18' title="bbox 282 1385 1339 1440; baseline 0.001 -16"><span class='ocrx_word' id='word_1_128' title='bbox 282 1386 527 1440; x_wconf 78' lang='grc' dir='ltr'>εἰργασμένους</span> <span class='ocrx_word' id='word_1_129' title='bbox 560 1390 655 1437; x_wconf 83' lang='grc' dir='ltr'>ἡμᾶς</span> <span class='ocrx_word' id='word_1_130' title='bbox 675 1386 891 1436; x_wconf 80' lang='grc' dir='ltr'>ἐπικόπτειν,</span> <span class='ocrx_word' id='word_1_131' title='bbox 914 1385 1054 1440; x_wconf 84' lang='grc' dir='ltr'>χρηστὰ</span> <span class='ocrx_word' id='word_1_132' title='bbox 1075 1386 1110 1425; x_wconf 82' lang='grc' dir='ltr'>δὲ</span> <span class='ocrx_word' id='word_1_133' title='bbox 1139 1386 1339 1439; x_wconf 84' lang='grc' dir='ltr'>πράξαντας</span> 
     </span>
     <span class='ocr_line' id='line_1_19' title="bbox 283 1445 1337 1514; baseline -0.001 -30"><span class='ocrx_word' id='word_1_134' title='bbox 283 1447 454 1495; x_wconf 82' lang='grc' dir='ltr'>ἐπαινεῖν,</span> <span class='ocrx_word' id='word_1_135' title='bbox 486 1447 516 1484; x_wconf 82' lang='grc' dir='ltr'>εἰ</span> <span class='ocrx_word' id='word_1_136' title='bbox 544 1445 594 1497; x_wconf 86' lang='grc' dir='ltr'>μὴ</span> <span class='ocrx_word' id='word_1_137' title='bbox 629 1448 647 1483; x_wconf 73' lang='grc' dir='ltr'>ὁ</span> <span class='ocrx_word' id='word_1_138' title='bbox 678 1446 913 1514; x_wconf 79' lang='grc' dir='ltr'>προλογισμὸς</span> <span class='ocrx_word' id='word_1_139' title='bbox 942 1445 1067 1497; x_wconf 88' lang='grc' dir='ltr'>νόμους</span> <span class='ocrx_word' id='word_1_140' title='bbox 1095 1445 1190 1489; x_wconf 80' lang='grc' dir='ltr'>τινὰς</span> <span class='ocrx_word' id='word_1_141' title='bbox 1209 1445 1337 1494; x_wconf 72' lang='grc' dir='ltr'>λάόοι,</span> 
     </span>
     <span class='ocr_line' id='line_1_20' title="bbox 280 1499 1339 1552; baseline -0.001 -14"><span class='ocrx_word' id='word_1_142' title='bbox 280 1501 361 1538; x_wconf 85' lang='grc' dir='ltr'>καθ’</span> <span class='ocrx_word' id='word_1_143' title='bbox 392 1499 449 1543; x_wconf 78' lang='grc' dir='ltr'>οὒς</span> <span class='ocrx_word' id='word_1_144' title='bbox 477 1499 649 1552; x_wconf 81' lang='grc' dir='ltr'>προσήκει</span> <span class='ocrx_word' id='word_1_145' title='bbox 683 1515 746 1546; x_wconf 86' lang='grc' dir='ltr'>την</span> <span class='ocrx_word' id='word_1_146' title='bbox 779 1499 870 1547; x_wconf 83' lang='grc' dir='ltr'>ζωὴν</span> <span class='ocrx_word' id='word_1_147' title='bbox 903 1499 1119 1545; x_wconf 84' lang='grc' dir='ltr'>συντάττειν,</span> <span class='ocrx_word' id='word_1_148' title='bbox 1157 1499 1217 1539; x_wconf 83' lang='grc' dir='ltr'>καὶ</span> <span class='ocrx_word' id='word_1_149' title='bbox 1255 1499 1339 1552; x_wconf 84' lang='grc' dir='ltr'>πρὸς</span> 
     </span>
     <span class='ocr_line' id='line_1_21' title="bbox 283 1558 1339 1611; baseline -0.002 -13"><span class='ocrx_word' id='word_1_150' title='bbox 283 1558 424 1604; x_wconf 80' lang='grc' dir='ltr'>τούτους</span> <span class='ocrx_word' id='word_1_151' title='bbox 455 1559 494 1598; x_wconf 84' lang='grc' dir='ltr'>τὸ</span> <span class='ocrx_word' id='word_1_152' title='bbox 520 1562 582 1604; x_wconf 69' lang='grc' dir='ltr'>τῆς</span> <span class='ocrx_word' id='word_1_153' title='bbox 602 1558 830 1605; x_wconf 84' lang='grc' dir='ltr'>συνειδήσεως</span> <span class='ocrx_word' id='word_1_154' title='bbox 857 1565 1030 1609; x_wconf 88' lang='grc' dir='ltr'>ταμιεῖον,</span> <span class='ocrx_word' id='word_1_155' title='bbox 1064 1561 1110 1603; x_wconf 82' lang='grc' dir='ltr'>ὡς</span> <span class='ocrx_word' id='word_1_156' title='bbox 1142 1559 1227 1611; x_wconf 90' lang='grc' dir='ltr'>πρός</span> <span class='ocrx_word' id='word_1_157' title='bbox 1263 1575 1339 1598; x_wconf 90' lang='grc' dir='ltr'>τινα</span> 
     </span>
     <span class='ocr_line' id='line_1_22' title="bbox 282 1616 1339 1672; baseline 0.001 -16"><span class='ocrx_word' id='word_1_158' title='bbox 282 1618 427 1665; x_wconf 84' lang='grc' dir='ltr'>σκοπόν,</span> <span class='ocrx_word' id='word_1_159' title='bbox 450 1617 636 1657; x_wconf 82' lang='grc' dir='ltr'>ἀπευθύνοι</span> <span class='ocrx_word' id='word_1_160' title='bbox 656 1617 714 1656; x_wconf 81' lang='grc' dir='ltr'>τὸν</span> <span class='ocrx_word' id='word_1_161' title='bbox 734 1616 815 1656; x_wconf 78' lang='grc' dir='ltr'>ὅλον</span> <span class='ocrx_word' id='word_1_162' title='bbox 836 1620 938 1669; x_wconf 78' lang='grc' dir='ltr'>ἡμῶν</span> <span class='ocrx_word' id='word_1_163' title='bbox 961 1617 1056 1671; x_wconf 86' lang='grc' dir='ltr'>βίον;</span> <span class='ocrx_word' id='word_1_164' title='bbox 1081 1617 1284 1672; x_wconf 88' lang='grc' dir='ltr'>Ὁσημέραι</span> <span class='ocrx_word' id='word_1_165' title='bbox 1304 1618 1339 1657; x_wconf 87' lang='grc' dir='ltr'>δὲ</span> 
     </span>
     <span class='ocr_line' id='line_1_23' title="bbox 280 1675 1342 1730; baseline -0.001 -14"><span class='ocrx_word' id='word_1_166' title='bbox 280 1681 454 1716; x_wconf 87' lang='grc' dir='ltr'>ποιεῖσθαι</span> <span class='ocrx_word' id='word_1_167' title='bbox 481 1676 544 1724; x_wconf 81' lang='grc' dir='ltr'>τὴν</span> <span class='ocrx_word' id='word_1_168' title='bbox 566 1676 731 1724; x_wconf 82' lang='grc' dir='ltr'>τοιαύτην</span> <span class='ocrx_word' id='word_1_169' title='bbox 758 1676 872 1729; x_wconf 89' lang='grc' dir='ltr'>κρίσιν</span> <span class='ocrx_word' id='word_1_170' title='bbox 892 1678 1103 1728; x_wconf 84' lang='grc' dir='ltr'>εἰσηγεῖται,</span> <span class='ocrx_word' id='word_1_171' title='bbox 1120 1675 1176 1715; x_wconf 79' lang='grc' dir='ltr'>ἵνα</span> <span class='ocrx_word' id='word_1_172' title='bbox 1196 1680 1246 1730; x_wconf 85' lang='grc' dir='ltr'>τῷ</span> <span class='ocrx_word' id='word_1_173' title='bbox 1263 1693 1342 1716; x_wconf 88' lang='grc' dir='ltr'>συν-</span> 
     </span>
     <span class='ocr_line' id='line_1_24' title="bbox 280 1734 1338 1789; baseline -0.001 -14"><span class='ocrx_word' id='word_1_174' title='bbox 280 1736 354 1789; x_wconf 80' lang='grc' dir='ltr'>εχεῖ</span> <span class='ocrx_word' id='word_1_175' title='bbox 372 1738 435 1782; x_wconf 72' lang='grc' dir='ltr'>τῆς</span> <span class='ocrx_word' id='word_1_176' title='bbox 464 1735 605 1787; x_wconf 81' lang='grc' dir='ltr'>μνήμης</span> <span class='ocrx_word' id='word_1_177' title='bbox 623 1736 662 1774; x_wconf 80' lang='grc' dir='ltr'>τὸ</span> <span class='ocrx_word' id='word_1_178' title='bbox 681 1738 742 1782; x_wconf 79' lang='grc' dir='ltr'>τῆς</span> <span class='ocrx_word' id='word_1_179' title='bbox 762 1734 907 1787; x_wconf 87' lang='grc' dir='ltr'>κρίσεως</span> <span class='ocrx_word' id='word_1_180' title='bbox 927 1735 1081 1780; x_wconf 80' lang='grc' dir='ltr'>ἀπλανὲς</span> <span class='ocrx_word' id='word_1_181' title='bbox 1100 1736 1315 1784; x_wconf 81' lang='grc' dir='ltr'>διασώζηται</span> <span class='ocrx_word' id='word_1_182' title='bbox 1330 1749 1338 1758; x_wconf 90' lang='grc'>·</span> 
     </span>
     <span class='ocr_line' id='line_1_25' title="bbox 280 1793 1340 1847; baseline 0.001 -15"><span class='ocrx_word' id='word_1_183' title='bbox 280 1795 366 1847; x_wconf 86' lang='grc' dir='ltr'>πρὸς</span> <span class='ocrx_word' id='word_1_184' title='bbox 397 1793 548 1846; x_wconf 79' lang='grc' dir='ltr'>ἑσπέραν</span> <span class='ocrx_word' id='word_1_185' title='bbox 572 1794 626 1840; x_wconf 88' lang='grc' dir='ltr'>δέ,</span> <span class='ocrx_word' id='word_1_186' title='bbox 646 1795 707 1832; x_wconf 85' lang='grc' dir='ltr'>καὶ</span> <span class='ocrx_word' id='word_1_187' title='bbox 738 1796 784 1838; x_wconf 87' lang='grc' dir='ltr'>εἷς</span> <span class='ocrx_word' id='word_1_188' title='bbox 814 1793 950 1834; x_wconf 74' lang='grc' dir='ltr'>ὕπνον</span> <span class='ocrx_word' id='word_1_189' title='bbox 981 1794 1222 1847; x_wconf 83' lang='grc' dir='ltr'>τρεπομένων,</span> <span class='ocrx_word' id='word_1_190' title='bbox 1245 1796 1340 1840; x_wconf 81' lang='grc' dir='ltr'>ὅπως</span> 
     </span>
     <span class='ocr_line' id='line_1_26' title="bbox 281 1852 1338 1905; baseline 0 -13"><span class='ocrx_word' id='word_1_191' title='bbox 281 1853 322 1892; x_wconf 79' lang='grc' dir='ltr'>ἂν</span> <span class='ocrx_word' id='word_1_192' title='bbox 339 1855 387 1897; x_wconf 88' lang='grc' dir='ltr'>εἷς</span> <span class='ocrx_word' id='word_1_193' title='bbox 407 1852 445 1891; x_wconf 84' lang='grc' dir='ltr'>τὸ</span> <span class='ocrx_word' id='word_1_194' title='bbox 461 1853 571 1904; x_wconf 83' lang='grc' dir='ltr'>πέρας</span> <span class='ocrx_word' id='word_1_195' title='bbox 591 1855 658 1891; x_wconf 83' lang='grc' dir='ltr'>τῶν</span> <span class='ocrx_word' id='word_1_196' title='bbox 685 1856 926 1905; x_wconf 83' lang='grc' dir='ltr'>μεθημερινῶν</span> <span class='ocrx_word' id='word_1_197' title='bbox 945 1853 1105 1905; x_wconf 79' lang='grc' dir='ltr'>πράξεων</span> <span class='ocrx_word' id='word_1_198' title='bbox 1127 1854 1165 1892; x_wconf 82' lang='grc' dir='ltr'>τὸ</span> <span class='ocrx_word' id='word_1_199' title='bbox 1181 1858 1242 1901; x_wconf 65' lang='grc' dir='ltr'>τῆς</span> <span class='ocrx_word' id='word_1_200' title='bbox 1258 1871 1338 1893; x_wconf 87' lang='grc' dir='ltr'>συν·</span> 
     </span>
    </p>
   </div>
   <div class='ocr_carea' id='block_1_7' title="bbox 1367 1851 2189 1906">
    <p class='ocr_par' dir='ltr' id='par_1_8' title="bbox 1367 1851 2189 1906">
     <span class='ocr_line' id='line_1_27' title="bbox 1367 1851 2189 1906; baseline -0.002 -13"><span class='ocrx_word' id='word_1_201' title='bbox 1367 1885 1371 1893; x_wconf 90' lang='grc'>.</span> <span class='ocrx_word' id='word_1_202' title='bbox 1399 1854 1462 1901; x_wconf 88' lang='grc' dir='ltr'>τὴν</span> <span class='ocrx_word' id='word_1_203' title='bbox 1479 1855 1622 1905; x_wconf 80' lang='grc' dir='ltr'>μνήμην</span> <span class='ocrx_word' id='word_1_204' title='bbox 1639 1853 1936 1904; x_wconf 70' lang='grc' dir='ltr'>ἀναλαμὸάνων’</span> <span class='ocrx_word' id='word_1_205' title='bbox 1917 1857 2041 1906; x_wconf 78' lang='grc' dir='ltr'>αρετῆς</span> <span class='ocrx_word' id='word_1_206' title='bbox 2058 1851 2189 1893; x_wconf 74' lang='grc' dir='ltr'>εἵνεκα.</span> 
     </span>
    </p>
   </div>
   <div class='ocr_carea' id='block_1_8' title="bbox 1393 436 2461 1869">
    <p class='ocr_par' dir='ltr' id='par_1_9' title="bbox 1393 436 2461 1848">
     <span class='ocr_line' id='line_1_28' title="bbox 1393 436 2451 492; baseline -0.001 -14"><span class='ocrx_word' id='word_1_207' title='bbox 1393 442 1460 492; x_wconf 83' lang='grc' dir='ltr'>θεῳ</span> <span class='ocrx_word' id='word_1_208' title='bbox 1481 440 1544 487; x_wconf 81' lang='grc' dir='ltr'>τὴν</span> <span class='ocrx_word' id='word_1_209' title='bbox 1564 441 1632 477; x_wconf 83' lang='grc' dir='ltr'>τῶν</span> <span class='ocrx_word' id='word_1_210' title='bbox 1654 438 1841 478; x_wconf 83' lang='grc' dir='ltr'>διαθέσεων</span> <span class='ocrx_word' id='word_1_211' title='bbox 1860 437 2042 491; x_wconf 80' lang='grc' dir='ltr'>ἀνάκρισιν</span> <span class='ocrx_word' id='word_1_212' title='bbox 2064 436 2285 488; x_wconf 75' lang='grc' dir='ltr'>ποιούμενοι,</span> <span class='ocrx_word' id='word_1_213' title='bbox 2304 439 2360 485; x_wconf 82' lang='grc' dir='ltr'>πῆ</span> <span class='ocrx_word' id='word_1_214' title='bbox 2376 453 2451 477; x_wconf 82' lang='grc' dir='ltr'>πα·</span> 
     </span>
     <span class='ocr_line' id='line_1_29' title="bbox 1396 496 2448 551; baseline -0.001 -14"><span class='ocrx_word' id='word_1_215' title='bbox 1396 499 1550 551; x_wconf 49' lang='lat' dir='ltr'><strong>pienum</strong></span> <span class='ocrx_word' id='word_1_216' title='bbox 1570 499 1605 537; x_wconf 88' lang='grc' dir='ltr'>τί</span> <span class='ocrx_word' id='word_1_217' title='bbox 1622 499 1652 536; x_wconf 84' lang='grc' dir='ltr'>δ’</span> <span class='ocrx_word' id='word_1_218' title='bbox 1669 497 1763 551; x_wconf 83' lang='grc' dir='ltr'>ἔρεξ</span> <span class='ocrx_word' id='word_1_219' title='bbox 1773 511 1817 545; x_wconf 90' lang='grc' dir='ltr'>α;</span> <span class='ocrx_word' id='word_1_220' title='bbox 1836 498 1877 536; x_wconf 85' lang='grc' dir='ltr'>τί</span> <span class='ocrx_word' id='word_1_221' title='bbox 1894 513 1971 547; x_wconf 90' lang='grc' dir='ltr'>μοι</span> <span class='ocrx_word' id='word_1_222' title='bbox 1987 497 2085 536; x_wconf 83' lang='grc' dir='ltr'>δέον</span> <span class='ocrx_word' id='word_1_223' title='bbox 2106 496 2448 545; x_wconf 75' lang='grc' dir='ltr'>οὖκίτελέσθης</span> 
     </span>
     <span class='ocr_line' id='line_1_30' title="bbox 1396 555 2452 628; baseline -0.003 -32"><span class='ocrx_word' id='word_1_224' title='bbox 1396 557 1504 597; x_wconf 79' lang='grc' dir='ltr'>Οὕτω</span> <span class='ocrx_word' id='word_1_225' title='bbox 1520 556 1588 628; x_wconf 80' lang='grc' dir='ltr'>γὰρ</span> <span class='ocrx_word' id='word_1_226' title='bbox 1608 555 1930 610; x_wconf 77' lang='grc' dir='ltr'>παραμετρῆσομιν</span> <span class='ocrx_word' id='word_1_227' title='bbox 1947 555 2012 602; x_wconf 81' lang='grc' dir='ltr'>τὴν</span> <span class='ocrx_word' id='word_1_228' title='bbox 2030 557 2164 595; x_wconf 76' lang='grc' dir='ltr'>ἑαυτῶν</span> <span class='ocrx_word' id='word_1_229' title='bbox 2183 555 2275 602; x_wconf 83' lang='grc' dir='ltr'>ζωὴν</span> <span class='ocrx_word' id='word_1_230' title='bbox 2293 560 2364 599; x_wconf 86' lang='grc' dir='ltr'>τοῖς</span> <span class='ocrx_word' id='word_1_231' title='bbox 2382 570 2452 593; x_wconf 84' lang='grc' dir='ltr'>πα-</span> 
     </span>
     <span class='ocr_line' id='line_1_31' title="bbox 1397 611 2453 688; baseline 0 -34"><span class='ocrx_word' id='word_1_232' title='bbox 1397 611 1638 669; x_wconf 81' lang='grc' dir='ltr'>ραδεδομένοις</span> <span class='ocrx_word' id='word_1_233' title='bbox 1655 615 1864 667; x_wconf 83' lang='grc' dir='ltr'>κανόσι,τῷ</span> <span class='ocrx_word' id='word_1_234' title='bbox 1859 614 2054 688; x_wconf 82' lang='grc' dir='ltr'>νομοθέτῃ</span> <span class='ocrx_word' id='word_1_235' title='bbox 2070 616 2120 652; x_wconf 83' lang='grc' dir='ltr'>νῶ</span> <span class='ocrx_word' id='word_1_236' title='bbox 2136 614 2194 653; x_wconf 83' lang='grc' dir='ltr'>τὸν</span> <span class='ocrx_word' id='word_1_237' title='bbox 2212 613 2335 666; x_wconf 84' lang='grc' dir='ltr'>κριτὴν</span> <span class='ocrx_word' id='word_1_238' title='bbox 2349 614 2453 664; x_wconf 88' lang='grc' dir='ltr'>λόγον</span> 
     </span>
     <span class='ocr_line' id='line_1_32' title="bbox 1395 665 2452 746; baseline -0.001 -34"><span class='ocrx_word' id='word_1_239' title='bbox 1395 674 1702 717; x_wconf 80' lang='grc' dir='ltr'>ἐπισυνάπτοντες.</span> <span class='ocrx_word' id='word_1_240' title='bbox 1761 671 1809 713; x_wconf 87' lang='grc' dir='ltr'>Τί</span> <span class='ocrx_word' id='word_1_241' title='bbox 1840 665 1899 711; x_wconf 91' lang='grc' dir='ltr'>ουν</span> <span class='ocrx_word' id='word_1_242' title='bbox 1927 674 1946 711; x_wconf 83' lang='grc' dir='ltr'>ὁ</span> <span class='ocrx_word' id='word_1_243' title='bbox 1973 672 2161 723; x_wconf 76' lang='grc' dir='ltr'>νομοθέτης</span> <span class='ocrx_word' id='word_1_244' title='bbox 2189 673 2306 746; x_wconf 81' lang='grc' dir='ltr'>λέγει,</span> <span class='ocrx_word' id='word_1_245' title='bbox 2332 674 2366 713; x_wconf 86' lang='grc' dir='ltr'><strong>Γ</strong></span> <span class='ocrx_word' id='word_1_246' title='bbox 2369 678 2452 723; x_wconf 72' lang='grc' dir='ltr'>ιμᾶν</span> 
     </span>
     <span class='ocr_line' id='line_1_33' title="bbox 1397 730 2452 785; baseline 0.002 -15"><span class='ocrx_word' id='word_1_247' title='bbox 1397 732 1474 776; x_wconf 73' lang='grc' dir='ltr'>τοὺς</span> <span class='ocrx_word' id='word_1_248' title='bbox 1491 732 1592 784; x_wconf 83' lang='grc' dir='ltr'>φύσει</span> <span class='ocrx_word' id='word_1_249' title='bbox 1611 731 1809 785; x_wconf 88' lang='grc' dir='ltr'>κρείττονας</span> <span class='ocrx_word' id='word_1_250' title='bbox 1824 761 1834 780; x_wconf 89' lang='grc'>,</span> <span class='ocrx_word' id='word_1_251' title='bbox 1851 730 1943 770; x_wconf 78' lang='grc' dir='ltr'>κατὰ</span> <span class='ocrx_word' id='word_1_252' title='bbox 1962 731 2027 779; x_wconf 81' lang='grc' dir='ltr'>τὴν</span> <span class='ocrx_word' id='word_1_253' title='bbox 2042 732 2193 779; x_wconf 80' lang='grc' dir='ltr'>οὖσιώδη</span> <span class='ocrx_word' id='word_1_254' title='bbox 2213 733 2326 770; x_wconf 80' lang='grc' dir='ltr'>αὐτῶν</span> <span class='ocrx_word' id='word_1_255' title='bbox 2341 731 2452 777; x_wconf 75' lang='grc' dir='ltr'>τάξιν.</span> 
     </span>
     <span class='ocr_line' id='line_1_34' title="bbox 1396 790 2456 843; baseline 0.001 -14"><span class='ocrx_word' id='word_1_256' title='bbox 1396 791 1534 830; x_wconf 87' lang='grc' dir='ltr'>Γονέων</span> <span class='ocrx_word' id='word_1_257' title='bbox 1552 791 1612 829; x_wconf 81' lang='grc' dir='ltr'>καὶ</span> <span class='ocrx_word' id='word_1_258' title='bbox 1630 793 1805 842; x_wconf 85' lang='grc' dir='ltr'>συγγενῶν</span> <span class='ocrx_word' id='word_1_259' title='bbox 1818 792 1981 830; x_wconf 86' lang='grc' dir='ltr'>πλεῖστον</span> <span class='ocrx_word' id='word_1_260' title='bbox 2001 794 2176 830; x_wconf 83' lang='grc' dir='ltr'>ποιεῖσθαι</span> <span class='ocrx_word' id='word_1_261' title='bbox 2189 790 2306 843; x_wconf 87' lang='grc' dir='ltr'>λόγον.</span> <span class='ocrx_word' id='word_1_262' title='bbox 2364 790 2456 836; x_wconf 79' lang='grc' dir='ltr'>Τοὺς</span> 
     </span>
     <span class='ocr_line' id='line_1_35' title="bbox 1396 848 2454 903; baseline 0 -15"><span class='ocrx_word' id='word_1_263' title='bbox 1396 849 1544 902; x_wconf 77' lang='grc' dir='ltr'>ἀγαθοὺς</span> <span class='ocrx_word' id='word_1_264' title='bbox 1563 851 1689 902; x_wconf 80' lang='grc' dir='ltr'>ἄνδρας</span> <span class='ocrx_word' id='word_1_265' title='bbox 1710 849 1930 895; x_wconf 83' lang='grc' dir='ltr'>ἀσπάζεσθαι</span> <span class='ocrx_word' id='word_1_266' title='bbox 1949 848 2011 888; x_wconf 85' lang='grc' dir='ltr'>καὶ</span> <span class='ocrx_word' id='word_1_267' title='bbox 2044 850 2169 903; x_wconf 82' lang='grc' dir='ltr'>φιλεῖν.</span> <span class='ocrx_word' id='word_1_268' title='bbox 2225 852 2310 889; x_wconf 77' lang='grc' dir='ltr'>Τῶν</span> <span class='ocrx_word' id='word_1_269' title='bbox 2326 865 2454 901; x_wconf 84' lang='grc' dir='ltr'>σωμα-</span> 
     </span>
     <span class='ocr_line' id='line_1_36' title="bbox 1398 907 2456 960; baseline 0 -13"><span class='ocrx_word' id='word_1_270' title='bbox 1398 911 1503 947; x_wconf 82' lang='grc' dir='ltr'>τικῶν</span> <span class='ocrx_word' id='word_1_271' title='bbox 1525 909 1708 960; x_wconf 82' lang='grc' dir='ltr'>δυνάμεων</span> <span class='ocrx_word' id='word_1_272' title='bbox 1739 908 1937 960; x_wconf 82' lang='grc' dir='ltr'>ὑπερέχειν.</span> <span class='ocrx_word' id='word_1_273' title='bbox 2000 907 2150 947; x_wconf 79' lang='grc' dir='ltr'>Ἑαυτὸν</span> <span class='ocrx_word' id='word_1_274' title='bbox 2170 908 2343 947; x_wconf 80' lang='grc' dir='ltr'>αἰδεῖσθαι</span> <span class='ocrx_word' id='word_1_275' title='bbox 2359 923 2456 947; x_wconf 87' lang='grc' dir='ltr'>παν-</span> 
     </span>
     <span class='ocr_line' id='line_1_37' title="bbox 1398 965 2457 1022; baseline -0.001 -16"><span class='ocrx_word' id='word_1_276' title='bbox 1398 973 1522 1022; x_wconf 77' lang='grc' dir='ltr'>ταχοῦ.</span> <span class='ocrx_word' id='word_1_277' title='bbox 1582 967 1815 1013; x_wconf 84' lang='grc' dir='ltr'>Δικαιοσύνης</span> <span class='ocrx_word' id='word_1_278' title='bbox 1847 966 2103 1018; x_wconf 78' lang='grc' dir='ltr'>ἐπιμελεῖσθαι.</span> <span class='ocrx_word' id='word_1_279' title='bbox 2161 965 2367 1018; x_wconf 78' lang='grc' dir='ltr'>Χρημάτων</span> <span class='ocrx_word' id='word_1_280' title='bbox 2394 965 2457 1006; x_wconf 86' lang='grc' dir='ltr'>καὶ</span> 
     </span>
     <span class='ocr_line' id='line_1_38' title="bbox 1397 1023 2456 1080; baseline -0.003 -14"><span class='ocrx_word' id='word_1_281' title='bbox 1397 1031 1459 1074; x_wconf 81' lang='grc' dir='ltr'>τῆς</span> <span class='ocrx_word' id='word_1_282' title='bbox 1475 1027 1652 1080; x_wconf 77' lang='grc' dir='ltr'>ἐφημέρου</span> <span class='ocrx_word' id='word_1_283' title='bbox 1673 1028 1765 1074; x_wconf 78' lang='grc' dir='ltr'>ζωῆς</span> <span class='ocrx_word' id='word_1_284' title='bbox 1783 1025 2042 1077; x_wconf 80' lang='grc' dir='ltr'>προεγνωκέναι</span> <span class='ocrx_word' id='word_1_285' title='bbox 2065 1025 2103 1064; x_wconf 88' lang='grc' dir='ltr'>τὸ</span> <span class='ocrx_word' id='word_1_286' title='bbox 2124 1023 2328 1078; x_wconf 77' lang='grc' dir='ltr'>εὕφθαρτον.</span> <span class='ocrx_word' id='word_1_287' title='bbox 2384 1023 2456 1065; x_wconf 81' lang='grc' dir='ltr'>Τὸν</span> 
     </span>
     <span class='ocr_line' id='line_1_39' title="bbox 1398 1083 2457 1138; baseline -0.001 -14"><span class='ocrx_word' id='word_1_288' title='bbox 1398 1086 1466 1124; x_wconf 86' lang='grc' dir='ltr'>ἀπὸ</span> <span class='ocrx_word' id='word_1_289' title='bbox 1487 1089 1548 1134; x_wconf 76' lang='grc' dir='ltr'>τῆς</span> <span class='ocrx_word' id='word_1_290' title='bbox 1568 1085 1662 1129; x_wconf 86' lang='grc' dir='ltr'>θείας</span> <span class='ocrx_word' id='word_1_291' title='bbox 1681 1084 1830 1138; x_wconf 85' lang='grc' dir='ltr'>κρίσεως</span> <span class='ocrx_word' id='word_1_292' title='bbox 1857 1083 2124 1135; x_wconf 85' lang='grc' dir='ltr'>ἀπονεμηθέντα</span> <span class='ocrx_word' id='word_1_293' title='bbox 2152 1085 2282 1137; x_wconf 73' lang='grc' dir='ltr'>κλῆρον</span> <span class='ocrx_word' id='word_1_294' title='bbox 2303 1083 2457 1129; x_wconf 75' lang='grc' dir='ltr'>ἀσπάζε·</span> 
     </span>
     <span class='ocr_line' id='line_1_40' title="bbox 1397 1141 2458 1218; baseline -0.001 -35"><span class='ocrx_word' id='word_1_295' title='bbox 1397 1150 1488 1185; x_wconf 88' lang='grc' dir='ltr'>σθαι.</span> <span class='ocrx_word' id='word_1_296' title='bbox 1545 1145 1748 1196; x_wconf 83' lang='grc' dir='ltr'>Θεοπρεπεῖ</span> <span class='ocrx_word' id='word_1_297' title='bbox 1767 1144 1804 1183; x_wconf 82' lang='grc' dir='ltr'>δὲ</span> <span class='ocrx_word' id='word_1_298' title='bbox 1821 1146 1974 1196; x_wconf 72' lang='grc' dir='ltr'>χρῆσθαι</span> <span class='ocrx_word' id='word_1_299' title='bbox 1992 1142 2194 1197; x_wconf 76' lang='grc' dir='ltr'>φρονήματι</span> <span class='ocrx_word' id='word_1_300' title='bbox 2210 1174 2220 1192; x_wconf 93' lang='grc'>,</span> <span class='ocrx_word' id='word_1_301' title='bbox 2238 1141 2300 1181; x_wconf 83' lang='grc' dir='ltr'>καὶ</span> <span class='ocrx_word' id='word_1_302' title='bbox 2315 1142 2400 1218; x_wconf 82' lang='grc' dir='ltr'>πρὸς</span> <span class='ocrx_word' id='word_1_303' title='bbox 2418 1142 2458 1182; x_wconf 83' lang='grc' dir='ltr'>τὸ</span> 
     </span>
     <span class='ocr_line' id='line_1_41' title="bbox 1398 1201 2457 1257; baseline -0.001 -15"><span class='ocrx_word' id='word_1_304' title='bbox 1398 1204 1563 1257; x_wconf 86' lang='grc' dir='ltr'>βέλτιον</span> <span class='ocrx_word' id='word_1_305' title='bbox 1557 1203 1764 1242; x_wconf 76' lang='grc' dir='ltr'>μεθιστάναι</span> <span class='ocrx_word' id='word_1_306' title='bbox 1787 1202 1849 1250; x_wconf 73' lang='grc' dir='ltr'>τὴν</span> <span class='ocrx_word' id='word_1_307' title='bbox 1870 1202 2030 1255; x_wconf 83' lang='grc' dir='ltr'>γνώμην</span> <span class='ocrx_word' id='word_1_308' title='bbox 2089 1201 2306 1252; x_wconf 79' lang='grc' dir='ltr'>Φιλολογίαν</span> <span class='ocrx_word' id='word_1_309' title='bbox 2336 1202 2457 1241; x_wconf 80' lang='grc' dir='ltr'>ἀσκεῖν</span> 
     </span>
     <span class='ocr_line' id='line_1_42' title="bbox 1396 1254 2454 1315; baseline -0.003 -14"><span class='ocrx_word' id='word_1_310' title='bbox 1396 1265 1466 1301; x_wconf 83' lang='grc' dir='ltr'>τῶν</span> <span class='ocrx_word' id='word_1_311' title='bbox 1489 1262 1627 1307; x_wconf 84' lang='grc' dir='ltr'>ὄντως</span> <span class='ocrx_word' id='word_1_312' title='bbox 1616 1262 1742 1315; x_wconf 86' lang='grc' dir='ltr'>Λόγων.</span> <span class='ocrx_word' id='word_1_313' title='bbox 1763 1261 2040 1310; x_wconf 80' lang='grc' dir='ltr'>Ἀνεξαπάτητον</span> <span class='ocrx_word' id='word_1_314' title='bbox 2058 1254 2165 1308; x_wconf 73' lang='grc' dir='ltr'>εἶναι,</span> <span class='ocrx_word' id='word_1_315' title='bbox 2176 1259 2236 1299; x_wconf 78' lang='grc' dir='ltr'>καὶ</span> <span class='ocrx_word' id='word_1_316' title='bbox 2257 1258 2454 1300; x_wconf 80' lang='grc' dir='ltr'>ἀδούλωτον</span> 
     </span>
     <span class='ocr_line' id='line_1_43' title="bbox 1396 1318 2457 1374; baseline -0.001 -14"><span class='ocrx_word' id='word_1_317' title='bbox 1396 1321 1483 1374; x_wconf 83' lang='grc' dir='ltr'>πρὸς</span> <span class='ocrx_word' id='word_1_318' title='bbox 1514 1321 1577 1370; x_wconf 85' lang='grc' dir='ltr'>τὴν</span> <span class='ocrx_word' id='word_1_319' title='bbox 1608 1326 1671 1370; x_wconf 66' lang='grc' dir='ltr'>τῆς</span> <span class='ocrx_word' id='word_1_320' title='bbox 1704 1323 1830 1374; x_wconf 72' lang='grc' dir='ltr'>ἀρετῆς</span> <span class='ocrx_word' id='word_1_321' title='bbox 1862 1323 2022 1373; x_wconf 77' lang='grc' dir='ltr'>τήρησιν.</span> <span class='ocrx_word' id='word_1_322' title='bbox 2081 1318 2260 1372; x_wconf 74' lang='grc' dir='ltr'>Εὐὸουλία</span> <span class='ocrx_word' id='word_1_323' title='bbox 2288 1318 2358 1372; x_wconf 80' lang='grc' dir='ltr'>πρὸ</span> <span class='ocrx_word' id='word_1_324' title='bbox 2387 1321 2457 1359; x_wconf 81' lang='grc' dir='ltr'>τῶν</span> 
     </span>
     <span class='ocr_line' id='line_1_44' title="bbox 1400 1375 2459 1435; baseline -0.001 -17"><span class='ocrx_word' id='word_1_325' title='bbox 1400 1379 1512 1432; x_wconf 84' lang='grc' dir='ltr'>ἔργων</span> <span class='ocrx_word' id='word_1_326' title='bbox 1532 1383 1706 1435; x_wconf 79' lang='grc' dir='ltr'>χρῆσθαι,</span> <span class='ocrx_word' id='word_1_327' title='bbox 1726 1380 1761 1426; x_wconf 79' lang='grc' dir='ltr'>ἐξ</span> <span class='ocrx_word' id='word_1_328' title='bbox 1782 1375 1823 1428; x_wconf 72' lang='grc' dir='ltr'>ἧς</span> <span class='ocrx_word' id='word_1_329' title='bbox 1842 1381 1882 1419; x_wconf 86' lang='grc' dir='ltr'>τὸ</span> <span class='ocrx_word' id='word_1_330' title='bbox 1902 1380 2172 1432; x_wconf 85' lang='grc' dir='ltr'>ἀμεταμέλητον</span> <span class='ocrx_word' id='word_1_331' title='bbox 2192 1380 2229 1417; x_wconf 82' lang='grc' dir='ltr'>ἐν</span> <span class='ocrx_word' id='word_1_332' title='bbox 2250 1383 2321 1423; x_wconf 84' lang='grc' dir='ltr'>τοῖς</span> <span class='ocrx_word' id='word_1_333' title='bbox 2349 1378 2459 1431; x_wconf 70' lang='grc' dir='ltr'>ἔργοις</span> 
     </span>
     <span class='ocr_line' id='line_1_45' title="bbox 1398 1438 2459 1509; baseline 0 -32"><span class='ocrx_word' id='word_1_334' title='bbox 1398 1440 1646 1509; x_wconf 85' lang='grc' dir='ltr'>παραγίνεται.</span> <span class='ocrx_word' id='word_1_335' title='bbox 1705 1439 1867 1486; x_wconf 80' lang='grc' dir='ltr'>Οἷήσεως</span> <span class='ocrx_word' id='word_1_336' title='bbox 1886 1439 2107 1492; x_wconf 86' lang='grc' dir='ltr'>καθαρεύειν.</span> <span class='ocrx_word' id='word_1_337' title='bbox 2162 1438 2234 1478; x_wconf 87' lang='grc' dir='ltr'>Τὸν</span> <span class='ocrx_word' id='word_1_338' title='bbox 2264 1439 2459 1488; x_wconf 78' lang='grc' dir='ltr'>ὶπιστημο·</span> 
     </span>
     <span class='ocr_line' id='line_1_46' title="bbox 1400 1496 2458 1551; baseline -0.002 -14"><span class='ocrx_word' id='word_1_339' title='bbox 1400 1498 1495 1537; x_wconf 80' lang='grc' dir='ltr'>νικὸν</span> <span class='ocrx_word' id='word_1_340' title='bbox 1516 1498 1746 1551; x_wconf 86' lang='grc' dir='ltr'>μεταδιώκειν</span> <span class='ocrx_word' id='word_1_341' title='bbox 1778 1498 1866 1550; x_wconf 85' lang='grc' dir='ltr'>βίον.</span> <span class='ocrx_word' id='word_1_342' title='bbox 1924 1499 1976 1538; x_wconf 86' lang='grc' dir='ltr'>Τὸ</span> <span class='ocrx_word' id='word_1_343' title='bbox 1994 1501 2099 1548; x_wconf 84' lang='grc' dir='ltr'>σῶμα</span> <span class='ocrx_word' id='word_1_344' title='bbox 2116 1497 2177 1536; x_wconf 76' lang='grc' dir='ltr'>καὶ</span> <span class='ocrx_word' id='word_1_345' title='bbox 2196 1497 2242 1535; x_wconf 78' lang='grc' dir='ltr'>τὰ</span> <span class='ocrx_word' id='word_1_346' title='bbox 2257 1497 2355 1541; x_wconf 82' lang='grc' dir='ltr'>ἐκτὸς</span> <span class='ocrx_word' id='word_1_347' title='bbox 2371 1496 2458 1550; x_wconf 82' lang='grc' dir='ltr'>πρὸς</span> 
     </span>
     <span class='ocr_line' id='line_1_47' title="bbox 1398 1556 2460 1612; baseline -0.002 -16"><span class='ocrx_word' id='word_1_348' title='bbox 1398 1558 1462 1605; x_wconf 90' lang='grc' dir='ltr'>τὴν</span> <span class='ocrx_word' id='word_1_349' title='bbox 1483 1562 1545 1606; x_wconf 81' lang='grc' dir='ltr'>τῆς</span> <span class='ocrx_word' id='word_1_350' title='bbox 1566 1562 1693 1612; x_wconf 77' lang='grc' dir='ltr'>ἄρετ’-ἧς</span> <span class='ocrx_word' id='word_1_351' title='bbox 1716 1558 1891 1610; x_wconf 85' lang='grc' dir='ltr'>ἐνέργειαν</span> <span class='ocrx_word' id='word_1_352' title='bbox 1921 1556 2226 1611; x_wconf 79' lang='grc' dir='ltr'>μεταῤῥυθμίζειν.</span> <span class='ocrx_word' id='word_1_353' title='bbox 2282 1558 2411 1595; x_wconf 86' lang='grc' dir='ltr'>Ταυτα</span> <span class='ocrx_word' id='word_1_354' title='bbox 2441 1558 2460 1594; x_wconf 82' lang='grc' dir='ltr'>ὁ</span> 
     </span>
     <span class='ocr_line' id='line_1_48' title="bbox 1398 1608 2459 1668; baseline -0.001 -13"><span class='ocrx_word' id='word_1_355' title='bbox 1398 1618 1588 1668; x_wconf 85' lang='grc' dir='ltr'>νομοθέτης</span> <span class='ocrx_word' id='word_1_356' title='bbox 1603 1621 1680 1661; x_wconf 79' lang='grc' dir='ltr'>νοῦς</span> <span class='ocrx_word' id='word_1_357' title='bbox 1698 1618 1960 1668; x_wconf 84' lang='grc' dir='ltr'>διαθεσμοθετει</span> <span class='ocrx_word' id='word_1_358' title='bbox 1977 1622 2054 1660; x_wconf 86' lang='grc' dir='ltr'>ταῖς</span> <span class='ocrx_word' id='word_1_359' title='bbox 2073 1617 2223 1668; x_wconf 86' lang='grc' dir='ltr'>ψυχαῖς·</span> <span class='ocrx_word' id='word_1_360' title='bbox 2241 1616 2260 1653; x_wconf 82' lang='grc' dir='ltr'><strong>ὃ</strong></span> <span class='ocrx_word' id='word_1_361' title='bbox 2280 1615 2316 1654; x_wconf 86' lang='grc' dir='ltr'>δὲ</span> <span class='ocrx_word' id='word_1_362' title='bbox 2336 1608 2459 1655; x_wconf 77' lang='grc' dir='ltr'>ῧποδε-</span> 
     </span>
     <span class='ocr_line' id='line_1_49' title="bbox 1401 1672 2461 1728; baseline -0.003 -13"><span class='ocrx_word' id='word_1_363' title='bbox 1401 1677 1546 1728; x_wconf 80' lang='grc' dir='ltr'>ξάμενος</span> <span class='ocrx_word' id='word_1_364' title='bbox 1568 1676 1657 1715; x_wconf 81' lang='grc' dir='ltr'>αὐτὰ</span> <span class='ocrx_word' id='word_1_365' title='bbox 1675 1675 1842 1728; x_wconf 83' lang='grc' dir='ltr'>λογισμὸς</span> <span class='ocrx_word' id='word_1_366' title='bbox 1873 1675 2041 1723; x_wconf 78' lang='grc' dir='ltr'>δικαστὴς</span> <span class='ocrx_word' id='word_1_367' title='bbox 2067 1674 2241 1728; x_wconf 83' lang='grc' dir='ltr'>ἄγρυπνος</span> <span class='ocrx_word' id='word_1_368' title='bbox 2260 1675 2385 1714; x_wconf 73' lang='grc' dir='ltr'>ἑαυτοῦ</span> <span class='ocrx_word' id='word_1_369' title='bbox 2402 1672 2461 1725; x_wconf 82' lang='grc' dir='ltr'>γί-</span> 
     </span>
     <span class='ocr_line' id='line_1_50' title="bbox 1401 1732 2460 1788; baseline -0.001 -15"><span class='ocrx_word' id='word_1_370' title='bbox 1401 1752 1518 1783; x_wconf 87' lang='grc' dir='ltr'>νεται,</span> <span class='ocrx_word' id='word_1_371' title='bbox 1535 1736 1632 1786; x_wconf 82' lang='grc' dir='ltr'>θαμὰ</span> <span class='ocrx_word' id='word_1_372' title='bbox 1651 1736 1763 1788; x_wconf 88' lang='grc' dir='ltr'>λέγων</span> <span class='ocrx_word' id='word_1_373' title='bbox 1782 1734 1867 1788; x_wconf 88' lang='grc' dir='ltr'>πρὸς</span> <span class='ocrx_word' id='word_1_374' title='bbox 1883 1734 2004 1774; x_wconf 79' lang='grc' dir='ltr'>ἑαυτὸν</span> <span class='ocrx_word' id='word_1_375' title='bbox 2027 1737 2089 1782; x_wconf 79' lang='grc' dir='ltr'>πῆ</span> <span class='ocrx_word' id='word_1_376' title='bbox 2121 1749 2180 1772; x_wconf 89' lang='grc' dir='ltr'>πα</span> <span class='ocrx_word' id='word_1_377' title='bbox 2194 1732 2351 1786; x_wconf 79' lang='grc' dir='ltr'>ρέ6ην;</span> <span class='ocrx_word' id='word_1_378' title='bbox 2371 1732 2415 1772; x_wconf 81' lang='grc' dir='ltr'>τί</span> <span class='ocrx_word' id='word_1_379' title='bbox 2431 1732 2460 1771; x_wconf 84' lang='grc' dir='ltr'>δ’</span> 
     </span>
     <span class='ocr_line' id='line_1_51' title="bbox 1400 1791 2460 1869; baseline -0.002 -37"><span class='ocrx_word' id='word_1_380' title='bbox 1400 1794 1551 1869; x_wconf 79' lang='grc' dir='ltr'>ἔρεξα;</span> <span class='ocrx_word' id='word_1_381' title='bbox 1570 1795 1611 1833; x_wconf 87' lang='grc' dir='ltr'>τί</span> <span class='ocrx_word' id='word_1_382' title='bbox 1631 1811 1703 1845; x_wconf 90' lang='grc' dir='ltr'>μοι</span> <span class='ocrx_word' id='word_1_383' title='bbox 1723 1794 1822 1834; x_wconf 82' lang='grc' dir='ltr'>δέον</span> <span class='ocrx_word' id='word_1_384' title='bbox 1843 1796 1922 1834; x_wconf 81' lang='grc' dir='ltr'>οὒκ</span> <span class='ocrx_word' id='word_1_385' title='bbox 1951 1793 2198 1843; x_wconf 78' lang='grc' dir='ltr'>ἔτελέσθη;</span> <span class='ocrx_word' id='word_1_386' title='bbox 2217 1793 2277 1832; x_wconf 76' lang='grc' dir='ltr'>καὶ</span> <span class='ocrx_word' id='word_1_387' title='bbox 2309 1795 2344 1832; x_wconf 82' lang='grc' dir='ltr'>ἐν</span> <span class='ocrx_word' id='word_1_388' title='bbox 2365 1791 2460 1838; x_wconf 77' lang='grc' dir='ltr'>τάξει</span> 
     </span>
    </p>
   </div>
   <div class='ocr_carea' id='block_1_9' title="bbox 2247 1845 2459 1904">
    <p class='ocr_par' dir='ltr' id='par_1_10' title="bbox 2247 1845 2459 1904">
     <span class='ocr_line' id='line_1_52' title="bbox 2247 1845 2459 1904; baseline -0.014 -12"><span class='ocrx_word' id='word_1_389' title='bbox 2247 1845 2339 1892; x_wconf 65' lang='grc' dir='ltr'>Εἶτα</span> <span class='ocrx_word' id='word_1_390' title='bbox 2349 1850 2459 1904; x_wconf 77' lang='grc' dir='ltr'>εὑρὼν</span> 
     </span>
    </p>
   </div>
   <div class='ocr_carea' id='block_1_10' title="bbox 288 1946 2454 1960">
    <p class='ocr_par' dir='ltr' id='par_1_11' title="bbox 288 1946 2454 1960">
     <span class='ocr_line' id='line_1_53' title="bbox 288 1946 2454 1960; baseline 0 1854"><span class='ocrx_word' id='word_1_391' title='bbox 288 1946 2454 1960; x_wconf 95' lang='lat' dir='ltr'> </span> 
     </span>
    </p>
   </div>
   <div class='ocr_carea' id='block_1_11' title="bbox 280 2003 1338 2456">
    <p class='ocr_par' dir='ltr' id='par_1_12' title="bbox 280 2003 1338 2456">
     <span class='ocr_line' id='line_1_54' title="bbox 283 2003 1336 2053; baseline 0.001 -14"><span class='ocrx_word' id='word_1_392' title='bbox 283 2016 400 2053; x_wconf 91' lang='lat' dir='ltr'><strong>opus,</strong></span> <span class='ocrx_word' id='word_1_393' title='bbox 425 2004 518 2053; x_wconf 90' lang='lat' dir='ltr'><strong>quid</strong></span> <span class='ocrx_word' id='word_1_394' title='bbox 542 2003 759 2040; x_wconf 83' lang='lat' dir='ltr'><strong>faciendum</strong></span> <span class='ocrx_word' id='word_1_395' title='bbox 777 2004 838 2040; x_wconf 87' lang='lat' dir='ltr'>vel</span> <span class='ocrx_word' id='word_1_396' title='bbox 855 2017 933 2040; x_wconf 93' lang='lat' dir='ltr'>non</span> <span class='ocrx_word' id='word_1_397' title='bbox 955 2004 1171 2040; x_wconf 85' lang='lat' dir='ltr'><strong>faciendum</strong></span> <span class='ocrx_word' id='word_1_398' title='bbox 1190 2005 1251 2043; x_wconf 83' lang='lat' dir='ltr'><strong>sit.</strong></span> <span class='ocrx_word' id='word_1_399' title='bbox 1272 2006 1336 2041; x_wconf 89' lang='lat' dir='ltr'>Est</span> 
     </span>
     <span class='ocr_line' id='line_1_55' title="bbox 282 2064 1333 2112; baseline 0.002 -12"><span class='ocrx_word' id='word_1_400' title='bbox 282 2064 383 2100; x_wconf 86' lang='lat' dir='ltr'><strong>enim</strong></span> <span class='ocrx_word' id='word_1_401' title='bbox 407 2065 505 2100; x_wconf 90' lang='lat' dir='ltr'><strong>recti</strong></span> <span class='ocrx_word' id='word_1_402' title='bbox 525 2064 674 2100; x_wconf 88' lang='lat' dir='ltr'><strong>consilii</strong></span> <span class='ocrx_word' id='word_1_403' title='bbox 692 2071 861 2112; x_wconf 87' lang='lat' dir='ltr'><strong>tempus,</strong></span> <span class='ocrx_word' id='word_1_404' title='bbox 883 2064 998 2100; x_wconf 88' lang='lat' dir='ltr'><strong>rebus</strong></span> <span class='ocrx_word' id='word_1_405' title='bbox 1021 2064 1192 2100; x_wconf 90' lang='lat' dir='ltr'><strong>nondum</strong></span> <span class='ocrx_word' id='word_1_406' title='bbox 1212 2064 1333 2103; x_wconf 84' lang='lat' dir='ltr'><strong>factis.</strong></span> 
     </span>
     <span class='ocr_line' id='line_1_56' title="bbox 284 2123 1332 2172; baseline 0.001 -14"><span class='ocrx_word' id='word_1_407' title='bbox 284 2124 355 2159; x_wconf 86' lang='lat' dir='ltr'>Hic</span> <span class='ocrx_word' id='word_1_408' title='bbox 374 2135 465 2159; x_wconf 88' lang='lat' dir='ltr'><strong>vero</strong></span> <span class='ocrx_word' id='word_1_409' title='bbox 482 2135 613 2159; x_wconf 86' lang='lat' dir='ltr'><strong>rursus</strong></span> <span class='ocrx_word' id='word_1_410' title='bbox 630 2123 706 2159; x_wconf 88' lang='lat' dir='ltr'>hoc</span> <span class='ocrx_word' id='word_1_411' title='bbox 720 2124 834 2159; x_wconf 85' lang='lat' dir='ltr'><strong>etiam</strong></span> <span class='ocrx_word' id='word_1_412' title='bbox 847 2150 858 2168; x_wconf 94' lang='lat'><strong>,</strong></span> <span class='ocrx_word' id='word_1_413' title='bbox 876 2136 962 2171; x_wconf 80' lang='lat' dir='ltr'>quoe</span> <span class='ocrx_word' id='word_1_414' title='bbox 981 2124 1051 2159; x_wconf 77' lang='lat' dir='ltr'><strong>tibi</strong></span> <span class='ocrx_word' id='word_1_415' title='bbox 1063 2136 1138 2159; x_wconf 80' lang='lat' dir='ltr'>non</span> <span class='ocrx_word' id='word_1_416' title='bbox 1152 2132 1312 2159; x_wconf 82' lang='lat' dir='ltr'><em>noceant</em></span> <span class='ocrx_word' id='word_1_417' title='bbox 1320 2154 1332 2172; x_wconf 77' lang='grc'>,</span> 
     </span>
     <span class='ocr_line' id='line_1_57' title="bbox 280 2181 1336 2230; baseline 0.001 -13"><span class='ocrx_word' id='word_1_418' title='bbox 280 2181 439 2230; x_wconf 84' lang='lat' dir='ltr'><strong>perinde</strong></span> <span class='ocrx_word' id='word_1_419' title='bbox 456 2189 570 2230; x_wconf 85' lang='lat' dir='ltr'><strong>atque</strong></span> <span class='ocrx_word' id='word_1_420' title='bbox 591 2181 686 2218; x_wconf 92' lang='lat' dir='ltr'><strong>illud</strong></span> <span class='ocrx_word' id='word_1_421' title='bbox 697 2209 707 2228; x_wconf 90' lang='lat'>‚</span> <span class='ocrx_word' id='word_1_422' title='bbox 731 2195 816 2230; x_wconf 83' lang='lat' dir='ltr'>quoe</span> <span class='ocrx_word' id='word_1_423' title='bbox 833 2183 898 2217; x_wconf 84' lang='lat' dir='ltr'><strong>tibi</strong></span> <span class='ocrx_word' id='word_1_424' title='bbox 912 2190 1046 2230; x_wconf 81' lang='lat' dir='ltr'><strong>postea</strong></span> <span class='ocrx_word' id='word_1_425' title='bbox 1070 2195 1144 2218; x_wconf 83' lang='lat' dir='ltr'>non</span> <span class='ocrx_word' id='word_1_426' title='bbox 1161 2186 1238 2218; x_wconf 80' lang='lat' dir='ltr'><strong>sint</strong></span> <span class='ocrx_word' id='word_1_427' title='bbox 1254 2195 1314 2218; x_wconf 88' lang='lat' dir='ltr'><strong>mo</strong></span> <span class='ocrx_word' id='word_1_428' title='bbox 1325 2204 1336 2210; x_wconf 83' lang='lat'><strong>·</strong></span> 
     </span>
     <span class='ocr_line' id='line_1_58' title="bbox 284 2239 1334 2290; baseline 0.002 -14"><span class='ocrx_word' id='word_1_429' title='bbox 284 2242 395 2286; x_wconf 78' lang='lat' dir='ltr'><strong>lesta,</strong></span> <span class='ocrx_word' id='word_1_430' title='bbox 417 2239 671 2290; x_wconf 82' lang='lat' dir='ltr'><strong>intelligemus</strong></span> <span class='ocrx_word' id='word_1_431' title='bbox 706 2254 715 2277; x_wconf 74' lang='grc' dir='ltr'>ι</span> <span class='ocrx_word' id='word_1_432' title='bbox 739 2240 944 2277; x_wconf 87' lang='lat' dir='ltr'><strong>referentes</strong></span> <span class='ocrx_word' id='word_1_433' title='bbox 974 2241 1071 2278; x_wconf 91' lang='lat' dir='ltr'><strong>illud</strong></span> <span class='ocrx_word' id='word_1_434' title='bbox 1103 2242 1170 2277; x_wconf 82' lang='lat' dir='ltr'><strong>tibi</strong></span> <span class='ocrx_word' id='word_1_435' title='bbox 1190 2241 1239 2278; x_wconf 87' lang='lat' dir='ltr'>ad</span> <span class='ocrx_word' id='word_1_436' title='bbox 1270 2241 1334 2288; x_wconf 87' lang='lat' dir='ltr'>id,</span> 
     </span>
     <span class='ocr_line' id='line_1_59' title="bbox 283 2298 1335 2347; baseline 0.002 -12"><span class='ocrx_word' id='word_1_437' title='bbox 283 2298 390 2347; x_wconf 91' lang='lat' dir='ltr'><strong>quod</strong></span> <span class='ocrx_word' id='word_1_438' title='bbox 408 2311 498 2336; x_wconf 87' lang='lat' dir='ltr'><strong>vere</strong></span> <span class='ocrx_word' id='word_1_439' title='bbox 521 2300 639 2336; x_wconf 88' lang='lat' dir='ltr'><strong>horno</strong></span> <span class='ocrx_word' id='word_1_440' title='bbox 661 2308 716 2336; x_wconf 92' lang='lat' dir='ltr'>est</span> <span class='ocrx_word' id='word_1_441' title='bbox 734 2307 772 2336; x_wconf 91' lang='lat' dir='ltr'>et</span> <span class='ocrx_word' id='word_1_442' title='bbox 792 2300 842 2337; x_wconf 90' lang='lat' dir='ltr'>ad</span> <span class='ocrx_word' id='word_1_443' title='bbox 869 2308 1044 2337; x_wconf 88' lang='lat' dir='ltr'><strong>naturam</strong></span> <span class='ocrx_word' id='word_1_444' title='bbox 1069 2301 1204 2337; x_wconf 88' lang='lat' dir='ltr'><strong>mentis</strong></span> <span class='ocrx_word' id='word_1_445' title='bbox 1227 2313 1335 2337; x_wconf 90' lang='lat' dir='ltr'><strong>com-</strong></span> 
     </span>
     <span class='ocr_line' id='line_1_60' title="bbox 284 2359 1333 2409; baseline 0.003 -15"><span class='ocrx_word' id='word_1_446' title='bbox 284 2365 417 2407; x_wconf 89' lang='lat' dir='ltr'><strong>potem</strong></span> <span class='ocrx_word' id='word_1_447' title='bbox 445 2366 560 2407; x_wconf 85' lang='lat' dir='ltr'><strong>atque</strong></span> <span class='ocrx_word' id='word_1_448' title='bbox 581 2359 631 2395; x_wconf 88' lang='lat' dir='ltr'>ad</span> <span class='ocrx_word' id='word_1_449' title='bbox 652 2371 738 2395; x_wconf 89' lang='lat' dir='ltr'>eum</span> <span class='ocrx_word' id='word_1_450' title='bbox 754 2386 765 2405; x_wconf 92' lang='lat'><strong>,</strong></span> <span class='ocrx_word' id='word_1_451' title='bbox 788 2360 854 2408; x_wconf 91' lang='lat' dir='ltr'><strong>qui</strong></span> <span class='ocrx_word' id='word_1_452' title='bbox 874 2360 1129 2409; x_wconf 75' lang='lat' dir='ltr'><strong>philosophiae</strong></span> <span class='ocrx_word' id='word_1_453' title='bbox 1150 2372 1188 2396; x_wconf 92' lang='lat' dir='ltr'>se</span> <span class='ocrx_word' id='word_1_454' title='bbox 1208 2359 1333 2407; x_wconf 88' lang='lat' dir='ltr'><strong>dedit,</strong></span> 
     </span>
     <span class='ocr_line' id='line_1_61' title="bbox 284 2417 1338 2456; baseline 0.002 -2"><span class='ocrx_word' id='word_1_455' title='bbox 284 2419 322 2456; x_wconf 80' lang='lat' dir='ltr'>et</span> <span class='ocrx_word' id='word_1_456' title='bbox 341 2419 423 2454; x_wconf 90' lang='lat' dir='ltr'>Deo</span> <span class='ocrx_word' id='word_1_457' title='bbox 442 2419 570 2454; x_wconf 89' lang='lat' dir='ltr'><strong>similis</strong></span> <span class='ocrx_word' id='word_1_458' title='bbox 601 2417 686 2455; x_wconf 87' lang='lat' dir='ltr'><strong>fieri</strong></span> <span class='ocrx_word' id='word_1_459' title='bbox 715 2419 926 2456; x_wconf 83' lang='lat' dir='ltr'><strong>contendit.</strong></span> <span class='ocrx_word' id='word_1_460' title='bbox 952 2420 1051 2456; x_wconf 88' lang='lat' dir='ltr'>Huic</span> <span class='ocrx_word' id='word_1_461' title='bbox 1072 2427 1199 2456; x_wconf 89' lang='lat' dir='ltr'><strong>autem</strong></span> <span class='ocrx_word' id='word_1_462' title='bbox 1223 2428 1338 2456; x_wconf 89' lang='lat' dir='ltr'><strong>nocet</strong></span> 
     </span>
    </p>
   </div>
   <div class='ocr_carea' id='block_1_12' title="bbox 285 2477 1352 2529">
    <p class='ocr_par' dir='ltr' id='par_1_13' title="bbox 285 2477 1352 2529">
     <span class='ocr_line' id='line_1_62' title="bbox 285 2477 1352 2529; baseline 0.004 -17"><span class='ocrx_word' id='word_1_463' title='bbox 285 2477 476 2525; x_wconf 89' lang='lat' dir='ltr'><strong>quidquid</strong></span> <span class='ocrx_word' id='word_1_464' title='bbox 493 2490 516 2514; x_wconf 86' lang='lat' dir='ltr'>a</span> <span class='ocrx_word' id='word_1_465' title='bbox 542 2485 645 2514; x_wconf 83' lang='lat' dir='ltr'><strong>recta</strong></span> <span class='ocrx_word' id='word_1_466' title='bbox 664 2479 812 2515; x_wconf 83' lang='lat' dir='ltr'><strong>ratione</strong></span> <span class='ocrx_word' id='word_1_467' title='bbox 834 2479 1037 2528; x_wconf 87' lang='lat' dir='ltr'><strong>abhorret,</strong></span> <span class='ocrx_word' id='word_1_468' title='bbox 1054 2479 1246 2528; x_wconf 90' lang='lat' dir='ltr'><strong>quidquid</strong></span> <span class='ocrx_word' id='word_1_469' title='bbox 1263 2480 1352 2529; x_wconf 61' lang='lat' dir='ltr'><strong>legi&gt;</strong></span> 
     </span>
    </p>
   </div>
   <div class='ocr_carea' id='block_1_13' title="bbox 284 2535 1341 3121">
    <p class='ocr_par' dir='ltr' id='par_1_14' title="bbox 284 2535 1341 3121">
     <span class='ocr_line' id='line_1_63' title="bbox 286 2535 1338 2586; baseline 0.002 -14"><span class='ocrx_word' id='word_1_470' title='bbox 286 2535 421 2572; x_wconf 85' lang='lat' dir='ltr'><strong>divinae</strong></span> <span class='ocrx_word' id='word_1_471' title='bbox 441 2537 676 2573; x_wconf 88' lang='lat' dir='ltr'><strong>contrarium</strong></span> <span class='ocrx_word' id='word_1_472' title='bbox 703 2544 758 2573; x_wconf 82' lang='lat' dir='ltr'>est</span> <span class='ocrx_word' id='word_1_473' title='bbox 773 2565 783 2585; x_wconf 90' lang='lat'><strong>‚</strong></span> <span class='ocrx_word' id='word_1_474' title='bbox 810 2537 1000 2586; x_wconf 90' lang='lat' dir='ltr'><strong>quidquid</strong></span> <span class='ocrx_word' id='word_1_475' title='bbox 1019 2538 1090 2574; x_wconf 91' lang='lat' dir='ltr'>Dei</span> <span class='ocrx_word' id='word_1_476' title='bbox 1116 2538 1338 2574; x_wconf 89' lang='lat' dir='ltr'><strong>similitudi-</strong></span> 
     </span>
     <span class='ocr_line' id='line_1_64' title="bbox 284 2594 1338 2644; baseline 0.004 -15"><span class='ocrx_word' id='word_1_477' title='bbox 284 2606 368 2630; x_wconf 83' lang='lat' dir='ltr'>nem</span> <span class='ocrx_word' id='word_1_478' title='bbox 399 2594 574 2644; x_wconf 87' lang='lat' dir='ltr'><strong>impedit.</strong></span> <span class='ocrx_word' id='word_1_479' title='bbox 606 2596 713 2632; x_wconf 84' lang='lat' dir='ltr'><strong>Talia</strong></span> <span class='ocrx_word' id='word_1_480' title='bbox 746 2609 838 2632; x_wconf 92' lang='lat' dir='ltr'><strong>vero</strong></span> <span class='ocrx_word' id='word_1_481' title='bbox 870 2610 940 2633; x_wconf 89' lang='lat' dir='ltr'>nos</span> <span class='ocrx_word' id='word_1_482' title='bbox 972 2597 1119 2634; x_wconf 87' lang='lat' dir='ltr'><strong>adoriri</strong></span> <span class='ocrx_word' id='word_1_483' title='bbox 1139 2598 1263 2633; x_wconf 86' lang='lat' dir='ltr'><strong>solent</strong></span> <span class='ocrx_word' id='word_1_484' title='bbox 1299 2599 1338 2633; x_wconf 91' lang='lat' dir='ltr'>in</span> 
     </span>
     <span class='ocr_line' id='line_1_65' title="bbox 286 2655 1339 2706; baseline 0.006 -17"><span class='ocrx_word' id='word_1_485' title='bbox 286 2665 419 2690; x_wconf 87' lang='lat' dir='ltr'><strong>eorum</strong></span> <span class='ocrx_word' id='word_1_486' title='bbox 443 2655 731 2691; x_wconf 89' lang='lat' dir='ltr'><strong>conversatione</strong></span> <span class='ocrx_word' id='word_1_487' title='bbox 749 2656 815 2703; x_wconf 92' lang='lat' dir='ltr'><strong>qui</strong></span> <span class='ocrx_word' id='word_1_488' title='bbox 829 2656 1033 2693; x_wconf 89' lang='lat' dir='ltr'><strong>nobiscum</strong></span> <span class='ocrx_word' id='word_1_489' title='bbox 1049 2658 1203 2702; x_wconf 86' lang='lat' dir='ltr'><strong>vivunt,</strong></span> <span class='ocrx_word' id='word_1_490' title='bbox 1224 2664 1339 2706; x_wconf 86' lang='lat' dir='ltr'><strong>atque</strong></span> 
     </span>
     <span class='ocr_line' id='line_1_66' title="bbox 287 2711 1338 2766; baseline 0.006 -19"><span class='ocrx_word' id='word_1_491' title='bbox 287 2712 326 2747; x_wconf 88' lang='lat' dir='ltr'>in</span> <span class='ocrx_word' id='word_1_492' title='bbox 342 2711 537 2759; x_wconf 86' lang='lat' dir='ltr'><strong>conjuncti</strong></span> <span class='ocrx_word' id='word_1_493' title='bbox 555 2715 730 2762; x_wconf 89' lang='lat' dir='ltr'><strong>corporis</strong></span> <span class='ocrx_word' id='word_1_494' title='bbox 746 2715 977 2764; x_wconf 90' lang='lat' dir='ltr'><strong>illorumque</strong></span> <span class='ocrx_word' id='word_1_495' title='bbox 993 2730 1076 2766; x_wconf 77' lang='lat' dir='ltr'><strong>quae</strong></span> <span class='ocrx_word' id='word_1_496' title='bbox 1093 2717 1133 2752; x_wconf 92' lang='lat' dir='ltr'>in</span> <span class='ocrx_word' id='word_1_497' title='bbox 1153 2714 1234 2766; x_wconf 86' lang='lat' dir='ltr'><strong>ejus</strong></span> <span class='ocrx_word' id='word_1_498' title='bbox 1253 2730 1338 2766; x_wconf 87' lang='lat' dir='ltr'><strong>gra-</strong></span> 
     </span>
     <span class='ocr_line' id='line_1_67' title="bbox 287 2771 1339 2824; baseline 0.007 -18"><span class='ocrx_word' id='word_1_499' title='bbox 287 2771 377 2806; x_wconf 82' lang='lat' dir='ltr'><strong>tiam</strong></span> <span class='ocrx_word' id='word_1_500' title='bbox 400 2771 555 2808; x_wconf 88' lang='lat' dir='ltr'><strong>inventa</strong></span> <span class='ocrx_word' id='word_1_501' title='bbox 586 2780 673 2808; x_wconf 88' lang='lat' dir='ltr'><strong>sunt</strong></span> <span class='ocrx_word' id='word_1_502' title='bbox 694 2772 1046 2818; x_wconf 83' lang='lat' dir='ltr'><strong>administratione;</strong></span> <span class='ocrx_word' id='word_1_503' title='bbox 1075 2788 1158 2824; x_wconf 87' lang='lat' dir='ltr'>quae</span> <span class='ocrx_word' id='word_1_504' title='bbox 1183 2777 1339 2824; x_wconf 88' lang='lat' dir='ltr'><strong>quidem</strong></span> 
     </span>
     <span class='ocr_line' id='line_1_68' title="bbox 287 2827 1338 2886; baseline 0.007 -21"><span class='ocrx_word' id='word_1_505' title='bbox 287 2827 460 2881; x_wconf 77' lang='grc' dir='ltr'>χρήματα</span> <span class='ocrx_word' id='word_1_506' title='bbox 493 2833 710 2880; x_wconf 86' lang='lat' dir='ltr'><strong>nuncupari</strong></span> <span class='ocrx_word' id='word_1_507' title='bbox 740 2833 885 2879; x_wconf 89' lang='lat' dir='ltr'><strong>solent,</strong></span> <span class='ocrx_word' id='word_1_508' title='bbox 912 2834 1018 2882; x_wconf 88' lang='lat' dir='ltr'><strong>quod</strong></span> <span class='ocrx_word' id='word_1_509' title='bbox 1039 2835 1087 2871; x_wconf 81' lang='lat' dir='ltr'>ad</span> <span class='ocrx_word' id='word_1_510' title='bbox 1108 2834 1190 2882; x_wconf 90' lang='lat' dir='ltr'><strong>ejus</strong></span> <span class='ocrx_word' id='word_1_511' title='bbox 1215 2833 1338 2886; x_wconf 76' lang='grc' dir='ltr'>χρείαν</span> 
     </span>
     <span class='ocr_line' id='line_1_69' title="bbox 286 2889 1339 2942; baseline 0.007 -18"><span class='ocrx_word' id='word_1_512' title='bbox 286 2889 363 2925; x_wconf 89' lang='lat' dir='ltr'><strong>sive</strong></span> <span class='ocrx_word' id='word_1_513' title='bbox 390 2901 502 2925; x_wconf 88' lang='lat' dir='ltr'><strong>usum</strong></span> <span class='ocrx_word' id='word_1_514' title='bbox 522 2890 597 2925; x_wconf 91' lang='lat' dir='ltr'><strong>sint</strong></span> <span class='ocrx_word' id='word_1_515' title='bbox 620 2891 805 2938; x_wconf 80' lang='lat' dir='ltr'><strong>exposita.</strong></span> <span class='ocrx_word' id='word_1_516' title='bbox 829 2893 930 2928; x_wconf 85' lang='lat' dir='ltr'><strong>Dicit</strong></span> <span class='ocrx_word' id='word_1_517' title='bbox 949 2894 1065 2942; x_wconf 84' lang='lat' dir='ltr'><strong>igitur</strong></span> <span class='ocrx_word' id='word_1_518' title='bbox 1090 2907 1262 2940; x_wconf 89' lang='lat' dir='ltr'><strong>carmen,</strong></span> <span class='ocrx_word' id='word_1_519' title='bbox 1295 2895 1339 2930; x_wconf 93' lang='lat' dir='ltr'><strong>il-</strong></span> 
     </span>
     <span class='ocr_line' id='line_1_70' title="bbox 288 2947 1341 3002; baseline 0.008 -20"><span class='ocrx_word' id='word_1_520' title='bbox 288 2948 365 2983; x_wconf 88' lang='lat' dir='ltr'>lum</span> <span class='ocrx_word' id='word_1_521' title='bbox 387 2948 455 2996; x_wconf 90' lang='lat' dir='ltr'><strong>qui</strong></span> <span class='ocrx_word' id='word_1_522' title='bbox 473 2947 603 2984; x_wconf 88' lang='lat' dir='ltr'><strong>divina</strong></span> <span class='ocrx_word' id='word_1_523' title='bbox 616 2948 718 2985; x_wconf 87' lang='lat' dir='ltr'><strong>bona</strong></span> <span class='ocrx_word' id='word_1_524' title='bbox 737 2951 904 2999; x_wconf 80' lang='lat' dir='ltr'><strong>appetit,</strong></span> <span class='ocrx_word' id='word_1_525' title='bbox 922 2965 1054 2988; x_wconf 88' lang='lat' dir='ltr'><strong>cavere</strong></span> <span class='ocrx_word' id='word_1_526' title='bbox 1073 2961 1253 3002; x_wconf 81' lang='lat' dir='ltr'><strong>oportere</strong></span> <span class='ocrx_word' id='word_1_527' title='bbox 1267 2982 1277 3002; x_wconf 89' lang='lat'><strong>,</strong></span> <span class='ocrx_word' id='word_1_528' title='bbox 1293 2965 1341 2989; x_wconf 88' lang='lat' dir='ltr'>ne</span> 
     </span>
     <span class='ocr_line' id='line_1_71' title="bbox 288 3006 1340 3061; baseline 0.007 -19"><span class='ocrx_word' id='word_1_529' title='bbox 288 3006 337 3043; x_wconf 87' lang='lat' dir='ltr'>ad</span> <span class='ocrx_word' id='word_1_530' title='bbox 357 3007 472 3043; x_wconf 89' lang='lat' dir='ltr'><strong>ullam</strong></span> <span class='ocrx_word' id='word_1_531' title='bbox 493 3019 663 3055; x_wconf 89' lang='lat' dir='ltr'><strong>unquam</strong></span> <span class='ocrx_word' id='word_1_532' title='bbox 677 3021 758 3044; x_wconf 90' lang='lat' dir='ltr'>rem</span> <span class='ocrx_word' id='word_1_533' title='bbox 773 3009 986 3047; x_wconf 84' lang='lat' dir='ltr'><strong>faciendam</strong></span> <span class='ocrx_word' id='word_1_534' title='bbox 1009 3011 1237 3058; x_wconf 84' lang='lat' dir='ltr'><strong>adducatur,</strong></span> <span class='ocrx_word' id='word_1_535' title='bbox 1257 3026 1340 3061; x_wconf 84' lang='lat' dir='ltr'>quae</span> 
     </span>
     <span class='ocr_line' id='line_1_72' title="bbox 288 3066 1340 3121; baseline 0.007 -20"><span class='ocrx_word' id='word_1_536' title='bbox 288 3067 358 3115; x_wconf 77' lang='lat' dir='ltr'><strong>ipsi</strong></span> <span class='ocrx_word' id='word_1_537' title='bbox 380 3079 460 3102; x_wconf 89' lang='lat' dir='ltr'>non</span> <span class='ocrx_word' id='word_1_538' title='bbox 475 3067 523 3102; x_wconf 91' lang='lat' dir='ltr'>sit</span> <span class='ocrx_word' id='word_1_539' title='bbox 543 3066 747 3103; x_wconf 89' lang='lat' dir='ltr'><strong>commoda</strong></span> <span class='ocrx_word' id='word_1_540' title='bbox 760 3094 771 3113; x_wconf 89' lang='lat'>‚</span> <span class='ocrx_word' id='word_1_541' title='bbox 786 3080 881 3104; x_wconf 89' lang='lat' dir='ltr'><strong>neve</strong></span> <span class='ocrx_word' id='word_1_542' title='bbox 902 3071 1058 3119; x_wconf 86' lang='lat' dir='ltr'><strong>corpori</strong></span> <span class='ocrx_word' id='word_1_543' title='bbox 1076 3083 1119 3107; x_wconf 90' lang='lat' dir='ltr'>ea</span> <span class='ocrx_word' id='word_1_544' title='bbox 1134 3071 1340 3121; x_wconf 85' lang='lat' dir='ltr'><strong>indulgeat,</strong></span> 
     </span>
    </p>
   </div>
   <div class='ocr_carea' id='block_1_14' title="bbox 287 3125 1355 3179">
    <p class='ocr_par' dir='ltr' id='par_1_15' title="bbox 287 3125 1355 3179">
     <span class='ocr_line' id='line_1_73' title="bbox 287 3125 1355 3179; baseline 0.007 -18"><span class='ocrx_word' id='word_1_545' title='bbox 287 3137 334 3162; x_wconf 79' lang='lat' dir='ltr'>ex</span> <span class='ocrx_word' id='word_1_546' title='bbox 351 3126 489 3173; x_wconf 83' lang='lat' dir='ltr'><strong>quibus</strong></span> <span class='ocrx_word' id='word_1_547' title='bbox 507 3126 588 3174; x_wconf 87' lang='lat' dir='ltr'><strong>ipse</strong></span> <span class='ocrx_word' id='word_1_548' title='bbox 608 3125 784 3162; x_wconf 83' lang='lat' dir='ltr'><strong>dolorem</strong></span> <span class='ocrx_word' id='word_1_549' title='bbox 797 3128 1002 3176; x_wconf 84' lang='lat' dir='ltr'><strong>percipiet,</strong></span> <span class='ocrx_word' id='word_1_550' title='bbox 1020 3142 1115 3166; x_wconf 89' lang='lat' dir='ltr'><strong>neve</strong></span> <span class='ocrx_word' id='word_1_551' title='bbox 1128 3131 1355 3179; x_wconf 61' lang='lat' dir='ltr'>quidquam⁴</span> 
     </span>
    </p>
   </div>
   <div class='ocr_carea' id='block_1_15' title="bbox 287 3183 1342 3589">
    <p class='ocr_par' dir='ltr' id='par_1_16' title="bbox 287 3183 1342 3589">
     <span class='ocr_line' id='line_1_74' title="bbox 287 3183 1339 3238; baseline 0.008 -19"><span class='ocrx_word' id='word_1_552' title='bbox 287 3183 485 3230; x_wconf 85' lang='lat' dir='ltr'><strong>admittat,</strong></span> <span class='ocrx_word' id='word_1_553' title='bbox 521 3184 629 3233; x_wconf 91' lang='lat' dir='ltr'><strong>quod</strong></span> <span class='ocrx_word' id='word_1_554' title='bbox 654 3185 907 3234; x_wconf 77' lang='lat' dir='ltr'><strong>philosophiae</strong></span> <span class='ocrx_word' id='word_1_555' title='bbox 936 3188 1104 3224; x_wconf 89' lang='lat' dir='ltr'><strong>studium</strong></span> <span class='ocrx_word' id='word_1_556' title='bbox 1134 3190 1339 3238; x_wconf 85' lang='lat' dir='ltr'><strong>impediat,</strong></span> 
     </span>
     <span class='ocr_line' id='line_1_75' title="bbox 289 3241 1341 3292; baseline 0.006 -13"><span class='ocrx_word' id='word_1_557' title='bbox 289 3241 398 3290; x_wconf 88' lang='lat' dir='ltr'><strong>cujus</strong></span> <span class='ocrx_word' id='word_1_558' title='bbox 417 3243 539 3292; x_wconf 88' lang='lat' dir='ltr'><strong>ipsum</strong></span> <span class='ocrx_word' id='word_1_559' title='bbox 560 3244 676 3291; x_wconf 87' lang='lat' dir='ltr'><strong>paulo</strong></span> <span class='ocrx_word' id='word_1_560' title='bbox 700 3251 786 3292; x_wconf 90' lang='lat' dir='ltr'><strong>post</strong></span> <span class='ocrx_word' id='word_1_561' title='bbox 804 3244 1017 3292; x_wconf 88' lang='lat' dir='ltr'><strong>poenitebit.</strong></span> <span class='ocrx_word' id='word_1_562' title='bbox 1041 3248 1130 3283; x_wconf 87' lang='lat' dir='ltr'>Haec</span> <span class='ocrx_word' id='word_1_563' title='bbox 1151 3249 1251 3284; x_wconf 91' lang='lat' dir='ltr'><strong>enim</strong></span> <span class='ocrx_word' id='word_1_564' title='bbox 1271 3261 1341 3285; x_wconf 90' lang='lat' dir='ltr'>nos</span> 
     </span>
     <span class='ocr_line' id='line_1_76' title="bbox 289 3301 1339 3353; baseline 0.007 -17"><span class='ocrx_word' id='word_1_565' title='bbox 289 3301 417 3337; x_wconf 88' lang='lat' dir='ltr'><strong>omnia</strong></span> <span class='ocrx_word' id='word_1_566' title='bbox 456 3301 764 3338; x_wconf 85' lang='lat' dir='ltr'><strong>consideratione</strong></span> <span class='ocrx_word' id='word_1_567' title='bbox 802 3302 991 3351; x_wconf 86' lang='lat' dir='ltr'><strong>quadam,</strong></span> <span class='ocrx_word' id='word_1_568' title='bbox 1027 3317 1111 3353; x_wconf 86' lang='lat' dir='ltr'>quae</span> <span class='ocrx_word' id='word_1_569' title='bbox 1150 3307 1339 3342; x_wconf 88' lang='lat' dir='ltr'><strong>actionem</strong></span> 
     </span>
     <span class='ocr_line' id='line_1_77' title="bbox 287 3359 1342 3413; baseline 0.007 -18"><span class='ocrx_word' id='word_1_570' title='bbox 287 3359 500 3408; x_wconf 82' lang='lat' dir='ltr'><strong>praecedat,</strong></span> <span class='ocrx_word' id='word_1_571' title='bbox 532 3360 738 3409; x_wconf 89' lang='lat' dir='ltr'><strong>repudiare</strong></span> <span class='ocrx_word' id='word_1_572' title='bbox 776 3363 978 3408; x_wconf 85' lang='lat' dir='ltr'><strong>convenit,</strong></span> <span class='ocrx_word' id='word_1_573' title='bbox 1027 3370 1071 3399; x_wconf 92' lang='lat' dir='ltr'>ut</span> <span class='ocrx_word' id='word_1_574' title='bbox 1111 3365 1342 3413; x_wconf 87' lang='lat' dir='ltr'><strong>subsequens</strong></span> 
     </span>
     <span class='ocr_line' id='line_1_78' title="bbox 289 3421 1340 3471; baseline 0.006 -16"><span class='ocrx_word' id='word_1_575' title='bbox 289 3431 443 3465; x_wconf 88' lang='lat' dir='ltr'><strong>eorum,</strong></span> <span class='ocrx_word' id='word_1_576' title='bbox 475 3432 559 3468; x_wconf 83' lang='lat' dir='ltr'>quae</span> <span class='ocrx_word' id='word_1_577' title='bbox 588 3421 788 3469; x_wconf 86' lang='lat' dir='ltr'><strong>gessimus,</strong></span> <span class='ocrx_word' id='word_1_578' title='bbox 827 3421 1083 3459; x_wconf 86' lang='lat' dir='ltr'><strong>consideratio</strong></span> <span class='ocrx_word' id='word_1_579' title='bbox 1111 3423 1340 3471; x_wconf 87' lang='lat' dir='ltr'><strong>jucundissi-</strong></span> 
     </span>
     <span class='ocr_line' id='line_1_79' title="bbox 287 3478 1340 3531; baseline 0.006 -17"><span class='ocrx_word' id='word_1_580' title='bbox 287 3490 389 3514; x_wconf 90' lang='lat' dir='ltr'>mam</span> <span class='ocrx_word' id='word_1_581' title='bbox 422 3478 590 3527; x_wconf 81' lang='lat' dir='ltr'><strong>praebeat</strong></span> <span class='ocrx_word' id='word_1_582' title='bbox 607 3479 938 3530; x_wconf 77' lang='lat' dir='ltr'><strong>recordationem,</strong></span> <span class='ocrx_word' id='word_1_583' title='bbox 960 3480 1011 3517; x_wconf 89' lang='lat' dir='ltr'>ad</span> <span class='ocrx_word' id='word_1_584' title='bbox 1037 3494 1152 3531; x_wconf 88' lang='lat' dir='ltr'><strong>quam</strong></span> <span class='ocrx_word' id='word_1_585' title='bbox 1178 3496 1259 3520; x_wconf 91' lang='lat' dir='ltr'>rem</span> <span class='ocrx_word' id='word_1_586' title='bbox 1282 3484 1340 3520; x_wconf 83' lang='lat' dir='ltr'>fa—</span> 
     </span>
     <span class='ocr_line' id='line_1_80' title="bbox 290 3537 1009 3589; baseline 0.006 -15"><span class='ocrx_word' id='word_1_587' title='bbox 290 3537 463 3575; x_wconf 87' lang='lat' dir='ltr'><strong>ciendam</strong></span> <span class='ocrx_word' id='word_1_588' title='bbox 481 3551 551 3575; x_wconf 90' lang='lat' dir='ltr'>nos</span> <span class='ocrx_word' id='word_1_589' title='bbox 573 3539 751 3589; x_wconf 87' lang='lat' dir='ltr'><strong>deinceps</strong></span> <span class='ocrx_word' id='word_1_590' title='bbox 770 3539 1009 3578; x_wconf 87' lang='lat' dir='ltr'><strong>adhortatur.</strong></span> 
     </span>
    </p>
   </div>
   <div class='ocr_carea' id='block_1_16' title="bbox 1788 2005 2066 2047">
    <p class='ocr_par' dir='ltr' id='par_1_17' title="bbox 1788 2005 2066 2047">
     <span class='ocr_line' id='line_1_81' title="bbox 1788 2005 2066 2047; baseline 0 -7"><span class='ocrx_word' id='word_1_591' title='bbox 1788 2005 1896 2042; x_wconf 82' lang='lat' dir='ltr'><strong>XIX.</strong></span> <span class='ocrx_word' id='word_1_592' title='bbox 1929 2007 2066 2047; x_wconf 60' lang='grc' dir='ltr'>[ιο-44.</span> 
     </span>
    </p>
   </div>
   <div class='ocr_carea' id='block_1_17' title="bbox 1481 2094 2460 2375">
    <p class='ocr_par' dir='ltr' id='par_1_18' title="bbox 1481 2094 2341 2138">
     <span class='ocr_line' id='line_1_82' title="bbox 1481 2094 2341 2138; baseline -0.005 -8"><span class='ocrx_word' id='word_1_593' title='bbox 1481 2099 1569 2130; x_wconf 84' lang='lat' dir='ltr'><strong>Neve</strong></span> <span class='ocrx_word' id='word_1_594' title='bbox 1582 2106 1734 2130; x_wconf 90' lang='lat' dir='ltr'><strong>somnum</strong></span> <span class='ocrx_word' id='word_1_595' title='bbox 1749 2097 1862 2130; x_wconf 63' lang='lat' dir='ltr'><strong>molles</strong></span> <span class='ocrx_word' id='word_1_596' title='bbox 1872 2097 1905 2129; x_wconf 89' lang='lat' dir='ltr'>in</span> <span class='ocrx_word' id='word_1_597' title='bbox 1924 2095 2039 2129; x_wconf 85' lang='lat' dir='ltr'><strong>oculos</strong></span> <span class='ocrx_word' id='word_1_598' title='bbox 2061 2095 2151 2138; x_wconf 82' lang='lat' dir='ltr'><strong>prius</strong></span> <span class='ocrx_word' id='word_1_599' title='bbox 2163 2094 2317 2127; x_wconf 81' lang='lat' dir='ltr'><strong>admittas</strong></span> <span class='ocrx_word' id='word_1_600' title='bbox 2330 2117 2341 2135; x_wconf 97' lang='lat'><strong>,</strong></span> 
     </span>
    </p>

    <p class='ocr_par' dir='ltr' id='par_1_19' title="bbox 1484 2142 2214 2185">
     <span class='ocr_line' id='line_1_83' title="bbox 1484 2142 2214 2185; baseline -0.004 -9"><span class='ocrx_word' id='word_1_601' title='bbox 1484 2154 1583 2184; x_wconf 84' lang='lat' dir='ltr'><strong>quam</strong></span> <span class='ocrx_word' id='word_1_602' title='bbox 1600 2145 1724 2185; x_wconf 86' lang='lat' dir='ltr'><strong>singula</strong></span> <span class='ocrx_word' id='word_1_603' title='bbox 1741 2145 1855 2176; x_wconf 83' lang='lat' dir='ltr'><strong>diurna</strong></span> <span class='ocrx_word' id='word_1_604' title='bbox 1869 2153 1967 2185; x_wconf 80' lang='lat' dir='ltr'><strong>opera</strong></span> <span class='ocrx_word' id='word_1_605' title='bbox 1988 2142 2191 2176; x_wconf 78' lang='lat' dir='ltr'><strong>recensueris</strong></span> <span class='ocrx_word' id='word_1_606' title='bbox 2205 2152 2214 2173; x_wconf 90' lang='lat'>:</span> 
     </span>
    </p>

    <p class='ocr_par' dir='ltr' id='par_1_20' title="bbox 1486 2187 2460 2279">
     <span class='ocr_line' id='line_1_84' title="bbox 1486 2187 2458 2233; baseline -0.004 -9"><span class='ocrx_word' id='word_1_607' title='bbox 1486 2194 1558 2229; x_wconf 83' lang='lat' dir='ltr'>Qua</span> <span class='ocrx_word' id='word_1_608' title='bbox 1582 2191 1613 2223; x_wconf 91' lang='lat' dir='ltr'>in</span> <span class='ocrx_word' id='word_1_609' title='bbox 1633 2200 1666 2223; x_wconf 84' lang='lat' dir='ltr'>re</span> <span class='ocrx_word' id='word_1_610' title='bbox 1693 2192 1847 2233; x_wconf 85' lang='lat' dir='ltr'><strong>peccavi?</strong></span> <span class='ocrx_word' id='word_1_611' title='bbox 1874 2191 1951 2233; x_wconf 86' lang='lat' dir='ltr'><strong>quid</strong></span> <span class='ocrx_word' id='word_1_612' title='bbox 1974 2190 2147 2232; x_wconf 61' lang='lat' dir='ltr'><strong>[ocimum</strong></span> <span class='ocrx_word' id='word_1_613' title='bbox 2166 2189 2260 2222; x_wconf 79' lang='lat' dir='ltr'><strong>omisi</strong></span> <span class='ocrx_word' id='word_1_614' title='bbox 2284 2188 2373 2228; x_wconf 80' lang='lat' dir='ltr'>quod</span> <span class='ocrx_word' id='word_1_615' title='bbox 2390 2187 2458 2221; x_wconf 75' lang='lat' dir='ltr'><strong>fieri</strong></span> 
     </span>
     <span class='ocr_line' id='line_1_85' title="bbox 2275 2235 2460 2279; baseline 0 -11"><span class='ocrx_word' id='word_1_616' title='bbox 2275 2236 2288 2279; x_wconf 87' lang='lat'>[</span> <span class='ocrx_word' id='word_1_617' title='bbox 2300 2235 2460 2270; x_wconf 82' lang='lat' dir='ltr'><strong>debebat?</strong></span> 
     </span>
    </p>

    <p class='ocr_par' dir='ltr' id='par_1_21' title="bbox 1484 2285 2353 2326">
     <span class='ocr_line' id='line_1_86' title="bbox 1484 2285 2353 2326; baseline -0.002 -8"><span class='ocrx_word' id='word_1_618' title='bbox 1484 2289 1508 2318; x_wconf 81' lang='grc' dir='ltr'>Α</span> <span class='ocrx_word' id='word_1_619' title='bbox 1528 2286 1632 2326; x_wconf 81' lang='lat' dir='ltr'><strong>primo</strong></span> <span class='ocrx_word' id='word_1_620' title='bbox 1649 2285 1804 2326; x_wconf 80' lang='lat' dir='ltr'><strong>incipiens</strong></span> <span class='ocrx_word' id='word_1_621' title='bbox 1819 2286 1942 2326; x_wconf 84' lang='lat' dir='ltr'><strong>singula</strong></span> <span class='ocrx_word' id='word_1_622' title='bbox 1965 2293 2155 2326; x_wconf 81' lang='lat' dir='ltr'><strong>percurras;</strong></span> <span class='ocrx_word' id='word_1_623' title='bbox 2174 2287 2207 2317; x_wconf 91' lang='lat' dir='ltr'>et</span> <span class='ocrx_word' id='word_1_624' title='bbox 2221 2287 2353 2326; x_wconf 81' lang='lat' dir='ltr'><strong>postea,</strong></span> 
     </span>
    </p>

    <p class='ocr_par' dir='ltr' id='par_1_22' title="bbox 1481 2332 2458 2375">
     <span class='ocr_line' id='line_1_87' title="bbox 1481 2332 2458 2375; baseline -0.001 -10"><span class='ocrx_word' id='word_1_625' title='bbox 1481 2333 1574 2365; x_wconf 81' lang='lat' dir='ltr'><strong>malis</strong></span> <span class='ocrx_word' id='word_1_626' title='bbox 1587 2333 1756 2373; x_wconf 79' lang='lat' dir='ltr'><strong>admissis,</strong></span> <span class='ocrx_word' id='word_1_627' title='bbox 1768 2336 1800 2366; x_wconf 84' lang='lat' dir='ltr'>te</span> <span class='ocrx_word' id='word_1_628' title='bbox 1813 2334 1918 2375; x_wconf 88' lang='lat' dir='ltr'><strong>ipsum</strong></span> <span class='ocrx_word' id='word_1_629' title='bbox 1934 2341 2070 2374; x_wconf 72' lang='lat' dir='ltr'><strong>coarguo</strong></span> <span class='ocrx_word' id='word_1_630' title='bbox 2080 2357 2090 2374; x_wconf 88' lang='lat'><em>‚</em></span> <span class='ocrx_word' id='word_1_631' title='bbox 2108 2332 2200 2365; x_wconf 86' lang='lat' dir='ltr'><strong>bouis</strong></span> <span class='ocrx_word' id='word_1_632' title='bbox 2211 2334 2322 2365; x_wconf 81' lang='lat' dir='ltr'><strong>autem</strong></span> <span class='ocrx_word' id='word_1_633' title='bbox 2336 2332 2458 2365; x_wconf 78' lang='lat' dir='ltr'><strong>loetare.</strong></span> 
     </span>
    </p>
   </div>
   <div class='ocr_carea' id='block_1_18' title="bbox 1397 2417 2463 3594">
    <p class='ocr_par' dir='ltr' id='par_1_23' title="bbox 1397 2417 2463 3594">
     <span class='ocr_line' id='line_1_88' title="bbox 1451 2417 2459 2466; baseline -0.001 -12"><span class='ocrx_word' id='word_1_634' title='bbox 1451 2420 1577 2466; x_wconf 87' lang='lat' dir='ltr'><strong>Quum</strong></span> <span class='ocrx_word' id='word_1_635' title='bbox 1629 2419 1679 2455; x_wconf 87' lang='lat' dir='ltr'>ad</span> <span class='ocrx_word' id='word_1_636' title='bbox 1718 2419 1789 2455; x_wconf 93' lang='lat' dir='ltr'>hos</span> <span class='ocrx_word' id='word_1_637' title='bbox 1822 2431 1950 2456; x_wconf 87' lang='lat' dir='ltr'><strong>versus</strong></span> <span class='ocrx_word' id='word_1_638' title='bbox 1999 2419 2174 2463; x_wconf 88' lang='lat' dir='ltr'><strong>veneris,</strong></span> <span class='ocrx_word' id='word_1_639' title='bbox 2220 2417 2459 2466; x_wconf 82' lang='lat' dir='ltr'><strong>superiorum</strong></span> 
     </span>
     <span class='ocr_line' id='line_1_89' title="bbox 1398 2477 2463 2528; baseline -0.001 -14"><span class='ocrx_word' id='word_1_640' title='bbox 1398 2480 1568 2515; x_wconf 90' lang='lat' dir='ltr'><strong>omnium</strong></span> <span class='ocrx_word' id='word_1_641' title='bbox 1580 2486 1863 2528; x_wconf 77' lang='lat' dir='ltr'><strong>praeceptorum</strong></span> <span class='ocrx_word' id='word_1_642' title='bbox 1880 2486 2043 2518; x_wconf 86' lang='lat' dir='ltr'><strong>mentem</strong></span> <span class='ocrx_word' id='word_1_643' title='bbox 2065 2478 2225 2526; x_wconf 83' lang='lat' dir='ltr'><strong>collige,</strong></span> <span class='ocrx_word' id='word_1_644' title='bbox 2241 2482 2283 2514; x_wconf 89' lang='lat' dir='ltr'>ut</span> <span class='ocrx_word' id='word_1_645' title='bbox 2303 2477 2463 2514; x_wconf 88' lang='lat' dir='ltr'><strong>interius</strong></span> 
     </span>
     <span class='ocr_line' id='line_1_90' title="bbox 1398 2537 2461 2588; baseline 0 -13"><span class='ocrx_word' id='word_1_646' title='bbox 1398 2539 1513 2575; x_wconf 90' lang='lat' dir='ltr'><strong>animi</strong></span> <span class='ocrx_word' id='word_1_647' title='bbox 1535 2537 1727 2586; x_wconf 87' lang='lat' dir='ltr'><strong>judicium</strong></span> <span class='ocrx_word' id='word_1_648' title='bbox 1755 2538 1835 2575; x_wconf 85' lang='lat' dir='ltr'>haec</span> <span class='ocrx_word' id='word_1_649' title='bbox 1850 2566 1860 2584; x_wconf 97' lang='lat'><strong>,</strong></span> <span class='ocrx_word' id='word_1_650' title='bbox 1889 2546 2072 2588; x_wconf 88' lang='lat' dir='ltr'><strong>tanquam</strong></span> <span class='ocrx_word' id='word_1_651' title='bbox 2105 2538 2253 2574; x_wconf 83' lang='lat' dir='ltr'><strong>divinas</strong></span> <span class='ocrx_word' id='word_1_652' title='bbox 2276 2538 2379 2588; x_wconf 87' lang='lat' dir='ltr'><strong>leges</strong></span> <span class='ocrx_word' id='word_1_653' title='bbox 2397 2550 2461 2575; x_wconf 88' lang='lat' dir='ltr'>re-</span> 
     </span>
     <span class='ocr_line' id='line_1_91' title="bbox 1397 2598 2456 2647; baseline -0.001 -14"><span class='ocrx_word' id='word_1_654' title='bbox 1397 2598 1559 2646; x_wconf 89' lang='lat' dir='ltr'><strong>spiciens</strong></span> <span class='ocrx_word' id='word_1_655' title='bbox 1572 2625 1584 2645; x_wconf 85' lang='lat'><strong>,</strong></span> <span class='ocrx_word' id='word_1_656' title='bbox 1602 2609 1736 2634; x_wconf 90' lang='lat' dir='ltr'><strong>eorum</strong></span> <span class='ocrx_word' id='word_1_657' title='bbox 1767 2609 1851 2647; x_wconf 89' lang='lat' dir='ltr'>quae</span> <span class='ocrx_word' id='word_1_658' title='bbox 1871 2598 1970 2635; x_wconf 88' lang='lat' dir='ltr'><strong>bene</strong></span> <span class='ocrx_word' id='word_1_659' title='bbox 1998 2599 2060 2635; x_wconf 85' lang='lat' dir='ltr'>vel</span> <span class='ocrx_word' id='word_1_660' title='bbox 2080 2598 2180 2634; x_wconf 79' lang='lat' dir='ltr'><strong>male</strong></span> <span class='ocrx_word' id='word_1_661' title='bbox 2210 2603 2315 2646; x_wconf 84' lang='lat' dir='ltr'><strong>gesta</strong></span> <span class='ocrx_word' id='word_1_662' title='bbox 2342 2603 2430 2633; x_wconf 87' lang='lat' dir='ltr'><strong>sunt</strong></span> <span class='ocrx_word' id='word_1_663' title='bbox 2445 2624 2456 2642; x_wconf 93' lang='lat'><strong>,</strong></span> 
     </span>
     <span class='ocr_line' id='line_1_92' title="bbox 1401 2656 2463 2707; baseline -0.002 -13"><span class='ocrx_word' id='word_1_664' title='bbox 1401 2669 1597 2694; x_wconf 83' lang='lat' dir='ltr'><strong>censuram</strong></span> <span class='ocrx_word' id='word_1_665' title='bbox 1609 2665 1705 2707; x_wconf 85' lang='lat' dir='ltr'><strong>agat.</strong></span> <span class='ocrx_word' id='word_1_666' title='bbox 1723 2657 1835 2694; x_wconf 91' lang='lat' dir='ltr'><strong>Unde</strong></span> <span class='ocrx_word' id='word_1_667' title='bbox 1857 2659 1959 2694; x_wconf 88' lang='lat' dir='ltr'><strong>enim</strong></span> <span class='ocrx_word' id='word_1_668' title='bbox 1973 2658 2190 2694; x_wconf 85' lang='lat' dir='ltr'><strong>recordatio</strong></span> <span class='ocrx_word' id='word_1_669' title='bbox 2208 2669 2278 2693; x_wconf 92' lang='lat' dir='ltr'>nos</span> <span class='ocrx_word' id='word_1_670' title='bbox 2294 2656 2344 2692; x_wconf 92' lang='lat' dir='ltr'>ob</span> <span class='ocrx_word' id='word_1_671' title='bbox 2363 2657 2463 2694; x_wconf 77' lang='lat' dir='ltr'><strong>maie</strong></span> 
     </span>
     <span class='ocr_line' id='line_1_93' title="bbox 1401 2715 2459 2765; baseline 0 -12"><span class='ocrx_word' id='word_1_672' title='bbox 1401 2716 1603 2753; x_wconf 88' lang='lat' dir='ltr'><strong>commissa</strong></span> <span class='ocrx_word' id='word_1_673' title='bbox 1621 2716 1903 2765; x_wconf 83' lang='lat' dir='ltr'><strong>reprehendere</strong></span> <span class='ocrx_word' id='word_1_674' title='bbox 1919 2724 1985 2753; x_wconf 87' lang='lat' dir='ltr'>aut</span> <span class='ocrx_word' id='word_1_675' title='bbox 2005 2717 2056 2752; x_wconf 91' lang='lat' dir='ltr'>ob</span> <span class='ocrx_word' id='word_1_676' title='bbox 2070 2722 2172 2752; x_wconf 88' lang='lat' dir='ltr'><strong>recte</strong></span> <span class='ocrx_word' id='word_1_677' title='bbox 2192 2715 2292 2752; x_wconf 85' lang='lat' dir='ltr'><strong>facta</strong></span> <span class='ocrx_word' id='word_1_678' title='bbox 2314 2716 2459 2753; x_wconf 84' lang='lat' dir='ltr'><strong>collau·</strong></span> 
     </span>
     <span class='ocr_line' id='line_1_94' title="bbox 1402 2775 2460 2826; baseline 0 -14"><span class='ocrx_word' id='word_1_679' title='bbox 1402 2776 1494 2813; x_wconf 87' lang='lat' dir='ltr'><strong>dare</strong></span> <span class='ocrx_word' id='word_1_680' title='bbox 1526 2776 1692 2824; x_wconf 91' lang='lat' dir='ltr'><strong>poterit,</strong></span> <span class='ocrx_word' id='word_1_681' title='bbox 1719 2776 1791 2812; x_wconf 90' lang='lat' dir='ltr'><strong>nisi</strong></span> <span class='ocrx_word' id='word_1_682' title='bbox 1823 2776 2081 2813; x_wconf 87' lang='lat' dir='ltr'><strong>consideratio</strong></span> <span class='ocrx_word' id='word_1_683' title='bbox 2107 2775 2326 2825; x_wconf 81' lang='lat' dir='ltr'><strong>praecedens</strong></span> <span class='ocrx_word' id='word_1_684' title='bbox 2360 2776 2460 2826; x_wconf 83' lang='lat' dir='ltr'><strong>leges</strong></span> 
     </span>
     <span class='ocr_line' id='line_1_95' title="bbox 1402 2835 2460 2884; baseline 0 -12"><span class='ocrx_word' id='word_1_685' title='bbox 1402 2836 1584 2884; x_wconf 87' lang='lat' dir='ltr'><strong>quasdam</strong></span> <span class='ocrx_word' id='word_1_686' title='bbox 1611 2835 1811 2881; x_wconf 88' lang='lat' dir='ltr'><strong>adhibeat,</strong></span> <span class='ocrx_word' id='word_1_687' title='bbox 1852 2835 1902 2872; x_wconf 87' lang='lat' dir='ltr'>ad</span> <span class='ocrx_word' id='word_1_688' title='bbox 1939 2848 2033 2883; x_wconf 88' lang='lat' dir='ltr'><strong>quas</strong></span> <span class='ocrx_word' id='word_1_689' title='bbox 2070 2836 2190 2872; x_wconf 86' lang='lat' dir='ltr'><strong>vitam</strong></span> <span class='ocrx_word' id='word_1_690' title='bbox 2226 2847 2460 2884; x_wconf 86' lang='lat' dir='ltr'><strong>componere</strong></span> 
     </span>
     <span class='ocr_line' id='line_1_96' title="bbox 1403 2895 2457 2945; baseline -0.001 -13"><span class='ocrx_word' id='word_1_691' title='bbox 1403 2903 1575 2945; x_wconf 88' lang='lat' dir='ltr'><strong>oportet,</strong></span> <span class='ocrx_word' id='word_1_692' title='bbox 1594 2903 1632 2932; x_wconf 91' lang='lat' dir='ltr'>et</span> <span class='ocrx_word' id='word_1_693' title='bbox 1650 2895 1698 2932; x_wconf 91' lang='lat' dir='ltr'>ad</span> <span class='ocrx_word' id='word_1_694' title='bbox 1717 2896 1785 2931; x_wconf 87' lang='lat' dir='ltr'>has</span> <span class='ocrx_word' id='word_1_695' title='bbox 1807 2896 2052 2931; x_wconf 79' lang='lat' dir='ltr'><strong>conscientiae</strong></span> <span class='ocrx_word' id='word_1_696' title='bbox 2065 2902 2201 2931; x_wconf 84' lang='lat' dir='ltr'><strong>nostrae</strong></span> <span class='ocrx_word' id='word_1_697' title='bbox 2218 2895 2331 2943; x_wconf 84' lang='lat' dir='ltr'><strong>copia</strong></span> <span class='ocrx_word' id='word_1_698' title='bbox 2343 2922 2354 2940; x_wconf 93' lang='lat'><strong>,</strong></span> <span class='ocrx_word' id='word_1_699' title='bbox 2371 2902 2457 2931; x_wconf 85' lang='lat' dir='ltr'><strong>tan·</strong></span> 
     </span>
     <span class='ocr_line' id='line_1_97' title="bbox 1403 2953 2458 3004; baseline -0.001 -13"><span class='ocrx_word' id='word_1_700' title='bbox 1403 2967 1518 3004; x_wconf 86' lang='lat' dir='ltr'><strong>quam</strong></span> <span class='ocrx_word' id='word_1_701' title='bbox 1541 2954 1591 2990; x_wconf 83' lang='lat' dir='ltr'>ad</span> <span class='ocrx_word' id='word_1_702' title='bbox 1611 2967 1772 3003; x_wconf 90' lang='lat' dir='ltr'><strong>scopum</strong></span> <span class='ocrx_word' id='word_1_703' title='bbox 1789 2955 1979 3002; x_wconf 89' lang='lat' dir='ltr'><strong>aliquem,</strong></span> <span class='ocrx_word' id='word_1_704' title='bbox 1998 2966 2151 2990; x_wconf 88' lang='lat' dir='ltr'><strong>omnem</strong></span> <span class='ocrx_word' id='word_1_705' title='bbox 2163 2959 2332 2989; x_wconf 82' lang='lat' dir='ltr'><strong>nostram</strong></span> <span class='ocrx_word' id='word_1_706' title='bbox 2343 2953 2458 2990; x_wconf 81' lang='lat' dir='ltr'><strong>vitam</strong></span> 
     </span>
     <span class='ocr_line' id='line_1_98' title="bbox 1403 3011 2460 3064; baseline -0.002 -14"><span class='ocrx_word' id='word_1_707' title='bbox 1403 3014 1569 3064; x_wconf 83' lang='lat' dir='ltr'><strong>dirigat?</strong></span> <span class='ocrx_word' id='word_1_708' title='bbox 1592 3014 1773 3061; x_wconf 88' lang='lat' dir='ltr'><strong>Quotidie</strong></span> <span class='ocrx_word' id='word_1_709' title='bbox 1793 3021 1919 3051; x_wconf 87' lang='lat' dir='ltr'><strong>autem</strong></span> <span class='ocrx_word' id='word_1_710' title='bbox 1932 3012 2124 3059; x_wconf 86' lang='lat' dir='ltr'><strong>judicium</strong></span> <span class='ocrx_word' id='word_1_711' title='bbox 2149 3011 2365 3048; x_wconf 88' lang='lat' dir='ltr'><strong>istiusmodi</strong></span> <span class='ocrx_word' id='word_1_712' title='bbox 2389 3024 2460 3049; x_wconf 88' lang='lat' dir='ltr'>nos</span> 
     </span>
     <span class='ocr_line' id='line_1_99' title="bbox 1403 3070 2460 3120; baseline -0.002 -11"><span class='ocrx_word' id='word_1_713' title='bbox 1403 3072 1527 3109; x_wconf 85' lang='lat' dir='ltr'><strong>facere</strong></span> <span class='ocrx_word' id='word_1_714' title='bbox 1553 3072 1686 3120; x_wconf 88' lang='lat' dir='ltr'><strong>jubet,</strong></span> <span class='ocrx_word' id='word_1_715' title='bbox 1715 3078 1759 3107; x_wconf 88' lang='lat' dir='ltr'>ut</span> <span class='ocrx_word' id='word_1_716' title='bbox 1789 3071 1942 3107; x_wconf 87' lang='lat' dir='ltr'><strong>assidua</strong></span> <span class='ocrx_word' id='word_1_717' title='bbox 1973 3071 2244 3107; x_wconf 87' lang='lat' dir='ltr'><strong>recordatione</strong></span> <span class='ocrx_word' id='word_1_718' title='bbox 2269 3070 2460 3118; x_wconf 87' lang='lat' dir='ltr'><strong>judicium</strong></span> 
     </span>
     <span class='ocr_line' id='line_1_100' title="bbox 1403 3132 2460 3180; baseline -0.003 -12"><span class='ocrx_word' id='word_1_719' title='bbox 1403 3132 1544 3168; x_wconf 89' lang='lat' dir='ltr'><strong>erroris</strong></span> <span class='ocrx_word' id='word_1_720' title='bbox 1582 3143 1715 3180; x_wconf 88' lang='lat' dir='ltr'><strong>expers</strong></span> <span class='ocrx_word' id='word_1_721' title='bbox 1748 3137 2010 3178; x_wconf 82' lang='lat' dir='ltr'><strong>conservetur,</strong></span> <span class='ocrx_word' id='word_1_722' title='bbox 2056 3142 2213 3178; x_wconf 86' lang='lat' dir='ltr'><strong>vespere</strong></span> <span class='ocrx_word' id='word_1_723' title='bbox 2272 3142 2390 3176; x_wconf 85' lang='lat' dir='ltr'><strong>vero,</strong></span> <span class='ocrx_word' id='word_1_724' title='bbox 2423 3136 2460 3166; x_wconf 87' lang='lat' dir='ltr'>et</span> 
     </span>
     <span class='ocr_line' id='line_1_101' title="bbox 1403 3188 2458 3238; baseline -0.003 -11"><span class='ocrx_word' id='word_1_725' title='bbox 1403 3203 1523 3238; x_wconf 88' lang='lat' dir='ltr'><strong>quum</strong></span> <span class='ocrx_word' id='word_1_726' title='bbox 1567 3202 1742 3227; x_wconf 86' lang='lat' dir='ltr'><strong>somnum</strong></span> <span class='ocrx_word' id='word_1_727' title='bbox 1763 3189 1914 3238; x_wconf 87' lang='lat' dir='ltr'><strong>capturi</strong></span> <span class='ocrx_word' id='word_1_728' title='bbox 1930 3201 2058 3224; x_wconf 87' lang='lat' dir='ltr'><strong>sumus</strong></span> <span class='ocrx_word' id='word_1_729' title='bbox 2071 3217 2080 3233; x_wconf 95' lang='lat'><strong>,</strong></span> <span class='ocrx_word' id='word_1_730' title='bbox 2100 3196 2143 3224; x_wconf 91' lang='lat' dir='ltr'>ut</span> <span class='ocrx_word' id='word_1_731' title='bbox 2161 3189 2211 3224; x_wconf 90' lang='lat' dir='ltr'>ad</span> <span class='ocrx_word' id='word_1_732' title='bbox 2234 3188 2458 3226; x_wconf 84' lang='lat' dir='ltr'><strong>diurnarum</strong></span> 
     </span>
     <span class='ocr_line' id='line_1_102' title="bbox 1403 3247 2461 3287; baseline -0.003 0"><span class='ocrx_word' id='word_1_733' title='bbox 1403 3251 1601 3287; x_wconf 87' lang='lat' dir='ltr'><strong>actionum</strong></span> <span class='ocrx_word' id='word_1_734' title='bbox 1632 3257 1844 3286; x_wconf 90' lang='lat' dir='ltr'><strong>extremum</strong></span> <span class='ocrx_word' id='word_1_735' title='bbox 1874 3247 1989 3284; x_wconf 90' lang='lat' dir='ltr'><strong>finem</strong></span> <span class='ocrx_word' id='word_1_736' title='bbox 2024 3249 2261 3285; x_wconf 78' lang='lat' dir='ltr'><strong>conscientiae</strong></span> <span class='ocrx_word' id='word_1_737' title='bbox 2295 3248 2461 3284; x_wconf 83' lang='lat' dir='ltr'><strong>tribunal</strong></span> 
     </span>
     <span class='ocr_line' id='line_1_103' title="bbox 1403 3308 2458 3359; baseline -0.002 -13"><span class='ocrx_word' id='word_1_738' title='bbox 1403 3311 1610 3359; x_wconf 80' lang='lat' dir='ltr'><strong>erigamus,</strong></span> <span class='ocrx_word' id='word_1_739' title='bbox 1629 3310 1728 3346; x_wconf 89' lang='lat' dir='ltr'><strong>hanc</strong></span> <span class='ocrx_word' id='word_1_740' title='bbox 1747 3308 1995 3345; x_wconf 86' lang='lat' dir='ltr'><strong>affectionum</strong></span> <span class='ocrx_word' id='word_1_741' title='bbox 2015 3315 2233 3344; x_wconf 85' lang='lat' dir='ltr'><strong>nostrarum</strong></span> <span class='ocrx_word' id='word_1_742' title='bbox 2259 3319 2458 3344; x_wconf 82' lang='lat' dir='ltr'><strong>censuram</strong></span> 
     </span>
     <span class='ocr_line' id='line_1_104' title="bbox 1401 3366 2459 3416; baseline -0.002 -12"><span class='ocrx_word' id='word_1_743' title='bbox 1401 3369 1508 3405; x_wconf 88' lang='lat' dir='ltr'><strong>velut</strong></span> <span class='ocrx_word' id='word_1_744' title='bbox 1528 3370 1720 3406; x_wconf 88' lang='lat' dir='ltr'><strong>canticum</strong></span> <span class='ocrx_word' id='word_1_745' title='bbox 1740 3369 1823 3405; x_wconf 88' lang='lat' dir='ltr'>Deo</span> <span class='ocrx_word' id='word_1_746' title='bbox 1837 3393 1848 3413; x_wconf 94' lang='lat'><strong>,</strong></span> <span class='ocrx_word' id='word_1_747' title='bbox 1878 3379 1957 3415; x_wconf 91' lang='lat' dir='ltr'>quo</span> <span class='ocrx_word' id='word_1_748' title='bbox 1978 3374 2153 3416; x_wconf 89' lang='lat' dir='ltr'><strong>tempore</strong></span> <span class='ocrx_word' id='word_1_749' title='bbox 2173 3367 2347 3403; x_wconf 86' lang='lat' dir='ltr'><strong>cubitum</strong></span> <span class='ocrx_word' id='word_1_750' title='bbox 2366 3366 2459 3403; x_wconf 88' lang='lat' dir='ltr'><strong>ituri</strong></span> 
     </span>
     <span class='ocr_line' id='line_1_105' title="bbox 1402 3425 2460 3475; baseline -0.001 -12"><span class='ocrx_word' id='word_1_751' title='bbox 1402 3439 1553 3474; x_wconf 87' lang='lat' dir='ltr'><strong>sumus,</strong></span> <span class='ocrx_word' id='word_1_752' title='bbox 1591 3427 1818 3472; x_wconf 84' lang='lat' dir='ltr'><strong>offerentes,</strong></span> <span class='ocrx_word' id='word_1_753' title='bbox 1857 3427 1940 3473; x_wconf 92' lang='lat' dir='ltr'>Qua</span> <span class='ocrx_word' id='word_1_754' title='bbox 1981 3426 2021 3461; x_wconf 90' lang='lat' dir='ltr'>in</span> <span class='ocrx_word' id='word_1_755' title='bbox 2065 3438 2106 3462; x_wconf 91' lang='lat' dir='ltr'>re</span> <span class='ocrx_word' id='word_1_756' title='bbox 2140 3425 2321 3475; x_wconf 82' lang='lat' dir='ltr'><strong>peccavi?</strong></span> <span class='ocrx_word' id='word_1_757' title='bbox 2364 3425 2460 3474; x_wconf 87' lang='lat' dir='ltr'><strong>quid</strong></span> 
     </span>
     <span class='ocr_line' id='line_1_106' title="bbox 1402 3483 2460 3535; baseline -0.001 -14"><span class='ocrx_word' id='word_1_758' title='bbox 1402 3486 1499 3524; x_wconf 78' lang='lat' dir='ltr'><strong>feci?</strong></span> <span class='ocrx_word' id='word_1_759' title='bbox 1542 3486 1637 3535; x_wconf 92' lang='lat' dir='ltr'><strong>quid</strong></span> <span class='ocrx_word' id='word_1_760' title='bbox 1673 3485 1783 3523; x_wconf 89' lang='lat' dir='ltr'><strong>omisi</strong></span> <span class='ocrx_word' id='word_1_761' title='bbox 1813 3485 1921 3534; x_wconf 91' lang='lat' dir='ltr'><strong>quod</strong></span> <span class='ocrx_word' id='word_1_762' title='bbox 1951 3483 2036 3522; x_wconf 83' lang='lat' dir='ltr'><strong>fieri</strong></span> <span class='ocrx_word' id='word_1_763' title='bbox 2065 3485 2257 3521; x_wconf 80' lang='lat' dir='ltr'><strong>debebat?</strong></span> <span class='ocrx_word' id='word_1_764' title='bbox 2276 3486 2335 3521; x_wconf 87' lang='lat' dir='ltr'>Ita</span> <span class='ocrx_word' id='word_1_765' title='bbox 2358 3485 2460 3521; x_wconf 83' lang='lat' dir='ltr'><strong>enim</strong></span> 
     </span>
     <span class='ocr_line' id='line_1_107' title="bbox 1402 3543 2456 3594; baseline 0 -14"><span class='ocrx_word' id='word_1_766' title='bbox 1402 3546 1518 3582; x_wconf 89' lang='lat' dir='ltr'><strong>vitam</strong></span> <span class='ocrx_word' id='word_1_767' title='bbox 1561 3552 1729 3582; x_wconf 88' lang='lat' dir='ltr'><strong>nostram</strong></span> <span class='ocrx_word' id='word_1_768' title='bbox 1759 3544 1900 3594; x_wconf 83' lang='lat' dir='ltr'><strong>regulis</strong></span> <span class='ocrx_word' id='word_1_769' title='bbox 1929 3544 2104 3592; x_wconf 89' lang='lat' dir='ltr'><strong>superius</strong></span> <span class='ocrx_word' id='word_1_770' title='bbox 2135 3543 2284 3580; x_wconf 86' lang='lat' dir='ltr'><strong>traditis</strong></span> <span class='ocrx_word' id='word_1_771' title='bbox 2318 3543 2456 3580; x_wconf 88' lang='lat' dir='ltr'><strong>metie-</strong></span> 
     </span>
    </p>
   </div>
   <div class='ocr_carea' id='block_1_19' title="bbox 2564 0 2612 1419">
    <p class='ocr_par' dir='ltr' id='par_1_24' title="bbox 2564 0 2612 1419">
     <span class='ocr_line' id='line_1_108' title="bbox 2564 0 2612 1419; baseline 0 0"><span class='ocrx_word' id='word_1_772' title='bbox 2564 0 2612 1419; x_wconf 95' lang='lat' dir='ltr'> </span> 
     </span>
    </p>
   </div>
   <div class='ocr_carea' id='block_1_20' title="bbox 2590 1533 2612 1965">
    <p class='ocr_par' dir='ltr' id='par_1_25' title="bbox 2590 1533 2612 1965">
     <span class='ocr_line' id='line_1_109' title="bbox 2590 1533 2612 1607; baseline 0 -34"><span class='ocrx_word' id='word_1_773' title='bbox 2590 1533 2612 1607; x_wconf 63' lang='grc' dir='ltr'>’γ’</span> 
     </span>
     <span class='ocr_line' id='line_1_110' title="bbox 2591 1726 2612 1809; baseline 0 -41"><span class='ocrx_word' id='word_1_774' title='bbox 2591 1726 2612 1809; x_wconf 71' lang='lat'>32</span> 
     </span>
     <span class='ocr_line' id='line_1_111' title="bbox 2591 1810 2605 1871; baseline -0.857 2"><span class='ocrx_word' id='word_1_775' title='bbox 2591 1810 2605 1871; x_wconf 69' lang='grc' dir='ltr'>ἒξ.</span> 
     </span>
     <span class='ocr_line' id='line_1_112' title="bbox 2591 1879 2603 1922; baseline -0.167 0"><span class='ocrx_word' id='word_1_776' title='bbox 2591 1879 2603 1922; x_wconf 60' lang='grc' dir='ltr'>’Ξ</span> 
     </span>
     <span class='ocr_line' id='line_1_113' title="bbox 2591 1923 2602 1965; baseline 0 -9"><span class='ocrx_word' id='word_1_777' title='bbox 2591 1923 2602 1965; x_wconf 50' lang='grc' dir='ltr'>’,ἲ</span> 
     </span>
    </p>
   </div>
  </div>
 </body>
</html>
