2612 3814
197 632 229 657 15

249 303 322 335 298

249 377 378 415 ἅπασιν
399 376 502 415 αὐτοῦ
520 379 590 418 τοῖς
607 373 748 426 μέρεσιν
769 371 1009 425 ἕγκέχρωσται
1026 374 1048 418 ἡ
1069 370 1252 417 λευκότης·
1267 370 1301 408 τί

249 436 291 483 δὴ
308 435 436 475 κωλύει
463 435 555 475 οὕτω
575 435 677 473 κάκεῖ
692 432 731 472 τὸ
751 433 866 484 πάντῃ
886 435 968 485 ὁρᾷν
994 430 1054 469 καὶ
1087 429 1222 469 ἀκούειν
1241 429 1302 468 καὶ

248 500 387 549 κρατεῖν
409 496 596 545 λέγεσθαι,
622 496 676 533 ὅτι
696 492 790 534 ἅπαν
812 491 830 531 ὃ
854 492 895 530 ἄν
922 507 973 536 τις
1004 491 1108 529 αὐτοῦ
1135 489 1301 541 λαμὸάνῃ

249 555 368 610 μέρος,
381 554 474 594 τοῦτ’
492 554 590 593 ἔσται
606 553 774 597 πεπονθός
784 565 796 603 3
807 551 926 604 ὥσπερ
935 550 968 589 δὲ
981 549 1108 589 οὐδὲτὸ
1122 549 1300 603 ψιμύθιον,

247 613 325 656 οὐδὲ
334 615 394 655 τὸν
412 614 488 654 θεὸν
506 613 641 666 ἀνάγκη
662 606 749 652 εἶναι
769 612 826 651 διὰ
847 615 948 650 τοῦτο
965 610 1182 665 σφαιροειδῆ.
1218 609 1304 650 Ἔτι

249 675 340 727 μήτε
362 675 504 727 ἄπειρον
525 666 613 713 εἶναι
641 671 729 723 μήτε
760 671 976 723 πεπεράνθαι
995 668 1101 720 σῶμά
1119 684 1159 721 γε
1186 666 1223 707 ὂν
1242 668 1303 707 καὶ

249 734 330 788 ἔχον
350 734 493 786 μέγεθος
509 734 583 777 πῶς
605 725 675 770 οἶόν
698 747 747 779 τε,
772 728 870 783 εἴπερ
886 728 979 769 τοῦτ’
1006 728 1100 767 ἐστὶν
1121 728 1266 781 ἄπειρον
1285 725 1303 765 ὃ

250 793 290 833 ἂν
308 793 359 845 μὴ
380 794 446 847 ἔχῃ
461 793 587 845 πέρας,
609 789 767 829 δεκτικὸν
789 787 826 828 ὂν
849 788 1014 843 πέρατος.
1074 786 1192 838 Πέρας
1219 786 1248 824 δ’
1268 787 1303 825 ἐν

251 852 390 907 μεγέθει
406 853 466 892 καὶ
486 851 610 898 πλήθει
628 850 838 902 ἐγγίγνεται,
859 848 919 888 καὶ
934 850 969 887 ἐν
984 848 1113 887 ἅπαντι
1129 848 1179 899 τῷ
1191 847 1306 900 ποσῷ,

199 924 213 951 2
250 910 342 952 ὥστε
362 914 391 951 εἰ
412 912 461 964 μὴ
477 912 549 963 ἔχει
569 909 676 963 πέρας
694 907 836 960 μέγεθος
855 906 906 955 ὄν,
919 907 1062 960 ἄπειρόν
1081 907 1191 946 ἐστιν.
1221 904 1306 946 Ἔτι

252 971 287 1012 δὲ
312 972 515 1026 σφαιροειδῆ
535 969 617 1009 ὄντα
647 968 783 1019 ἀνάγκη
806 967 913 1020 πέρας
936 965 1048 1020 ἔχειν·
1068 964 1206 1019 ἔσχατα
1237 964 1306 1018 γὰρ

250 1030 325 1084 ἔχει
339 1060 350 1080 ,
375 1029 472 1082 εἴπερ
492 1028 599 1080 μέσον
615 1026 708 1081 ἔχει,
733 1025 872 1066 ὃαῦτοῦ
887 1029 948 1065 τοῦ
970 1025 1121 1079 πέρατος
1141 1025 1306 1064 πλεῖστον

254 1088 515 1143 ἄπέχει·μέσον
539 1089 569 1126 δ’
586 1087 679 1140 ἔχει,
694 1085 908 1140 σφαιροειδὲς
934 1084 988 1124 ἔν’
1011 1088 1113 1124 τοῦτο
1141 1084 1209 1137 γάρ
1235 1085 1309 1123 ἔστι

1076 280 1415 321 ARISTOTELIS
1446 280 1599 320 LIBER

1364 369 1598 422 σφαιροειδές,
1621 369 1695 409 ὃὲκ
1720 373 1780 409 τοῦ
1807 369 1917 421 μέσον
1944 369 2072 421 ὁμοίως
2099 373 2187 423 πρὸς
2199 369 2244 410 τὰ
2262 370 2423 425 ἔσχατα·

1364 430 1470 479 σῶμα
1498 428 1530 466 δ’
1556 427 1693 481 ἔσχατα
1724 428 1817 482 ἔχειν
1840 428 1864 477 ἢ
1893 427 2004 483 πέρας
2030 428 2128 469 οὐδὲν
2150 429 2319 484 διαφέρει.
2377 431 2423 472 Εἰ

1364 487 1433 540 γὰρ
1449 486 1510 527 καὶ
1534 486 1575 526 τὸ
1591 488 1642 539 μὴ
1653 487 1691 527 ὃν
1709 488 1867 542 ἄπειρον,
1886 488 1943 528 διὰ
1958 489 1991 528 τί
2007 490 2071 528 οὐκ
2081 488 2123 528 ἃν
2139 489 2200 528 καὶ
2216 489 2256 529 τὸ
2269 489 2308 529 ὃν
2325 490 2423 530 ἄπει·
2441 505 2479 533 s

1366 561 1445 599 ρον,
1474 544 1511 585 τί
1540 544 1609 600 γὰρ
1643 546 1772 586 κωλύει
1800 547 1875 588 ἔνια
1901 546 2015 588 ταύτὰ
2044 548 2216 602 λεχθῆναι
2246 548 2340 589 κατὰ
2363 553 2424 590 τοῦ

1364 606 1461 651 ὄντος
1474 605 1534 645 καὶ
1551 606 1602 658 μὴ
1619 605 1716 651 ὄντος
1728 620 1740 659 3
1753 606 1792 646 τό
1808 622 1846 647 τε
1865 606 1935 660 γὰρ
1955 609 2017 647 οὐκ
2035 607 2074 647 ὂν
2093 607 2202 653 οὐδεὶς
2215 612 2276 648 νῦν
2296 608 2424 648 αῑσθά-

1363 682 1478 714 νεται,
1498 666 1559 706 καὶ
1578 666 1615 706 ὃν
1634 667 1672 707 δέ
1690 682 1743 712 τις
1773 668 1839 707 οὔκ
1859 666 1901 707 ἂν
1929 666 2130 708 αἰσθάνοιτο
2157 672 2236 708 νῦν·
2257 668 2368 723 ἄμφω
2388 667 2426 708 δὲ

1363 725 1471 765 λεκτὰ
1491 726 1551 765 καὶ
1565 726 1749 774 διανοητά.
1807 727 1862 767 Οὔ
1885 727 2009 767 λευκὸν
2027 726 2065 766 δὲ
2081 727 2122 767 τὸ
2141 726 2192 779 μὴ
2212 727 2251 768 ὄν
2266 743 2275 754 ·
2292 722 2348 783 ἄρ’
2367 721 2427 767 οὗν

1365 785 1420 824 διὰ
1447 789 1551 826 τοῦτο
1574 786 1619 826 τὰ
1647 785 1731 825 ὄντα
1760 785 1878 825 πάντα
1905 785 2038 835 λευκά,
2061 786 2157 832 ὅπως
2186 786 2238 839 μή
2257 803 2292 827 τι
2321 787 2429 828 ταύτὸ
2445 799 2483 828 ⁸0
2536 772 2540 779 Δ

1365 845 1458 885 κατὰ
1478 849 1538 885 τοῦ
1558 846 1654 890 ὄντος
1678 845 1895 898 σημήνωμεν
1916 845 2042 899 καὶμὴ
2062 845 2178 896 ὄντος,
2193 847 2218 895 ἢ
2236 846 2335 888 οὐδὲν
2355 863 2428 888 κω-

1366 904 1440 945 λύει
1460 904 1519 944 καὶ
1541 908 1611 945 τῶν
1634 904 1746 944 ὄντων
1766 921 1800 944 τι
1821 905 1872 957 μὴ
1899 898 1989 945 εἶναι
2005 905 2151 955 λευκόν;
2185 905 2293 947 Οὕτω
2309 904 2349 947 δέ
2367 907 2430 947 καὶ

1367 965 1479 1014 ἄλλην
1494 964 1534 1003 ἂν
1556 964 1733 1018 ἀπόφασιν
1749 963 1884 1011 δέξαιτο
1899 964 1940 1004 τὸ
1952 965 2110 1018 ἄπειρον,
2134 967 2164 1006 εἰ
2179 963 2233 1018 μὴ’
2245 968 2297 1020 τῷ
2314 966 2430 1006 πάλαι

1365 1023 1526 1077 λεχθέντι
1546 1025 1680 1075 μᾶλλον
1694 1023 1793 1079 παρὰ
1811 1023 1852 1064 τὸ
1867 1022 1962 1078 ἔχειν
1982 1023 2006 1072 ἢ
2022 1024 2071 1076 μὴ
2089 1025 2184 1078 ἔχειν
2203 1026 2298 1066 ἐστὶν
2315 1024 2426 1065 ἅπαν.

1370 1082 1488 1123 “stete
1509 1084 1571 1122 καὶ
1585 1083 1624 1123 τὸ
1637 1081 1674 1122 ὂν
1690 1083 1714 1132 ἢ
1735 1083 1881 1137 ἄπειρον
1893 1084 1917 1132 ἢ
1929 1084 2038 1137 πέρας
2057 1085 2137 1138 ἔχον
2157 1085 2269 1126 ἒοτίν.
2325 1083 2432 1131 Ἴσως

299 1221 346 1250 16.
361 1216 404 1249 ἔτι
422 1215 500 1257 μήτε
510 1214 636 1256 ἄπειρον
654 1214 731 1255 μήτε
743 1212 930 1254 πεπεράνθαι
950 1215 1045 1252 σῶμα
1055 1223 1091 1252 γε
1105 1212 1139 1243 ὃν
1158 1212 1212 1244 καὶ
1230 1212 1303 1253 ἔχον

252 1264 378 1307 μέγεθος
394 1266 461 1299 πῶς
477 1262 543 1294 οῐόν
560 1273 609 1298 τε,
625 1262 709 1302 εἴπερ
727 1260 811 1293 τοῦτ’
825 1261 907 1293 ἐστὶν
924 1260 1051 1301 ἄπειρον
1069 1259 1086 1291 ὃ
1114 1260 1151 1291 ἂν
1177 1260 1221 1301 μὴ
1244 1260 1304 1301 ἔχῃ

254 1313 347 1353 πέρας
364 1311 504 1343 δεκτικὸν
521 1309 554 1342 ὃν
576 1310 721 1351 πέρατος.
742 1309 779 1341 In
805 1307 854 1341 liis
866 1307 967 1340 codex
984 1307 1068 1349 Lips.
1087 1310 1182 1350 σῶμα
1203 1318 1240 1348 γε
1262 1308 1306 1339 ὢν

254 1360 308 1390 καὶ
323 1358 405 1401 ἔχων
426 1358 564 1400 praebet,
579 1358 663 1398 quod
684 1356 893 1398 rejiciendum
907 1380 917 1398 ,
937 1357 970 1388 et
986 1355 1102 1388 deinde
1115 1354 1203 1397 quod
1226 1354 1306 1388 Bek-

255 1407 350 1439 kerus
365 1406 484 1447 recepit
502 1405 519 1438 ὃ
536 1405 573 1438 ἂν
593 1405 637 1446 μὴ
665 1405 723 1446 ἔχῃ
737 1431 745 1445 ,
768 1413 870 1446 quum
889 1404 922 1436 in
939 1403 1009 1436 aliis
1033 1402 1123 1435 libris
1140 1411 1306 1444 perperam

255 1455 378 1495 legatur
390 1454 470 1495 ἔχοι.
489 1454 647 1486 Proeterea
668 1452 811 1484 δεκτικὸν
831 1451 947 1491 habet,
967 1459 1032 1483 non
1055 1449 1211 1483 λεκτικόν.
1227 1451 1306 1481 Pro-

254 1502 369 1534 bamus
382 1501 539 1533 rationem
565 1507 662 1541 quam
683 1498 844 1531 Bekkeriis
871 1498 904 1530 in
927 1497 1157 1529 conformanda
1179 1505 1197 1529 e
1214 1495 1310 1530 variis

254 1547 445 1580 lectionibus
459 1547 516 1579 hac
532 1546 751 1579 enuntiatione
765 1548 893 1578 secutus
908 1547 974 1585 est,
994 1545 1056 1578 hoc
1068 1546 1206 1586 excepto
1222 1544 1309 1586 quod

255 1595 340 1627 inter
356 1593 482 1636 ἄπειρον
495 1594 527 1626 et
543 1592 621 1635 μήτε
641 1592 811 1625 inserimus
826 1592 916 1624 εἶναι.

303 1643 351 1673 18.
378 1641 472 1683 πέρας
486 1639 525 1690 ,δ’
541 1640 573 1672 ἐν
605 1641 724 1682 μεγέθει
755 1640 808 1671 καὶ
842 1640 949 1678 πλήθει
977 1639 1152 1681 ἐγγίνεται,
1188 1638 1242 1671 καὶ
1278 1639 1309 1671 ἐν

246 1688 371 1727 Δἅπαντι
383 1690 428 1729 τῷ
441 1690 533 1729 ποσῷ
547 1711 555 1727 ,
576 1687 659 1720 ὥστε
673 1687 709 1719 ἂν
721 1687 764 1729 μὴ
783 1688 841 1729 ἔχῃ
854 1688 949 1730 πέρας
973 1688 1100 1729 μέγεθος
1111 1686 1145 1719 ὄν
1154 1711 1164 1727 ,
1182 1686 1311 1728 ἄπειρόν

257 1737 353 1768 ἐστιν.
373 1737 407 1768 ln
422 1735 504 1767 libro
520 1735 676 1776 Lipsiensi
694 1735 831 1768 liabetur
847 1736 956 1774 πλήθει
975 1734 1167 1776 ἐγγίγνεται,
1183 1743 1247 1766 non
1263 1734 1312 1774 ἐγ-

254 1783 392 1824 γίνεται,
404 1791 440 1815 ae
455 1782 570 1815 deinde
589 1783 672 1815 ὥστε
684 1784 711 1816 εἰ
732 1783 776 1825 μὴ
793 1783 856 1825 ἔχει
872 1783 984 1826 πέρας,
1007 1786 1186 1826 utrumque
1212 1785 1310 1815 recte.

255 1830 433 1863 Felicianus
452 1830 578 1863 videtur
600 1830 710 1871 legisse
725 1831 809 1864 ὥστε
835 1830 853 1863 ὃ
869 1831 906 1862 ἂν
933 1831 976 1874 μὴ
1001 1830 1059 1873 ἔχῃ
1077 1831 1191 1872 πέρας,
1214 1831 1312 1863 vertit

255 1879 366 1912 enim:
389 1891 404 1907 «ι
421 1879 570 1919 quocirca
589 1878 675 1920 quod
691 1879 789 1912 tinem
809 1888 873 1912 non
890 1879 1007 1921 habet,
1026 1880 1216 1921 magnitudo
1235 1889 1310 1912 cum

254 1928 318 1968 sit,
335 1927 496 1959 infinitum
511 1927 573 1959 est,
592 1939 608 1955 υ

301 1977 353 2007 20.
369 1974 413 2006 ἔτι
427 1973 459 2006 δὲ
473 1974 652 2016 σφαιροειδῆ
663 1973 739 2006 ὄντα
752 1974 874 2015 ἀνάγκη
892 1975 986 2017 πέρας
999 1975 1082 2017 ἔχειν
1096 1975 1239 2016 ’ἔσχατα
1251 1975 1312 2018 γὰρ

257 2023 322 2066 ἔχει
333 2048 342 2063 ,
353 2022 438 2064 εἴπερ
459 2022 554 2064 μέσον
575 2021 638 2064 ἔχει
657 2022 754 2055 αὐτοῦ
766 2025 821 2055 τοῦ
838 2024 987 2056 πλεῖστον
1005 2023 1145 2065 ἀπέχειν.
1172 2024 1268 2064 μέσον
1285 2025 1312 2057 δ’

257 2073 343 2114 ἔχει,
362 2071 551 2114 σφαιροειδὲς
561 2071 613 2104 ὄν·
629 2074 720 2105 τοῦτο
737 2073 795 2115 γάρ
811 2073 877 2105 ἐστι
894 2074 1083 2116 σφαιροειδὲς
1099 2074 1117 2106 ὃ
1132 2075 1168 2107 ἐκ
1185 2077 1241 2107 τοῦ
1261 2076 1313 2118 μέ-

258 2130 317 2152 σου
327 2118 442 2162 ὁμοίως
454 2118 529 2162 πρὸς
537 2119 573 2151 τὸ
587 2119 719 2161 ἔσχατα.
739 2122 834 2160 σῶμα
848 2120 968 2162 ἔσχατα
979 2121 998 2160 ἢ
1009 2121 1127 2163 πέρατα
1138 2121 1232 2163 ἔχειν,
1246 2123 1313 2156 οἷον

259 2167 405 2209 διαφορεῖ.
424 2166 503 2200 eod.
512 2166 604 2207 Lips.
622 2167 718 2199 αὐτοῦ
731 2165 757 2198 τ’
769 2167 806 2199 οὗ
818 2168 967 2200 πλεῖστον
980 2168 1110 2210 ἀπέχει,
1124 2171 1224 2211 atque
1240 2169 1314 2202 ἁπέ-

258 2225 307 2257 χει
319 2214 414 2247 simul
434 2215 499 2247 tres
512 2213 566 2246 alii
580 2213 674 2247 codd.
694 2223 711 2246 a
727 2215 872 2247 Bekkero
888 2216 994 2248 collati
1009 2226 1019 2256 ;
1035 2217 1132 2249 verba
1148 2220 1240 2250 τοῦτο
1254 2218 1314 2260 γάρ

261 2261 327 2295 ἐστι
347 2262 535 2304 σφαιροειδές
546 2286 555 2302 ,
580 2261 598 2294 8
615 2270 689 2303 quae
707 2262 854 2295 Olearius
868 2272 887 2296 e
905 2264 1057 2305 Lipsiensi
1074 2264 1186 2298 codice
1205 2274 1239 2299 se
1256 2275 1313 2308 pe—

261 2310 372 2342 tivisse
391 2309 490 2350 dicit,
517 2318 623 2351 neque
639 2310 671 2341 in
698 2309 762 2343 boc
781 2319 884 2351 neque
903 2310 935 2343 in
957 2311 1027 2344 aliis
1046 2312 1135 2344 libris
1150 2313 1313 2354 leguntur,

261 2356 291 2388 iu
314 2356 469 2398 Lipsiensi
495 2357 602 2388 autem
629 2365 687 2398 pro
707 2356 742 2388 ὄν
761 2359 866 2390 exstat
884 2358 902 2390 ὁ
924 2357 979 2400 μὲν
991 2360 1038 2401 -Ξ·,
1057 2359 1174 2394 deinde
1199 2361 1315 2402 ὁμοίως

261 2403 336 2446 πρὸς
355 2404 394 2436 τὰ
416 2403 553 2446 ἔσχατα,
568 2412 668 2444 quum
688 2405 783 2445 vulgo
797 2405 914 2446 ὁμοίως
933 2407 1028 2448 πυρὸς
1038 2407 1078 2439 τὰ
1103 2407 1226 2449 ἔσχατα
1241 2409 1315 2441 scri·

261 2454 369 2492 batur,
392 2450 533 2492 denique
545 2450 724 2484 rectissime
736 2455 832 2493 σῶμα
845 2452 872 2485 δ’
887 2454 920 2486 et
935 2454 1082 2497 διαφέρει.
1101 2455 1195 2493 Quod
1214 2457 1313 2489 Bran-

264 2500 364 2533 disius
381 2498 517 2539 conjecit
532 2502 628 2540 σῶμα
640 2498 760 2541 ἔσχατα
775 2499 858 2542 ἔχειν
876 2501 896 2540 ἢ
914 2501 1009 2542 πέρας
1032 2501 1098 2534 οἷον
1117 2502 1251 2545 διαφέρει
1266 2526 1276 2542 ,
1297 2513 1315 2535 a

264 2544 421 2578 sententia
442 2544 613 2578 abliorrere
637 2545 668 2577 in
685 2549 812 2587 promtu
834 2549 893 2579 est.
915 2547 1093 2581 Felicianus
1109 2548 1142 2581 in
1157 2549 1315 2582 suo-libro

262 2592 376 2625 eadem
390 2591 503 2624 menda
519 2601 594 2633 quoe
606 2592 639 2624 in
655 2593 791 2634 vulgatis
813 2595 1054 2637 exemplaribus
1066 2597 1144 2629 sunt
1162 2598 1315 2639 repperit,

263 2640 323 2672 nisi
338 2640 423 2681 quod
443 2640 574 2683 διαφέρει
594 2649 653 2683 pro
675 2641 792 2674 vitioso
814 2643 956 2686 διαφορεῖ
969 2644 1061 2685 legit.
1079 2644 1203 2684 Quodsi
1218 2646 1316 2679 verba

262 2690 354 2720 τοῦτο
368 2686 428 2729 γάρ
444 2687 510 2719 ἐστι
535 2688 739 2730 σφαιροειδές,
755 2690 786 2730 ὃ,
807 2699 881 2732 quae
909 2692 1099 2733 neutiquam
1124 2694 1202 2726 sunt
1222 2703 1316 2735 repu-

263 2734 400 2773 dianda,
418 2743 482 2766 non
500 2737 564 2766 tam
594 2735 681 2776 quod
704 2737 851 2771 Olearius
873 2739 1002 2773 volebat
1034 2749 1093 2783 pro
1114 2741 1236 2775 codicis
1264 2744 1316 2776 Li-

265 2781 397 2824 psiensis
414 2781 550 2815 lectione
571 2783 729 2818 habemus
741 2811 750 2827 ‚
781 2787 836 2820 sed
873 2788 975 2829 ipsius
1003 2797 1073 2822 esse
1096 2789 1316 2832 conjecturam

264 2828 502 2869 existimamus,
525 2831 629 2863 oratio
647 2831 693 2865 sic
710 2834 916 2867 contexenda
937 2835 1069 2869 videtur
1085 2849 1093 2870 :
1110 2836 1155 2870 ἔτι
1171 2837 1205 2870 δὲ
1228 2849 1320 2879 σφαι·

264 2877 366 2918 ροειδῆ
376 2876 451 2909 ὄντα
462 2875 583 2917 ἀνάγκη
595 2879 688 2921 πέρας
701 2879 783 2922 ἔχειν
793 2890 801 2898 ·
814 2881 933 2925 ἔσχατα
945 2883 1004 2925 γὰρ
1021 2883 1086 2926 ἔχει
1097 2908 1105 2921 ,
1122 2884 1208 2927 εἴπερ
1222 2887 1318 2927 μέσον

265 2923 351 2965 ἔχει,
364 2924 382 2956 ὃ
396 2925 492 2957 αὐτοῦ
504 2928 560 2958 τοῦ
579 2926 707 2970 πέρατος
728 2930 876 2962 πλεῖστον
904 2930 1035 2972 ἀπέχει·
1054 2933 1150 2973 μέσον
1178 2933 1204 2966 δ’
1229 2934 1296 2976 ἔχει
1309 2958 1318 2974 ,

267 2972 453 3014 σφαιροειδὲς
473 2972 507 3005 ὄν
520 2982 528 2991 ·
541 2977 632 3007 τοῦτο
644 2975 702 3018 γάρ
720 2976 786 3009 ἐστι
805 2980 1015 3021 σφαιροειδές,
1043 2980 1060 3013 ὃ
1088 2980 1125 3013 ἐκ
1149 2984 1206 3014 τοῦ
1221 2983 1318 3023 μέσου

267 3018 381 3061 ὁμοίως
392 3020 468 3063 πρὸς
483 3020 523 3053 τὰ
537 3021 657 3064 ἔσχατα
667 3033 676 3041 ·
693 3026 788 3066 σῶμα
803 3025 830 3056 δ’
847 3026 967 3068 ἔσχατα
986 3027 1069 3070 ἔχειν
1090 3029 1110 3067 ἢ
1123 3029 1219 3071 πέρας
1230 3030 1319 3062 οὐδὲν

267 3065 412 3108 διαφέρει.
434 3064 588 3102 Similiter
613 3070 770 3112 Bergkius
788 3073 893 3106 locum
909 3075 1144 3117 conformavit,
1160 3077 1253 3117 cnjus
1271 3087 1318 3110 ra·

267 3113 312 3145 tio
330 3122 349 3145 a
371 3116 479 3147 nostra
504 3116 536 3148 in
558 3116 619 3149 hoc
653 3120 779 3151 tantum
808 3121 969 3164 discrepat
990 3123 1079 3165 quod
1105 3123 1123 3156 ὃ
1146 3125 1245 3158 αὐτοῦ
1263 3129 1319 3158 τοῦ

267 3171 287 3191 κ
297 3160 316 3192 ύ
326 3161 425 3194 κλου
446 3164 593 3197 πλεῖστον
609 3165 717 3208 ἀπέχει
733 3168 871 3210 scripsit.

310 3209 362 3240 24.
386 3209 413 3240 εἰ
432 3210 490 3249 γὰρ
507 3212 560 3243 καὶ
577 3212 612 3244 τὸ
626 3213 669 3254 μὴ
684 3214 718 3246 ὅν
735 3216 863 3258 ἁπλοῦν,
880 3217 939 3250 οὐκ
958 3219 995 3251 ἂν
1007 3219 1061 3252 καὶ
1078 3219 1115 3252 τὸ
1130 3221 1164 3253 ὃν
1180 3221 1318 3265 ἄπειρον.

268 3254 297 3286 τί
318 3255 376 3299 γὰρ
402 3258 515 3289 κωλύει
542 3259 607 3291 ἔνια
623 3262 719 3293 ταύτὰ
738 3264 884 3304 λεχθῆναι
911 3266 994 3298 κατὰ
1012 3270 1068 3299 τοῦ
1090 3267 1176 3305 ὄντος
1195 3271 1250 3301 καὶ
1276 3271 1319 3310 μὴ

269 3301 373 3360 ὄντοςξ
393 3303 429 3336 τό
454 3314 489 3337 τε
503 3305 561 3347 γὰρ
579 3306 613 3338 ὃν
634 3307 691 3340 οὐκ
709 3309 743 3341 ὃν
758 3311 856 3349 οὐδεὶς
875 3315 928 3344 νῦν
947 3313 1143 3354 αἰσθάνεται,
1160 3317 1215 3349 καὶ
1234 3316 1269 3349 ὃν
1289 3317 1323 3350 δέ

270 3359 314 3385 τις
340 3360 397 3381 ουκ
421 3351 458 3382 ἂν
478 3352 655 3387 αἰσθάνοιτο
673 3359 738 3388 νῦν·
758 3358 851 3399 ἄμφω
873 3360 907 3392 δὲ
927 3361 1038 3400 λεκτά,
1056 3362 1141 3399 ὄπως
1161 3363 1319 3402 διανοητά.

271 3396 322 3427 Sic
335 3395 495 3451 Beklierus
511 3398 582 3431 haec
598 3401 758 3443 vulgavit,
775 3413 848 3445 quae
868 3406 975 3448 inepta
995 3416 1066 3440 esse
1088 3410 1201 3450 sponte
1220 3411 1319 3451 patet.

271 3442 351 3496 Cod.
373 3444 455 3498 [ups.
473 3454 530 3486 pro
546 3447 663 3480 ἁπλοῦν
677 3449 770 3483 habet
790 3452 920 3494 ἄπεστι,
935 3464 992 3495 pro
1012 3456 1128 3496 ταύτὰ,
1146 3456 1238 3497 eujus
1251 3457 1321 3490 loco

272 3488 347 3546 olim
364 3490 415 3524 luc
427 3493 625 3527 scribebatur
635 3500 730 3529 ταῦτα
739 3523 747 3538 ,
758 3500 878 3539 praebet
893 3500 978 3533 ταῦτ’
989 3501 1164 3541 &-2,deinde
1176 3503 1320 3545 λεχθῆναι

274 3545 353 3568 κατα
369 3542 422 3571 τοῦ
445 3540 529 3579 ὄντος
541 3565 550 3581 ,
566 3551 666 3583 quum
685 3544 716 3576 in
734 3546 894 3579 veteribus
910 3547 984 3581 edd.
1002 3549 1128 3590 tantum
1145 3550 1322 3591 reperiatur

1367 1214 1423 1244 τοῦ
1442 1211 1548 1250 ὄντος,
1568 1210 1707 1253 denique
1725 1211 1820 1245 λεκτὰ
1837 1212 1892 1246 καὶ
1911 1212 2072 1251 διανοητά.
2090 1212 2279 1246 Brandisius
2303 1212 2432 1246 initium

1367 1258 1414 1290 sic
1442 1259 1573 1301 corrigit
1588 1271 1596 1291 ε
1617 1261 1644 1292 εἰ
1663 1260 1690 1292 δ’
1709 1259 1770 1302 ἄρα
1791 1260 1844 1292 καὶ
1861 1260 1896 1293 τὸ
1915 1261 1958 1303 μὴ
1975 1261 2009 1293 ὃν
2025 1261 2152 1303 ἄπειρόν
2170 1261 2256 1303 ἐστι,
2272 1262 2302 1295 τί
2317 1262 2378 1295 οὐκ
2394 1264 2432 1296 ἂν

1366 1307 1420 1340 καὶ
1439 1307 1475 1339 τὸ
1493 1306 1527 1340 ὃν
1549 1306 1692 1349 ἄπειρον;
1707 1307 1738 1340 τί
1767 1307 1827 1349 γὰρ
1851 1308 1965 1340 κωλύει
1991 1308 2057 1340 ἔνια
2075 1308 2177 1342 ταύτὰ
2201 1309 2348 1352 λεχθῆναι
2375 1313 2432 1344 τοῦ

1368 1355 1455 1392 ὄντος
1471 1355 1524 1387 καὶ
1547 1354 1590 1396 μὴ
1607 1355 1704 1392 ὄντος.
1722 1356 1764 1387 At
1782 1355 1859 1387 milti
1882 1355 2052 1395 legendum
2068 1355 2195 1389 videtur
2208 1369 2223 1390 ‘t
2249 1358 2278 1390 εἰ
2299 1357 2361 1401 γὰρ
2376 1357 2431 1391 καὶ

1368 1402 1404 1435 τὸ
1425 1402 1468 1444 μὴ
1487 1402 1522 1435 ὃν
1551 1402 1695 1445 ἄπειρον,
1712 1402 1765 1435 διὰ
1782 1402 1813 1435 τί
1833 1403 1890 1435 οὐκ
1915 1404 1953 1434 ἀν
1972 1403 2026 1435 καὶ
2053 1403 2090 1435 τὸ
2108 1403 2142 1436 ὃν
2158 1403 2305 1447 incipe-n
2317 1406 2348 1437 τί
2372 1405 2432 1448 γὰρ

1368 1450 1482 1483 κωλύει
1499 1449 1566 1482 ἔνια
1580 1450 1679 1482 ταύτὰ
1691 1451 1835 1492 λεχθῆναι
1853 1451 1935 1483 κατὰ
1954 1453 2009 1483 τοῦ
2030 1450 2119 1488 ὄντος
2137 1451 2192 1484 καὶ
2211 1453 2255 1493 μὴ
2271 1451 2358 1490 ὄντος
2369 1453 2433 1498 ςιτὸ

1369 1507 1403 1528 τε
1421 1496 1481 1539 γὰρ
1496 1495 1555 1528 οὐκ
1574 1496 1608 1528 ὃν
1625 1496 1724 1534 οὐδεὶς
1740 1500 1795 1528 νῦν
1811 1497 2011 1539 αἰσθάνεται,
2027 1499 2080 1530 καὶ
2098 1498 2132 1530 ὃν
2155 1498 2189 1532 δέ
2200 1510 2245 1536 τις
2258 1499 2316 1532 οὐκ
2331 1499 2369 1531 ἂν
2381 1501 2435 1533 cl,-

1369 1543 1515 1576 σθάνοιτο
1543 1547 1610 1576 νῦν·
1627 1543 1720 1585 ἄμφω
1743 1544 1776 1576 δὲ
1795 1545 1889 1577 λεκτὰ
1905 1546 1959 1577 καὶ
1978 1545 2137 1584 διανοητά.
2166 1547 2302 1579 Prorsus
2322 1546 2435 1580 eadem

1370 1591 1567 1625 Fetlehnum
1585 1592 1697 1632 legisse
1712 1595 1837 1624 certum
1854 1595 1904 1625 est
1915 1617 1924 1632 ,
1942 1601 2044 1634 quum
2062 1594 2107 1626 ita
2120 1593 2252 1626 verterit
2268 1603 2278 1626 ε
2295 1606 2313 1622 α
2330 1603 2436 1637 neque

1371 1642 1524 1682 praeterea
1540 1639 1567 1673 si
1582 1649 1646 1672 non
1660 1648 1717 1672 ens
1730 1641 1778 1673 est
1796 1640 1973 1682 infinitum,
1988 1641 2107 1674 idcirco
2120 1650 2177 1674 ens
2187 1640 2349 1675 infinitum
2367 1651 2433 1676 non

1369 1689 1443 1722 erit.
1466 1688 1551 1727 Quid
1577 1687 1663 1720 enim
1680 1687 1809 1727 obstat,
1830 1687 1908 1729 quin
1936 1689 2094 1721 nonnulla
2122 1688 2206 1728 sint,
2223 1697 2299 1731 quae
2320 1689 2434 1724 eadem

1371 1737 1438 1768 tam
1451 1736 1492 1769 de
1505 1737 1579 1769 ente
1595 1743 1694 1776 quam
1708 1735 1749 1767 de
1762 1744 1825 1767 non
1838 1738 1911 1768 ente
1926 1735 1988 1768 dici
2005 1739 2125 1778 queant
2135 1738 2149 1769 Ρ
2159 1737 2263 1770 Nemo
2274 1736 2434 1780 siquidem

1370 1785 1437 1823 est,
1456 1784 1511 1826 qui
1531 1792 1595 1816 non
1615 1792 1672 1815 ens
1688 1791 1775 1815 nunc
1788 1784 1904 1816 sentiat
1925 1796 1933 1816 ι
1949 1784 2004 1816 sed
2022 1792 2081 1816 ens
2100 1792 2231 1826 quoque
2245 1793 2310 1818 non
2328 1786 2436 1827 potest

1371 1831 1543 1873 quisquam
1556 1838 1645 1864 nunc
1661 1831 1876 1873 sentire,quae
1889 1835 2026 1874 utraque
2045 1833 2078 1865 et
2096 1831 2161 1864 dici
2183 1835 2217 1866 et
2234 1832 2434 1866 considerari

1370 1888 1448 1912 sane
1464 1881 1608 1921 possunt.
1629 1892 1644 1907 ι·

1415 1930 1465 1960 29.
1490 1928 1527 1960 οὗ
1545 1928 1655 1960 λευκὸν
1672 1927 1706 1960 δὲ
1721 1928 1756 1959 τὸ
1771 1927 1815 1969 μὴ
1832 1927 1878 1960 ὄν.
1898 1928 1924 1960 εἰ
1939 1926 1993 1959 οὖν
2010 1927 2062 1959 διὰ
2074 1930 2166 1960 τοῦτο
2181 1927 2222 1960 τὰ
2235 1927 2310 1961 ὄντα
2333 1927 2436 1961 πάντα

1372 1974 1488 2015 λευκά,
1509 1974 1595 2011 ὅπως
1614 1974 1657 2016 μή
1672 1985 1702 2006 τι
1716 1974 1810 2007 ταύτὸ
1829 1974 1911 2006 κατὰ
1923 1976 1980 2006 τοῦ
1997 1974 2084 2012 ὄντος
2098 1975 2302 2016 σημαίνωμεν
2319 1977 2373 2009 καὶ
2391 1977 2434 2018 μή

1372 2022 1476 2063 ὄντος,
1495 2023 1515 2061 ἢ
1531 2021 1620 2055 οὐδὲν
1636 2021 1750 2054 κωλύει
1765 2022 1819 2054 καὶ
1837 2025 1900 2054 τῶν
1919 2021 2018 2054 ὄντων
2034 2034 2063 2054 τι
2083 2023 2125 2063 μή
2143 2022 2177 2054 ὃν
2200 2023 2279 2056 εἶναι
2303 2023 2429 2057 λευκόν.
2469 2059 2475 2067 ,

1372 2069 1452 2103 eod.
1477 2071 1564 2111 Lips.
1585 2069 1680 2102 liabet
1697 2070 1783 2107 ὅπως
1803 2070 1846 2111 μή
1865 2080 1894 2101 τι
1919 2070 2001 2102 κατὰ
2026 2072 2082 2103 τοῦ
2110 2069 2198 2108 ὄντος
2227 2072 2431 2115 σημήνωμεν,

1373 2116 1490 2149 deinde
1513 2116 1600 2149 οὐδὲν
1616 2116 1705 2158 οἶμαι
1721 2117 1835 2149 κωλύει
1854 2118 1886 2149 et
1904 2127 1933 2149 τι
1954 2118 1997 2158 μὴ
2023 2116 2103 2157 (sine
2128 2117 2175 2159 ὄν)
2205 2118 2284 2151 εἶναι
2311 2119 2436 2153 λευκόν.

1374 2164 1558 2198 Brandisius
1578 2163 1717 2204 conjecit
1735 2175 1744 2197 ε
1761 2164 1798 2196 οὐ
1811 2164 1922 2196 λευκὸν
1934 2165 2015 2196 δὲτὸ
2031 2164 2074 2205 μὴ
2091 2164 2136 2198 ὄν,
2158 2166 2178 2204 ἣ
2192 2164 2248 2198 οὗν
2266 2166 2319 2199 διὰ
2343 2170 2437 2201 τοῦτο

1372 2212 1412 2245 τὰ
1428 2212 1503 2245 ὄντα
1519 2212 1621 2244 πάντα
1633 2212 1748 2252 λευκά,
1759 2211 1843 2248 ὅπως
1860 2223 1891 2243 κ.
1904 2223 1932 2244 τ.
1947 2213 1976 2244 λ.
1995 2211 2056 2244 Sed
2071 2212 2132 2244 liae
2147 2213 2335 2254 coniectura
2347 2215 2439 2250 locus

1373 2268 1438 2293 non
1451 2263 1594 2292 sanatur.
1614 2258 1666 2292 Sic
1687 2262 1796 2292 autem
1813 2259 1962 2292 existimo
1981 2259 2222 2293 emendandum
2240 2273 2249 2293 ι
2266 2261 2304 2294 οὐ
2326 2263 2437 2297 λευκὸν

1373 2312 1454 2345 δὲτὸ
1468 2313 1511 2354 μὴ
1527 2312 1573 2344 ὄν·
1592 2311 1642 2354 ἄρ’
1658 2311 1713 2344 οὖν
1729 2312 1779 2344 δια
1791 2315 1883 2344 τοῦτο
1895 2311 1935 2344 τὰ
1947 2311 2023 2344 ὄντα
2041 2311 2144 2345 πάντα
2159 2313 2256 2345 λευκά
2266 2336 2276 2354 ,
2290 2313 2377 2353 ὅπως
2393 2318 2438 2359 μή

1373 2371 1403 2393 τι
1426 2360 1522 2392 ταύτὸ
1541 2359 1625 2391 κατὰ
1646 2362 1702 2391 τοῦ
1725 2358 1812 2395 ὄντος
1833 2359 2026 2401 σημήνωμεν
2041 2360 2095 2391 καὶ
2118 2360 2162 2400 μὴ
2177 2360 2282 2401 ὄντος,
2303 2362 2324 2401 ἢ
2349 2364 2438 2398 οὐδὲν

1374 2408 1486 2440 κωλύει
1502 2407 1556 2439 καὶ
1574 2410 1637 2438 τῶν
1653 2406 1752 2439 ὄντων
1768 2418 1798 2439 τι
1815 2407 1859 2449 μή
1878 2406 1957 2439 εἶναι
1970 2406 2095 2442 λευκόν.
2111 2409 2285 2450 Conspirflt
2301 2410 2438 2446 Felicia-

1374 2464 1436 2488 nus
1463 2455 1511 2487 sic
1526 2456 1655 2487 vertens
1676 2467 1684 2487 ι
1707 2466 1724 2482 «
1745 2463 1809 2486 non
1823 2454 1934 2487 album
1951 2454 2027 2487 item
2044 2464 2110 2487 non
2125 2464 2184 2488 ens
2203 2458 2270 2498 est,
2290 2459 2438 2501 nunquid

1374 2504 1471 2543 igitur
1489 2505 1657 2545 propterea
1676 2502 1785 2534 omnia
1801 2511 1876 2544 qum
1897 2504 1976 2534 sunt
1994 2511 2063 2535 esse
2079 2503 2151 2535 alba
2168 2504 2342 2538 dicendum
2356 2507 2437 2550 erit,

1375 2560 1415 2584 ne
1429 2551 1607 2593 quidquam
1628 2550 1714 2583 idem
1732 2550 1772 2583 de
1786 2552 1861 2582 ente
1876 2549 1961 2582 etde
1974 2559 2038 2582 non
2051 2554 2125 2583 ente
2139 2551 2379 2592 significemus?
2396 2563 2439 2588 an

1375 2599 1455 2632 nihil
1475 2599 1651 2640 impediet,
1664 2598 1743 2640 quin
1756 2607 1796 2630 ex
1814 2598 1852 2630 iis
1870 2598 1967 2631 etiam
1984 2607 2060 2639 quae
2078 2602 2172 2640 sunt,
2189 2600 2311 2642 aliquid
2327 2602 2439 2636 album

1375 2655 1440 2679 non
1459 2646 1522 2680 sit?
1537 2660 1552 2676 »³
1571 2648 1734 2680 Caeterum
1754 2645 1827 2678 libri
1844 2645 2018 2687 Lipsiensis
2035 2646 2114 2678 illud
2134 2647 2235 2690 οὐδέν,
2253 2648 2358 2690 οἶμαι,
2371 2661 2439 2683 κω-

1375 2696 1441 2728 λύει
1458 2695 1550 2728 alteri
1567 2695 1695 2728 lectioni
1715 2695 1951 2737 praetulissem,
1969 2694 1996 2727 si
2012 2694 2066 2728 hic
2092 2695 2232 2737 scriptor
2250 2697 2440 2733 vadentem
2501 2686 2509 2693 ⁹

1370 2743 1540 2784 quandam
1551 2743 1705 2776 orationis
1713 2743 1953 2775 consectaretur
1965 2751 2004 2775 ac
2016 2751 2081 2775 non
2093 2745 2247 2785 perpetuo
2260 2744 2440 2781 inculcaret

1377 2791 1574 2832 quaestiones
1591 2791 1636 2823 ἔτι
1650 2790 1679 2822 τί
1692 2790 1827 2830 κωλύεις
1845 2791 1878 2822 et
1896 2790 1915 2829 ἢ
1932 2790 2021 2822 οὐδὲν
2036 2790 2170 2831 κωλύεις

1419 2841 1472 2872 32.
1498 2839 1582 2871 οὕτω
1601 2839 1634 2871 δὲ
1649 2839 1704 2871 καὶ
1722 2838 1817 2876 ἄλλην
1836 2838 1873 2870 ἂν
1894 2837 2053 2879 ἀπόφασιν
2069 2839 2188 2876 δέξαιτο
2202 2839 2238 2872 τὸ
2259 2838 2400 2883 ἄπειρον,
2412 2842 2439 2875 εἰ

1378 2886 1422 2928 μὴ
1437 2886 1473 2918 τὸ
1488 2887 1585 2919 πάλαι
1609 2886 1746 2927 λεχθέντι
1771 2885 1899 2927 μᾶλλον,
1920 2886 2004 2927 παρὰ
2030 2885 2065 2917 τὸ
2082 2887 2125 2927 μὴ
2151 2886 2234 2928 ἔχειν
2249 2887 2270 2926 ἢ
2289 2887 2334 2928 μὴ
2356 2887 2440 2929 ἔχειν

1378 2935 1462 2968 ἐστὶν
1485 2934 1580 2967 ἅπαν.
1600 2934 1682 2968 cod.
1705 2933 1791 2974 Lips.
1807 2933 1845 2965 τὸ
1865 2933 1961 2965 πάλαι
1977 2933 2085 2974 λεχθὲν
2105 2933 2135 2965 τί
2152 2935 2280 2976 μᾶλλον.
2302 2935 2439 2968 Brundi-

1378 2983 1445 3015 sius
1459 2982 1640 3024 suspicatus
1657 2984 1706 3014 est
1723 2980 1829 3013 locum
1845 2980 1889 3012 ita
1902 2981 2026 3013 restitui
2038 2983 2186 3022 oportere
2202 2994 2210 3013 ε
2225 2982 2308 3014 οὕτω
2324 2982 2358 3015 δὲ
2370 2983 2441 3015 κατ’

1380 3031 1475 3069 ἄλλην
1490 3030 1545 3063 οὖν
1561 3030 1718 3072 ἀπόφασιν
1731 3029 1868 3066 δέξονται
1883 3029 1920 3061 τὸ
1940 3028 2080 3070 ἄπειρον,
2093 3029 2121 3062 εἰ
2140 3029 2195 3062 καὶ
2212 3030 2256 3071 μή
2278 3033 2325 3073 τῷ
2339 3031 2440 3064 πάλαι

1380 3079 1519 3120 λεχθέντι
1535 3078 1579 3111 ἔτι
1594 3078 1709 3119 μᾶλλον
1725 3076 1794 3119 περὶ
1810 3076 1847 3109 τὸ
1861 3076 1946 3118 ἔχειν
1960 3077 1980 3115 ἢ
2004 3077 2047 3117 μὴ
2070 3076 2152 3118 ἔχειν
2178 3076 2262 3110 ἐστὶν
2277 3077 2375 3111 ἅπαν.
2397 3079 2442 3112 At

1380 3126 1536 3167 δέξονται,
1559 3124 1647 3167 quod
1677 3124 1772 3158 codd.
1801 3124 1966 3166 praebent,
1991 3125 2066 3157 ferri
2086 3134 2150 3157 non
2178 3134 2288 3167 posse,
2307 3126 2442 3159 minime

1379 3172 1555 3206 obscurum
1576 3175 1638 3206 est.
1663 3171 1843 3205 Felicianus
1865 3171 1966 3204 verba
1997 3172 2044 3204 sic
2074 3171 2240 3206 transtulit
2261 3185 2269 3206 z
2290 3185 2308 3202 ιι
2329 3173 2446 3206 omitto

1381 3221 1466 3263 quod
1489 3221 1534 3254 ita
1552 3221 1686 3254 alteram
1706 3228 1836 3262 quoque
1852 3220 2053 3260 negationem
2071 3220 2254 3254 admitteret
2267 3220 2442 3261 infinitum,

1380 3268 1439 3301 nisi
1456 3268 1488 3301 id
1504 3267 1591 3309 quod
1611 3269 1705 3300 antea
1718 3267 1842 3300 dictum
1858 3269 1927 3308 est,
1943 3268 2045 3308 magis
2061 3276 2099 3299 ex
2118 3276 2157 3300 eo
2173 3268 2261 3309 quod
2278 3268 2375 3302 habet
2387 3268 2440 3301 vel

1381 3325 1444 3348 non
1462 3316 1560 3349 habet
1575 3314 1832 3355 unumquodque
1845 3323 1916 3346 esse
1929 3317 1978 3347 est
1990 3315 2254 3348 existimandum.
2274 3328 2291 3345 n
2308 3317 2355 3349 Ne
2369 3315 2442 3349 liaec

1381 3363 1514 3403 quidem
1545 3362 1638 3395 nobis
1666 3361 1887 3401 satisfaciunt,
1915 3361 1970 3393 sed
2001 3365 2108 3394 tamen
2137 3361 2329 3395 emendandi
2354 3363 2440 3395 viam

1380 3410 1648 3442 commonstrant.
1667 3409 1885 3447 Quamobrem
1904 3409 2089 3450 ponendum
2105 3419 2274 3443 censemus
2288 3420 2296 3441 :
2311 3410 2395 3443 οὕτω
2407 3410 2440 3444 δὲ

1379 3457 1434 3489 καὶ
1457 3457 1553 3496 ἄλλην
1578 3457 1616 3489 ἂν
1640 3455 1798 3498 ἀπόφασιν
1820 3456 1940 3493 δέξαιτο
1960 3457 1998 3489 τὸ
2019 3457 2159 3500 ἄπειρον,
2177 3459 2204 3491 εἷ
2221 3458 2264 3499 μή
2279 3462 2325 3501 τῷ
2341 3457 2439 3491 πάλαι

1379 3504 1515 3544 λεχθέντι
1533 3504 1649 3545 μᾶλλον
1663 3503 1749 3545 παρὰ
1761 3503 1796 3535 τὸ
1813 3503 1896 3546 ἔχειν
1913 3504 1933 3543 ἢ
1948 3505 1991 3544 μή
2009 3504 2092 3546 ἔχειν
2105 3506 2188 3537 ἐστὶν
2207 3505 2303 3538 ἅπαν.

1423 3554 1474 3585 34.
1498 3551 1576 3590 ῐσως
1601 3553 1632 3585 δὲ
1654 3551 1771 3585 ἄτοπον
1793 3553 1847 3585 καὶ
1861 3553 1898 3585 τὸ
1920 3551 2113 3594 προσάπτειν
2135 3555 2181 3595 τῷ
2200 3553 2242 3595 μὴ
2265 3552 2328 3585 ὄντι
2348 3551 2439 3585 ἄπει-
