2612 3814
697 241 747 280 IN
775 240 1106 280 EMPEDOCLIS
1135 240 1420 280 CARMINUM
1449 242 1739 290 RELIQUIAS.
2257 253 2305 286 47

138 331 405 383 conjungunt,
425 331 630 368 transiisse
644 329 890 367 manifestum
912 328 962 367 sit
982 343 991 366 ε
1014 342 1094 367 non
1111 337 1191 366 tan-

142 400 220 429 tum
236 389 418 443 pronuba
433 389 455 426 J
460 402 538 427 uno
552 401 676 438 graece
692 385 944 440 dicitur‘'Hp2
959 387 1075 426 τελεία
1088 418 1098 433 ,
1119 387 1187 426 sed

139 451 261 488 multa
280 449 462 488 similiter
481 461 502 485 a
522 448 648 499 poetis
668 455 920 498 usurpantur.
938 446 1027 486 Vid.
1052 447 1191 485 Ruhn-

140 510 227 547 ken.
252 510 301 546 ad
317 507 421 546 Tim.
439 506 532 544 Lex.
552 519 637 544 voc.
659 506 853 544 Platonic.
872 520 911 557 p.
929 512 1021 551 224.

191 566 257 604 Vs.
281 579 369 615 209.
386 564 499 616 Apud
523 564 663 602 Aldum
679 563 824 614 legitur
843 563 905 602 εἴτ’
934 564 1051 616 ὀλίγον
1076 567 1192 615 μεῖζον

141 624 213 663 εἴτε
235 622 339 662 πλέον
361 624 455 662 ἐστὶν
476 622 644 669 ἔλασσον,
666 622 772 673 quod
793 632 999 662 servarunt
1017 623 1193 663 Sturzius

135 693 176 723 et
210 684 440 722 Karstenius
476 682 554 720 nisi
583 683 690 733 quod
726 680 843 732 μεῖζόν
873 683 906 736 γ’
933 684 1190 735 scripserunt.

141 742 226 781 Non
258 743 358 780 male
388 741 716 780 Panzerbieterus
750 741 971 793 conjecerat
993 741 1055 780 εἴτ’
1076 742 1191 794 ὀλίγον

140 801 268 852 μείζων
287 831 298 852 ,
330 800 401 840 εἴτε
432 799 638 839 πλεόνεσσιν
673 799 856 845 ἐλάσσων,
887 801 952 840 hic
982 801 1097 854 ὀλίγον
1119 816 1193 853 pro

135 861 329 900 adverbio
365 873 448 899 esse
480 859 712 907 arbitratus,
743 868 787 898 ut
817 859 927 900 Iliad.
950 859 1021 898 lib.
1044 859 1191 908 XXIII,

141 921 233 970 789,
256 918 342 963 Αἴας
364 917 427 969 μὲν
448 917 516 971 γὰρ
544 918 631 969 ἐμεῖ’
651 917 766 970 ὀλίγον
788 916 1058 971 προγενέστερός
1081 915 1207 970 ἐστιν,’

135 989 176 1018 et
194 992 297 1031 saepe
314 978 425 1017 alibi.
457 977 590 1029 Nuper
612 990 633 1016 e
656 977 852 1029 Simplicii
883 978 1016 1016 codice
1039 978 1073 1016 D
1097 992 1194 1030 pro·

140 1041 260 1078 latum
279 1047 337 1077 est
359 1053 368 1076 z
392 1038 454 1076 εἴτ’
471 1037 589 1089 ὀλίγον
613 1036 741 1089 μείζων
762 1036 832 1076 εἴτε
852 1035 958 1075 πλέον
977 1036 1070 1074 ἐστὶν
1091 1037 1195 1076 ε’λάσ-

140 1115 235 1147 σων,
265 1112 432 1150 quorum
462 1097 675 1135 verborum
696 1096 868 1135 Steinius
898 1096 1003 1135 hunc
1037 1109 1193 1135 sensum

137 1171 225 1197 esse
245 1158 443 1196 existimat
463 1171 471 1194 z
507 1173 522 1190 a
546 1155 792 1194 Gravissima
811 1168 977 1207 quaeque
1006 1156 1195 1194 elementa

142 1214 410 1256 tenuissimam
428 1245 439 1264 ‚
461 1215 664 1253 levissima
684 1215 943 1265 largissimam
961 1215 1103 1253 molem
1125 1215 1195 1253 ha-

140 1276 233 1316 bent
246 1305 256 1324 ‚
277 1276 361 1314 sive
381 1288 460 1326 quo
477 1275 637 1324 gravius
656 1273 888 1312 elementum
903 1282 962 1312 est
980 1286 1027 1312 eo
1048 1275 1197 1313 tenuio-

139 1349 238 1383 rem,
260 1349 339 1386 quo
355 1334 483 1372 levius
500 1341 558 1371 est
572 1346 618 1371 eo
635 1333 844 1383 largiorem
859 1332 976 1371 habet
993 1333 1150 1371 molem.
1175 1352 1190 1368 n

137 1395 370 1446 Suspicatur
387 1401 513 1431 autem
535 1392 668 1443 aliqua
682 1401 770 1430 ante
786 1392 890 1430 hunc
912 1404 1067 1430 versum
1090 1394 1197 1431 exci-

138 1455 260 1492 disse.
282 1452 424 1491 Steinii
454 1451 754 1503 explicationem
776 1450 870 1488 ferri
891 1464 970 1488 non
990 1463 1104 1502 posse
1124 1452 1194 1489 vix

136 1520 198 1550 est
217 1510 322 1562 quod
343 1509 506 1548 uberius
520 1509 734 1549 ostendam.
753 1508 860 1546 Idem
877 1509 925 1547 de
941 1509 1085 1547 Sturzii
1103 1510 1196 1548 Kar-

138 1571 338 1621 steniique
370 1568 629 1621 opinionibus
650 1568 858 1607 dicendum
892 1569 961 1620 qui
993 1569 1120 1607 locum
1154 1583 1196 1608 se

140 1630 360 1679 intelligere
386 1637 592 1679 negarunt.
615 1629 803 1680 Apertum
823 1642 918 1666 vero
947 1637 1031 1676 est,
1067 1629 1101 1667 si
1132 1629 1195 1667 hic

141 1702 283 1728 versus
308 1701 395 1726 cum
414 1688 543 1739 primo
564 1689 586 1733 ἡ
613 1686 650 1725 δὲ
665 1685 761 1740 χθὼν
780 1686 952 1726 τούτοισιν
970 1689 1051 1727 κτλ.
1076 1687 1198 1726 cohae-

139 1756 235 1795 reat,
251 1747 470 1786 necessario
489 1755 642 1798 poetam
659 1759 840 1784 exarasse
864 1760 872 1783 :
896 1745 959 1784 εἴτ’
985 1745 1100 1797 ὀλίγον
1118 1746 1196 1798 μεί-

138 1807 207 1851 ζων
223 1804 288 1844 εἴτ’
303 1807 341 1844 οὗ
363 1804 452 1844 πολὺ
471 1805 568 1843 ἔσκεν
590 1805 764 1843 ἐλάσσων.

196 1864 261 1903 Vs.
287 1878 376 1903 210.
400 1863 445 1901 In
466 1863 659 1915 Simplicii
680 1864 851 1902 editione
869 1864 1012 1902 Aldina
1033 1874 1157 1904 exstat
1184 1880 1193 1903 t

137 1926 180 1963 ἐκ
205 1927 275 1963 τῶν
310 1922 433 1975 αἵματ’
464 1923 641 1975 ἐγένοντο,
670 1924 712 1961 in
741 1923 826 1962 cod.
851 1924 896 1963 D.
919 1918 1009 1974 αἷμα
1031 1925 1194 1977 τάγεντο.

138 1985 317 2024 Sturzius
334 1983 509 2022 correxit
529 1984 647 2020 ἐκτῶν
665 1975 757 2033 αἷμά
772 1998 808 2020 τε
823 1982 940 2034 γέντο,
962 1983 1197 2022 Panzerbie-

139 2053 246 2082 terus
265 2055 364 2081 vero
384 2043 423 2080 ἐκ
448 2044 518 2079 τῶν
539 2040 661 2092 αἵματ’
677 2039 797 2093 ἔγεντο
816 2042 880 2079 cui
898 2040 1034 2092 αἵματα
1053 2043 1196 2083 viden-

111 2131 115 2136 ,
140 2112 205 2141 tur
234 2115 318 2140 esse
343 2101 438 2139 εἴδεα
459 2099 621 2150 αἵματος.
653 2100 729 2139 Sed
751 2109 794 2138 ut
812 2113 891 2138 non
911 2100 1041 2138 minor
1059 2115 1198 2153 corpo-

141 2177 227 2202 rum
256 2175 373 2213 quam
407 2161 657 2210 ingeniorum
691 2160 973 2198 dissimilitudo
1004 2169 1062 2198 est
1093 2175 1102 2198 :
1141 2162 1196 2200 ita

142 2221 416 2275 Empedoclem
434 2233 522 2258 reor
543 2220 653 2267 ἄλλης
670 2219 764 2258 εἴδεα
785 2218 912 2273 σαρκός
928 2223 1087 2270 reliquoe
1102 2236 1196 2259 car—

137 2287 200 2320 uis
214 2286 356 2333 species
375 2280 422 2318 ad
442 2279 703 2317 humanorum
730 2292 942 2330 corporum
967 2278 1198 2319 discrimina

138 2355 231 2394 quae
260 2341 385 2380 oculis
418 2347 603 2377 notantur
635 2339 843 2378 rettulisse.
873 2338 1086 2388 Sanguinis
1118 2354 1197 2378 non

137 2401 276 2440 eadem
298 2406 356 2439 est
389 2399 504 2437 ratio.
528 2397 662 2449 Neque
681 2398 785 2436 enim
819 2398 932 2436 facile
951 2399 1078 2446 dicas,
1102 2400 1197 2450 quid

143 2461 244 2499 inter
263 2458 492 2509 sanguinem
513 2465 551 2495 et
575 2457 807 2507 sanguinem
835 2457 992 2495 intersit
1006 2487 1017 2505 ,
1048 2458 1127 2496 nisi
1148 2459 1195 2496 ad

140 2532 187 2557 ea
207 2518 409 2568 confugias
439 2530 525 2567 quae
557 2517 652 2566 fingi
672 2516 826 2554 facili'us
847 2529 964 2567 quam
991 2517 1087 2555 seiri
1107 2531 1196 2569 pos-

141 2586 247 2617 sunt.
270 2576 533 2624 Quamobrem
552 2577 667 2628 posui
689 2578 728 2615 ἐκ
748 2578 818 2614 τῶν
840 2570 930 2627 αἷμά
956 2577 987 2614 τ’
1004 2576 1121 2629 ἔγεντο
1134 2576 1194 2615 καὶ

142 2637 252 2683 ἄλλης
273 2637 367 2674 εἴδεα
388 2634 530 2689 σαρκός.
550 2635 674 2682 Quam
697 2637 926 2675 sententiam
947 2649 996 2674 ne
1013 2637 1103 2687 quis
1123 2636 1197 2674 ali-

140 2704 201 2734 ter
220 2694 541 2733 conformandam
577 2703 754 2742 censeat,
785 2695 893 2732 velut
922 2708 1008 2733 cum
1041 2694 1198 2733 Sturzio

139 2753 234 2792 ἄλλα
257 2752 293 2791 δὲ
319 2753 381 2792 vel
402 2767 490 2792 cum
509 2753 717 2791 Karstenio
745 2754 857 2792 ἀλλοὶ’
879 2752 989 2800 εἴδεα,
1009 2753 1049 2792 id
1070 2753 1197 2792 Graeci

142 2813 338 2852 sermonis
361 2812 512 2862 legibus
534 2821 687 2850 cautum
709 2821 776 2851 est.
800 2813 898 2859 Quis
918 2813 1022 2851 enim
1044 2812 1198 2863 ignorat

140 2871 246 2915 ἄλλος
278 2886 327 2911 ex
360 2871 574 2910 abundanti
609 2872 803 2923 adjectum
847 2872 951 2924 apud
986 2873 1196 2910 Homerum

139 2932 282 2983 Odyss.
297 2931 350 2979 ll,
370 2938 463 2980 412,
481 2931 599 2984 μήτηρ
616 2930 644 2969 δ’
662 2930 730 2982 ἐμὴ
750 2930 825 2970 οὔτι
847 2931 1025 2970 πέπυσται
1045 2933 1116 2971 οὐδ’
1138 2932 1199 2970 ἅλ-

140 2992 202 3030 λαι
225 2991 359 3042 δμωαί,
381 2991 484 3043 apud
498 2991 596 3030 Plat.
613 2990 737 3029 Alcib.
756 2990 789 3038 I,
810 3005 852 3044 p.
875 3005 947 3029 112
967 2990 1007 3031 b.
1027 2993 1063 3029 αἱ
1082 2991 1197 3043 μάχαι

140 3052 214 3094 τοῖς
233 3065 270 3088 τε
300 3049 452 3102 Ἀχαιοῖς
479 3048 540 3088 καὶ
559 3054 630 3094 τοῖς
649 3049 766 3093 ἄλλοις
787 3049 928 3103 Τρωσὶν
958 3050 1136 3102 ἐγένοντο,
1158 3059 1196 3089 et

140 3109 242 3147 alios
262 3109 484 3160 scriptores.

196 3168 279 3207 Vss.
310 3182 353 3206 21
368 3175 501 3214 1-214.
524 3167 570 3208 ‘H
588 3165 624 3206 δὲ
643 3165 1048 3220 χθὼν-θεσπεσίηθεν]
1067 3167 1198 3206 laudat

141 3225 373 3278 Simplicius
387 3227 505 3279 Phys.
523 3227 575 3277 ΙΙ,
600 3227 627 3268 f.
646 3229 695 3266 66
707 3227 748 3268 b.
765 3228 919 3266 Primos
939 3236 1014 3269 tres
1028 3239 1194 3266 versus:

145 3287 167 3332 ἡ
187 3285 222 3323 δὲ
240 3286 529 3338 χθὼν-γένοντο
546 3288 774 3327 Aristoteles
791 3288 839 3326 de
860 3291 931 3326 An.
951 3287 983 3334 Ι,
1013 3287 1034 3324 5
1055 3300 1095 3338 p.
1119 3291 1196 3331 410

142 3359 190 3393 a;
221 3354 259 3384 et
286 3346 518 3398 interpretes
548 3347 596 3385 ad
616 3347 656 3387 h.
679 3347 703 3384 l.
733 3356 776 3385 ut
807 3346 1048 3385 Themistius
1079 3345 1106 3385 f.
1143 3359 1192 3394 72

142 3417 187 3452 a;
210 3404 453 3456 Pliiloponus
482 3406 542 3445 lit.
569 3405 613 3454 E,
632 3419 671 3457 p.
698 3407 769 3454 ¹63
791 3404 1017 3457 Simplicius
1036 3404 1059 3442 f.
1085 3404 1131 3441 18
1153 3403 1193 3451 b;

139 3462 332 3514 Syr-ianus
365 3464 534 3518 Metaph.
562 3463 679 3513 XIII,
712 3465 736 3504 f.
778 3466 850 3503 118
883 3464 1067 3513 a.interp.
1105 3463 1193 3509 lat.;

1253 329 1477 369 Alexander
1507 330 1682 381 Aplirod.
1709 331 1750 368 in
1771 331 1939 382 Metaph.
1959 346 2045 384 pag.
2067 348 2117 384 99
2151 336 2212 374 ed.
2232 334 2306 373 Bo·

1253 391 1401 431 nitz‚et
1431 390 1472 428 in
1495 389 1622 428 Schol.
1646 389 1764 428 Arist.
1794 404 1834 441 p.
1859 391 1934 438 587
1956 391 1996 431 b.
2018 394 2080 432 ed.
2112 394 2305 440 Brandis.;

1254 448 1560 499 Christophorus
1585 448 1803 487 Contoleon
1830 450 1951 489 schol.
1967 451 2009 488 in
2030 452 2141 491 Iliad.
2163 454 2231 492 lib.
2255 454 2307 492 XI

1254 521 1313 547 vs.
1337 508 1466 545 26-28
1488 507 1591 559 apud
1612 507 1802 558 Matrang.
1825 509 1969 549 Anecd.
1993 518 2085 549 tom.
2104 511 2139 548 11
2157 526 2196 563 p.
2217 513 2306 559 514.

1254 566 1335 606 Vss.
1362 581 1434 605 211
1456 574 1494 604 et
1518 567 1593 604 213
1615 566 1862 618 Philoponus
1882 568 2051 620 Metaph.
2073 569 2171 618 XIV,
2191 571 2215 611 f.
2245 573 2309 620 66,

1254 626 1366 666 b.int.
1385 627 1449 665 lat.
1473 626 1700 664 Aristoteles
1719 627 1744 665 l.
1765 641 1799 666 e.
1823 627 1877 665 ait
1900 641 1908 665 ε
1933 628 2063 679 ὁμοίως
2090 627 2127 666 δὲ
2147 629 2207 667 καὶ
2225 629 2311 668 ἄλλο

1254 687 1367 724 ὁτιοῦν
1385 687 1454 723 τῶν
1474 685 1665 724 συνθέτων·
1685 687 1724 724 οὗ
1737 684 1804 738 γὰρ
1822 688 1983 726 ὁπωσοῦν
2007 686 2134 740 ἔχοντα
2153 686 2196 726 τὰ
2217 705 2310 727 στοι-

1253 748 1335 796 χεῖα
1354 743 1488 783 τούτοιν
1508 743 1678 792 ἕκαστον,
1707 744 1799 784 ἀλλὰ
1819 744 1914 799 λόγῳ
1940 745 2007 784 τινὶ
2040 745 2100 784 καὶ
2130 747 2309 794 συνθέσει,

1254 803 1417 855 καθάπερ
1441 802 1527 857 φησὶ
1550 803 1611 842 καὶ
1628 803 1876 854 Ἐμπεδοκλῆς
1895 803 1934 842 τὸ
1954 806 2098 843 ὀστοῦν·
2122 808 2142 852 ἦ
2163 804 2198 844 δὲ
2216 805 2311 858 χθὼν

1255 864 1336 902 κτλ.
1357 863 1586 915 Simplicius
1610 875 1618 900 ε
1642 862 1703 901 καὶ
1719 862 1788 915 γὰρ
1808 863 1869 901 καὶ
1882 863 1976 916 λόγῳ
1991 863 2058 902 τινὶ
2073 869 2165 902 ποιεῖ
2180 864 2312 917 σάρκας

1254 921 1315 960 καὶ
1332 924 1454 961 ὀστοῦν
1470 921 1531 961 καὶ
1546 921 1662 960 ἄλλων
1677 920 1838 962 ἕκαστον.
1859 920 1955 974 λέγει
1968 925 2049 973 γοῦν
2066 923 2101 960 ἐν
2118 924 2167 975 τῷ
2181 921 2311 975 πρώτῳ

1255 983 1325 1018 τῶν
1348 982 1503 1033 φυσικῶν
1521 981 1599 1020 κτλ.
1627 980 1875 1019 Describitur
1892 981 2090 1032 quomodo
2111 989 2215 1019 certa
2235 981 2313 1019 ele·

1256 1049 1476 1079 mentorum
1493 1040 1682 1092 temperie
1702 1053 1912 1091 corporum
1934 1050 2063 1092 partes
2081 1049 2118 1079 et
2142 1053 2230 1079 ossa
2247 1053 2312 1078 ex-

1256 1108 1439 1139 stlterlnt.

1309 1159 1372 1199 Vs.
1406 1173 1478 1196 211
1509 1157 1685 1202 εὐτάκτοις
1704 1157 1850 1196 habent
1874 1158 2102 1210 Simplicius
2128 1158 2170 1196 in
2192 1158 2311 1210 Phys.

1256 1227 1294 1256 et
1322 1217 1545 1256 Alexander
1582 1217 1907 1268 Aphrodisiensis
1940 1218 1982 1256 in
2013 1218 2181 1269 Metaph.
2215 1218 2240 1256 l.
2280 1232 2312 1256 c.

1257 1291 1357 1329 quos
1385 1291 1474 1316 cum
1503 1276 1725 1326 Scaligero,
1750 1276 1975 1325 Karstenio‚
2008 1276 2312 1315 Panzerbietero

1256 1345 1410 1375 secutus
1428 1349 1526 1375 sum.
1544 1336 1593 1373 At
1608 1335 1712 1387 apud
1728 1335 1975 1387 Simplicium
1995 1336 2045 1374 de
2058 1336 2207 1383 Anim.‚
2230 1335 2314 1373 Ari-

1256 1395 1447 1443 stotelem,
1471 1394 1766 1433 Contoleontem
1789 1402 2025 1446 caeterosque
2045 1403 2102 1433 est
2119 1392 2314 1445 εὖστέρνοις

1255 1453 1436 1506 χοάνοισι,
1466 1454 1541 1492 hoc
1576 1462 1738 1505 excepto
1774 1453 1879 1504 quod
1910 1453 2096 1506 εὖστέρνης
2136 1453 2180 1491 in
2210 1452 2243 1490 Τ
2246 1454 2313 1490 h'e-

1257 1513 1379 1551 mistii
1405 1513 1522 1552 libris
1541 1521 1578 1551 et
1595 1512 1755 1566 χαόνοισι
1774 1513 1816 1551 in
1838 1512 2106 1553 Contoleontis
2121 1511 2314 1550 membra-

1258 1573 1318 1611 nis
1341 1573 1546 1624 scripturae
1576 1572 1760 1610 mendum
1789 1584 1873 1610 esse
1899 1580 2018 1624 patet.
2054 1571 2171 1609 Prius
2199 1571 2315 1609 unice

1257 1640 1391 1683 aptum
1413 1631 1518 1669 vasis
1542 1630 1766 1682 epitheton,
1784 1632 1983 1683 posterius
2008 1630 2056 1668 ab
2079 1630 2250 1668 Hesiodo
2267 1630 2315 1668 de

1257 1691 1344 1742 ipsa
1358 1698 1461 1727 terra
1483 1687 1569 1741 (γαῖ’
1586 1687 1851 1742 εὐρύστερνος),
1872 1689 1921 1727 ab
1948 1689 2037 1728 aliis
2051 1689 2102 1736 de
2128 1689 2226 1727 coelo
2249 1689 2313 1727 di-

1258 1759 1360 1788 ctum
1380 1749 1471 1787 huic
1493 1749 1550 1787 rei
1567 1748 1696 1786 minus
1716 1749 1911 1799 congruit.

1312 1809 1377 1848 Vs.
1397 1822 1489 1846 212.
1510 1808 1800 1846 Elementorum
1823 1817 1951 1860 partes
1968 1807 2016 1845 ad
2036 1820 2124 1846 ossa
2143 1808 2184 1845 in
2202 1817 2313 1845 terrae

1261 1867 1486 1906 fornacibus
1515 1866 1744 1905 fabricanda
1775 1867 1832 1905 sic
1869 1866 2178 1912 distribuuntur,
2203 1875 2243 1903 ut
2266 1880 2312 1904 ex

1258 1936 1346 1966 octo
1366 1926 1546 1979 partibus
1570 1925 1676 1964 binae
1703 1926 1784 1964 sint
1800 1926 1925 1978 ipsius
1942 1934 2076 1972 terrae,
2102 1924 2206 1962 binae
2223 1927 2310 1962 item

1256 1988 1362 2026 seris
1398 1996 1436 2025 et
1465 2000 1600 2038 aquae,
1623 1995 1822 2038 quaternae
1851 1985 2022 2037 denique
2040 1984 2206 2023 Vulcani
2235 1987 2314 2023 sive

1259 2048 1375 2098 ignis,
1397 2046 1530 2085 Lectio
1545 2047 1829 2098 aliquantulum
1846 2046 1985 2085 variat.
2008 2045 2089 2084 Pro
2105 2044 2150 2083 τὰ
2168 2043 2227 2083 δύο
2247 2046 2313 2084 alii

1260 2107 1416 2145 codices
1437 2105 1616 2158 praebent
1634 2108 1703 2144 τῶν
1726 2104 1786 2143 δύο
1806 2113 1844 2143 et
1875 2106 1936 2147 τὰς
1969 2104 2049 2154 δύο,
2086 2118 2160 2157 pro
2181 2104 2314 2158 μερέων

1258 2166 1327 2204 alii
1345 2166 1476 2218 μορίων
1497 2174 1534 2203 et
1551 2164 1723 2217 μοιράων.
1741 2164 1771 2202 E
1790 2163 2076 2202 recentioribus
2093 2164 2264 2213 Scaliger
2279 2173 2316 2202 et

1259 2225 1437 2264 Sturzius
1464 2224 1656 2263 dederunt
1678 2227 1748 2262 τῶν
1778 2222 2051 2275 δύο-μορίων,
2084 2222 2314 2261 Brandisius

1258 2284 1320 2329 τὰς
1340 2282 1612 2336 δύο-μερέων,
1633 2283 1667 2321 T
1670 2282 2020 2332 rendelenburgius
2039 2280 2100 2325 τὰς
2117 2281 2314 2333 δύο-μοι-

1259 2347 1326 2397 ρῶν
1342 2373 1352 2391 ,
1377 2343 1633 2393 Goettlingius
1655 2341 1823 2393 conjecit
1839 2340 2110 2393 τὰ-μοιρέων,
2138 2340 2182 2379 τὰ
2204 2341 2310 2380 duali

1259 2416 1423 2441 numero
1441 2402 1663 2454 accipiens3
1685 2401 1752 2440 sed
1774 2400 2004 2439 femininum
2028 2413 2107 2437 non
2131 2402 2315 2439 convenit

1259 2463 1438 2515 sequenti
1455 2462 1610 2514 τέσσαρα
1631 2461 1674 2501 δ’.
1699 2460 1833 2511 Itaque
1856 2468 1960 2498 recte
1977 2459 2171 2497 Bekkerus
2187 2489 2197 2509 ,
2217 2459 2312 2497 Kar-

1260 2523 1429 2570 stenius,
1459 2520 1786 2559 Panzerbieterus
1815 2518 1860 2558 τὰ
1888 2518 1949 2557 δύο
1969 2520 2038 2557 τῶν
2059 2515 2151 2556 ὀκτὼ
2180 2516 2313 2570 μερέων

1261 2584 1486 2633 vulgarunt.
1508 2580 1603 2627 Quae
1627 2581 1824 2632 scriptura
1850 2592 1899 2618 ne
1928 2579 1991 2617 cui
2009 2587 2173 2630 propter
2201 2578 2314 2616 metri

1262 2642 1533 2680 difficultatem
1554 2639 1698 2678 vitiosa
1713 2638 1907 2686 videatur,
1926 2637 1975 2676 ad
1987 2651 2043 2675 vs.
2070 2638 2140 2675 103
2159 2636 2316 2676 demon-

1259 2702 1382 2741 stravi
1403 2701 1614 2739 didacticos
1629 2707 1762 2751 poetas
1783 2697 1887 2736 haud
1908 2710 2018 2736 secus
2036 2705 2152 2748 atque
2172 2696 2314 2734 Home-

1262 2775 1348 2801 rum
1368 2761 1510 2799 breves
1533 2758 1705 2810 syllabas
1727 2767 1804 2796 tam
1831 2758 1873 2796 in
1902 2756 2102 2809 principio
2129 2769 2314 2794 versuum

1261 2834 1376 2872 quam
1406 2820 1449 2858 in
1483 2819 1624 2857 mediis
1658 2817 1841 2856 versibus
1875 2817 1976 2855 arsis
2006 2817 2049 2855 vi
2082 2815 2312 2867 producere.

1260 2881 1369 2919 Unus
1389 2879 1561 2917 Steinius
1578 2876 1661 2916 δοιὼ
1675 2879 1744 2916 τῶν
1758 2876 1851 2916 ὀκτὼ
1872 2875 2006 2929 μερέων
2028 2875 2183 2927 posuit,
2203 2873 2314 2924 cujus

1259 2938 1488 2978 mutationis
1511 2937 1612 2976 hanc
1633 2936 1761 2975 reddit
1781 2937 1973 2974 rationem
1991 2964 2000 2982 ‚
2023 2933 2130 2985 quod
2149 2931 2314 2971 articulo

1259 3008 1347 3037 ante
1376 2997 1438 3036 δύο
1461 2997 1568 3049 justa
1596 2995 1706 3035 sedes
1727 3009 1807 3033 non
1831 2995 1894 3034 sit.
1924 2993 2067 3031 Verum
2101 2992 2170 3043 qui
2198 2992 2314 3029 talem

1254 3059 1480 3110 juncturam
1499 3069 1662 3107 graecam
1682 3067 1767 3094 esse
1784 3062 1919 3104 negat,
1937 3065 2023 3091 cum
2042 3052 2192 3103 optimo
2215 3064 2313 3102 quo·

1259 3130 1334 3168 que
1359 3118 1550 3168 scriptore
1569 3122 1728 3167 pugnat.
1751 3112 1816 3152 Sic
1838 3112 2033 3151 Homerus
2051 3110 2161 3148 Iliad.
2180 3109 2249 3148 lib.
2279 3107 2313 3147 X

1258 3190 1316 3216 vs.
1333 3175 1502 3214 252-253
1524 3189 1532 3213 ε

1312 3253 1426 3307 ἄστρα
1442 3252 1477 3293 δὲ
1493 3252 1536 3301 δὴ
1550 3250 1752 3305 προὸέὸηκε
1764 3265 1773 3275 ·
1786 3248 2001 3303 παρῴχηκεν
2018 3247 2054 3287 δὲ
2065 3246 2181 3287 πλέων
2198 3244 2258 3290 νὺξ

1309 3316 1379 3352 τῶν
1395 3311 1455 3351 δύο
1473 3311 1646 3365 μοιράων,
1658 3309 1806 3366 τριτάτη
1825 3309 1853 3348 δ’
1869 3309 1920 3348 ἔτι
1939 3310 2045 3361 μοῖρα
2061 3306 2254 3346 λέλειπται.

1256 3401 1507 3453 Thucydides
1523 3400 1591 3439 lib.
1606 3400 1627 3439 I
1640 3413 1723 3452 cap.
1742 3413 1788 3437 10
1804 3413 1812 3437 ε
1828 3397 1942 3437 καίτοι
1955 3392 2227 3440 Πελοποννήσου
2239 3393 2309 3430 τῶν

1259 3461 1360 3500 πέντε
1375 3460 1436 3503 τὰς
1453 3459 1512 3499 δύο
1535 3459 1660 3512 μοίρας
1683 3458 1848 3509 νέμονται
1867 3457 1945 3497 κτλ.
1970 3477 2025 3485 -
2041 3455 2118 3492 Pro
2137 3451 2311 3499 Νήστιδος
