2612 3814
6 1965 27 1992 c»
3 1921 30 1939 δ.-
0 1672 29 1908 ,σμγιμυζῇΐῃεςχξῃζ

370 358 944 462 ΜΕΛΙΣΣΟΥ

269 538 1043 602 ΑΠΟΣΠΑΣΜΑΤΙΑ.

552 686 771 702 -οωοϋ-

190 830 211 879 S
248 836 280 868 1.
300 830 346 868 Εἰ
375 827 437 878 μὲν
459 828 566 879 μηδὲν
588 828 677 879 ἔστι,
699 829 779 881 περὶ
798 829 919 868 τούτου
935 830 967 868 τί
990 829 1032 869 ἂν
1051 830 1189 883 λέγοιτο

138 890 184 931 ὡς
199 887 312 931 ἐόντος
340 887 452 935 τινός;
474 889 503 926 εἷ
531 886 569 926 δέ
592 903 626 925 τι
648 888 742 936 ἔστι,
763 888 840 936 ἤτοι
859 889 1039 941 γινόμενόν
1062 893 1147 938 ἐστι,
1167 891 1190 937 ἢ

138 946 206 986 αἰεὶ
229 947 297 985 ἐόν.
356 946 452 986 Ἀλλ’
478 947 508 984 εἷ
531 946 726 999 γινόμενον,
742 946 820 993 ἤτοι
839 947 873 992 ἐξ
897 948 1010 992 ἐόντος
1030 948 1052 996 ἢ
1079 950 1118 987 ἐκ
1140 949 1188 1000 μὴ

137 1005 267 1050 ἐόντος·
299 1007 379 1045 ἀλλ’
399 1005 477 1045 οὔτε
504 1006 544 1044 ἐκ.
575 1005 624 1057 μὴ
656 1006 768 1050 ἐόντος
800 1000 869 1044 οἶόν
896 1023 934 1045 τε
961 1007 1118 1059 γίνεσθαί
1138 1024 1189 1058 τι,

140 1064 219 1104 οὔτε
239 1065 325 1103 ἄλλο
345 1064 407 1116 μὲν
439 1064 536 1103 οὐδὲν
558 1064 626 1113 ἐόν,
651 1066 771 1117 πολλῷ
799 1064 835 1103 δὲ
858 1067 991 1115 μᾶλλον
1012 1065 1050 1104 τὸ
1071 1066 1191 1111 ἁπλῶς

141 1124 209 1163 ἐόν·
230 1124 308 1163 οὔτε
325 1126 363 1164 ἐκ
377 1127 435 1163 τοῦ
454 1124 580 1168 ἐόντος·
598 1123 652 1171 εἴη
671 1124 740 1176 γὰρ
758 1123 798 1162 ἂν
820 1123 912 1162 οὕτω
928 1124 988 1163 καὶ
1002 1126 1040 1164 οὗ
1052 1125 1191 1176 γίνοιτο.

138 1186 201 1222 οὐκ
222 1184 289 1235 ἄρα
315 1182 495 1235 γινόμενόν
528 1184 602 1221 ἐστι
633 1182 672 1220 τὸ
707 1182 761 1221 ἐόν
775 1199 783 1207 ·
815 1182 884 1221 αἰεὶ
919 1182 974 1222 ἐὸν
1009 1184 1076 1236 ἄρα
1099 1185 1188 1226 ἐστι’.

139 1243 232 1282 Οὔτε
253 1242 468 1296 φθαρήσεται
487 1241 526 1280 τὸ
545 1242 619 1281 ε’όν·
640 1241 717 1280 οὔτε
750 1241 880 1294 γὰρ·ἓς
905 1243 945 1282 τὸ
967 1242 1015 1295 μὴ
1045 1244 1099 1283 ἐὸν
1120 1239 1190 1283 οἶόν

138 1317 175 1339 τε
195 1300 235 1339 τὸ
271 1300 325 1339 ἐὸν
349 1299 602 1351 μεταὸάλλειν·
634 1300 872 1353 συγχωρέει-αι
893 1301 962 1354 γὰρ
991 1302 1051 1341 καὶ
1084 1306 1190 1342 τοῦτο

139 1359 205 1397 ὑπὸ
226 1362 293 1398 τῶν
323 1361 476 1412 φυσικῶν
492 1374 500 1383 ·
526 1359 604 1397 οὔτε
637 1362 670 1403 ἐς
690 1359 766 1398 ἐόν·
797 1359 894 1411 μένοι
927 1359 995 1413 γὰρ
1023 1360 1063 1400 ἂν
1085 1362 1192 1400 πάλιν

137 1417 227 1457 οὕτω
242 1434 282 1469 γε
301 1418 360 1456 καὶ
388 1418 426 1457 οὗ
461 1417 643 1470 φθείροιτο.
700 1418 792 1458 Οὔτε
822 1418 890 1471 ἄρα
913 1419 1033 1472 γέγονε
1062 1421 1102 1459 τὸ
1122 1421 1190 1473 ἐόν,

138 1476 214 1516 οὔτε
240 1475 468 1529 φθαρήσεται.
525 1476 604 1516 Atel
621 1476 688 1529 ἄρα
705 1471 746 1524 ἦν
767 1493 805 1515 τε
825 1477 885 1516 καὶ
903 1477 1017 1517 ἔσται.

190 1536 212 1585 S
233 1542 271 1575 2.
294 1534 386 1574 Ἀλλ’
404 1534 524 1582 ἐπειδὴ
556 1534 597 1574 τὸ
616 1535 800 1586 γενόμενον
832 1536 946 1589 ἀρχὴν
979 1537 1067 1590 ἔχει,
1084 1537 1123 1576 τὸ
1142 1537 1191 1589 μὴ

140 1595 322 1647 γενόμενον
345 1593 457 1647 ἀρχὴν
479 1597 540 1633 οὐκ
561 1595 654 1647 ἔχει,
675 1595 714 1633 τὸ
735 1595 763 1633 δ’
783 1595 838 1634 ε’ὸν
856 1599 894 1635 οὐ
914 1597 1049 1647 γέγονε,
1069 1599 1131 1636 οὒκ
1151 1598 1192 1637 ἂν

140 1652 214 1705 ἔχοι
229 1653 356 1706 ἀρχήν.
413 1649 497 1693 Ἔτι
517 1654 604 1692 δὲτὸ
624 1655 847 1707 φθειρόμενον
867 1656 1030 1703 τελευτὴν
1052 1655 1144 1709 ἔχει·
1165 1659 1194 1696 εἰ

140 1711 178 1750 δέ
209 1711 245 1751 τί
276 1713 351 1751 ἐστι
371 1711 561 1766 ἄφθαρτον,
583 1711 749 1761 τελευτὴν
772 1714 834 1753 οὔκ
865 1714 957 1768 ἔχει·
986 1715 1026 1754 τὸ
1047 1715 1101 1754 ἐὸν
1125 1717 1193 1769 ἄρα

141 1772 315 1826 ἄφθαρτον
338 1772 407 1821 ἐόν,
440 1772 605 1819 τελευτὴν
636 1774 699 1812 οὐκ
728 1774 823 1827 ἔχει·
844 1773 938 1813 τὸδὲ
961 1775 1050 1825 μήτε
1079 1776 1192 1830 ἀρχὴν

139 1831 218 1884 ἔχον
242 1832 331 1883 μήτε
351 1831 530 1881 τελευτήν,
567 1832 708 1885 ἄπειρον
743 1833 910 1886 τυγχάνει
939 1834 1013 1873 ἐόν·
1049 1834 1192 1888 ἄπειρον

142 1890 209 1943 ἄρα
230 1890 269 1929 τὸ
287 1892 356 1931 ἐόν.

193 1951 215 2000 5
237 1957 272 1989 3.
293 1950 339 1989 Εἰ
358 1949 393 1988 δὲ
409 1949 564 2001 ἄπειρον,
585 1948 639 1987 ἕν·
661 1951 692 1988 εἰ
717 1950 784 2004 γὰρ
805 1950 864 1990 δύο
884 1951 958 2002 εἴη,
979 1953 1041 1991 οὐκ
1065 1952 1106 1991 ἂν
1129 1954 1193 1992 δύ·-

139 2023 237 2046 ναιτο
255 2008 386 2062 ἄπειρα
407 2001 510 2056 εἶναι,
529 2009 606 2047 ἀλλ’
623 2010 699 2061 ἔχοι
717 2009 757 2047 ἂν
782 2010 919 2062 πέρατα
937 2011 1023 2065 πρὸς
1037 2012 1192 2060 ἄλληλα·

141 2065 283 2121 ἄπειρον
306 2067 341 2105 δὲ
362 2066 401 2105 τὸ
422 2067 488 2115 ἐόν,
509 2069 572 2106 οὐκ
593 2066 662 2119 ἄρα
687 2069 784 2106 πλέω
803 2067 848 2107 τὰ
866 2069 983 2109 ἐόντα·
1012 2069 1048 2109 ἓν
1071 2071 1139 2124 ἄρα
1157 2072 1194 2110 τὸ

139 2124 206 2165 ἐόν.

191 2184 214 2234 5
240 2191 278 2223 4.
305 2183 412 2223 Ἀλλὰ
428 2184 497 2235 μὴν
515 2187 545 2223 εἷ
565 2184 614 2232 ἕν,
638 2185 699 2224 καὶ
719 2187 880 2235 ἀκίνητον
895 2204 903 2212 ·
923 2188 962 2227 τὸ
986 2188 1054 2242 γὰρ
1074 2189 1108 2228 ἓν
1139 2190 1193 2229 ἐὸν

139 2242 257 2292 ὁμοῖον
272 2242 340 2281 αἰεὶ
354 2245 473 2296 ἑωυτῷ
484 2258 493 2267 ·
509 2243 550 2282 τὸ
568 2243 603 2282 δὲ
618 2246 752 2296 ὁμοῖον,
773 2243 844 2284 οὔτ’
858 2245 899 2284 ἂν
914 2246 1081 2286 ἀπόλοιτο
1091 2278 1101 2296 ,
1120 2249 1194 2288 οὔτ’

142 2300 182 2338 ἂν
204 2301 305 2351 μέζον
325 2300 478 2354 γίνοιτο,
515 2302 594 2342 οὔτε
625 2304 927 2355 μετακοσμέοιτο,
951 2305 1029 2344 οὔτε
1056 2307 1193 2359 ἀλγέοι,

140 2358 219 2398 οὔτε
235 2361 374 2412 ἀνιῷτο.
433 2362 480 2400 Εἰ
493 2360 560 2413 γάρ
580 2376 614 2400 τι
631 2362 761 2401 τούτων
777 2363 922 2417 πάσχοι,
943 2365 1005 2403 οὒκ
1018 2363 1058 2403 ἂν
1073 2364 1110 2404 ἓν
1125 2364 1192 2413 εἴη’

142 2417 266 2470 τὸγὰρ
293 2421 477 2465 ἡντιναοῦν
505 2419 640 2469 κίνησιν
671 2421 870 2472 κινεόμενον
898 2422 940 2462 ἔκ
965 2439 1056 2468 τινος
1079 2423 1139 2462 καὶ
1162 2427 1194 2468 ἐς

143 2475 258 2528 ἔτερόν
279 2492 313 2515 τι
333 2477 569 2528 μεταὸάλλει·
581 2478 677 2518 οὐδὲν
693 2480 730 2519 δὲ
749 2475 792 2529 ἦν
813 2481 930 2535 ἕτερον
948 2482 1047 2535 παρὰ
1060 2482 1101 2521 τὸ
1120 2482 1191 2532 ἐόν,

141 2535 203 2573 οὐκ
224 2534 293 2587 ἄρα
308 2539 410 2575 τοῦτο
425 2537 621 2585 κινήσεται.

1571 356 1977 442 MELISSI

1520 539 2030 598 FRAGMENTA.

1667 682 1887 696 -Θῦοῧϋ-

1295 831 1314 873 §
1333 836 1361 865 1.
1384 834 1417 866 Si
1433 834 1510 866 nihil
1530 842 1640 874 reapse
1658 838 1725 875 est,
1746 835 1822 875 quid
1844 835 1884 867 de
1897 835 1975 874 hoc,
1991 836 2081 876 quasi
2101 835 2143 868 sit
2160 835 2284 877 aliquid
2297 860 2307 875 ,

1255 890 1403 924 dicatur?
1423 893 1456 925 Si
1471 901 1546 925 vero
1560 895 1609 925 est
1632 893 1751 934 aliquid
1764 917 1772 933 ,
1789 893 1820 925 id
1837 896 1892 926 aut
1907 894 2007 926 oritur
2027 895 2084 927 aut
2103 903 2229 935 semper
2243 898 2304 927 est.

1254 952 1379 990 Quodsi
1412 953 1526 993 oritur,
1550 955 1606 986 aut
1627 962 1668 985 ex
1695 962 1733 986 eo
1754 954 1840 994 quod
1859 956 1925 994 est,
1950 956 2006 987 aut
2020 963 2059 987 ex
2083 964 2121 987 eo
2137 955 2225 996 quod
2245 963 2308 987 non

1254 1016 1302 1046 est
1330 1013 1454 1045 oriatur
1473 1011 1601 1054 oportet
1612 1024 1622 1054 ;
1640 1014 1731 1054 atqui
1754 1023 1860 1055 neque
1879 1024 1920 1047 ex
1942 1018 2099 1048 non-ente
2117 1015 2186 1048 fieri
2205 1016 2310 1057 potest

1255 1074 1291 1105 ut
1315 1081 1390 1104 cum
1416 1071 1503 1103 aliud
1528 1081 1584 1104 ens
1610 1072 1743 1113 oriatur,
1774 1077 1842 1105 tum
1862 1073 2002 1106 maxime
2035 1083 2092 1107 ens
2124 1075 2310 1115 simpliciter

1255 1130 1398 1170 dictum,
1414 1138 1518 1171 neque
1536 1139 1574 1162 ex
1595 1132 1668 1163 ente
1687 1140 1695 1162 :
1713 1134 1798 1163 esset
1813 1132 1899 1163 enim
1917 1132 1979 1164 hoc
1991 1132 2088 1164 modo
2106 1141 2144 1165 ac
2162 1142 2225 1165 non
2243 1133 2310 1165 ori-

1255 1192 1356 1221 retur.
1401 1190 1486 1229 Ergo
1501 1197 1564 1220 non
1578 1188 1680 1221 oritur
1695 1198 1775 1230 ens;
1793 1190 2025 1231 sempiternum
2044 1190 2141 1231 igitur
2159 1192 2219 1223 est.
2251 1193 2310 1224 Ne·

1257 1256 1320 1288 que
1337 1255 1412 1279 vero
1431 1246 1576 1279 interibit
1596 1256 1654 1280 ens
1663 1257 1673 1287 ;
1704 1256 1767 1280 non
1790 1248 1876 1280 enim
1898 1249 1966 1280 fieri
1997 1250 2100 1289 potest
2114 1273 2123 1288 ‚
2145 1251 2182 1282 ut
2203 1259 2260 1282 ens
2278 1251 2309 1281 in

1255 1314 1390 1338 non-ens
1419 1309 1587 1347 mutetur3
1618 1306 1737 1347 quippe
1758 1307 1943 1339 conceditur
1965 1309 1998 1339 et
2019 1308 2079 1340 hoc
2098 1317 2118 1340 a
2140 1309 2305 1349 physicis:

1254 1374 1359 1406 neque
1380 1365 1411 1397 in
1428 1374 1503 1405 ens;
1519 1365 1564 1398 ita
1582 1365 1668 1398 enim
1686 1367 1770 1398 certe
1788 1375 1899 1398 rursus
1915 1368 2057 1398 maneret
2073 1375 2110 1398 ac
2131 1375 2194 1399 non
2212 1367 2310 1400 inter-

1254 1424 1326 1457 iret.
1386 1426 1469 1465 Ergo
1485 1432 1592 1466 neque
1603 1427 1711 1457 ortum
1724 1425 1773 1458 est
1789 1433 1846 1458 ens
1858 1433 1962 1466 neque
1978 1425 2132 1458 interibit.
2178 1427 2311 1467 Semper

1254 1483 1351 1524 igitur
1366 1483 1426 1516 suit
1447 1486 1546 1525 atque
1564 1483 1643 1517 erit.

1297 1542 1316 1583 §
1340 1546 1370 1574 2.
1393 1542 1456 1574 Sed
1484 1542 1638 1584 quoniam
1661 1542 1692 1575 id
1717 1542 1805 1584 quod
1833 1543 1941 1576 ortum
1964 1544 2014 1576 est
2035 1543 2163 1576 initium
2194 1543 2310 1585 habet,

1254 1609 1319 1633 non
1339 1603 1448 1633 ortum
1471 1610 1535 1634 non
1556 1601 1655 1634 habet
1676 1601 1824 1642 initium,
1842 1610 1900 1635 ens
1914 1604 2023 1635 autem
2037 1604 2146 1635 ortum
2173 1612 2238 1635 non
2263 1603 2312 1635 est

1255 1660 1390 1702 ideoque
1410 1669 1474 1692 non
1508 1660 1609 1693 habet
1639 1660 1780 1693 initium.
1826 1662 1986 1694 Praeterea
2016 1661 2174 1703 quidquid
2202 1662 2312 1695 interit

1256 1719 1352 1751 srnem
1373 1718 1489 1759 habet5
1509 1719 1624 1760 quodsi
1637 1720 1713 1761 quid
1734 1719 1886 1753 interitus
1903 1729 2016 1762 expers
2038 1722 2107 1762 est,
2120 1720 2216 1754 finem
2245 1730 2311 1755 non

1255 1778 1373 1820 habet3
1392 1787 1449 1811 ens
1469 1778 1565 1819 igitur
1593 1780 1630 1812 ut
1648 1779 1797 1812 interitus
1829 1788 1946 1821 expers
1976 1780 2071 1813 finem
2105 1789 2169 1813 non
2193 1780 2310 1822 habet3

1255 1837 1341 1878 quod
1364 1845 1440 1869 vero
1460 1846 1566 1878 neque
1594 1837 1722 1869 initium
1748 1838 1845 1871 habet
1865 1847 1969 1880 neque
2001 1838 2119 1880 finem,
2148 1839 2310 1872 infinitum

1254 1900 1302 1928 est
1321 1904 1329 1924 ε
1351 1895 1513 1928 infinitum
1533 1896 1628 1937 igitur
1644 1905 1701 1929 ens
1725 1899 1786 1929 est.

1297 1950 1317 1993 §
1338 1956 1367 1984 3.
1389 1952 1423 1984 Si
1453 1960 1531 1985 vero
1562 1951 1725 1985 infinitum
1739 1976 1748 1993 ‚
1776 1961 1878 1984 unum
1896 1953 1992 1985 simul
2008 1954 2073 1993 est;
2091 1954 2118 1986 si
2138 1954 2228 1987 enim
2246 1954 2311 1987 duo

1257 2010 1384 2049 essent,
1403 2018 1470 2042 non
1493 2011 1626 2050 possent
1653 2018 1725 2042 esse
1742 2009 1887 2051 infinita,
1911 2011 1969 2043 sed
1989 2011 2070 2044 fines
2092 2011 2177 2045 inter
2195 2022 2228 2045 se
2245 2015 2312 2045 ter-

1257 2069 1428 2109 minosque
1458 2068 1615 2101 haberent
1646 2077 1655 2098 t
1687 2068 1850 2102 inlinitum
1879 2072 1988 2102 autem
2018 2079 2092 2110 ens,
2121 2080 2184 2103 non
2216 2072 2313 2112 igitur

1256 2128 1347 2168 plura
1367 2128 1473 2168 entia3
1491 2137 1591 2160 unum
1607 2127 1704 2169 igitur
1720 2136 1789 2160 ens.

1295 2186 1362 2228 §4.
1382 2186 1565 2218 Enimvero
1590 2187 1618 2219 si
1641 2196 1743 2219 unum
1759 2210 1769 2228 ‚
1791 2187 1889 2218 etiam
1920 2187 2090 2220 immotum
2118 2190 2166 2221 est
2198 2202 2206 2222 ;
2227 2189 2315 2230 quod

1254 2234 1339 2265 enim
1356 2242 1478 2274 unum,
1498 2233 1528 2264 id
1551 2233 1601 2264 sui
1618 2241 1744 2273 semper
1757 2233 1860 2266 simile
1875 2234 1923 2266 est
1942 2243 1950 2265 :
1969 2234 2058 2274 quod
2077 2237 2185 2267 autem
2205 2235 2312 2268 simile

1254 2281 1324 2319 est,
1343 2280 1375 2311 id
1395 2288 1453 2312 nec
1471 2279 1571 2319 perire
1599 2281 1697 2321 possit
1724 2289 1783 2312 nec
1802 2281 1905 2321 majus
1924 2281 1991 2314 fieri
2011 2290 2117 2322 neque
2140 2291 2233 2315 verso
2257 2292 2309 2316 re·

1256 2335 1327 2357 rum
1353 2327 1439 2358 statu
1463 2327 1496 2358 et
1515 2325 1627 2358 ordine
1655 2327 1896 2367 transformari,
1917 2336 2023 2368 neque
2051 2329 2176 2370 dolere,
2207 2339 2314 2370 neque

1257 2372 1404 2405 molestia
1426 2372 1520 2405 affici.
1567 2373 1601 2406 Si
1624 2374 1710 2405 enim
1737 2374 1852 2406 horum
1883 2374 2058 2415 quidquam
2077 2376 2106 2408 ei
2131 2377 2310 2416 accideret,

1256 2428 1320 2451 non
1343 2420 1424 2452 soret
1444 2428 1568 2459 unum;
1588 2421 1673 2460 quod
1697 2421 1782 2453 enirn
1799 2423 1891 2453 motu
1910 2421 2125 2463 qualicunque
2138 2422 2254 2464 cietur,
2280 2425 2311 2456 id

1256 2477 1295 2500 ex
1316 2468 1425 2508 aliquo
1447 2469 1546 2507 atque
1563 2467 1595 2499 in
1616 2467 1703 2499 aliud
1724 2467 1802 2508 quid
1818 2469 1983 2509 mutatur;
2009 2470 2100 2510 atqui
2125 2470 2208 2502 nihil
2225 2471 2312 2503 aliud

1256 2511 1407 2586 exbomni
1426 2511 1605 2544 aeternitate
1628 2511 1689 2543 suit
1709 2514 1827 2552 praeter
1859 2521 1915 2544 ens
1938 2523 1947 2545 ι
1966 2512 2026 2544 Ιιοο
2045 2512 2143 2553 igitur
2165 2522 2228 2546 non
2246 2524 2313 2548 mo·

1253 2563 1293 2587 ve
1317 2555 1395 2588 itur.

146 2618 2295 2648 Ἣ

182 2666 264 2702 Quae
275 2665 365 2697 initio
383 2674 401 2697 a
417 2665 511 2697 nobis
533 2667 634 2707 posita
650 2669 727 2700 sunt
743 2669 861 2701 Melissi
882 2670 1059 2710 fragmenta
1077 2670 1115 2710 (§
1137 2673 1195 2702 1—

142 2711 184 2752 5)
203 2711 387 2752 legebantur
402 2714 481 2745 olim
499 2714 530 2745 in
549 2714 704 2755 principio
723 2716 793 2748 libri
805 2741 815 2758 ‚
830 2726 926 2757 quem
947 2719 1016 2759 περὶ
1031 2721 1086 2749 τοῦ
1110 2718 1195 2755 ὄντος

142 2758 224 2790 teste
241 2758 340 2790 Suida
357 2768 388 2791 V.
409 2761 540 2798 Μέλιτος
552 2785 560 2800 ,
576 2761 625 2793 vel
643 2763 712 2803 περὶ
730 2762 871 2804 φύσεως,
892 2765 928 2795 ut
955 2763 1052 2795 refert
1081 2764 1194 2796 Galen.

140 2803 180 2836 ad
198 2804 350 2844 Hippocr.
371 2806 410 2838 de
423 2807 496 2839 Nat.
513 2807 627 2840 hom.1
645 2818 676 2849 p.
705 2814 723 2842 5
743 2810 794 2842 ed.
811 2811 921 2843 Ktilm.
943 2814 974 2843 et
992 2811 1030 2843 de
1045 2812 1194 2845 element.

142 2852 206 2883 sec.
236 2852 426 2892 Hippocr.1‚
453 2855 472 2885 9
490 2863 520 2894 p.
539 2856 613 2895 487,
632 2855 682 2887 vel
702 2855 744 2888 de
766 2859 845 2888 ente
864 2859 898 2889 et
919 2860 1053 2890 natura
1066 2883 1075 2899 ,
1094 2861 1131 2891 ut
1147 2860 1192 2891 te-

139 2898 267 2929 stantur
280 2898 460 2931 Alexander
487 2900 740 2941 Aphrodisiensis
757 2905 788 2934 et
810 2903 961 2936 Nicolaus
977 2906 1195 2938 Damascenus

139 2944 226 2984 apud
249 2945 465 2978 Bessarionem
495 2947 527 2979 in
548 2948 694 2981 Calumn.
718 2949 842 2983 Platon.
862 2953 905 2991 11,
932 2955 981 2984 11.
1005 2953 1110 2984 Ionica
1125 2953 1196 2985 dia-

141 2989 227 3023 lecto
250 2992 376 3025 Samius
392 2993 600 3035 philosophus
630 2996 814 3037 scripserat.
859 2999 1007 3031 Servavit
1034 3000 1092 3032 hos
1111 3000 1197 3032 locos

141 3037 324 3078 Simplicius
342 3039 374 3071 in
391 3041 568 3074 Aristotelis
584 3043 680 3082 Phys,
711 3044 734 3075 f.
754 3049 792 3077 22
813 3045 846 3085 b;
865 3045 958 3086 cujus
976 3046 1073 3079 verba
1090 3048 1167 3079 sunt
1186 3057 1194 3079 ε

144 3085 196 3114 νῦν
212 3084 244 3116 δὲ
261 3086 314 3117 τὸν
329 3086 489 3119 Μελίσσου
503 3088 595 3130 λόγον
612 3089 727 3132 ἴδωμεν
741 3115 750 3131 ,
767 3092 842 3134 πρὸς
863 3093 896 3125 ὃν
913 3095 1061 3135 πρότερον
1075 3095 1198 3136 ὑπαντᾷ

146 3130 186 3170 (ὁ
197 3129 435 3175 Ἀριστοτέλης).
478 3138 543 3173 τοῖς
560 3136 618 3178 γὰρ
632 3140 694 3169 τῶν
707 3143 846 3179 φυσικῶν
861 3140 1016 3182 ἀξιώμασι
1035 3140 1197 3183 χρησάμε-

143 3188 192 3214 νος
209 3178 226 3210 ὁ
243 3179 400 3218 Μέλισσος
422 3182 491 3223 περὶ
506 3184 656 3222 γενέσεως
672 3186 725 3217 καὶ
753 3188 884 3229 φθορᾶς,
898 3188 1026 3230 ἄρχεται
1041 3191 1095 3220 τοῦ
1117 3199 1196 3230 συγ-

143 3223 323 3265 γράμματος
333 3228 431 3265 οὕτως
445 3237 453 3245 ·
470 3230 507 3261 Εἰ
521 3231 575 3270 μὲν
601 3232 694 3273 μηδὲν
716 3233 782 3265 ἔστι
795 3245 827 3266 κ.
842 3246 870 3266 τ.
890 3235 919 3266 λ.
942 3235 1055 3267 Allatis
1078 3235 1196 3267 Melissi

145 3271 250 3303 verbis
267 3272 337 3305 haec
350 3274 513 3316 subJuugit
529 3277 712 3319 Simplicius
730 3289 737 3312 :
761 3282 871 3313 Ταῦτα
894 3281 948 3322 μὲν
963 3281 1017 3313 οὖν
1032 3282 1120 3323 ἀρκεῖ
1134 3285 1196 3314 τῶν

146 3317 304 3351 Μελίσσου
319 3322 361 3358 ὡς
373 3322 447 3363 πρὸς
465 3324 520 3362 τήν
530 3323 754 3367 Ἀριστοτέλους
765 3328 954 3372 ἀντίῤῥησιν.
999 3330 1047 3361 Τὰ
1065 3330 1096 3362 δὲ
1115 3330 1196 3372 λήμ-

146 3375 230 3403 ματα
243 3365 339 3399 αὐτοῦ
352 3369 394 3405 ὡς
405 3369 561 3404 συνελόντι
578 3373 669 3415 φάναι
685 3379 784 3408 ταῦτα
793 3387 825 3408 κ.
840 3387 868 3408 τ.
886 3377 915 3408 λ.
960 3378 997 3408 ln
1013 3376 1074 3408 hoc
1090 3377 1195 3417 operis

145 3411 278 3444 exordio
306 3414 433 3448 videtur
456 3418 599 3452 Melissus
622 3430 730 3454 rerum
762 3423 804 3455 de
837 3423 955 3464 quibus
979 3427 1110 3456 acturus
1131 3428 1196 3456 erat

143 3461 334 3512 argu-menta
353 3461 492 3496 breviter
506 3472 544 3497 ac
567 3468 753 3500 summatim
771 3470 991 3510 perstrinxisse
1007 3479 1044 3502 eo
1063 3471 1196 3502 consilio

146 3506 181 3536 ut
203 3507 326 3546 singula
355 3511 463 3549 postea
489 3514 670 3548 accuratius
697 3517 730 3548 et
756 3516 887 3549 uberius
907 3520 1135 3558 pertractaret,
1165 3519 1195 3550 id

1261 2671 1349 2711 quod
1365 2671 1425 2703 loci
1456 2671 1526 2711 ejus
1554 2671 1627 2703 alibi
1652 2681 1670 2703 a
1689 2672 1853 2714 Simplicio
1878 2675 2046 2706 memorati
2068 2678 2100 2708 et
2116 2677 2172 2716 qui
2189 2676 2248 2709 hos
2266 2686 2313 2709 re-

1257 2718 1359 2759 spexit
1373 2719 1443 2751 libri
1458 2719 1498 2751 de
1514 2719 1653 2758 Melissa,
1668 2721 1865 2761 Xenophane
1876 2722 1909 2754 et
1925 2722 2042 2763 Gorgia
2055 2726 2171 2755 auctor
2183 2725 2310 2756 abunde

1258 2765 1443 2799 ostendunt.
1491 2767 1606 2799 [onicae
1625 2766 1751 2800 dialecti
1772 2768 1909 2801 sormam
1934 2771 2036 2810 magis
2051 2780 2149 2811 quam
2176 2771 2312 2803 decebat.

1259 2821 1277 2843 a
1301 2813 1463 2845 Brandisio
1481 2815 1657 2854 neglectam
1672 2816 1842 2848 restituere
1857 2821 1999 2857 coeperat
2025 2818 2185 2850 Prellerus
2202 2818 2234 2850 in
2251 2819 2311 2851 Hi-

1257 2861 1334 2892 stor.
1353 2860 1432 2900 phil.
1457 2870 1487 2901 p.
1524 2863 1581 2894 104
1611 2870 1702 2902 seqq.
1747 2864 1812 2895 Nos
1836 2863 1867 2895 in
1897 2873 1934 2896 eo
1957 2866 2084 2904 negotio
2107 2865 2202 2897 etiam
2223 2868 2312 2898 extra

1259 2906 1338 2939 fines
1355 2916 1436 2948 quos
1454 2909 1610 2941 Prellerus
1627 2909 1686 2941 sibi
1708 2910 1877 2943 constituit
1899 2911 2018 2952 egressi
2040 2921 2163 2944 sumus.

1299 2953 1318 2994 §
1340 2958 1368 2986 1.
1385 2957 1421 2987 ln
1439 2955 1542 2995 primo
1569 2956 1746 2996 fragmento
1769 2958 1817 2990 bis
1836 2967 1911 2990 cum
1934 2959 2073 2991 Prellero
2102 2959 2163 2992 αἰεὶ
2188 2968 2244 3000 pro
2264 2960 2312 2992 ἀεί

1257 2999 1341 3032 edidi
1361 3002 1393 3033 et
1413 3002 1454 3039 εἰς
1469 3002 1501 3034 in
1525 3003 1554 3040 ἐς
1569 3004 1710 3042 mutavi3
1726 3008 1880 3045 praeterea
1899 3017 1915 3037 v
1927 3005 2147 3045 ἐφελκυστικόν
2159 3006 2246 3047 quod
2259 3007 2312 3039 ille

1263 3050 1448 3082 servaverat
1474 3049 1593 3091 ubique
1616 3051 1649 3083 in
1684 3052 1733 3083 liis
1754 3052 1964 3092 fragminibus
1992 3053 2116 3093 delevi,
2140 3054 2313 3087 obsecutus

1259 3095 1476 3128 Grammatico
1490 3099 1674 3137 Augustano
1694 3107 1725 3138 p.
1744 3102 1804 3130 669
1817 3100 1911 3140 Greg.
1927 3101 2000 3133 Cor.
2015 3101 2067 3132 ed.
2083 3100 2199 3133 Schaet'.
2244 3103 2312 3133 Hoc

1257 3141 1356 3172 semel
1374 3142 1535 3175 monuisse
1556 3143 1706 3175 sufficiat.
1752 3145 1915 3177 Caeterum
1933 3154 2018 3187 quos
2043 3146 2193 3188 φυσικούς
2217 3151 2313 3179 vocat

1257 3187 1404 3221 Melissus
1416 3213 1426 3229 ,
1440 3189 1537 3222 iidem
1551 3199 1571 3222 a
1589 3191 1731 3232 Diogene
1749 3192 1950 3232 Apolloniate
1968 3194 2147 3236 φυσιολόγοι
2165 3195 2310 3227 nomina·

1258 3235 1388 3267 bantur.
1410 3237 1462 3268 Cf.
1486 3238 1630 3278 simplic.
1664 3239 1698 3270 in
1720 3239 1817 3272 Arist.
1838 3240 1930 3281 phys.
1951 3250 1981 3281 p.
2005 3243 2046 3274 32
2069 3241 2100 3274 b.
2147 3243 2230 3274 Cum
2250 3243 2311 3273 hoc

1256 3281 1376 3314 Melissi
1395 3283 1468 3316 loco
1487 3286 1575 3318 recte
1591 3286 1794 3327 comparavit
1819 3288 2006 3321 Brandisius
2031 3289 2160 3321 initium
2177 3289 2248 3321 libri
2272 3289 2311 3319 de

1255 3329 1383 3362 Melisso
1393 3353 1403 3369 ,
1423 3332 1620 3373 Xenophane
1634 3336 1665 3366 et
1681 3333 1799 3373 Gorgia
1813 3336 1996 3376 compositi.

1297 3376 1316 3416 §
1333 3380 1363 3410 3.
1382 3378 1469 3411 πλέω
1493 3379 1576 3412 edidi
1597 3389 1654 3421 pro
1679 3381 1796 3422 πλείω;
1823 3382 1869 3414 sic
1885 3383 1970 3415 enim
1988 3383 2178 3424 plerumque
2196 3385 2288 3415 Iones
2302 3405 2310 3420 ,

1256 3432 1454 3465 quamquam
1468 3426 1565 3459 etiam
1583 3428 1717 3460 alteram
1733 3429 1867 3461 formam
1885 3429 1916 3461 in
1935 3430 2027 3462 codd.
2047 3431 2208 3463 interdum
2223 3429 2311 3461 inve-

1257 3471 1315 3502 niri
1336 3480 1398 3503 non
1416 3473 1538 3513 ignoro.

1300 3517 1319 3559 ὃ
1337 3521 1365 3551 4.
1385 3521 1494 3560 ὁμοῖον
1507 3544 1516 3561 ,
1532 3522 1619 3562 με’ζον
1633 3546 1642 3562 ,
1661 3522 1777 3562 γίνοιτο
1796 3532 1872 3555 cum
1890 3524 2027 3558 Prellero
2047 3532 2104 3565 pro
2126 3524 2163 3556 iis
2185 3532 2258 3565 quoe
2276 3523 2310 3555 in

1191 3585 1261 3618 261
