2612 3814
754 297 803 335 lN
837 292 1163 333 EMPEDOCLIS
1193 291 1479 331 CARMINUM
1511 291 1805 338 RELlQUlAS.
2313 299 2361 330 25

203 381 318 419 modo
329 382 370 418 in
385 388 557 418 terrenas
569 377 749 416 conversi
765 376 895 414 varias
910 374 1080 413 induunt
1091 374 1249 424 figuras.

202 440 259 479 Cf.
278 452 358 478 vss.
381 451 490 487 7·12.
515 436 815 489 Empedocleum
835 435 976 485 dogma
999 433 1106 485 quod
1125 441 1254 485 poste-

203 498 376 537 rioribus
400 497 516 535 etiam
548 495 699 535 saeculis
731 494 1003 533 celebrabatur
1021 491 1253 544 quibusdam

201 566 373 596 veterum
395 556 610 608 displicuit.
641 556 777 605 Itaque
806 554 909 605 apud
934 552 1188 591 Plutarchum
1209 551 1257 589 de

203 630 250 655 οι
252 617 352 656 acul.
374 615 508 654 defect.
532 629 573 667 p.
595 614 672 660 4ι8
696 613 796 665 (Vol.
816 612 888 650 Vll
910 625 999 664 pag.
1032 611 1124 660 648)
1159 610 1256 660 legi·

202 689 321 715 mus:
345 674 416 714 Καὶ
432 676 450 712 ὁ
467 673 697 728 Ηρακλεων·
722 672 762 711 τὸ
783 671 846 724 μὲν
867 670 1054 724 ἐφεστάναι
1070 686 1140 713 τοις
1166 684 1257 723 χρη-

203 733 354 787 στηρίοις
372 727 476 785 (εἷπε)
498 731 547 784 μὴ
567 733 684 782 θεούς,
697 726 745 777 οἷς
762 731 994 784 ἀπηλλάχθαι
1013 731 1082 768 τῶν
1098 728 1178 781 περὶ
1193 731 1257 780 γῆν

202 795 380 846 προσῆκόν
410 795 520 840 ἐστιν,
553 791 646 831 ἀλλὰ
677 790 844 841 δαίμονας
874 790 1050 843 ὑπηρέτας
1087 790 1190 859 θεῶν,
1221 788 1257 825 οὐ

204 852 296 891 δοκεῖ
319 867 378 903 μοι
402 853 520 896 κακῶς
543 849 744 896 ἀξιουσθαι·
763 850 800 889 τὸ
820 849 856 889 δὲ
878 854 949 895 τοῖς
968 848 1111 899 δαίμοσι
1127 846 1259 889 τούτοις

205 910 389 963 μονονουχὶ
411 910 542 964 ῥάγδην
561 909 842 961 λαμὸάνοντας’
827 925 866 948 εκ
882 911 950 947 τῶν
971 909 1063 946 ἐπῶν
1077 909 1147 944 τῶν
1165 905 1258 956 Ἔμ-

205 969 413 1015 πεδοκλέους
427 999 438 1018 ,
464 969 640 1023 ἁμαρτίας
656 968 757 1008 noti*
734 984 822 1013 ατας
842 967 902 1006 καὶ
917 966 1053 1010 πλάνας
1070 963 1260 1013 θεηλάτους

207 1028 398 1083 ἐπιφέρειν,
429 1030 665 1072 τελευτῶντας
697 1027 734 1066 δὲ
767 1026 828 1066 καὶ
857 1026 1026 1069 θανάτους
1052 1023 1173 1076 ὥσπερ
1196 1025 1258 1062 ἀν-

206 1087 355 1141 θρώπων
374 1089 599 1127 ὑποτίθεσθαι
615 1087 737 1140 (corr.
757 1087 945 1125 τελευτωσι
962 1084 997 1123 δὲ
1013 1082 1076 1122 καὶ
1091 1082 1261 1126 θανάτους

207 1147 326 1199 ὥσπερ
355 1146 549 1198 ἀνθρώποις
586 1146 825 1199 προτίθεσθαι)
861 1142 1072 1196 θρασύτερον
1106 1145 1262 1193 ἡγοῦμαι

207 1207 267 1245 καὶ
283 1204 605 1267 βαρὸαρικώτερον.
621 1202 1262 1257 QuodpoenaegenusEmpedocles

208 1258 450 1305 daemonibus
470 1264 629 1312 tribuit,
645 1264 747 1302 idem
761 1278 810 1316 pl
813 1269 887 1316 ope
905 1262 1096 1313 Virgilius
1119 1261 1260 1300 defun-

210 1335 360 1365 ctorum
393 1325 535 1363 animis
573 1323 819 1376 propositum
851 1336 935 1361 esse
963 1322 1066 1374 apud
1098 1321 1260 1368 inferos,

208 1397 443 1436 quamquam
475 1384 553 1422 alio
587 1396 725 1430 sensu,
746 1381 809 1421 his
844 1382 986 1420 cecinit
1005 1380 1141 1419 verbis
1173 1380 1258 1420 AEn.

208 1442 257 1481 vl
268 1472 278 1492 ,
300 1449 376 1492 740
395 1457 405 1481 2

269 1544 352 1583 Ergo
366 1542 555 1575 exercentur
574 1542 674 1583 poenis
688 1544 898 1582 veterumque
912 1541 1071 1573 malorum

270 1594 426 1635 supplicia
439 1594 635 1635 expendunt.
652 1593 731 1626 Aliae
752 1593 934 1635 panduntur
946 1594 1057 1625 inanes

270 1655 438 1689 suspensae
453 1647 492 1680 ad
511 1649 642 1687 ventos,
660 1647 731 1679 aliis
745 1647 807 1679 sub
820 1647 945 1687 gurgite
959 1649 1051 1678 vasto

271 1701 424 1734 infectum
437 1700 555 1732 eluitur
570 1700 693 1739 scente,
707 1702 763 1732 aut
778 1700 924 1732 exuritur
940 1698 1015 1739 igni.

209 1792 291 1832 Vss.
313 1793 446 1838 36-44.
461 1790 604 1829 Versus
624 1790 696 1828 hos
720 1790 833 1828 affert
849 1789 988 1828 Sextus
1007 1789 1156 1841 Empir.
1177 1791 1264 1830 adv.

210 1852 329 1890 Math.
350 1850 437 1902 vll,
455 1865 528 1889 122
547 1849 649 1903 (pag.
671 1851 746 1899 397
766 1849 826 1889 ed.
847 1849 960 1888 Fabr.
979 1863 1018 1901 p.
1037 1864 1110 1897 217
1130 1850 1264 1902 Bekk.)

209 1912 274 1950 Vs.
299 1913 347 1959 37
367 1908 481 1949 πολλὰ
501 1925 537 1948 κ.
559 1925 590 1948 τ.
615 1910 649 1947 λ.
683 1917 871 1947 memorat
899 1909 1065 1947 Procius
1094 1909 1136 1946 in
1164 1909 1264 1950 Plat.

209 1971 399 2009 Timaeum
419 1983 458 2021 p.
482 1968 554 2017 175
587 1966 641 2021 (p.
679 1972 754 2013 414
780 1967 843 2007 ed.
868 1967 1080 2021 Schneid.).
1109 1968 1175 2008 Vs.
1200 1971 1262 2019 39.

210 2029 389 2083 ὠκύμοροι
410 2043 446 2068 κ.
469 2043 502 2065 τ.
525 2029 557 2067 λ.
576 2027 772 2066 Plutarch.
792 2026 841 2065 de
863 2026 916 2066 Is.
936 2035 973 2064 et
991 2027 1097 2066 Osir.
1119 2042 1158 2079 p.
1187 2029 1262 2066 360

216 2089 314 2139 (Vol.
344 2087 415 2126 Vll
436 2101 478 2139 p.
503 2092 580 2131 429,
613 2086 673 2127 ed.
697 2086 757 2137 R.)
776 2085 840 2125 Vs.
865 2092 914 2131 4ο
935 2095 973 2124 et
1004 2092 1051 2131 42
1074 2088 1268 2137 Diogenes

213 2147 388 2186 Laertius
408 2146 479 2194 IX,
485 2147 563 2189 73.
587 2145 651 2185 Vs.
673 2150 721 2190 42
749 2158 806 2196 sq.
838 2145 928 2183 item
950 2146 1085 2184 Pluta1
1088 2146 1148 2184 ch
1175 2147 1265 2186 aud.

213 2215 314 2260 poet.
332 2220 373 2258 p.
398 2220 443 2254 17
468 2205 567 2259 (Vol.
586 2203 638 2242 VI
656 2218 696 2256 p.
722 2205 802 2253 61).
821 2204 960 2243 Sextus
988 2206 1015 2245 l.
1048 2220 1083 2245 c.
1115 2205 1215 2245 ἄλλοι
1233 2206 1268 2245 δὲ

212 2261 301 2314 ησαν
317 2269 347 2304 οἱ
366 2264 526 2316 λέγοντες
540 2263 631 2303 κατὰ
647 2279 705 2302 τον
724 2263 949 2314 ἐἘμπεδοκλ
953 2280 973 2301 α
989 2264 1166 2317 κριτηριον
1181 2269 1269 2304 εἰναι

213 2342 275 2373 της
293 2324 456 2372 ἀληθείας
476 2325 512 2362 οὗ
530 2322 592 2367 τὰς
614 2322 812 2371 αἰσθήσεις,
830 2321 923 2361 ἀλλὰ
943 2321 1001 2361 τὸν
1031 2323 1131 2376 ὀρθὸν
1155 2323 1269 2377 λόγον,

214 2388 272 2424 τοῦ
292 2384 360 2422 δὲ’
344 2387 447 2436 ορθου
462 2382 568 2434 λόγου
584 2398 643 2421 τον
662 2381 726 2433 μέν
745 2397 823 2420 τινα
842 2382 895 2420 os*
865 2396 932 2420 ειον
949 2382 1138 2434 ὑπάρχειν,
1158 2385 1215 2422 τὸν
1236 2383 1270 2422 δὲ

216 2442 447 2496 ἀνθρώπινον,
470 2437 518 2482 ὧν
539 2442 596 2480 τὸν
621 2441 683 2493 μὲν
704 2442 791 2481 θεῖον
811 2440 1005 2486 ἀνέξοιστον
1027 2435 1136 2494 εἶναι,
1156 2443 1214 2481 τὸν
1235 2444 1270 2481 δὲ

217 2502 430 2556 ἀνθρώπινον
455 2501 619 2547 ἐξοιστόν.
651 2502 757 2553 (123)
780 2502 873 2551 λέγει
894 2501 929 2539 δὲ
950 2501 1031 2554 περὶ
1054 2500 1117 2552 μὲν
1138 2506 1199 2541 τοῦ
1221 2502 1269 2553 μὴ

220 2563 253 2601 ἐν
273 2564 350 2606 ταῖς
371 2561 558 2608 αἰσθήσεσι
577 2559 639 2606 τὴν
656 2559 769 2612 κρίσιν
786 2561 985 2607 τάληθοῦςε
973 2559 1144 2612 υπάρχειν
1165 2559 1273 2604 οὕτως

217 2621 450 2673 (sequuntur
465 2633 525 2659 vs.
555 2619 708 2670 36-43).
742 2618 848 2670 (124)
878 2617 958 2670 περὶ
976 2618 1012 2656 δὲ
1032 2622 1092 2657 τοῦ
1114 2618 1163 2670 μὴ
1184 2612 1272 2657 εἶναι

220 2682 267 2724 εἷς
286 2678 327 2718 τὸ
347 2678 517 2727 παντελὲς
540 2677 698 2725 ἄληπτον
720 2677 783 2723 τὴν
804 2676 987 2726 ἀλήθειαν,
1012 2676 1089 2715 ἀλλ’
1122 2677 1174 2731 ἐφ’
1192 2677 1271 2716 ὅσον

218 2739 394 2778 ἱκνεῖταιὸ
410 2737 625 2791 ἀνθρώπινος
638 2737 739 2787 λόγος
753 2735 891 2782 ληπτὴν
904 2735 1091 2789 ὑπάρχειν,
1110 2737 1276 2789 διασαφεῖ

218 2800 288 2842 τοῖς
324 2796 564 2850 προκειμένοις
596 2795 769 2849 ἐπιφέρων
805 2796 995 2846 (sequitur
1020 2809 1080 2834 vs.
1115 2798 1162 2841 43
1184 2810 1274 2848 pars

221 2858 418 2909 posterior
436 2870 521 2895 cum
545 2869 604 2895 vs.
628 2857 707 2906 44).
733 2855 848 2893 Recte
862 2854 944 2906 jam
973 2854 1146 2904 Scaliger
1172 2857 1274 2907 apud

220 2916 456 2968 Stephanum
478 2928 583 2967 poes.
605 2914 706 2966 phil.
738 2928 777 2966 p.
813 2915 888 2951 216
918 2913 971 2951 ait
993 2914 1127 2951 omnia
1147 2928 1234 2964 quae
1255 2928 1276 2952 a

222 2976 339 3014 Sexto
357 2975 422 3013 hic
438 2976 607 3013 citantur
620 2973 807 3024 conjungi
825 2981 1006 3024 oportere
1019 3002 1030 3020 ,
1048 2986 1174 3023 neque
1188 2986 1275 3012 ver-

221 3047 334 3073 suum
348 3034 524 3072 ordinem
545 3033 811 3079 immutatum,
829 3031 896 3070 sed
914 3031 1159 3082 Empedoclis
1174 3031 1276 3070 dicta

222 3093 462 3144 interpositis
479 3101 626 3130 tantum
650 3091 757 3130 Sexti
776 3090 912 3130 verbis
931 3091 1153 3141 interrupta
1173 3103 1271 3131 esse.

222 3152 482 3200 Quamobrem
505 3152 572 3203 qui
593 3150 695 3203 apud
721 3151 878 3189 Sextum
902 3150 1036 3202 paucis
1060 3148 1275 3200 interjectis

225 3211 518 3263 subjunguntur
539 3224 674 3249 versus
698 3209 789 3249 ἀλλὰ
815 3209 884 3248 Θεοὶ
912 3211 981 3247 τῶν
1013 3224 1048 3248 κ.
1081 3223 1111 3245 τ.
1141 3209 1186 3254 λ.,
1211 3222 1277 3249 eos

193 3287 199 3292 ⁴
226 3285 314 3310 cum
338 3271 543 3310 Karstenio
562 3278 600 3308 et
619 3270 708 3308 aliis
739 3269 786 3307 ad
813 3268 1051 3321 prooemium
1082 3268 1278 3319 pertinere

227 3340 331 3370 ratus
351 3345 450 3372 sum.

279 3389 344 3428 Vs.
369 3391 433 3427 36.
452 3390 532 3428 Pro
551 3387 738 3428 στεινωποὶ
755 3387 952 3427 Prellerus
984 3386 1153 3438 conjecit
1181 3401 1277 3424 στει-

227 3446 366 3500 νόποροι
389 3457 542 3487 secutus
560 3447 593 3485 T
597 3447 761 3499 heophr.
785 3447 833 3484 de
866 3460 967 3487 sens,
990 3461 1024 3485 c.
1052 3460 1097 3494 73
1120 3446 1187 3484 sed
1208 3446 1278 3484 hac

228 3507 440 3545 mutatione
458 3506 568 3546 locus
589 3520 667 3544 non
687 3515 797 3556 eget;
823 3503 885 3556 μὲν
907 3504 1053 3543 omittit
1082 3503 1179 3542 Cod.
1211 3504 1277 3542 Ci—

1314 372 1441 410 zensis
1461 371 1564 423 apud
1586 372 1814 408 Bekkerum.
1838 370 1902 410 Vs.
1925 373 1973 419 37
1996 371 2187 421 δειλεμπέα
2206 373 2369 411 Bekkeri

1315 430 1500 475 Codices,
1525 429 1700 467 Cizensis
1720 438 1757 467 et
1777 429 2081 479 Regimontanus
2113 439 2227 481 atque
2248 431 2369 469 editio

1317 489 1558 527 Genevensis
1573 517 1583 536 ,
1615 489 1708 526 item
1740 488 1841 526 liber
1871 487 2187 527 Vratislaviensis
2223 490 2369 528 omisso

1317 556 1475 585 accentu
1490 577 1500 595 ,
1528 548 1724 597 δειλεμπῆα
1747 546 1947 585 Fabricius
1961 577 1972 596 ‚
1994 547 2062 585 sed
2095 548 2259 586 Proclus
2287 548 2370 587 δείν’

1318 607 1424 655 ἔπεα,
1444 606 1548 658 quod
1563 615 1620 645 est
1633 607 1749 645 etiam
1769 606 1872 658 apud
1887 606 2124 658 Stephanum
2142 607 2252 647 Poes.
2270 609 2371 660 phil.

1318 681 1357 718 p.
1397 680 1460 714 20,
1493 666 1613 717 idque
1644 666 1686 704 in
1719 665 1810 712 δήνε“
1844 664 1964 703 ἔπειτα
1998 674 2187 704 mutatum
2217 667 2373 705 volebat

1319 726 1507 776 Scaliger,
1544 727 1586 764 in
1615 725 1696 764 δείν’
1728 725 1853 764 ἔπεσον
1887 725 2080 765 Sturzius.
2110 725 2256 764 Contra
2288 725 2371 764 δείν’

1319 784 1440 835 ἔμπυα
1472 785 1679 837 proposuit
1698 785 1912 835 Bergkius3
1944 783 2030 826 δείλ’
2050 783 2136 822 ἔπεα
2164 785 2372 824 Prellerus.

1319 845 1414 891 Quae
1431 858 1554 896 quum
1576 858 1656 882 non
1688 845 1951 892 satisfaciant,
1982 844 2211 882 Karstenius
2242 845 2373 894 legen-

1320 904 1412 942 dum
1434 904 1652 956 suspicatus
1672 912 1730 942 est
1748 903 1828 942 δείν’
1842 902 2003 954 ἔμπαια,
2019 903 2235 956 praesertim
2254 917 2374 954 quum

1321 964 1487 1003 Proclus
1501 965 1542 1002 in
1557 964 1661 1002 hunc
1678 964 1836 1001 modum
1854 963 2099 1015 Empedoclis
2116 962 2237 1001 verba
2254 976 2375 1015 expo-

1322 1033 1388 1062 nat
1406 1038 1414 1062 z
1434 1022 1551 1062 πολλὰ
1568 1022 1636 1076 γὰρ
1664 1023 1886 1074 ἐμπίπτοντα
1906 1028 1977 1066 τοῖς
1997 1021 2104 1065 ὅντως
2124 1025 2209 1070 ἡμῖν
2231 1021 2373 1071 δειλοῖς,

1322 1085 1367 1127 ὡς
1387 1082 1518 1136 φυγάσι
1540 1082 1654 1121 θεόθεν
1674 1081 1895 1132 γενομένοις,
1915 1079 2087 1132 ἀμὸλύνει
2100 1080 2165 1129 τὴν
2181 1083 2250 1120 τῶν
2266 1079 2375 1119 ὄντων

1323 1141 1483 1195 θεωρίαν.
1497 1141 1576 1180 Nec
1590 1142 1691 1179 male
1708 1140 1914 1193 Emperius
1931 1149 2004 1179 act.
2027 1154 2106 1178 soc.
2124 1152 2183 1190 gr.
2202 1139 2219 1177 1
2242 1153 2281 1191 p.
2301 1140 2375 1187 357

1323 1201 1406 1239 δείλ’
1420 1200 1557 1251 ἔμπαια
1576 1201 1683 1251 quod
1698 1200 1845 1252 recepit
1860 1200 2069 1240 Bekkerus.
2083 1198 2166 1249 Ego
2180 1199 2251 1237 etsi
2268 1199 2379 1250 prius

1324 1260 1564 1312 conjeceram
1585 1258 1701 1298 πολλὰ
1725 1259 1762 1298 δὲ
1791 1258 1871 1298 δείν’
1892 1257 2034 1305 ἐπίασι,
2060 1258 2137 1297 τάτ’
2160 1257 2378 1308 ἇμὸλύνουσι

1325 1319 1516 1372 μερίμνας,
1534 1318 1594 1358 vel
1616 1317 1732 1358 πολλὰ
1753 1318 1820 1371 γὰρ
1844 1316 1978 1368 ἔμπεσε
2000 1317 2109 1365 δεινὰ,
2133 1323 2228 1365 κτλ.,
2251 1326 2377 1355 tamen

1326 1379 1519 1418 Karstenii
1543 1377 1809 1429 conjecturam
1845 1392 1948 1416 nunc
1968 1377 2137 1415 maxime
2162 1376 2303 1428 probo.
2327 1399 2379 1406 -—

1324 1442 1385 1477 Vs.
1409 1438 1458 1475 38
1480 1440 1569 1484 ζωῆς
1590 1435 1691 1475 ἀὸίου
1713 1437 1791 1487 legi
1819 1437 1939 1488 jussit
1965 1436 2138 1486 Scaliger
2157 1449 2220 1488 ap.
2246 1435 2378 1488 Steph.

1324 1511 1363 1548 p.
1396 1498 1494 1544 2163
1527 1498 1638 1543 ζωῆσι
1668 1495 1744 1549 βίου
1772 1495 1885 1535 codd.
1920 1495 2002 1535 Ciz.
2025 1495 2176 1545 Regim.
2206 1493 2380 1533 Vrat.’et

1328 1555 1458 1605 Faba,
1480 1554 1599 1601 ζώοισι
1625 1555 1700 1607 βίου
1721 1556 1783 1596 ed.
1800 1555 1951 1594 Genev.
1973 1564 2011 1593 et
2031 1555 2189 1606 Steph.;
2212 1556 2246 1592 ἐν
2263 1555 2381 1599 ζωοῖσι

1327 1614 1403 1667 βίου
1423 1614 1606 1654 Gataker.
1628 1615 1675 1653 ad
1687 1615 1740 1655 M.
1763 1616 1854 1652 Ant.
1875 1614 1923 1662 X,
1945 1615 2008 1661 31,
2028 1612 2155 1659 ζώουσι
2178 1613 2254 1665 βίου
2275 1615 2383 1666 wyt-

1328 1674 1556 1713 tenbachius
1574 1674 1622 1712 ad
1638 1674 1801 1714 Plut.de
1820 1674 1868 1713 ls.
1889 1683 1926 1712 et
1945 1673 2049 1713 Osir.
2069 1672 2380 1725 wau—&09⁷5-

1327 1750 1450 1778 σαντες
1471 1735 1629 1786 reposui
1647 1748 1734 1772 cum
1755 1733 1951 1785 Stephano
1968 1742 2006 1771 et
2024 1733 2244 1783 Scaliger-03
2270 1733 2383 1786 ἀθροί-

1327 1808 1449 1836 σαντες
1466 1792 1587 1831 Codd.
1604 1792 1686 1832 Ciz.
1705 1801 1743 1831 et
1758 1792 1926 1841 Regim.,
1950 1792 2015 1831 sed
2032 1792 2096 1830 hic
2117 1793 2383 1844 superscripto

1327 1869 1349 1900 η
1364 1883 1374 1903 ,
1392 1854 1484 1891 item
1507 1852 1731 1900 Fabricius,
1757 1851 1972 1899 ἀθλήσαντες
1991 1850 2233 1890 Karstenius.
2251 1874 2304 1880 ——
2316 1851 2381 1891 Vs.

1947 1924 1965 1947 ο

1330 1978 1379 2017 4ο
1395 1971 1480 2011 αὐτὸ
1495 1970 1599 2022 μόνον
1616 1969 1854 2021 Stephanus;
1874 1969 1969 2007 αὐτῶ
1990 1968 2076 2009 cod.
2095 1968 2259 2019 Regim.,
2282 1967 2384 2012 αὐτὸς

1487 2046 1523 2069 ον

1328 2091 1407 2131 Ciz.
1428 2090 1523 2142 μόνω
1541 2089 1751 2139 Regim.—
1765 2087 1831 2126 Vs.
1847 2094 1891 2133 41
1910 2087 2056 2126 πάντοσ’
2073 2088 2193 2136 vulgo
2209 2102 2218 2134 ;
2240 2086 2386 2126 πάντοσ’

1329 2152 1360 2188 σ’
1376 2150 1474 2196 Ciz.‚
1492 2147 1716 2199 ἐλαυνόμενοι
1737 2147 1867 2197 codd.3
1888 2146 2116 2196 ἐλαυνόμενος
2138 2145 2326 2184 Steinius.
2344 2145 2383 2183 τὸ

1329 2210 1359 2248 δ’
1380 2209 1458 2248 ὅλον
1483 2208 1623 2261 εὔχεται
1644 2209 1752 2260 ευρεῒν
1771 2206 1800 2244 C
1803 2206 1902 2253 odd3
1926 2204 1964 2243 τὸ
1985 2204 2014 2243 δ’
2030 2204 2110 2243 ὅλον
2144 2204 2256 2257 μὰψε
2242 2203 2322 2258 εὔχε
2308 2221 2384 2243 ,ται

1331 2271 1439 2321 εὑρεῖν
1457 2267 1649 2314 Steinius3
1672 2264 1711 2303 τὸ
1726 2263 1761 2303 δὲ
1781 2265 1885 2303 λώιον
1908 2264 2091 2314 Scaliger,
2106 2262 2146 2302 τὸ
2167 2264 2196 2302 δ’
2214 2262 2293 2302 ὅλον
2314 2271 2382 2308 πᾶς

1332 2329 1404 2367 Be1
1407 2328 1533 2378 gkius
1557 2326 1595 2363 τὸ
1611 2325 1647 2364 δὲ
1668 2319 1805 2363 οῧλον’
1790 2323 1979 2376 επεύχεται
2000 2323 2178 2362 Sturzius
2198 2332 2235 2362 et
2254 2323 2383 2363 Karst

1329 2387 1394 2425 Vs.
1423 2391 1487 2430 42.
1511 2383 1620 2427 οὕτως
1640 2382 1709 2420 οὔτ’
1732 2382 1874 2429 Codd.;
1897 2380 2011 2425 αὔτως
2043 2381 2286 2423 Karstenius.
2314 2383 2388 2422 οὐδ’

1332 2442 1520 2495 ἐπιδερκτὰ
1541 2443 1696 2492 Bergk,
1719 2440 1789 2479 οὐδ’
1812 2440 2014 2480 ἐπακουστὰ
2032 2441 2172 2489 Codd„
2203 2440 2277 2480 οὔτ’
2296 2444 2386 2481 ἐπα-

1332 2500 1465 2540 κουστὰ
1483 2502 1688 2551 Bergkius.
1712 2500 1778 2540 Vs.
1799 2502 1863 2547 43.
1879 2499 1948 2553 νόῳ
1963 2501 2081 2551 vulgo
2095 2516 2105 2549 ;
2121 2502 2170 2552 νῷ
2190 2501 2288 2539 Cod.
2306 2502 2387 2542 Ciz.

1333 2571 1369 2600 et
1387 2561 1494 2599 Vrat.
1521 2561 1549 2598 8’
1571 2560 1724 2598 addidit
1743 2561 1942 2610 Bergkius.
1969 2559 2032 2598 Vs.
2055 2566 2101 2605 44
2136 2559 2232 2599 libri
2255 2575 2389 2600 omnes

1335 2619 1499 2668 πεύσεαι,
1530 2620 1566 2658 οὗ
1589 2619 1710 2657 πλεῖόν
1732 2635 1771 2671 γε
1793 2618 1933 2672 βροτείη
1969 2621 2073 2669 μῆτις
2105 2618 2249 2671 ὄρωρεν,
2283 2622 2388 2672 quod

1336 2679 1565 2717 Karstenius
1585 2687 1747 2730 propter
1769 2678 1875 2717 Sexti
1897 2679 2260 2730 interpretationem
2295 2694 2387 2718 con-

1334 2739 1452 2776 vertit
1480 2738 1523 2776 in
1551 2736 1698 2776 πεύσεαι
1725 2738 1764 2776 οὗ
1786 2737 1891 2777 πλεόν
1912 2737 1954 2784 ἠὲ
1982 2737 2123 2790 βροτείη
2157 2740 2259 2788 μῆτις
2279 2738 2388 2793 ὄρωρε

1335 2806 1532 2837 structura
1550 2798 1622 2835 etsi
1644 2811 1723 2835 non
1744 2799 1980 2849 perusitata‚
2003 2807 2131 2836 tamen
2155 2799 2259 2836 haud
2280 2812 2387 2837 men·

1337 2857 1432 2895 dosa
1452 2855 1651 2904 adhibita;
1674 2856 1861 2906 Bergkius
1880 2856 2045 2895 malebat
2061 2857 2099 2894 οὗ
2116 2857 2235 2895 πλεῖόν
2253 2872 2292 2907 γε
2315 2860 2391 2909 βρο-

1336 2918 1407 2960 τοῖς
1430 2915 1508 2967 (vel
1535 2917 1680 2967 βροτῶν)
1702 2914 1724 2961 ἢ
1750 2918 1854 2966 μῆτις
1883 2914 2028 2967 ὄρωρεν.
2061 2915 2120 2956 Cf.
2152 2916 2200 2953 de
2226 2915 2386 2968 Emped.

1337 2988 1500 3027 prooem.
1530 2985 1569 3026 p.
1608 2980 1667 3022 ι4,
1703 2988 1937 3026 quamquam
1969 2974 2116 3014 ibidem
2145 2988 2184 3026 p.
2219 2989 2263 3022 17
2287 2975 2390 3013 haud

1337 3034 1526 3072 diffitetur
1545 3033 1666 3072 scribi
1687 3034 1800 3072 etiam
1820 3047 1934 3086 posse
1953 3035 1991 3072 οὗ
2013 3033 2120 3071 πλέον
2140 3033 2162 3081 ἤ
2182 3049 2220 3085 γε
2250 3034 2388 3086 βροτείη

1339 3097 1442 3144 μῆτις
1473 3092 1620 3147 ὄρωρεν.
1651 3096 1878 3132 Hermanno
1905 3093 2082 3146 placebat
2102 3086 2140 3130 οὗ
2172 3092 2301 3130 πλείων
2327 3109 2387 3143 γε,

1339 3152 1637 3191 Panzerbietero
1658 3150 1676 3190 ὃ
1697 3150 1861 3191 πλεῖστόν
1884 3166 1924 3203 γε
1946 3150 2085 3204 βροτείη
2109 3153 2212 3200 μῆτις
2231 3149 2385 3190 ὄπωπεν.

1338 3211 1414 3249 Sed
1437 3211 1578 3250 horum
1599 3212 1760 3250 fortasse
1780 3225 1895 3249 nemo
1910 3223 2066 3249 versum
2089 3210 2385 3262 Empedocleum

1339 3270 1522 3310 restituit.
1563 3270 1698 3321 ltaque
1747 3270 1976 3308 Karstenius
2015 3283 2134 3320 quum
2168 3269 2391 3308 dubitanter

1338 3343 1446 3368 suam
1477 3330 1759 3368 correctionem
1791 3329 2007 3376 intulisset,
2029 3329 2195 3366 *mallem
2235 3337 2387 3373 tamen,

1339 3388 1729 3441 inquit,hujusmodi
1750 3389 1844 3440 quid
1860 3389 2047 3439 scriptum
2065 3397 2165 3426 esset
2185 3402 2223 3425 :«
2243 3386 2389 3425 πεύσεαι

1340 3447 1442 3486 ὅσσον
1461 3445 1521 3486 ἔπι
1532 3448 1687 3486 ‹ie—vel
1702 3446 1777 3486 ὅσσ’
1794 3444 1881 3486 ἀΐειν
1901 3461 1938 3484 σε
1960 3444 2097 3498 βροτείη
2117 3448 2217 3495 μῆτις
2233 3443 2342 3498 ὄρωρε
2360 3444 2387 3482 i.

1341 3519 1375 3545 e.
1400 3505 1545 3552 disces,
1567 3515 1745 3556 quantum
1765 3509 1912 3555 assequi
1928 3515 1962 3542 te
1981 3509 2070 3541 sinit
2088 3505 2256 3541 humana
2278 3505 2391 3540 imel-
