2612 3814
561 581 1059 659 PRAEFATIO
1110 584 1230 658 DE
1289 580 1907 658 XENOPHANE.

207 941 469 995 Xenophanes
485 941 537 993 (1)
560 940 833 993 Colophonius
855 947 967 992 patre
984 940 1047 978 vel
1072 939 1216 978 Ortho-

155 1015 295 1050 mene,
332 1009 376 1040 ut
407 1000 674 1054 Apollodorus
706 1000 847 1049 tradit,
887 999 950 1038 vel
983 998 1110 1037 Dexio
1132 999 1218 1037 sive

155 1061 311 1100 Dexino
343 1069 456 1099 natus
479 1060 637 1110 insigne
668 1059 805 1111 patriae
833 1071 913 1097 suae
946 1058 1066 1097 decus
1100 1067 1217 1110 atque

149 1128 427 1159 ornamentum
462 1119 548 1158 fuit.
583 1117 678 1157 Nam
708 1131 829 1169 quum
858 1117 1121 1170 Colophonii,
1153 1117 1216 1156 Io-

156 1193 250 1219 num
287 1181 330 1218 in
366 1181 459 1217 Asia
497 1191 621 1231 prope
654 1177 947 1230 potentissimi,
976 1190 1056 1215 non
1088 1178 1215 1216 solum

149 1241 306 1280 divitiis
325 1240 528 1278 affluerent
547 1236 785 1288 viribusque
804 1237 988 1280 et‚armis
1017 1238 1215 1285 valerent,

150 1301 221 1340 sed
260 1301 376 1339 etiam
410 1311 563 1338 summa
595 1297 843 1347 ingeniorum
871 1310 916 1335 ac
948 1296 1215 1336 doctrinarum

153 1359 270 1402 laude
292 1359 382 1397 aliis
415 1366 646 1411 praestarent
669 1371 678 1395 :
715 1357 859 1395 multos
894 1370 940 1395 ea
965 1357 1105 1395 civitas
1128 1357 1218 1395 tulit

156 1427 290 1471 poetas
309 1431 478 1470 quorum
504 1417 733 1456 memoriam
760 1414 954 1455 Nicander
971 1416 1049 1469 (2),
1074 1425 1112 1455 et
1131 1417 1217 1468 ipse

150 1478 399 1531 Colophonis
414 1477 527 1516 urbis
546 1477 728 1515 alumnus
741 1507 751 1525 ,
774 1476 924 1528 scripto
945 1476 1115 1527 quodam
1138 1476 1218 1514 fer-

152 1546 218 1576 tur
237 1537 470 1577 celebrasse.
501 1536 560 1575 Ex
576 1536 638 1574 his
655 1549 736 1588 prae
757 1535 907 1574 caeteris
926 1536 1080 1587 poetica
1098 1535 1216 1574 facul-

150 1607 232 1638 tate
253 1599 459 1651 conspicui
478 1598 636 1636 fuerunt
651 1597 900 1648 gloriamque
915 1596 1112 1635 consecuti
1128 1606 1219 1635 sunt

154 1658 435 1705 Mimnermus,
457 1658 721 1708 elegiacon-um
739 1656 955 1695 carminum
975 1656 1162 1707 scriptor,
1180 1666 1218 1694 et

154 1716 416 1769 Xenophanes
437 1716 486 1755 de
504 1729 583 1768 quo
603 1716 670 1754 hic
690 1716 821 1766 agitur
842 1716 913 1767 (3).
936 1714 1067 1766 Hujus
1087 1724 1216 1754 autem

149 1785 301 1815 aetatem
319 1777 361 1814 in
377 1789 516 1826 magna
529 1775 780 1827 antiquorum
799 1775 955 1813 testium
971 1775 1217 1813 dissensione

149 1835 320 1874 definire
345 1835 624 1874 difficillimum
646 1843 718 1874 est.
739 1834 819 1873 Nos
841 1834 1124 1886 Apollodorum
1160 1834 1212 1886 (4)

150 1894 358 1946 sequimur
374 1895 443 1946 qui
464 1907 552 1932 eum
570 1894 805 1946 Olympiade
825 1894 1124 1945 quadragesima
1148 1907 1216 1932 na-

156 1963 237 1993 tum
262 1967 346 1993 esse
366 1954 549 2005 scripsit,
569 1953 676 2005 quod
695 1954 903 1993 confirmat
923 1953 1063 1992 Sextus
1082 1953 1216 2005 Empi-

155 2014 261 2052 ricus
300 2012 389 2051 adv.
421 2012 542 2051 Math.
572 2013 590 2052 Ι
624 2026 710 2065 cap.
752 2027 815 2061 12,
854 2013 948 2061 257.
977 2012 1112 2064 Neque
1139 2012 1217 2051 alia

152 2073 313 2112 videtur
350 2072 511 2111 Eusebii
542 2082 580 2112 et
617 2073 808 2122 Diogenis
840 2072 986 2111 Laertii
1025 2072 1218 2110 sententia

151 2132 294 2181 fuisse,
310 2146 477 2184 quorum
507 2133 604 2171 alter
623 2132 674 2185 (5)
694 2133 737 2171 in
758 2131 918 2170 Canone
938 2132 1123 2171 chronico
1140 2131 1216 2170 Xe-

156 2192 376 2244 nophanem
416 2201 557 2244 quarto
595 2192 844 2244 Olympiadis
877 2192 1216 2243 quinquagesimae

150 2261 271 2290 sextae
291 2266 414 2297 anno,
440 2253 536 2290 alter
555 2253 607 2304 (6)
634 2252 875 2302 sexagesima
891 2252 1127 2303 Olympiade
1146 2252 1213 2291 flo-

196 2418 240 2460 (1)
270 2418 424 2458 Diogenes
439 2418 586 2451 Laertius
603 2418 658 2451 lib.
679 2419 742 2458 IX,
763 2422 800 2451 18
819 2427 827 2447 2
844 2418 1023 2460 Ξενοφάνης
1044 2419 1153 2455 Δεξιοῦ
1165 2442 1174 2458 ,
1192 2419 1212 2456 ἢ

156 2465 218 2507 (ὡς
234 2464 484 2506 Ἀπολλόδωρος)
497 2465 720 2507 Ὀρθομένους,
746 2466 956 2507 Κολοφώνιος.
982 2467 1030 2498 De
1047 2465 1146 2506 patris
1159 2474 1218 2496 no-

156 2513 244 2545 mine
259 2522 335 2545 cum
352 2513 549 2553 Apollodoro
565 2513 770 2545 consentiunt
781 2513 1036 2552 Pseudorigenes
1053 2512 1086 2544 in
1106 2512 1219 2545 Philo-

155 2560 301 2601 sophicis
317 2563 350 2592 et
370 2560 597 2593 Theodoretus
616 2560 812 2601 Therapeut.
829 2569 928 2593 serm,
942 2562 1000 2602 IV,
1014 2560 1218 2602 Ὀρθομένους

154 2610 222 2641 υἱὸν
237 2608 446 2649 appellantes.
465 2607 528 2640 Sed
562 2608 690 2646 Δεξίνου
711 2609 780 2640 υἱὸν
806 2617 877 2640 esse
897 2608 971 2640 vult
989 2608 1157 2640 Lucianus
1183 2608 1216 2640 in

155 2653 322 2694 Longaevis
342 2658 396 2694 20,
415 2658 496 2687 tom.
513 2655 562 2687 ΙΙΙ
579 2664 610 2696 p.
635 2659 696 2687 222
710 2654 761 2687 ed·
780 2655 1004 2687 Hemsterbus.

198 2702 243 2743 (2)
262 2702 413 2735 Nicandri
431 2702 512 2734 liber
528 2703 596 2743 περὶ
611 2706 674 2734 τῶν
696 2702 733 2734 ἐκ
745 2703 930 2742 Κολοφῶνος
943 2705 1085 2740 ποιητῶν
1101 2701 1217 2734 lauda-

152 2751 210 2781 tur
219 2749 260 2781 ab
274 2749 344 2789 ejus
361 2749 534 2790 interprete
548 2750 587 2781 ad
604 2749 751 2783 Theriac.
769 2759 817 2782 vs.
833 2753 852 2782 3
870 2758 940 2790 pag.
959 2752 1018 2782 173
1035 2749 1088 2781 ed.
1104 2748 1215 2781 Didot.

149 2796 197 2828 cf.
216 2796 455 2837 Scliellenberg.
476 2795 517 2828 de
545 2796 728 2828 Antimaclii
750 2796 943 2837 Colophonii
963 2796 1109 2838 reliquiis
1128 2805 1156 2837 p.
1183 2799 1214 2829 7.

197 2843 242 2884 (3)
262 2843 377 2876 Strabo
392 2844 450 2876 lib.
469 2845 557 2883 XlV,
574 2849 614 2876 28
627 2853 696 2884 pag.
717 2846 778 2876 643
796 2844 847 2876 ed.
870 2844 1011 2876 casaub.
1031 2853 1039 2872 =
1059 2843 1179 2885 Ἄνδρες
1189 2843 1216 2875 δ’

157 2889 301 2930 ἐγένοντο
325 2891 521 2939 Κολοφώνιοι
541 2894 605 2923 τῶν
627 2892 906 2934 μνημονευομένων
931 2891 1128 2935 Μίμνερμος,
1157 2892 1216 2924 αὖ·

156 2937 249 2975 λητὴς
273 2937 342 2979 ἅμα
379 2939 434 2971 καὶ
464 2940 597 2978 ποιητὴς
633 2939 792 2982 ἐλεγείας,
823 2941 878 2973 καὶ
917 2940 1096 2983 Ξενοφάνης
1119 2941 1136 2973 ὁ
1166 2952 1218 2982 φυ-

150 2995 255 3022 σικος.

200 3033 244 3074 (4)
263 3033 411 3066 Clemens
432 3034 671 3068 Alexandrinus
698 3037 820 3069 Strom.
845 3037 860 3067 1
892 3045 924 3077 p.
942 3039 1017 3075 301,
1039 3037 1064 3068 C
1084 3038 1171 3074 εΤῆς
1185 3036 1217 3067 δὲ

157 3081 339 3120 Ἐλεατικῆς
360 3081 487 3123 ἀγωγῆς
512 3083 690 3122 Ξενοφάνης
711 3084 729 3115 ὁ
758 3084 959 3123 Κολοφώνιος
988 3082 1158 3125 κατάρχει,
1182 3083 1217 3115 ὅν

158 3140 232 3170 φησι
261 3129 394 3171 Τίμαιος
423 3131 506 3162 κατὰ
522 3130 669 3172 Ἱέρωνα,
695 3131 749 3164 τὸν
785 3131 927 3168 Σικελίας
955 3131 1111 3169 δυνάστην
1127 3155 1136 3172 ,
1163 3131 1217 3163 καὶ

157 3176 357 3219 Ἐπίχαρμον
377 3177 431 3209 τὸν
449 3178 585 3216 ποιητὴν
609 3178 769 3218 γεγονέναι
783 3190 791 3197 ·
816 3178 1048 3219 Ἀπολλόδωρος
1078 3179 1112 3210 δὲ
1135 3177 1217 3210 κατὰ

157 3223 214 3262 τὴν
239 3225 500 3266 τεσσαρακοστὴν
536 3225 736 3267 Ὀλυμπιάδα
763 3226 931 3267 γενόμενον
967 3226 1216 3267 παρατετακέναι

161 3270 236 3311 (τὸν
257 3271 350 3312 βίον)
373 3272 446 3314 ἄχρι
467 3276 530 3304 τῶν
546 3273 678 3316 Δαρείου
699 3284 732 3305 τε
749 3274 802 3305 καὶ
820 3273 924 3316 Κύρου
943 3272 1077 3315 χρόνων.
1098 3273 1217 3305 Sextus

159 3318 340 3359 Empiricus
353 3318 428 3351 adv.
446 3320 588 3360 Malim,
611 3325 659 3360 12,
676 3322 736 3353 257
753 3330 825 3361 pag.
843 3323 904 3353 270
918 3320 969 3352 ed.
983 3319 1105 3352 Fabi-ic.
1124 3319 1216 3352 ιὍτι

160 3365 336 3406 Ξενοφάνης
357 3367 374 3398 ὁ
397 3367 595 3407 Κολοφώνιος
624 3368 747 3409 ἐγένετο
775 3369 844 3410 περὶ
872 3368 929 3406 τήν
956 3368 1216 3409 τεσσαρακοστὴν

155 3411 369 3454 Ὀλυμπιάδα.

201 3460 246 3501 (5)
270 3460 427 3493 Eusebius
443 3464 566 3495 Canon.
585 3463 726 3496 chronic.
744 3463 786 3496 ad
801 3464 929 3505 Olymp.
947 3467 986 3496 56
999 3471 1075 3496 ann.
1091 3464 1109 3495 4
1130 3475 1138 3495 ι
1156 3463 1215 3495 Ξε-

156 3506 290 3547 νοφάνης
313 3509 330 3540 ὑ
349 3509 547 3550 Κολοφώνιος
563 3509 754 3552 ἐγνωρίζετο.

1220 3567 1261 3596 υυ

1280 941 1408 978 ruisse
1427 947 1562 978 auctor
1581 947 1651 979 est.
1675 938 1829 977 Etenim
1853 938 2063 977 admodum
2090 951 2211 977 senex
2242 936 2344 978 obiit

1279 998 1555 1051 Xenophanes,
1591 1012 1706 1051 quem
1745 998 1943 1037 Lucianus
1978 999 2020 1037 in
2048 999 2255 1049 Longaevis
2287 998 2340 1052 (7)

1279 1072 1402 1097 unum
1440 1068 1478 1097 et
1507 1058 1722 1109 nonaginta
1750 1071 1873 1097 annos
1900 1057 2070 1107 vixisse,
2101 1058 2344 1097 Censorinus

1280 1131 1367 1170 cap.
1392 1117 1459 1157 XV
1493 1119 1545 1170 (8)
1570 1127 1725 1157 centum
1763 1117 1878 1156 annis
1905 1117 2095 1169 majorem
2118 1118 2342 1170 exspirasse

1280 1187 1458 1217 testatur.
1481 1177 1597 1216 Certe
1616 1178 1813 1228 Diogenes
1842 1176 2021 1216 Laertius
2046 1177 2118 1216 lib.
2140 1177 2215 1225 IX,
2243 1191 2291 1228 ¹9
2321 1191 2343 1216 e

1279 1237 1517 1290 Colophonii
1540 1246 1664 1289 poetae
1683 1236 1927 1276 carminibus
1943 1237 2093 1288 aliquot
2119 1250 2259 1276 versus
2285 1237 2342 1276 af-

1281 1296 1354 1335 sert
1370 1310 1473 1335 anno
1495 1296 1618 1335 aetatis
1642 1297 1897 1347 nonagesimo
1912 1297 2086 1335 secundo
2101 1295 2150 1334 ab
2167 1309 2214 1334 eo
2236 1310 2342 1335 com-

1279 1357 1430 1408 positos
1458 1357 1521 1407 (9).
1544 1356 1694 1395 Relicta
1718 1357 1848 1408 patria
1864 1356 1907 1395 in
1938 1356 2113 1394 Siciliam
2145 1355 2343 1407 profectus

1280 1417 1411 1468 primo
1430 1416 1615 1467 Zanclen,
1645 1416 1790 1456 deinde
1809 1416 1994 1455 Catanam
2013 1415 2228 1454 habitatum
2251 1429 2343 1454 con-

1280 1477 1394 1515 cessit
1417 1477 1512 1528 (ιο).
1541 1475 1659 1515 Veliae
1686 1490 1846 1528 quoque
1875 1489 1964 1515 eum
1995 1475 2149 1525 degisse
2168 1475 2241 1513 etsi
2262 1488 2343 1513 non

1280 1535 1424 1574 diserte
1438 1536 1487 1574 ab
1502 1536 1674 1587 antiquis
1693 1535 1894 1588 proditum
1915 1535 1979 1582 sit,
1999 1535 2093 1573 satis
2111 1543 2241 1572 tamen
2255 1547 2345 1586 pro-

1279 1596 1395 1633 batur
1424 1609 1471 1634 eo
1507 1595 1614 1646 quod
1639 1594 1688 1633 ab
1721 1594 1907 1634 omnibus
1942 1594 2122 1632 Eleaticae
2153 1593 2344 1632 doctrinae

1279 1663 1416 1693 auctor
1436 1656 1677 1704 nominatur,
1693 1664 1733 1694 et
1753 1654 1860 1706 quod
1880 1655 2054 1693 carmine
2073 1654 2243 1706 quodam
2261 1656 2345 1707 pri-

1279 1715 1434 1753 mordia
1446 1714 1565 1766 hujus
1584 1715 1696 1754 urbis
1713 1714 1928 1754 celebravit
1948 1713 2049 1768 (11).
2071 1713 2205 1752 Exstat
2226 1717 2343 1753 etiam

1281 1774 1429 1813 dictum
1459 1774 1547 1826 ejus
1573 1774 1622 1813 ad
1642 1774 1794 1813 Eleatas
1819 1774 1924 1826 apud
1949 1774 2199 1813 Aristotelem
2229 1774 2343 1814 Rhet.

1280 1833 1333 1881 11,
1358 1835 1424 1882 23,
1446 1848 1484 1886 p.
1509 1840 1602 1884 447,
1621 1834 1651 1873 C
1670 1833 1765 1886 (12).
1786 1833 1959 1873 Dubium
1981 1843 2039 1872 est
2061 1833 2206 1885 quibus
2220 1835 2343 1884 magi-

1282 1893 1374 1931 stris
1408 1907 1503 1932 usus
1537 1894 1610 1941 sit,
1646 1893 1841 1945 siquidem
1881 1893 1950 1931 alii
1985 1893 2085 1931 alios
2108 1903 2339 1932 memorant.

1279 1952 1430 1991 Etenim
1451 1953 1581 1992 ferunt
1601 1954 1791 1991 Botonem
1806 1951 1884 2003 (13)
1904 1952 2111 2003 quemdam
2130 1952 2344 1991 Athenien-

1279 2026 1359 2052 sem
1375 2012 1424 2051 ab
1440 2026 1486 2051 eo
1507 2013 1684 2052 auditum
1705 2026 1789 2052 esse
1801 2042 1811 2061 ‚
1825 2011 1935 2064 cujus
1946 2021 1983 2051 et
2001 2021 2092 2051 aetas
2106 2021 2143 2050 et
2163 2013 2344 2051 doctrina

1279 2072 1523 2124 incomperta
1535 2081 1606 2113 est.
1627 2072 1702 2111 Sed
1723 2072 1792 2123 qui
1810 2071 2042 2110 Archelaum
2063 2081 2342 2124 praeceptorem

1279 2132 1430 2171 addunt
1449 2145 1603 2170 summo
1622 2131 1665 2170 in
1685 2144 1819 2169 errore
1838 2139 2060 2180 versantur,
2086 2131 2180 2182 quia
2199 2140 2344 2183 tempo·

1281 2205 1367 2230 rum
1390 2192 1491 2230 ratio
1509 2190 1669 2229 videtur
1690 2189 1863 2230 obstare.
1893 2189 2157 2236 Quamobrem
2187 2190 2345 2228 fuerunt

1280 2251 1349 2302 qui
1373 2251 1524 2289 nullius
1550 2263 1639 2288 eum
1670 2249 1891 2288 auditorem
1916 2249 2036 2288 fuisse
2064 2249 2339 2301 opinarentur.

1321 2418 1366 2458 (G)
1382 2417 1540 2456 Diogenes
1557 2415 1703 2448 Laertius
1723 2415 1779 2447 lib.
1795 2417 1851 2455 lx,
1865 2419 1903 2447 20
1920 2424 1927 2446 :
1943 2415 2088 2457 Ἤκμαζε
2104 2415 2187 2447 κατὰ
2203 2415 2260 2454 τήν
2274 2415 2341 2453 ἑξη-

1278 2465 1396 2503 κοστὴν
1415 2463 1627 2504 Ὀλυμπιάδα.

1323 2512 1367 2551 (7)
1385 2511 1547 2544 Lucianus
1574 2511 1730 2550 Longaev.
1750 2514 1804 2551 20,
1824 2510 1906 2542 tom.
1927 2510 1972 2542 ΙΙΙ
1993 2517 2063 2550 pag.
2083 2513 2143 2541 222
2163 2509 2216 2542 ed.
2242 2510 2343 2542 Hem-

1279 2559 1379 2591 sterli.
1397 2572 1405 2591 :
1422 2558 1600 2599 Ξενοφάνης
1614 2558 1647 2590 δὲ
1664 2558 1682 2589 ὁ
1700 2557 1828 2595 Δεξίνου
1856 2558 1911 2599 μὲν
1930 2558 2014 2597 υἱός,
2034 2557 2201 2599 Ἀρχελάου
2230 2558 2263 2590 δὲ
2285 2561 2342 2590 τοῦ

1278 2608 1413 2647 φυσικοῦ
1427 2605 1588 2647 μαθητής,
1609 2605 1741 2637 ἐδίωσεν
1762 2604 1815 2642 ἐτη
1833 2604 1865 2636 ἓν
1881 2605 1935 2636 καὶ
1955 2605 2151 2644 ἐνενήκοντα.

1319 2653 1363 2693 (8)
1379 2652 1575 2684 Censorinus
1596 2651 1637 2684 de
1656 2653 1715 2685 Die
1731 2652 1830 2684 natali
1847 2661 1919 2693 cap.
1938 2655 1973 2685 15
1994 2661 2001 2683 :
2028 2665 2044 2680 «
2066 2654 2107 2684 At
2126 2652 2342 2693 Xenophanes

1278 2699 1500 2740 Colophonius
1523 2698 1627 2740 major
1642 2707 1803 2731 annorum
1821 2702 1952 2732 centum
1973 2698 2043 2731 fuit.
2069 2711 2086 2728 »

1320 2746 1365 2788 (9)
1379 2747 1462 2779 Vide
1482 2747 1597 2787 fragm.
1623 2749 1675 2779 24.

1319 2794 1385 2836 (10)
1399 2795 1556 2835 Diogenes
1569 2794 1715 2827 Laertius
1731 2795 1791 2833 IX,
1808 2796 1844 2827 18
1859 2803 1866 2826 ;
1887 2793 1988 2831 Οὗτος
2005 2793 2148 2825 ἐκπεσὼν
2184 2797 2220 2832 ἧς
2232 2792 2342 2835 πατρί-

1278 2841 1330 2877 δος
1346 2841 1378 2872 ἐν
1394 2839 1522 2883 Ζάγκλῃ
1543 2844 1598 2880 τῆς
1621 2841 1765 2878 Σικελίας
1779 2841 1910 2883 διέτριὸε
1929 2842 1983 2873 καὶ
2004 2841 2036 2873 ἐν
2053 2840 2196 2880 Κατάνῃ.

1320 2889 1386 2930 (11)
1405 2889 1496 2922 Plato
1509 2889 1650 2930 sophist.
1668 2898 1701 2930 p.
1718 2891 1791 2928 242,
1806 2891 1834 2921 D
1850 2901 1859 2921 :
1877 2889 1921 2921 Τὸ
1937 2890 1969 2921 δὲ
1980 2887 2055 2930 παρ’
2069 2890 2143 2929 ἡμῖν
2161 2887 2339 2920 Ἐλεατικὸν

1278 2936 1363 2973 ἔθνος
1373 2960 1381 2976 ,
1400 2936 1463 2969 ἀπὸ
1477 2935 1672 2978 Ξενοφάνους
1684 2947 1718 2969 τε
1737 2937 1791 2969 καὶ
1806 2937 1850 2968 ἔτι
1864 2936 1997 2978 πρόσθεν
2013 2935 2180 2978 ἀρξάμενον
2191 2958 2200 2974 ,
2218 2937 2262 2971 ὡς
2274 2935 2340 2971 ἑνὸς

1279 2984 1367 3020 ὄντος
1382 2988 1445 3016 τῶν
1458 2984 1586 3017 πάντων
1599 2985 1802 3026 καλουμένων
1824 2984 1908 3017 οὕτω
1925 2984 2112 3026 διεξέρχεται
2127 2985 2193 3018 τοῖς
2219 2982 2338 3024 μύθοις.

1276 3033 1468 3065 Aristoteles
1481 3033 1623 3075 Metaph.
1640 3035 1655 3065 1
1671 3041 1742 3073 cap.
1761 3036 1780 3064 5
1793 3041 1801 3064 :
1817 3032 1996 3073 Ξενοφάνης
2011 3034 2133 3073 πρῶτος
2146 3030 2266 3062 τούτων
2283 3029 2343 3062 ἑνί·

1281 3089 1340 3116 σας
1364 3079 1376 3121 (
1393 3080 1411 3111 ὁ
1426 3080 1486 3122 γὰρ
1503 3081 1702 3122 Παρμενίδης
1713 3079 1827 3112 τούτου
1849 3080 1972 3118 λέγεται
1997 3077 2154 3120 μαθητής)
2174 3077 2263 3110 οὐδὲν
2281 3078 2340 3109 διε-

1276 3127 1468 3168 σαφήνισεν,
1496 3128 1567 3160 οὐδὲ
1591 3131 1645 3166 τῆς
1671 3127 1793 3168 φύσεως
1809 3127 1930 3159 τούτων
1964 3127 2038 3167 (τοῦ
2054 3126 2138 3158 κατὰ
2162 3125 2256 3165 λόγον
2273 3125 2340 3161 ἑνὸς

1278 3173 1332 3205 καὶ
1347 3177 1404 3206 τοῦ
1423 3174 1508 3206 κατὰ
1523 3175 1580 3214 τὴν
1600 3175 1702 3216 ὕλην)
1720 3175 1880 3216 οὐδετέρας
1897 3174 1981 3206 ἔοικε
2001 3175 2095 3214 θιγεῖν
2108 3181 2116 3190 ·
2135 3171 2202 3204 ἀλλ’
2218 3173 2260 3208 εἷς
2286 3171 2339 3204 τὸν

1277 3222 1350 3254 ὅλον
1377 3221 1510 3265 οὐρανὸν
1531 3222 1713 3263 ἆποὸλέψας
1726 3222 1762 3254 τὸ
1777 3222 1809 3254 ἓν
1823 3221 1902 3254 εἷναί
1918 3233 1993 3262 φησι
2012 3222 2066 3252 τὸν
2079 3220 2159 3252 θεόν.
2186 3219 2339 3251 Similiter

1279 3270 1472 3302 Plutarchus
1483 3294 1492 3310 ,
1506 3271 1625 3303 sextus
1643 3269 1828 3311 Empiricus
1839 3294 1848 3310 ,
1862 3269 2014 3303 Clemens
2027 3267 2201 3301 Alexandr.
2215 3269 2335 3299 strom.

1277 3321 1293 3351 I
1307 3327 1378 3360 pag.
1404 3321 1478 3352 300.

1320 3366 1386 3406 (12)
1405 3365 1482 3398 Vid.
1505 3365 1618 3406 fragm.
1640 3366 1757 3398 incert.
1774 3367 1804 3398 8.

1321 3413 1387 3455 (13)
1406 3413 1561 3454 Diogenes
1582 3413 1729 3446 Laertius
1745 3414 1810 3452 lx,
1832 3414 1869 3445 18
1888 3419 1897 3440 t
1916 3411 2074 3449 Διήκουσε
2090 3409 2123 3441 δὲ
2145 3407 2215 3440 κατ’
2238 3406 2335 3441 ἐνίους

1280 3461 1335 3503 μὲν
1352 3461 1494 3502 οὐδενὸς,
1511 3461 1581 3494 κατ’
1598 3460 1697 3498 ἐνίους
1712 3461 1744 3493 δὲ
1769 3459 1912 3497 Βότωνος
1927 3458 2107 3498 Ἀθηναίου,
2124 3457 2143 3495 ἢ
2161 3456 2171 3496 (
2181 3455 2223 3491 ὥς
2239 3453 2330 3493 τινες)

1278 3509 1454 3551 Ἀρχελάου.

2198 3564 2226 3592 7.
