2612 3814
299 273 377 306 226
1111 259 1318 299 SEPTEM
1347 256 1659 299 SAPIENTUM

377 354 460 393 vol.
478 353 512 391 X
530 367 570 406 p.
598 353 667 401 163
691 360 870 390 caeterum
894 363 1031 389 versus
1048 349 1112 388 cui
1135 357 1259 401 poetae
1279 348 1359 387 tri-
1423 360 1469 386 25.
1501 345 1599 399 Πρὸς
1618 342 1698 389 τοὺς
1723 342 2003 395 πυνθανομένους
2016 373 2026 392 ,
2046 342 2083 382 τί
2104 341 2255 396 ἀφανές
2274 342 2314 381 τὸ
2335 341 2485 394 μέλλον,

378 413 528 454 buendi
549 413 649 461 sint,
672 425 752 451 non
773 411 976 464 apparet.)

300 501 344 527 19.
377 483 555 528 Πιττακὸς
570 485 605 523 ἐν
624 486 669 536 τῇ
694 482 886 536 Μιτυλήνῃ
907 478 1150 521 κατεσκεύασε
1173 481 1243 524 τοῖς
1258 480 1362 530 ἱεροῖς

378 545 560 597 κλίμακα,
578 546 624 589 εἷς
636 543 802 595 οὐδεμίαν
820 545 883 594 μὲν
900 545 1029 595 χρῆσιν
1046 540 1256 588 ἐπιτήδειον,
1277 539 1363 579 αὐτὸ

380 605 415 646 δὲ
436 610 537 645 τοῦτο
554 604 722 655 ἀνάθημα
743 595 850 652 εἶναι,
882 602 1120 653 αἰνιττόμενος
1141 599 1204 647 τὴν
1231 601 1271 639 ἐκ
1301 602 1363 647 τῆς

377 665 488 718 τύχης
508 664 581 703 ἄνω
598 663 658 703 καὶ
671 663 768 703 κάτω
783 662 1011 714 μετάπτωσιν
1027 660 1157 716 τρόπον
1177 659 1253 699 τινά
1266 689 1275 707 ,
1292 662 1361 698 τῶν

380 723 444 774 μὲν
466 722 706 777 εὐτυχούντων
726 720 911 770 ἀνιόντων,
929 720 1123 760 κατιόντων
1138 717 1174 759 δὲ
1196 721 1265 758 τῶν
1281 719 1363 757 δυσ·

379 782 591 837 τυχούντων.

435 854 604 908 (AElian.
621 852 710 891 Var.
735 853 831 892 llist.
849 851 904 900 ll,
926 850 1020 902 29.)

299 939 348 965 20.
382 913 708 977 Παρακαλούμενος
728 924 793 975 υἱῷ
826 921 887 960 καὶ
919 919 1028 973 πατρὶ
1054 920 1254 967 διαιτῆσαι,
1287 915 1364 957 εἶπε

380 984 467 1039 πρὸς
485 983 544 1023 τὸν
564 984 658 1023 υἱόν·
694 983 724 1021 εἰ
756 981 820 1033 μὲν
853 979 1050 1034 ἀδικώτερα
1085 979 1222 1030 μέλλεις
1250 979 1364 1031 λέγειν

380 1048 443 1084 τοῦ
464 1043 618 1095 πατρός,
642 1040 907 1094 κατακριθήσῃ·
929 1040 958 1078 εἰ
990 1040 1027 1079 δὲ
1055 1038 1283 1093 δικαιότερα,
1306 1038 1363 1077 διὰ

381 1107 484 1143 τοῦτο
503 1102 587 1142 αὐτὸ
607 1101 701 1148 ἄξιος
715 1094 750 1140 εἶ
768 1102 1037 1153 κατακριθῆναι.

434 1173 632 1229 (Stobaeus
650 1173 758 1214 Flor.
776 1172 950 1220 LXXIX,
968 1177 1034 1216 41.
1051 1170 1062 1224 )

300 1263 345 1294 21.
376 1247 474 1302 Πρὸς
493 1246 552 1287 τὸν
573 1245 770 1287 Φωκαϊκὸν
793 1245 974 1299 φάσκοντα
996 1244 1066 1282 δεῖν
1087 1245 1203 1291 ζητεῖν
1231 1242 1365 1296 ἄνθρω·

381 1324 446 1347 πον
468 1307 681 1356 σπουδαῖον,
702 1305 744 1345 ἂν
768 1306 871 1357 λίαν,
893 1304 980 1359 ἔφη,
1009 1305 1138 1356 ζητῇς,
1170 1304 1237 1356 οὐχ
1256 1302 1366 1356 εὑρή-

382 1383 466 1412 σεις.

440 1437 660 1490 (Diogenes
677 1435 858 1474 Laertius
874 1434 945 1473 lib.
966 1433 1000 1484 1,
1025 1432 1116 1487 77.)

303 1523 349 1549 22.
382 1506 562 1551 Πιττακὸς
579 1504 788 1559 Περιάνδρῳ
807 1507 856 1555 τῷ
875 1504 1048 1556 Κορινθίῳ
1067 1501 1219 1555 παρῄνει
1241 1501 1290 1552 μὴ
1308 1518 1368 1552 με·

385 1568 593 1615 θύσκεσθαι,
615 1565 706 1616 μηδὲ
736 1564 935 1615 κωμάζειν,
955 1562 1020 1610 ἵν’,
1061 1562 1126 1616 ἔφη
1141 1592 1152 1613 ,
1181 1561 1231 1613 μὴ
1266 1578 1368 1615 γνω-

385 1630 468 1680 σθῇς
493 1620 562 1671 οἷος
584 1623 633 1663 ὢν
655 1624 843 1677 τυγχάνεις
857 1652 867 1670 ,
887 1622 968 1661 ἀλλ’
997 1623 1065 1675 οὐχ
1085 1615 1154 1667 οἷος
1173 1625 1366 1677 προσποιῇ.

438 1698 668 1750 (Athenaeus
686 1695 761 1735 lib.
783 1697 821 1733 X
838 1709 879 1747 p.
901 1700 976 1743 427
1000 1693 1075 1746 E.)

303 1785 351 1811 23.
387 1770 598 1824 Κάτοπτρον
619 1768 730 1813 εἴδους
745 1765 878 1821 χαλκός
899 1767 970 1805 ἔστ’
984 1796 993 1813 ,
1017 1759 1106 1810 οἶνος
1128 1763 1163 1804 δὲ
1180 1767 1257 1806 νοῦ.

439 1841 674 1893 (Athenaeus
690 1840 762 1878 lib.
777 1837 811 1876 X
825 1852 868 1890 p.
892 1843 967 1886 427
984 1836 1054 1889 F.)

302 1925 353 1952 23.
385 1909 431 1951 Οἱ
445 1909 517 1950 νέοι
535 1909 796 1964 φιλοχρήματοι
814 1907 944 1955 ἥκιστα
968 1906 1024 1945 διὰ
1041 1907 1081 1944 τὸ
1108 1905 1219 1957 μήπω
1239 1906 1371 1951 ἐνδείας

384 1972 642 2023 πεπειρᾶσθαι,
662 1967 783 2020 ὥσπερ
803 1966 842 2006 τὸ
858 1967 1042 2006 Πιττακοῦ
1067 1965 1143 2019 ἔχει
1160 1965 1371 2020 ἀπόφθεγμα

386 2031 434 2074 εἷς
447 2028 676 2083 Ἀμφιάραον.

443 2100 696 2153 (Aristoteles
713 2098 825 2138 Rhet.
844 2097 919 2138 lib.
936 2097 991 2145 11,
1008 2110 1095 2150 cap.
1118 2111 1177 2135 12.
1194 2097 1206 2149 )

351 2290 402 2321 19.
422 2287 564 2320 Pittacus
577 2284 739 2326 Mitylenis
758 2284 790 2316 in
808 2283 932 2324 templo
946 2282 1068 2315 scalam
1082 2282 1256 2322 exstruxit,
1275 2282 1375 2315 alium

310 2347 350 2380 ad
378 2355 477 2380 usum
502 2345 632 2378 nullum
659 2342 963 2382 accommodatam,
980 2350 1079 2383 quam
1107 2341 1145 2373 ut
1166 2345 1251 2374 esset
1276 2340 1377 2373 dona-

312 2408 413 2446 rium,
432 2415 496 2448 quo
519 2403 723 2446 significabat
743 2403 883 2435 fortunae
907 2400 949 2433 ad
975 2400 1176 2442 superiorem
1193 2401 1226 2433 et
1245 2400 1377 2433 inferio-

1506 405 1585 458 ἔφη.

1563 470 1785 522 (Diogenes
1803 469 1984 509 Laertius
2005 468 2080 509 lib.
2101 468 2134 517 l,
2155 470 2244 519 77.)

1425 557 1471 583 26.
1503 543 1628 585 Ξεῖνος
1641 536 1863 592 Ἀταρνείτης
1880 556 1931 585 τις
1948 539 2098 593 ἀνήρετο
2117 537 2298 580 Πιττακὸν
2320 537 2411 578 οὕτω
2423 537 2453 589 ,“

1559 601 1618 639 τὸν
1637 600 1880 648 Μιτυληναῖον
1894 599 2026 648 ,παῖδα
2043 598 2102 638 τὸν
2115 596 2306 652 Ὑῤῥαδίου
2317 612 2327 622 ·

1508 661 1599 701 ἄττα
1620 658 1742 712 γέρον,
1765 657 1854 703 δοιός
1875 674 1920 710 με
1947 659 2054 698 καλεῖ
2078 658 2211 712 γάμος·
2229 659 2253 705 ἡ
2274 656 2340 710 μία
2359 656 2423 710 μὲν
2449 656 2492 705 δὴ

1559 719 1682 772 νύμφη
1705 717 1767 757 καὶ
1782 717 1927 772 πλούτῳ
1948 718 2011 758 καὶ
2028 721 2132 772 γενεῇ
2148 719 2228 757 κατ’
2245 717 2329 770 ἐμέ·

1506 784 1529 829 ἡ
1556 781 1586 820 δ’
1609 780 1711 833 ἑτέρη
1732 778 1951 832 προὸέῧηκε.
1968 778 2016 819 Τί
2035 778 2162 828 λώϊον,
2179 779 2210 817 εἷ
2225 778 2256 817 δ’
2276 776 2340 831 ἄγε
2356 776 2419 817 σύν
2434 792 2494 829 μοι

1565 839 1755 893 βούλευσον
1774 868 1784 890 ,
1806 837 1959 891 ποτέρην
1981 839 2029 883 εἷς
2049 837 2214 889 ὑμέναιον
2234 837 2322 890 ἄγω.

1510 891 1636 940 Εἶπεν.
1658 898 1704 939 ‘O
1730 896 1766 937 δὲ
1786 897 1969 945 σκίπωνα,
1987 896 2188 950 γεροντικὸν
2212 895 2341 946 ὅπλον,
2360 895 2493 951 ἇείρας·

1563 958 1684 999 Ἦνίδε
1697 987 1707 1007 ,
1726 959 1835 998 κεῖνοι
1856 957 1912 997 σοὶ
1930 963 2002 997 πᾶν
2020 956 2176 1011 ἐρέουσιν
2200 956 2296 1002 ἔπος.

1509 1020 1557 1058 Oi
1578 1018 1607 1057 δ’
1625 1018 1680 1073 ἄρ’
1702 1017 1771 1057 ὑπὸ
1786 1018 1947 1070 πληγῇσι
1961 1016 2042 1061 θοὰς
2063 1016 2238 1070 βέμὸικας
2255 1014 2398 1070 ἔχοντες

1567 1079 1733 1133 ἔστρεφον
1754 1077 1870 1132 εὐρείῃ
1898 1078 2022 1121 παῖδες
2040 1077 2092 1116 ἐνὶ
2110 1075 2252 1131 τριόδῳ.

1512 1137 1647 1179 Κείνων
1669 1138 1793 1192 ἔρχεο,
1811 1137 1921 1192 φησί,
1933 1139 2012 1189 μετ’
2031 1136 2144 1189 ἴχνια.
2202 1137 2268 1176 Χὼ
2286 1135 2350 1187 μὲν
2364 1133 2497 1182 ἐπέστη

1563 1197 1715 1246 πλησίον
1730 1214 1740 1222 ·
1757 1199 1790 1237 οἱ
1810 1199 1839 1236 δ’
1861 1197 1980 1250 ἔλεγον
1995 1212 2004 1222 ·
2025 1196 2102 1242 Τὴν
2123 1196 2215 1236 κατὰ
2234 1195 2364 1235 σαυτὸν
2387 1194 2467 1235 ἔλα.

1510 1260 1627 1300 Ταῦτ’
1651 1256 1739 1297 ἀίων
1761 1261 1780 1297 ὃ
1801 1257 1907 1303 ξεῖνος
1931 1256 2096 1310 ἐφείσατο
2115 1255 2272 1309 μείζονος
2290 1254 2388 1296 οἴκου

1566 1317 1780 1371 δράξασθαι,
1797 1316 1935 1356 παίδων
1950 1316 2094 1364 κληδόνι
2107 1315 2336 1367 συνθέμενος·

1511 1378 1575 1427 τὴν
1590 1380 1620 1417 δ’
1638 1378 1760 1431 ὀλίγην
1770 1409 1780 1429 ,
1796 1379 1843 1423 ὡς
1857 1380 1981 1426 κεῖνος,
1993 1379 2026 1422 ἐς
2039 1370 2133 1416 οἶκον
2147 1374 2308 1428 ἀπήγετο
2320 1373 2479 1427 νύμφην.

1563 1437 1671 1478 Οὕτω
1691 1438 1751 1477 καὶ
1771 1435 1813 1476 σὺ
1833 1436 1928 1477 Δίων
1944 1437 2007 1485 τὴν
2022 1436 2116 1476 κατὰ
2133 1434 2260 1475 σαυτὸν
2277 1434 2358 1474 ἔλα.

1568 1507 1854 1561 (Callimachus
1878 1521 1942 1561 ap.
1972 1508 2091 1558 Diog.
2113 1507 2241 1546 Laert.
2258 1503 2384 1556 lih.1,
2408 1502 2500 1555 80.)

1851 1590 1888 1623 ε’.
1913 1590 2070 1623 eAAm.

1466 1675 1494 1701 ι.
1523 1661 1650 1702 Πάντα
1671 1661 1793 1715 πλήρη
1814 1663 1916 1702 θεῶν.

1566 1727 1753 1778 (Aristot.
1771 1727 1819 1766 de
1833 1727 1975 1766 Anima
1987 1726 2058 1767 lib.
2077 1725 2111 1779 l,
2129 1726 2167 1774 53
2184 1725 2233 1766 cf.
2247 1724 2354 1764 Stob.
2365 1724 2499 1775 Eclog.

1622 1786 1693 1828 lib.
1712 1788 1745 1836 l,
1766 1802 1806 1836 2,
1830 1802 1902 1839 29;
1920 1787 2036 1838 Diog.
2058 1785 2186 1826 Laert.
2207 1785 2278 1824 lib.
2298 1784 2333 1833 I,
2354 1786 2436 1836 27.)

1461 1867 1493 1893 2.
1519 1852 1611 1894 Οὔτι
1633 1853 1679 1893 τὰ
1706 1854 1810 1894 πόλλ’
1833 1853 1922 1894 ἔπεα
1942 1854 2118 1909 φρονίμην
2146 1853 2354 1908 ἀπεφήνατο
2373 1852 2476 1898 δόξαν
2492 1867 2502 1877 ·

1518 1914 1554 1953 ἕν
1574 1930 1609 1953 τι
1625 1913 1756 1966 μάτευε
1775 1913 1882 1968 σοφόν
1895 1943 1906 1964 ,

1515 1974 1551 2013 ἕν
1570 1990 1604 2013 τι
1624 1973 1746 2014 κεδνὸν
1767 1976 1880 2028 αἱροῦ.
2172 2012 2179 2020 ,

1513 2039 1663 2085 κλείσεις
1679 2038 1749 2093 γὰρ
1766 2041 1901 2093 ἀνδρῶν
1929 2038 2090 2079 κωτίλων
2109 2037 2276 2092 γλώσσας
2295 2039 2502 2093 ἀπεραντο-

2351 2098 2504 2152 [λόγους.

1525 2283 1767 2325 Mitylenaeum,
1789 2283 1940 2325 Hyrradii
1955 2283 2056 2316 tilium
2073 2293 2081 2315 :

1441 2344 1616 2377 carissime
1638 2352 1760 2384 senex,
1778 2343 1901 2385 duplex
1918 2352 1972 2376 me
1994 2343 2240 2376 matrimonium
2265 2346 2382 2385 vocat;
2405 2343 2507 2377 altera

1523 2412 1640 2445 sponsa
1655 2406 1688 2437 et
1703 2403 1825 2436 divitiis
1839 2405 1872 2437 et
1892 2411 2009 2444 genere
2025 2402 2106 2435 mihi
2129 2411 2186 2444 par
2207 2405 2274 2443 est;

312 2475 379 2499 rem
415 2467 538 2499 statum
570 2463 881 2501 commutationem,
914 2469 1017 2502 quum
1048 2459 1202 2493 fortunati
1236 2459 1377 2501 quodam
1440 2464 1542 2497 altera
1567 2465 1714 2506 praestat.
1736 2463 1823 2502 Quid
1843 2463 1942 2504 igitur
1956 2463 2099 2496 melius?
2112 2471 2170 2504 age
2187 2471 2282 2504 vero,
2297 2461 2376 2495 milri

312 2525 409 2558 modo
425 2524 601 2557 ascendere
613 2549 623 2565 ,
645 2522 839 2555 infortunati
855 2520 1050 2554 descendere
1069 2519 1253 2553 videantur.

310 2606 329 2616 ν,
356 2590 410 2618 2ο.
440 2586 552 2623 Quum
579 2583 702 2616 arbiter
734 2582 818 2615 inter
837 2581 941 2614 tilium
973 2583 1006 2614 et
1028 2585 1153 2623 patrem
1184 2581 1378 2620 sumeretur,

314 2643 483 2677 tiliumsic
499 2643 661 2676 allocutus
680 2644 730 2675 est
748 2651 757 2671 t
780 2641 813 2674 Si
830 2640 991 2682 iniquiora
1003 2648 1103 2682 quam
1124 2640 1219 2681 pater
1237 2638 1379 2678 dixeris,

315 2702 582 2737 condemnaberis
602 2711 611 2734 t
639 2702 689 2734 sin
706 2701 850 2743 aequiora
863 2725 873 2741 ‚
894 2702 1026 2743 propter
1043 2700 1106 2732 hoc
1127 2699 1236 2741 ipsum
1263 2698 1380 2739 dignus

314 2772 351 2796 es
373 2762 431 2804 qui
449 2761 685 2794 condemneris.

359 2827 412 2856 21.
438 2821 600 2855 Phocaico
616 2820 746 2855 cuidam
765 2819 886 2852 dicenti
902 2817 1114 2860 quaerendum
1128 2825 1199 2850 esse
1218 2816 1382 2849 hominem

319 2881 402 2923 frugi
421 2879 623 2922 respondens
641 2888 648 2908 :
671 2879 705 2911 Si
724 2878 826 2911 nimio
840 2902 849 2918 ‚
873 2877 1000 2918 inquit,
1016 2875 1124 2909 studio
1140 2884 1216 2908 eum
1241 2874 1383 2917 quaesie-

319 2942 380 2982 ris,
402 2949 468 2974 non
490 2938 645 2972 invenies.

361 3005 414 3034 22.
434 3001 583 3032 Pittacus
593 2996 807 3031 Periandrum
825 2995 1032 3029 Corinthium
1049 2994 1215 3036 monebat,
1232 2995 1269 3026 ut
1284 2993 1385 3026 ebrie-

319 3063 420 3093 tatem
453 3059 577 3101 sugeret
600 3057 633 3091 et
659 3056 929 3095 comessationes,
960 3057 1008 3089 Ne
1027 3057 1198 3097 appareat,
1218 3054 1382 3096 inquiens,

320 3120 423 3161 qualis
443 3119 509 3159 sis,
526 3127 592 3151 non
609 3116 738 3159 qualem
759 3118 792 3148 te
812 3116 925 3156 fingas.

363 3183 416 3212 23.
440 3178 619 3218 Speculum
637 3185 766 3209 aeneum
788 3174 922 3215 formae,
938 3174 1052 3206 vinum
1071 3172 1189 3205 mentis
1205 3173 1255 3205 est
1273 3170 1383 3204 index.

366 3242 418 3271 24.
446 3237 676 3270 Adolescentes
694 3235 842 3268 omnium
860 3234 995 3266 minime
1018 3232 1161 3274 pecuniae
1181 3231 1267 3264 avidi
1291 3234 1384 3271 sunl,

326 3301 495 3340 propterea
509 3296 597 3339 quod
616 3295 763 3329 nondum
781 3294 905 3336 experti
926 3295 1001 3326 suut
1017 3294 1217 3334 egestatem,
1231 3289 1384 3333 quemad-

324 3359 459 3391 modum
475 3367 510 3390 se
534 3357 632 3390 habet
657 3355 774 3388 Pittaci
799 3354 923 3387 dictum
941 3354 972 3386 in
990 3353 1236 3394 Amphiaraum.

366 3423 418 3452 25.
434 3416 681 3457 Quaerentibus,
697 3414 775 3457 quid
794 3415 878 3447 esset
895 3413 1070 3446 obscurum
1094 3422 1102 3444 τ
1122 3411 1218 3451 Quod
1239 3411 1385 3443 futurum

324 3483 373 3512 est
385 3504 395 3518 ,
412 3477 587 3520 respondit.

370 3543 419 3572 26.
437 3538 599 3571 Atarnites
612 3535 744 3578 quidam
761 3534 876 3576 hospes
891 3533 939 3566 sic
954 3531 1162 3572 interrogavit
1180 3530 1340 3563 Pittacum

1526 2523 1596 2564 dic,
1612 2524 1686 2556 utra
1710 2522 1859 2556 ducenda
1870 2523 1911 2555 sit
1929 2531 2024 2563 uxor,

1442 2582 1560 2624 inquit.
1577 2583 1643 2616 Iste
1662 2591 1739 2615 vero
1756 2581 1900 2623 scipione
1912 2606 1922 2624 ,
1939 2581 2033 2614 senili
2049 2581 2246 2622 gestamine,
2266 2580 2395 2614 sublato
2414 2589 2424 2614 :

1528 2645 1597 2684 En,
1615 2642 1647 2675 1ιί
1662 2645 1740 2675 sunt
1753 2642 1799 2674 illi
1816 2642 1874 2684 qui
1892 2643 1993 2674 totam
2008 2650 2076 2674 rem
2095 2641 2154 2674 tibi
2167 2641 2323 2683 aperient.

1447 2703 1577 2745 Quippe
1590 2702 1726 2735 verbere
1743 2702 1865 2735 celeres
1880 2701 2027 2735 turbines
2043 2700 2194 2742 agitando

1530 2764 1596 2797 lato
1615 2765 1648 2796 in
1661 2764 1759 2797 trivio
1777 2763 1868 2805 pueri
1882 2763 2068 2796 versabant.

1446 2826 1601 2865 Illorum,
1624 2824 1749 2865 inquit,
1768 2823 1904 2864 vestigia
1919 2832 2067 2865 sequere.
2082 2824 2114 2856 Is
2135 2822 2190 2855 ubi
2207 2821 2343 2854 accessit

1531 2885 1682 2927 propius,
1700 2883 1734 2916 hi
1750 2883 1923 2916 dicebant:
1944 2883 2018 2916 Tibi
2031 2884 2141 2924 aptam
2157 2882 2242 2913 viam
2262 2880 2424 2922 percurre.

1449 2947 1530 2979 Haec
1551 2944 1687 2978 audiens
1701 2944 1819 2986 hospes
1836 2942 1945 2976 omisit
1961 2942 2117 2983 majorem
2134 2941 2269 2973 domum

1530 3008 1640 3048 petere
1651 3030 1660 3046 ,
1675 3012 1850 3047 puerorum
1869 3003 1978 3035 omine
1991 3003 2142 3043 accepto,

1447 3075 1485 3100 ac
1501 3066 1682 3100 tenuiorem
1693 3072 1849 3106 sponsam
1863 3063 1896 3095 in
1919 3061 2164 3095 matrimonium
2181 3060 2292 3101 duxit,
2309 3063 2346 3093 ut
2363 3059 2418 3093 ille
2429 3072 2446 3095 ,ι

1530 3128 1576 3160 ita
1595 3128 1629 3159 et
1650 3126 1688 3158 tu
1704 3125 1788 3158 Dion
1805 3123 1865 3156 tibi
1881 3126 1989 3165 aptam
2007 3121 2092 3154 viam
2110 3129 2276 3163 percurre.

1844 3210 1874 3239 5.
1890 3205 2108 3238 THALETlS.

1493 3290 1521 3318 1.
1542 3283 1660 3318 Omnia
1678 3282 1816 3316 deorum
1836 3282 1930 3323 plena
1947 3282 2036 3313 sunt.

1491 3350 1522 3379 2.
1546 3347 1761 3386 Nequaquam
1778 3342 1916 3384 plurima
1936 3341 2035 3374 verba
2052 3337 2259 3382 prudentiam
2278 3337 2422 3371 indicant
2433 3347 2444 3378 ς

1449 3415 1551 3439 unum
1571 3404 1695 3446 aliquid
1709 3404 1837 3446 sapiens
1849 3411 1960 3444 quaere
1972 3425 1982 3442 ‚

1449 3477 1550 3515 unum
1567 3466 1731 3510 quippiam
1745 3465 1868 3497 bonum
1888 3463 1984 3504 elige3

1448 3529 1491 3561 ita
1507 3527 1593 3561 enim
1611 3525 1747 3568 garrulis
1759 3523 1944 3558 hominibus
1963 3523 2112 3564 loquaces
2128 3521 2250 3563 linguas
2264 3518 2424 3552 occludet.
