2612 3814
1014 229 1083 269 DE
1110 225 1429 267 DEMocm‘rO.

133 325 241 364 muni
271 323 410 363 mortis
443 323 528 371 lege
563 319 823 358 erubesceret.
851 317 914 355 Ibi
955 315 1187 368 perturbato

133 384 255 424 Dario
286 395 413 434 neque
457 391 690 431 quemquam
725 377 945 427 reperiente
958 405 968 424 ,
1011 375 1075 414 cui
1110 388 1189 413 non

135 444 246 482 triste
269 439 422 492 aliquid
445 437 672 483 accidisset,
703 435 970 473 Democritum
1000 448 1074 486 pro
1103 447 1192 472 con-

133 499 339 540 suetudine
359 511 429 536 sua
460 496 649 535 ridentem
681 494 737 533 ita
759 494 877 532 fatum
910 506 994 532 esse
1017 507 1027 531 z
1057 493 1104 531 Et
1127 502 1188 544 tu,

135 559 310 598 omnium
329 556 598 608 ineptissime,
622 567 702 592 non
728 555 875 592 vereris
891 553 1014 592 effuse
1032 553 1189 602 lugere,

133 618 246 670 quasi
266 629 368 655 unus
388 616 486 653 tanti
504 614 596 652 mali
614 613 831 665 particeps,
854 625 974 664 quum
995 612 1190 650 neminem

134 689 269 716 eorum
291 675 361 726 qui
382 687 555 726 unquam
587 673 743 711 fuerunt
771 673 854 711 sine
881 672 1034 724 privato
1060 671 1193 721 aliquo

134 736 271 774 dolore
296 735 446 774 vixisse
465 733 653 785 reperiaS.

187 796 278 834 Haec
300 794 378 833 fere
405 794 452 832 de
483 793 696 832 Democriti
726 791 936 831 itineribus
968 790 1016 829 ad
1044 798 1195 828 exteras

136 855 313 894 nationes
342 854 532 905 susceptis
564 853 606 890 in
635 852 889 903 antiquorum
921 848 1195 888 voluminibus

135 915 292 968 prodita
309 913 661 966 deprehendimuS,
689 911 737 949 de
757 911 903 963 quibus
931 909 1053 947 multa
1072 907 1194 946 disse·

137 987 225 1014 rere
244 981 546 1013 consentaneum
580 972 701 1018 foret,
722 971 755 1010 si
785 983 856 1022 per
875 968 994 1020 hujus
1013 967 1090 1005 loci
1120 980 1197 1004 an-

137 1035 284 1085 gustias
307 1033 456 1071 liceret.
488 1031 617 1070 Unum
649 1040 830 1069 notamus
859 1029 901 1067 in
938 1027 1054 1066 India
1080 1040 1196 1078 quam

138 1103 226 1132 ante
246 1092 513 1131 Alexandrum
532 1091 715 1141 Magnum
745 1102 860 1127 nemo
879 1087 1104 1126 Graecorum
1135 1086 1198 1124 in-

138 1153 280 1199 travit,
301 1152 568 1190 Democritum
591 1163 671 1187 non
693 1149 836 1195 fuisse,
859 1147 931 1185 etsi
955 1146 997 1184 in
1028 1145 1133 1184 libro
1150 1144 1199 1182 de

138 1210 391 1263 Geograpbia
414 1210 560 1260 scripto
587 1215 869 1246 commentatus
899 1213 983 1244 erat
1003 1204 1051 1243 de
1080 1203 1199 1242 rebus

140 1271 291 1309 Indicis
303 1270 350 1307 de
359 1267 504 1319 quibus
519 1267 635 1305 sando
650 1266 800 1318 aliquid
813 1264 1198 1317 acceperatPraeter-

138 1342 183 1367 ea
202 1327 389 1369 Arabiam
404 1326 551 1365 vidisse
571 1325 838 1364 Democritum
859 1324 932 1362 soli
952 1323 1086 1361 Plinio
1113 1335 1192 1360 non

140 1387 336 1426 credimus
355 1385 617 1431 asseveranti,
637 1385 705 1436 qui
721 1384 796 1422 hoc
814 1383 906 1422 inde
925 1383 1088 1421 fortasse
1109 1396 1199 1420 con·

140 1447 257 1493 clusit
284 1445 390 1498 quod
413 1444 515 1496 apud
544 1452 696 1482 veteres
726 1444 872 1494 legerat
891 1441 1119 1479 Abderitam
1152 1441 1200 1478 ad

143 1505 320 1545 Rubrum
338 1517 443 1543 mare
461 1512 741 1542 commoratum
759 1515 843 1541 esse
856 1531 866 1549 ‚
886 1501 953 1540 sed
969 1501 1045 1539 hoc
1057 1499 1202 1538 licebat

141 1566 258 1618 etiam
285 1564 495 1616 AEgyptum
526 1562 770 1615 peragranti.
789 1561 904 1607 Quod
924 1560 1120 1611 reliquum
1147 1567 1205 1596 est

143 1623 275 1662 fabula
309 1637 332 1662 a
369 1623 529 1661 Juliano
567 1621 719 1659 Caesare
748 1620 796 1658 de
834 1618 1061 1658 Democrito
1091 1617 1205 1655 Darii

147 1683 393 1722 consolatore
407 1682 451 1720 in
471 1681 644 1733 epistolis
659 1680 880 1732 perscripta
898 1692 979 1717 non
996 1686 1082 1728 eget
1097 1677 1205 1715 refu-

146 1743 306 1782 tatione.
394 1787 396 1789 v

197 1800 441 1852 Adjiciamus
460 1797 526 1837 hic
546 1812 591 1837 ea
604 1812 690 1849 quae
708 1797 931 1836 Demetrius
950 1796 1109 1846 Magnes
1127 1795 1205 1846 (29)

145 1860 249 1913 apud
275 1860 490 1910 Diogenem
512 1858 710 1896 Laertium
730 1857 972 1904 testificatur,
994 1856 1201 1894 Democri·

147 1928 229 1957 tum
248 1917 371 1969 latere
392 1917 564 1956 voluisse
577 1947 588 1966 ,
611 1929 812 1968 quumque
830 1915 1003 1956 Athenas
1021 1915 1208 1963 venisset,

148 1980 280 2018 virum
302 1979 502 2029 egregium
530 1977 689 2030 quidem
704 2006 714 2025 ‚
740 1976 808 2015 sed
829 1976 966 2026 gloriae
996 1984 1210 2014 contemto-

148 2051 229 2078 rem
251 2038 411 2088 agnosci
426 2037 615 2086 noluisse,
635 2045 673 2075 et
689 2036 872 2088 quamvis
883 2035 1059 2074 novisset
1074 2034 1212 2073 Socra·

149 2106 225 2136 tem
238 2127 250 2149 ,
269 2096 319 2135 ab
339 2109 387 2134 eo
407 2106 536 2135 tamen
556 2096 778 2146 ignoratum
799 2107 884 2134 esse
897 2124 907 2142 ,
931 2094 973 2133 id
1004 2093 1111 2145 quod
1133 2093 1212 2132 Ab·

151 2157 284 2196 deritae
308 2155 445 2195 verbis
476 2155 693 2194 testimonii
724 2155 813 2193 loco
838 2167 887 2192 ex
908 2153 1015 2193 libro
1039 2153 1208 2204 quodam

149 2215 238 2268 ejus
256 2215 422 2268 prolatis
449 2230 457 2253 :
480 2219 573 2253 veni
593 2215 773 2260 Athenas,
800 2227 920 2264 neque
938 2217 1138 2264 quisquam
1156 2227 1216 2250 me

153 2280 315 2327 agnovit,
340 2275 509 2327 probare
529 2275 734 2313 annititur.
755 2272 815 2312 Cf.
836 2273 918 2311 Cic.
935 2275 1048 2313 Tusc.
1063 2271 1110 2320 V,
1147 2273 1212 2311 36.

155 2335 307 2374 Similis
342 2343 400 2373 est
427 2334 572 2373 Valerii
604 2333 767 2372 Maximi
789 2333 901 2371 locus
928 2333 997 2384 qui
1026 2331 1101 2378 lib.
1122 2331 1216 2369 VIII

154 2406 241 2445 cap.
263 2408 284 2442 7
302 2394 471 2445 exempl.
485 2402 588 2433 extr.
605 2399 627 2439 4
647 2407 656 2430 :
681 2410 697 2427 α
715 2391 876 2430 Athenis
896 2400 1023 2430 autem
1041 2390 1217 2443 complu-

154 2452 267 2492 ribus
281 2481 292 2501 ,
314 2453 470 2504 inquit,
489 2452 603 2491 annis
627 2460 803 2490 moratus
834 2451 968 2489 omnia
996 2459 1215 2503 temporum

158 2520 356 2550 momenta
381 2511 429 2549 ad
460 2511 754 2563 percipiendam
785 2519 823 2548 et
852 2510 1108 2548 exercendam
1144 2509 1214 2547 do-

157 2571 323 2609 ctrinam
350 2570 555 2608 conferens
574 2570 733 2619 ignotus
752 2569 813 2607 illi
832 2568 923 2607 urbi
955 2569 1080 2614 vixit,
1112 2569 1218 2619 quod

157 2629 243 2681 ipse
267 2631 309 2669 in
327 2629 495 2681 quodam
516 2629 720 2667 volumine
743 2636 918 2668 testatur.
941 2644 968 2681 ‘'.

211 2688 271 2727 Ex
292 2688 507 2728 itineribus
524 2688 704 2727 reducem
726 2687 768 2726 in
789 2699 941 2726 summa
959 2695 1126 2737 egestate
1145 2687 1220 2725 De-

160 2748 368 2787 mocritum
393 2750 462 2799 qui
482 2760 637 2786 omnem
673 2760 755 2786 rem
780 2746 1011 2785 familiarem
1039 2760 1220 2785 consum-

161 2808 276 2847 sisset
290 2807 458 2853 vixisse,
483 2806 550 2846 sed
570 2820 591 2845 a
611 2807 794 2844 Damaste
824 2805 943 2844 fratre
962 2813 1219 2844 sustentatum

161 2879 245 2906 esse
275 2879 296 2904 e
335 2865 492 2905 Laertio
528 2865 798 2904 Antisthenem
834 2874 1033 2903 auctorem
1079 2865 1222 2902 citante

206 3016 271 3056 (29)
291 3016 476 3048 Demetrius
496 3018 629 3057 Magnes
655 3015 740 3057 apud
772 3015 947 3056 Diogenem
973 3014 1137 3047 Laertium
1164 3016 1222 3054 IX,

167 3063 206 3095 36
226 3071 235 3094 z
253 3063 350 3095 Δοκεῖ
364 3063 417 3104 δέ,
440 3063 535 3103 φησί,
558 3063 612 3095 καὶ
632 3063 774 3101 Ἀθήναζε
799 3063 895 3095 ἐλθεῖν
912 3062 966 3094 καὶ
987 3062 1029 3103 μὴ
1046 3060 1227 3094 σπουδάσαι

165 3110 342 3150 γνωσθῆναι
359 3110 448 3149 δόξης
463 3113 687 3153 καταφρονῶν,
701 3111 756 3143 καὶ
771 3111 882 3143 εἰδέναι
907 3110 962 3151 μὲν
990 3109 1158 3150 Σωκράτην
1168 3136 1175 3148 ,
1189 3108 1228 3140 ἀ-

166 3157 324 3198 γνοεῖσθαι
337 3157 370 3189 δὲ
391 3157 445 3190 ὑπ’
459 3158 569 3190 αὐτοῦ.
585 3157 704 3190 Ἦλθον
727 3158 798 3201 γάρ,
822 3157 916 3201 φησίν
929 3182 938 3200 ,
953 3158 995 3194 εἰς
1012 3156 1137 3195 Ἀθήνας
1149 3182 1157 3194 ,
1174 3156 1227 3187 καὶ

173 3204 256 3241 οὔτις
276 3215 314 3245 με
337 3205 483 3246 ἔγνωκεν.

213 3253 280 3294 (30)
297 3254 454 3295 Diogenes
470 3256 617 3288 Laertius
629 3256 686 3288 lib.
701 3258 760 3297 lx,
776 3258 815 3289 39
829 3264 839 3288 2
857 3254 1009 3289 Ἐλθὸντα
1025 3254 1058 3286 δέ
1071 3264 1163 3295 φησιν
1187 3251 1198 3293 (
1213 3253 1230 3283 ὀ

170 3301 381 3339 Ἀντισθένης)
395 3301 490 3335 αὐτὸν
518 3302 554 3334 ἐκ
576 3307 631 3342 τῆς
651 3303 829 3343 ἀποδημίας
854 3302 1063 3335 ταπεινότατα
1090 3301 1206 3342 διάγειν
1220 3326 1228 3339 ,

172 3348 227 3380 ἅτε
245 3350 351 3380 πᾶσαν
367 3348 424 3387 τὴν
447 3349 558 3396 οὐσίαν
577 3350 840 3383 κατανα).ωκ6τα’
858 3349 1026 3393 ,τρέφεσθαί
1055 3360 1090 3381 τε
1107 3349 1160 3380 διὰ
1175 3349 1231 3386 τὴν

173 3394 307 3437 ἀπορίαν
333 3396 397 3427 ὐπὸ
414 3399 471 3428 τοῦ
496 3396 628 3438 ἀδελφοῦ
650 3398 839 3439 Δαμάστου·
858 3399 900 3435 ὡς
922 3397 955 3429 δὲ
987 3397 1146 3437 προειπών
1163 3407 1232 3428 τινα

172 3443 235 3472 τῶν
251 3441 427 3481 μέλλόντων
453 3442 663 3484 εὐδοκίμησε,
688 3445 798 3477 λοιπὸν
815 3445 919 3476 ἐνθέου
942 3443 1029 3480 δόξης
1056 3443 1141 3484 παρὰ
1169 3447 1232 3479 τοῖς

172 3487 327 3526 πλείστοις
340 3490 469 3529 ἠξιώθη.

2238 228 2313 262 333

1258 313 1444 353 discimus
1460 311 1559 364 (30).
1573 311 1680 349 Idem
1694 311 1889 360 Diogenes
1907 309 2038 356 addit,
2052 310 2316 348 Democritum

1259 387 1378 424 quum
1409 385 1472 410 res
1491 370 1680 422 quasdam
1703 370 1853 407 futuras
1876 369 1980 407 felici
2007 381 2189 407 successu
2217 382 2318 420 prae-

1258 434 1443 480 dixisset,
1474 430 1556 482 jam
1596 429 1737 467 divino
1771 428 1915 479 spiritu
1947 436 2089 465 tactum
2118 427 2320 478 plerisque

1258 490 1486 529 hominibus
1515 502 1599 528 esse
1618 488 1764 527 visum.
1797 488 1885 526 Duo
1915 485 2145 536 hujusmodi
2175 487 2322 537 praedi-

1259 552 1432 590 ctionum
1465 549 1644 600 exempla
1676 547 1900 599 suppeditat
1935 546 2113 592 PHnius,
2151 544 2319 596 quorum

1261 625 1379 650 unum
1396 640 1407 659 ,
1439 623 1560 662 quum
1582 611 1630 647 ab
1653 608 1742 647 aliis
1763 616 1941 646 veterum
1962 606 2010 644 de
2041 605 2203 644 Thalete
2229 619 2320 644 nar-

1260 681 1382 719 retur,
1404 669 1613 709 admodum
1635 676 1855 720 suspectum
1877 675 1957 717 est,
1978 666 2142 704 alterum
2165 665 2213 703 ad
2236 677 2319 703 rem

1263 732 1414 770 facilem
1435 738 1474 768 et
1496 729 1701 779 vulgarem
1730 727 1934 779 pertinens
1954 725 2050 763 adeo
2083 725 2191 763 nulla
2214 737 2325 774 saga-

1262 792 1377 829 citate
1396 789 1574 836 excellit,
1607 796 1651 826 ut
1671 788 1711 826 in
1739 787 1948 836 agricolam
1982 785 2113 837 potius
2134 798 2251 836 quam
2280 785 2323 822 in

1262 849 1539 903 philosophum
1562 847 1687 886 cadat.
1709 846 1829 884 Prius
1859 844 1959 883 illud
1976 844 2024 883 ad
2042 845 2119 882 olei
2138 844 2324 882 coemtio-

1263 924 1350 949 nem
1373 917 1520 961 spectat
1543 906 1622 961 (31)
1649 906 1762 957 cujus
1783 906 1842 943 rei
1877 917 1997 956 supra
2018 904 2117 941 facta
2133 911 2191 941 est
2211 915 2326 940 men-

1262 971 1332 1010 tio.
1355 968 1557 1007 Posterius
1573 967 1630 1005 sic
1650 979 1690 1005 se
1703 965 1820 1004 habet
1835 964 1918 1018 (32)
1939 978 1947 1001 :
1968 963 2001 1001 T
2005 963 2325 1002 radunteundem

1263 1029 1530 1067 Democritum
1549 1035 1716 1065 metente
1740 1025 1860 1063 fratre
1877 1024 1962 1075 ejus
1978 1024 2146 1062 Damaso
2158 1052 2168 1070 ,
2184 1022 2327 1060 arden-

1264 1089 1413 1127 tissimo
1437 1095 1553 1134 aestu,
1575 1097 1725 1129 orasse,
1749 1092 1792 1122 ut
1819 1083 1982 1134 reliquae
2007 1082 2127 1132 segeti
2149 1089 2326 1133 parceret
2365 1092 2367 1096 ’

1264 1156 1496 1199 raperetque
1514 1145 1667 1183 desecta
1686 1143 1760 1182 sub
1779 1151 1920 1181 tectum
1932 1172 1942 1188 ,
1958 1143 2097 1194 paucis
2112 1150 2201 1193 post
2218 1141 2329 1179 horis

1265 1220 1369 1245 saevo
1387 1205 1517 1243 imbre
1535 1203 1819 1242 vaticinatione
1839 1201 2071 1253 approbata.
2092 1218 2108 1236 ι,
2134 1201 2240 1238 Idem
2262 1201 2327 1238 lit-

1265 1266 1360 1304 teris
1381 1263 1632 1314 consignavit
1650 1262 1831 1300 Clemens
1855 1260 2000 1298 Strom.
2017 1259 2090 1298 lib.
2112 1259 2162 1296 Vl
2188 1274 2230 1309 p.
2250 1259 2327 1297 255

1265 1326 1325 1364 ed.
1348 1324 1458 1375 Sylb.
1480 1324 1547 1375 (p.
1581 1322 1657 1371 755
1691 1321 1755 1360 ed.
1792 1321 1963 1371 Potter).
1995 1319 2057 1358 Ol)
2082 1320 2182 1357 hanc
2209 1319 2333 1369 igitur

1267 1386 1489 1424 futurorum
1510 1381 1814 1434 praesensionem
1830 1409 1840 1428 ,
1875 1380 1938 1418 vel
1972 1389 2016 1418 ut
2041 1379 2222 1417 Clemens
2249 1378 2328 1425 ait,

1266 1444 1372 1495 quod
1398 1456 1447 1481 ex
1472 1441 1703 1481 sublimium
1733 1439 2015 1479 observatione
2042 1439 2165 1477 multa
2187 1438 2331 1490 praedi-

1268 1511 1393 1551 ceret,
1414 1501 1624 1554 Sapientiae
1644 1511 1862 1550 cognomen
1889 1499 2044 1537 invenit
2068 1498 2330 1536 Democritus.

1269 1561 1354 1600 Non
1375 1561 1566 1600 dissimile
1580 1568 1638 1599 est
1654 1559 1761 1611 quod
1774 1559 1948 1597 AElianus
1959 1558 2049 1597 Var.
2068 1557 2169 1596 Hist.
2191 1557 2257 1604 IV,
2282 1571 2334 1594 20

1270 1621 1465 1660 memoriae
1484 1619 1682 1672 prodidit,
1704 1617 1914 1656 Abderitas
1929 1617 2195 1656 Democritum
2223 1617 2336 1654 voci-

1271 1690 1371 1719 tasse
1394 1678 1618 1734 Φιλοσοφίαν
1632 1709 1643 1730 ,
1662 1678 1917 1727 Protagoram
1938 1690 2032 1715 vero
2053 1676 2182 1729 Λόγον.
2208 1675 2335 1714 Sum-

1273 1753 1380 1778 mum
1402 1739 1613 1791 imperium
1636 1736 1740 1789 apud
1767 1735 1977 1774 Abderitas
2001 1734 2226 1772 Democrito
2252 1745 2340 1772 esse

1273 1798 1524 1836 commissum
1554 1810 1576 1835 e
1595 1795 1718 1834 Suida
1750 1795 1828 1848 (33)
1859 1794 2158 1844 cognoscimus,
2179 1791 2247 1831 sed
2268 1792 2338 1830 diu

1275 1857 1506 1909 reipublicae
1545 1855 1772 1908 praefuerit,
1821 1867 1870 1892 an
1896 1867 1968 1905 per
2004 1852 2125 1890 breve
2162 1861 2337 1904 tempus,

1274 1929 1439 1968 prorsus
1473 1917 1666 1955 incertum
1687 1922 1760 1954 est.
1787 1913 1838 1952 At
1869 1926 1966 1952 vero
1990 1927 2110 1963 quum
2141 1913 2206 1951 lex
2234 1913 2340 1964 apud

1275 1975 1486 2014 Abderitas
1503 1982 1603 2013 esset
1623 1986 1702 2025 qua
1718 1971 1981 2023 sanciebatur,
2001 1980 2045 2010 ut
2065 1972 2133 2023 qui
2150 1972 2340 2023 patrimo·

1276 2036 1385 2074 nium
1420 2034 1676 2087 dilapidasset
1702 2032 1890 2084 indignus
1910 2032 2113 2083 sepultura
2132 2031 2173 2069 in
2198 2032 2341 2083 patriae

1277 2094 1423 2133 finibus
1442 2094 1654 2132 haberetur
1674 2107 1682 2130 :
1702 2091 1969 2130 Democritum
1993 2090 2243 2129 Antisthenes
2261 2091 2338 2140 (34)

1276 2153 1479 2206 perhibet,
1500 2165 1549 2191 ne
1574 2151 1625 2190 ab
1662 2150 1810 2189 invidis
1842 2159 1881 2188 et
1911 2148 2265 2188 calumniatoribus
2294 2150 2343 2187 ad

1280 2215 1472 2253 rationem
1494 2211 1733 2251 reddendam
1754 2211 1797 2249 in
1814 2210 1882 2262 jus
1911 2217 2133 2255 vocaretur,
2160 2209 2347 2247 recitasse

1278 2274 1360 2312 illis
1381 2285 1564 2323 magnum
1591 2271 1845 2309 Diacosmum
1858 2301 1870 2316 ,
1890 2270 2080 2308 eximium
2101 2281 2202 2319 opus
2226 2277 2345 2306 caete-

1279 2333 1414 2384 risque
1435 2331 1563 2383 ipsius
1580 2329 1739 2382 scriptis
1761 2337 1967 2381 praestans.
1989 2327 2078 2374 Quo
2102 2327 2203 2365 facto
2222 2328 2344 2378 quin-

1282 2401 1489 2442 gentorum
1524 2402 1715 2429 summam
1738 2389 1971 2427 talentorum
2000 2388 2208 2440 praemium
2236 2399 2345 2425 aece-

1279 2452 1385 2503 pisse
1403 2460 1518 2501 atque
1539 2450 1703 2501 insuper
1716 2448 1835 2487 aeneis
1849 2447 2091 2499 imaginibus
2107 2446 2346 2485 honoratum

1280 2524 1364 2549 esse
1386 2511 1485 2562 (35).
1517 2508 1722 2560 Reliquam
1747 2508 1839 2546 vitae
1859 2516 2008 2559 partem
2030 2507 2086 2546 ita
2110 2504 2349 2555 transegisse

1281 2570 1443 2608 videtur
1472 2576 1636 2619 magnus
1660 2576 1812 2606 naturae
1831 2567 2047 2618 interpres,
2069 2575 2114 2604 ut
2133 2566 2174 2604 in
2197 2565 2347 2603 littera-

1285 2643 1372 2668 rum
1393 2628 1524 2667 studio
1545 2635 1781 2666 versaretur.
1805 2625 1903 2665 Nam
1922 2626 2112 2664 Petronio
2141 2624 2220 2678 (36)
2248 2632 2345 2663 teste

1282 2689 1458 2727 omnium
1507 2686 1719 2726 herbarum
1761 2698 1897 2724 succos
1943 2684 2139 2736 expressit
2154 2712 2166 2732 ,
2212 2692 2250 2721 et
2298 2695 2350 2721 ne

1282 2748 1457 2799 lapidum
1497 2747 1839 2797 virgultorumque
1885 2745 1948 2783 vis
1990 2744 2151 2790 lateret,
2197 2749 2347 2780 aetatem

1282 2807 1386 2845 inter
1405 2806 1680 2858 experimenta
1699 2803 1928 2844 consumsit.
1948 2802 2063 2850 Quod
2084 2810 2212 2840 autem
2242 2800 2346 2853 apud

1283 2865 1553 2904 Antisthenem
1587 2863 1668 2917 (37)
1693 2864 1857 2903 relatum
1890 2862 2106 2913 legebatur,
2136 2860 2347 2913 physicum

1330 3015 1397 3056 (31)
1418 3015 1499 3048 ΡΙῐη.
1516 3015 1572 3048 lib.
1588 3016 1709 3055 XVIII,
1730 3019 1782 3047 28.

1330 3062 1397 3102 (32)
1412 3063 1493 3094 PIin.
1514 3062 1570 3094 Iib.
1584 3063 1690 3102 XVII,
1706 3071 1778 3103 cap.
1792 3064 1844 3095 35.

1332 3111 1398 3151 (33)
1419 3109 1536 3143 suidas
1554 3119 1587 3142 v.
1610 3109 1808 3152 Δημόκριτος
1826 3117 1834 3137 2
1854 3108 1926 3150 ἦρξε
1942 3108 1975 3140 δὲ
1991 3107 2023 3139 ἐν
2048 3106 2206 3148 Ἀὅδήροις
2223 3105 2275 3138 διὰ
2292 3105 2351 3143 τὴν

1289 3158 1403 3189 ἑαυτοῦ
1420 3157 1531 3197 σοφίαν
1547 3157 1696 3198 τιμηθείς.

1333 3205 1399 3244 (34)
1419 3205 1627 3238 Antisthenes
1643 3204 1729 3246 apud
1752 3205 1846 3244 Diog.
1862 3205 1970 3237 Laert.
1988 3203 2043 3235 lib.
2067 3204 2124 3242 IX,
2147 3205 2179 3235 9.

1334 3252 1400 3294 (35)
1419 3252 1479 3285 Alii
1500 3252 1610 3285 verius
1632 3255 1763 3284 centum
1776 3252 1908 3284 taIentis
1923 3260 1999 3284 enm
2021 3250 2151 3291 dignum
2175 3257 2244 3281 esse
2262 3246 2352 3278 habi-

1291 3300 1361 3331 tum
1382 3299 1527 3332 tradunt.
1554 3300 1604 3332 CI'.
1626 3299 1718 3341 Diog.
1741 3301 1848 3332 Lacrt.
1875 3301 1935 3339 IX,
1959 3301 2010 3331 4ο.
2038 3298 2128 3331 Adde
2159 3296 2353 3328 Athenaeum

1290 3350 1350 3387 lv,
1386 3351 1422 3384 19
1448 3357 1480 3389 p.
1508 3350 1566 3380 168
1599 3349 1636 3388 Β,
1655 3349 1688 3380 et
1712 3349 1855 3380 veterem
1886 3346 2010 3380 Horatii
2042 3345 2282 3387 explanatorem
2312 3340 2352 3372 ad

1290 3394 1384 3436 epist.
1406 3397 1432 3435 1,
1456 3397 1506 3434 12,
1527 3397 1577 3426 12.

1334 3443 1399 3483 (36)
1416 3442 1588 3475 Petronius
1605 3440 1734 3474 Arbiter
1755 3443 1823 3474 Sat.
1839 3450 1908 3482 pag.
1926 3444 1979 3474 22.

1337 3490 1403 3531 (137)
1421 3490 1628 3523 Antisthenes
1650 3498 1703 3531 ap.
1725 3490 1818 3530 Diog.
1842 3490 1897 3529 IX,
1924 3491 1973 3521 38.
