2612 3814
975 261 1031 300 IN
1060 260 1284 302 AUREUM
1314 262 1525 302 CARMEN
1532 293 1540 300 .

132 344 135 345 ⁷
183 351 266 393 Πῶς
285 348 353 401 γὰρ
373 349 471 388 ἔσται
489 364 523 388 τι
547 347 667 397 καλόν,
687 348 707 388 ὃ
725 349 774 400 μὴ
795 348 881 402 πρὸς
900 349 1029 389 κανόνα
1050 350 1108 389 τὸν
1138 353 1228 390 θεῖον

180 408 396 459 τράττεταιε
414 411 488 452 πῶς
502 401 539 446 δὲ
558 407 598 447 τὸ
615 406 702 452 ποὸς
713 411 834 448 τοῦτον
851 409 1091 461 πραττόμενον
1111 410 1148 449 οὐ
1166 412 1229 456 τῆς

181 467 312 506 ἐκείνου
340 481 538 519 συνεργειας
564 474 705 510 παντως
737 467 849 505 δεῖται
891 467 978 520 πρὸς
1013 470 1224 519 ὑπόστασιν;

182 524 288 567 Ἐστι
307 526 376 578 γὰρ
394 529 416 573 ἡ
437 524 544 578 ἀρετὴ
567 524 669 564 εἰκὼν
691 528 768 564 θεοῦ
790 528 825 564 ἐν
844 528 940 579 ψυχῇ
960 529 1104 581 λογικῇ·
1124 526 1226 567 εἰκὼν

180 582 217 622 δὲ
236 589 335 622 πᾶσα
354 588 416 623 τοῦ
442 582 727 636 παραδείγματος
754 584 862 623 δεῖται
892 585 975 638 πρὸς
1004 585 1148 637 γένεσιν,
1167 584 1227 623 καὶ

179 642 242 680 οὔκ
260 643 358 695 ἀρκεῖ
376 643 426 694 τῷ
447 641 637 695 κτωμένῳ,
659 641 719 681 ἐὰν
739 642 788 715 μὴ
809 643 868 682 καὶ
896 646 1007 683 ἐκεῖσε
1035 644 1167 696 βλέπῃ,
1187 638 1226 682 οῧ

178 700 265 753 πρὸς
293 699 457 774 ὁμοίωσιν
486 700 525 739 τὸ
551 672 658 740 καλὸν
687 700 870 748 κτήσεται.
928 702 1148 745 Σπεύδοντας
1167 705 1225 740 οὐν

176 758 261 809 πρὸς
289 758 352 806 τὴν
380 758 516 812 ἐνεργὸν
547 758 673 814 ἀρετὴν
703 760 921 813 εὔχεσθαι
948 760 1141 812 προσήκει,
1166 776 1226 799 και

175 816 252 868 εὗχ
262 816 367 869 ομέν
379 833 448 862 ους
463 816 527 865 τὴν
541 822 663 866 κτῆσιν
679 819 809 866 ταύτης
824 820 979 871 εργαζε
990 823 1036 858 σθ
1048 835 1068 856 α
1082 835 1111 857 ι
1126 821 1226 858 τοῦτο

175 874 208 912 δ’
230 891 286 926 ην,
306 875 346 914 τὸ
364 876 450 929 πρὸς
469 876 507 915 τὸ
523 880 611 916 θεῖον
626 878 686 915 και
706 877 867 930 λαμπρὸν
892 878 1085 930 βλέποντας
1108 877 1223 930 πράτ-

173 948 258 981 τειν,
275 934 335 973 καὶ
350 935 435 989 πρὸς
457 937 661 990 φιλοσοφίαν
677 935 816 980 ἑαύτους
836 936 1036 984 συντείνειν,
1053 936 1143 987 μετὰ
1162 953 1224 975 του

173 985 213 1031 εὖ
231 992 373 1045 ἔχεσθαι
399 1011 459 1042 της
485 995 625 1047 πρώτης
654 995 765 1039 αἰτίας
788 997 852 1034 τῶν
876 997 1030 1048 ἀγαθῶν.
1087 994 1133 1034 ‘H
1157 994 1224 1047 γὰρ

173 1052 270 1103 πηγτ,
290 1055 353 1100 τῆς
371 1054 516 1092 ἀεννᾶου
529 1053 663 1108 φύσεως
680 1058 703 1103 ἡ
723 1053 931 1129 τετρακτὺς
929 1053 1042 1101 ἐκείνη
1064 1055 1101 1092 οὗ
1119 1053 1223 1103 μόνον

178 1115 233 1150 τοῦ
253 1115 341 1150 εἰναι
366 1118 436 1157 τοῖς
457 1119 577 1161 πᾶσιν,
610 1113 701 1152 ἀλλὰ
727 1113 786 1152 καὶ
813 1129 872 1152 του
893 1106 931 1151 ευ
950 1106 1056 1161 εἶναι,
1087 1111 1223 1157 αἰώνιος

174 1170 268 1208 αἰτία
298 1171 514 1220 καθέστηκε,
533 1172 573 1211 τὸ
601 1174 671 1210 οἶκε
670 1177 725 1212 ἴον
754 1172 882 1224 ἀγαθὸν
903 1172 961 1210 διὰ
980 1170 1109 1216 παντὸς
1136 1187 1223 1224 εφα-

171 1229 346 1269 πὶωσασα
371 1236 431 1270 τοῦ
451 1232 601 1280 κόσμου,
622 1227 692 1271 οἷον
713 1248 783 1285 (poc
805 1231 981 1286 ἀκηρατον
1010 1230 1070 1270 καὶ
1089 1231 1219 1285 νοερόν.

171 1288 218 1327 H
250 1289 286 1327 δὲ
315 1289 445 1337 ταύτης
477 1293 513 1328 εὖ
539 1290 688 1342 ἐχομένη
718 1291 832 1344 ψυχή,
851 1289 911 1328 καὶ
925 1293 995 1337 ,ὡς
1015 1289 1115 1340 ὄμμα
1135 1305 1222 1343 προς

171 1347 344 1392 ὀξυωπίαν
377 1348 504 1396 ἑαυτὴν
538 1349 782 1399 διασμήξασα,
804 1349 842 1387 ἔκ
860 1365 895 1388 τε
928 1365 990 1396 της
1022 1349 1221 1398 ἐπιμελείας

169 1408 239 1444 τῶν
258 1408 377 1446 καλῶν
398 1407 484 1461 πρὸς
503 1406 567 1454 τὴν
596 1407 734 1461 εὐχὴν
767 1407 1002 1460 ἀνεγείρεται·
1031 1407 1090 1446 καὶ
1115 1407 1221 1445 πάλιν

170 1466 240 1512 ἀπὸ
255 1470 317 1514 τῆς
337 1468 441 1506 εὖκτ
453 1469 549 1515 ικῆς
568 1468 784 1519 πληρώσεως
798 1466 860 1515 τὴν
879 1465 1031 1514 σπουδὴν
1047 1466 1219 1515 ἐπιτείνει,

168 1525 284 1576 λόγοις
303 1525 407 1577 ἔργα
434 1526 676 1574 συνάπτουσα,
696 1527 757 1565 καὶ
783 1526 891 1578 ἔργα
913 1527 1088 1564 σπουδαῖα
1116 1526 1220 1569 θείαις

168 1583 341 1629 διαλέξεσι
371 1584 615 1638 βεὸαιουμένη.
684 1585 760 1624 Καὶ
777 1585 820 1623 τὰ
846 1585 909 1636 μὲν
929 1585 1155 1636 εὑρίσκουσα,
1174 1583 1218 1622 τὰ

166 1642 202 1681 δὲ
240 1643 513 1695 ἐλλαμπομένη,
547 1644 734 1689 σπουδάζει
770 1659 807 1683 τε
843 1643 866 1682 ἃ
901 1644 979 1696 εὔχ
993 1659 1070 1683 ετα
1083 1659 1113 1691 ι,
1158 1643 1218 1682 καὶ

165 1702 353 1754 εὔχεται
381 1702 402 1741 ἃ
423 1702 625 1748 σπουδάζει.
663 1702 820 1749 Τοιαύτη
847 1702 911 1752 μὲν
927 1706 949 1751 ἡ
979 1705 1038 1749 τῆς
1065 1702 1218 1749 σπουδῆς

163 1760 224 1798 καὶ
255 1763 317 1808 τ’ἧς
349 1762 394 1799 εὖ
408 1764 489 1814 χ’ἧς
521 1761 657 1804 ἕνωσις.
705 1761 754 1801 Τί
787 1762 822 1801 δὲ
854 1761 899 1800 τὰ
933 1762 976 1799 δι’
1011 1761 1216 1814 ἀμφοτέρων

162 1819 293 1858 τούτων
312 1820 589 1872 κατορθούμενα,
610 1819 688 1868 ἑξῆς
707 1819 904 1871 ἀκούωμεν.

163 1971 277 2007 etiam
298 1971 485 2010 felicitatis
504 1979 695 2021 perpetua
714 1978 767 2009 est
793 1984 925 2018 causa,
944 1972 1091 2007 bonum
1118 1983 1214 2019 pro-

163 2029 293 2077 prium
322 2042 392 2077 per
410 2037 533 2066 totum
552 2031 739 2067 mundum
755 2058 765 2076 ,
786 2037 967 2079 tanquam
985 2031 1109 2066 lucem
1137 2042 1214 2078 pu·-

163 2099 246 2124 ram
288 2095 404 2136 atque
455 2088 750 2126 intellectualem
794 2087 1024 2127 diffundens
1053 2087 1213 2127 Animus

162 2152 307 2193 autem,
328 2147 417 2183 huic
435 2149 508 2184 rite
535 2149 702 2184 intentus
722 2155 759 2184 et
778 2161 816 2185 se
846 2155 1030 2197 tanquam
1061 2148 1213 2184 oculum

152 2204 211 2241 ,ad
230 2206 350 2242 visum
371 2207 584 2243 acutiorem
612 2207 854 2244 reddendum
876 2208 1098 2257 detergens,
1133 2214 1212 2242 tum

164 2264 359 2301 bonorum
387 2265 514 2302 studio
532 2265 583 2302 ad
613 2278 747 2315 preces
767 2267 968 2312 excitatur,
988 2274 1067 2302 tum
1087 2266 1212 2314 preci-

160 2322 234 2359 bus
251 2336 333 2360 non
361 2324 440 2361 sine
460 2324 621 2361 deorum
637 2325 770 2361 favore
788 2325 878 2362 fusis
896 2338 1024 2361 rursus
1044 2325 1211 2361 studium

159 2381 256 2418 illud
286 2383 455 2432 adauget
468 2411 478 2429 ,
512 2384 602 2431 quia
644 2384 770 2420 verbis
807 2396 926 2432 opera
959 2383 1133 2433 adjungit
1176 2389 1214 2419 et

162 2452 279 2489 opera
298 2439 410 2478 bona*
429 2441 569 2478 divinis
601 2443 779 2490 alloquiis
799 2442 1015 2481 confirmat.
1047 2445 1103 2479 Ac
1121 2454 1211 2491 par-

159 2500 228 2535 tim
247 2499 328 2548 ipse
360 2501 580 2548 inveniens,
611 2502 750 2550 partim
786 2502 1040 2547 illuminatus,
1070 2502 1115 2537 iis
1147 2501 1212 2537 dat

158 2570 316 2606 operam
337 2571 420 2607 quae
430 2568 622 2608 precatur,
651 2567 688 2596 et
702 2569 881 2609 precatur
898 2573 940 2597 ea
961 2561 1100 2609 quibus
1118 2572 1209 2608 ope-

155 2629 239 2653 ram
259 2618 333 2655 dat.
367 2618 596 2667 Hrjusmodi
615 2620 733 2669 igitur
770 2627 824 2656 est
857 2632 982 2669 operae
1001 2628 1040 2657 et
1056 2633 1209 2669 precum

159 2676 394 2724 conjunctio.
427 2679 519 2725 Quae
541 2690 633 2714 vero
654 2678 854 2715 ambarum
877 2691 1005 2715 rerum
1024 2691 1097 2729 ope
1121 2678 1206 2716 feli-

108 2751 113 2756 ·
157 2735 253 2771 citer
273 2734 500 2784 efficiantur,
529 2736 712 2786 deinceps
732 2738 939 2776 audiamus.

517 2831 645 2871 XXII.
679 2836 852 2871 49-51.

716 2926 748 2959 Si
769 2935 845 2959 vero
863 2926 932 2959 haec
955 2929 1082 2967 teneas,

237 2978 412 3010 cognosces
433 2972 466 3004 et
481 2971 710 3005 immortalium
736 2974 869 3007 deorum
892 2976 924 3007 et
938 2975 1103 3007 hominum
1123 2985 1210 3008 mor-

1066 3021 1076 3064 [
1093 3023 1206 3055 talium

238 3064 500 3099 constitutionem
510 3091 520 3106 ,
535 3068 695 3108 quatenus
709 3068 832 3109 singula
842 3069 989 3101 disserant
1000 3070 1031 3101 et
1044 3073 1205 3111 quatenns

530 3112 781 3155 [communione
803 3115 944 3156 quadam
967 3116 1205 3147 contineantur.

209 3191 378 3229 Primum
428 3194 588 3233 deorum
648 3199 824 3234 notitiam
875 3199 1205 3249 theologicamque

157 3250 355 3289 scientiam
375 3253 440 3300 iis,
464 3256 530 3303 qui
547 3257 600 3292 ita
617 3257 776 3293 instituti
797 3265 903 3305 sunt,
924 3258 1043 3294 affore
1064 3260 1205 3307 praedi-

156 3309 231 3354 cit,
262 3316 376 3358 atque
402 3325 536 3350 eorum
556 3317 745 3362 omnium,
767 3329 850 3365 quae
877 3329 899 3352 a
919 3329 1025 3352 sacro
1051 3326 1204 3365 quater-

153 3368 264 3403 nario
283 3380 443 3407 numero
475 3373 665 3421 producta
690 3383 792 3420 sunt,
819 3376 1096 3424 cognitionem,
1128 3377 1199 3412 ad-

148 3424 282 3472 juncta
303 3440 435 3466 eorum
456 3432 667 3469 seeundum
683 3446 824 3482 genera
845 3434 1089 3471 distinctione
1104 3442 1141 3471 et
1153 3436 1199 3471 ad

150 3483 252 3521 hunc
273 3489 458 3525 mundum
487 3492 795 3530 constituendum
819 3494 1076 3542 copulatione.
1102 3494 1198 3532 Nmn

2255 277 2334 318 ⁴61

1640 353 1770 392 XXII.
1803 360 1976 394 49-51.

1370 471 1741 482 ———————
1756 455 1874 487 τούτων
1887 457 1920 489 δὲ
1935 459 2110 499 κρατήσας,

1371 502 1507 544 γνώσεαι
1521 501 1681 534 ἀθανάτων
1695 514 1729 534 τε
1747 504 1824 534 θεῶν
1844 505 1960 541 θνητῶν
1976 505 2004 536 τ’
2024 506 2192 548 ἀνθρώπων

1370 550 1542 590 σύστασιν,
1559 549 1579 590 ἡ
1593 560 1627 581 τε
1644 550 1765 581 ἕκαστα
1783 550 1935 592 διέρχεται
1958 551 1978 592 ᾖ
1996 563 2027 584 τε
2041 558 2209 594 κρατεῖται.

1343 638 1490 690 Πρῶτον
1511 636 1573 687 μὲν
1596 636 1872 688 θεογνωσίαν
1886 638 1944 676 καὶ
1968 640 2168 691 θεολογικὴν
2189 643 2335 690 ε’πιστῆ-

1288 710 1356 746 μην
1391 694 1607 748 παρέσεσθαι
1644 701 1714 739 τοῖς
1751 694 1859 740 οὕτως
1891 698 2027 749 ἀχθεῑσι
2061 699 2245 753 προλέγει,
2274 702 2336 740 καὶ

1285 753 1425 792 πάντων
1441 756 1509 792 τῶν
1530 753 1599 791 ἀπὸ
1619 757 1680 801 τῆς
1694 757 1788 807 ἱερᾶς
1806 754 2013 808 τετρακτύος
2030 758 2253 796 ὑποστάντων
2271 759 2335 806 τὴν

1286 812 1554 865 ἐπίγνωσιν,
1573 812 1662 864 μετὰ
1678 817 1739 861 τῆς
1758 814 1849 853 κατὰ
1869 813 1966 866 γένος
1986 817 2099 854 αὐτῶν
2118 817 2338 869 διακρίσεως,

1286 872 1345 911 καὶ
1363 875 1425 919 τῆς
1438 873 1485 916 εἷς
1497 874 1556 910 ἕνα
1577 872 1708 923 κόσμον
1728 872 1894 917 ἑνώσεως.
1950 874 2026 921 Τὴν
2045 874 2107 927 μὲν
2121 875 2188 928 γὰρ
2206 877 2335 916 σύντα·

1286 931 1334 976 ξιν
1368 932 1481 970 αὐτῶν
1507 933 1654 970 ἐνταῦθα
1676 932 1715 970 τὸ
1733 934 1796 979 τῆς
1814 933 2062 979 συστάσεως
2085 934 2193 985 ὄνομα
2217 937 2334 983 δηλοῖι

1284 991 1322 1029 τὸ
1342 991 1372 1028 δ’
1393 985 1417 1043 ᾗ
1439 988 1694 1043 διέρχεται,
1714 990 1777 1037 τὴν
1806 993 1884 1030 κατ’
1906 986 1993 1036 εἶδος
2011 994 2197 1047 διαφοράν·
2216 997 2272 1033 καὶ
2294 996 2338 1035 τὸΔ

1284 1043 1308 1101 ᾗ
1329 1054 1533 1100 κρατεῖται,
1557 1049 1619 1096 τὴν
1640 1050 1732 1088 κατὰ
1752 1048 1850 1101 γένος
1875 1051 2071 1091 κοινωνίαν.
2131 1052 2246 1092 Φύσει
2265 1054 2335 1107 γὰρ

1284 1110 1455 1147 διεστῶσα
1484 1110 1553 1147 τῶν
1576 1110 1726 1159 λογικῶν
1752 1111 1875 1148 οὐσιῶν
1906 1110 1950 1150 τὰ
1975 1111 2057 1163 γένη
2079 1112 2171 1151 κατὰ
2198 1114 2335 1160 ταύτην

1283 1167 1351 1214 τὴν
1379 1167 1559 1204 διάστασιν
1592 1168 1639 1210 εἷς
1671 1167 1753 1217 μίαν
1784 1169 1967 1208 κοινωνίαν
1988 1172 2206 1223 συνέρχεται.
2265 1174 2332 1225 Τῳ

1282 1227 1352 1280 γὰρ
1372 1220 1459 1264 εἶναι
1478 1225 1521 1264 τὰ
1543 1225 1607 1274 μὲν
1629 1229 1777 1301 πρῶτα,
1798 1226 1842 1264 τὰ
1861 1227 1895 1266 δὲ
1917 1228 2031 1278 μέσα,
2059 1228 2104 1267 τὰ
2121 1229 2192 1268 δὲ”
2174 1246 2332 1283 εσχατα,

1282 1285 1499 1338 διακέκριται
1517 1283 1592 1334 ἅμα
1612 1300 1672 1322 και
1691 1284 1838 1332 ἥνωται.
1896 1286 1988 1325 Οὔτε
2004 1286 2070 1340 γὰρ
2084 1287 2127 1326 τὰ
2147 1292 2269 1342 πρῶτα
2289 1288 2330 1328 ἂν

1282 1346 1416 1398 γένοιτο
1451 1342 1560 1394 μέσα,
1589 1342 1612 1390 ἢ
1639 1343 1794 1395 ἔσχατα·
1820 1344 1898 1383 οὔτε
1936 1345 1979 1383 τὰ
2005 1346 2097 1396 μέσα
2132 1349 2277 1400 πρῶτα,
2306 1347 2331 1395 ἢ

1281 1403 1435 1456 ἔσχατα·
1474 1402 1551 1441 οὔτε
1576 1403 1620 1440 τὰ
1652 1401 1787 1455 ἔσχατα
1811 1403 1925 1454 μέσα,
1959 1404 1981 1452 ἢ
2009 1407 2155 1458 πρῶτα·
2187 1409 2265 1446 ἀλλ’
2296 1410 2334 1446 ἐν-

1281 1465 1352 1506 τοῖς
1375 1464 1633 1514 δημιουργικοῖς
1654 1461 1743 1514 ὅροις
1765 1462 1885 1508 ἀϊδίως
1905 1480 1948 1513 με
1941 1465 2001 1502 ’νει
2017 1464 2108 1503 κατὰ
2127 1465 2223 1516 γένος
2253 1468 2331 1506 δια-

1281 1519 1486 1574 κεκριμένα.
1547 1520 1617 1560 Καὶ
1640 1520 1731 1560 οὕτω
1769 1521 1831 1573 μὲν
1852 1522 1891 1560 τὸ
1918 1517 1942 1575 ἧ
1961 1522 2168 1563 ἕκαστα
2150 1525 2280 1577 ois'p7
2291 1542 2332 1564 ε-

1281 1583 1532 1630 ταινοούμεν.
1592 1574 1922 1632 Ὶὸδὲῂἕκαστα
1941 1584 2330 1658 κρατεῖτῃαι,πάλιν

1281 1633 1325 1677 αὖ
1343 1640 1426 1693 τῇδε
1452 1639 1690 1691 Θεωρησομεν.
1749 1639 1802 1678 Τὸ
1830 1656 1900 1678 παν
1927 1640 2005 1680 τόδε
2035 1643 2097 1680 οὔκ
2131 1640 2173 1680 ἃν
2195 1643 2247 1690 εἴη
2268 1659 2334 1682 τε·-

1278 1700 1392 1746 λειον,
1413 1697 1463 1748 μὴ
1482 1701 1605 1750 πρῶτα
1626 1714 1686 1736 και
1705 1698 1795 1749 μέσα
1813 1699 1871 1738 καὶ
1899 1699 2034 1752 ἔσχατα
2053 1700 2142 1754 μέρη
2166 1703 2201 1740 ἐν
2216 1705 2333 1755 ἑαυτῷ

1279 1756 1514 1806 κεκτημένον,
1534 1761 1580 1802 ὼς
1601 1756 1714 1809 ἀρχὴν
1729 1757 1788 1796 καὶ
1803 1758 1896 1808 μέσα
1911 1759 1971 1797 καὶ
1989 1759 2154 1807 τελευτὴν
2176 1764 2234 1798 τοῦ
2248 1762 2330 1800 ὅλου

1280 1816 1514 1867 συστήματος.
1575 1815 1646 1855 Καὶ
1665 1816 1710 1854 τὰ
1730 1819 1854 1868 πρῶτα
1884 1819 1946 1856 οὐκ
1967 1816 2009 1856 ἂν
2033 1818 2086 1866 εἴη
2109 1821 2255 1871 πρῶτα,
2277 1820 2329 1871 μὴ

1276 1966 1476 2010 συστάσεως
1489 1980 1630 2004 nomen
1650 1968 1713 2004 hic
1728 1980 1863 2004 eorum
1880 1968 2192 2016 conjunctionem
2212 1972 2328 2021 signi·

1274 2026 1384 2073 fleat,
1403 2029 1424 2077 ᾑ
1447 2023 1625 2077 διέρχεται
1643 2039 1734 2063 vero
1753 2027 2005 2064 differentiam
2024 2029 2223 2076 specialem
2247 2037 2284 2067 et
2298 2023 2325 2082 ᾗ

1273 2088 1454 2135 κρατεῖται
1482 2085 1628 2134 generis
1658 2086 1981 2122 communionem.
2014 2088 2160 2123 Etenim
2193 2096 2323 2138 suapte

1274 2143 1485 2180 substantia
1517 2143 1666 2180 diversa
1691 2144 1982 2194 intelligentium
2009 2153 2231 2183 naturarum
2260 2160 2327 2197 ge-

1273 2214 1364 2238 nera
1381 2203 1448 2238 ista
1476 2202 1694 2239 diversitate
1713 2204 1753 2238 in
1785 2216 1901 2239 unam
1931 2205 2149 2241 societatem
2172 2215 2328 2246 coeunt.

1273 2261 1328 2296 Eo
1348 2260 1431 2308 ipso
1453 2261 1575 2304 enim,
1597 2260 1703 2308 quod
1719 2269 1805 2297 sunt
1824 2262 1897 2298 alia
1916 2263 2038 2310 prima
2054 2289 2065 2307 ,
2088 2264 2161 2300 alia
2181 2265 2327 2311 media,

1273 2320 1345 2355 alia
1360 2320 1505 2365 ultima,
1520 2328 1741 2368 separantur
1751 2321 1859 2356 simul
1876 2329 1913 2357 et
1927 2322 2172 2370 copulantur.
2190 2325 2330 2372 Neque

1273 2379 1373 2413 enim
1394 2390 1438 2414 ea
1461 2390 1544 2426 quae
1578 2379 1700 2427 prima
1731 2386 1818 2415 sunt
1845 2378 1928 2416 ficri
1951 2388 2092 2429 queant
2116 2382 2241 2419 media
2262 2385 2320 2419 vel

1274 2437 1406 2473 ultima
1419 2450 1430 2483 ;
1449 2449 1574 2486 neque
1591 2450 1674 2486 quae
1687 2438 1815 2475 media
1828 2445 1936 2484 sunt,
1953 2440 2079 2488 prima
2092 2441 2151 2476 vel
2165 2442 2292 2478 ultima
2307 2457 2323 2490 3·

1271 2508 1396 2543 neque
1417 2508 1499 2544 quae
1519 2496 1653 2532 ultima
1667 2524 1678 2542 ,
1707 2497 1835 2534 media
1853 2498 1914 2533 vel
1939 2498 2065 2547 prima
2087 2510 2098 2534 .·
2128 2499 2194 2535 sed
2219 2501 2321 2537 intra,

1271 2555 1453 2591 terminos
1485 2567 1508 2591 a
1537 2555 1740 2592 conditore
1768 2556 1994 2593 constitutos
2026 2564 2213 2607 perpetuo
2238 2572 2316 2596 ma-

1271 2620 1362 2649 nent
1397 2626 1534 2663 genere
1563 2614 1753 2652 distincta.
1785 2615 1913 2663 Atque
1940 2616 1990 2651 ita
2012 2617 2167 2664 quidem
2202 2618 2322 2666 illud,

1270 2681 1452 2720 quatenus
1468 2674 1620 2722 sin-gula
1641 2671 1847 2720 disserant,
1874 2674 2127 2724 intelligimus.
2147 2676 2323 2716 Alterum

1270 2743 1360 2767 vero
1371 2758 1380 2776 ,
1403 2739 1582 2779 quatenus
1596 2734 1748 2781 singula
1764 2736 2020 2769 communione
2036 2736 2200 2782 quadam
2220 2749 2321 2774 con-

1270 2793 1472 2835 tineantur,
1489 2790 1565 2826 hoc
1585 2790 1703 2827 modo
1723 2803 1852 2828 rursus
1869 2791 2206 2833 considerabimus.
2228 2797 2319 2833 Haec

1269 2860 1396 2884 rerum
1414 2848 1639 2885 universitas
1655 2849 1827 2898 perfecta
1844 2862 1923 2886 non
1943 2858 2052 2897 esset,
2075 2853 2145 2889 nisi
2161 2855 2321 2902 primas,

1269 2907 1411 2943 medias
1438 2914 1554 2955 atque
1594 2908 1746 2945 ultimas
1773 2916 1924 2957 partes,
1961 2915 2141 2958 tanquam
2175 2913 2322 2961 princi·

1267 2967 1396 3014 pium,
1416 2966 1586 3002 medium
1610 2975 1725 3016 atque
1744 2966 1859 3004 finem
1880 2969 1996 3004 totius
2024 2972 2220 3019 compagis
2241 2985 2317 3008 suae

1269 3025 1496 3061 contineret.
1519 3026 1652 3073 Neque
1672 3027 1773 3062 enim
1792 3027 1916 3075 prima
1936 3034 2057 3063 essent
2075 3029 2213 3076 prima,
2242 3031 2312 3066 nisi

1266 3083 1402 3120 mediis
1426 3089 1464 3120 et
1486 3084 1629 3121 ultimis
1649 3085 1895 3134 sequentibus
1925 3096 1935 3122 z
1957 3098 2027 3122 nec
2048 3086 2176 3123 media
2195 3087 2234 3124 id
2257 3100 2315 3124 cs·

1266 3150 1349 3179 sent
1376 3142 1483 3191 quod
1501 3143 1695 3191 dicuntur,
1720 3145 1794 3181 nisi
1823 3151 1989 3181 extrema
2008 3146 2189 3193 utrinque
2209 3146 2317 3193 adja-

1267 3208 1395 3237 cerent
1423 3212 1576 3250 :neque
1597 3204 1710 3239 etiam
1737 3205 1869 3240 ultima
1900 3203 2026 3239 forent
2054 3204 2209 3253 ultima,
2240 3204 2313 3242 nisi>

1264 3261 1386 3309 prima
1404 3268 1441 3297 et
1465 3262 1592 3298 media
1610 3263 1884 3312 praecederent.
1909 3263 2028 3311 lgitur
2046 3276 2084 3299 se
2101 3271 2234 3300 mutuo
2255 3265 2311 3299 in-

1265 3321 1473 3357 troducunt
1496 3321 1545 3357 ad
1568 3323 1732 3358 universi
1760 3322 2050 3371 perfectionem.
2083 3323 2208 3369 Atque
2236 3322 2312 3358 hoc

1263 3387 1341 3427 est,
1378 3381 1485 3430 quod
1521 3379 1749 3431 (κρατεῖσθαι
1769 3380 1779 3432 )
1810 3384 1989 3418 contineri
2024 3394 2045 3417 a
2076 3393 2114 3417 se
2150 3381 2312 3418 invicem

1265 3439 1444 3476 dicuntur
1467 3452 1476 3477 z
1500 3447 1686 3488 quatenus
1721 3440 1878 3489 quidem
1912 3441 2038 3488 specie
2069 3440 2175 3475 varia
2202 3447 2308 3485 sunt,

1266 3496 1504 3543 disserentia5
1545 3506 1731 3546 quatenus
1760 3510 1850 3534 vero
1882 3496 2015 3533 mundi
2045 3497 2155 3532 unius
2184 3504 2310 3544 partes

2151 3564 2186 3592 50
