2612 3814
1090 253 1318 296 ORPHICA
1326 283 1337 294 .

152 363 185 390 ιο
203 347 324 390 Οὐδ’
306 363 347 388 αν
366 346 534 401 Ἰφίκλοιο
554 345 724 399 θοώτερος
740 338 829 399 αἶψα
848 344 1018 397 γένηται,

202 407 281 449 ὅστε
298 406 360 447 καὶ
374 405 613 461 ἀνθερίκεσσιν
630 405 836 458 ἐπέτρεχεν,
849 404 930 443 οὐδέ
944 420 978 444 τι
963 403 1128 467 ”napa-bv

204 469 320 518 σίνετ’,
346 466 485 520 ἀήσυροι
504 470 586 519 γυῖα
607 463 721 520 φέρων
742 464 801 503 ἐπὶ
819 463 918 513 λήϊον
939 468 1038 505 αὖον.

256 552 421 603 (Ideml.
441 564 476 588 c.
494 565 537 601 p.
567 551 649 589 26.
671 549 746 589 Καὶ
764 548 858 589 κατὰ
881 548 1115 604 μετάφρασιν,
1136 551 1182 594 ὡς
1234 547 1239 552 “

202 610 255 659 τὸ,
273 611 345 650 οὐδ’
364 607 409 657 ἢν
427 608 597 664 Ἰφίκλοιο
614 607 782 662 θοώτερος
802 609 964 655 αὓδάζοιο
982 609 1182 661 (Maximus

201 672 305 723 apud
321 672 546 711 Fabricium
564 671 664 710 Bibl.
693 671 812 708 Graec.
829 671 918 708 Vol.
937 671 1030 708 VIII
1048 683 1087 719 p.
1105 669 1182 713 4ιὸ

199 745 257 769 νε.
286 737 363 776 422
392 727 575 783 αὖγάζοιο)
601 729 681 767 κτλ.
703 732 764 768 Vs.
800 742 846 767 12
870 730 922 767 sic
949 729 1180 766 exhibetur·

203 789 318 830 Σίνετ’
324 818 335 837 ,
351 789 491 842 ἀήσυροι
506 787 642 842 ἐλαφρὰ
661 792 744 841 γυῖα
765 787 876 841 φέρων
894 787 952 827 ἐπὶ
969 786 1069 834 λήϊον
1087 781 1183 826 αὖον.

202 850 277 888 Sed
297 848 434 902 ἐλαφρὰ
447 851 829 899 interpretamentum
851 855 908 885 est
931 847 1039 897 quod
1057 847 1184 884 Maxi-

201 924 286 948 mus
306 912 465 950 omittit.
485 910 615 959 Quum
632 921 759 958 neque
780 907 945 953 αὗδάζοιο
966 919 1093 956 neque
1116 907 1184 944 αὐ-

202 969 322 1021 γάζοιο
343 971 439 1008 ferri
461 977 597 1020 queat,
615 981 671 1006 vs.
699 981 745 1005 10
775 968 1032 1016 probabiliter
1050 979 1184 1004 emen—

204 1029 312 1066 dasse
341 1030 480 1067 videor
511 1028 716 1067 scribendo
752 1020 841 1080 αἶψα
873 1024 1036 1078 γένηται.
1071 1026 1181 1063 Conf.

203 1090 320 1126 Hom.
350 1089 462 1128 Iliad.
497 1089 566 1127 lib.
596 1087 671 1127 XX
702 1100 758 1126 vs.
788 1086 886 1124 226·
893 1085 971 1124 228
996 1087 1039 1124 'et
1066 1085 1182 1124 Ovid.

203 1149 459 1198 Metamorph.
485 1147 554 1184 lib.
576 1147 614 1186 X
633 1159 690 1185 vs.
711 1143 926 1196 654-655.)

594 1233 713 1273 LVII.

203 1316 291 1363 Ὧδε
309 1321 376 1375 γὰρ
395 1321 435 1360 ἂν
451 1320 573 1373 μίμνοι
589 1320 741 1376 καθαρός
757 1337 796 1360 τε
814 1321 899 1373 (καὶ)
917 1320 1067 1373 ἔμπλεος
1084 1323 1184 1371 οἰνος,

201 1381 335 1434 ἥδυμος
351 1380 482 1429 εὐώδης
498 1395 553 1419 τε·
575 1379 683 1420 καλὸν
703 1381 733 1420 δ’
751 1380 826 1425 ἔτος
846 1380 922 1420 ἐστὶ
935 1380 1073 1435 φυτείῃ.

260 1467 541 1527 (TzetzesExeg.
555 1478 598 1515 p.
615 1478 718 1513 127.
732 1463 939 1509 Ὁπαλαιὸς
951 1465 1020 1518 γὰρ
1035 1465 1185 1521 Ὀρφευς

205 1527 263 1576 ἀφ’
282 1528 389 1578 ουπερ
409 1525 461 1562 δ’
446 1523 528 1574 εμὸς
543 1527 695 1576 χρυσοῦς
706 1521 910 1577 ε’(Ομηρος
891 1539 938 1569 ως
952 1526 1186 1579 ἀνθεμουργὸς

206 1585 358 1636 μέλισσα
375 1585 440 1637 (sic
457 1585 529 1635 leg.
547 1598 621 1635 pro
640 1583 826 1635 μέλισσαν)
843 1582 959 1622 πολλὰ
975 1583 1063 1632 ἄνθη
1089 1587 1184 1626 ἐπῶν

205 1644 483 1698 ἀπεδρέψατο,’
469 1660 503 1683 εν
538 1648 614 1688 ταῖς
642 1645 767 1683 ἑαυτου
801 1644 1112 1698 δωδεκαετηρίσιν,
1147 1648 1184 1684 οὐ

206 1705 369 1758 νήδυμον
383 1703 488 1757 φησὶν
510 1704 602 1743 ἀλλὰ
632 1702 782 1756 ἥδυμον,
814 1701 928 1756 λέγων
947 1705 1096 1744 οὑτωσί·
1117 1700 1186 1744 ὧδε

205 1762 272 1814 γὰρ
304 1761 346 1800 ἂν
367 1762 490 1813 μίμνοι
512 1764 592 1801 κτλ.
615 1764 765 1801 Inserui
784 1763 846 1801 καὶ
873 1777 961 1802 cum
988 1766 1184 1804 Lobeckio

209 1823 396 1873 Aglaoph.
410 1830 440 1861 t.
457 1824 475 1859 I
488 1836 531 1873 p.
553 1821 662 1876 424.)

207 1904 292 1944 Οὐδ’
311 1904 358 1949 ὥς
380 1920 424 1955 με
439 1903 569 1957 γλυκὺς
588 1903 694 1948 ὕπνος
714 1905 755 1958 ἐᾷ
781 1904 1006 1958 βλεφάροισιν
1028 1906 1155 1958 ἷαύειν,

210 1964 396 2016 ἱστάμενός
409 1963 439 2003 θ’
455 1963 605 2008 ἁπαλοῖς
619 1966 652 2003 ἐν
670 1964 825 2018 ὀνείρασι
837 1963 958 2009 νυκτὸς
972 1966 1026 2004 ἀν’
1038 1965 1182 2019 ὄρφνην.

261 2051 462 2101 (Tzctzesl.
482 2064 517 2089 c.
533 2063 541 2087 z
558 2048 632 2088 Καὶ
648 2049 805 2102 ἀλλαχοῦ
822 2049 928 2088 πάλιν
939 2049 1062 2103 φησίν·
1080 2048 1186 2089 ὕπνον

207 2108 243 2152 ὃς
257 2110 319 2147 οὐκ
336 2110 377 2162 ἐᾷ
398 2123 442 2159 με
455 2107 585 2160 λιγυν’
570 2107 629 2146 επὶ
649 2109 901 2162 βλεφάροισιν’
892 2108 1016 2197 ιαύεΓιν,
1036 2109 1186 2160 ἱστάμε-

359 2166 585 2182 ,,,,,

205 2227 304 2279 λιγὺς
325 2226 453 2266 ταυτόν
486 2229 560 2266 ἐστι
586 2229 636 2279 τῷ
667 2225 814 2278 ἥδυμος.
852 2230 990 2265 Versus
1021 2242 1188 2278 quorum

205 2289 394 2326 sententia
415 2288 534 2325 dubia
554 2299 635 2325 esse
653 2300 735 2324 non
747 2295 887 2337 potest,
909 2289 1018 2325 nullo
1031 2290 1187 2339 negotio

206 2349 370 2387 restitui.
389 2349 435 2384 In
446 2349 490 2384 iis
503 2360 587 2396 quae
598 2346 751 2384 Tzetzes
766 2347 963 2398 subjungit
971 2349 1097 2386 verbis
1114 2363 1188 2399 pro

207 2405 248 2443 τὸ
267 2404 304 2444 δὲ
326 2404 424 2458 λιγὺς
443 2414 607 2456 apparet
624 2405 663 2443 τὸ
692 2405 728 2444 δὲ
755 2404 884 2458 γλυκὺς
912 2410 1051 2457 reponi
1073 2422 1190 2459 opor-

208 2466 319 2516 tere.)

155 2556 172 2581 5
211 2542 258 2582 Εἰ
279 2541 342 2593 μὲν
363 2541 431 2595 γὰρ
446 2540 628 2593 στείχῃσιν
648 2541 702 2580 ἐπ’
723 2543 873 2597 ἀρνειοῖο
887 2543 990 2584 θοοῒο.

2230 259 2304 293 189

1325 345 1499 382 velocem
1512 350 1630 393 poeta
1642 343 1809 392 appellat
1821 343 1947 380 arietis
1958 345 2107 393 signum
2123 342 2198 395 [τὸν
2210 344 2307 396 κριὸν

1324 405 1445 441 Arato
1459 415 1516 441 vs.
1534 400 1645 452 238],
1662 401 1771 451 quod
1783 402 1931 452 signum
1946 400 2014 439 Sol
2025 403 2166 440 dicitur
2176 404 2305 454 inire.)

1323 478 1433 519 Οὔτοι
1451 476 1632 532 ἀριστερός
1650 478 1723 527 εἶμι
1739 476 1953 529 θεοπροπίας
1972 477 2188 532 ἀναφαίνειν,

1325 538 1418 578 ἀλλά
1438 554 1498 589 μοι
1515 540 1551 577 ἐν
1570 537 1756 585 στήθεσσιν
1778 535 1987 585 ἀληθεύουσι
2009 536 2191 589 μέριμναι.

1380 616 1524 668 (Schol.
1544 614 1681 664 Eurip.
1699 615 1836 653 Alcest.
1867 627 1924 653 vs.
1945 614 2022 664 985
2041 628 2050 653 :
2071 613 2142 652 Καὶ
2159 614 2307 663 ποιητὴς

1324 675 1386 714 καὶ
1404 674 1528 725 μάντις
1542 668 1613 721 ἧνὸ
1628 670 1796 726 Ὀρφεύς.
1815 671 2015 725 Φιλόχορος
2033 674 2068 711 ἐν
2084 671 2214 726 πρώτῳ
2231 674 2311 727 περὶ

1325 736 1498 785 μαντικῆς
1518 732 1695 781 ἐκτίθησιν
1715 732 1825 771 αὐτοῦ
1839 732 2024 783 ποιήματα
2042 731 2170 784 ἔχοντα
2191 731 2311 778 οὕτως·

1327 790 1423 831 οὔτοι
1442 789 1623 845 ἀριστερός
1644 792 1718 843 εἶμι
1738 792 1818 830 κτλ.
1840 792 1976 841 Nuper
1999 792 2167 829 Cobetus
2190 793 2313 829 edidit

1326 850 1537 905 θεοπροπίας
1558 850 1754 899 ἀποειπεῖν,
1778 851 1885 899 cujus
1904 852 1992 889 loco
2006 853 2142 902 scripsi
2162 850 2313 904 ἀναφαί-

1328 926 1415 962 νειν,
1427 911 1646 960 conjectum
1651 911 1730 959 jam
1743 911 1895 961 pridem
1902 911 2102 948 Lobeckio
2115 913 2309 962 Aglaoph.

1326 972 1346 1010 I
1362 985 1405 1021 p.
1423 972 1512 1020 237.
1530 973 1605 1008 Pro
1621 969 1832 1017 ἀληθεύουσι
1849 968 2018 1020 μέλαινα,
2038 985 2122 1021 quae
2132 972 2312 1009 codicum

1325 1030 1441 1067 lectio
1457 1038 1526 1077 est,
1541 1031 1674 1080 recepi
1696 1030 1942 1080 probabilem
1957 1030 2092 1068 Cobeti
2110 1030 2312 1078 conjectu-

1326 1101 1410 1125 ram
1429 1086 1638 1135 ἀληθεύουσι
1660 1087 1854 1140 μέριμναι.)

1327 1167 1374 1206 Εἰ
1389 1165 1425 1205 δὲ
1442 1165 1636 1218 γεωπονίης
1654 1182 1695 1205 σε
1714 1166 1951 1220 φιλομὸρότου
1969 1166 2088 1220 ἵμερος
2109 1167 2218 1220 αἱρεῖ,

1326 1218 1390 1265 καί
1407 1225 1439 1264 τ’
1459 1225 1517 1265 ἐπὶ
1533 1226 1699 1279 χρυσείης
1718 1229 1838 1278 γενεῆς
1857 1226 2016 1265 ἐντύνεαι
2034 1226 2142 1280 ἔργα,

1274 1300 1309 1326 10
1325 1286 1430 1336 γαῖαν
1447 1285 1507 1324 ἐπὶ
1526 1285 1732 1338 ζείδωρον”
1709 1302 1805 1338 αγων
1824 1286 2044 1337 eductu-trec*
2021 1302 2183 1340 αροτρον,

1325 1344 1348 1394 ἢ
1366 1346 1482 1398 γυροῗς
1501 1343 1552 1384 ἔνι
1570 1347 1694 1396 κλῆμα
1714 1346 1943 1398 Μεθυμναίου
1960 1345 2124 1393 λελίησαι

1327 1405 1542 1456 κατθέμεναι
1561 1405 1623 1445 καὶ
1632 1405 1782 1459 λαρὸν’
1766 1406 1908 1458 οπώρης
1925 1397 2023 1459 εἶδαρ
2037 1405 2178 1445 ἑλέσθαι

1325 1466 1444 1519 ἱμείρῃ
1460 1496 1471 1514 ,
1494 1464 1660 1519 σκαποίνῃ
1676 1480 1714 1503 τε
1730 1466 1886 1518 λαχῆναι
1907 1464 2085 1518 ἄμὸροτον
2106 1468 2205 1504 αἰαν·

1326 1525 1453 1564 αὐτίκα
1474 1525 1516 1573 δή
1531 1539 1584 1564 τοι
1602 1531 1722 1565 πᾶσαν
1742 1524 1934 1576 ἐτητυμίην
1952 1523 2150 1576 καταλέξω,

1274 1599 1306 1625 15
1323 1584 1445 1629 οππως
1459 1582 1501 1623 ἂν
1522 1585 1655 1622 πανδία
1678 1584 1846 1633 σεληναίη
1865 1584 2046 1624 πεπίθοιτο

1326 1643 1459 1695 ὅμπνιοί
1474 1659 1529 1683 σοι
1540 1643 1731 1698 Δήμητρος
1751 1643 1945 1698 ἀερσινόοιό
1958 1660 1995 1683 τε
2011 1644 2158 1697 Βάκχου

1328 1704 1410 1757 δῶρ’
1437 1703 1733 1756 ἀναπεμπέμεναι
1753 1703 1814 1743 καὶ
1838 1703 2013 1752 ἐπητανὸν
2031 1703 2135 1743 ὄλὸον
2153 1702 2311 1750 ὃποίζειν.

1385 1784 1548 1835 (Tzetzes
1572 1783 1728 1823 Proem.
1748 1797 1790 1834 p.
1823 1797 1867 1831 17
1891 1797 1900 1821 z
1922 1782 2090 1822 Ἡσιόδου
2112 1781 2232 1835 Ἔργα
2251 1782 2311 1820 καὶ

1328 1842 1485 1895 ξΗμέραι
1504 1842 1544 1880 τὸ
1562 1841 1697 1895 βιὸλίον
1719 1840 1978 1896 ἐπιγέγραπται
1994 1858 2080 1896 προς
2101 1842 2316 1880 ἀντιδιαστο-

1328 1901 1393 1949 λὴν
1416 1904 1485 1941 τῶν
1511 1918 1573 1941 του
1594 1901 1748 1954 μεγάλου
1775 1900 1936 1957 Ὀρφέως
1954 1901 2062 1956 ἔργων
2084 1901 2145 1941 καὶ
2169 1904 2239 1952 ἡμε
2226 1904 2312 1955 ρῶν

1329 1964 1378 2000 ὡν
1395 1960 1523 2014 [ἔργων
1539 1960 1700 2014 Ὀρφέως
1722 1959 1800 2008 ἤτοι
1813 1964 1872 1999 τοῦ
1887 1976 1968 2014 περι
1989 1959 2184 2014 Γεωργίας]
2206 1959 2315 2004 οὕτως

1330 2020 1424 2059 ἐστιν
1441 2023 1463 2068 ἡ
1487 2020 1603 2073 ἀρχή·
1632 2021 1662 2059 εἷ
1684 2018 1733 2059 δὲ.
1743 2019 1938 2071 γεωπονίης
1970 2021 2051 2060 κτλ.
2075 2022 2182 2059 Idem
2206 2022 2313 2058 locus

1330 2089 1452 2119 exstat
1461 2083 1501 2118 in
1513 2082 1670 2118 Maximi
1685 2082 1851 2118 carmine
1863 2081 1967 2131 apud
1977 2082 2199 2119 Fabricium
2212 2082 2312 2119 Bibl.

1329 2142 1450 2179 Graec.
1470 2142 1551 2180 vol.
1579 2141 1666 2179 V111
1687 2154 1727 2190 p.
1745 2145 1839 2189 440,
1869 2154 1925 2180 νε.
1955 2139 2144 2186 456-465.
2168 2142 2234 2179 Vs.
2266 2154 2310 2187 17

1329 2202 1442 2251 posui
1459 2200 1649 2247 ἐπητανὸν,
1670 2207 1715 2235 ut
1734 2206 1789 2236 est
1805 2212 1871 2249 ap.
1888 2201 2115 2250 Maximum,
2134 2200 2314 2249 repudia·

1331 2270 1368 2299 ta
1402 2262 1546 2298 Tzetzis
1576 2261 1742 2297 lectione
1777 2257 1967 2306 ἐπηετανὸν
1996 2273 2111 2308 quam
2139 2261 2312 2308 sequitur

1330 2320 1547 2358 Lobeckius
1557 2320 1748 2369 Aglaoph.
1760 2318 1825 2368 lp.
1837 2323 1858 2363 4
1868 2332 1881 2355 ι
1890 2324 1912 2364 4
1920 2348 1929 2358 .
1942 2319 2147 2369 Reliquam
2156 2321 2317 2369 scriptu-

1336 2393 1387 2416 rae
1404 2380 1664 2416 diversitatem
1679 2378 1898 2429 praetereo.)

1335 2449 1504 2503 Ἀστραίη
1523 2447 1633 2502 κούρη
1655 2449 1691 2487 δὲ
1707 2447 1808 2487 πέλει
1826 2447 1912 2501 πρὸς
1934 2447 2076 2486 ἅπαντα
2095 2448 2241 2502 φερίστη

1337 2508 1546 2562 σπέρματα,
1565 2507 1628 2547 καὶ
1657 2507 1694 2546 δὲ
1728 2511 1887 2561 φυτοῖσιν
1910 2506 2110 2559 ἐναίσιμος,
2131 2508 2166 2547 ἔν
2191 2524 2230 2546 τε
2252 2507 2316 2561 βό-

2206 2571 2223 2606 θ
2249 2583 2317 2607 οισι

266 2625 426 2675 (Tzetzes
437 2627 466 2665 l.
483 2639 515 2663 c.
529 2639 569 2675 p.
587 2625 658 2663 33:
678 2625 778 2665 Καὶὸ
797 2625 967 2678 Ὀρφεύς·
987 2625 1032 2666 Ἢ
1047 2625 1110 2676 μὲν
1124 2625 1191 2679 γὰρ
1273 2641 1309 2667 20
1339 2626 1481 2679 βάλλειν
1504 2626 1604 2679 ἔρνεα
1624 2626 1763 2675 πάντα,
1783 2626 1828 2666 τά
1846 2643 1886 2666 τε
1903 2625 2004 2679 δρυὸς
2025 2625 2116 2679 ἄκρα
2136 2566 2316 2679 λέξονρται,

209 2687 290 2725 ιιι-λ.
311 2685 562 2723 scribendum
585 2686 614 2723 εἷ
645 2684 708 2736 μὲν
727 2685 810 2737 γὰρ.
834 2686 1021 2726 Caeterum
1051 2699 1193 2737 agnum
1334 2685 1427 2730 οἴνας
1445 2686 1473 2724 δ’
1498 2684 1729 2735 ἐξαλέασθαι,
1750 2685 1827 2725 ἐπεὶ
1844 2684 1984 2738 στυγέει
2007 2685 2182 2738 περίαλλα

128 2794 177 2830 Ne
190 2796 237 2828 sic
258 2795 403 2837 quidem,
425 2796 450 2828 si
463 2795 572 2829 statim
589 2795 712 2837 Iphiclo
724 2795 867 2828 velocior
881 2796 986 2828 factus
1003 2795 1102 2829 tuerit
1113 2820 1123 2836 ‚
1254 2797 1287 2829 et
1309 2805 1414 2828 aureae
1432 2796 1539 2829 aetatis
1554 2796 1684 2837 aggredi
1702 2796 1750 2828 vis
1766 2805 1886 2838 opera,

129 2856 186 2898 qui
207 2856 304 2888 etiam
320 2855 434 2888 aristas
450 2855 670 2897 percurrebat,
692 2864 798 2897 neque
813 2855 922 2897 fruges
1254 2858 1374 2889 terram
1391 2856 1576 2898 frugiferam
1593 2856 1803 2899 proscindens
1818 2866 1920 2890 curvo
1935 2859 2043 2890 aratro
2054 2883 2064 2899 ,

131 2914 283 2956 laedebat,
305 2914 388 2948 levia
402 2915 548 2948 membra
561 2915 665 2948 ferens
685 2923 780 2956 super
795 2915 896 2947 siccas
916 2916 1053 2957 segetes.
1254 2918 1312 2948 aut
1331 2916 1363 2948 in
1381 2916 1552 2949 scrobibus
1569 2916 1686 2950 Bacchi
1704 2916 1871 2958 palmitem
1887 2918 1981 2958 optas

608 3006 697 3039 LVII
1253 2975 1390 3008 condere
1405 2975 1602 3017 dulcemque
1619 2975 1789 3009 auctumni
1802 2975 1945 3008 fructum
1959 2975 2129 3008 comedere

699 3028 710 3039 ⁶
1255 3035 1363 3076 cupis,
1379 3035 1412 3068 et
1430 3035 1536 3076 ligone
1555 3036 1675 3069 terram
1690 3035 1906 3068 immortalem
1924 3042 2075 3068 exercere
2094 3044 2102 3063 ε

132 3094 184 3128 Sic
198 3094 283 3127 enim
303 3094 433 3127 maneat
448 3093 563 3126 vinum
584 3102 703 3135 purum
723 3094 756 3126 et
770 3092 915 3135 plenum,
1065 3092 1140 3135 [est.
1151 3110 1193 3118 —-
1253 3094 1363 3127 statim
1380 3094 1440 3127 tibi
1458 3103 1589 3127 omnem
1603 3094 1777 3128 veritatem
1793 3094 1900 3127 dicam
1911 3118 1920 3135 ‚

133 3153 228 3186 dulce
245 3152 483 3195 odoratumque
504 3165 513 3186 ι
539 3154 744 3194 opportunus
771 3162 850 3186 vero
875 3152 1064 3193 plantationi
1089 3161 1193 3185 annus
1254 3155 1290 3186 ut
1309 3154 1418 3186 divina
1435 3154 1512 3187 luna
1533 3155 1735 3195 obsequatur

134 3215 181 3247 Ne
197 3215 243 3247 sic
261 3214 392 3256 quidem
410 3223 463 3247 me
476 3214 581 3247 dulcis
603 3223 738 3247 somnus
754 3214 830 3247 sinit
844 3213 1004 3255 palpebris
1018 3213 1172 3253 dormire,
1254 3212 1408 3255 almaque
1429 3213 1485 3246 tibi
1505 3213 1632 3246 Cereris
1650 3215 1683 3245 et
1697 3212 1828 3254 superbi
1846 3212 1959 3245 Bacchi

134 3276 222 3307 stans
239 3273 388 3306 mollibus
403 3274 437 3306 in
453 3274 585 3307 somniis
606 3283 663 3315 per
681 3274 786 3306 noctis
798 3273 1004 3306 tenebras.--
1255 3273 1338 3306 dona
1355 3274 1461 3307 mittat
1481 3283 1518 3307 ac
1533 3274 1636 3316 largas
1650 3282 1728 3315 opes
1751 3273 1948 3315 suppeditet.
1959 3293 1999 3300 -

137 3333 170 3366 Si
190 3333 276 3365 enim
295 3333 428 3366 accedat
446 3333 487 3366 ad
507 3343 625 3375 agnum
649 3335 801 3367 velocem.
817 3354 860 3361 —
1255 3334 1378 3366 Astraea
1395 3334 1483 3375 virgo
1503 3334 1670 3376 aptissima
1687 3334 1737 3366 est
1753 3333 1793 3366 ad
1820 3333 1928 3366 omnia

135 3395 206 3427 Nou
227 3401 340 3434 parum
356 3392 493 3426 idoneus
511 3402 584 3426 sum
598 3393 638 3426 ad
654 3393 817 3427 fundenda
833 3393 980 3435 oracula,
1255 3393 1396 3434 semina,
1417 3394 1450 3426 et
1469 3393 1587 3435 plantis
1602 3396 1789 3435 opportuna
1805 3394 1905 3433 atque
1923 3392 1964 3424 ad
1978 3391 2107 3424 scrobes

136 3452 192 3488 sed
209 3460 301 3485 mens
317 3452 397 3485 mihi
414 3452 447 3485 in
463 3456 594 3495 pectore
611 3462 710 3487 verax
727 3454 787 3486 est.
799 3473 841 3480 —
1255 3461 1312 3494 pro
1332 3452 1421 3485 omni
1438 3452 1569 3485 surculo
1584 3453 1688 3494 pomis
1708 3460 1784 3494 quae
1805 3451 1961 3483 dicuntur
1981 3449 2195 3482 conserendas
2206 3474 2214 3488 ,

137 3512 170 3547 Si
189 3521 264 3545 vero
273 3511 478 3553 agriculturae
490 3512 675 3546 hominibus
686 3513 877 3555 opportunae
888 3512 1045 3546 desiderio
1059 3513 1192 3554 teneris,
1256 3514 1336 3547 vites
1355 3523 1432 3547 vero
1447 3513 1576 3556 (decet)
1591 3514 1706 3555 vitare,
1721 3513 1875 3555 quoniam
1889 3512 2004 3554 insigni
2017 3511 2091 3544 odio
2112 3510 2315 3552 persequitur
2338 3548 2341 3551 ,
