2612 3814
306 241 382 278 176

385 322 486 363 Κατ’
516 317 780 374 ἀποδοχμώσας
810 317 929 372 παχὺν
963 315 1118 371 αὒχένα,
1140 314 1207 354 κὰδ
1236 313 1272 353 δέ
1301 330 1360 366 μιν
1393 319 1400 338 '

1228 373 1243 429 [
1259 374 1366 418 ὕπνος

384 441 465 494 ᾕρει
484 438 744 492 πανδαμάτωρ.

439 521 643 571 (Clemens
676 517 961 557 Alexandrinus
1008 516 1151 554 Strom.
1204 514 1271 552 lib.
1310 513 1366 553 VI

382 594 424 630 p.
458 578 530 628 751
567 589 577 615 t
608 575 736 630 Εὕροις
759 574 791 614 δ’
818 573 861 614 ἂν
882 573 943 613 καὶ
957 571 1147 626 υΟμηρον,
1169 572 1229 611 τὸν
1254 570 1366 624 μέγαν

384 634 552 688 ποιητήν,
569 637 686 676 ἐκεῖνα
700 634 746 674 τὰ
763 634 830 683 ἔπη
843 664 853 682 ,
872 627 958 674 Οἶον
976 631 1011 671 δὲ
1025 633 1144 686 τρέφει
1161 631 1255 685 ἔρνος
1277 629 1367 683 ἀνὴρ

384 697 542 751 ἐριθηλὲς
569 696 690 745 ἐλαίης
723 695 813 747 (Ἰλ.
839 710 870 747 ρ,
904 691 971 746 53)
992 692 1053 731 καὶ
1081 691 1126 730 τὰ
1153 690 1254 741 ἑξῆς,
1275 689 1367 729 κατὰ

383 756 474 802 λέξιν
498 754 756 809 μετενηνοχότα
776 754 861 806 παρ’
878 751 1038 806 Ὀρφέως
1057 752 1097 790 ἐκ
1117 754 1178 790 τοῦ
1194 749 1367 790 Διονύσου

388 818 609 872 ἀφανισμοῦ·
627 813 663 854 ἔν
678 829 716 853 τε
734 816 777 867 τῇ
795 810 955 866 θεολογία
969 810 1026 850 ἐπὶ
1043 813 1103 850 τοῦ
1124 809 1259 863 Κρόνου
1281 809 1368 863 Ὀρ-

386 882 443 928 φεῖ
461 874 675 923 πεποίηται·
695 873 781 913 κεῖτ’
802 869 1066 924 ἀποδοχμώσας
1084 870 1163 908 κτλ.
1184 871 1308 909 Ταῦτα
1329 868 1365 909 δὲ

385 934 550 989 Ὅμηρος
580 934 679 985 (Ὀδ.
701 950 733 984 ι,
753 931 855 983 372)
877 930 935 970 ἐπὶ
953 932 1014 970 τοῦ
1035 929 1232 974 Κύκλωπος
1255 927 1368 982 μετέ-

388 1000 506 1043 θηκεν.
523 996 535 1047 )

386 1076 558 1122 Ὠκεανός
571 1106 581 1125 ,
602 1074 713 1129 ὅσπερ
731 1073 865 1127 γένεσις
882 1071 1055 1112 πάντεσσι
1076 1070 1256 1110 τέτυκται.

442 1161 657 1213 (Athenag.
673 1162 806 1210 Legat.
829 1172 863 1196 c.
885 1156 931 1195 15
952 1171 994 1208 p.
1015 1157 1064 1203 64
1090 1171 1099 1195 :
1122 1154 1288 1209 Ὁμήρου
1303 1154 1367 1206 μὲν

384 1221 453 1276 γὰρ
472 1220 653 1273 λέγοντος,
673 1216 849 1258 Ὠκεανόν
871 1231 910 1255 τε
936 1219 1023 1255 θεῶν
1043 1215 1179 1268 γένεσιν
1202 1214 1262 1254 καὶ
1292 1231 1368 1267 μη-

385 1281 472 1334 τέρα
493 1279 636 1329 Τηθύν·
657 1276 820 1334 Ὀρφέως
837 1275 874 1316 δὲ
899 1275 957 1329 (ὃς
975 1275 1038 1316 καὶ
1068 1275 1113 1315 τὰ
1130 1275 1288 1327 ὀνόματα
1307 1275 1368 1313 αὖ·

388 1343 458 1379 τῶν
485 1342 624 1394 πρῶτος
651 1338 812 1391 ἐξεῦρεν,
840 1335 900 1376 καὶ
931 1335 994 1379 τὰς
1014 1335 1167 1388 γενέσεις
1187 1334 1365 1386 διεξῆλθε,

386 1399 448 1440 καὶ
472 1398 539 1439 ὅσα
559 1398 721 1443 ἑκάστοις
742 1396 944 1449 πέπρακται
965 1387 1062 1445 εἷπε,
1093 1394 1155 1436 καὶ
1175 1395 1367 1434 πεπίστευ-

387 1475 445 1497 ται
476 1458 562 1512 παρ’
591 1459 707 1501 αὐτοῖς
740 1455 973 1509 ἀληθέστερον
1013 1455 1205 1507 θεολογεῒν·
1237 1448 1267 1509 ᾧ
1306 1454 1367 1493 καὶ

387 1517 552 1572 Ὄμηρος
564 1517 609 1557 τὰ
630 1516 745 1556 πολλὰ
762 1514 824 1555 καὶ
843 1515 925 1569 περὶ
945 1516 1031 1555 θεῶν
1052 1514 1210 1566 μάλιστα
1227 1514 1364 1567 ἕπεται)

387 1579 448 1618 καὶ
468 1580 575 1617 αὐτοῦ
607 1577 671 1626 τὴν
702 1574 847 1629 πρώτην
865 1570 1012 1626 4γένεσιν
1036 1575 1150 1613 αὖτῶν
1180 1573 1215 1620 ἐξ
1243 1573 1368 1620 ὕδατος

389 1637 631 1681 συνιστάντος·
651 1634 846 1683 Ὠκεανός,
870 1634 980 1687 ὅσπερ
999 1635 1078 1676 κτλ.
1100 1628 1172 1674 ’Ἦν
1186 1633 1253 1688 γὰρ
1274 1633 1367 1688 ὕδωρ

388 1696 482 1750 ἀρχὴ
509 1696 588 1735 κατ’
615 1695 719 1735 αὐτὸν
753 1697 826 1740 τοῖς
854 1692 969 1744 ὅλοις,
991 1693 1064 1733 ἀπὸ
1091 1692 1127 1733 δὲ
1154 1697 1217 1733 τοῦ
1243 1693 1368 1739 ὕδατος

387 1756 461 1802 ἰλὺς
476 1755 630 1805 κατέστη
644 1772 653 1781 ·
675 1758 715 1796 ἐκ
734 1754 770 1794 δὲ
795 1753 972 1808 ἑκατέρων
992 1754 1160 1806 ἐγεννήθη
1177 1756 1265 1808 ζῷον
1283 1753 1366 1806 δρά-

391 1833 462 1856 κων
475 1847 486 1866 ,
506 1817 796 1869 προσπεφυκυῖαν
826 1814 919 1868 ἔχων
941 1813 1098 1869 κεφαλὴν
1118 1814 1271 1858 λέοντος.
1298 1813 1368 1854 Διὰ

389 1876 497 1927 μέσου
520 1875 556 1915 δὲ
576 1877 690 1915 αὐτῶν
708 1878 785 1914 θεοῦ
808 1874 1017 1928 πρόσωπον,
1043 1874 1156 1926 ὄνομα
1186 1873 1369 1927 Ἡρακλῆς

387 1935 448 1975 καὶ
469 1935 615 1989 Κρόνος.
637 1928 752 1980 Οῧτος
770 1936 788 1973 ὃ
810 1933 995 1987 Ἡρακλῆς
1013 1933 1197 1987 ἐγέννησεν
1215 1934 1368 1987 ὑπερμέ-

388 2000 487 2049 γεθες
507 1994 596 2044 ὠόν,
613 1993 631 2034 ὃ
651 1993 969 2048 συμπληρούμενον
989 1993 1057 2033 ὑπὸ
1078 1993 1157 2047 βίας
1171 1996 1233 2032 τοῦ
1252 2009 1368 2046 γεγεν-

388 2053 534 2104 νηκότος
554 2055 594 2092 ἐκ
609 2052 835 2107 παρατριὸῆς
854 2053 902 2098 εἷς
924 2053 984 2092 δύο
999 2053 1150 2108 ἓρῤάγη·
1170 2051 1210 2091 τὸ
1230 2052 1295 2104 μὲν
1309 2047 1368 2092 οῦν

388 2110 483 2151 κατὰ
503 2113 659 2167 κορυφὴν
678 2114 785 2152 αὐτοῦ
802 2112 946 2166 οὗρανὸς
965 2106 1053 2151 εἶναι
1069 2111 1254 2160 ἐτελέσθη·
1273 2112 1312 2152 τὸ
1332 2112 1368 2152 δὲ

387 2171 597 2225 κατενεχθὲν
623 2176 682 2224 γῆ.
715 2173 880 2227 Προῆλθε
897 2171 935 2211 δὲ
953 2172 1014 2212 καὶ
1028 2174 1082 2221 Γῆ
1109 2172 1167 2212 διὰ
1188 2172 1365 2225 σώματος.

389 2230 548 2283 Οὐρανὸς
573 2231 609 2271 δὲ
623 2235 677 2287 Γῇ
699 2234 836 2285 μιχθεὶς
851 2239 957 2288 γεννᾷ
977 2233 1117 2283 θηλείας
1135 2232 1200 2286 μὲν
1217 2234 1369 2285 Κλωθώ,

391 2289 570 2343 Λάχεσιν,
609 2289 801 2346 Ἄτροπον·
835 2293 961 2347 ἄνδρας
1012 2293 1048 2332 δὲ
1098 2293 1370 2348 ἑκατόγχειρας,

391 2349 551 2403 Κόττυν,
574 2351 712 2401 Γύνην,
734 2352 918 2407 Βριάρεων
933 2352 994 2392 καὶ
1015 2341 1370 2407 Κύκλωπας,“Βρόν-

390 2425 453 2458 την
485 2409 546 2449 καὶ
573 2411 757 2465 Στερόπην
795 2412 857 2451 καὶ
891 2411 1037 2466 Ἄργον·
1074 2412 1132 2458 οὓς
1164 2413 1227 2453 καὶ
1262 2413 1371 2461 δήσας

391 2472 706 2526 κατεταρτάρωσεν
720 2504 730 2524 ,
753 2475 979 2513 ἐκπεσεῖσθαι
996 2474 1099 2514 αὑτὸν
1114 2473 1184 2514 ὑπὸ
1203 2475 1274 2514 τῶν
1291 2474 1372 2514 παί-

395 2531 462 2568 δων
485 2533 547 2580 τῆς
567 2532 678 2584 ἀρχῆς
707 2531 866 2585 μαθών.)

393 2614 510 2660 Μῆνιν
530 2612 622 2652 ἄειδε
644 2613 703 2653 θεὰ
722 2614 928 2680 Δημήτερος
949 2615 1216 2670 ἀγλαοκάρπου.

448 2695 625 2748 (Justinus
639 2700 785 2748 Martyr
799 2698 958 2739 Cohort.
975 2714 1010 2740 c.
1032 2701 1094 2749 16,
1109 2714 1153 2751 p.
1171 2701 1217 2739 81
1241 2709 1339 2741 extr.
1361 2715 1370 2738 :

393 2756 466 2794 Τοῦ
488 2754 646 2809 Ὀρφέως
669 2759 785 2805 Μῆνιν
808 2758 901 2797 ἄειδε
922 2760 1003 2800 κτλ.
1020 2761 1055 2799 ἐν
1078 2761 1171 2814 ἀρχῇ
1187 2762 1250 2808 τῆς
1268 2758 1372 2807 ποιή-

395 2830 482 2860 σεως
498 2815 694 2867 εἰρηκότος,
716 2817 819 2862 αὗτὸς
841 2818 1072 2871 (Homerus)
1094 2838 1110 2855 α
1128 2823 1246 2869 Μῆνιν
1279 2819 1373 2859 ἄειδε

393 2873 471 2914 Θεὰ
489 2875 705 2923 Πηληϊάδεω
719 2876 880 2929 Ἀχιλῆος
900 2897 913 2913 »
933 2879 1118 2933 γέγραφεν.
1143 2881 1201 2920 Cf.
1222 2881 1375 2920 Tzetzes

394 2937 510 2986 Exeg.
527 2937 642 2974 Hom.
658 2951 725 2974 ms.
741 2938 809 2977 fol.
827 2937 888 2990 8.)

1328 220 1574 263 ORPUICA.

1510 308 1575 350 Υἱὲ
1599 306 1680 352 Διὸς
1699 305 1887 360 μεγάλοιο,
1907 304 2023 360 πάτερ
2043 302 2124 350 Διὸς
2143 302 2330 359 αἰγιόχοιο.

1568 384 1579 438 (
1600 385 1775 423 Clemens
1791 382 1995 421 Alexandr.
2016 384 2160 421 Strom.
2181 382 2251 419 lib.
2272 384 2304 421 V
2321 394 2360 434 p.
2385 382 2462 428 718
2482 396 2492 420 τ
2519 392 2525 396 ’

1509 441 1608 491 Ἤδη
1639 442 1675 481 δὲ
1707 441 1768 480 καὶ
1798 438 1968 495 Ὄμηρος
1989 440 2154 495 φαίνεται
2179 438 2318 494 πατέρα
2339 439 2401 480 καὶ
2421 439 2496 481 υἱὸν

1513 502 1572 542 διὰ
1588 501 1720 542 τούτων
1738 502 1786 546 ὡς
1800 499 1906 554 ἔτυχε
1927 501 2096 552 μαντείας
2112 499 2279 540 εὗστόλου
2296 499 2429 552 λέγων·
2450 500 2497 541 Εἰ
2567 507 2571 511 ’

1515 561 1579 613 μὲν
1604 560 1648 610 δὴ
1677 559 1776 605 οὔτις
1802 576 1842 600 σε
1876 560 2034 614 βιάζεται
2062 554 2133 601 οἷον
2155 559 2280 612 ἐόντα,
2298 562 2435 601 Νοῦσον
2465 559 2497 599 δ’

1513 624 1524 677 (
1541 625 1617 674 leg.
1643 620 1767 661 νοῦσόν
1788 620 1842 674 γ’)
1864 622 1982 676 οὔπως
2002 620 2077 660 ἐστὶ
2095 619 2178 665 Διὸς
2210 620 2367 673 μεγάλου
2387 619 2495 660 ἀλέα·

1514 687 1595 723 σθαι
1612 684 1770 736 (Odyss.
1797 684 1870 731 IX,
1894 687 2067 728 luo-411
2089 680 2116 735 ).
2139 682 2195 722 Οὔ
2210 681 2278 735 γὰρ
2300 679 2497 726 Κύκλωπες

1512 743 1596 788 Διὸς
1622 742 1782 795 αἰγιόχου
1801 741 1984 794 ἀλέγουσιν
2002 741 2164 794 (Odyss.
2177 743 2247 788 IX,
2271 740 2348 790 275
2364 738 2389 793 ).
2421 739 2494 781 Καὶ

1511 805 1580 860 πρὸ
1596 805 1720 846 τούτου
1735 802 1888 858 Ὀρφεὺς
1903 801 1997 842 κατὰ
2016 806 2080 842 τοῦ
2096 801 2330 858 προκειμένου
2348 802 2497 858 φερόμε-

1511 882 1568 912 νος
1584 865 1743 920 εἴρηκεν·
1764 863 1830 905 Υἱὲ
1851 862 1935 908 Διὸς
1954 863 2060 915 κτλ.)

1911 924 2019 964 xlx.

1513 1018 1589 1060 Καὶ
1605 1017 1743 1072 φύσεως
1758 1014 1871 1055 κλυτὰ
1886 1015 1971 1069 ἔργα
1988 1013 2106 1066 μένει,
2126 1013 2188 1054 καὶ
2205 1015 2383 1068 ἀπείριτος
2397 1011 2496 1053 αἰών.

1568 1097 1747 1149 (Procius
1770 1097 1809 1132 in
1842 1094 1942 1133 Plat.
1967 1095 2065 1134 Tim.
2085 1095 2104 1131 I
2120 1107 2158 1144 p.
2183 1106 2234 1144 29
2253 1095 2287 1130 D
2303 1123 2315 1143 ‚
2332 1105 2423 1143 pag.
2444 1091 2496 1131 66

1512 1157 1573 1195 ed.
1595 1156 1819 1195 Schneider.
1847 1167 1857 1193 ε
1883 1153 1990 1194 Οὕτω
2016 1151 2085 1206 γὰρ
2105 1151 2167 1191 καὶ
2190 1150 2275 1204 παρ’
2296 1151 2426 1206 Ὀρφεῖ
2451 1149 2497 1190 τὰ

1512 1218 1576 1264 τῆς
1595 1214 1731 1270 φύσεως
1751 1213 1840 1268 ἔργα
1860 1211 1974 1253 κλυτὰ
2005 1210 2327 1266 προσαγορεύεται,
2346 1210 2407 1249 καὶ
2428 1209 2496 1264 φύ-

1512 1292 1600 1321 σεως
1619 1277 1695 1316 κτλ.
1723 1274 1734 1328 )

1511 1352 1639 1394 Ἔστιν
1658 1351 1752 1405 ὕδωρ
1769 1353 1867 1406 ψυχῇ
1880 1381 1890 1398 ,
1909 1349 2009 1404 ψυχὴ
2031 1350 2062 1389 δ’
2085 1348 2269 1388 ὑδάτεσσιν
2286 1346 2443 1401 ἀμοιὸή·

1514 1414 1555 1452 ἐκ
1572 1413 1601 1451 δ’
1620 1411 1748 1456 ὕδατος
1764 1410 1826 1462 μὲν
1840 1411 1926 1462 γαῖα
1939 1439 1950 1458 ,
1969 1410 2009 1448 τὸ
2028 1409 2060 1448 δ’
2078 1409 2118 1447 ἐκ
2138 1407 2241 1460 γαίης
2256 1408 2364 1447 πάλιν
2381 1405 2491 1460 ὕδωρ·

1512 1475 1553 1513 ἐκ
1571 1476 1633 1512 τοῦ
1655 1471 1691 1511 δὲ
1710 1470 1821 1526 ψυχή,
1842 1469 1921 1510 ὁδὸν
1937 1469 2071 1525 αἰθέρος
2084 1469 2328 1509 ἀλλάσσουσα.

1571 1551 1770 1603 (Clemens
1819 1549 2101 1589 Alexandrinus
2143 1549 2284 1586 Strom.
2325 1546 2396 1584 lib.
2441 1547 2494 1584 VI
2537 1538 2551 1555 ⁸

1513 1626 1554 1663 p.
1574 1611 1650 1660 746
1666 1625 1675 1647 :
1692 1606 1852 1663 Ὀρφέως
1869 1607 2098 1656 ποιήσαντος·
2115 1624 2132 1641 «
2146 1604 2274 1646 Ἔστιν
2290 1603 2384 1658 ὕδωρ
2396 1604 2496 1657 ψυχῇ

1516 1672 1664 1714 θάνατος
1686 1668 1718 1707 δ’
1741 1667 1929 1708 ὑδάτεσσιν
1949 1666 2102 1719 ἀμοιὸή·
2121 1668 2162 1706 ἐκ
2187 1665 2218 1705 δ’
2239 1663 2367 1708 ὕδατος
2384 1663 2494 1717 γαίη,

1510 1728 1550 1767 τὸ
1571 1728 1600 1767 δ’
1624 1729 1663 1767 ἐκ
1679 1727 1782 1781 γαίης
1801 1727 1908 1766 πάλιν
1929 1726 2041 1780 ὕδωρ·
2060 1727 2101 1765 ἐκ
2123 1728 2186 1765 τοῦ
2209 1724 2244 1764 δὲ
2272 1723 2396 1778 ψυχὴ,
2416 1721 2497 1762 ὅλον

1512 1787 1634 1840 αἰθέρα
1655 1786 1897 1835 ἀλλάσσουσα,
1918 1805 1933 1822 n
1948 1785 2184 1840 Ἡράκλειτος
2202 1786 2241 1824 ἐκ
2256 1782 2388 1824 τούτων
2403 1797 2497 1822 συνι-

1512 1848 1686 1901 στάμενος
1717 1847 1795 1892 τοὺς
1821 1846 1946 1899 λόγους
1974 1839 2044 1885 ὧδέ
2065 1860 2140 1890 πως
2171 1845 2322 1899 γράφει,
2339 1843 2498 1895 Ψυχῇσι

1516 1907 1680 1956 θάνατος,
1705 1906 1798 1961 ὕδωρ
1826 1905 2012 1959 γενέσθαι·
2033 1903 2136 1943 ὕδατι
2166 1902 2203 1943 δὲ
2237 1902 2403 1950 θάνατος,
2429 1903 2496 1954 γῆν

1514 1966 1694 2020 γενέσθαι·
1712 1967 1752 2005 ἐκ
1784 1968 1848 2018 γῆς
1881 1963 1917 2004 δὲ
1939 1963 2034 2017 ὕδωρ
2059 1963 2215 2016 γίνεται,
2246 1961 2282 2008 ἐξ
2317 1960 2442 2005 ὕδατος
2460 1958 2497 1999 δὲ

1515 2027 1628 2082 ψυχή.
1654 2029 1794 2066 Versus
1822 2026 2043 2065 emendavit
2079 2025 2322 2063 Hermannus
2352 2022 2495 2072 Opusc.

1513 2095 1607 2125 tom.
1623 2089 1661 2124 II
1674 2100 1762 2138 pag.
1791 2085 1901 2137 244.)

1486 2179 1503 2205 5
1523 2165 1679 2209 Θαλλοῒς
1694 2164 1722 2203 δ’
1736 2157 1804 2203 ’ἶσα
1820 2166 1995 2217 βροτοῖσιν
2010 2161 2060 2201 ἐνὶ
2077 2159 2197 2214 φρεσὶν
2217 2159 2301 2214 ἔργα
2315 2158 2490 2211 μέμηλεν.

1513 2223 1610 2263 οὐδὲν
1630 2223 1704 2277 ἔχει
1727 2223 1811 2275 μίαν
1838 2214 1941 2260 αἶσαν
1963 2222 2020 2259 ἐπὶ
2043 2220 2183 2273 χθονός,
2205 2218 2296 2259 ἀλλὰ
2315 2219 2498 2258 κυκλεῖται

1518 2283 1638 2323 πάντα
1658 2282 1781 2336 πέριξ·
1802 2284 1929 2330 στῆναι
1965 2279 2001 2319 δὲ
2022 2280 2100 2319 καθ’
2122 2279 2157 2318 ἓν
2193 2278 2298 2333 μέρος
2328 2278 2368 2316 οὗ
2399 2277 2498 2328 θέμις

2346 2338 2362 2390 [
2377 2336 2472 2376 ἐστίν
2484 2368 2495 2384 ,

1516 2403 1597 2442 ἀλλ’
1611 2402 1701 2456 ἔχει,
1720 2404 1766 2446 ὡς
1783 2400 1954 2454 ἤρξαντο,
1973 2400 2103 2453 δρόμου
2119 2398 2222 2452 μέρος
2231 2391 2313 2436 ’ἶσον
2332 2396 2493 2441 ἕκαστος.

1573 2463 1772 2517 (Clemens
1794 2462 2078 2500 Alexandrinus
2106 2461 2247 2498 Str-om.
2267 2460 2300 2497 V
2318 2471 2359 2508 p.
2382 2457 2460 2506 672
2484 2468 2495 2495 :

1516 2523 1627 2564 Ἀλλὰ
1647 2522 1707 2562 καὶ
1724 2521 1905 2566 Διονύσιος
1922 2523 1940 2559 ὃ
1958 2519 2059 2573 Θρᾷξ
2079 2520 2114 2558 ἐν
2134 2521 2184 2572 τῷ
2201 2516 2283 2571 περὶ
2303 2519 2364 2564 τῆς
2383 2515 2498 2570 ἐμφά-

1519 2599 1609 2628 σεως
1641 2586 1702 2622 τοῦ
1724 2580 1805 2635 περὶ
1837 2583 1907 2620 τῶν
1942 2578 2142 2633 τροχίσκων
2166 2577 2345 2629 συμὸόλου
2370 2574 2496 2630 φησίν·

1519 2642 1738 2695 Ἐσήμαινον
1758 2644 1841 2694 γοῦν
1870 2640 1909 2679 οὗ
1931 2639 1989 2678 διὰ
2018 2637 2143 2684 λέξεως
2165 2636 2293 2689 μόνον,
2314 2634 2407 2675 ἀλλὰ
2436 2633 2499 2675 καὶ

1518 2702 1576 2742 διὰ
1596 2701 1783 2753 συμὸόλων
1800 2699 1883 2740 ἔνιοι
1898 2698 1959 2744 τὰς
1976 2697 2131 2752 πράξεις.
2147 2695 2217 2736 Διὰ
2228 2694 2355 2742 λέξεως
2369 2694 2434 2747 μὲν
2451 2696 2499 2739 ὡς

1519 2762 1593 2816 ἔχει
1610 2761 1655 2801 τὰ
1677 2760 1850 2814 λεγόμενα
1869 2758 2026 2812 Δελφικὰ
2046 2756 2355 2811 παραγγέλματα·
2377 2753 2435 2793 διὰ
2460 2752 2497 2792 δὲ

1521 2820 1726 2872 συμὸόλων,
1737 2819 1856 2863 ὡςὸτε
1870 2818 1994 2871 τροχὸς
2004 2819 2022 2856 ὁ
2034 2815 2265 2870 στρεφόμενος
2281 2816 2315 2853 ἐν
2325 2818 2395 2857 τοῖς
2409 2813 2497 2852 θεῶν

1521 2879 1703 2932 τεμένεσιν
1721 2876 1945 2928 εἰλκυσμένος
1960 2875 2058 2928 παρὰ
2076 2877 2147 2914 τῶν
2162 2872 2368 2924 Αἰγυπτίων
2384 2871 2445 2910 καὶ
2457 2870 2498 2909 τὸ

1518 2941 1588 2979 τῶν
1604 2939 1741 2978 θαλλῶν
1764 2939 1833 2976 τῶν
1851 2935 2040 2988 διδομένων
2057 2935 2128 2978 τοῖς
2142 2935 2395 2987 προσκυνοῦσι·
2412 2928 2499 2984 φησὶ

688 3017 2489 3037 Μ

2604 1764 2612 1857 ..ι-κ-..-
2610 1699 2612 1709 „
2608 1649 2612 1666 .-

2606 1953 2612 2019 ἓ

315 3077 449 3111 ,Iacebat
466 3078 583 3111 innexa
606 3087 716 3111 crassa
732 3080 875 3121 cervice,
886 3089 1086 3123 somnusque
1105 3090 1181 3115 eum

315 3137 459 3171 omnium
476 3137 617 3171 domitor
633 3140 729 3180 cepit.
758 3160 800 3166 —

316 3199 465 3230 Oceanus
486 3198 541 3239 qui
562 3198 630 3230 fons
647 3199 679 3231 et
700 3199 790 3240 origo
811 3199 964 3232 omnibus
978 3200 1039 3233 est.
1061 3219 1100 3227 —

315 3258 401 3290 Iram
416 3265 496 3290 cane
508 3282 518 3299 ‚
535 3257 596 3290 dea
608 3283 617 3298 ,
634 3259 760 3291 Cereris
777 3258 948 3300 frugiferae.
966 3277 1009 3283 —

315 3315 376 3349 Fili
397 3315 503 3356 magni
519 3316 611 3349 Jovis
623 3340 633 3357 ,
650 3318 741 3358 pater
758 3317 849 3350 Jovis
866 3317 1002 3359 aegidem
1020 3318 1184 3360 gestantis.

1438 3092 1476 3116 ex
1495 3090 1577 3124 aqua
1594 3081 1725 3124 quidem
1743 3081 1839 3120 terra,
1855 3088 1873 3111 e
1894 3082 1977 3111 terra
1999 3086 2076 3109 vero
2095 3085 2205 3108 rursus
2223 3082 2327 3117 aqua;

1439 3141 1494 3175 sed
1512 3151 1552 3175 cx
1573 3141 1635 3174 hac
1652 3149 1719 3180 aer,
1738 3139 1866 3172 aetheris
1882 3138 1966 3170 viam
1986 3137 2126 3169 mutans.
2140 3154 2183 3160 —

1439 3202 1551 3235 Ramis
1567 3199 1705 3243 aequaiia
1725 3199 1880 3232 mortales
1900 3198 2008 3230 mente
2024 3205 2120 3238 opera
2139 3195 2267 3227 curant.

1437 3261 1524 3295 Nihil
1541 3269 1638 3294 unam
1655 3260 1752 3293 habet
1774 3259 1894 3292 sortem
1910 3258 1942 3290 in
1965 3257 2078 3297 terris,
2096 3255 2152 3289 sed
2167 3255 2198 3288 in
2213 3254 2323 3287 orbem
2339 3252 2499 3294 agitantur

1437 3321 1546 3354 omnia
1564 3319 1774 3354 circumcirca
1786 3329 1797 3360 ;
1810 3326 1912 3359 noque
1933 3325 2010 3350 vero
2031 3316 2155 3349 semoto
2170 3323 2188 3347 a
2206 3313 2319 3347 ceteris
2341 3313 2412 3346 loco
2428 3319 2500 3344 esse

797 3377 885 3410 XIX.
2407 3370 2497 3409 iicet,

317 3436 356 3467 Et
375 3435 492 3497 inchta
510 3438 633 3468 naturae
654 3444 749 3478 opera
768 3439 902 3469 manent
918 3438 950 3469 et
968 3437 1096 3478 tempus
1119 3438 1294 3472 infinitum.
1313 3457 1354 3463 --
1437 3440 1494 3473 sed
1524 3440 1557 3474 in
1585 3448 1676 3474 suam
1708 3438 1845 3480 quisque
1867 3437 1899 3470 et
1925 3444 2054 3478 aequam
2076 3433 2214 3466 instituti
2233 3440 2348 3465 cursus
2376 3370 2500 3471 [gattam

318 3497 373 3527 Est
395 3503 478 3538 aqua
496 3494 576 3528 aeris
588 3519 598 3537 ,
616 3504 670 3528 aer
687 3496 794 3529 autem
814 3505 970 3539 aquarum
994 3497 1208 3539 permutatim
2319 3488 2440 3532 [venit.
2457 3505 2500 3516 -
