2612 3814
794 318 1081 381 ΕΘΙΚΑ
1148 316 1917 382 ΑΠΟΣΠΑΣΜΑΤΙΑ.

933 566 1260 627 MORALIA
1305 564 1772 625 FRAGMENTA.

1162 701 1548 724 ψ

630 822 723 884 Περὶ
759 822 958 883 εὐθυμίης.

286 946 313 971 1.
347 933 566 985 Δημόκριτος
591 930 650 969 καὶ
674 928 822 968 Πλάτων
851 930 973 973 κοινῶς
1001 929 1036 966 ἐν
1063 929 1106 980 τῇ
1137 928 1233 980 ψυχῇ
1259 925 1321 973 τὴν

345 989 565 1042 εὐδαιμονίαν
583 988 747 1028 τίθενται.
767 987 927 1042 Γέγραφε
947 986 982 1026 δὲ
999 990 1017 1026 ὁ
1030 985 1092 1038 μὲν
1109 986 1232 1031 οὕτως·
1254 987 1324 1026 Εὔ-

344 1050 507 1101 δαιμονίη
522 1051 636 1102 ψυχῆς
649 1048 708 1088 καὶ
723 1046 975 1098 κακοδαιμονίη
990 1046 1053 1085 οὐκ
1068 1047 1102 1085 ἐν
1119 1044 1322 1098 βοσκήμασι

343 1110 461 1157 οἰκέει,
481 1109 552 1148 οὐδ’
565 1111 599 1148 ἐν
613 1110 749 1161 χρυσῷ,
767 1105 864 1161 ψυχὴ
881 1107 911 1145 δ’
929 1104 1128 1158 οἰκητήριον
1144 1104 1320 1156 δαίμονος·

342 1168 405 1216 τὴν
426 1168 462 1207 δὲ
481 1167 649 1219 εὖθυμίην
669 1166 729 1206 καὶ
752 1166 882 1205 εὐεστὼ
900 1165 959 1204 καὶ
978 1163 1161 1217 ἁρμονίην,
1186 1162 1321 1214 ξυμμε-

341 1227 442 1282 τρίην
459 1243 497 1267 τε
510 1227 569 1267 καὶ
585 1225 775 1279 ἀταραξίην
791 1226 905 1264 καλεῖ·
919 1223 1149 1263 συνίστασθαι
1164 1222 1194 1261 δ’
1210 1221 1319 1270 αὑτὴν

344 1291 383 1327 ἐκ
403 1289 462 1326 τοῦ
488 1287 669 1339 διορισμοῦ
688 1284 749 1324 καὶ
770 1286 833 1331 τῆς
859 1283 1064 1336 διακρίσεως
1087 1284 1155 1321 τῶν
1174 1283 1319 1330 ἡδονῶν·

343 1345 403 1385 καὶ
434 1346 528 1384 τοῦτ’
550 1338 637 1384 εἶναι
667 1342 707 1382 τὸ
734 1344 922 1382 κάλλιστον
954 1341 1014 1380 καὶ
1047 1339 1319 1394 συμφορώτατον

343 1403 550 1457 ἀνθρώποις.

400 1463 519 1516 (Stob.
551 1463 631 1502 Ecl.
668 1461 745 1499 eth.
781 1461 851 1501 lib.
875 1460 910 1498 11
948 1473 1032 1511 cap.
1052 1458 1123 1504 ‚Vll
1151 1457 1231 1510 περὶ
1259 1461 1318 1497 τοῦ

342 1526 466 1571 ἠθικοῦ
495 1522 604 1566 εἴδους
634 1525 696 1569 τ’ῆς
714 1519 916 1574 φιλοσοφίας
936 1533 1023 1572 pag.
1049 1519 1098 1567 75
1122 1532 1231 1570 seqq.
1254 1518 1316 1556 ed.

343 1582 523 1633 Heeren.)

289 1656 321 1682 2.
341 1640 503 1693 Ἄριστον
540 1638 714 1694 ἀνθρώπῳ
742 1639 800 1678 τὸν
833 1638 907 1691 βίον
935 1637 1085 1689 διάγεινζ
1100 1639 1147 1682 ὡς
1168 1638 1318 1677 πλεῖστα

342 1697 569 1750 εὐθυμηθέντι
597 1698 658 1738 καὶ
692 1698 861 1751 ἐλοίχιστα
884 1696 1076 1745 ἀνιηθέντι·
1099 1699 1201 1735 τοῦτο
1229 1697 1258 1735 δ’
1277 1696 1318 1735 ἂν

341 1757 394 1806 εἴη
408 1788 419 1806 ,
454 1757 486 1796 εἴ
517 1773 568 1802 τις
609 1757 658 1809 μὴ
694 1756 752 1796 ἐπὶ
784 1760 875 1795 τοῖσι
909 1758 1064 1803 θνητοῖσι
1100 1753 1163 1799 τὰς
1193 1754 1319 1804 ἡδονὸις

342 1816 507 1856 ποιέοιτο.
689 1858 695 1866 Α,

396 1876 519 1926 (Stob.
542 1876 646 1915 Flor.
666 1875 713 1924 V,
738 1875 816 1926 24.)

288 1949 317 1975 3.
337 1935 490 1983 Ἡδονὴν
511 1937 549 1974 οὐ
568 1941 698 1984 πᾶσαν,
716 1933 807 1973 ἀλλὰ
827 1932 889 1982 τὴν
921 1931 980 1971 ἐπὶ
1010 1934 1060 1986 τῷ
1079 1934 1178 1986 καλῷ
1200 1931 1319 1985 αἱρέε-

342 1998 423 2033 σθαι
443 1993 572 2048 χρεών.

396 2052 516 2105 (Stob.
535 2052 638 2091 Flor.
653 2052 699 2100 V,
719 2056 796 2100 77.)

286 2125 318 2150 4.
341 2111 483 2155 Δίκαιος
498 2110 583 2164 ἔρως
600 2110 816 2164 ἀνυῧρίστως
836 2109 992 2163 ἐφίεσθαι
1013 2112 1081 2149 τῶν
1101 2109 1234 2148 καλῶν.

396 2169 516 2221 (Stob.
557 2170 661 2208 Flor.
712 2169 760 2216 V,
811 2169 878 2218 78.
925 2169 1145 2218 Democrat.
1194 2167 1316 2207 Orell.

340 2244 380 2269 n.
407 2230 487 2281 38.)

288 2302 318 2326 a.
341 2287 435 2328 Οὔτε
456 2287 599 2338 σώμασι
618 2286 695 2326 οὔτε
712 2286 876 2340 χρήμασι
897 2285 1156 2336 εὖδαιμονέουσι
1178 2285 1315 2339 ἄνθρω-

341 2363 422 2394 ποι,
441 2347 518 2386 ἀλλ’
536 2346 703 2400 ὀρθοσιίνῃ
721 2346 778 2385 καὶ
797 2345 1056 2400 πολυφροσύνῃ.

501 2500 560 2540 De
575 2497 715 2540 animi
734 2495 1075 2555 tranquillitate.

309 2589 337 2618 1.
358 2586 558 2619 Democritus
577 2586 610 2618 et
629 2585 717 2618 Plato
731 2585 945 2618 communiter
960 2585 992 2617 in
1011 2584 1120 2617 animo
1136 2583 1318 2616 felicitatem

264 2647 398 2688 ponunt.
418 2647 459 2677 Et
477 2644 528 2677 ille
541 2644 671 2686 quidem
686 2644 733 2677 sic
748 2643 857 2677 scribit
873 2657 880 2677 :
898 2643 1002 2688 Animi
1017 2643 1151 2676 felicitas
1165 2644 1198 2675 et
1213 2642 1317 2675 infeli-

261 2709 342 2738 unas
357 2713 422 2736 non
437 2703 468 2736 in
479 2703 701 2744 (possidendis)
716 2703 863 2744 gregibus
872 2704 903 2736 et
916 2712 996 2735 auro
1011 2702 1178 2742 consistit;
1193 2701 1320 2735 animus

261 2765 311 2796 ..εἰ
330 2761 528 2795 domicilium
551 2761 691 2793 numinis
718 2771 726 2793 ε
747 2764 898 2794 caeterum
920 2762 1020 2794 animi
1051 2761 1318 2803 tranquillitatem

263 2822 360 2854 etiam
383 2821 504 2853 bonum
533 2819 603 2861 ejus
622 2820 755 2860 statum,
776 2821 987 2860 concentum,
1009 2820 1260 2862 aequabilitatem
1287 2822 1319 2853 et

265 2881 540 2925 perturbationum
567 2880 762 2913 vacuitatem
792 2880 950 2914 nominat.
979 2881 1073 2914 Nasci
1107 2882 1216 2914 autem
1247 2890 1318 2914 eam

263 2942 308 2974 ait
327 2950 367 2974 ex
384 2940 589 2983 voluptatum
611 2939 808 2980 sejunctione
824 2948 863 2972 ac
881 2939 1086 2972 distinctione
1097 2964 1107 2981 ,
1124 2948 1222 2981 quam
1250 2949 1318 2973 rem

262 3001 354 3041 longe
377 2998 675 3041 praestantissimam
691 3001 723 3030 et
741 2998 928 3031 hominibus
951 2998 1156 3031 utilissimam
1174 3007 1243 3031 esse
1260 2999 1316 3032 ait.

304 3065 334 3092 2.
358 3059 526 3100 Optimum
545 3057 668 3090 bomini
687 3057 788 3090 vitam
805 3065 896 3098 agere
908 3081 918 3099 ,
933 3058 1040 3090 animo
1065 3067 1164 3099 quam
1180 3059 1319 3091 maxime

262 3120 338 3152 laeto
352 3122 383 3151 el
397 3126 494 3159 quiam
508 3117 641 3150 minime
652 3116 752 3157 tristi3
766 3116 852 3157 quod
865 3116 934 3150 fieri
945 3117 1080 3158 poterit,
1094 3117 1121 3149 si
1138 3117 1318 3158 voluptates

262 3187 327 3212 non
341 3179 375 3210 in
392 3176 542 3218 perituris
559 3175 655 3208 rebus
669 3175 824 3208 locentur.

304 3240 335 3270 3.
360 3235 567 3277 Voluptatem
584 3243 648 3267 non
664 3234 859 3276 quamlibet,
870 3234 925 3267 sed
940 3234 1098 3267 honestati
1113 3234 1317 3276 conjunctam

263 3296 335 3337 eligi
352 3295 454 3328 decet.

302 3358 335 3388 4.
359 3355 489 3388 austum
508 3353 719 3395 (optimarum
736 3353 854 3391 rerum)
868 3351 1012 3385 studium
1030 3351 1100 3394 (est)
1118 3352 1317 3385 honestatem

261 3414 329 3447 sine
343 3413 533 3455 cujusquam
552 3411 669 3453 iniuria
685 3413 846 3453 appetere.

305 3477 335 3505 5.
360 3474 425 3506 Nec
442 3472 473 3504 in
491 3479 624 3513 corpore
644 3470 747 3503 necin
762 3470 879 3512 opibus
892 3469 952 3502 sita
968 3470 1018 3503 est
1031 3469 1199 3502 hominum
1216 3470 1314 3503 felici-

261 3534 325 3573 tas,
340 3531 394 3565 sed
413 3532 442 3564 in
453 3531 561 3564 animo
575 3531 663 3564 recto
680 3530 905 3571 variarumque
919 3538 1023 3563 rerum
1041 3529 1152 3571 peritia
1169 3528 1310 3562 exculto.

1521 817 1751 866 (Democrat.
1775 816 1894 855 Orell.
1912 831 1948 856 n.
1969 819 2019 868 6.)

1412 889 1442 915 o.
1466 874 1511 915 ‘O
1527 875 1571 915 τὰ
1591 877 1706 927 ψυχῆς
1724 874 1839 927 ἀγαθὰ
1857 875 2037 927 ἐρεόμενος
2057 875 2101 915 τὰ
2117 876 2273 930 θειότερα
2289 878 2441 932 ἕρίιται,

1465 939 1484 975 ὁ
1502 935 1536 973 δὲ
1554 934 1598 973 τὰ
1615 934 1778 983 σκήνεος,
1795 934 2040 986 τάνθρωπήῖα.

1520 989 1753 1036 (Democrat.
1774 988 1894 1028 Orell.
1913 1002 1953 1028 n.
1979 988 2031 1041 3.)

1409 1062 1441 1089 7.
1466 1042 1580 1092 Οὗτος
1596 1047 1663 1101 γὰρ
1684 1047 1785 1092 αὐτὸς
1805 1049 1998 1099 εὐδοκιμῶν
2015 1047 2103 1099 παρ’
2122 1049 2250 1102 ἑαυτῷ,
2270 1047 2320 1100 μὴ
2333 1065 2445 1088 κατα·

1463 1109 1610 1162 φρονῶν,
1643 1106 1735 1146 ἀλλὰ
1764 1107 1899 1160 χαίρων
1930 1106 1988 1146 καὶ
2011 1107 2175 1159 ἀγαπῶν,
2194 1109 2242 1151 ὡς
2257 1108 2378 1152 ἱκανὸς
2394 1107 2444 1148 ὢν

1464 1166 1597 1219 μάρτυς
1617 1165 1692 1218 ἅμα
1714 1168 1783 1204 τῶν
1801 1167 1919 1205 καλῶν
1948 1165 2009 1205 καὶ
2029 1164 2173 1214 θεατής,
2202 1165 2356 1206 δείκνυσι
2384 1166 2443 1207 τὸν

1461 1220 1563 1271 λόγον
1585 1220 1678 1264 ἐντὸς
1710 1219 1779 1267 ἤδη
1810 1219 2046 1274 στρεφόμενον
2079 1218 2140 1258 καὶ
2178 1219 2378 1272 ῥιζούμενον
2407 1221 2443 1259 ἐν

1463 1281 1576 1333 ἑαυτῷ
1587 1310 1596 1326 ,
1612 1279 1672 1317 καὶ
1687 1310 1696 1327 ,
1709 1277 1801 1317 κατὰ
1816 1279 2053 1332 Δημόκριτον,
2069 1277 2174 1317 αὐτὸν
2192 1276 2227 1323 ἐξ
2241 1280 2366 1318 ἑαυτοῦ
2381 1276 2444 1324 τὰς

1462 1336 1605 1391 τέρψιας
1625 1336 1818 1388 ἐθιζόμενον
1841 1337 2049 1389 λαμὸάνειν.

1519 1396 1729 1447 (Plutarch.
1753 1396 1802 1436 de
1819 1398 2022 1437 sentiendo
2041 1398 2081 1435 in
2102 1397 2247 1436 virtute
2268 1396 2442 1449 paranda

1463 1469 1673 1507 progressu
1701 1469 1788 1509 pag.
1820 1457 1866 1494 81
1902 1455 2036 1509 Steph.
2069 1456 2161 1508 (vol.
2181 1455 2231 1494 v1
2252 1469 2342 1509 pag.
2366 1457 2438 1495 301

1462 1515 1524 1554 ed.
1549 1515 1712 1566 Reisk.).

1408 1588 1439 1613 8.
1462 1567 1576 1626 Οὖρος
1615 1574 1817 1629 ξυμφορέων
1858 1574 1920 1614 καὶ
1962 1573 2192 1628 ἄξυμφορέων
2226 1573 2345 1627 τέρψις
2379 1573 2440 1612 καὶ

1462 1632 1624 1684 ἀτερπίη.

1518 1691 1638 1743 (Stob.
1662 1692 1765 1732 Flor.
1787 1692 1866 1740 ΙΙΙ,
1885 1693 1948 1731 35.
1967 1691 1977 1746 )

1406 1765 1438 1790 9.
1459 1751 1590 1804 Τέρψις
1625 1753 1685 1790 καὶ
1718 1751 1869 1804 ἀτερπίη
1893 1745 1992 1804 οὖρος
2026 1753 2096 1790 τῶν
2128 1750 2440 1804 περιηκμακότων.

1516 1811 1651 1864 (Clem.
1670 1812 1781 1850 Alex.
1801 1813 1942 1849 Sti-om.
1961 1811 2000 1849 11
2020 1825 2058 1864 p.
2081 1812 2184 1862 417).

1393 1883 1439 1909 10.
1463 1869 1687 1921 Διζημένοισι
1703 1870 1840 1922 τάγαθὰ
1857 1870 1956 1921 μόλις
1972 1869 2219 1924 παραγίνεται,
2234 1869 2279 1910 τὰ
2293 1867 2329 1908 δὲ
2347 1868 2440 1910 κακὰ

1460 1929 1522 1969 καὶ
1542 1928 1591 1980 μὴ
1611 1930 1843 1980 διζημένοισι.

1517 1989 1638 2041 (Stob.
1657 1989 1759 2030 Flor.
1774 1989 1949 2037 XCVIII,
1966 1989 2029 2028 58.
2046 1990 2226 2030 Democr.
2241 2003 2304 2044 ap.
2316 1988 2438 2031 orell.

1460 2063 1519 2088 nr.
1543 2049 1622 2102 75.)

1399 2122 1443 2147 Ιῐ.
1460 2108 1687 2160 Ἀνθρώποισι
1704 2108 1797 2147 κακὰ
1814 2108 1847 2154 ἐξ
1867 2110 2005 2160 ἀγαθῶν
2023 2108 2170 2163 φύεται,
2191 2107 2278 2155 ἐπήν
2297 2123 2349 2152 τις
2376 2109 2440 2147 τᾶ-

1459 2168 1551 2219 γαθὰ
1567 2167 1615 2219 μὴ
1631 2167 1820 2217 ἐπίστηται
1834 2168 2018 2221 ποδηγέειν
2036 2167 2126 2220 μηδὲ
2141 2166 2253 2220 ὀχέειν
2270 2167 2437 2220 εὐπόρως.

1462 2228 1555 2266 Οὐδὲ
1575 2228 1707 2267 δίκαιον
1728 2229 1763 2268 ἐν
1783 2234 1925 2267 κακοῖσι
1943 2228 1987 2272 τὰ
2003 2228 2121 2267 τοιάδε
2137 2227 2283 2280 κρίνειν,
2305 2228 2385 2266 ἀλλ’
2402 2229 2438 2267 ἐν

1459 2288 1642 2338 ἀγαθοῖσι·
1662 2288 1752 2326 τοῖσι
1780 2285 1814 2324 δὲ
1845 2288 2006 2339 ἀγαθοῖσι
2037 2280 2107 2326 οἶόν
2128 2302 2166 2325 τε
2196 2288 2349 2338 χρᾶσθαι
2378 2285 2439 2325 καὶ

1461 2345 1545 2398 πρὸς
1562 2345 1606 2383 τὰ
1623 2346 1719 2385 κακά
1733 2375 1743 2394 ,
1763 2345 1860 2398 εἴπερ
1879 2345 1948 2384 τινὶ
1970 2344 2171 2399 βουλομένῳ
2192 2346 2232 2383 ἂν
2248 2338 2286 2396 ᾗ.

1421 2500 1452 2527 6.
1477 2494 1539 2535 Qui
1558 2493 1656 2525 animi
1671 2493 1754 2526 bona
1769 2496 1875 2535 amat,
1889 2495 2046 2527 diviniora
2060 2495 2159 2537 petit,
2174 2494 2231 2536 qui
2247 2497 2356 2527 aulem
2369 2504 2440 2529 cor·

1378 2554 1486 2595 poris,
1505 2554 1644 2587 humana
1661 2556 1875 2587 consectatur.

1421 2616 1451 2646 7.
1476 2613 1536 2653 Hic
1563 2614 1651 2646 enim
1677 2614 1747 2656 ipse
1766 2614 1827 2647 sibi
1851 2615 2001 2656 placens,
2020 2621 2124 2655 neque
2148 2622 2183 2646 se
2207 2615 2437 2655 contemnem,

1378 2676 1435 2709 sed
1454 2676 1598 2717 gaudeus
1617 2685 1651 2710 se
1673 2678 1741 2719 ipso
1765 2681 1862 2719 atque
1881 2678 2054 2709 contentus
2067 2679 2105 2708 ut
2126 2675 2204 2708 satis
2223 2674 2339 2708 idoneo
2353 2676 2440 2708 teste

1378 2745 1417 2769 ac
1433 2738 1613 2778 spectatore
1629 2738 1838 2779 pulchrorum
1851 2737 1992 2770 ostendit
2009 2736 2166 2769 rationem
2179 2735 2248 2777 jam
2264 2736 2349 2768 intra
2366 2744 2436 2768 sese

1378 2803 1538 2833 versatam
1552 2801 1675 2833 radices
1694 2809 1787 2842 agere
1798 2826 1808 2841 ,
1824 2802 1856 2832 et
1874 2798 1971 2841 (quod
1994 2798 2086 2839 jubet
2105 2795 2320 2836 Democritus)
2337 2804 2376 2828 ex
2403 2803 2439 2827 se

1379 2859 1449 2901 ipso
1466 2859 1515 2892 sui
1532 2859 1712 2892 oblectandi
1728 2858 1894 2891 materiam
1909 2860 2017 2899 petere
2032 2864 2066 2888 se
2087 2862 2267 2887 consuesse.

1421 2926 1450 2954 8.
1475 2920 1611 2954 Utilium
1626 2923 1658 2954 et
1673 2919 1836 2953 inutilium
1855 2917 1984 2952 termini
1999 2919 2075 2949 sunt
2096 2913 2282 2957 ⁸iucunditas
2301 2914 2333 2945 et
2353 2912 2436 2952 inju

1379 2980 1543 3013 cunditas.

1418 3043 1451 3073 9.
1473 3039 1631 3081 Voluptas
1655 3041 1688 3071 et
1703 3038 1848 3071 molestia
1871 3037 1946 3069 sunt
1971 3043 2083 3068 eorum
2107 3040 2182 3075 quae
2209 3031 2248 3064 ad
2268 3039 2436 3064 summum

1379 3103 1595 3144 pervenerunt
1610 3101 1779 3134 terminus.

1422 3165 1473 3196 10.
1498 3160 1725 3200 Quaerentibus
1751 3159 1836 3192 bona
1861 3166 1927 3190 non
1955 3157 2024 3189 sine
2049 3155 2158 3188 labore
2184 3163 2222 3187 ac
2247 3151 2439 3185 difficultate

1376 3225 1587 3266 contingunt,
1611 3223 1694 3255 mala
1710 3225 1819 3255 autem
1836 3220 1886 3253 vel
1904 3228 1968 3252 non
1990 3217 2210 3260 quaerentibus
2227 3214 2437 3257 (necopinan-

1377 3283 1478 3325 tibus)
1493 3282 1653 3316 accidunt.

1421 3346 1471 3377 11.
1496 3342 1674 3376 Hominum
1691 3341 1776 3373 mala
1789 3338 2004 3382 (plerumque)
2018 3346 2058 3370 ex
2076 3335 2167 3369 bonis
2183 3334 2344 3373 oriuntur,
2360 3339 2435 3363 cum

1378 3406 1451 3447 quis
1467 3405 1551 3438 bona
1567 3405 1653 3438 recte
1668 3402 1891 3435 administrare
1907 3402 1939 3433 et
1963 3399 2046 3432 serre
2061 3397 2173 3430 nescit.
2194 3398 2340 3429 Attamen
2362 3392 2436 3425 haec
2501 3419 2506 3422 ,

1376 3476 1442 3500 non
1460 3476 1517 3509 pro
1530 3466 1623 3499 malis
1639 3463 1785 3497 habenda
1796 3466 1891 3503 sunt,
1911 3461 1967 3494 sed
1984 3459 2023 3492 ad
2041 3460 2123 3492 bona
2137 3457 2306 3500 pertinent,
2318 3453 2437 3496 quibus

1375 3527 1402 3560 si
1419 3528 1490 3568 quis
1505 3526 1602 3566 velit,
1623 3524 1662 3557 ad
1679 3523 1764 3556 mala
1783 3522 1871 3555 abuti
1889 3520 1998 3563 possit.

1305 3594 1378 3626 340
