2612 3814
1066 265 1133 304 DE
1161 264 1480 304 DEMOCRlTO.

208 363 274 394 tur
291 367 353 407 ap.
374 354 518 393 Anton'.
537 362 575 392 et
593 353 694 392 Max.
715 366 753 405 p.
775 367 822 402 27
848 353 922 406 (ap.
941 354 1064 394 Orell.
1079 368 1117 393 n.
1140 367 1211 402 127
1224 355 1253 405 )‚

2297 269 2374 303 339

1318 362 1376 391 ter
1409 352 1678 405 supposititias
1722 352 1881 403 recepit.
1917 351 1991 390 Sed
2023 352 2071 390 de
2099 354 2170 391 hac
2209 354 2374 392 materia

206 426 373 465 quaeque
407 426 430 451 a
462 412 578 451 nobis
612 412 654 451 in
687 413 910 463 spuriorum
954 414 1258 464 fragmentorum
1318 411 1478 450 uberius
1497 411 1665 461 singulis
1689 410 1787 449 locis
1818 410 1981 460 egimus.
2006 410 2118 450 Nunc
2149 411 2197 450 de
2228 413 2371 451 Demo-

208 472 346 510 ordine
371 471 424 522 (n.
446 471 485 522 9)
516 471 643 522 posita
662 479 751 509 sunt
780 484 867 523 pag.
903 485 962 518 10,
991 480 1034 510 ut
1052 472 1259 522 genuinam
1320 478 1444 517 crate,
1463 469 1731 508 commentitio
1751 470 1866 521 plane
1888 469 2140 521 philosopho,
2162 483 2286 520 pauca
2309 472 2374 510 di-

207 529 433 582 philosophi
453 531 681 568 sententiam
701 529 850 579 citavit,
872 543 960 582 pag.
985 530 1033 568 55
1052 539 1179 568 autem
1200 530 1260 568 in-

1322 529 1442 568 cenda
1461 537 1565 567 sunt.

839 672 956 725 De
997 671 1728 725 Pseudodemoerate.

260 815 306 854 In
330 814 514 868 pluribus
543 814 801 864 membranis,
824 830 910 867 quae
937 825 1111 855 veterum
1131 816 1260 868 philo·
1283 829 1288 868 ξ
1318 817 1559 856 Democratis
1570 830 1652 856 esse
1664 817 1853 864 feruntur,
1867 816 1980 854 velin
1993 813 2137 855 Stobaei
2149 815 2374 866 Florilegio‚

204 875 419 928 sophorum
451 876 662 914 sententias
690 888 739 914 ex
769 876 891 914 variis
911 889 1048 914 eorum
1075 875 1260 927 operibus

203 936 388 974 collectas
413 935 632 980 continent,
659 935 909 987 reperiuntur
927 935 1168 973 Democratis
1194 949 1259 973 cu-

199 996 358 1046 jusdam
379 995 576 1034 sententiae
596 1007 723 1033 aureae
748 996 905 1046 (γνῶμαι
923 992 1069 1047 χρυσαῖ)
1096 1007 1258 1033 numero

203 1057 403 1105 octoginta
420 1067 509 1121 sex,
529 1066 625 1104 quas
648 1066 735 1091 cum
765 1053 852 1091 aliis
874 1053 1073 1104 opusculis
1104 1062 1260 1092 senten-

203 1115 316 1153 tiosis
338 1114 389 1165 (4)
415 1113 566 1164 primus
598 1112 729 1150 Romae
760 1125 863 1150 anno
894 1112 993 1150 1638
1015 1110 1138 1150 Lucas
1166 1112 1260 1150 Hol-

201 1174 353 1212 stenius
372 1172 508 1211 edidit.
527 1171 586 1210 De
609 1171 671 1209 his
690 1171 745 1209 ita
770 1171 817 1209 ad
838 1171 1018 1209 Lectores
1040 1171 1256 1222 praefatur·

209 1249 224 1267 α
252 1231 493 1271 Democratis
520 1239 689 1276 aetatem,
713 1231 877 1298 patriam
913 1238 951 1268 et
979 1238 1121 1268 sectam
1148 1240 1259 1269 vetu-

200 1291 398 1331 stissimus
412 1289 538 1328 lonici
555 1290 746 1328 sermonis
757 1289 957 1327 character
965 1289 1146 1328 ostendit.
1164 1289 1258 1341 Ejus

200 1350 307 1389 dicta
318 1358 355 1389 et
366 1349 578 1389 sententias
594 1349 804 1388 nonnullas
821 1348 997 1387 Stobaeus
1012 1358 1049 1387 et
1064 1349 1258 1390 Antonius

200 1408 425 1459 proferunt,
447 1406 551 1458 apud
570 1420 668 1457 quos
688 1407 830 1459 saepius
854 1420 942 1445 cum
964 1407 1184 1446 Democrito
1210 1409 1257 1446 li-

199 1466 423 1506 brai-iorum
440 1467 638 1518 imperitia
658 1466 936 1505 confunditur:
958 1480 1123 1518 quorum
1145 1480 1210 1506 ert
1213 1482 1258 1506 οι

200 1529 242 1564 in
275 1535 381 1565 tanta
413 1538 544 1564 r·eium
583 1526 834 1578 antiquarum
869 1525 1116 1577 ignoratione
1153 1525 1255 1565 haud

200 1586 316 1626 facile
347 1586 547 1626 emendari
581 1593 720 1638 potest.
756 1586 988 1624 Plutarchus
1023 1599 1181 1637 quoque
1215 1587 1257 1625 in

199 1644 379 1686 ‘politicis
394 1644 601 1698 praeceptis
621 1644 862 1683 Democratis
887 1643 1091 1695 cujusdam
1114 1646 1258 1683 memi-

199 1705 278 1753 nit,
294 1705 363 1757 qui
382 1708 423 1744 in
446 1705 674 1744 Atheniensi
691 1704 893 1756 republica
910 1704 1139 1742 versabatur
1153 1705 1257 1743 circa

194 1764 474 1816 Olympiadem
493 1763 572 1812 CX,
594 1777 719 1815 neque
739 1763 788 1802 ab
805 1764 879 1802 hoc
899 1764 1058 1802 sonasse
1077 1764 1256 1803 diversus

194 1831 259 1862 est
278 1824 362 1874 ille,
387 1836 503 1875 quem
524 1822 574 1862 ab
595 1822 765 1874 Epicuro
786 1822 838 1861 ob
856 1822 982 1861 libros
1001 1823 1255 1875 transcriptos

196 1883 438 1933 exagitatum
474 1883 516 1921 in
550 1882 686 1921 libello
721 1891 857 1920 contia
895 1882 1107 1934 Epicurum
1151 1883 1253 1921 idem

197 1942 432 1981 Plutarchus
460 1943 590 1980 refer.t
613 1941 726 1981 Cetei·
729 1955 793 1980 um
813 1942 1081 1980 Democratem
1103 1941 1255 1981 Barbe-

196 2002 297 2039 rinae
317 2000 567 2039 bibliothecae
587 2000 752 2039 debes.»

250 2059 326 2098 Sed
346 2060 477 2098 nullus
497 2068 554 2098 est
570 2059 820 2098 Democrates
839 2071 887 2097 ex
907 2059 956 2098 iis
982 2058 1165 2098 omnibus
1185 2062 1253 2111 qui

195 2118 271 2156 hoc
290 2118 449 2158 nomine
466 2131 489 2157 a
507 2118 708 2157 veteribus
729 2119 914 2166 citantur
936 2118 983 2156 ad
1007 2131 1122 2168 quem
1143 2133 1254 2157 com-

198 2176 312 2220 mode
336 2186 380 2216 ut
406 2177 455 2216 ad
481 2186 678 2216 auctorem
710 2190 823 2216 suum
852 2177 911 2215 hae
940 2177 1139 2216 sententiae
1165 2192 1253 2230 pos-

198 2236 277 2274 sint
295 2235 435 2274 ieferri
457 2235 523 2287 (5).
542 2235 638 2274 Nam
664 2248 790 2304 nOeque
810 2235 962 2274 medico
990 2236 1249 2284 conveniunt,

198 2297 266 2347 qui
298 2298 370 2335 sub
402 2296 578 2346 Augusto
613 2295 734 2343 vixit3
766 2308 892 2347 neque
936 2294 1111 2343 athletae,
1143 2296 1255 2347 cujus

199 2355 370 2394 AElianus
399 2356 635 2394 mentionem
671 2363 822 2403 movet3
856 2367 982 2405 neque
1012 2354 1181 2401 rhetori,
1205 2358 1252 2394 D.

199 2414 407 2464 Augustini
445 2414 654 2463 magisu03
691 2425 818 2463 neque
859 2412 1018 2464 Lysidis
1061 2413 1254 2451 Platonici

196 2473 325 2539 patri3
347 2485 474 2523 neque
502 2472 589 2518 illi,
613 2471 681 2522 qui
714 2472 818 2509 circa
843 2471 1002 2523 Olymp.
1035 2470 1102 2509 CX
1134 2470 1253 2508 Athe-

197 2532 393 2570 niensium
431 2530 713 2582 rempublicam
748 2531 1060 2578 administravit,
1082 2544 1162 2569 non
1193 2532 1253 2569 di-

196 2603 221 2626 x
224 2603 334 2629 ersus
355 2589 519 2628 forsitan
539 2602 561 2627 a
569 2589 818 2656 philosopho·
827 2589 989 2640 Epicuri
1004 2588 1252 2627 acerbitatem

193 2648 249 2686 ob
269 2647 514 2700 compilatam
542 2648 627 2699 ejus
655 2648 883 2700 sapientiam
914 2657 1097 2699 expert03
1129 2661 1255 2699 neque

196 2708 232 2746 ci
251 2707 443 2759 denique,
465 2707 576 2758 cujus
596 2707 658 2746 bis
680 2708 857 2746 meminit
876 2707 1054 2746 Stobaeus
1082 2707 1146 2758 (6).
1167 2707 1254 2745 Huc

191 2766 368 2814 secedit,
399 2767 504 2818 quod
537 2780 677 2817 magna
708 2780 798 2819 pars
831 2767 1133 2814 sententiarum,
1167 2779 1254 2817 quae

236 2881 279 2921 (4)
298 2880 373 2913 Vid.
393 2881 517 2914 Fabric.
535 2881 617 2914 Bibl.
635 2883 741 2914 Graec.
757 2882 896 2922 1p.868
913 2881 964 2912 ed.
986 2881 1074 2913 Harh

238 2928 348 2969 (5)Cf.
367 2929 490 2961 Harles.
508 2928 549 2960 ad
564 2929 688 2961 Fabric.
705 2928 782 2962 Bibl.
798 2930 854 2961 Gr.
871 2928 892 2960 1.
916 2929 937 2961 l

239 2976 284 3018 (6)
307 2976 455 3009 Stobaeus
476 2975 560 3009 Flor.
580 2978 668 3017 xm,
694 2980 763 3009 30.
782 2975 987 3017 Δημοκράτης
1015 2975 1090 3008 ἰδὼν
1118 2974 1252 3013 κλέπτην

190 3025 256 3057 ὑπὸ
272 3026 334 3055 τῶν
357 3024 466 3056 ἕνδεκα
484 3023 695 3066 ἀπαγόμενον,
714 3024 824 3062 Ἄθλιε,
842 3024 932 3065 εἷπε,
951 3023 980 3055 τί
1010 3023 1069 3065 γὰρ
1091 3022 1130 3054 τὰ
1159 3022 1252 3063 μικρὰ

196 3073 359 3110 ἔκλεπτες,
377 3071 443 3103 ἀλ)’
458 3072 495 3104 οὐ
511 3072 550 3104 τὰ
570 3072 707 3113 μεγά).,α
732 3072 784 3104 ἵνα
800 3072 854 3103 καὶ
873 3071 912 3103 σὺ
934 3071 1043 3107 ἄλὶους
1063 3070 1200 3111 ἀπῆγεςς
1220 3071 1252 3102 el.

196 3121 307 3160 xxlt,
323 3096 384 3153 43·
401 3119 604 3162 Δημοκράτης
621 3119 796 3151 ἀναὸαίνων
811 3120 853 3156 εἷς
870 3119 925 3157 τὴν
942 3118 1109 3161 ἀκρόπολιν
1123 3117 1154 3149 ἐν
1171 3117 1252 3159 γήρᾳ

196 3167 248 3198 καὶ
261 3170 445 3207 πνευστιῶν,
458 3170 558 3199 ποιεῖν
575 3167 658 3208 ἔφη’
649 3166 724 3208 ὅπερ
740 3166 793 3198 καὶ
808 3166 955 3207 ξύμπασα
971 3167 990 3204 ἡ
1005 3168 1067 3196 τῶν
1084 3164 1250 3202 Ἀθηναίων

190 3214 294 3251 πόλις·
322 3217 411 3247 πιεῖν
438 3214 493 3255 μὲν
518 3214 578 3256 γὰρ
609 3214 707 3255 μέγα,
729 3213 848 3255 ἰσχύειν
869 3213 901 3245 δὲ
930 3211 1049 3254 μικρόν.
1080 3211 1151 3244 Alio
1179 3211 1251 3243 loco

196 3262 316 3301 xcut,
336 3263 376 3293 30
395 3260 619 3303 Δημοκράτους
638 3270 756 3293 nomen
776 3269 794 3293 e
813 3259 908 3293 oodd.
927 3259 989 3292 fide
1010 3261 1094 3291 recte
1113 3267 1200 3290 nunc
1217 3258 1248 3290 in

195 3307 378 3348 Σωκράτους
399 3310 558 3340 mutatum
575 3311 643 3347 est,
666 3307 841 3349 praesertim
858 3315 959 3348 quum
976 3305 1133 3338 sententia
1151 3304 1249 3337 attico

194 3363 340 3388 sermone
356 3355 474 3396 scripta
488 3332 688 3388 Atheniensis
703 3354 882 3396 philosophi
897 3363 965 3386 esse
982 3353 1139 3385 videatur.
1156 3351 1247 3392 Apud

191 3402 350 3434 Orellium
379 3401 477 3442 hujus
497 3402 543 3435 rei
568 3411 632 3434 non
657 3411 832 3435 memorem
863 3401 1021 3442 reperitur
1045 3401 1106 3432 hoo
1124 3398 1248 3431 dictum

193 3448 226 3479 in
259 3451 343 3490 Opp.
363 3451 445 3482 sent.
464 3450 530 3490 lp.
562 3454 582 3482 6
600 3450 680 3482 inter
701 3449 883 3491 Demophili
901 3448 1073 3482 Similitud.
1106 3447 1242 3488 Pythag.

235 3497 279 3538 (7)
303 3496 374 3529 Hoc
387 3495 486 3530 velex
506 3496 704 3530 Frobeniano
715 3497 947 3531 sententiarum
959 3504 1091 3539 corpore
1104 3496 1173 3536 cogi
1189 3503 1247 3536 po-

1320 876 1425 927 quod
1445 877 1539 914 olim
1559 876 1674 926 longe
1693 875 1884 925 integ-rius
1916 875 1989 914 fuit
2015 874 2091 927 (7),
2123 875 2186 913 vel
2212 876 2254 913 in
2293 875 2374 914 fra-

1319 944 1475 984 gmento
1491 934 1634 973 Stobaei
1649 963 1659 981 ,
1684 935 1790 986 quod
1809 948 1830 972 e
1849 933 2013 973 Joannis
2033 934 2263 973 Damasceni
2283 934 2371 973 cod.

1320 993 1544 1033 Florentino
1563 1003 1716 1032 erutum
1731 1002 1870 1045 quarto
1886 993 2070 1032 editionis
2084 1006 2164 1032 suae
2181 993 2375 1032 volumini

1318 1053 1484 1092 inseruit
1508 1053 1753 1092 Gaisfordius
1769 1054 1869 1104 (pag.
1893 1053 1968 1101 375
2001 1065 2109 1104 seqq.
2131 1052 2191 1091 ed.
2226 1052 2372 1104 Lips.)‚

1319 1113 1380 1151 vel
1399 1113 1502 1164 apud
1522 1113 1734 1151 Antonium
1755 1121 1793 1151 et
1819 1113 2033 1151 Maximum
2063 1114 2131 1163 qui
2151 1113 2317 1163 septimo
2337 1123 2376 1152 et

1319 1180 1458 1210 octavo
1478 1172 1619 1210 saeculo
1637 1185 1723 1210 cum
1743 1185 1792 1210 ex
1810 1172 1898 1210 aliis
1918 1180 1997 1210 tum
2015 1185 2064 1210 ex
2088 1171 2242 1210 Stobaeo
2262 1172 2373 1211 flori-

1318 1229 1461 1298 legium
1486 1244 1599 1269 suum
1630 1230 1972 1281 conscripserunt,
2001 1230 2134 1268 addito
2160 1230 2374 1270 Democriti

1318 1290 1476 1329 nomine
1493 1290 1705 1328 invenitur.
1728 1289 1920 1327 Praeterea
1938 1289 2079 1327 accidit
2094 1297 2137 1327 ut
2164 1289 2373 1340 aliquoties

1318 1347 1569 1386 librariorum
1611 1361 1766 1396 errore,
1798 1348 1867 1400 qui
1905 1349 2107 1399 scripturae
2141 1348 2374 1399 compendia

1317 1409 1478 1459 Δημοκρ.
1498 1416 1536 1445 et
1554 1409 1671 1458 Δημο.
1689 1408 1700 1427 '
1688 1408 1740 1460 8)
1760 1421 1837 1445 non
1857 1408 2127 1446 intellexerant
2138 1407 2270 1459 ‚apud
2289 1408 2373 1446 An-

1318 1468 1467 1504 tonium
1483 1476 1520 1505 et
1532 1467 1744 1505 Maximum
1766 1466 2002 1520 Δημοκράτης
2019 1467 2206 1518 scriptum
2224 1470 2287 1514 sit,
2302 1466 2373 1506 ubi

1316 1523 1457 1564 Stobaei
1471 1526 1584 1564 codd
1602 1526 1779 1564 Democn
1770 1526 1814 1564 1t1
1827 1539 1968 1564 nomen
1982 1525 2180 1563 exhibent.
2195 1525 2374 1577 Denique

1317 1584 1356 1622 in
1381 1584 1523 1623 Stobaei
1556 1585 1792 1635 fragmento,
1817 1584 1922 1636 quod
1953 1585 1995 1622 in
2028 1583 2115 1621 cod.
2146 1583 2372 1623 Florentino

1316 1652 1459 1691 exstat,
1488 1643 1668 1695 pluiibus
1687 1643 1785 1682 locis
1804 1643 2040 1695 Δημοκράτης
2059 1652 2258 1680 exaratum
2288 1651 2370 1692 est,

1316 1702 1384 1740 uhi
1405 1703 1623 1755 Δημόκριτος
1642 1702 1764 1741 scribi
1792 1701 1978 1749 debebat,
1995 1711 2038 1740 ut
2059 1715 2108 1740 ex
2136 1701 2280 1740 Stobaei
2300 1701 2372 1741 flo-

1315 1761 1472 1811 rilegio,
1494 1761 1678 1808 Antonii,
1697 1761 1858 1799 Maximi
1874 1761 2119 1827 aliorumque
2135 1760 2371 1811 scriptorum

1315 1819 1430 1858 libris
1447 1820 1681 1870 intelligitur
1698 1817 1766 1871 (9).
1779 1819 1837 1857 Ex
1845 1819 1908 1857 his
1922 1819 2045 1868 signis
2059 1831 2103 1856 ac
2116 1819 2240 1868 magis
2254 1819 2371 1857 etiam

1314 1892 1363 1917 ex
1375 1879 1460 1930 ipsa
1476 1879 1533 1917 rei
1548 1887 1686 1917 natura
1702 1887 1806 1916 recte
1822 1877 2014 1916 conclusit
2029 1877 2201 1915 Burchar
2204 1877 2276 1915 dus
2291 1877 2369 1930 (10)

1314 1938 1523 1976 sententias
1570 1937 1875 1985 Democraticas,
1918 1950 2014 1987 quas
2054 1949 2103 1974 ex
2146 1945 2255 1988 parte
2288 1937 2370 1987 jam

1314 1997 1486 2049 ipsarum
1520 1997 1838 2036 membranarum
1882 1996 2109 2035 aucmritate
2156 1997 2369 2036 Democriti

1314 2068 1398 2094 esse
1417 2056 1562 2107 liquet,
1584 2069 1709 2107 prope
1730 2069 1862 2094 omnes
1884 2068 1968 2094 esse
1998 2055 2226 2093 Democrito
2253 2057 2370 2094 resti-

1315 2115 1500 2162 tuendas,
1525 2115 1740 2182 praesertim
1766 2128 1885 2182 quum
1915 2114 1956 2152 in
1979 2115 2030 2152 iis
2053 2114 2185 2152 eadem
2217 2128 2303 2164 quae
2328 2115 2369 2153 in

1314 2174 1571 2212 l)emoc11te1s
1591 2174 1782 2213 sermonis
1801 2173 1923 2212 ionici
1942 2182 2129 2221 vetustas,
2154 2173 2286 2211 eadem
2314 2174 2370 2211 fa-

1314 2233 1461 2281 cilitas,
1483 2233 1586 2271 idem
1609 2232 1657 2271 de
1676 2231 1793 2271 rebus
1811 2232 1991 2270 humanis
2012 2240 2050 2269 et
2070 2232 2150 2270 vita
2172 2233 2367 2270 communi

1311 2292 1505 2342 judicium
1535 2291 1685 2343 ubique
1715 2299 1911 2343 appareat.
1946 2290 2180 2329 Postiemo
2168 2304 2211 2328 in
2243 2289 2369 2329 tribus

1315 2351 1429 2390 codd.
1469 2350 1537 2402 qui
1575 2350 1678 2388 dicta
1728 2349 2143 2393 Pseudodemocratica
2191 2359 2368 2402 servant,

1315 2424 1394 2448 non
1421 2409 1692 2462 Δημοκράτους,
1715 2409 1782 2447 sed
1800 2408 2022 2462 Δημοκρίτου
2043 2423 2185 2448 nomen
2203 2409 2266 2448 his
2295 2410 2372 2448 fra-

1314 2470 1479 2519 gmentis
1510 2469 1741 2520 inscriptum
1762 2477 1831 2507 est.
1869 2467 1924 2508 Cf.
1962 2469 2112 2507 Bai-‚les
2133 2469 2180 2507 ad
2214 2468 2367 2510 Fabi-ic.

1316 2529 1416 2567 Bibl.
1427 2528 1497 2567 Gr.
1515 2528 1585 2580 lp.
1604 2529 1694 2567 868.
1704 2527 1839 2579 Itaque
1853 2540 1940 2566 cum
1957 2527 2183 2566 Burchardo
2200 2528 2270 2567 has
2285 2542 2369 2567 sen·

1316 2590 1453 2627 tentias
1469 2587 1744 2626 Democriticis
1763 2586 1938 2634 intexui,
1960 2587 2013 2625 ita
2032 2596 2184 2634 tamen,
2203 2596 2247 2625 ut
2265 2588 2368 2626 indi-

1315 2661 1464 2694 car‚em
1483 2660 1569 2697 quae
1593 2645 1952 2698 apophthegmata
1940 2659 1983 2683 m
2008 2645 2244 2685 membranis
2269 2660 2367 2685 non-

1317 2707 1437 2744 nullis
1454 2706 1674 2744 Democrati
1694 2705 1971 2743 tribuerentur.
1981 2705 2133 2743 -Jam
2154 2706 2370 2755 fragmenta

1317 2765 1531 2804 Democriti
1552 2763 1839 2802 exhibebimus.

215 2843 2358 2853 Μ-

1316 2880 1379 2912 test
1394 2879 1483 2919 (Wld
1497 2878 1536 2911 ad
1552 2879 1664 2918 fragm.
1685 2887 1774 2919 spur.
1796 2878 1925 2920 2)quod
1937 2878 1976 2910 ad
1989 2878 2146 2910 honorum
2160 2878 2255 2911 codd.
2271 2878 2367 2911 iidem

1314 2935 1519 2967 expressum,
1536 2925 1795 2959 Gaisfordianum
1816 2925 1935 2959 Stobaei
1951 2927 2078 2959 textum
2100 2926 2191 2966 copia
2207 2927 2348 2967 superat.

1357 2974 1403 3017 (S)
1427 2974 1549 3007 Idcirco
1571 2975 1604 3006 et
1630 2974 1691 3006 alia
1705 2973 1958 3015 contunduntur,
1977 2977 2013 3006 ut
2028 2983 2080 3016 ap.
2100 2975 2218 3006 Anton.
2233 2975 2266 3005 et
2280 2974 2368 3007 Max.

1313 3031 1344 3063 p.
1372 3025 1433 3056 933
1455 3023 1670 3064 Δημοσθένους
1694 3023 1714 3062 ἢ
1734 3022 1942 3063 Δημοκρίτου.
1958 3021 2029 3055 lbid
2055 3031 2088 3063 p.
2117 3024 2177 3054 304
2204 3023 2251 3054 est
2265 3022 2369 3064 Δημο-

1312 3070 1432 3112 κρίτου.
1447 3070 1616 3112 Ἀγρυπνος
1643 3071 1698 3101 ἔσο
1724 3070 1807 3102 κατὰ
1830 3072 1947 3102 νοῦνκ.
1973 3081 2003 3102 τ.
2037 3071 2064 3102 λ.
2093 3078 2150 3110 pro
2174 3070 2369 3111 Δημοφίλου,

1312 3125 1344 3149 v.
1365 3117 1463 3149 orell.
1483 3119 1602 3158 Opusc.
1620 3118 1703 3149 sent.
1724 3118 1786 3159 Ip.
1811 3122 1849 3150 36
1867 3117 1949 3149 inter
1971 3117 2152 3157 Demophili
2174 3117 2365 3151 sententias.

1311 3163 1405 3205 Apud
1423 3164 1510 3205 Orig.
1528 3173 1557 3196 c.
1578 3164 1665 3197 Cels.
1689 3173 1720 3205 p.
1743 3168 1782 3196 32
1801 3164 1998 3205 (cantabrig)
2017 3165 2036 3203 ἢ
2060 3164 2271 3207 Ἐπικούρειος
2290 3164 2369 3196 εἶναι

1310 3213 1331 3251 ἢ
1349 3212 1581 3256 Δημοκράτειος
1594 3212 1614 3251 ἢ
1629 3212 1878 3254 Περιπατητικὸς
1898 3220 1983 3244 corr.
2008 3212 2242 3254 Δημοκρίτειος.
2273 3211 2367 3252 Apud

1311 3259 1401 3291 stob.
1424 3259 1482 3291 ecl.
1502 3259 1594 3300 phys.
1625 3261 1638 3291 l
1664 3267 1698 3300 p.
1734 3261 1796 3292 364
1822 3259 1874 3292 ed.
1893 3261 1986 3292 Heer.
2004 3259 2059 3291 alii
2088 3267 2146 3300 pro
2175 3258 2369 3300 Δημόκριτος

1310 3306 1418 3345 legunt
1434 3306 1636 3349 Δημόκρατος
1658 3309 1689 3338 et
1706 3305 1926 3348 Δημοκράτου.
1956 3306 2007 3339 cf.
2026 3314 2094 3338 var.
2122 3305 2196 3337 lect.
2226 3313 2295 3346 pag.
2315 3307 2366 3337 27.

1309 3353 1536 3396 Ὀνησικράτης
1556 3362 1721 3395 perperam
1741 3353 1896 3393 scriptum
1913 3354 1962 3385 est
1978 3362 2028 3394 ap.
2049 3352 2211 3385 Plutarch.
2233 3352 2324 3384 Alex.
2348 3355 2367 3384 8

1309 3402 1342 3434 in
1359 3401 1521 3435 nonnullis
1533 3400 1626 3433 oodd.
1645 3410 1703 3442 pro
1717 3400 1941 3442 Ὀνησίκριτος.

1352 3449 1397 3488 (9)
1416 3448 1466 3480 ot.
1483 3446 1561 3479 ibid.
1576 3455 1607 3488 p.
1622 3449 1682 3480 406
1699 3455 1772 3479 cum
1785 3446 1943 3480 clement.
1956 3446 2044 3480 Alex.
2059 3447 2178 3479 strom.
2193 3447 2284 3486 le.
2295 3447 2366 3478 536.

1354 3495 1420 3535 (10)
1446 3496 1523 3536 Pag
1544 3497 1599 3526 12-
1605 3499 1653 3526 16.

2205 3550 2253 3578 22.
