2612 3814
232 326 310 363 554

234 410 304 463 μὰν
321 409 364 448 δι’
382 409 542 448 αὔταυτα
554 439 564 457 ,
581 408 634 456 εἴη
653 408 695 449 ἂν
712 408 773 448 καὶ
790 408 906 462 τρίτον
921 424 954 447 τι
972 401 1060 452 εἶδος
1077 408 1200 461 ἅτερον
1213 408 1302 458 ἀγα-

233 474 322 518 θῶν,
353 470 370 508 ὃ
401 471 461 509 καὶ
491 470 535 509 δι’
558 468 733 508 αὔταυτον
754 469 891 522 αἱρετόν
914 471 985 508 ε’ντι
1008 469 1068 520 καὶ
1091 470 1134 506 δι’
1159 468 1297 520 ἅτερον.

230 530 318 569 Τίνα
335 534 350 552 ³
370 522 418 569 ὧν
443 531 514 568 ἐντι
536 528 580 570 τὰ
598 534 743 570 τοιαῦτα
762 531 832 568 τῶν
851 530 1014 581 ἀγαθῶν,
1037 527 1128 580 ἅπερ
1147 526 1238 566 αὐτὰ
1253 527 1314 579 δι’Γ

233 589 393 629 αὕταυτα
417 589 540 643 αἱρετὰ
570 589 724 644 πέφυκεν
759 583 874 640 ἦμεν,
912 589 949 627 οὐ
985 587 1054 639 μὰν
1078 588 1121 627 δι’
1149 588 1297 643 ἅτερον;

231 649 379 704 φανερὸν
401 647 455 688 ὅτι
490 649 512 688 ἁ
543 649 794 701 εὐδαιμοσύνα.
854 649 1002 692 Ταύτας
1030 648 1098 700 γὰρ
1131 648 1235 687 ἕνεκα
1255 647 1299 687 τὰ

233 710 325 749 ἄλλα
361 709 551 762 αἱρεόμεθα
569 740 579 758 ,
618 708 726 748 αὐτὰν
757 708 792 747 δὲ
830 708 964 747 ταύταν
998 706 1133 752 οὐδενὸς
1165 707 1297 761 ἁτέρω.

231 769 324 809 Τίνα
351 769 386 807 δὲ
408 769 516 807 πάλιν
549 769 643 816 ἐντί,
666 769 688 807 ἃ
710 767 753 807 δι’
785 767 911 820 ἅτερον
934 767 998 819 μὲν
1020 767 1232 820 αἱρεόμεθα,
1260 769 1299 807 οὗ

233 828 303 880 μὰν
333 829 377 867 δι’
411 828 571 868 αὕταυτά
597 843 660 880 γε;
685 829 789 867 δᾶλον
826 828 879 868 ὅτι
899 827 942 866 τὰ
973 827 1138 881 ὠφέλιμα
1167 827 1228 867 καὶ
1255 827 1299 867 τὰ

231 888 431 941 παρεκτικὰ
448 888 464 912 ¹³
487 891 556 927 τῶν
583 890 746 940 ἀγαθῶν,
765 887 856 941 ἅπερ
875 887 975 927 αἴτια
996 888 1132 940 γίνεται
1152 891 1222 927 τῶν
1244 889 1299 926 αἱ-

235 952 344 1002 ρετῶν
359 978 369 996 ,
393 943 463 988 οἷον
482 948 581 987 πόνοι
598 947 661 998 μὲν
680 947 844 999 σώματος
867 948 928 987 καὶ
946 948 1127 997 γυμνάσια
1145 947 1207 987 καὶ
1227 947 1301 1001 τρί-

232 1011 307 1062 ψιες
327 1009 504 1056 εὐεκτίας,
526 1007 740 1059 ἀναγνώσιες
761 1009 796 1047 δὲ
828 1008 889 1047 καὶ
920 1007 1068 1060 μελέται
1088 1006 1149 1046 καὶ
1172 1008 1298 1055 ἐπιτη-

233 1067 367 1112 δεύσιες
388 1070 507 1107 καλῶν
533 1067 593 1106 καὶ
614 1068 757 1120 ἀρετᾶς.
816 1068 907 1107 Τίνα
929 1067 965 1107 δὲ
983 1068 1044 1107 καὶ
1066 1069 1110 1107 δι’
1138 1066 1298 1107 αὔταυτα

233 1128 356 1181 αἱρετὰ
385 1127 445 1167 καὶ
475 1127 520 1167 τὰ
548 1127 591 1167 δι’
613 1127 762 1183 ἅτερον,
800 1122 871 1168 οἷον
904 1128 945 1167 αἵ
962 1144 999 1167 τε
1035 1127 1158 1181 ἀρεταὶ
1181 1127 1242 1167 καὶ
1263 1130 1300 1167 αἱ

232 1187 318 1234 ἕξιες
343 1189 483 1238 αὐτῶν,
509 1187 571 1229 καὶ
594 1190 630 1228 αἱ
647 1188 888 1242 προαιρέσιες,
913 1188 973 1228 καὶ
994 1189 1030 1227 αἱ
1054 1187 1219 1240 πράξιες,
1240 1188 1300 1226 καὶ

233 1254 304 1286 πᾶν
325 1247 365 1287 τὸ
384 1246 551 1300 ἐχόμενον
571 1254 633 1292 τᾶς
646 1250 697 1287 τῶ
718 1249 819 1287 καλῶ
836 1247 972 1293 οὐσίας.
1031 1249 1085 1287 Τὸ
1103 1246 1166 1299 μὲν
1187 1240 1236 1287 ῶν
1255 1248 1297 1286 δι’

233 1308 387 1347 αὔταυτο
409 1308 568 1362 αἱρετόν,
591 1309 631 1347 οὐ
653 1306 723 1357 μὰν
745 1309 790 1347 δι’
825 1308 972 1362 ἅτερον,
998 1310 1147 1361 μονῆρες
1172 1307 1300 1359 ἀγαθόν

233 1369 306 1407 ἐντι
327 1368 388 1406 καὶ
411 1367 464 1406 ἕν·
485 1368 524 1407 τὸ
547 1367 585 1407 δὲ
606 1367 667 1407 καὶ
688 1368 733 1406 δι’
760 1369 847 1407 αὐτὸ
873 1367 935 1408 καὶ
957 1367 1000 1407 δι’
1025 1367 1147 1420 ἅτερον
1162 1399 1171 1415 ,
1192 1373 1300 1421 τριχᾷ

234 1426 414 1466 δέδασται.
475 1427 529 1468 Τὸ
555 1426 618 1479 μὲν
639 1427 708 1479 γάρ
727 1443 762 1465 τι
783 1428 879 1466 αὐτῶ
908 1426 990 1480 περὶ
1011 1427 1129 1481 ψυχάν
1151 1428 1240 1475 ἐντι,
1259 1428 1300 1467 τὸ

235 1486 271 1525 δὲ
292 1487 373 1538 περὶ
393 1490 518 1537 σῶμα,
542 1488 580 1527 τὸ
601 1487 637 1526 δέ
654 1503 689 1526 τι
709 1486 828 1531 ἐκτός·
851 1486 932 1538 περὶ
957 1487 1076 1540 ψυχὰν
1100 1486 1164 1538 μὲν
1186 1489 1222 1525 αἱ
1238 1493 1300 1532 τᾶς

235 1550 353 1601 ψυχᾶς
373 1547 523 1602 ἀρεταί,
545 1548 627 1601 περὶ
661 1549 767 1598 σῶμα
802 1545 838 1586 δὲ
867 1548 904 1586 αἱ
923 1549 974 1586 τῶ
995 1547 1178 1598 σώματος,
1204 1546 1301 1591 ἐκτὸς

236 1607 271 1646 δὲ
287 1608 402 1662 φίλοι,
421 1607 523 1655 δόξα,
543 1606 652 1658 τιμά,
670 1608 837 1651 πλοῦτος.
899 1606 1170 1658 [Ιαραπλασίως
1188 1605 1223 1645 δὲ
1238 1605 1299 1645 καὶ

233 1667 272 1705 τὸ
293 1668 336 1705 δι’
356 1666 478 1719 ἅτερον
498 1667 635 1720 αἱρετόν
649 1681 658 1691 ·
674 1665 716 1705 τὸ
734 1666 798 1718 μὲν
815 1666 884 1719 γάρ
900 1682 933 1705 τι
956 1667 1053 1704 αὐτῶ
1072 1669 1115 1706 τὰ
1130 1665 1301 1705 ποιατικὰ

233 1727 302 1764 τῶν
324 1732 384 1768 τᾶς
406 1727 523 1779 ψυχᾶς
554 1726 716 1777 ἀγαθῶν,
744 1723 826 1776 περὶ
849 1728 954 1778 σῶμα
975 1725 1010 1763 δὲ
1032 1724 1077 1763 τὰ
1108 1727 1157 1763 τῶ
1178 1724 1303 1775 σώμα-

234 1800 315 1832 τος,
352 1784 450 1828 ἐκτὸς
475 1782 510 1823 δὲ
532 1782 576 1822 τὰ
608 1784 707 1823 αἴτια
728 1782 871 1822 πλούτω
898 1783 958 1822 καὶ
985 1783 1084 1829 δόξας
1104 1783 1164 1823 καὶ
1196 1790 1301 1835 τιμᾶς

234 1844 294 1882 καὶ
317 1843 446 1898 φιλίας.
504 1841 592 1884 εὈτι
625 1842 661 1882 δὲ
695 1844 758 1882 τὰν
793 1842 923 1895 ἀρετὰν
956 1837 1047 1894 ἦμεν
1073 1842 1300 1894 συμὸέὸακεν

235 1904 343 1943 αὐτὰν
366 1904 411 1942 δι’
429 1903 608 1942 αὐταύταν
630 1902 795 1956 αἱρετάν,
814 1903 918 1942 δᾶλον
938 1903 998 1942 καὶ
1017 1904 1056 1941 ἐκ
1071 1904 1195 1944 τῶνδε.
1254 1905 1301 1943 Αἰ

234 1963 302 2016 γὰρ
320 1963 364 2002 τὰ
385 1963 645 2016 καταδεέστερα
666 1969 712 2018 τᾷ
735 1961 837 2016 φύσει
860 1963 870 2016 (
889 1962 983 2016 λέγω
1005 1962 1046 2010 δὴ
1070 1963 1114 2002 τὰ
1136 1963 1302 2014 σώματος

236 2024 404 2076 ἀγαθοί),
436 2023 526 2062 αὐτὰ
559 2023 604 2062 δι’
636 2021 795 2062 αὔταυτα
820 2023 1010 2077 αἱρεόμεθα
1029 2055 1040 2071 ,
1073 2023 1233 2076 κρέσσων
1266 2023 1301 2062 δὲ

236 2145 300 2169 non
318 2137 449 2178 propter
468 2144 502 2168 se
520 2135 590 2177 ipsa
615 2149 623 2168 :
643 2136 740 2168 fuerit
756 2138 788 2168 et
802 2137 898 2168 tertia
919 2135 1071 2177 quaedam
1096 2137 1220 2178 species
1244 2136 1300 2169 bo·

237 2205 354 2228 norum
370 2220 379 2236 ‚
398 2204 472 2237 quae
493 2199 526 2229 et
543 2199 677 2237 propter
696 2204 731 2228 se
748 2196 790 2228 sit
806 2195 987 2237 expetenda
1007 2197 1039 2228 et
1054 2198 1186 2238 propter
1199 2196 1302 2229 aliud.

238 2259 320 2295 Quae
337 2256 433 2297 igitur
452 2257 529 2289 sunt
546 2255 643 2296 liujus
656 2255 782 2297 generis
801 2255 905 2296 bona,
926 2264 1001 2298 quae
1019 2259 1150 2298 propter
1167 2265 1202 2289 se
1215 2280 1224 2295 ,
1239 2265 1304 2288 non

240 2318 371 2359 propter
387 2317 475 2350 aliud
493 2317 600 2350 solent
617 2317 749 2358 expeti?
771 2316 944 2350 Manifesto
963 2317 1035 2348 talis
1051 2319 1101 2349 est
1123 2317 1302 2350 beatitudo.

240 2376 346 2418 Hujus
375 2377 461 2410 enim
490 2377 595 2418 gratia
618 2376 742 2418 reliqua
769 2376 974 2418 expetimus,
1005 2385 1077 2408 eam
1101 2385 1178 2409 vero
1202 2376 1305 2418 ipsam

240 2437 360 2469 nullius
373 2436 508 2469 alterius
523 2435 637 2477 gralia.
685 2438 769 2475 Quae
786 2444 864 2468 vero
881 2439 975 2476 sunt,
993 2444 1069 2477 quae
1083 2437 1214 2477 propter
1229 2436 1304 2476 alia,

240 2506 305 2530 non
323 2498 455 2538 propter
474 2505 509 2529 se
525 2497 594 2538 ipsa
613 2496 821 2538 appetimus?
839 2496 1001 2530 Nimirum
1023 2505 1073 2529 res
1090 2496 1186 2529 utiles
1202 2500 1234 2528 et
1251 2496 1307 2528 bo·

241 2565 358 2588 norum
397 2555 650 2595 conciliatrices,
679 2564 754 2597 quae
782 2560 860 2588 sunt
895 2563 1003 2588 causae
1033 2555 1226 2596 optabilium
1238 2579 1248 2596 ,
1272 2556 1308 2587 ut

242 2616 368 2649 labores
385 2615 518 2657 quidem
539 2617 572 2649 et
594 2615 750 2649 exercitia
777 2624 948 2657 corporum
968 2616 1001 2648 et
1022 2614 1186 2649 frictiones
1213 2615 1308 2647 bonae

242 2675 457 2714 valetudinis,
480 2675 638 2708 lectiones
658 2678 767 2708 autem
781 2699 790 2716 ,
815 2674 1044 2707 meditationes
1069 2677 1101 2707 et
1127 2674 1235 2707 studia
1252 2675 1302 2707 lio-

242 2733 376 2767 nestatis
389 2735 488 2774 atque
508 2734 651 2767 virtutis.
699 2736 780 2772 Quae
797 2743 876 2766 vero
896 2736 929 2767 et
940 2736 1069 2775 propter
1083 2742 1116 2766 sc
1133 2735 1166 2766 et
1180 2734 1308 2775 proptor

245 2793 332 2827 aliud
352 2793 560 2835 expetenda?
582 2802 700 2834 nempe
718 2794 856 2826 virtutes
870 2795 902 2826 et
921 2794 1050 2826 babitus
1063 2802 1175 2826 earum
1191 2795 1223 2826 et
1236 2802 1309 2827 con·

244 2853 315 2886 silla
338 2854 370 2886 et
385 2852 529 2885 actiones
551 2855 583 2885 et
600 2852 759 2894 quidquid
773 2853 917 2886 cohaeret
934 2862 1008 2886 cum
1027 2853 1154 2886 bonesti
1172 2853 1308 2886 ratione.

247 2913 375 2945 Bonum
399 2910 512 2952 igilur,
527 2910 616 2952 quod
641 2912 771 2952 propter
787 2920 842 2952 se,
861 2920 927 2944 non
944 2913 1076 2954 propter
1094 2912 1234 2945 alterum
1251 2911 1310 2945 eli·

247 2969 388 3012 gendum
409 2971 470 3011 sit,
491 2970 597 3003 solum
617 2971 650 3003 et
671 2970 803 3002 unicum
819 2972 868 3003 est
888 2980 896 3003 :
920 2971 1008 3013 quod
1032 2980 1109 3004 vero
1128 2973 1161 3005 et
1178 2973 1311 3014 propter

246 3040 281 3064 se
298 3032 332 3064 et
357 3031 489 3073 propter
505 3029 595 3063 aliud
609 3054 618 3071 ,
636 3029 792 3063 trifariam
810 3029 951 3063 divisum
972 3032 1032 3064 est.
1079 3031 1202 3064 Partim
1224 3031 1310 3064 enim

254 3090 288 3124 in
306 3091 416 3124 animo
432 3092 504 3131 est,
519 3090 636 3133 partim
654 3089 687 3122 in
711 3098 863 3132 corpore,
885 3090 1002 3131 partim
1030 3091 1236 3125 extrinsecus
1251 3100 1260 3120 t
1277 3092 1311 3124 in

248 3152 360 3184 animo
380 3152 513 3193 quidem
546 3151 682 3184 virtutes
703 3150 824 3192 animi,
846 3150 878 3183 in
902 3159 1036 3192 corpore
1059 3161 1138 3184 vero
1168 3152 1312 3194 corporis

247 3212 406 3251 virtutes,
435 3215 528 3243 extra
556 3210 722 3244 hominem
744 3210 859 3251 amici,
886 3210 1005 3252 gloria,
1027 3211 1144 3252 honor,
1175 3211 1309 3245 divitiae.

249 3271 403 3304 Similiter
423 3271 456 3303 et
475 3270 557 3303 illud
576 3270 664 3312 quod
683 3273 815 3313 propter
837 3269 924 3302 aliud
945 3270 1112 3312 expetitur
1132 3275 1204 3304 :est
1227 3272 1313 3304 enim

249 3330 366 3372 partim
393 3330 425 3363 id
458 3339 555 3364 omne
586 3330 674 3372 quod
707 3330 807 3363 animi
834 3330 918 3362 bona
938 3330 1056 3371 eflicit,
1083 3330 1199 3371 partim
1226 3331 1312 3372 quod

249 3391 335 3423 circa
354 3399 473 3432 corpus
495 3391 591 3432 liujus
607 3390 767 3423 bonorum
788 3391 1066 3431 externorumque
1081 3398 1211 3422 causam
1228 3399 1312 3432 prae·

251 3450 325 3493 bet,
347 3450 535 3484 divitiarum
548 3475 558 3492 ,
579 3451 710 3493 glorioe,
731 3451 866 3484 lionoris
884 3452 917 3484 et
935 3450 1101 3485 amicitiae.
1148 3453 1313 3485 Caeterum

251 3510 406 3542 virtutem
430 3512 561 3551 propter
583 3519 617 3543 se
639 3510 857 3552 expetendam
885 3518 978 3551 esse,
1009 3509 1087 3542 hinc
1102 3509 1316 3550 etiamcolli·

259 3568 357 3608 gitur.
405 3569 438 3602 Si
455 3568 540 3602 enim
559 3569 633 3610 illa,
651 3578 726 3610 quoe
749 3569 902 3604 inferiora
919 3578 977 3603 sua
999 3571 1114 3603 natura
1131 3572 1208 3603 sunt
1229 3570 1314 3612 (dico

1200 316 1465 356 ARCHYTAE

1367 405 1466 460 ψυχὰ
1494 405 1682 457 σώματος,
1706 406 1854 461 φανερὸν
1876 408 1929 447 ὅτι
1947 409 2007 447 καὶ
2026 409 2071 450 τὰ
2099 415 2160 455 τᾶς
2175 413 2294 466 ψυχᾶς
2314 414 2427 465 ἀγαθὰ

1366 465 1456 505 αὐτὰ,
1472 465 1517 505 δι’
1538 465 1698 505 αὔταυτα
1720 467 1941 520 ἀγαπέομες,
1959 469 2037 508 ἀλλ’
2058 470 2097 509 οὐ
2119 470 2176 509 διὰ
2204 471 2250 510 τὰ
2271 474 2429 513 dment-

1364 541 1467 565 νοντα
1487 525 1550 563 ἀπ’
1574 527 1705 567 αὐτῶν.

1421 585 1558 636 (ὅτίνα
1586 578 1635 624 ὦν
1672 586 1744 625 ἕντι
1775 588 1945 640 scripsi3
1974 590 2091 629 codd.
2126 590 2228 630 τίνων
2258 584 2307 631 ὧν
2338 593 2426 634 ἐντι.

1366 645 1382 670 ¹³
1409 645 1605 698 παρεκτικὰ
1641 649 1756 698 posui
1793 661 1867 699 pro
1903 648 2217 690 membranarum
2262 652 2432 692 lectione

1365 704 1635 757 προαιρετικαί.)
2314 756 2319 761 θ

1418 764 1460 805 ε’.
1493 765 1556 804 Τῶ
1582 764 1611 803 δ’
1631 766 1841 819 ἀνθρωπίνω
1870 766 1936 819 βίω
1962 768 2078 820 καιροὶ
2113 775 2233 824 τρεῖς,
2252 774 2284 814 ὁ,
2304 769 2369 821 μὲν
2391 773 2427 810 ἔν

1364 823 1509 879 εὐτυχία
1521 854 1530 872 ,
1544 826 1562 863 ὃ
1579 823 1615 864 δὲ
1627 826 1661 864 ἐν
1683 826 1855 880 ἀτυχίᾳ,ὀ
1871 826 1907 866 δὲ
1927 827 2057 878 μεταξὺ
2075 828 2223 872 τούτων.
2255 831 2360 872 Ἐπεὶ
2373 824 2423 871 ῶν
2452 844 2454 846 ’

1365 884 1495 935 ἀγαθὸς
1513 883 1602 937 ἀνὴρ
1617 887 1635 923 ὁ
1649 885 1741 939 ἔχων
1757 885 1886 939 ἀρετὰν
1897 887 1958 926 καὶ
1973 890 1991 926 ὁ
2004 888 2194 942 χρεόμενος
2209 891 2332 944 ἀρετᾷ,
2345 891 2430 944 χρέ·

1365 960 1440 984 εται
1461 943 1496 982 δὲ
1520 946 1610 998 αὐτᾷ
1630 943 1724 984 κατὰ
1744 944 1812 990 τὼς
1831 954 1924 1000 τρεῖς
1940 946 2091 1000 καιρώς·
2109 947 2132 996 ἢ
2152 948 2221 1003 γὰρ
2241 951 2276 989 ἐν
2300 948 2431 1003 ἀτυχίᾳ

1363 1004 1386 1052 ἢ
1407 1006 1442 1043 ἐν
1462 1004 1609 1058 εὐτυχίᾳ
1628 1003 1650 1052 ἢ
1673 1007 1707 1045 ἐν
1729 1005 1801 1050 τοῖς
1821 1006 1953 1058 μεταξὺ
1970 1006 2121 1046 τούτων·
2141 1008 2203 1047 καὶ
2234 1010 2286 1057 ἐν,
2298 1009 2431 1063 ἀτυχίᾳ

1365 1064 1429 1116 μέν
1450 1067 1520 1104 ἐντι
1545 1063 1787 1116 κακοδαίμων,
1799 1069 1833 1106 ἐν
1855 1068 1885 1105 δ’
1901 1067 2048 1121 εὐτυχίᾳ
2067 1068 2259 1119 εὐδαίμων,
2275 1071 2312 1109 ἐν
2331 1068 2367 1108 δὲ
2385 1075 2431 1122 τᾷ

1365 1125 1458 1177 μέσᾳ
1479 1126 1699 1165 καταστάσει
1719 1127 1781 1164 οὐκ
1797 1127 1988 1178 εὐδαίμων.
2024 1129 2187 1182 Φανερὸν
2205 1122 2253 1168 ὧν
2266 1129 2432 1170 ὅτιούδὲν

1368 1185 1491 1237 ἅτερόν
1513 1186 1584 1224 ἐντι
1605 1186 1846 1237 εὐδαιμοσύνα
1871 1187 1951 1226 ἀλλ’
1965 1186 1989 1235 ἢ
2018 1194 2148 1242 χρᾶσις
2167 1190 2295 1241 ἀρετᾶς
2318 1191 2355 1228 ἐν
2375 1191 2432 1230 εὐ·

1365 1244 1482 1297 τυχίᾳ.
1513 1244 1671 1297 Λέγομες
1692 1246 1727 1284 δὲ
1743 1249 1803 1284 νῦν
1822 1247 2079 1298 εὐδαιμοσύναν
2096 1247 2161 1287 τὰν
2176 1250 2228 1287 τῶ
2241 1248 2431 1302 ἀνθρώπω,

1366 1304 1412 1345 Ὁ
1431 1305 1460 1343 δ’
1475 1306 1660 1358 ἄνθρωπος
1675 1308 1740 1359 οὐχ
1760 1306 1782 1344 ἇ
1796 1306 1895 1361 ψυχὰ
1917 1306 2044 1359 μόνον,
2069 1307 2161 1347 ἀλλὰ
2180 1308 2242 1348 καὶ
2259 1308 2300 1349 τὸ
2313 1309 2432 1361 σῶμα·4

1365 1364 1404 1403 τὸ
1424 1363 1492 1417 γὰρ
1521 1365 1555 1410 ἐξ
1577 1366 1790 1419 ἀμφοτέρων
1807 1369 1895 1419 ζῷον
1918 1367 1979 1406 καὶ
1999 1368 2039 1407 τὸ
2060 1370 2098 1407 ἐκ
2114 1368 2280 1407 τοιούτων
2297 1368 2431 1422 ἄνθρω-

1364 1440 1441 1469 πος.
1501 1425 1575 1464 Καὶ
1595 1425 1663 1479 γὰρ
1686 1427 1722 1464 αἶ
1744 1432 1807 1471 τᾶς
1826 1427 1943 1480 ψυχᾶς
1960 1426 2110 1480 ὄργανον
2129 1427 2170 1467 τὸ
2186 1430 2292 1479 σῶμα
2319 1427 2434 1481 πέφυ·

1365 1500 1444 1534 κεν,
1470 1484 1563 1523 ἀλλὰ
1589 1485 1650 1524 καὶ
1685 1487 1735 1524 τῶ
1764 1485 1940 1539 ἀνθρώπω
1961 1486 2087 1540 μέρος,
2121 1487 2182 1526 καὶ
2205 1491 2309 1528 τοῦτο
2326 1488 2387 1528 καὶ
2409 1488 2433 1527 ἆ

1366 1544 1481 1596 ψυχά.
1541 1544 1606 1584 Διὸ
1622 1543 1683 1584 καὶ
1700 1547 1770 1583 τῶν
1789 1547 1930 1597 ἀγαθῶν
1949 1546 1972 1585 ἃ
1994 1545 2056 1597 μέν
2076 1548 2146 1586 ἐντι
2165 1549 2216 1586 τῶ
2241 1548 2431 1602 ἀνθρώπω,

1368 1603 1391 1642 ἃ
1412 1603 1448 1643 δὲ
1469 1605 1538 1642 τῶν
1566 1604 1718 1657 μερέων.
1781 1604 1853 1644 Καὶ
1881 1606 2057 1659 ἀνθρώπω
2079 1605 2143 1658 μὲν
2163 1606 2294 1659 ἀγαθὸν
2315 1607 2436 1646 εὐδαι-

1370 1663 1529 1715 μοσύνα,
1553 1666 1623 1702 τῶν
1663 1662 1700 1703 δὲ
1729 1663 1864 1717 μερέων
1898 1668 1948 1704 τῶ
1978 1665 2172 1718 ἀνθρώπω,
2194 1667 2312 1720 ψυχᾶς
2341 1666 2432 1718 μέν,

1367 1722 1558 1777 φρόνασις,
1583 1723 1726 1777 ἀνδρεία
1742 1754 1751 1772 ,
1782 1724 2012 1774 δικαιοσύνα,
2044 1725 2276 1779 σωφροσύνα,
2307 1725 2435 1777 σώμα-

1368 1799 1424 1828 τος
1448 1783 1508 1834 δέ,
1529 1783 1657 1829 κᾶλλος
1672 1815 1682 1833 ,
1703 1783 1838 1837 ὑγίεια,
1859 1785 2021 1834 εὐεκτία,
2042 1786 2264 1825 εὐαισθασία.
2320 1785 2379 1826 Τὰ
2397 1785 2434 1824 δὲ

1368 1843 1487 1892 ἐκτός,
1511 1847 1662 1888 πλοῦτος
1684 1843 1746 1883 καὶ
1763 1843 1846 1889 δόξα
1876 1844 1936 1883 καὶ
1958 1843 2049 1896 τιμὰ
2072 1844 2133 1883 καὶ
2159 1843 2341 1897 εὐγένεια,
2361 1843 2434 1884 πέ-

1369 1919 1475 1957 φυκεν
1503 1904 1722 1956 ἐπιγένναμα
1756 1898 1846 1954 ἦμεν
1870 1907 1921 1943 τῶ
1953 1905 2152 1957 ἀνθρώπω,
2172 1902 2236 1943 καῖ
2258 1902 2434 1944 ἀκόλουθα

1366 1966 1440 2009 τόῖς
1454 1969 1468 1987 ³
1487 1963 1588 2017 φύσει
1608 1962 1916 2017 προϋφεστακόσιν
1935 1965 2091 2015 ἀγαθοῖς.
2151 1966 2346 2019 Δορυφορεῖ
2361 1961 2379 1987 ¹³
2398 1962 2434 2003 δὲ

1368 2023 1412 2062 τὰ
1433 2022 1547 2077 μῇονα
1566 2027 1636 2062 τῶν
1656 2024 1797 2074 ἀγαθῶν
1818 2023 1863 2062 τὰ
1881 2022 2011 2075 μέζονα
2024 2053 2034 2072 ,
2052 2024 2151 2078 φιλία
2177 2022 2241 2076 μὲν
2260 2023 2322 2064 καὶ
2351 2022 2435 2070 δόξα

1368 2138 1513 2178 corporis
1543 2137 1668 2178 bona),
1698 2139 1831 2178 propter
1863 2146 1898 2170 se
1925 2138 2132 2179 expetimus,
2163 2138 2292 2172 animus
2320 2141 2432 2171 autern

1369 2197 1577 2238 praestantior
1595 2206 1750 2239 corpore,
1770 2198 1920 2239 apertum
1943 2201 1991 2230 est
2008 2206 2066 2230 nos
2083 2198 2181 2230 animi
2199 2206 2332 2240 quoque
2348 2198 2432 2231 bona

1370 2260 1501 2299 propter
1524 2266 1582 2298 se,
1609 2266 1675 2289 non
1696 2260 1828 2299 propter
1853 2266 1966 2290 eorum
1981 2257 2118 2290 effectus
2143 2259 2306 2300 expetere.

1410 2319 1451 2350 V.
1478 2317 1730 2350 vitaehumanae
1747 2316 1807 2350 tria
1827 2319 1902 2349 sunt
1927 2318 2097 2358 tempora,
2117 2326 2220 2350 unum
2246 2317 2436 2360 felicitatis,

1368 2377 1456 2409 aliud
1484 2376 1703 2418 infelicitatis,
1737 2377 1870 2409 tertium
1900 2376 2044 2409 medium
2079 2377 2253 2418 utriusque
2281 2376 2434 2412 fortunae.

1369 2439 1453 2469 Cum
1476 2436 1574 2478 igitur
1591 2437 1640 2469 vir
1661 2437 1765 2469 bonus
1781 2437 1823 2469 sit
1841 2436 1962 2470 virtute
1979 2437 2140 2478 praeditus
2158 2437 2294 2479 ejusque
2313 2437 2436 2480 cultor,

1370 2497 1401 2529 in
1419 2497 1506 2529 iilius
1526 2498 1639 2529 autem
1668 2496 1901 2529 exercitatione
1921 2497 2028 2529 tribus
2050 2496 2252 2538 temporibus
2275 2498 2435 2539 versetur,

1370 2557 1438 2589 sive
1459 2556 1591 2590 duriore
1617 2557 1752 2589 fortuna
1782 2556 2008 2597 conflictatus,
2026 2556 2096 2589 sive
2124 2557 2278 2590 felicitate
2296 2556 2436 2599 florens,

1376 2615 1443 2647 sive
1458 2615 1655 2647 mediocrem
1671 2622 1780 2647 rerum
1800 2616 1920 2647 statum
1941 2616 2053 2647 nactus
2072 2628 2080 2648 :
2103 2615 2135 2647 in
2151 2615 2286 2648 adversa
2303 2615 2436 2658 quidem

1372 2675 1499 2708 fortuna
1523 2679 1574 2708 est
1602 2677 1714 2716 miser,
1738 2676 1770 2708 in
1801 2676 2014 2717 prosperitate
2045 2676 2139 2716 felix,
2169 2676 2200 2709 in
2223 2676 2332 2709 medio
2358 2685 2436 2709 vero

1371 2735 1457 2765 statu
1488 2743 1552 2765 non
1577 2733 1704 2766 beatus.
1751 2733 1869 2775 Liquet
1905 2734 2015 2775 igitur,
2042 2734 2229 2767 felicitatem
2255 2743 2326 2768 esse
2354 2735 2435 2768 nillil

1371 2792 1461 2824 aliud
1481 2801 1580 2834 qnam
1605 2802 1702 2825 usum
1730 2793 1860 2826 virtutis
1888 2793 1920 2825 in
1955 2802 2111 2835 prospero
2130 2803 2241 2827 rernm
2264 2803 2434 2828 successu.

1371 2852 1549 2893 Loquimur
1572 2855 1682 2885 autem
1713 2852 1776 2885 lioc
1804 2852 1878 2885 loco
1903 2853 1943 2886 (le
1960 2853 2102 2886 hominis
2124 2853 2291 2887 beatitate.
2329 2855 2436 2886 Bouto

1371 2914 1480 2944 autem
1503 2921 1568 2944 non
1587 2914 1715 2944 tantum
1730 2921 1770 2945 ex
1789 2913 1896 2944 animo
1907 2937 1917 2954 ,
1934 2913 1990 2945 sed
2009 2922 2027 2946 e
2050 2922 2184 2954 corpore
2198 2921 2329 2955 quoque
2347 2921 2437 2946 com-

1373 2972 1498 3013 positus
1515 2973 1581 3011 est;
1597 2981 1672 3004 nam
1690 2981 1730 3004 ex
1750 2975 1891 3014 utroque
1910 2972 2031 3005 animal
2047 2976 2146 3014 atque
2165 2981 2182 3005 e
2198 2973 2317 3005 talibus
2336 2973 2436 3006 liomo
2488 3014 2491 3017 .

1373 3032 1512 3063 constat.
1560 3031 1720 3069 Quamvis
1739 3031 1826 3064 enim
1850 3040 1969 3072 corpus
1987 3032 2086 3063 animi
2106 3033 2147 3064 sit
2167 3032 2435 3071 instrumentum,

1374 3092 1484 3124 tamen
1505 3092 1538 3124 et
1566 3091 1709 3123 hominis
1728 3099 1800 3132 pars
1817 3093 1886 3131 est,
1908 3091 2019 3124 itidem
2037 3094 2070 3123 et
2087 3092 2226 3124 animus.
2272 3091 2433 3130 Quocirca

1373 3151 1406 3182 et
1428 3150 1512 3183 bona
1541 3150 1602 3182 alia
1625 3150 1758 3192 quidem
1783 3153 1860 3183 sunt
1889 3149 2052 3190 hominis,
2079 3149 2142 3182 alia
2171 3159 2249 3183 vero
2278 3151 2434 3192 partium.

1374 3210 1481 3251 Atque
1510 3209 1653 3242 hominis
1679 3208 1812 3252 quidem
1836 3209 1958 3243 bonum
1982 3209 2136 3251 felicitas,
2159 3210 2300 3251 partium
2325 3212 2435 3244 autem
2481 3216 2483 3218 ’

1376 3272 1539 3312 hominis,
1572 3272 1670 3305 animi
1696 3273 1827 3314 quidem
1857 3271 2047 3313 prudentia,
2085 3271 2260 3311 fortitudo,
2287 3271 2436 3313 justitia,

1377 3332 1613 3373 temperantia;
1646 3332 1791 3374 corporis
1821 3340 1899 3363 vero
1930 3330 2160 3372 pulchritudo,
2187 3331 2328 3371 sanitas,
2351 3330 2435 3364 bona

1377 3392 1556 3433 habitudo,
1579 3392 1744 3433 integritas
1768 3399 1935 3424 sensuum.
1981 3393 2124 3424 Externa
2142 3400 2235 3431 vero,
2253 3400 2354 3433 opes,
2368 3391 2436 3433 glo·

1376 3451 1440 3493 iia,
1467 3451 1584 3493 honor,
1612 3451 1763 3484 nobilitas
1786 3450 1928 3483 hominis
1957 3451 2116 3483 bonorum
2138 3451 2335 3484 accessiones
2363 3459 2436 3483 esse

1376 3512 1503 3552 solent,
1526 3512 1683 3553 bonisque
1710 3513 1826 3544 natura
1848 3510 2105 3552 praecedentibus
2127 3510 2254 3551 subjici.
2303 3509 2434 3542 Minora

1377 3574 1489 3604 autem
1515 3570 1600 3604 bona
1617 3569 1794 3612 maioribus
1815 3570 1990 3603 satellitum
2010 3570 2110 3603 instar
2135 3570 2271 3610 adsunt,
2292 3568 2432 3602 amicitia
