2612 3814
729 284 783 323 IN
814 283 1136 323 EMPEDOCLIS
1165 283 1461 325 CARMINUM
1498 286 1794 333 RELlQUIAS.
2300 295 2346 328 21

169 373 401 415 mortaliBus
433 385 556 425 opera
572 371 748 423 ascribit,
768 371 958 421 Virgilius
983 380 1109 409 autem
1122 371 1222 410 infe·

170 448 235 474 ros
264 433 466 473 celebrans
498 445 572 484 pro
601 444 737 469 eorum
765 431 917 469 foribus
945 444 1048 469 vana
1074 431 1227 469 somnia

170 494 304 537 statuit
327 492 393 531 :id
420 505 492 530 suo
519 503 716 542 quemque
736 499 965 541 argumento
985 489 1226 529 convenien-

171 563 230 593 ter
257 553 384 591 facere
401 559 540 603 sponte
554 557 673 601 patet.

223 612 288 651 Vs.
313 625 374 649 21.
395 610 501 657 Ἄτης
530 607 663 659 λειμὼν
692 609 917 647 nominatur
948 609 1143 648 terrestris
1162 608 1231 647 ho-

164 673 320 712 minum
337 670 527 709 habitatio
543 677 580 707 et
596 668 800 719 geniorum
816 681 837 707 e
854 669 954 707 coelo
971 668 1229 720 profugorum

173 731 299 771 sedes.
323 729 466 768 Eadem
488 727 744 767 translatione
762 728 875 766 Plato
895 727 1017 779 Sopb.
1036 741 1075 779 p.
1099 741 1175 764 222
1198 728 1231 765 Α

171 788 324 829 πλούτου
338 787 399 828 καὶ
419 787 582 835 νεότητος
599 788 772 837 λειμῶνας
792 785 958 840 ἀφθόνους
975 786 1072 824 dicit
1088 794 1126 824 et
1140 785 1231 823 Plu-

171 849 291 888 tarch.
314 849 411 887 Mor.
430 861 472 900 p.
497 848 598 885 1088
619 846 652 883 D
674 846 723 898 (p.
746 851 820 894 477
842 845 923 884 vol.
941 847 980 883 X
998 844 1060 882 ed.
1081 843 1229 894 Reisk.)

170 909 280 961 νομὰς
289 908 350 948 καὶ
360 909 536 958 λειμῶνας
547 905 761 961 ἀμφιλαφεῖς
769 905 916 952 ἡδονῶν.
928 904 1048 942 Plura
1055 904 1232 956 exempla

171 970 290 1008 citant
310 967 540 1008 Karstenius
561 967 608 1005 ad
629 966 670 1004 h.
691 966 718 1003 1.
726 980 737 1013 ;
762 964 931 1003 Creuzer
952 964 994 1002 in
1017 963 1163 1002 Plotin.
1185 964 1232 1002 de

172 1029 298 1082 pulcr.
319 1041 409 1081 pag.
437 1041 525 1075 102,
550 1040 590 1066 n.
611 1027 678 1073 673
703 1026 786 1064 Ast.
818 1024 861 1062 in
885 1024 1037 1061 Platon.
1073 1023 1228 1062 Phaedr.

172 1103 210 1140 p.
232 1088 308 1127 305
341 1101 401 1139 sq.
426 1085 487 1125 Cf.
514 1085 630 1124 etiam
661 1083 850 1123 Thesaur.
881 1082 1094 1121 Parisiens.
1129 1095 1161 1121 s.
1193 1097 1230 1123 v.

171 1147 316 1199 λειμών.
337 1144 583 1198 Empedoclis
604 1143 762 1182 effatum
791 1142 970 1181 breviter
999 1143 1232 1194 perstringit

172 1205 412 1245 Themistius
431 1203 539 1242 Orat.
571 1204 651 1240 XX
674 1216 713 1254 p.
737 1206 814 1246 240
843 1201 874 1240 C
905 1215 915 1240 ε
948 1203 983 1240 ἐν
1004 1202 1056 1254 τῷ
1077 1201 1230 1240 κλύδωνι

173 1265 232 1304 καὶ
250 1267 299 1318 τῷ
323 1265 471 1314 λειμῶνι
492 1264 554 1309 τῆς
585 1258 705 1307 Ἄτης.
740 1260 968 1299 Idem-orat.
1005 1259 1114 1298 XIII.
1148 1259 1233 1311 ejus

176 1323 352 1363 memInit
364 1322 426 1361 his
441 1320 574 1360 verbis
589 1334 597 1357 τ
616 1319 704 1370 μηδὲ
717 1318 957 1371 Ἐμπεδοκλεῖ
970 1322 1233 1371 συγχωροῦντες

174 1386 289 1434 ἀληθῆ
322 1383 451 1435 λέγειν,
485 1382 748 1434 δυσφημοῧντες
778 1378 836 1417 τὸν
869 1377 1004 1430 ἔγγειον
1034 1378 1140 1418 τόπον
1172 1378 1232 1416 καὶ

172 1443 277 1493 Ἄτης
297 1445 454 1495 λειμῶνα
477 1438 746 1491 ἐπονομάζοντι.
768 1438 877 1477 Adde
896 1437 1104 1490 Nicephor.
1132 1438 1232 1476 Pro-

172 1518 305 1556 gymn.
328 1504 371 1542 in
392 1502 518 1541 Rhett.
541 1500 611 1540 Gr.
631 1499 724 1539 Vol.
746 1498 821 1550 Ip.
844 1500 920 1546 487
950 1499 1022 1538 ecl.
1053 1498 1174 1538 Walz.
1197 1508 1233 1537 et

174 1579 211 1616 p.
246 1565 321 1614 493
355 1562 425 1601 ubi
457 1561 595 1613 juncta
624 1559 805 1598 videmus
838 1557 1031 1610 Ἐριννύων
1065 1558 1171 1602 ἄλσος
1197 1567 1234 1597 et

173 1622 306 1674 λειμὼν
325 1620 444 1670 Ἄτης.
465 1645 518 1651 -
536 1620 662 1663 σκότος
682 1628 726 1658 ut
747 1618 851 1670 apud
880 1618 1041 1657 Latinos
1063 1621 1234 1656 tenebras

174 1682 278 1721 haud
305 1695 395 1720 raro
431 1681 479 1720 de
507 1679 685 1719 terrestri
710 1678 915 1716 hominum
939 1678 1022 1716 vita
1041 1677 1120 1715 dici
1141 1679 1234 1716 satis

175 1749 336 1781 constat.
357 1740 416 1780 Cf.
435 1739 589 1778 Lucret.
606 1738 661 1788 ΙΙ,
695 1743 755 1782 14.
788 1737 904 1789 Apud
929 1736 1091 1776 Graecos
1126 1751 1231 1788 prae-

175 1801 290 1852 cipue
308 1800 383 1839 hoc
400 1795 645 1837 vuocabulum
668 1797 896 1847 similesque
914 1809 1031 1835 voces
1056 1796 1235 1847 frequen-

177 1869 257 1898 tant
274 1858 561 1911 Neoplatonici.
583 1857 648 1895 Sic
671 1857 835 1894 Proclus
855 1855 897 1894 in
915 1855 1016 1895 Plat.
1044 1855 1233 1895 Timaeum

176 1934 215 1972 p.
239 1921 316 1970 339
336 1933 345 1958 :
369 1917 530 1971 ἐνάψασα
552 1918 589 1968 (ἡ
606 1915 718 1970 ψυχὴ)
743 1917 778 1954 ἐν
805 1917 855 1968 τῷ
876 1914 1019 1966 σώματι
1034 1918 1129 1968 φῶς,
1146 1915 1233 1963 αὐτὴ

175 1978 217 2026 δὴ
241 1979 275 2017 ἐν
297 1978 411 2031 σκότῳ
437 1982 613 2029 γεγονυῖα.
633 1977 691 2014 Cf.
712 1976 860 2014 Plotin.
883 1975 931 2013 de
950 1975 1077 2027 pulcr.
1101 1989 1141 2027 p.
1168 1976 1233 2023 56,

176 2038 238 2077 ed.
261 2038 398 2076 Creuz.
418 2045 456 2075 et
478 2035 755 2087 Olympiodor.
778 2035 819 2073 in
837 2034 939 2075 Plat.
970 2034 1092 2085 Gorg.
1116 2036 1182 2075 cit.
1215 2049 1237 2074 a

177 2096 314 2136 Creuz.
336 2095 437 2134 ibid.
458 2109 499 2147 p.
524 2095 615 2134 282.

230 2155 315 2196 Vss.
329 2155 451 2193 22-25
466 2162 617 2193 exstant
628 2153 731 2205 apud
743 2154 943 2192 Plutarch.
958 2154 1005 2191 de
1019 2154 1091 2191 An.
1106 2162 1233 2205 tranq.

178 2229 216 2267 p.
236 2220 336 2265 [0743
358 2214 445 2254 Vol.
468 2213 535 2254 VII
555 2228 594 2266 p.
620 2214 696 2258 854
724 2213 787 2253 ed.
826 2212 956 2252 Reisk.
987 2212 1051 2252 Vs.
1083 2214 1237 2263 attingit

176 2274 278 2313 idem
309 2274 480 2324 scriptor
505 2272 553 2310 de
576 2273 627 2312 Is.
655 2280 692 2310 et
717 2272 783 2310 Os.
803 2285 844 2323 p.
875 2272 951 2319 370
976 2274 1031 2317 D;
1054 2271 1139 2309 Vol.
1168 2272 1238 2310 Vll

176 2348 215 2386 p.
236 2334 327 2380 460.
350 2332 415 2370 Vs.
439 2333 487 2371 25
511 2331 662 2384 μελάγκ.
684 2330 810 2383 Ἀσάφ.
835 2329 995 2368 Tzetzes
1020 2328 1121 2367 Chil.
1139 2329 1236 2377 XII,

177 2406 236 2434 vs.
259 2392 351 2441 575.
372 2391 605 2430 Plutarchus
626 2390 831 2429 hominum
858 2389 979 2427 vitam
1004 2402 1084 2426 non
1115 2402 1251 2441 perpe-

177 2452 254 2490 tuis
270 2449 536 2502 voluptatibus
556 2449 751 2500 rebusque
770 2447 952 2487 secundis
970 2446 1129 2485 affluere
1141 2479 1151 2495 ‚
1171 2448 1238 2486 sed

179 2524 308 2549 rerum
329 2522 606 2562 prosperarum
628 2521 784 2547 cursum
805 2507 917 2545 malis
937 2507 1148 2558 temperari
1178 2521 1238 2545 os-

180 2570 356 2620 tendens,
373 2569 519 2619 rejecta
534 2567 741 2606 Menandri
759 2567 964 2612 sententia,
977 2565 1046 2616 qui
1064 2567 1236 2605 nascenti

179 2629 393 2680 unicuique
407 2628 554 2666 bonum
575 2628 730 2677 genium
746 2627 837 2665 vitae
857 2626 1084 2675 magistrum
1101 2626 1235 2665 adesse

180 2695 384 2740 putaverat
395 2717 406 2737 ,
420 2686 722 2738 Empedocleum
734 2685 928 2737 judicium
946 2684 1098 2736 probat.
1114 2684 1238 2736 Cujus

178 2747 387 2786 diversitas
407 2746 449 2784 in
469 2746 544 2784 hoc
572 2746 701 2797 posita
720 2754 797 2792 est,
821 2744 927 2795 quod
962 2743 1239 2793 Agrigentinus

180 2804 440 2858 philosophus
460 2816 781 2854 unumquemque
811 2811 1009 2849 nostrum,
1031 2805 1237 2854 postquam

182 2872 295 2903 natus
309 2872 382 2915 est,
405 2863 529 2915 arripi
554 2862 843 2913 gubernarique
864 2875 886 2899 a
905 2860 1131 2912 duplicibus
1153 2862 1240 2900 fatis

180 2924 383 2974 geniisque
402 2923 611 2970 docuerat,
635 2923 697 2961 vel
719 2931 761 2960 ut
778 2935 899 2972 graece
919 2921 1014 2960 dicit
1037 2935 1045 2959 ε
1070 2921 1127 2975 (ὡς
1143 2921 1239 2972 Ἐμ-

180 2980 367 3035 πεδοκλῆς)
398 2981 514 3020 διτταί
538 2997 626 3026 τινες
648 2981 795 3020 ἕκαστον
828 2984 930 3031 ἡμῶν
960 2980 1145 3032 γενόμενον
1168 2997 1233 3020 πα-

184 3041 453 3095 ραλαμὸάνουσι
473 3041 533 3080 καὶ
553 3040 794 3094 κατάρχονται
817 3041 936 3092 μοῖραι
966 3040 1027 3078 καὶ
1051 3039 1211 3091 δαίμονες
1228 3073 1237 3088 ,

184 3103 252 3142 ubi
273 3101 513 3155 κατάρχονται
535 3102 763 3140 mutandum
793 3101 835 3140 in
863 3098 1098 3152 κατάρχουσι.
1123 3100 1242 3138 Addit

183 3161 415 3201 Plutarchus
449 3161 521 3200 hos
554 3174 712 3209 versus,
746 3159 891 3212 qulbus
937 3159 1055 3197 Genii
1098 3160 1240 3210 partim

184 3220 279 3260 boni
300 3221 442 3273 partim
475 3221 592 3271 mali,
622 3221 714 3259 vitae
741 3220 921 3258 humanae
947 3217 1238 3267 moderatores,

185 3289 467 3320 memorantur.
509 3280 662 3319 Horum
700 3289 826 3318 autem
867 3277 1116 3324 nominibus,
1158 3291 1243 3328 quae

185 3349 303 3392 poeta
321 3348 400 3378 tum
420 3340 578 3378 aliun'de
606 3340 777 3392 accepit,
799 3348 880 3377 tum
902 3339 986 3389 ipse
1003 3346 1243 3376 commentus

186 3409 263 3447 est,
283 3399 504 3437 mortalium
522 3399 650 3438 studia
667 3399 866 3449 animique
880 3396 1039 3435 humani
1059 3404 1187 3434 motus
1205 3406 1244 3435 et

187 3459 412 3497 affectiones
432 3458 843 3511 perturbationesque,
869 3457 1004 3509 judice
1033 3456 1243 3495 Plutarcho

187 3518 255 3569 qui
288 3519 410 3556 παθῶν
440 3518 629 3572 σπέρματα
662 3518 852 3570 appellat,
875 3516 1164 3568 exprimuntur.
1190 3516 1245 3555 De

1290 372 1444 423 reliquo
1467 373 1623 411 initium
1647 374 1780 425 operis
1803 387 1889 411 cum
1918 374 1979 412 his
1999 375 2178 415 versibus
2197 391 2354 430 compo-

1290 432 1398 470 nenti
1419 433 1637 471 verisimile
1668 432 1848 470 videatur
1877 433 2034 472 finxisse
2056 435 2329 493 Empedoclem
2343 467 2352 484 ‚

1292 504 1332 530 se
1353 492 1393 529 in
1412 491 1512 530 hanc
1531 492 1651 530 vitam
1671 492 1916 544 profectum‘
1906 506 1946 530 m
1962 494 2078 531 terris
2093 496 2220 532 statim
2241 509 2263 533 a
2279 496 2354 534 Ge-

1291 550 1449 589 niorum
1475 551 1630 600 agmine
1664 563 1748 589 esse
1774 559 1978 602 exceptum
2000 551 2068 602 qui
2099 552 2173 603 ipsi
2202 554 2356 592 itineris

1291 610 1409 648 duces
1433 623 1474 649 se
1494 610 1699 649 offerrent.
1733 609 1862 655 Quare
1891 624 1958 648 eos
1977 610 2182 661 loquentes
2203 612 2355 651 inducit

1290 683 1350 709 vs.
1371 683 1436 720 29.
1454 669 1499 707 ln
1515 669 1764 708 recensendis
1780 682 1873 707 vero
1890 669 2108 707 daemonum
2127 670 2356 710 nominibus

1290 729 1402 779 paria
1436 729 1539 767 inter
1574 741 1615 766 se
1649 723 1888 779 respondere
1921 728 2048 766 voluit
2068 728 2354 781 philosophus;

1291 800 1370 837 quo
1390 788 1596 826 nominum
1617 787 1757 825 ordine
1777 787 1895 825 simul
1922 788 2168 838 singulorum
2201 789 2357 839 signifi-

1292 847 1414 893 catio,
1432 847 1609 897 alioquin
1625 845 1832 885 obscurior
1854 847 1982 885 futura
1996 876 2006 894 ‚
2029 847 2264 887 declaratur.
2288 852 2354 888 Vs,

1293 920 1359 946 22.
1377 906 1525 954 Χθονίη,
1547 906 1756 954 terrestris,
1771 907 1799 944 i.
1817 920 1848 945 e.
1864 906 1982 945 rebus
2002 906 2118 945 fluxis
2138 915 2176 945 et
2190 908 2357 946 terrenis

1293 974 1494 1018 occupata.
1511 965 1702 1004 Similiter
1715 963 1808 1008 κόνις
1819 965 1943 1018 χθονία
1959 974 2017 1004 est
2029 966 2162 1017 pulvis
2178 974 2357 1005 terrenus

1294 1026 1397 1077 apud
1411 1025 1538 1064 AEsch.
1552 1025 1658 1076 Sept.
1672 1038 1731 1064 vs.
1745 1026 1820 1073 738
1835 1025 1882 1063 ed
1905 1024 2064 1070 Schiitz,
2079 1023 2216 1076 χθονίος
2230 1034 2356 1064 autem

1293 1098 1367 1136 pro
1399 1084 1569 1137 ἐγχώριος
1602 1084 1746 1123 dicitur
1774 1097 1796 1122 a
1824 1084 2019 1136 Sophocle
2048 1084 2137 1122 (Ed.
2160 1085 2245 1124 Col.
2279 1087 2356 1136 943

1293 1145 1449 1181 τοιοῦτον
1487 1143 1603 1186 αὐτοῖς
1622 1142 1743 1195 Ἄρεος
1775 1141 1940 1181 εὔὸουλον
1973 1141 2086 1194 πάγον
2122 1141 2192 1194 ἐγὼ
2224 1141 2357 1194 ξυνήδῃ

1293 1201 1433 1253 χθόνιον
1455 1201 1542 1251 ὄνθ’,
1570 1200 1605 1246 ὃς
1627 1203 1690 1240 οὐκ
1711 1204 1752 1255 ἐᾷ
1782 1203 1859 1241 κτλ.
1865 1201 1934 1239 ubi
1965 1202 2154 1253 interpres
2174 1215 2355 1252 graecus:

1293 1265 1415 1300 τοῦτον
1441 1261 1477 1300 δὲ
1497 1260 1634 1314 χθόνιον
1658 1264 1771 1309 εἶπεν,
1800 1254 1870 1300 οἶον
1898 1262 2022 1313 ἐγγενῆ
2046 1261 2106 1299 καὶ
2135 1261 2356 1315 αὐτόχθονα,

1293 1320 1474 1375 ἐγχώριον.
1501 1322 1563 1361 Cf.
1584 1322 1646 1370 Aj.
1676 1335 1737 1361 vs.
1756 1336 1828 1359 201
1859 1320 2007 1373 χθονίων
2029 1321 2093 1360 ἀπ’
2112 1321 2356 1375 Ἐρεχθειδᾶν.

1292 1380 1541 1433 Quapropter
1561 1394 1640 1418 non
1656 1389 1738 1419 erat
1758 1380 1865 1431 quod
1881 1379 2112 1419 Karstenius
2126 1381 2231 1420 hunc
2248 1384 2359 1421 vocis

1295 1454 1405 1479 usum
1426 1440 1678 1492 Empedoclis
1693 1440 1903 1492 proprium
1924 1452 2008 1478 esse
2028 1448 2214 1479 statueret
2234 1441 2361 1480 diver·

1294 1513 1461 1550 sumque
1483 1513 1505 1537 a
1526 1507 1755 1538 caeterorum
1782 1508 1984 1551 poetarum
2007 1500 2197 1551 loquendi
2224 1515 2333 1540 more
2347 1531 2357 1549 ‚

1293 1573 1314 1597 a
1332 1558 1477 1610 quibus
1500 1558 1634 1611 χθόνιοι
1653 1560 1773 1610 vulgo
1793 1567 1985 1597 vocantur
2004 1559 2061 1598 dii
2085 1560 2217 1600 inferi.
2238 1560 2360 1612 Cujus

1294 1620 1350 1657 rei
1363 1619 1447 1671 ipse
1460 1619 1560 1657 hanc
1575 1619 1762 1658 reddebat
1780 1619 1986 1667 rationem,
2007 1621 2113 1670 quod
2133 1619 2359 1672 Empedocli

1296 1686 1398 1716 terra
1418 1680 1531 1730 quasi
1560 1678 1714 1717 inferna
1734 1678 1844 1717 sedes
1860 1687 1960 1717 esset
1982 1679 2132 1718 coelesti
2161 1681 2356 1731 opposita.

1295 1737 1452 1787 Ἡλιόπη
1470 1738 1645 1777 coelestia
1665 1739 1957 1790 contemplans,
1981 1739 2115 1790 quales
2140 1739 2182 1776 in
2206 1739 2361 1778 Parme·
2389 1736 2391 1739 ⁸

1297 1798 1401 1836 nidis
1434 1798 1609 1836 carmine
1646 1811 1705 1836 vs.
1744 1799 1780 1838 6.
1819 1797 1986 1842 Ἡλιάδες
2020 1802 2148 1850 κοῦραι
2189 1798 2245 1849 (p.
2287 1813 2327 1836 11
2341 1813 2355 1836 1

1297 1866 1439 1896 nostrae
1459 1857 1533 1908 ed.)
1560 1865 1651 1895 sunt
1672 1870 1682 1895 z
1711 1857 1892 1900 ταναῶπις
1913 1856 1962 1894 ad
1987 1857 2204 1907 longinqua
2226 1865 2265 1894 et
2287 1856 2360 1895 ab-

1298 1926 1425 1956 strusa
1444 1917 1564 1954 aciem
1584 1916 1804 1956 intendens.

1350 1975 1414 2014 Vs.
1438 1976 1503 2013 23.
1523 1973 1690 2027 Ἁρμονίη
1714 1984 1752 2013 et
1771 1978 1878 2026 Δῆρις
1899 1975 2110 2013 Plutarcho
2131 1984 2288 2014 auctore
2308 1975 2356 2014 de

1298 2035 1348 2074 Is.
1376 2043 1414 2073 et
1439 2034 1547 2072 Osir.
1572 2048 1611 2086 p.
1633 2035 1709 2080 460
1730 2036 1810 2072 vol.
1833 2034 1904 2074 VII
1925 2035 1987 2073 ed.
2008 2035 2055 2073 R.
2074 2048 2153 2072 non
2173 2035 2363 2073 differunt

1298 2108 1320 2132 a
1340 2093 1454 2133 Φιλία
1476 2103 1514 2132 et
1534 2095 1676 2138 Νεῖκος.
1695 2093 1824 2132 Verba
1849 2093 1937 2145 ejus
1963 2103 2054 2133 sunt
2078 2108 2087 2132 :
2112 2093 2362 2144 Ἐμπεδοκλῆς

1299 2154 1335 2192 δὲ
1362 2153 1426 2202 τὴν
1450 2151 1513 2205 μὲν
1536 2153 1755 2206 ἀγαθουργὸν
1791 2154 1905 2206 ἀρχὴν
1936 2154 2108 2206 φιλότητα
2140 2153 2200 2192 καὶ
2224 2153 2360 2207 φιλίαν,

1299 2214 1470 2258 πολλάκις
1493 2213 1528 2252 δὲ
1551 2213 1726 2266 ἁρμονίαν
1755 2215 1942 2252 καλεῖσθαι
1962 2213 2090 2265 μέροπι
2116 2213 2232 2264 (corr.
2260 2216 2365 2251 καλεῖ

1300 2274 1529 2326 θεμερῶπιν),
1546 2274 1611 2320 τὴν
1633 2273 1669 2311 δὲ
1690 2273 1833 2326 χείρονα
1850 2278 1962 2317 νεῖκος
1978 2271 2164 2323 οὐλόμενον
2185 2273 2246 2312 καὶ
2262 2275 2360 2327 δῆριν

1300 2332 1556 2384 αἱματόεσσαν.
1575 2332 1689 2378 Quod
1709 2332 1909 2371 Plutarchi
1925 2332 2071 2370 dictum
2087 2332 2120 2371 si
2136 2346 2223 2371 cum
2239 2334 2361 2372 altero

1300 2395 1387 2432 loco
1408 2406 1704 2444 comparamus,
1729 2401 1906 2443 apertum
1933 2400 2012 2439 est,
2035 2391 2101 2430 hic
2127 2392 2359 2444 scriptorem

1300 2462 1366 2491 aut
1387 2453 1467 2491 falli
1489 2461 1554 2490 aut
1573 2452 1671 2490 alios
1686 2482 1696 2499 ,
1718 2465 1833 2503 quam
1855 2452 1923 2502 qui
1948 2451 1995 2489 ad
2013 2460 2187 2490 nostram
2212 2462 2359 2491 aetatem

1300 2520 1549 2558 manserunt,
1567 2524 1705 2549 versus
1728 2511 2006 2563 Empedocleos
2026 2519 2201 2562 spectare
2215 2541 2226 2562 ,
2260 2526 2362 2563 quo-

1300 2573 1405 2611 niam
1435 2585 1480 2610 eo
1502 2571 1647 2622 dequo
1681 2571 1832 2621 agimus
1867 2571 1952 2608 loco
1984 2584 2065 2608 non
2100 2584 2250 2620 magnae
2282 2572 2362 2610 illae

1284 2633 1406 2671 ‘vires
1431 2644 1560 2669 rerum
1584 2630 1880 2669 universitatem
1905 2638 2127 2677 moventes,
2159 2630 2226 2668 sed
2257 2633 2362 2680 genii

1300 2692 1368 2743 qui
1389 2691 1593 2728 hominum
1612 2690 1732 2728 vitam
1753 2698 1894 2739 regunt
1914 2689 2184 2739 designantur.
2215 2690 2259 2727 In
2283 2704 2362 2742 quo

1300 2751 1402 2788 haud
1424 2750 1504 2788 scio
1525 2762 1574 2787 an
1594 2757 1729 2787 auctor
1750 2748 1782 2785 T
1786 2747 1931 2795 abulae,
1952 2761 2069 2800 quam
2088 2747 2224 2786 Cebeti
2254 2749 2360 2788 The-

1300 2809 1402 2847 bano
1429 2808 1631 2856 tribuunt,
1666 2807 1916 2860 Empedoclis
1950 2807 2171 2859 exemplum
2207 2816 2362 2846 secutus

1301 2870 1366 2908 sit.
1384 2869 1574 2907 Caeterum
1589 2870 1803 2922 θεμερῶπις,
1814 2881 1887 2919 pro
1899 2881 1979 2918 quo
1992 2867 2094 2918 apud
2110 2866 2361 2905 Plutarchum

1301 2941 1380 2965 uno
1395 2928 1483 2965 loco
1502 2927 1647 2976 legitur
1661 2928 1846 2978 ἳμερῶπις,
1859 2926 1980 2963 altero
1997 2924 2143 2977 μέροπε,
2160 2933 2361 2976 acceptum

1302 2985 1510 3024 referimus
1542 2984 1718 3036 Bentlejo
1751 2984 1871 3036 Epist.
1910 2984 1997 3023 crit.
2044 2983 2091 3021 ad
2116 2983 2284 3021 Millium
2318 2997 2358 3034 p.

1305 3046 1352 3093 76
1389 3043 1442 3098 (p.
1483 3044 1558 3082 516
1591 3057 1729 3096 opusc.
1763 3043 1904 3095 philol.
1932 3042 1992 3081 ed.
2025 3042 2166 3093 Lips.).
2189 3042 2360 3093 AEschyl.

1302 3105 1434 3142 Prom.
1462 3117 1503 3142 v.
1530 3105 1602 3149 134
1621 3103 1681 3142 ed.
1703 3103 1834 3142 Herm.
1853 3103 1893 3140 ἐκ
1915 3102 1948 3140 δ’
1972 3099 2102 3148 ἔπληξέ
2133 3116 2195 3152 μοι
2217 3101 2281 3139 τὰν
2303 3105 2363 3139 θε-

1303 3165 1459 3215 μερῶπιν
1486 3162 1575 3200 αἰδῶ
1589 3192 1598 3210 ,
1625 3175 1704 3213 quo
1724 3162 1893 3213 pertinet
1913 3160 2098 3211 Hesychii
2121 3161 2250 3210 glossa
2273 3174 2281 3198 ε
2302 3163 2361 3198 θε-

1305 3221 1472 3274 μερόπις,
1492 3219 1645 3273 ε’ρασμία
1675 3219 1833 3272 ἀγχόνη,
1858 3219 1928 3258 ubi
1951 3232 2037 3257 cum
2066 3219 2256 3270 Sopingio
2278 3233 2362 3257 cor-

1304 3280 1510 3331 rigendum
1549 3278 1715 3333 αἰσχύνη.
1752 3279 1838 3318 Non
1872 3278 2010 3317 dubito
2042 3279 2139 3329 quin
2182 3291 2275 3317 vera
2314 3279 2361 3316 sit

1306 3340 1491 3391 Hesychii
1549 3340 1783 3392 explicatio,
1838 3351 2075 3390 quamquam
2133 3352 2213 3376 non
2263 3351 2362 3387 nego

1307 3399 1519 3451 AEsehyleae
1541 3400 1742 3438 sententiae
1765 3398 2156 3437 accommodatiorem
2178 3410 2261 3435 esse
2278 3410 2360 3434 eam

1309 3459 1508 3497 notionem
1538 3472 1652 3510 quam
1675 3458 1869 3509 adjectivo
1893 3457 2038 3509 θέμερον
2061 3455 2240 3501 ascribit,
2260 3455 2360 3492 idem

1311 3517 1415 3568 quod
1450 3517 1574 3568 σεμνόν
1608 3530 1747 3555 sonare
1773 3517 1920 3554 dicens.
1957 3515 2066 3552 Adde
2099 3514 2203 3565 quod
2233 3512 2362 3564 θεμέρη
