2612 3814
346 237 396 272 80
976 223 1391 265 COMMENTARIUS
1421 225 1475 265 ΙΝ
1507 224 1879 266 EMPEDOCLEM.

343 326 455 357 vetus
475 323 588 368 poeta
605 312 708 367 apud
733 313 957 351 Ciceronem
987 311 1148 352 Tuscul.
1167 312 1221 362 11,
1245 314 1294 352 38
1316 326 1396 351 me-

341 376 450 415 dicos
469 374 662 426 AEsculapi
683 371 828 411 liberos
847 371 1100 424 nuncupavit.

1515 312 1576 352 Vs.
1600 316 1689 362 478.
1712 307 1803 366 Ἶρις
1828 315 1857 353 δ’
1878 316 1918 354 ἐκ
1933 317 2105 370 πελάγους
2121 317 2214 375 κτλ.]
2229 320 2402 362 Joannes
2418 323 2453 363 T
2453 338 2521 365 ze-

1460 381 1538 411 tzes
1558 372 1681 424 Alleg.
1701 373 1856 414 Homer.
1880 375 1922 414 in
1944 375 2058 418 Iliad.
2081 378 2153 420 lib.
2174 378 2240 418 XV
2258 393 2317 422 vs.
2340 382 2390 421 δα
2408 395 2518 437 seqq.

394 435 457 475 Vs.
491 441 565 482 477
607 431 711 472 κλυτὲ
743 434 846 484 κοῦρε
877 430 972 483 κτλ.]
1003 431 1197 482 Diogenes
1219 431 1395 470 Laertius
1460 431 1563 484 apud
1583 431 1822 483 Man-angam
1844 435 1991 476 Anecd.
2015 435 2031 475 1
2053 450 2140 490 pag.
2168 452 2273 479 120:

339 492 500 540 Vlll,43
514 485 597 532 :²llv
609 491 668 530 καὶ
678 489 869 541 Τηλαύγης
876 489 947 534 υἱὸς
957 491 1063 528 αὐτοῦ
1074 490 1147 541 (τοῦ
1159 489 1394 542 Πυθαγόρου),

339 551 374 597 ὃς
395 551 453 591 καὶ
473 550 647 596 διεδέξατο
663 549 721 589 τὸν
743 549 882 603 πατέρα
896 548 956 587 καὶ
980 548 1085 600 (κατά
1118 550 1227 601 τινας)
1250 549 1394 600 Ἐμπε-

339 609 499 655 δοκλέους
520 608 762 661 καθηγήσατο.
800 607 1008 652 Ἱππόὸοτός
1031 607 1071 659 γέ
1097 608 1150 646 τοί
1175 624 1259 662 φησι
1281 607 1394 658 λέγειν

339 668 583 722 Ἐμπεδοκλέα
603 667 781 718 Τηλαύγει
804 685 818 701 «
843 666 946 706 κλυτὲ
969 671 1069 719 κοῦρε
1086 670 1241 711 Θεανοῦς
1262 669 1392 707 Πυθα-

336 728 448 783 γόρεώ
478 744 531 769 τε.
563 746 578 763 ι
613 727 670 766 Ex
698 727 760 765 his
792 726 936 764 Laertii
960 725 1092 764 verbis
1111 735 1215 778 patet
1246 727 1286 765 in
1321 727 1391 766 illo

337 800 453 827 versu
485 786 636 826 sublato
668 785 852 836 Telaugis
881 784 1039 823 nomine
1074 784 1172 823 nihil
1202 785 1388 837 scriptum

338 846 456 886 fuisse
476 846 550 885 nisi
572 844 675 884 κλυτὲ
693 847 795 897 κοῦρε
812 846 968 888 Θεανοῦς
983 842 1200 896 Πυθαγόρεώ
1216 859 1254 882 τε
1267 874 1277 894 ,
1300 844 1391 896 Hip-

336 908 522 959 pobotum
552 918 644 944 vero
676 904 844 951 dixisse,
875 902 1084 953 Telaugem
1115 915 1162 941 eo
1191 903 1388 942 versiculo

335 965 573 1018 compellari.
601 964 685 1002 Jam
712 976 831 1015 quum
861 971 1024 1015 propter
1052 963 1241 1014 temporis
1269 963 1387 1001 inter-

332 1025 476 1063 vallum
492 1024 598 1062 nulla
612 1022 836 1075 Empedocli
851 1036 937 1060 cum
952 1021 986 1059 T
988 1022 1137 1072 elauge,
1152 1021 1386 1073 Pythagorae

333 1083 432 1131 filio,
450 1082 687 1122 consuetudo
701 1094 784 1121 esse
796 1082 986 1134 potuerit,
1006 1081 1241 1132 intelligitur
1259 1081 1386 1133 philo-

331 1141 495 1194 sophum
519 1141 815 1192 Agrigentinum
843 1140 993 1179 nullum
1011 1153 1032 1179 e
1051 1139 1269 1192 majoribus
1298 1154 1384 1179 car-

330 1200 503 1239 minibus
520 1200 754 1239 Crotoniatae
770 1200 941 1248 dicasse,
960 1212 1047 1239 eum
1066 1209 1192 1239 autem
1210 1213 1382 1252 versum,

329 1259 362 1298 si
386 1259 664 1312 Empedocleus
686 1260 757 1298 suit
770 1289 781 1308 ,
803 1273 851 1298 ex
870 1259 1150 1312 epigrammate
1178 1272 1261 1298 esse
1287 1262 1384 1312 peti-

329 1327 423 1359 tum.
442 1319 630 1358 Caeterum
662 1328 751 1358 sunt
780 1320 848 1371 qui
879 1318 983 1371 apud
1014 1318 1209 1357 Laertium
1243 1321 1384 1358 rescri-

326 1378 421 1415 bant
443 1391 451 1415 :
473 1377 587 1429 λέγειν
610 1376 859 1428 Ἐμπεδοκλέα
887 1394 903 1412 α
930 1375 1114 1428 Τήλαυγες
1146 1376 1249 1416 κλυτὲ
1282 1383 1383 1432 κοῦρε

326 1436 481 1479 Θεανοῦς
503 1435 715 1488 Πυθαγόρεώ
732 1451 769 1474 τε
789 1453 805 1471 ιο
821 1444 864 1475 ut
884 1435 1035 1486 integer
1053 1437 1104 1475 sit
1123 1450 1277 1478 versuS.
1301 1437 1382 1488 Ego

327 1506 406 1532 rem
424 1494 629 1533 admodum
646 1494 801 1533 dubiam
820 1495 860 1534 in
877 1508 1066 1547 suspenso
1083 1496 1379 1548 relinquendam

326 1566 474 1592 censeo.

1511 545 1689 585 Ἀπόλλων
1706 545 1742 585 δὲ
1756 549 1775 587 ὁ
1787 546 1903 595 ἥλιος·
1919 542 2006 603 Ἶρις
2025 552 2173 606 νεφῶδες
2191 552 2301 600 τόξον·

1510 606 1531 651 ἡ
1554 605 1772 650 Ποσειδῶνος
1792 606 1949 654 κέλευσις
1966 609 2001 654 ἐξ
2020 607 2149 663 Ἰριδος
2166 612 2343 666 ὑπάρχει,

1507 665 1530 711 ἡ
1548 663 1635 717 πρὸς
1648 663 1711 711 τὴν
1732 664 1914 706 θάλασσαν
1930 667 2071 717 αὖτὀνῆ
2091 670 2178 723 πρὸς
2197 670 2272 711 θεὸν
2294 673 2473 722 καλοῦσα,

1513 722 1599 777 ὅπερ
1617 723 1723 777 φησὶν
1743 724 1990 776 Ἐμπεδοκλῆς
2004 727 2073 768 εἴτε
2090 745 2141 774 τις
2159 733 2228 769 τῶν
2244 730 2386 785 ἑτέρων,

1485 833 1491 837 -
1509 800 1524 816 «
1542 775 1631 836 Ἶρις
1642 783 1720 822 δ’ἐκ
1734 783 1907 836 πελάγους
1925 784 2053 838 ἄνεμον
2069 786 2198 843 φέρειῆ
2217 788 2328 843 μέγαν
2341 789 2487 845 ὄμὸροψ
2498 810 2514 826 ι

1506 841 1585 893 ἐμοὶ
1608 841 1818 895 βιὸλιοθήκη
1834 843 1903 899 γὰρ
1923 847 1944 893 ἡ
1964 846 2102 899 κεφαλὴ
2121 850 2309 901 τυγχάνει,

1507 900 1623 954 βίὸλοι
1643 902 1673 942 δ’
1690 906 1775 955 ἡμῖν
1792 905 1830 944 οὗ
1849 905 1993 958 πάρεισι
2009 907 2127 951 δεινῶς
2143 909 2429 961 ἀχρηματοῦσιν,

1505 959 1580 1001 ὅθεν
1601 964 1640 1002 οὗ
1663 962 1776 1014 λέγειν
1794 964 1949 1018 ἀκριὸῶς
1967 965 2025 1005 τὸν
2040 966 2192 1015 ποιητὴν
2208 967 2383 1021 γινώσκω.
2443 1020 2446 1021 ⁷

1451 1069 1623 1121 Apparet
1642 1070 1771 1123 ipsum
1793 1071 1974 1111 Tzetzam
1997 1082 2120 1126 poetae
2139 1087 2281 1114 nomen
2308 1075 2517 1126 ignorasse

1449 1141 1493 1166 ac
1512 1128 1737 1169 dubitanter
1750 1130 1824 1170 hoc
1843 1131 2000 1171 effatum
2020 1134 2067 1172 ad
2088 1133 2360 1186 Empedoclem
2377 1142 2512 1175 aucto-

1449 1200 1531 1225 rem
1561 1189 1769 1229 rettulisse.
1804 1190 1856 1230 Ut
1880 1191 2067 1231 versiculi
2098 1193 2283 1233 conditor
2312 1193 2507 1242 incertus,

1448 1248 1502 1286 ita
1515 1248 1587 1287 dea
1601 1249 1649 1287 de
1665 1263 1742 1301 qua
1758 1249 1824 1290 hic
1837 1251 2061 1303 disputatur
2074 1253 2116 1292 in
2130 1253 2272 1304 vulgus
2286 1261 2379 1292 nota
2393 1260 2512 1305 atque

1447 1307 1496 1345 ab
1512 1309 1686 1360 antiquis
1702 1311 1847 1361 passim
1868 1321 2082 1351 memorata
2106 1322 2177 1353 est.
2203 1312 2302 1352 Vide
2332 1312 2508 1352 Natalem

1447 1366 1637 1406 Comitem
1672 1368 1835 1421 Mythol.
1870 1370 1960 1410 libr.
1990 1371 2080 1410 Vlll
2117 1386 2203 1426 cap.
2237 1386 2288 1412 20
2319 1373 2389 1426 qui
2416 1372 2511 1412 satis

1447 1426 1567 1465 multa
1594 1428 1751 1479 collegit
1779 1430 1926 1469 omisso
1945 1431 2081 1470 Ovidii
2101 1432 2190 1471 loco
2216 1432 2356 1472 Metam
2382 1431 2454 1472 lib.
2474 1431 2509 1481 1,

1445 1498 1500 1524 vs.
1523 1499 1712 1535 270-271.
