2612 3814
1167 206 1512 248 FRAGMENTA.

2349 226 2422 261 561

250 284 424 340 δεύτεροιιι
443 285 480 327 δὲ
507 287 552 328 τὰ
573 288 814 343 συμφέροντα·
834 289 878 329 τὰ
907 290 975 345 γὰρ
1002 292 1118 345 μῇονα
1141 299 1212 338 τοῖς
1242 294 1305 346 μέ·
1373 285 1485 349 τροφὰ
1514 296 1601 336 ἁδέα
1635 298 1795 350 φαίνεται
1813 306 1912 340 πᾶσα
1932 302 1991 341 καὶ
2021 304 2140 353 ποτόν,
2159 306 2220 344 καὶ
2246 307 2327 345 εὖνὰ
2348 307 2383 347 δὲ
2405 309 2427 348 ἃ

247 347 342 391 ζοσιν
361 346 547 386 ἀκολουθὲν
563 348 731 396 ποθάκει,
748 349 809 388 καὶ
831 349 882 398 μὴ
904 352 938 390 ἐν
967 352 1139 402 οἰκήμασι
1158 353 1218 392 καὶ
1249 357 1307 392 θυ-
1371 355 1463 406 μετὰ
1478 356 1669 410 φυλλάδος·
1687 360 1736 410 τῷ
1753 357 1790 398 δὲ
1809 366 1942 412 τρυφᾶν
1960 362 2019 400 καὶ
2039 363 2225 416 συὸαρίζεν
2242 382 2427 419 προαιρου-

247 404 407 457 ρώμασιν
422 408 562 457 ἐνῆμεν,
577 407 655 445 ἀλλ’
671 410 705 447 ἐν
718 410 789 453 τοῖς
807 409 903 449 ἄθεσι
919 414 989 450 τῶν
1007 411 1303 464 πολιτευομένων.

243 464 338 503 Οὐδὲ
367 464 434 518 γὰρ
469 466 504 504 ἐν
547 466 789 519 Λακεδαίμονι
826 475 871 522 τᾷ
907 470 1135 526 εὖνομωτάτα
1179 474 1306 513 πλάθει

242 525 463 577 γραμμάτων
485 525 508 564 ἆ
530 526 631 571 πόλις
649 527 857 576 διοικεῖται,
876 529 965 569 πολὺ
987 530 1023 569 δὲ
1045 532 1180 582 μᾶλλον
1197 537 1268 577 τοῖς
1286 533 1304 558 ¹³

240 583 382 637 τρόποις
397 587 466 623 τῶν
487 586 784 638 πολιτευομένων.
844 588 1066 643 Συμφέροντι
1083 590 1119 630 δὲ
1137 597 1183 645 τᾷ
1202 592 1303 630 πολι-

239 649 323 698 τικᾷ
353 645 539 697 κοινωνίᾳ,
564 645 647 684 αἴκα
669 646 719 698 μὴ
746 647 924 701 μόναρχος
953 644 977 702 ᾗ
1003 649 1064 689 καὶ
1093 651 1299 704 ἰδιωφελής,

238 703 452 757 κοινωφελὴς
481 704 518 744 δὲ
534 703 595 744 καὶ
617 704 674 744 διὰ
694 706 835 746 πάντων
859 708 1040 748 διατείνων
1061 711 1079 747 ὃ
1099 709 1224 760 νόμος,
1241 711 1301 749 καὶ

235 760 301 800 τὰν
326 762 455 813 ζαμίαν
476 764 509 808 ἐς
525 764 588 802 τὰν
606 765 777 819 αἰσχύναν
802 766 863 806 καὶ
880 766 943 807 τὰν
963 768 1109 820 ἀτιμίαν
1131 768 1272 822 ἀμφέρῃ
1287 801 1298 817 ,

236 818 287 870 μὴ
308 821 342 865 ἒς
360 821 425 862 τὰν
444 825 514 862 τῶν
530 823 727 876 χρημάτων
744 825 937 867 ἀποὸολάν.
963 853 966 856 -
995 827 1063 868 Ἐκ
1082 827 1144 879 μὲν
1164 828 1232 881 γὰρ
1249 831 1299 867 τῶ

234 889 281 938 τᾷ
299 885 453 940 αἰσχύνᾳ
489 889 701 938 ζαμιοῦσθαι
733 890 951 941 κοσμιότατα
980 891 1041 930 καὶ
1070 891 1298 945 χρηστότατα

234 945 469 985 σπουδάσοντι
486 952 514 994 ⁰,
536 947 631 992 ὅπως
660 947 724 987 τὰν
754 951 788 989 ἐν
817 954 888 994 τοῖς
907 950 1023 1002 νόμοις
1051 951 1181 1002 ζαμίαν
1199 954 1297 992 ἀκοι-

230 1002 386 1044 νώνατον
418 1005 567 1058 ἔχωντι·
597 1009 636 1047 ἐκ
662 1007 698 1046 δὲ
729 1011 781 1047 τῶ
812 1009 976 1063 χρήμασι
1007 1010 1181 1063 χρήματα
1216 1011 1296 1064 περὶ

231 1063 389 1103 πλείστω
406 1070 662 1117 ποιησοῧνται,
686 1067 852 1119 μέγιστον
874 1069 1060 1122 φάρμακον
1083 1072 1294 1121 ὕπολαμὸά-

231 1138 346 1168 νοντες
365 1118 455 1175 ἦμεν
473 1127 542 1164 τῶν
560 1126 846 1180 ἁμαρτημάτων.
902 1127 1064 1180 Ἄριστον
1086 1128 1148 1179 μὲν
1165 1123 1214 1168 ὧν
1231 1129 1294 1168 τὰν

230 1182 316 1222 ὅλαν
339 1184 441 1223 πόλιν
463 1185 571 1231 οὕτως
603 1185 861 1239 συιντετάχθαιρ
891 1186 984 1226 ὥστε
1013 1188 1162 1239 μηδενὸς
1195 1204 1292 1229 ποτι·

228 1242 364 1281 δεῖσθαι
389 1243 531 1295 ἔξωθεν,
550 1244 642 1296 μήτε
669 1246 750 1284 κατ’
773 1244 901 1298 ἀρετὰν
924 1247 1014 1296 μήτε
1031 1246 1124 1286 κατὰ
1145 1247 1291 1299 δύναμιν

228 1300 321 1351 μήτε
354 1306 434 1342 κατ’
463 1303 575 1342 ἄλλαν
608 1304 785 1355 μηδεμίαν
818 1304 944 1344 αἰτίαν.
1001 1305 1109 1346 Οὕτω
1135 1305 1205 1359 γὰρ
1232 1307 1292 1346 καὶ

226 1362 332 1412 σῶμα
353 1363 415 1401 καὶ
435 1362 529 1401 οἰκία
553 1362 612 1401 καὶ
636 1363 840 1416 στράτευμα
868 1364 1100 1404 συντέτακται
1117 1364 1134 1388 ‘¹
1155 1368 1289 1416 καλῶς,

224 1421 266 1459 τὸ
286 1422 320 1459 ἐν
350 1424 445 1475 αὑτῷ
469 1421 550 1475 ἔχον
571 1421 635 1461 τὰν
661 1422 777 1462 αἰτίαν
807 1431 870 1468 τᾶς
896 1424 1096 1479 σωτηρίας,
1120 1426 1212 1465 ἀλλὰ
1239 1427 1288 1478 μὴ

226 1478 363 1525 ἔξωθεν·
388 1484 493 1532 σῶμα
515 1481 635 1534 μέντοι
656 1483 801 1536 κάρῤον,
818 1483 911 1522 οἰκία
932 1484 968 1523 δὲ
989 1485 1201 1537 συγκειμένα
1219 1502 1289 1524 κα-

225 1541 294 1584 λῶς
308 1570 319 1591 ,
341 1540 547 1592 στράτευμα
566 1540 603 1580 δὲ
623 1541 662 1580 τὸ
689 1541 739 1593 μὴ
760 1543 983 1597 μισθοφόρον,
1005 1544 1094 1596 μηδὲ
1122 1545 1287 1598 ἀγύμνα-

224 1614 321 1639 στον.
381 1600 566 1653 Κρέσσονα
587 1601 655 1654 γὰρ
680 1601 726 1641 τὰ
749 1601 859 1647 οὕτως
879 1604 1118 1657 συνταχθέντα
1150 1604 1286 1656 γίνεται

221 1661 294 1698 τῶν
311 1660 443 1712 ἄλλων,
461 1661 522 1700 καὶ
537 1662 702 1714 ἐλεύθερα
718 1661 781 1713 μὲν
796 1662 857 1702 καὶ
875 1663 1077 1715 ἀδούλωτα,
1092 1666 1130 1703 οὗ
1145 1666 1286 1704 πολλῶν

222 1718 456 1770 ποτιδεόμενα
473 1720 555 1759 ποτὶ
571 1720 635 1760 τὰν
652 1721 839 1772 διαμονάν,
855 1722 981 1774 ὀλίγων
998 1722 1034 1761 δὲ
1051 1722 1110 1761 καὶ
1128 1724 1283 1776 εὐπαρα-

221 1777 415 1830 κομίστων.
473 1779 580 1820 Οὕτω
597 1780 667 1833 γὰρ
689 1785 703 1804 ²
723 1783 741 1819 ὁ
759 1779 823 1832 μὲν
846 1783 987 1837 ἰσχυρὸς
1017 1784 1068 1821 τῶ
1096 1782 1220 1836 βάρεος
1234 1812 1245 1832 ,
1267 1784 1285 1820 ὁ

221 1837 259 1877 δὲ
279 1838 483 1891 γυμναστὰς
499 1842 549 1879 τῶ
564 1839 674 1893 ρίγεος
694 1840 923 1893 περιγίνεται.
983 1842 1202 1893 Γυμνάζοντι
1215 1840 1283 1894 γὰρ

221 1897 281 1936 ταὶ
300 1898 406 1951 τύχαι
426 1899 486 1938 καὶ
507 1899 566 1938 ταὶ
588 1900 768 1953 συμφοραὶ
787 1900 855 1944 τὼς
882 1899 1075 1953 ἀνθρώπως
1088 1931 1097 1947 ,
1121 1899 1197 1938 ἐπεὶ
1222 1899 1282 1938 καὶ

219 1960 270 2011 τῷ
291 1958 442 2011 σώφρονι
461 1959 521 1998 καὶ
539 1959 783 1999 διαποναθέντι
797 1960 857 1999 καὶ
874 1959 1014 2011 σώματι
1030 1959 1091 1998 καὶ
1106 1961 1204 2013 ψυχᾷ
1218 1958 1287 1998 καὶ·

218 2132 251 2161 et
266 2129 391 2170 egregia
401 2153 412 2170 ,
430 2129 546 2163 deinde
560 2129 652 2162 utilia
673 2143 680 2162 :
700 2131 854 2162 convenit
864 2130 950 2162 enim
965 2130 1088 2162 minora
1103 2129 1280 2170 maioribus

216 2189 390 2223 succedere
399 2214 408 2230 ‚
420 2198 526 2231 neque
542 2189 574 2222 in
590 2189 741 2222 domibus
755 2191 787 2223 et
799 2190 889 2223 ostiis
898 2214 907 2231 ‚
918 2190 973 2223 sed
987 2189 1020 2222 in
1033 2190 1149 2221 animis
1159 2189 1279 2221 civium

219 2249 389 2291 inscriptas
405 2257 476 2282 esse
498 2249 596 2289 leges.
640 2250 721 2282 Nam
746 2258 788 2282 ne
810 2249 896 2290 apud
919 2247 1183 2281 Lacedaemonios
1205 2249 1279 2289 qui-

216 2309 293 2342 dem
310 2309 367 2351 qui
384 2309 516 2351 optimis
533 2309 659 2350 legibus
680 2310 816 2341 utuntur
833 2307 944 2341 multis
970 2307 1084 2340 litteris
1101 2307 1278 2349 respublica

216 2366 475 2407 administratur,
487 2366 543 2399 sed
554 2367 695 2400 honestis
711 2367 817 2408 potius
829 2367 949 2399 civium
963 2366 1118 2399 moribus.
1134 2366 1278 2399 Proderit

218 2426 328 2459 autem
355 2425 441 2458 civili
464 2425 630 2466 societati,
656 2426 682 2458 si
710 2426 763 2458 lex
786 2435 851 2458 non
877 2425 917 2457 ad
949 2425 1045 2458 unius
1075 2425 1276 2457 dominatum

216 2486 424 2525 comparata,
441 2494 546 2526 neque
561 2485 601 2517 ad
622 2485 778 2526 privatam
808 2484 1012 2526 quorundam
1024 2509 1034 2525 ‚
1056 2484 1111 2517 sed
1133 2484 1172 2516 ad
1191 2493 1278 2516 com-

218 2553 349 2577 munem
364 2544 537 2577 utilitatem
554 2544 682 2577 condita
706 2545 821 2585 fuerit,
844 2553 885 2577 ex
905 2552 1000 2585 aequo
1021 2543 1061 2576 ad
1077 2552 1190 2576 omnes
1208 2552 1276 2584 per-

216 2603 323 2637 tinens
335 2627 345 2644 ‚
363 2612 559 2646 poenamque
576 2603 615 2636 ad
635 2603 777 2637 dedecus
795 2604 828 2636 et
845 2602 1053 2644 ignominiam
1064 2626 1074 2643 ‚
1095 2611 1159 2635 non
1173 2602 1214 2634 ad
1232 2602 1276 2634 rei

215 2663 382 2696 familiaris
395 2663 554 2704 jacturam
572 2663 699 2695 reserat.
726 2663 852 2695 Etenim
873 2662 899 2695 si
916 2661 1088 2703 ignominia
1104 2662 1137 2694 in
1153 2661 1277 2703 legibus

216 2732 274 2764 pro
302 2732 396 2764 poena
431 2723 559 2755 nocenti
582 2723 749 2764 irrogetur,
776 2721 935 2755 honestati
956 2723 990 2754 et
1014 2721 1166 2763 probitati
1187 2721 1274 2754 cives

214 2782 416 2822 studebunt,
434 2791 475 2815 ne
499 2782 607 2823 legum
628 2790 758 2822 poenam
778 2781 960 2814 sustineant
985 2793 993 2814 z
1012 2781 1062 2814 sin
1078 2783 1188 2813 autem
1217 2790 1272 2822 pe-

212 2840 310 2874 cunia
325 2842 435 2873 sontes
449 2841 660 2882 mulctentur,
673 2840 816 2882 plerique
833 2839 983 2882 pecunias
996 2840 1129 2872 maximi
1145 2839 1272 2881 facient,

213 2900 406 2941 praeclarum
427 2900 489 2932 hoc
518 2901 724 2942 peccatorum
752 2900 930 2934 remedium
951 2908 1020 2933 esse
1040 2899 1272 2932 existimantes.

214 2960 387 3001 Optimum
401 2959 498 3001 igitur
513 2959 609 2993 fuerit
618 2985 628 3002 ‚
639 2959 803 2993 civitatem
816 2959 998 2992 universam
1009 2959 1054 2991 ita
1063 2959 1271 2991 constitutam

212 3026 285 3051 esse
294 3043 304 3060 ,
325 3021 362 3050 ut
377 3018 467 3050 nullo
478 3018 614 3051 externo
623 3018 811 3059 adjumento
825 3005 931 3061 neque
944 3018 983 3051 ad
1001 3018 1155 3051 virtutem
1168 3027 1272 3060 neque

213 3075 255 3108 ad
281 3076 458 3118 potentiam
476 3085 581 3118 neque
600 3076 642 3109 ad
663 3077 758 3110 aliam
779 3086 1007 3119 quamcunque
1026 3086 1096 3112 rem
1118 3077 1268 3118 indigeat.

213 3136 297 3168 Nam
315 3135 461 3177 corporis
476 3136 574 3169 etiam
586 3139 620 3169 et
636 3136 754 3170 'domus
769 3140 801 3170 et
817 3137 979 3170 exercitus
997 3138 1117 3179 optima
1132 3136 1271 3170 conditio

210 3195 283 3234 est,
302 3204 405 3237 quum
424 3195 536 3229 salutis
554 3205 683 3230 causam
704 3197 789 3230 intra
811 3206 845 3231 se
867 3193 1006 3239 habent,
1025 3207 1088 3231 non
1110 3197 1239 3230 aliunde
1260 3210 1268 3230 ε

211 3262 331 3295 corpus
351 3263 429 3287 sane
447 3255 593 3288 validum
610 3256 762 3290 laudatur
784 3258 817 3291 et
837 3258 917 3291 bene
937 3258 1112 3299 composita
1129 3257 1268 3298 familia,

214 3313 375 3347 exercitus
393 3323 471 3346 vero
492 3323 551 3347 nec
573 3315 789 3349 mercenarius
809 3325 915 3358 neque
930 3315 1169 3349 inexercitatus.
1190 3318 1270 3354 Quae

212 3373 300 3404 enim
325 3373 370 3406 ita
400 3374 476 3406 sunt
498 3375 693 3416 constituta,
713 3376 783 3408 aliis
808 3378 882 3408 sunt
912 3376 1004 3417 longe
1027 3375 1268 3416 praestantiora,

171 3428 173 3430 ’
216 3430 317 3464 immo
342 3434 374 3465 et
393 3431 493 3464 libera
522 3434 554 3465 et
577 3432 709 3468 minime
727 3443 834 3475 serva,
855 3443 927 3476 quae
948 3434 987 3466 ad
1008 3434 1188 3466 durandum
1208 3443 1269 3467 non

361 3496 479 3520 vultos.
505 3497 598 3520 ωηο.

1371 415 1466 469 μένῳ
1493 415 1553 454 καὶ
1579 415 1603 453 ἃ
1622 419 1672 455 τῶ
1693 417 1838 468 μεγάλω
1857 420 2017 470 βασιλέος
2046 422 2254 474 παρασκευὰ
2278 426 2425 478 δυσάρε·

1369 490 1450 520 στος
1468 474 1528 514 καὶ
1551 475 1731 528 ἀλλοτρία.
1803 476 1874 516 Τὸν
1893 478 1998 529 νόμον
2026 473 2074 518 ὧν
2100 483 2134 519 ἐν
2154 485 2224 526 τοῖς
2244 483 2343 523 ἄθεσι
2364 486 2425 524 καὶ

1367 539 1438 578 τοῖς
1457 533 1716 586 ἐπιταδεύμασι
1744 537 1814 574 τῶν
1833 537 1981 577 πολιτᾶν
2003 539 2239 593 ἐγχρῴζεσθαι
2265 543 2335 582 δεῖ·
2354 543 2424 589 τὼς

1366 592 1435 645 γὰρ
1464 593 1612 638 πολίτας
1639 594 1837 648 αὖτάρκεας
1857 595 1978 645 θήσει,
2000 598 2060 637 καὶ
2090 600 2247 652 διανεμεῖ
2277 601 2315 640 τὸ
2344 605 2424 642 κατ’

1367 651 1465 697 ἀξίαν
1496 652 1634 706 ἑκάστῳ
1659 653 1719 693 καὶ
1748 654 1789 693 τὸ
1816 654 2021 696 ἑπιὸάλλον.
2078 658 2185 698 Οὕτω
2220 659 2289 713 γὰρ
2317 661 2377 700 καὶ
2405 665 2423 701 ὁ

1365 708 1460 754 ἅλιος
1476 710 1664 763 φερόμενος
1690 709 1749 750 διὰ
1769 714 1820 751 τῶ
1847 713 2014 768 ζῳοφόρω
2032 715 2152 755 κύκλω
2173 717 2329 769 διανέμει
2352 727 2422 764 τοῖς

1364 767 1424 806 ἐπὶ
1444 775 1509 820 γᾶς
1526 775 1615 808 πᾶσι
1631 768 1692 808 καὶ
1715 770 1866 821 γενέσιος
1882 773 1942 812 καὶ
1962 781 2091 828 τροφᾶς
2116 775 2177 814 καὶ
2213 779 2331 829 βιοτᾶς
2358 776 2422 816 τὰν

1362 828 1586 867 ποθάκουσαν
1604 834 1745 882 μοῖραν,
1767 823 1838 870 οἷον
1864 832 2026 884 εὐνομίαν
2046 840 2111 874 τὰν
2142 830 2332 888 εῧκρασίαν
2352 841 2422 876 τῶν

1362 889 1456 939 ὡρᾶν
1476 889 1846 941 παρασκευαζόμενος.
1871 891 1934 931 Διὸ
1959 893 2020 932 καὶ
2038 892 2172 943 Νόμιος
2190 894 2252 933 καὶ
2267 896 2423 946 Νεμήϊος

1361 946 1450 991 Ζεὺς
1469 947 1653 995 καλέεται,
1674 947 1735 987 καὶ
1754 947 1882 1000 νομεὺς
1897 953 1915 989 ὁ
1932 951 2105 1004 διανέμων
2125 952 2188 997 τὰς
2206 954 2335 1008 τροφὰς
2353 955 2422 999 τοῖς

1360 1004 1481 1053 ὀΐεσιν,
1517 1006 1578 1046 καὶ
1608 1005 1654 1045 τὰ
1691 1008 1762 1046 τῶν
1792 1008 2022 1064 κιθαρῳδῶνῐ
2050 1011 2087 1050 δὲ
2124 1012 2269 1065 ᾄσματα
2302 1013 2415 1065 νόμοι.

1360 1068 1602 1106 Συντάσσοντι
1620 1067 1690 1121 γὰρ
1710 1067 1906 1109 καὶταῦτα
1933 1070 1997 1110 τὰν
2023 1070 2142 1125 ψυχὰν
2170 1072 2324 1129 ἁρμονίᾳ
2355 1075 2416 1112 καὶ

1361 1129 1503 1181 ῥυθμοῖς
1521 1127 1582 1166 καὶ
1612 1129 1752 1181 μέτροις
1780 1128 1982 1180 ἀειδόμενα.

1413 1185 1601 1238 (Stobaeus
1632 1186 1738 1227 Flor.
1768 1183 1916 1235 XLIII,
1953 1203 2043 1239 129,
2074 1190 2168 1238 132,
2200 1191 2289 1242 133,
2316 1192 2416 1237 134.

1360 1245 1532 1297 Reposui
1552 1249 1567 1268 ³
1595 1245 1764 1298 δεύτερα;
1795 1247 1907 1303 codd.
1938 1247 2108 1301 δεύτερον.
2126 1249 2143 1274 ¹³
2171 1250 2240 1294 τοῖς
2272 1250 2414 1303 τρόποις

1358 1319 1444 1343 cum
1474 1306 1652 1355 Halmio3
1687 1306 1802 1346 codd.
1821 1307 1856 1345 ἐν
1880 1308 1951 1352 τοῖς
1969 1308 2126 1361 τρόποις.
2144 1308 2159 1327 ⁰
2178 1310 2415 1350 σπουδάσοντι

1357 1378 1443 1402 cum
1470 1365 1628 1413 eodem3
1655 1364 1750 1403 libri
1783 1365 2024 1412 σπουδάζοντι.
2042 1366 2060 1390 ‘¹
2081 1368 2174 1406 οἰκία
2205 1369 2264 1407 καὶ
2299 1370 2414 1423 στρά-

1355 1438 1469 1474 τευμα
1501 1424 1732 1463 συντέτακται
1769 1438 1856 1463 cum
1888 1425 2122 1478 Spondan03
2150 1428 2266 1466 codd.
2298 1429 2413 1468 οἰκίαν

1353 1482 1414 1520 καὶ
1439 1482 1643 1536 στράτευμα
1677 1483 1926 1536 συντετάχθαι.
1945 1490 1960 1508 ⁸
1984 1485 2052 1537 γὰρ
2081 1489 2099 1523 ὁ
2119 1486 2181 1536 μὲν
2207 1501 2293 1526 cum
2313 1488 2413 1528 Mei-

1354 1542 1490 1590 neki03
1509 1542 1579 1596 γὰρ
1597 1541 1637 1581 ἂν
1659 1544 1677 1580 ὁ
1698 1542 1760 1593 μὲν
1791 1542 1902 1583 libri.
1918 1541 1930 1567 ¹
1946 1546 2172 1599 κιθαρῳδῶν;
2194 1547 2290 1587 libri
2316 1552 2411 1587 κιθα-

1354 1602 1497 1655 ρῳδᾶν.)
1701 1605 1716 1621 ⁸

1408 1660 1465 1699 ιθ’.
1497 1663 1560 1700 Δεῖ
1591 1660 1626 1700 δὲ
1662 1660 1720 1700 τὸν
1748 1661 1909 1700 ἀλαθινὸν
1936 1663 2091 1716 ἄρχοντα
2117 1663 2166 1717 μὴ
2197 1665 2300 1715 μόνον
2331 1669 2434 1706 em«-

1353 1720 1515 1770 στάμονά
1535 1736 1573 1760 τε
1601 1720 1663 1759 καὶ
1683 1720 1828 1759 δυνατὸν
1851 1715 1940 1770 ἦμεν
1966 1722 2047 1775 περὶ
2077 1722 2116 1761 τὸ
2139 1725 2254 1768 καλῶς
2282 1724 2402 1777 ἄρχε-ι,

1354 1779 1445 1817 ἀλλὰ
1473 1779 1534 1819 καὶ
1570 1779 1826 1833 φιλάνθρωπον·
1863 1780 1992 1820 ἄτοπον
2020 1780 2089 1834 γὰρ
2126 1776 2213 1833 ἦμεν
2254 1784 2405 1835 ποιμένα

1353 1838 1614 1893 μισοπρόὸατον
1646 1839 1706 1878 καὶ
1737 1842 1890 1878 τοιοῦτον
1919 1834 1988 1878 οἷον
2017 1841 2078 1879 καὶ
2107 1842 2302 1893 δυσμενέως
2325 1843 2406 1896 ἔχεν

1348 1903 1418 1942 τοῖς
1451 1900 1544 1937 αὑτῶ
1569 1898 1827 1950 θρεμμάτεσσι,
1885 1901 1949 1938 Δεῖ
1971 1899 2002 1938 δ’
2031 1899 2134 1938 αὐτὸν
2160 1902 2220 1939 καὶ
2250 1901 2399 1953 νόμιμον

1349 1951 1453 2008 ἦμεν·
1479 1957 1569 1996 οὕτω
1598 1958 1666 2011 γὰρ
1690 1959 1823 1997 ε’σεῖται
1846 1957 1909 1997 τὰν
1941 1961 1992 1998 τῶ
2024 1959 2191 2012 ἄρχοντος
2221 1960 2405 2000 ἐπίστασιν

1348 2127 1457 2159 multis
1484 2128 1595 2168 egent,
1616 2126 1672 2169 sed
1697 2127 1808 2168 paucis
1837 2130 1869 2160 et
1900 2129 2011 2168 paratu
2034 2128 2191 2161 facilibus.
2237 2132 2286 2162 Ita
2314 2132 2400 2164 enim

1349 2186 1404 2227 qui
1432 2186 1523 2218 fortis
1547 2187 1596 2218 est
1617 2194 1736 2226 onera,
1755 2186 1868 2218 lanista
1891 2195 1968 2219 vero
1995 2187 2092 2229 frigus
2111 2188 2222 2221 vincit.
2268 2190 2404 2224 Casibus

1348 2247 1456 2278 autem
1488 2246 1520 2277 et
1549 2244 1786 2278 calamitatibus
1826 2245 1971 2279 homines
1999 2248 2203 2289 exercentur,
2241 2248 2401 2290 siquidem

1347 2305 1443 2337 ctiam
1462 2305 1532 2337 viro
1553 2304 1664 2337 sobrio
1682 2304 1888 2347 corporisque
1900 2307 1932 2338 et
1949 2306 2048 2338 animi
2074 2307 2236 2340 laboribus
2263 2308 2400 2342 subacto

1347 2364 1483 2405 quilibet
1497 2364 1588 2396 cibus
1599 2366 1632 2397 et
1648 2367 1743 2405 potus
1753 2363 1916 2405 jucundus
1928 2365 2056 2398 videtur
2069 2375 2129 2398 nec
2142 2375 2205 2399 non
2222 2369 2357 2400 stratum
2383 2377 2401 2401 e

1345 2423 1428 2456 foliis
1446 2423 1543 2456 molle
1558 2433 1566 2455 :
1584 2424 1623 2456 at·
1636 2423 1680 2456 illi
1700 2423 1754 2465 qui
1772 2423 1805 2456 in
1822 2423 1945 2457 deliciis
1964 2426 1996 2457 et
2013 2425 2140 2458 luxuria
2159 2426 2259 2458 vitam
2284 2426 2400 2468 degere

1345 2482 1513 2524 proposuit
1545 2491 1586 2515 ne
1614 2482 1721 2524 magni
1750 2482 1880 2524 quidem
1902 2483 1983 2524 regis
2008 2486 2181 2525 apparatus
2210 2485 2346 2526 placitus
2367 2488 2400 2518 et

1344 2541 1536 2574 conveniens
1551 2542 1659 2582 potest
1671 2541 1785 2575 videri.
1808 2543 1926 2583 Legem
1942 2543 2038 2583 igitur
2054 2543 2088 2575 in
2104 2544 2217 2576 animis
2230 2552 2268 2576 ac
2282 2544 2399 2578 studiis

1340 2601 1463 2633 civium
1488 2600 1698 2634 inhaerescere
1726 2601 1855 2642 oportet
1881 2610 1890 2633 :
1924 2601 1971 2634 sic
1992 2602 2079 2634 enim
2106 2603 2194 2635 cives
2216 2612 2275 2635 sua
2310 2605 2397 2637 sorte

1343 2662 1511 2693 contentos
1524 2659 1638 2693 efficiet
1651 2668 1688 2692 ac
1700 2668 1795 2693 suum
1809 2660 1927 2702 cuique
1939 2662 1972 2693 et
1982 2661 2113 2702 singulis
2123 2665 2198 2703 apta
2211 2662 2394 2696 distribuet.

1342 2721 1411 2752 Hoc
1427 2718 1523 2751 modo
1540 2718 1587 2751 sol
1604 2727 1732 2760 quoque
1748 2727 1804 2760 per
1821 2718 2008 2760 signiferum
2037 2720 2148 2753 orbern
2168 2722 2316 2754 invectus
2332 2723 2396 2753 ter-

1338 2778 1491 2811 restribus
1524 2777 1675 2810 omnibus
1693 2777 1910 2811 animantibus
1928 2780 2159 2820 generationis,
2183 2780 2325 2813 alimenti
2349 2781 2394 2812 vi-

1339 2841 1446 2878 taeque
1464 2845 1556 2869 suam
1577 2837 1694 2878 cuique
1711 2836 1889 2879 portionem
1908 2837 2041 2879 tribuit,
2058 2839 2149 2879 quasi
2167 2838 2270 2878 legum
2284 2840 2394 2870 aucto-

1337 2898 1432 2930 ritate
1449 2897 1571 2939 optima
1581 2896 1655 2929 anni
1670 2897 1810 2936 partium
1824 2898 2055 2939 temperatione
2070 2897 2226 2930 instituta.
2270 2899 2391 2935 Quam-

1335 2959 1446 2991 obrem
1477 2961 1605 3002 Jupiter
1633 2969 1764 3002 quoque
1798 2959 1934 2994 Nomius
1962 2961 1995 2994 et
2021 2959 2173 2992 Nemeius
2195 2961 2340 2998 vocatur,
2358 2962 2391 2991 et

1334 3019 1444 3059 νομεὺς
1466 3019 1619 3061 (opilio),
1637 3019 1723 3061 quod
1749 3020 1864 3053 ovibus
1891 3020 2008 3061 pabula
2026 3018 2195 3051 distribuat
2217 3031 2223 3050 :
2249 3021 2282 3050 et
2299 3017 2389 3058 νὸμοι

1334 3081 1448 3113 cantus
1461 3080 1724 3122 citharoedorum,
1741 3080 1893 3122 quoniam
1912 3081 1944 3113 et
1960 3079 2003 3112 illi
2019 3078 2163 3111 animum
2177 3079 2386 3119 componunt,

1334 3139 1466 3172 decente
1488 3140 1677 3181 harmonia,
1696 3140 1855 3182 rhythmis
1872 3141 1904 3172 et
1920 3138 2030 3171 metris
2047 3137 2218 3171 decantati.

1373 3200 1460 3231 XIX.
1486 3199 1621 3240 Oportet
1647 3201 1756 3231 autem
1790 3197 1967 3239 principem
2003 3196 2164 3229 sincerum
2198 3203 2263 3227 non
2301 3198 2387 3227 recte

1334 3258 1460 3290 tantum
1479 3258 1636 3298 imperare
1659 3259 1692 3291 et
1715 3257 1797 3290 scire
1825 3258 1858 3289 et
1878 3264 1992 3297 posse,
2010 3255 2066 3288 sed
2086 3255 2181 3287 etiam
2207 3253 2385 3286 humanum

1333 3326 1402 3350 esse
1426 3331 1433 3351 z
1463 3327 1538 3351 nam
1564 3318 1697 3351 minime
1726 3318 1975 3350 consentaneum
2005 3315 2100 3348 fuerit
2120 3316 2278 3355 pastorem
2306 3322 2386 3346 oves
2424 3318 2426 3320 '

1332 3376 1438 3409 odisse
1461 3379 1494 3409 et
1511 3377 1679 3419 pecoribus
1693 3377 1760 3410 suis
1781 3375 1941 3408 insensum
1957 3383 2039 3407 esse.
2085 3373 2169 3411 Quin
2186 3372 2282 3404 etiam
2307 3371 2383 3411 legi-

1333 3435 1432 3467 timus
1456 3444 1524 3468 esse
1545 3435 1662 3468 debet:
1682 3435 1729 3467 sic
1755 3434 1839 3466 enim
1865 3432 1997 3465 demum
2026 3430 2176 3472 principis
2195 3429 2382 3469 dignitatem

2221 3489 2257 3515 5ss
