2612 3814
325 245 399 277 386
1135 230 1203 269 DE
1232 228 1423 270 OCELLO
1455 226 1677 266 LUCANO.

317 325 442 364 noniae
460 337 494 362 a.
523 323 620 367 1646
640 321 836 371 vulgavit,
858 333 943 370 quae
959 319 1079 357 editio
1097 320 1236 356 iterum
1256 316 1360 367 typis

318 397 500 437 expressa
528 391 585 421 est
612 381 715 434 apud
746 381 921 418 Batavos.
978 378 1043 416 Sic
1070 386 1194 416 autem
1218 376 1360 414 inscri-

315 444 422 482 bitur
464 457 473 480 z
495 440 668 485 Ὠκελλος
697 442 715 478 δ
738 439 922 492 φιλόσοφος
942 436 1023 490 περὶ
1056 438 1116 482 τῆς
1141 438 1199 474 τοῦ
1233 434 1360 477 παντὸς

315 501 460 555 φύσεως.
517 499 672 538 Ocellus
707 498 885 536 Lucanus
921 495 1177 549 philosophus
1199 494 1246 532 de
1273 494 1359 531 uni-

316 560 419 597 versi
450 567 599 597 natura.
657 557 823 595 'sextum
857 569 878 594 e
921 556 1059 593 Graeco
1097 554 1137 591 in
1178 553 1358 591 Latinum

316 616 510 655 transtulit
530 615 757 666 collatisque
780 614 911 652 multis
934 611 1227 664 exemplaribus
1244 611 1358 648 etiam

317 688 408 714 mss.
443 675 687 720 emendavit,
732 673 960 724 paraphrasi
1010 680 1048 709 et
1082 670 1360 709 commentario

316 734 525 772 illustravit
548 733 709 770 Carolus
743 730 965 768 Emmanuel
1002 729 1204 767 Vizzanius
1233 728 1359 764 Bono-

315 793 475 832 niensis,
533 793 626 830 Pars
641 791 801 842 physica
819 789 871 839 (i.
892 802 925 827 e.
943 802 1029 839 cap.
1054 786 1175 839 1-3)
1197 787 1244 824 ad
1264 786 1362 824 Emi-

317 852 587 890 nentissimum
631 858 668 887 et
714 848 1089 887 Reverendissimum
1135 846 1360 897 Principem

319 908 560 947 Franciscum
580 907 834 945 Barberinum
855 906 893 945 S.
919 905 961 943 R.
985 905 1025 944 E.
1041 905 1156 944 Card.
1179 904 1361 943 Vicecan-

1428 313 1696 352 commodatae.
1752 312 1938 364 Sequitur
1959 313 2214 353 Rotermundi
2239 315 2360 354 editio
2388 329 2475 369 quae

1428 386 1463 412 a.
1501 377 1598 421 ¹794
1623 370 1764 423 Lipsiae
1795 371 1992 423 publicata
2015 386 2190 423 magnam
2218 382 2365 426 partem
2387 388 2474 415 cum

1429 430 1694 481 Dargensiana
1715 430 1899 470 concinit.
1955 432 2144 471 Caeterum
2174 445 2308 471 omnes
2340 434 2399 473 illi
2428 434 2478 474 de

1428 490 1572 541 quibus
1588 489 1672 527 dixi
1688 489 1856 528 editores
1872 503 1950 528 non
1965 490 2189 529 dubitarunt
2201 520 2212 541 ,
2232 492 2329 542 quin
2342 505 2476 532 verum

1430 550 1574 586 veteris
1593 547 1717 586 Ocelli
1743 561 1842 599 opus
1871 556 2092 589 tractarent.
2153 549 2311 588 Interim
2331 550 2473 591 Christ.

1430 606 1663 644 Meinersius
1695 606 1736 644 in
1774 606 1948 646 Historia
1978 607 2164 647 doctrinae
2201 608 2249 647 de
2279 622 2373 647 vero
2404 609 2478 649 deo

1432 664 1651 714 Lemgoviae
1670 664 1769 712 1780
1782 663 1981 715 divulgata
1996 674 2110 717 atque
2125 667 2166 705 in
2181 668 2399 706 Gesclu‘chce
2409 671 2480 707 der

1436 725 1545 764 Wiss.
1566 730 1603 762 in
1625 724 1772 762 Grieclt.
1793 726 1870 761 und
1883 728 1989 765 Rom.
2011 734 2104 765 tom.
2126 725 2142 763 Ι
2168 739 2207 777 p.
2231 727 2308 773 584
2325 726 2477 778 primus

1393 820 1396 830 ,
1427 784 1607 836 spurium
1629 796 1713 822 esse
1729 782 1905 821 libellum
1928 785 2222 832 animadvertit,
2242 798 2476 838 quamquam

1432 842 1470 879 in
1493 842 1541 880 iis
1561 855 1647 893 quae
1668 840 1715 879 de
1735 840 1932 879 scribendi
1953 855 2091 892 genere
2111 850 2149 880 et
2173 842 2338 892 singulis
2363 856 2478 882 voca·

1430 900 1535 939 bulis
1553 908 1683 939 monet
1703 900 1912 951 aliquoties
1930 901 2091 941 erravit.
2149 900 2294 939 Contra
2311 901 2478 942 Meiner·

1431 960 1530 998 sium
1547 959 1671 998 libelli
1686 959 1953 997 auctoritatem
1969 959 2141 997 defendit
2154 959 2299 1000 Christ.
2310 959 2475 1000 Godosr.

321 1028 434 1075 1661,
459 1032 493 1070 [4.
551 1026 642 1062 Pars
660 1024 819 1075 politica
841 1022 893 1076 (i.
915 1036 949 1061 e.
975 1036 1057 1074 cap.
1083 1027 1103 1067 4
1122 1021 1131 1074 )
1154 1022 1217 1060 cui
1235 1035 1343 1059 acces
1431 1017 1626 1056 Bai-ditius
1647 1019 1687 1055 in
1704 1018 1884 1067 Epoclzen
1908 1019 1977 1055 der
1999 1019 2479 1069 vor-zdglidtstenphiloso-

315 1095 446 1124 serunt
461 1084 504 1124 V.
519 1084 561 1123 C.
584 1083 773 1121 Ludovici
794 1081 994 1132 Nogarolae
1009 1083 1048 1120 in
1066 1082 1229 1120 eundem
1245 1090 1360 1131 notae,
1427 1078 1609 1127 pleis-chen
1625 1078 1810 1126 Begrrffe,
1842 1077 1950 1115 Halis
1974 1078 2073 1125 1788
2086 1107 2096 1124 ,
2119 1077 2185 1128 qui
2203 1078 2319 1116 simul
2341 1077 2416 1118 hoc
2430 1079 2479 1119 de

316 1143 487 1195 ejusdem
519 1142 641 1180 Ocelli
665 1142 712 1180 de
742 1141 894 1192 legibus
923 1141 1175 1191 fragmentum
1208 1153 1362 1191 unaque
1431 1139 1602 1178 universi
1624 1147 1761 1177 natura
1780 1138 2011 1190 opusculum
2028 1147 2066 1176 et
2084 1138 2336 1189 fragmentum
2357 1139 2406 1178 de
2423 1140 2480 1180 le-

316 969 530 1007 cellarium.
589 965 863 1004 Amstelodami
884 964 987 1016 apud
1017 963 1209 1001 Joannem
1242 963 1359 1001 Blaeu

315 1202 641 1253 locupletissimus
661 1200 778 1239 index
796 1200 842 1238 ad
860 1200 1214 1238 Eminentissimum
1233 1207 1304 1238 etc.
1324 1208 1367 1237 ut
1430 1197 1545 1248 gibus
1565 1198 1787 1248 germanice
1818 1197 1992 1235 reddidit
2011 1204 2049 1235 et
2067 1196 2412 1238 observationibus
2430 1199 2480 1238 il-

315 1260 355 1297 in
378 1260 508 1310 priore
523 1267 646 1310 parte.
703 1258 851 1298 Praeter
864 1258 1063 1310 Nogarolae
1078 1267 1115 1296 et
1134 1257 1365 1297 Commelini
1429 1256 1608 1295 lustravit
1623 1257 1662 1294 in
1679 1255 1920 1294 Fiillebornii
1932 1258 2156 1306 Beytroegen
2173 1270 2241 1294 zm·
2258 1257 2480 1296 GeschIchte

315 1318 508 1356 editiones
528 1317 576 1356 ad
609 1318 887 1355 recensendum
922 1318 1150 1369 scriptorem
1165 1345 1176 1364 ,
1211 1316 1259 1354 de
1287 1330 1365 1367 quo
1428 1317 1497 1352 der
1524 1316 1770 1365 Philosophie
1806 1323 1906 1366 part.
1944 1314 1978 1352 X
2015 1329 2055 1367 p.
2102 1329 2243 1363 1—77.
2302 1315 2481 1368 Denique

317 1377 416 1415 bene
437 1377 597 1415 meritus
620 1384 700 1423 est,
721 1375 925 1415 Vizzanius
943 1375 1122 1414 adhibuit
1141 1376 1238 1414 duos
1259 1376 1365 1414 codi·
1430 1376 1527 1424 Aug.
1550 1373 1611 1411 Fr.
1638 1374 1744 1412 Guil.
1783 1374 2014 1425 Rudolphus
2039 1374 2214 1412 Ocellum
2246 1375 2477 1414 recensitum

317 1448 380 1474 ces
404 1434 634 1482 Vaticanos‚
658 1448 824 1485 quorum
853 1435 1016 1474 alterum
1039 1443 1152 1473 vocat
1172 1434 1366 1485 antiquio·
1429 1441 1467 1470 et
1495 1433 1748 1483 amplissimIs
1767 1433 2056 1471 commentariis
2076 1433 2309 1472 instructum
2334 1433 2480 1486 Lipsiae

318 1507 398 1532 rem
414 1523 424 1540 ,
447 1494 612 1531 alterum
646 1506 667 1530 a
690 1492 847 1531 Lollino
875 1494 1060 1545 episcopo
1093 1491 1252 1530 Urbano
1276 1492 1366 1530 Vlll
1429 1491 1553 1529 edidit
1569 1504 1671 1529 anno
1697 1492 1812 1529 1801.
1871 1492 2085 1542 Acceperat
2101 1504 2123 1529 a
2147 1491 2391 1531 Tzschuckio
2411 1506 2478 1531 va—

317 1553 500 1591 Pontifici
522 1552 691 1589 Maximo
710 1551 892 1589 donatum
914 1564 996 1589 esse
1013 1559 1167 1598 narrat,
1190 1563 1260 1588 nec
1288 1564 1366 1588 non
1431 1550 1510 1587 rias
1528 1549 1741 1598 lectiones,
1773 1562 1870 1601 quas
1900 1549 2196 1588 Siebenkeesius
2226 1551 2360 1602 paullo
2392 1561 2481 1591 ante

318 1610 490 1648 codicem
520 1610 682 1650 Thomae
709 1609 924 1648 Bartholini
951 1610 1065 1650 Dani.
1122 1610 1215 1647 Post
1233 1609 1367 1647 Vizza-
1432 1608 1562 1647 Romae
1592 1622 1614 1647 e
1640 1609 1775 1646 codice
1804 1608 1972 1659 quodam
2005 1607 2190 1646 Vaticano
2217 1619 2479 1661 excerpserat.

317 1669 423 1706 nium
454 1681 579 1719 neque
599 1682 622 1706 a
651 1668 772 1706 Galeo
803 1669 854 1720 (7)
876 1681 1003 1720 neque
1022 1682 1044 1706 a
1064 1668 1279 1718 Dargensio
1313 1668 1364 1718 (8)
1428 1667 1522 1713 Quae
1545 1668 1729 1705 lectiones
1746 1680 1866 1717 quum
1883 1667 1999 1706 modo
2018 1681 2105 1706 cum
2125 1680 2171 1706 eo
2194 1666 2300 1706 libro
2321 1672 2483 1707 consen-

317 1727 471 1765 Ocellus
490 1727 626 1765 critica
647 1736 727 1765 arte
746 1735 929 1765 tractatus
951 1735 1022 1765 est.
1081 1726 1154 1764 Sed
1171 1729 1258 1778 plus
1276 1726 1368 1764 huic
1433 1726 1550 1773 liant,
1573 1739 1688 1777 quem
1704 1725 1912 1764 Vizzanius
1928 1726 2190 1777 antiquiorem
2210 1735 2339 1774 vocat,
2363 1727 2480 1766 modo

318 1786 502 1837 scriptori
527 1787 679 1838 profuit
702 1786 903 1825 Battaesius
917 1814 927 1833 ‚
951 1786 1062 1837 cujus
1080 1786 1225 1837 duplex
1244 1793 1368 1823 exstat
1432 1799 1519 1823 cum
1541 1785 1687 1823 Lollini
1707 1785 1909 1837 exemplo,
1931 1784 2048 1823 modo
2068 1784 2117 1823 ab
2144 1794 2313 1836 utroque
2334 1785 2481 1824 discre-

318 1844 459 1891 editio,
478 1845 596 1883 altera
615 1845 657 1883 in
680 1847 882 1883 Me'moz'res
898 1848 946 1882 de
960 1848 1180 1890 litterature,
1206 1847 1290 1881 t1‘re's
1304 1847 1370 1881 des
1432 1855 1541 1897 pent,
1563 1847 1754 1885 incertum
1775 1854 1850 1893 est,
1877 1846 1956 1884 duo
1985 1858 2034 1884 an
2065 1854 2141 1884 tres
2171 1847 2213 1884 in
2243 1845 2483 1886 bibliotheca

319 1908 490 1954 regis-tres
508 1906 556 1940 de
586 1903 817 1941 l’Acadefmie
840 1907 970 1953 royale
992 1905 1057 1941 des
1077 1908 1312 1954 inscriptions
1333 1912 1371 1940 et
1432 1904 1615 1943 Vaticana
1628 1905 1751 1943 ocelli
1766 1904 1920 1943 codices
1937 1904 2193 1956 reperiantur.
2250 1904 2358 1943 Adde
2377 1905 2482 1956 quod

321 1963 593 2007 belles-lemae,
621 1964 755 2012 depuis
770 1962 920 1999 Canncfe
943 1963 1161 2000 MDCCLV
1161 1965 1236 1999 III
1243 1993 1255 2012 ‚
1274 1967 1369 2010 jus-
1434 1963 1664 2016 Rudolphus
1694 1964 1846 2002 collatis
1867 1973 2009 2015 praeter
2034 1963 2244 2002 editionem
2264 1963 2481 2016 principem

321 2034 410 2069 ques
426 2029 465 2057 et
480 2025 639 2070 compr-{s
660 2022 898 2060 MDCCLX.
922 2021 1036 2059 Toni.
1064 2021 1189 2059 XXIX
1216 2036 1255 2073 p.
1292 2027 1368 2066 240
1430 2031 1468 2060 et
1485 2022 1666 2062 Venetam
1693 2022 1897 2073 Nogarolae
1927 2022 2110 2061 omnibus
2139 2035 2227 2073 quae
2257 2022 2484 2074 prodierant

324 2091 448 2130 seqq.‚
466 2079 583 2117 altera
597 2093 769 2119 seorsum
788 2080 937 2132 prodiit
951 2081 1007 2119 sic
1020 2081 1208 2132 inscripta
1227 2095 1235 2118 z
1259 2082 1366 2118 Ocel-
1431 2080 1672 2119 editionibus
1691 2081 1824 2119 multis
1838 2081 1936 2119 locis
1956 2081 2176 2119 orationem
2197 2081 2368 2119 correxit
2386 2082 2480 2120 scri-

326 2140 382 2174 lus
403 2141 581 2185 Lucanus,
599 2141 699 2176 dela
717 2149 850 2177 nature
860 2142 907 2177 de
923 2142 1110 2187 l’um‘vers,
1129 2154 1217 2177 avec
1234 2142 1272 2176 la
1291 2149 1367 2176 tra·
1431 2147 1555 2190 ptoris
1572 2152 1686 2189 quem
1704 2138 1808 2177 haud
1828 2152 1938 2177 secus
1955 2152 1999 2177 ac
2018 2138 2212 2177 Bardilius
2230 2139 2480 2178 veterrimum

322 2198 470 2234 duction
478 2195 676 2245 fi=ancoise
695 2208 732 2235 et
744 2200 810 2235 des
825 2213 1054 2248 remarques,
1070 2213 1148 2248 par
1163 2201 1217 2236 M.
1237 2200 1373 2236 l'Abbe'
1432 2211 1515 2236 esse
1535 2198 1716 2249 opinatus
1735 2206 1793 2236 est
1811 2206 1849 2236 et
1866 2198 1982 2248 longa
2003 2197 2266 2249 disputatione
2297 2197 2484 2238 adversus

323 2257 495 2293 Batteux.
525 2255 651 2303 Paris,
673 2255 981 2295 MDCCLXVllI.
1037 2257 1192 2295 Primus
1213 2256 1260 2294 ad
1284 2270 1369 2294 cor·
1398 2240 1407 2303 l
1432 2256 1686 2295 Meinersium
1709 2256 1810 2294 tueri
1829 2256 1990 2295 studuit.
2046 2255 2123 2294 Sed
2142 2269 2214 2296 nos
2238 2255 2338 2294 nihil
2358 2258 2483 2296 omni·

324 2312 526 2363 rigendum
560 2313 774 2352 verborum
809 2323 1034 2354 contextum
1054 2315 1225 2353 excussit
1253 2315 1368 2353 Codi-
1399 2313 1405 2316 “
1431 2315 1506 2353 bus
1530 2314 1615 2366 ejus
1645 2315 1885 2366 argumentis
1911 2314 2090 2352 deterriti
2127 2314 2223 2365 quid
2262 2314 2334 2352 hac
2365 2315 2414 2354 de
2441 2328 2484 2354 re

324 2383 403 2408 cem
425 2372 512 2412 Par.
534 2373 579 2409 A.
600 2385 647 2410 ex
660 2385 784 2424 eoque
803 2382 841 2411 et
858 2374 1034 2412 lacunam
1057 2374 1269 2425 supplevit,
1286 2386 1372 2424 quae
1434 2374 1687 2424 sentiremus,
1709 2386 1828 2426 supra
1845 2373 2169 2424 significavimus.
2200 2373 2351 2412 Accidit
2367 2374 2482 2413 etiam

325 2437 434 2467 antea
447 2430 487 2467 in
502 2430 685 2469 omnibus
705 2431 944 2471 editionibus
962 2432 1102 2482 fuerat,
1128 2441 1164 2470 et
1186 2433 1259 2470 alia
1280 2446 1371 2483 pro·
1435 2434 1662 2485 Rudolpho‚
1680 2442 1723 2472 ut
1735 2434 1862 2472 fallaci
1882 2433 2047 2472 Patricii
2064 2433 2286 2472 testimonio
2302 2433 2485 2472 inductus

296 2537 299 2541 .
327 2487 414 2525 tulit
434 2501 512 2525 non
532 2490 827 2531 contemnenda.
886 2491 1259 2543 Praetereainspexit
1275 2492 1370 2532 Cod.
1434 2493 1657 2544 quindecim
1675 2493 1786 2541 loca,
1817 2506 1839 2531 e
1860 2492 2158 2544 Pseudarchytae
2188 2492 2293 2530 libro
2325 2492 2393 2543 qui
2424 2493 2484 2531 in-

326 2544 389 2592 C.,
411 2547 479 2584 sed
499 2548 616 2585 semel
639 2557 785 2587 tantum
807 2549 891 2601 ejus
911 2552 1145 2589 mentionem
1166 2551 1268 2590 fecit.
1327 2551 1372 2589 In
1434 2552 1622 2591 scribitur
1649 2551 1830 2591 καθολικοὶ
1867 2551 1965 2603 λόγοι
1992 2551 2077 2591 δέκα
2108 2561 2223 2603 atque
2255 2551 2304 2590 ab
2335 2551 2485 2591 Orellio

328 2616 405 2654 quo
431 2605 516 2642 viro
535 2605 568 2643 si
590 2606 715 2657 major
736 2608 870 2647 fuisset
890 2609 1115 2659 diligentia,
1136 2609 1234 2647 nihil
1257 2610 1371 2648 forsi-
1434 2612 1641 2664 Opusculis
1678 2619 1854 2649 veterum
1889 2610 2115 2650 Graecorum
2169 2610 2417 2649 sententiosis
2447 2619 2486 2650 et

330 2670 392 2699 tan
406 2663 572 2713 posteris
588 2664 628 2701 in
646 2665 718 2703 hoc
735 2679 874 2716 genere
891 2668 1083 2719 reliquum
1104 2668 1267 2708 fecisset.
1327 2669 1374 2706 At
1436 2670 1651 2709 moralibus
1662 2669 1831 2709 insertus
1849 2679 1928 2718 est,
1944 2670 2147 2722 depromta
2162 2678 2344 2720 tanquam
2361 2668 2484 2708 Oeelli

329 2720 396 2758 ille
414 2721 551 2759 inutile
570 2735 651 2761 esse
678 2733 782 2763 ratus
809 2739 962 2764 omnem
984 2728 1186 2779 scripturae
1206 2728 1372 2766 varieta-
1401 2746 1407 2822 Ι
1437 2730 1650 2780 fragmenta
1680 2741 1769 2780 pag.
1801 2727 1955 2777 53-57
2001 2728 2217 2768 exhiberet.
2276 2727 2358 2766 Etsi
2389 2740 2484 2766 vero

329 2779 647 2845 tem-adnotare,
686 2796 963 2835 nonnunquam
1000 2799 1045 2824 ea
1088 2786 1243 2836 omisit,
1289 2800 1374 2838 quae
1435 2789 1519 2840 ipse
1547 2788 1628 2839 jam
1663 2787 1715 2825 de.
1744 2800 1879 2825 eorum
1913 2788 2076 2826 veritate
2105 2786 2323 2837 dubitavit,
2357 2794 2484 2825 tamen

330 2850 488 2875 maximi
516 2847 606 2876 sunt
631 2844 835 2888 momenti,
857 2856 982 2894 neque
1010 2857 1098 2882 raro
1130 2845 1269 2896 spretis
1289 2858 1374 2895 quae

331 2895 461 2945 regius
485 2897 607 2934 codex
626 2900 672 2937 A.
702 2900 974 2950 suppeditabat
998 2902 1191 2941 deteriora
1218 2903 1375 2942 aliunde

330 2954 512 3005 arripuit.
568 2955 718 2993 Gallica
732 2956 816 3008 ejus
830 2958 1097 3011 interpretatio
1113 2962 1375 3012 Dargensiana

332 3014 464 3064 paullo
486 3022 543 3052 est
567 3016 800 3063 accuratior,
824 3017 1091 3058 adnotationes
1109 3020 1246 3059 breves
1265 3030 1302 3059 et
1327 3022 1373 3060 ad

333 3085 461 3110 rerum
481 3074 601 3124 magis
621 3087 735 3125 quam
759 3075 806 3113 ad
826 3076 1036 3115 verborum
1055 3080 1291 3118 intellectum
1312 3093 1372 3118 ac-

1436 2854 1597 2898 propter
1616 2853 1834 2896 suspectam
1860 2845 2023 2883 Patricii
2040 2845 2152 2883 fidem
2175 2858 2223 2883 ne
2243 2856 2483 2883 commemo-

1437 2905 1558 2943 randa
1570 2903 1730 2955 'quidem
1747 2912 1873 2944 erant.
1914 2903 2060 2942 Tribus
2076 2913 2163 2942 utar
2177 2902 2383 2954 exemplis.
2399 2902 2484 2941 Pri·

1403 2944 1408 2967 ¹
1439 2976 1543 3000 mum
1561 2971 1619 3001 est
1640 2961 1701 3000 καὶ
1725 2964 1743 3001 ὁ
1767 2961 1830 3013 μὲν
1863 2967 1995 3014 πρᾶτος
2013 2961 2115 3013 λόγος
2143 2964 2164 3008 ἡ
2190 2959 2306 3008 οὐσία,
2333 2965 2482 3013 πρᾶγμα

1439 3020 1682 3073 αὐθύπαρκτον
1705 3019 1765 3058 καὶ
1791 3019 1957 3072 ὑφεστός,
1979 3019 2027 3071 μὴ
2058 3019 2219 3071 δεόμενον
2252 3018 2369 3072 ἑτέρου
2397 3018 2485 3072 πρὸς

1440 3079 1605 3118 σύστασιν
1627 3080 1660 3117 ἐν
1679 3078 1812 3131 γενέσει
1830 3078 2011 3117 ὑπόκειται
2032 3078 2117 3117 καθὸ
2144 3077 2275 3128 γέγονε.
2331 3078 2484 3117 Secun-
2531 3128 2534 3130 v

337 3175 2479 3192 Ἢ

353 3284 361 3292 .
374 3237 418 3290 (J)
432 3238 569 3270 Thomas
581 3239 698 3271 Galeus
714 3241 861 3273 ocellum
877 3242 976 3276 edidit
996 3244 1026 3276 in
1043 3246 1203 3285 opusculis
1218 3247 1375 3287 mytholo-
1438 3250 1531 3281 ciens
1561 3248 1623 3289 qui
1649 3249 1799 3288 penvenl
1812 3248 1924 3279 servir
1937 3246 1979 3279 de
2001 3249 2092 3279 suile
2106 3248 2128 3279 ὰ
2151 3248 2186 3279 la
2203 3247 2420 3289 philosophie
2434 3247 2484 3280 du

332 3293 429 3325 gneus,
445 3285 556 3317 ethicis
569 3287 601 3318 et
615 3286 764 3326 physicis.
780 3288 991 3331 cantabrigiae
1012 3295 1084 3324 1671
1104 3293 1136 3324 et
1150 3293 1373 3326 amstelodami
1438 3295 1501 3327 bon
1521 3302 1621 3333 sens.‚·
1639 3302 1706 3334 par
1717 3295 1763 3326 M.
1780 3293 1811 3325 le
1830 3294 1987 3335 Mar-quis
2004 3294 2167 3334 d’Arqens
2179 3320 2187 3334 ,
2207 3295 2431 3328 chambellan
2442 3293 2486 3327 de

330 3340 384 3372 ap.
409 3334 506 3364 Henr.
526 3334 684 3365 Weisteu.
713 3337 803 3366 1688.
879 3371 881 3373 y
1439 3342 1473 3373 S.
1509 3342 1555 3373 Μ.
1583 3339 1615 3372 le
1643 3341 1701 3372 Boi
1729 3339 1772 3371 de
1810 3340 1956 3380 Prusse,
1985 3339 2028 3372 de
2049 3340 2253 3372 l'Academie
2273 3340 2393 3381 τομαῖα
2426 3339 2485 3372 des

376 3379 419 3419 (8)
437 3380 571 3412 ocellus
593 3382 771 3421 Lucanus,
788 3391 831 3414 en
856 3385 940 3416 Grec
959 3386 992 3416 el
1008 3393 1050 3417 en
1087 3388 1273 3426 Francois,
1295 3396 1375 3420 avec
1436 3388 1583 3418 sciences
1605 3388 1638 3418 el
1666 3385 1913 3418 belles-lettres
1947 3386 1990 3419 de
2010 3387 2150 3426 Berlin,
2176 3389 2362 3420 Dii-eccem-
2385 3386 2428 3420 de
2449 3386 2486 3419 la

333 3423 392 3456 des
410 3424 652 3459 dissertationis
667 3434 731 3458 sur
759 3429 805 3461 les
819 3432 1030 3472 principales
1057 3435 1235 3474 questions
1265 3434 1307 3466 de
1337 3435 1373 3467 la
1436 3433 1546 3465 classe
1568 3432 1611 3465 de
1639 3432 1844 3474 philoloqie,
1881 3433 2001 3465 Berlin
2051 3436 2151 3474 1762,
2178 3433 2257 3466 chez
2287 3433 2411 3467 Haude
2450 3433 2487 3466 et

334 3471 612 3515 metaphysique,
630 3472 672 3506 de
690 3473 726 3506 la
739 3475 908 3519 physique
924 3480 958 3511 el
977 3478 1067 3512 dela
1084 3481 1216 3512 morale
1233 3480 1290 3513 des
1309 3491 1372 3514 an·
1436 3482 1574 3521 Spener.
