2612 3814
0 3672 13 3814 ...κὰ-

269 241 311 272 16
1135 213 1285 254 coMM
1295 208 1550 251 ENTARIUS

263 318 430 358 δέδενται.
461 315 536 361 Qui
561 312 728 365 scriptor
749 309 890 349 caedem
914 306 1098 345 universe
1121 300 1306 350 intelligit

265 378 469 416 violentam
503 371 697 425 quandam
733 378 771 408 et
811 365 1029 420 improbam
1067 361 1304 414 cupidinem.

264 435 436 487 Namque
456 429 670 482 interjectis
697 428 849 479 aliquot
869 424 1001 463 verbis
1019 436 1102 474 quae
1128 420 1175 459 ad
1197 419 1307 459 Tita-

266 509 333 535 nes
351 494 571 533 reseruntur
597 490 655 528 sic
670 488 798 539 pergit
819 501 828 524 ι
854 484 907 524 Τὸ
928 483 996 535 γὰρ
1016 484 1051 520 ἐν
1073 481 1159 532 ἡμῖν
1183 478 1307 528 ἄλογον

265 554 325 593 καὶ
343 553 493 591 ἄτακτον
514 550 573 588 καὶ
594 548 704 603 βίαιον
719 578 730 595 ,
749 546 787 584 οὗ
807 548 895 583 θεῖον
907 573 917 593 ,
935 541 1026 580 ἀλλὰ
1044 535 1261 589 δαιμονικόν,
1277 536 1308 573 οἱ

265 611 409 653 παλαιοὶ
430 612 583 652 Τιτᾶνας
603 606 789 657 ὠνόμασαν
803 635 811 651 ,
834 603 893 641 καὶ
910 600 1010 640 τοῦτό
1027 598 1152 638 ἔστιτὸ
1168 594 1310 641 κολαζό-

267 688 367 724 μενον
387 670 446 709 ml
462 669 560 715 δίκην
580 667 685 705 διδόν.
710 664 899 703 Caeterum
923 659 1115 698 neminem
1135 663 1230 708 puto
1249 654 1308 692 fu-

268 742 395 770 turum
422 728 490 780 qui
508 725 713 765 contendat
733 719 947 761 desiderari
967 721 1067 755 inter
1084 711 1310 766 ἀμπλακίῃσι

267 799 304 829 et
325 788 416 842 φόνῳ
440 786 615 825 voculam
637 783 684 822 ad
705 780 898 831 ligandam
917 777 1131 815 orationem
1153 785 1309 812 accom-

269 848 474 887 modatam.
487 845 530 883 ld
545 844 646 882 enim
663 841 877 894 speciosius
892 850 1005 888 quam
1021 834 1154 872 verius
1166 832 1310 870 dictum

267 914 378 946 esset.
399 904 525 943 Paulo
551 903 662 940 aliter
683 898 838 951 quidem
853 926 862 944 ‚
885 895 953 934 sed
974 904 1101 932 tamen
1127 890 1311 930 similiter

272 964 473 1016 Euripides
493 962 576 1013 lph.
598 959 687 998 Aul.
708 970 767 996 vs.
791 955 964 1007 975-976
988 968 997 991 :

374 1048 464 1100 Τάχ’
484 1045 614 1085 εἴσεται
634 1044 782 1096 σίδηρος,
807 1040 844 1079 ὃν
864 1038 945 1092 πρὶν
963 1039 1011 1082 εἷς
1031 1034 1179 1089 Φρύγας

375 1109 482 1146 ἐλθεῖν
500 1104 601 1158 φόνου
618 1103 756 1150 κηλῖσιν
777 1098 902 1151 αἵματι
920 1100 1059 1151 χρανῶ,

270 1197 335 1235 ubi
354 1196 544 1234 haeserunt
560 1193 792 1243 interpretes
811 1188 939 1227 mirati
954 1185 1077 1236 αἵματι
1092 1184 1311 1236 appositum

270 1267 484 1308 praegresso
503 1252 604 1305 φόνου
619 1250 769 1297 κηλῖσιν.
789 1271 842 1278 -
861 1247 927 1286 Vs.
948 1253 985 1292 ί..
1002 1245 1135 1297 Neque
1156 1242 1303 1294 αἵμασιν

271 1315 400 1361 ²heum
436 1310 733 1350 Schneidewino
762 1307 906 1346 Philol.
933 1306 983 1343 Vl
1008 1319 1048 1357 p.
1087 1306 1158 1342 162
1190 1316 1315 1354 neque

234 1396 238 1401 -
273 1371 420 1424 αἵματος
439 1372 462 1418 ἢ
483 1384 567 1409 cum
587 1369 736 1407 Steinio
756 1367 798 1406 in
823 1365 1034 1405 verborum
1058 1363 1093 1407 ὃς
1109 1362 1169 1402 καὶ
1187 1364 1314 1401 locum

273 1439 459 1482 quaesunt
478 1429 579 1481 apud
598 1428 851 1480 Hippolytum
873 1424 1054 1464 substitui
1071 1436 1184 1475 posse
1198 1435 1317 1474 appa-

274 1500 353 1539 ret,
377 1490 443 1529 sed
462 1489 546 1527 duae
568 1487 767 1540 particulae
784 1484 898 1528 αὔτως
922 1483 944 1530 ἢ
969 1483 1235 1534 requiruntur.
1262 1482 1318 1519 De

274 1550 403 1602 primo
419 1549 561 1586 aoristo
588 1545 798 1596 ἁμαρτήσας
814 1543 925 1595 cujus
945 1556 1023 1581 non
1041 1541 1215 1580 exstabat
1234 1541 1318 1579 ido-

275 1621 388 1646 neum
421 1606 523 1658 apud
555 1606 735 1656 antiquos
766 1613 803 1641 et
833 1602 947 1641 bonae
980 1610 1080 1640 notae
1109 1601 1319 1651 scriptores

274 1665 507 1717 exemplum,
543 1663 633 1702 vide
677 1661 911 1700 Lobeckium
953 1661 1000 1698 ad
1050 1659 1318 1710 Phrynichum

276 1739 316 1776 p.
334 1725 408 1772 732
418 1724 537 1762 multa
550 1736 570 1761 e
584 1721 843 1774 posteriorum
862 1719 1018 1771 scriptis
1033 1727 1319 1769 congerentem.

281 1782 487 1835 Ἐπομόσσῃ
496 1796 569 1835 pro
583 1781 748 1832 ἐπομόσει
757 1788 857 1819 recte
868 1779 975 1817 dedit
988 1778 1319 1818 Schneidewinus.

275 1865 329 1873 —
345 1843 408 1882 Vs.
429 1842 466 1880 5.
489 1841 605 1892 Apud
625 1840 875 1878 Plutarchum
902 1841 1020 1889 vulgo
1043 1837 1231 1877 scribitur
1249 1838 1322 1876 δαί-

279 1918 378 1954 μονες
397 1901 467 1941 οἵτε
485 1902 703 1952 μακραίωνες
722 1899 913 1952 λελόγχασι
935 1898 1036 1952 βίοιο,
1054 1897 1157 1950 apud
1177 1897 1323 1949 Hippo-

279 1963 400 2013 lytum
415 1990 425 2008 ‚
446 1969 490 1999 ut
508 1961 699 2007 vidimus,
721 1957 895 2009 δαιμόνιοί
916 1974 952 1996 τε
979 1956 1202 2011 μακραίωνος
1217 1956 1322 1995 λελά-

279 2034 366 2071 χασι
387 2018 488 2072 βίοιο.
511 2019 676 2056 Pluralis
693 2015 763 2056 οἵτε
783 2026 872 2070 post
886 2033 936 2060 τις
950 2017 991 2055 in
1012 2015 1205 2068 ejusmodi
1227 2025 1325 2055 stru-

281 2088 389 2118 ctura
419 2078 517 2117 nihil
545 2077 661 2116 habet
691 2077 862 2116 insolens
876 2107 886 2126 ‚
907 2076 1024 2115 modo
1056 2089 1129 2128 pro
1162 2075 1323 2127 δαίμονες

282 2137 384 2188 quod
420 2150 556 2189 parum
595 2145 698 2174 recte
733 2135 907 2174 defendit
949 2133 1193 2182 Karstenius,
1237 2149 1324 2174 cum

283 2195 437 2234 Sturzio
457 2204 493 2234 et
504 2196 668 2245 Bergkio
681 2195 722 2233 in
737 2194 952 2233 Comment.
967 2194 1014 2232 de
1027 2194 1139 2246 Emp.
1155 2208 1324 2246 prooem.

282 2269 322 2306 p.
346 2256 393 2293 33
417 2263 584 2307 ponatur
606 2253 760 2305 δαίμων.
782 2253 923 2292 Confer
943 2253 1099 2292 Homer.
1126 2252 1263 2304 hymn.
1285 2254 1328 2291 in

281 2313 376 2354 Ven.
408 2314 483 2352 285
508 2312 636 2367 φάσθαι
666 2327 717 2352 τοι
737 2310 1159 2366 νύμφης-Καλυκώπιδος
1186 2309 1328 2364 ἔκγονον

286 2364 387 2422 εἶναι,
423 2370 460 2409 αἳ
487 2371 565 2409 τόδε
588 2370 804 2410 ναιετάουσιν
832 2369 926 2424 ὅρος.
959 2368 1163 2420 Reliquam
1194 2382 1330 2408 versus

286 2438 432 2480 partem
449 2443 535 2468 cum
557 2429 762 2469 Karstenio
781 2429 835 2467 ita
856 2428 1063 2477 constitui,
1084 2436 1128 2467 ut
1149 2436 1328 2480 transpo-

287 2489 370 2527 sitis
385 2488 536 2527 duobus
552 2488 754 2527 vocabulis
764 2496 801 2526 et
818 2487 1037 2540 μακραίωνες
1051 2487 1092 2525 in
1111 2486 1332 2540 μακραίωνος

294 2547 400 2597 quod
425 2560 529 2585 nunc
562 2548 675 2585 etiam
711 2547 914 2598 Hippolyti
947 2547 1172 2585 auctoritate
1196 2547 1336 2585 nititur

293 2615 437 2644 mutato
456 2619 653 2644 exararem
677 2603 749 2643 οῗτε
774 2605 861 2657 βίοιο
883 2605 1074 2659 λελόγχασι
1094 2606 1332 2658 μακραίωνος.

294 2663 390 2702 Nam
422 2665 571 2703 nullum
604 2673 798 2702 auctorem
828 2664 944 2702 habet
969 2665 1073 2716 quod
1093 2665 1265 2715 Scaliger
1294 2665 1336 2703 in

298 2723 432 2762 codice
459 2723 794 2773 Lugdunobatavo
825 2723 1041 2775 suspicatus
1066 2732 1123 2763 est
1143 2725 1335 2776 λελόχασι,

295 2794 421 2832 neque
437 2781 559 2831 magis
573 2794 738 2831 graecum
758 2781 855 2819 illud
873 2781 1046 2834 λελάχασι
1060 2790 1116 2820 est
1130 2783 1233 2833 quod
1252 2792 1339 2821 ante

296 2840 497 2879 inventum
517 2839 768 2891 Hippolytum
782 2839 830 2878 ab
844 2840 1063 2878 Hoeschelio
1075 2840 1121 2878 ad
1133 2841 1338 2891 Origenem

299 2899 543 2951 propositum
577 2898 751 2937 Sturzius
779 2900 938 2951 recepit.
969 2899 1083 2938 Recte
1117 2901 1221 2939 enim
1254 2903 1341 2940 ani-

300 2958 507 2998 madvertit
532 2957 756 2996 Karstenius
779 2957 917 3010 λέλαχα
935 2957 1002 3010 (ex
1025 2958 1151 3011 εἴληχα
1170 2960 1307 2998 sactum
1327 2962 1339 3012 )

301 3016 517 3056 necessario
527 3016 779 3067 penultimam
796 3015 938 3055 habere
957 3017 1110 3067 longam
1126 3018 1342 3057 diversum-

303 3088 378 3127 que
398 3087 481 3112 esse
507 3074 555 3112 ab
571 3075 692 3126 epicis
714 3074 846 3112 formis
864 3077 1042 3128 λελαχεῖν,
1060 3076 1235 3128 λελάχητε
1249 3108 1260 3126 ,
1282 3080 1343 3117 λε-

303 3133 463 3185 λάχωσι,
479 3147 499 3169 α
519 3132 648 3171 brevi.
671 3133 717 3170 ln
737 3132 927 3186 λελόγχασι
943 3147 1038 3172 vero
1058 3135 1188 3173 eadem
1207 3138 1344 3188 penul-

307 3192 407 3230 timae
425 3191 619 3242 correptio
651 3191 824 3230 cernitur
841 3206 927 3243 quae
953 3201 990 3232 et
1018 3192 1113 3232 alibi
1134 3195 1236 3246 apud
1256 3196 1346 3233 Em-

306 3249 504 3304 pedoclem
522 3259 579 3288 est
591 3279 602 3298 ,
620 3250 726 3288 velut
745 3264 802 3290 VS.
830 3252 919 3303 369.

388 3301 480 3348 ἲὨδε
491 3307 553 3359 μὲν
565 3302 622 3347 oliv
638 3312 757 3356 πνοιῆς
766 3325 804 3348 τε
813 3308 1001 3364 λελόγχασι
1015 3310 1128 3350 πάντα
1141 3312 1200 3351 καὶ
1214 3314 1346 3364 ὀσμῶν.

309 3368 405 3415 Quis
425 3377 611 3421 praeterea
629 3369 758 3408 credat
774 3369 1043 3421 Empedoclem
1067 3372 1171 3410 nulla
1186 3374 1350 3412 necessi-

312 3436 387 3466 tate
408 3426 606 3466 subactum
625 3430 739 3467 semel
757 3428 901 3468 dixisse
915 3428 1072 3482 λέλαχα,
1098 3431 1235 3470 ceteris
1252 3431 1349 3471 locis

1370 298 1538 347 λέλογχα.
1560 293 1618 331 Cf.
1639 305 1700 331 vs.
1735 291 1807 328 183
1829 295 1926 341 γυῖα,
1954 287 1999 327 τὰ
2022 290 2127 340 σῶμα
2148 288 2311 340 λέλογχε,
2346 288 2422 341 βίου

1368 355 1569 395 θαλέθουσιν
1596 353 1636 390 ἐκ
1654 352 1767 403 ἀκμῇ.
1787 349 1921 401 Neque
1936 361 2009 387 nos
2025 357 2156 387 movet
2171 348 2424 401 Empedocle-

1369 428 1478 453 arum
1508 409 1752 465 quarundam
1785 422 1950 456 vocum,
1985 417 2029 447 ut
2057 409 2235 455 ἀλαῶπις,
2264 407 2425 460 ἱλάειρα,

1369 471 1631 525 ἀνδρόπρωρος,
1657 476 1911 507 conservator
1936 466 2155 519 Hesychius
2180 467 2284 519 apud
2308 479 2423 518 quem

1368 534 1508 583 legitur
1522 530 1719 583 λελάχασι,
1740 528 1943 580 τετεύχασι.
1961 527 2154 566 Incertum
2175 525 2278 564 enim
2291 553 2303 574 ‚
2322 525 2427 564 unde

1370 593 1550 630 haustum
1571 591 1622 629 sit
1642 589 1716 627 hoc
1735 587 1989 626 vocabulum.
2012 586 2191 637 Denique
2211 584 2427 637 rejicienda

1370 653 1515 693 Milleri
1538 651 1763 703 conjectura
1789 651 1857 701 qui
1877 662 1949 701 pro
1971 647 2147 700 λελάχασι
2167 647 2288 687 scribi
2307 646 2428 699 jussit
2458 655 2460 659 ’

1370 715 1563 768 λελάχωσι.
1580 712 1734 752 Etenim
1754 710 2009 762 conjunctivo
2030 710 2131 749 nihil
2153 709 2233 748 loci
2261 718 2345 759 est;
2367 708 2429 748 λέ-

1370 777 1479 828 λαχον
1514 783 1640 813 autem
1681 772 1723 811 in
1751 770 2003 821 antiquorum
2035 778 2241 821 poetarum
2271 769 2430 823 scriptis

1372 836 1474 874 valet
1500 837 1728 886 participem
1759 831 1923 876 redditi&
1950 833 2202 879 partic-Ipnoi,
2232 829 2338 880 apud
2370 841 2429 869 re·

1374 895 1568 933 centiores
1590 890 1786 931 interdum
1804 902 1884 927 non
1906 887 2038 927 differt
2057 887 2107 926 ab
2129 887 2270 940 ἔλαχον,
2291 896 2336 927 ut
2355 889 2430 928 An·

1381 954 1475 993 thol.
1500 953 1584 992 Pal.
1604 950 1691 996 VII,
1715 951 1787 995 341
1812 947 1979 991 θανόντας
2011 946 2144 998 τόμὸος
2169 945 2235 992 ἕεις
2266 946 2428 1001 λελάχοι.

1372 1012 1486 1059 Quod
1506 1010 1696 1060 Bergkius
1713 1015 1847 1060 postea
1864 1006 2035 1058 conjecit
2048 1005 2119 1045 οἵτε
2135 1005 2224 1060 βίοιο
2236 1006 2432 1060 λελόγχασι

1375 1070 1565 1118 δηθαίωνος
1576 1099 1585 1116 ,
1601 1069 1694 1120 quia
1714 1066 1970 1119 Empedocles
1982 1081 2004 1103 α
2021 1065 2063 1105 in
2080 1065 2216 1118 μακρὸς
2233 1066 2434 1118 corripere

1374 1130 1517 1176 soleat,
1541 1128 1703 1165 minime
1723 1126 1986 1165 necessarium
2010 1135 2082 1165 est.
2105 1126 2263 1178 Quippe
2286 1134 2434 1166 utram-

1375 1203 1451 1242 que
1472 1201 1693 1227 mensuram
1712 1186 1890 1239 agnoscit
1909 1185 2180 1238 Empedocles.
2200 1186 2258 1225 Cf.
2272 1200 2329 1226 vs.
2355 1187 2429 1225 281

1375 1258 1414 1287 et
1441 1249 1533 1287 286.
1570 1248 1653 1285 Huc
1673 1245 1823 1285 accedit
1848 1246 1954 1297 quod
1979 1245 2087 1284 solus
2119 1245 2336 1297 Hesychius
2361 1245 2437 1285 hoc

1377 1321 1519 1346 nomen
1540 1307 1583 1346 in
1615 1307 1742 1345 lexico
1762 1306 1928 1344 notavit.
1952 1305 2018 1344 Est
2043 1305 2147 1343 enim
2182 1304 2287 1357 apud
2307 1318 2396 1344 eum
2424 1320 2432 1342 :

1378 1367 1596 1415 δηθαίωνας,
1616 1365 1863 1418 μακραίωνας,
1883 1363 2120 1419 μακροὸίους,
2138 1365 2242 1403 unde
2262 1365 2353 1416 quis
2370 1378 2435 1404 ve-

1378 1436 1503 1465 terum
1530 1428 1585 1465 ita
1605 1426 1753 1464 dixerit
1772 1439 1851 1463 non
1872 1434 2037 1465 constat.
2069 1428 2213 1463 Praeter
2249 1424 2435 1478 μακραίων

1378 1501 1473 1525 vero
1491 1488 1624 1526 eadem
1642 1486 1804 1524 notione
1822 1485 1927 1536 apud
1943 1484 2219 1537 Empedoclem
2237 1484 2441 1524 invenitur

1380 1545 1585 1598 δολιχαίων,
1602 1553 1646 1583 ut
1658 1558 1716 1583 vs.
1737 1545 1781 1582 13
1793 1559 1806 1582 1
1832 1543 1893 1583 καί
1906 1559 1946 1583 τε
1963 1545 2031 1582 θεοὶ
2051 1543 2299 1596 δολιχαίωνες,
2313 1545 2440 1595 τιμῇσι

1381 1605 1548 1658 φέριστοι.
1568 1604 1779 1655 Utcunque
1800 1617 1839 1643 se
1860 1617 1923 1642 res
1942 1603 2079 1651 habet,
2099 1604 2141 1641 in
2167 1616 2284 1642 versu
2323 1615 2438 1655 quem

1381 1665 1632 1715 vulgavimus
1657 1662 1794 1714 δαίμων
1813 1660 1884 1703 οἵτε
1905 1662 1993 1715 βίοιο
2005 1661 2200 1713 λελόγχασι
2216 1661 2442 1714 μακραίωνος

1383 1725 1482 1763 nihil
1504 1733 1562 1762 est
1594 1722 1703 1775 quod
1739 1735 1976 1774 magnopere
2011 1721 2199 1762 offendat.
2221 1720 2442 1773 Caeteroqui

1382 1784 1592 1823 Plutarcho
1607 1790 1702 1821 teste.
1716 1782 1764 1820 de
1777 1782 1892 1821 Orac.
1905 1780 1981 1820 def.
1998 1794 2038 1832 p.
2054 1786 2130 1826 420
2145 1780 2442 1833 Empedocleam

1384 1843 1613 1882 sententiam
1636 1841 1820 1894 Epicurei
1841 1840 2110 1891 exagitarunt,
2136 1839 2310 1879 dicentes
2335 1841 2384 1884 ὡς
2405 1842 2444 1878 οὗ

1385 1902 1531 1942 δυνατόν
1570 1904 1645 1941 ἐστι
1676 1899 1889 1951 (δαίμονας)
1914 1899 2069 1950 φαύλους
2094 1898 2157 1938 καὶ
2178 1898 2446 1951 ἁμαρτητικοὺς

1385 1960 1487 2005 ὄντας
1506 1960 1700 2014 μακαρίους
1720 1959 1781 1997 καὶ
1802 1957 2033 2012 μακραίωνας
2048 1951 2153 1999 εἶναι.
2171 1958 2253 1999 Vss.
2265 1958 2444 2008 6-7.0ri-

1386 2034 1502 2070 genes
1525 2020 1554 2059 l.
1577 2034 1611 2058 c.
1647 2016 1768 2065 ἐπειδὴ
1794 2018 1828 2056 δὲ
1862 2017 2023 2069 σώματι,
2052 2017 2204 2069 inquit,
2228 2015 2445 2060 συνδεθέντες

1389 2080 1564 2132 ἅνθρωποι
1581 2078 1786 2130 γεγόνασιν,
1805 2076 1874 2116 εἴτε
1890 2076 2089 2128 οἰκονομίας
2109 2079 2177 2115 τῶν
2192 2075 2283 2116 ὅλων
2304 2075 2421 2116 ἕνεκεν
2434 2107 2443 2124 ,

1388 2138 1456 2178 εἴτε
1475 2138 1597 2183 ποινὰς
1624 2136 1799 2190 ἁμαρτίας
1815 2135 2078 2184 ἀποτιννύντες,
2096 2129 2158 2175 εἷθ’
2183 2135 2252 2175 ὑπὸ
2271 2135 2446 2187 παθημά-

1388 2214 1457 2236 των
1478 2200 1580 2237 τινῶν
1595 2201 1658 2245 τ’ἧς
1673 2198 1790 2251 ψυχῆς
1806 2196 2056 2250 βαρυνθείσης,
2073 2193 2197 2249 μέχρις
2214 2194 2256 2235 ἂν
2277 2195 2448 2248 τεταγμέ-

1389 2273 1465 2302 ναις
1484 2256 1659 2311 περιόδοις
1685 2259 1906 2310 ἑκκαθαρθῇ·
1926 2257 1980 2295 δεῖ
2001 2254 2070 2308 γὰρ
2094 2254 2188 2294 κατὰ
2213 2255 2272 2295 τὸν
2299 2255 2448 2307 Ἐμπε-

1390 2317 1517 2357 δοκλεά

1443 2397 1517 2451 τρὶς
1541 2396 1604 2449 μὲν
1627 2396 1754 2450 μυρίας
1771 2396 1865 2450 ὥρας
1885 2395 1954 2435 ἀπὸ
1991 2396 2162 2449 μακάρων
2193 2397 2395 2444 ἆλαλῆσθαι

2029 2456 2129 2509 (leg.
2155 2455 2395 2509 ἀλάλησθαι),

1444 2516 1630 2568 γινομένην
1651 2515 1821 2555 παντοίαν
1843 2514 1901 2554 διὰ
1920 2515 2044 2568 χρόνον
2064 2514 2160 2554 ἰδέαν
2182 2517 2331 2563 θνητῶν.

1393 2603 1716 2657 wyttenbachius
1737 2603 1784 2641 ad
1800 2602 2053 2642 Plutarchum
2084 2602 2132 2640 de
2152 2601 2235 2641 Ser.
2258 2600 2308 2640 N.
2332 2599 2449 2639 Vind.

1394 2679 1435 2718 p.
1462 2666 1533 2703 113
1556 2673 1594 2703 et
1631 2663 1765 2702 Astius
1797 2663 1839 2701 in
1867 2663 1968 2704 Plat.
1989 2662 2142 2702 Phaedr.
2167 2676 2209 2714 p.
2233 2662 2310 2711 309
2331 2661 2451 2700 verba

1395 2726 1478 2764 haec
1494 2725 1656 2763 citantes
1667 2737 1872 2775 perperam
1887 2725 2089 2762 ἀλαλᾶσθαι
2103 2731 2140 2760 et
2153 2720 2343 2773 γενομένην
2361 2723 2455 2760 scri-

1395 2783 1510 2822 bunt.
1533 2783 1797 2821 Posteriorem
1815 2795 1973 2821 versum
1993 2784 2047 2820 ita
2067 2783 2273 2820 restituere
2291 2783 2452 2820 tentavit

1398 2841 1574 2887 Sturzius
1593 2842 1653 2892 (v.
1675 2842 1746 2879 163
1762 2841 1773 2888 )
1790 2870 1800 2888 ‚
1814 2850 1857 2879 ut
1874 2840 1966 2878 εἴδεα
1984 2843 2052 2878 τῶν
2075 2843 2209 2887 θνητῶν
2226 2843 2378 2878 παντοῖα
2397 2839 2454 2878 διὰ

1399 2918 1525 2956 χρυνον
1546 2902 1630 2942 ὄντα
1661 2902 1710 2942 ab
1737 2903 1973 2955 Empedocle
1993 2911 2192 2941 exaratum
2222 2906 2304 2940 esse
2322 2904 2453 2943 vellet.

1399 2964 1486 3001 Non
1507 2963 1630 3001 multo
1652 2963 1792 3001 melior
1809 2971 1867 3001 est
1894 2962 2092 3003 Karstenii
2115 2962 2236 3009 ratio,
2255 2961 2323 3013 qui
2346 2976 2456 3013 γεινο-

1402 3039 1505 3071 μενον
1525 3028 1676 3062 παντοῖα
1694 3023 1751 3060 διὰ
1769 3022 1866 3076 χρεὼ
1887 3022 1979 3060 εἴδεα
2001 3025 2134 3069 θνητῶν
2156 3021 2354 3074 reposuit,
2382 3021 2456 3059 hoc

1405 3096 1520 3121 sensu
1541 3097 1550 3121 t
1578 3081 1674 3135 χρεώ
1695 3097 1755 3134 μιν
1773 3081 1972 3135 γεινόμενον
2006 3082 2206 3129 ἀλάλησθαι
2229 3081 2287 3119 διὰ
2307 3080 2456 3120 παντοῖα

1404 3141 1499 3180 εἴδεα
1531 3144 1680 3189 θνητῶν.
1717 3142 1768 3180 At
1798 3155 1845 3180 eo
1884 3142 2002 3180 modo
2035 3141 2214 3180 turbatur
2239 3148 2455 3187 structura,

1405 3201 1553 3253 quippe
1573 3214 1693 3252 quum
1713 3201 1882 3250 accidat,
1903 3210 1946 3239 ut
1965 3200 2187 3239 infinitivus
2214 3200 2412 3247 ἀλάλησθαι
2437 3211 2461 3237 e

1406 3260 1533 3310 primo
1554 3273 1673 3298 versu
1704 3258 1798 3298 ἔστιν
1825 3258 1979 3310 ἀνάγκης
1997 3261 2145 3311 χρῆμα,
2177 3260 2264 3296 θεῶν
2293 3257 2459 3310 ψήφισμα

1407 3317 1557 3357 παλαιόν
1572 3327 1684 3369 aptus
1695 3317 1743 3356 ad
1758 3319 1960 3368 sequentia
1975 3319 2089 3355 etiam
2103 3317 2308 3369 pertineat.
2326 3316 2460 3353 Potior

1410 3385 1466 3415 est
1485 3377 1606 3415 altera
1630 3376 1805 3428 ejusdem
1840 3377 1918 3415 viri
1952 3377 2058 3415 docti
2081 3376 2256 3428 suspicio
2277 3374 2333 3413 διὰ
2360 3374 2462 3427 χρέος

1408 3434 1485 3485 legi
1507 3449 1621 3487 posse
1644 3436 1887 3474 affirmantis.
1919 3435 2019 3474 Tum
2043 3435 2164 3486 igitur
2190 3448 2326 3474 sensus
2353 3435 2428 3472 erit
2449 3447 2457 3472 ε
