2612 3814
1012 347 1066 386 IN
1095 346 1316 387 AUREUM
1345 345 1572 386 CARMEN.

211 437 271 478 καὶ
295 437 440 488 ἄγαλμα
459 439 548 475 θεῖον
575 434 766 474 τεκταίνων
793 435 859 484 τὴν
883 437 1009 474 ἑαυτοῦ
1031 434 1170 488 ψυχήν,
1191 434 1252 474 καὶ

210 496 292 536 ναὸν
311 498 360 542 εἷς
373 493 549 548 ὑποδοχὴν
567 497 627 532 τοῦ
647 493 740 532 θείου
773 493 886 547 φωτὸς
914 492 972 532 τὸν
992 495 1117 532 ἑαυτοῦ
1144 509 1254 532 κατα-

211 555 388 601 σκευάζων
410 557 504 594 νοῦν.
561 552 608 593 Τί
629 551 696 606 γὰρ
716 556 869 592 τοιοῦτον
893 552 1077 606 προσάξεις
1098 553 1167 591 ἀπὸ
1185 555 1253 592 τῶν

210 615 244 653 ἐν
267 615 364 666 μέσῳ
385 611 554 662 κειμένων
571 613 677 660 ὓλῶν,
699 610 718 650 ὃ
748 614 798 663 τῷ
825 614 891 664 θεῷ
913 611 1084 665 προσφυὲς
1109 612 1254 664 ἄγαλμα

210 673 340 725 ἐργάσῃ
358 670 382 718 ἢ
402 672 510 724 δῶρον
531 673 691 709 ἑνοῧσθαι
721 672 816 723 αὐτῷ
850 671 1063 721 δυνάμενον;
1083 670 1105 708 ἃ
1135 669 1177 718 δὴ
1196 670 1261 709 ἐπὶ·

208 733 270 779 τῆς
291 732 432 783 λογικῆς
457 729 574 775 οὐσίας
602 728 835 781 καθαρθείσης
861 728 1068 779 συμὸαίνειν
1100 729 1252 800 ἀνάγκη.

209 788 273 832 εΩς
291 788 360 841 γὰρ
376 789 407 826 οἱ
430 788 526 826 αὐτοὶ
542 786 663 839 ἄνδρες
691 786 798 840 φασί,
828 789 947 847 ψυχῆς
963 790 1119 839 καθαρᾶς
1147 785 1253 825 τόπον

210 846 417 899 οἰκειότερον
441 845 499 884 ἐπὶ
517 849 582 897 γῆς
600 845 674 890 θεὸς
704 848 766 885 οὐκ.
798 843 883 897 ἔχει·
910 848 959 889 οῖς
986 860 1047 884 και
1073 847 1091 883 ὃ
1121 844 1255 889 Πύθιος

208 905 439 958 συμφέρεται,
459 903 585 956 λέγων·

292 982 452 1015 εὐσεὸέσιν
472 981 505 1013 δὲ
525 982 645 1023 βροτοῖς
661 979 796 1021 γάνυμαι
819 979 927 1020 τόσον,
943 979 1040 1012 ὅσσον
1062 979 1206 1020 ὀλύμπῳ.

207 1048 367 1096 Εὗσεὸὴς
381 1049 445 1088 δὲὸ
457 1048 520 1096 τὴν
531 1047 626 1087 θείαν
644 1046 841 1099 ἐπιστήμην
862 1045 952 1098 ἔχων
965 1045 1025 1085 καὶ
1041 1044 1105 1093 τὴν
1126 1048 1252 1084 ἑαυτοῦ

207 1108 385 1147 τελείωσιν
407 1110 455 1152 ὣς
482 1106 588 1158 τιμὴν
608 1105 753 1158 ἀρίστην
773 1105 962 1158 προσάγων
981 1109 1053 1149 τοῖς
1073 1108 1141 1143 τῶν
1163 1106 1251 1157 ἀγα-

205 1170 274 1206 θῶν
290 1166 423 1214 αἰτίοις,
437 1169 480 1219 τῇ
502 1166 635 1217 σπουδῇ
655 1167 716 1211 τῆς
728 1164 884 1212 κτήσεως
895 1164 981 1216 πρὸς
996 1163 1074 1208 τοὺς
1090 1169 1254 1217 χορηγεῖν

209 1225 407 1278 πεφυκότας
446 1222 736 1278 ἐπιστρεφόμενος
749 1252 759 1271 ,
803 1222 861 1269 καὶ
903 1225 953 1275 τῷ
987 1222 1182 1272 λαμὸάνειν
1213 1222 1256 1260 τὰ

207 1284 321 1336 ἀγαθὰ
341 1284 507 1322 δύνασθαι
533 1284 644 1333 τιμῶν
666 1281 745 1326 τοὺς
773 1280 828 1320 ἀεὶ
844 1281 1000 1325 διδόντας
1026 1281 1131 1320 οὖτά.
1208 1280 1254 1319 ‘0

205 1341 243 1381 δὲ
270 1342 384 1385 ἄλλως
402 1347 508 1392 τιμᾶν
537 1339 577 1378 τὸ
604 1343 692 1378 θεῖον
720 1338 1015 1393 προαιρούμενος,
1044 1339 1104 1378 καὶ
1133 1339 1182 1390 μὴ
1210 1341 1253 1378 δι’

205 1403 343 1448 ἑαυτου,
361 1399 609 1466 παρανάλωμα
626 1401 688 1446 τῆς
701 1397 824 1444 ἔξωθεν
838 1397 1001 1466 εὐπορίας
1017 1399 1167 1437 ποιεῖται
1186 1398 1248 1445 τὴν

204 1454 337 1505 τιμήν,
359 1454 420 1492 οὐκ
440 1455 569 1491 οἷκειαν
590 1451 716 1504 ἀρετὴν
746 1451 972 1504 προσφέρων,
991 1451 1120 1490 ἀλλα’
1102 1451 1171 1490 απὸ
1188 1467 1255 1490 των

205 1513 302 1556 ἐκτὸς
319 1514 412 1552 αὖτω
434 1511 694 1565 ἀφοσιούμενος.
764 1510 892 1549 Ταῦτα
912 1510 947 1549 δὲ
977 1510 1054 1548 οὐδὲ
1075 1510 1254 1549 σπουδαίω

205 1572 304 1624 ἀνδρὶ
321 1572 516 1624 λαμὸάνειν
533 1570 599 1619 ἡδὺ
621 1571 670 1622 μὴ
700 1570 791 1620 μετὰ
810 1573 873 1618 τῆς
893 1570 1038 1621 ἀρίστης
1070 1569 1256 1619 διαθέσεως

205 1633 382 1683 διδόμενα.
437 1633 602 1671 Τοιοῦτον
618 1630 655 1668 δὲ
672 1629 732 1668 καὶ
753 1630 793 1669 τὸ
811 1633 870 1667 τοῦ
891 1629 1021 1669 Πυθίου
1039 1629 1145 1668 πάλιν
1167 1629 1257 1668 ἀπό-

206 1695 358 1744 φθεγμα.
416 1689 515 1741 Πρὸς
532 1688 599 1742 γὰρ
614 1689 671 1727 τὸν
692 1687 890 1738 ἑκατόμὸας
915 1687 1069 1726 θύσαντα
1097 1687 1147 1737 μὴ
1180 1688 1256 1738 μετ’

206 1748 370 1794 εὐσεὸοῧς
382 1747 545 1800 γνώμης,
572 1748 633 1786 καὶ
653 1747 910 1797 πυνθανόμενον
942 1748 1018 1791 πῶς
1038 1745 1091 1795 εἴη
1108 1747 1255 1798 προσδε-

206 1806 372 1860 δεγμένος
388 1807 434 1845 τὰ
449 1809 532 1859 παρ’
552 1807 658 1845 αὐτοῦ
679 1806 774 1858 δῶρα
791 1804 1013 1857 ἀπεκρίνατο·

290 1886 368 1919 ἀλλά
386 1897 438 1928 μοι
461 1886 552 1919 εὔαδε
573 1885 699 1928 χόνδρος
717 1885 894 1926 ἀγακλυτοῦ
912 1885 1107 1926 Ἑρμιονῆος,

206 2041 336 2076 vinum
361 2039 489 2075 lumen
513 2038 792 2087 suscipiendum
805 2044 1008 2087 praeparat.
1035 2037 1137 2084 Quid
1156 2037 1255 2073 enim

206 2099 281 2136 tale
312 2098 360 2135 de
375 2098 542 2134 materiis
561 2098 601 2133 in
619 2097 748 2133 medio
764 2097 898 2145 positis
925 2096 1138 2143 adhibebis,
1154 2095 1256 2132 unde

206 2159 289 2195 Deo
314 2157 541 2193 conveniens
576 2156 819 2192 simulacrum
854 2155 967 2191 facias
996 2162 1062 2191 aut
1088 2154 1255 2201 donum,

208 2217 314 2266 quod
332 2229 420 2253 cum
435 2228 481 2253 eo
503 2215 677 2265 copulari
701 2221 837 2263 queat?
857 2217 1008 2263 Quippe
1027 2215 1106 2251 haec
1131 2215 1169 2250 in
1197 2227 1256 2251 ra-

206 2276 340 2312 tionali
356 2282 488 2311 natura
507 2281 604 2311 casta
627 2281 664 2311 et
684 2282 848 2324 purgata
868 2275 1089 2323 contingere
1114 2286 1259 2314 necesse

208 2340 276 2370 est.
297 2335 411 2380 Nam,
423 2341 467 2370 ut
481 2333 598 2369 iidem
617 2334 688 2369 viri
712 2332 864 2380 dicunt,
884 2346 955 2369 non
974 2333 1089 2369 habet
1107 2334 1204 2368 Deus
1221 2336 1257 2367 in

210 2395 321 2429 terris
337 2393 457 2428 Iocum
478 2405 575 2440 puro
591 2395 718 2428 αηὶηιο
732 2392 806 2427 sibi
821 2395 1004 2440 aptiorem
1024 2402 1038 2427 :
1058 2391 1197 2438 quibus
1223 2397 1259 2426 et

210 2453 290 2500 ipse
307 2449 468 2499 Pythius
488 2451 712 2499 astipulatur
731 2450 861 2486 dicens
882 2462 891 2488 :

294 2544 360 2576 Piis
378 2552 454 2576 vero
476 2542 663 2575 hominibus
685 2545 811 2574 tantum
829 2540 966 2582 gaudeo,
980 2542 1139 2581 quantum
1165 2540 1257 2572 coelo.

211 2630 298 2665 Pius
325 2634 450 2664 autem
471 2627 501 2662 is
520 2632 592 2671 est,
615 2625 682 2673 qui
718 2625 849 2661 divina
884 2625 1041 2660 scientia
1077 2623 1259 2673 praeditus

210 2699 316 2724 suam
335 2686 632 2735 perfectionem,
654 2690 833 2731 tanquam
863 2682 1050 2718 honorem
1072 2689 1258 2730 praestan-

211 2746 412 2790 tissimum,
432 2744 622 2780 bonorum
643 2742 861 2778 auctoribus
880 2741 1011 2787 offert,
1028 2747 1066 2777 ct
1093 2740 1156 2776 illa
1182 2740 1257 2776 adi-

209 2803 382 2854 piscendi
401 2802 528 2839 studio
548 2801 597 2838 ad
629 2813 693 2837 eos
722 2801 789 2848 qui
814 2799 1056 2848 suppeditare
1088 2806 1255 2847 queunt,

210 2875 248 2900 se
267 2863 455 2899 convertit
468 2891 478 2906 ,
504 2868 618 2908 atque
633 2871 671 2895 se
690 2859 815 2907 ipsum
840 2857 891 2894 ad
909 2858 1010 2893 bona
1038 2856 1257 2904 accipienda

210 2922 392 2958 idoneum
411 2918 610 2956 reddendo
632 2930 697 2954 eos
713 2918 881 2954 honorat
900 2917 967 2964 qui
986 2916 1051 2951 illa
1068 2922 1256 2964 perpetuo

210 2980 434 3029 largiuntur.
469 2975 650 3026 Quisquis
678 2982 804 3012 autem
833 2973 1019 3011 honorem
1039 2975 1121 3010 Deo
1150 2974 1257 3010 aliter

211 3038 386 3075 exhibere
403 3037 486 3074 vult
504 3047 618 3084 quam
638 3047 709 3084 per
728 3047 767 3071 se
786 3035 909 3083 ipsum
922 3060 933 3079 ,
957 3033 986 3068 is
1006 3033 1045 3068 in
1063 3032 1255 3068 bonorum

211 3105 455 3134 externorum
485 3102 612 3132 sumtu
630 3095 818 3130 honorem
837 3095 971 3142 ponit,
993 3104 1072 3127 non
1092 3103 1197 3127 suam
1222 3091 1256 3126 ei

211 3158 388 3193 virtutem
409 3155 571 3192 offerens
582 3181 592 3200 ,
611 3154 676 3191 sed
696 3166 741 3189 ex
760 3154 803 3189 iis
820 3165 903 3202 quae
918 3159 1021 3188 extra
1034 3158 1120 3187 sunt
1133 3152 1256 3199 aliqua

213 3215 340 3252 dicans
359 3225 676 3262 consecransque.
697 3213 786 3249 Haec
806 3224 898 3248 vero
918 3210 1091 3258 accipere
1109 3221 1156 3245 ne
1171 3210 1254 3245 viro

212 3273 368 3322 quidem
396 3273 523 3321 probo
556 3271 771 3319 jucundum
815 3277 889 3315 est,
921 3269 992 3304 nisi
1023 3280 1044 3303 a
1080 3267 1256 3303 donantis

212 3333 340 3369 animo
373 3332 516 3380 optime
544 3331 680 3367 affecto
722 3328 1026 3378 proficiscantur.
1061 3326 1255 3373 Ejusmodi

212 3399 338 3428 autem
362 3397 418 3427 est
435 3397 472 3426 et
501 3390 662 3426 alterum
685 3389 870 3438 Apollinis
900 3387 1069 3424 effatum.
1090 3386 1134 3420 Ei
1154 3386 1252 3420 enim

212 3451 279 3498 qui
305 3450 433 3485 animo
457 3448 560 3484 haud
592 3450 658 3497 pio
686 3445 929 3483 hecatombas
963 3442 1255 3490 sacrificaverat,

176 3502 180 3506 ’
213 3509 420 3558 quaerenti,
448 3521 561 3557 quam
578 3514 733 3556 accepta
748 3507 804 3542 illi
820 3517 887 3542 sua
908 3510 1030 3540 essent
1047 3502 1161 3546 dona,
1191 3513 1250 3537 re-

209 3568 365 3616 spondit
386 3579 395 3604 z

2286 356 2359 390 421

1315 434 1355 473 τὸ
1374 432 1619 473 εὐτελέστατον
1634 433 1829 487 προκρίνων
1846 437 1907 482 τῆς
1922 434 2094 482 τοσαύτης
2116 438 2342 482 πολυτελείας
2353 467 2364 486 ,
2396 475 2414 484 --

1314 491 1366 531 ὅτι
1387 492 1429 540 δὴ
1449 492 1603 531 θεοσεὸεἷ
1621 491 1744 543 γνώμῃ
1765 493 1976 543 κεκόσμητο.
2033 493 2135 534 Μετὰ
2149 496 2277 542 ταύτης
2297 494 2365 548 γὰρ

1315 552 1431 591 πάντα
1452 553 1606 606 θεοφιλῆ·
1637 551 1698 590 καὶ
1726 552 1806 590 ἄνευ
1837 552 1964 599 ταύτης
1988 551 2082 591 οὐδὲν
2107 556 2172 605 θεῷ
2204 556 2302 605 φίλον
2323 555 2363 593 ἄν
2409 554 2414 558 ’

1315 626 1398 649 ποτε
1415 610 1560 660 γένοιτο.
1593 611 1666 650 Καὶ
1685 610 1730 649 τὰ
1751 609 1813 662 μὲν
1833 610 1913 662 περὶ
1936 610 2133 655 θεοσεὸείας
2148 612 2207 650 καὶ
2227 613 2365 660 δσιότη·
2409 657 2412 660 ¹

1314 684 1371 712 τος
1386 671 1512 713 ἱκανῶς
1532 670 1566 707 ἐν
1583 671 1634 722 τῷ
1654 670 1801 722 παρόντι
1830 669 2006 707 λέλεκται.
2079 670 2230 717 Ἐπειδὴ
2252 670 2287 709 δὲ
2308 671 2365 710 τὸν

1315 727 1419 778 νόμον
1437 743 1499 774 της
1518 744 1577 767 του
1598 728 1725 773 παντὸς
1743 727 1971 773 διατάξεως”
1948 743 2117 781 ατρεπτος
2135 727 2270 798 φρουρὰ
2286 730 2366 768 δια-

1315 793 1437 840 τηρεῖ,
1463 786 1523 825 καὶ
1542 790 1615 834 τῆς
1623 793 1773 840 φρουρᾶς
1793 787 1923 835 ταύτης
1942 787 2082 838 φύλακα
2101 792 2170 829 τοῖς
2203 788 2365 830 παλαιοις

1315 845 1390 890 ἔθος
1417 839 1459 893 ἦν
1489 846 1532 884 δι’
1555 845 1807 899 ἀποῤῥήτων“’
1786 862 1888 898 ορκον
1909 847 2110 896 ὀνομάζειν,
2129 844 2270 889 εἰκότως
2291 846 2367 897 ἐφε-

1317 904 1376 953 ξῆς
1402 910 1472 948 τοῖς
1490 905 1753 958 προειρημένοις
1771 907 1817 949 ὡς
1835 904 2059 944 ἀκόλουθον’
2043 905 2168 957 επάγει
2196 903 2310 956 δόγμα
2327 903 2366 942 τὸ

1316 963 1397 1015 περὶ
1414 967 1473 1002 τοῦ
1492 964 1595 1017 ὅρκου
1613 964 1864 1017 παράγγελμα.

1778 1061 1830 1100 ll.
1865 1067 1901 1099 2.

1398 1165 1640 1171 —————
1648 1148 1701 1179 καὶ
1720 1148 1815 1180 σε’ὅου
1829 1148 1920 1188 ὅρκον
1938 1164 1979 1170 -
1993 1164 2032 1171 -
2043 1167 2082 1174 -

1370 1224 1490 1274 Νόμον
1529 1225 1564 1261 ἔν
1599 1224 1669 1268 τοῖς
1690 1223 1881 1296 προτέροις
1917 1223 2172 1276 ἀπεφηνάμεθα
2211 1222 2275 1270 τὴν
2315 1223 2369 1261 ἀεὶ

1317 1282 1482 1325 ὡσαύτως
1513 1280 1662 1333 ἔχουσαν
1685 1282 1858 1352 ἐνέργειαν
1877 1297 1938 1320 του
1964 1285 2063 1329 θεοῦ,
2083 1280 2146 1328 τὴν
2168 1281 2287 1325 ἀϊδίως
2309 1282 2370 1320 καὶ

1318 1341 1496 1393 ἀτρέπτως
1517 1340 1561 1379 τὰ
1576 1340 1692 1379 πάντα
1712 1340 1798 1391 πρὸς
1813 1340 1851 1378 τὸ
1866 1333 1953 1378 εἶναι
1972 1340 2216 1392 παράγουσαν.
2274 1337 2369 1392 ‘'Op-

1317 1415 1375 1439 κον
1398 1399 1433 1438 δὲ
1450 1403 1509 1439 νῦν
1526 1399 1702 1449 ἑπομένως
1723 1415 1763 1437 αν
1783 1415 1833 1451 τῳ
1859 1398 1957 1452 νόμῳ
1973 1398 2134 1450 λέγοιμεν
2151 1398 2215 1445 τὴν
2230 1399 2265 1437 εν
2285 1399 2369 1438 ταῦ-

1317 1458 1437 1506 τότητι
1462 1457 1506 1496 τὰ
1529 1458 1645 1496 πάντα
1669 1438 1900 1510 διητηροῶσαν
1931 1457 2046 1497 αἰτίαν
2067 1457 2127 1496 καὶ
2153 1456 2262 1502 οὕτως
2281 1458 2370 1497 αὓτὰ

1319 1515 1594 1569 βεὸαιουμένην,
1631 1518 1677 1561 ὣς
1702 1518 1736 1555 ἐν
1770 1516 1873 1569 ὅρκου
1911 1516 2026 1555 πίστει
2058 1517 2280 1569 κρατούμενα
2308 1517 2369 1556 καὶ

1318 1574 1531 1621 διασώζοντα
1563 1579 1623 1614 τοῦ
1647 1575 1757 1626 νόμου
1784 1575 1847 1621 τὴν
1868 1574 1986 1623 τάξιν,
2014 1574 2105 1614 ωστε
2140 1576 2367 1627 ἀποτέλεσμα

1317 1639 1377 1675 τοῦ
1410 1636 1658 1688 δημιουργικου
1678 1635 1787 1683 νόμου
1816 1627 1963 1673 εἶναιτὸ
1984 1634 2212 1686 ἀπαράὸατον
2240 1637 2304 1682 τῆς
2332 1638 2367 1675 ἓν

1317 1701 1387 1738 τοῖς
1407 1695 1713 1748 δημιουργηθεῖσιν
1742 1693 1912 1739 εὐταξίας.
1969 1694 2020 1733 Τὸ
2039 1694 2108 1746 γὰρ
2129 1694 2304 1744 διαμένειν
2323 1694 2368 1734 τὰ

1318 1753 1435 1792 πάντα
1446 1783 1456 1802 ,
1472 1753 1569 1806 νόμῳ
1584 1756 1630 1797 ὥς
1644 1753 1830 1801 διάκειται,
1847 1752 2107 1806 προηγούμενον
2123 1752 2222 1804 ἔργον
2244 1752 2286 1791 ἂν
2308 1751 2363 1801 εἴη

1317 1816 1377 1851 τοῦ
1401 1811 1503 1865 ὅρκου
1524 1815 1585 1851 τοῦ
1602 1813 1714 1861 θείου,
1730 1812 1765 1856 ὃς
1785 1814 1819 1851 ἐν
1836 1811 1899 1861 μὲν
1920 1814 1991 1855 τοῖς
2010 1811 2063 1850 ἀεὶ
2077 1815 2194 1850 νοοῦσι
2215 1811 2271 1850 τὸν
2291 1811 2367 1851 θεὸν

1320 1872 1478 1922 μάλιστά
1507 1887 1543 1910 τε
1569 1870 1629 1910 καὶ
1653 1870 1708 1909 ἀεὶ
1729 1870 1947 1916 διασώζεται·
1978 1872 2012 1909 ἓν
2046 1869 2083 1908 δὲ
2109 1875 2180 1914 τοῖς
2200 1869 2284 1908 ποτὲ
2307 1869 2370 1921 μὲν

1401 2038 1443 2067 At
1456 2035 1534 2067 mihi
1552 2036 1635 2067 sarra
1651 2035 1777 2077 placent
1791 2029 1974 2075 praenobilis
1990 2034 2174 2067 Hermionei
2186 2058 2196 2076 ,

1318 2121 1358 2157 id
1378 2122 1511 2170 utique
1537 2119 1644 2170 quod
1663 2126 1744 2157 erat
1762 2119 1983 2156 vilissimum
2001 2125 2111 2155 tantae
2127 2118 2371 2168 magnificen-

1321 2182 1380 2216 tiae
1410 2192 1659 2229 praeponens,
1681 2179 1788 2228 quod
1813 2179 1949 2214 mentis
1983 2179 2123 2226 pietate
2153 2185 2367 2215 ornaretur.

1319 2241 1410 2275 Haec
1431 2240 1531 2275 enim
1552 2239 1583 2274 si
1604 2239 1723 2287 adsit,
1752 2240 1836 2275 Deo
1857 2245 1964 2287 grata
1983 2244 2071 2273 sunt
2090 2238 2220 2273 omnia
2234 2265 2244 2284 ,
2276 2237 2372 2273 nihil

1321 2306 1448 2334 autem
1478 2299 1635 2334 omnino
1656 2298 1691 2334 ei
1721 2304 1920 2345 acceptum
1949 2297 1979 2332 si
2009 2297 2088 2332 haec
2110 2296 2218 2334 desit.
2245 2298 2371 2345 Atque

1321 2359 1396 2394 baec
1427 2358 1583 2405 quidem
1617 2357 1664 2392 de
1683 2357 1823 2404 pietate
1844 2356 1883 2391 in
1903 2357 2026 2392 Deum
2046 2362 2084 2391 et
2111 2355 2308 2391 sanctitate
2330 2355 2370 2390 in

1319 2429 1482 2465 praesens
1502 2416 1601 2452 dic'ta
1618 2413 1822 2451 sufficiant.
1854 2412 2178 2462 Quandoquidem
2195 2425 2288 2450 vero
2314 2413 2370 2450 le-

1320 2487 1427 2523 gem,
1451 2487 1524 2522 qua
1557 2475 1730 2510 universa
1764 2473 2005 2516 ordinantur,
2036 2479 2210 2509 constans
2244 2478 2372 2508 tuetur

1322 2533 1494 2569 custodia
1506 2561 1517 2581 ‚
1539 2540 1653 2581 atque
1675 2539 1848 2569 veterum
1865 2545 1948 2568 mos
1970 2539 2051 2568 erat
2066 2559 2076 2578 ,
2099 2531 2282 2568 custodiae
2296 2531 2367 2568 hu·

1316 2591 1377 2639 jus
1396 2592 1589 2628 custodem
1607 2592 1767 2640 mystice
1785 2592 1985 2627 nominare
2013 2589 2114 2642 ὅρκον
2128 2617 2138 2636 ,
2168 2591 2305 2627 merito
2325 2591 2370 2626 iis

1319 2663 1401 2698 quae
1423 2650 1525 2686 dicta
1545 2657 1632 2686 sunt
1649 2650 1767 2686 veluti
1796 2662 2031 2697 consequens
2065 2650 2206 2699 dogma
2223 2649 2297 2686 hoe
2322 2648 2371 2686 de

1315 2709 1565 2758 jurejurando
1584 2716 1816 2758 praeceptum
1841 2708 2047 2758 subjungit.

1783 2792 1836 2829 ΙΙ.
1861 2803 1899 2829 2.

1651 2883 1692 2915 Et
1712 2882 1780 2915 cole
1793 2882 2034 2923 jusjurandum.

1369 2972 1511 3019 Legem
1530 2969 1571 3005 in
1586 2968 1847 3018 superioribus
1866 2969 1937 3004 Dei
1959 2969 2149 3004 actionem
2170 2968 2273 3003 illam
2292 2979 2368 3003 esse

1318 3029 1533 3074 docuimus,
1554 3040 1637 3076 quae
1656 3027 1793 3064 eodem
1811 3039 1961 3075 semper
1979 3027 2098 3062 modo
2118 3039 2157 3062 se
2175 3025 2291 3061 habet
2309 3031 2366 3061 at·-

1316 3099 1390 3136 que
1417 3094 1605 3137 perpetua
1632 3093 1669 3123 et
1701 3087 1931 3122 immutabili
1963 3086 2109 3122 ratione
2147 3097 2207 3121 res
2235 3096 2367 3120 omnes

1315 3154 1508 3196 procreat.
1525 3148 1546 3183 J
1549 3145 1795 3194 usjurandum
1804 3157 1896 3182 vero
1908 3157 2010 3180 nunc
2021 3171 2031 3189 ‚
2047 3156 2120 3192 qua
2127 3150 2233 3179 tenus
2245 3142 2366 3191 legem

1315 3207 1532 3252 comitatur,
1555 3218 1706 3242 causam
1722 3205 1825 3241 illam
1844 3204 2035 3248 dicamus,
2056 3215 2139 3250 quae
2163 3201 2291 3237 omnia
2322 3201 2363 3236 in

1316 3265 1451 3302 eodem
1467 3271 1571 3302 statu
1590 3271 1811 3310 conservat,
1835 3270 1950 3310 atque
1971 3273 2015 3298 ea
2039 3262 2091 3296 ita
2111 3267 2214 3296 arete
2234 3258 2366 3295 conti-

1315 3332 1406 3371 net,
1424 3325 1530 3373 quasi
1553 3322 1805 3371 jurisjurandi
1825 3321 1900 3357 fide
1931 3321 2115 3356 obstricta
2142 3318 2232 3366 legis
2261 3316 2366 3352 ordi-

1316 3396 1403 3419 nem
1438 3383 1660 3428 observent,
1695 3381 1792 3417 adeo
1821 3387 1864 3415 ut
1894 3378 1991 3415 recti
2012 3377 2157 3413 ordinis
2186 3376 2226 3410 in
2251 3375 2365 3410 rebus

1316 3441 1449 3478 creatis
1467 3440 1681 3477 constantia
1695 3440 1742 3475 sit
1759 3439 1914 3475 effectus
1938 3437 2026 3485 legis
2047 3433 2247 3471 creatricis.
2269 3433 2363 3468 Nam

1314 3507 1357 3535 ut
1374 3500 1499 3535 omnia
1521 3504 1792 3548 permaneant,
1822 3497 1919 3532 sicut
1949 3495 2031 3542 lege
2062 3492 2241 3541 disposita
2259 3497 2364 3535 sunt,

1315 3558 1538 3603 primarium
1558 3564 1612 3593 est
1628 3569 1724 3605 opus
1737 3555 1852 3591 divini
1865 3551 2136 3600 jurisjurandi3
2157 3549 2263 3599 quod
2280 3549 2366 3596 qui·
