2612 3814
305 265 382 298 ⁴46

295 347 522 402 γεννημάτων
556 351 616 387 τοῦ
645 348 857 400 δημιουργοῦ
893 349 972 385 θεοῦ
1006 345 1067 385 καὶ
1087 347 1109 392 ἡ
1141 343 1344 398 ἀνθρωπίνη

296 407 392 463 ψυχὴ
408 406 662 461 ἀνευρίσκεται,
676 407 752 447 ὅθεν
767 409 856 461 αὐτῇ
878 407 937 446 καὶ
958 410 1020 454 τῆς
1040 405 1132 449 Θείας
1146 404 1348 454 ὁμοιώσεως

297 468 472 519 μέτεστιν.
532 466 638 507 Ἐπεὶ
667 467 702 508 δὲ
733 466 794 507 καὶ
818 469 922 506 τοῦτο
945 465 1088 519 μετρίας
1116 466 1345 514 ὑπομνήσεως

294 527 415 581 ἔτυχε,
437 526 558 581 καιρὸς
575 526 616 566 ἂν
633 526 686 574 εἴη
706 525 766 565 καὶ
783 524 828 565 τὰ
849 526 957 565 λοιπὰ
977 523 1250 578 ἐπισκέψασθαι.

669 627 759 667 xn.
792 632 965 666 21—24.

375 717 491 750 Πολλοὶ
508 716 533 747 δ’
551 715 739 757 ἀνθρώποισι
759 713 844 755 λόγοι
862 712 955 746 δειλοί
970 723 1003 744 τε
1018 712 1070 743 καὶ
1088 711 1190 743 ἐσθλοὶ

375 760 616 806 προσπίπτουσ’,
634 762 678 795 ὧν
696 761 767 803 μήτ’
781 762 976 801 ἐκπλήσσεο,
994 759 1065 801 μήτ’
1079 759 1127 800 ἄρ’
1144 759 1237 800 ἐίσῃς

376 812 528 854 εἴργεσθαι
547 810 673 843 σαυτόν·
691 809 802 851 ψεῦδος
815 807 841 840 δ’
855 809 950 850 ἤνπερ
962 819 991 840 τι
1006 808 1151 846 λέγηται,

375 860 481 901 πράως
496 859 571 891 εἶκε.

346 937 393 977 Ἥ
411 936 611 988 ἀνθρωπίνη
629 934 828 988 προαίρεσις
844 932 928 984 μήτ’
942 934 976 971 ἐν
995 933 1102 985 ἀρετῇ
1120 931 1174 970 ἀεὶ
1189 933 1325 971 ἑστῶσα
1338 961 1347 979 ,

292 995 377 1047 μήτ’
398 998 432 1034 ἐν
453 995 557 1048 κακία
572 1025 582 1043 ,
598 994 658 1033 καὶ
678 992 758 1036 τοὺς
778 991 835 1031 διὰ
856 994 974 1046 φωνῆς
993 992 1178 1044 προϊόντας
1193 990 1351 1042 λόγους

291 1055 632 1109 ἐπαμφοτερίζοντας
649 1051 901 1104 ἀπεγέννησεν,
920 1052 967 1096 ὡς
983 1050 1138 1095 ἐοικότας
1155 1056 1231 1095 ταῖς
1251 1051 1351 1089 ἐναν-

290 1114 380 1158 τίαις
400 1116 505 1161 αὐτῆς
526 1112 712 1152 διαθέσεσι.
729 1111 794 1151 Διὸ
812 1113 880 1150 τῶν
900 1109 1039 1162 λόγων
1056 1109 1212 1163 ἐγένοντο
1233 1110 1265 1148 οἱ
1286 1109 1350 1159 μὲν

289 1176 450 1224 ἀληθεῖς,
471 1175 502 1212 οἱ
522 1172 558 1212 δὲ
578 1173 731 1226 ψευδεῖς,
750 1172 782 1211 οἱ
802 1171 839 1210 δὲ
861 1169 1046 1223 ἀγαθοί,
1065 1171 1096 1208 οἱ
1129 1168 1165 1208 δὲ
1185 1169 1347 1210 κακοί.

290 1232 335 1273 Ἡ
356 1232 392 1272 δὲ
415 1231 563 1286 διαφορὰ
581 1231 670 1279 αὕτη
692 1232 969 1282 ἐπιστημονικῆς
987 1230 1099 1268 δεῖται
1119 1228 1348 1283 διακρίσεως,

289 1293 382 1336 ὅπως
402 1291 481 1336 τοὺς
498 1290 560 1342 μὲν
582 1290 770 1341 ἀμείνονας
793 1288 1035 1340 ἐκλεξώμεθα,
1054 1287 1135 1332 τοὺς
1160 1288 1195 1326 δὲ
1215 1288 1353 1342 χείρους

289 1349 542 1402 ἀποὸάλωμεν,
556 1349 618 1389 καὶ
633 1349 723 1401 μήτε
739 1349 946 1402 μισολογίαν
960 1348 1166 1400 νοσήσωμεν
1181 1350 1351 1397 παντελῆ,

289 1410 347 1450 διὰ
365 1410 429 1458 τὴν
444 1412 513 1449 τῶν
533 1408 861 1462 χειρόνων·λόγων
883 1408 1121 1462 κατάγνωσιν,
1143 1407 1233 1458 μήτε
1253 1409 1353 1446 ἀδια·

290 1469 416 1524 κρίτως
441 1468 571 1514 πάντας
598 1468 833 1520 εἰσδεξώμεθα
848 1499 859 1520 ,
881 1468 938 1508 διὰ
971 1467 1034 1515 τὴν
1058 1470 1128 1506 τῶν
1160 1467 1352 1517 ἀμεινόνων

292 1528 487 1582 ἀποδοχήν.
506 1526 664 1569 Ἕπεται
684 1527 753 1582 γὰρ
782 1531 826 1582 τῇ
849 1527 912 1578 μὲν
929 1526 1116 1579 μισολογίᾳ
1145 1525 1184 1565 τὸ
1204 1525 1264 1565 καὶ
1283 1529 1353 1565 τῶν

291 1589 432 1641 ἀγαθῶν
463 1587 585 1639 λόγω
596 1603 614 1627 ν
653 1586 796 1631 ἑαυτοὺς
835 1587 1056 1640 ἀποστερεῖν,
1083 1589 1125 1637 τῇ
1155 1585 1191 1624 δὲ
1221 1585 1354 1639 ἀκρίτῳ

291 1646 474 1702 φιλολογίᾳ
486 1678 500 1698 ,
523 1647 561 1686 τὸ
580 1646 761 1687 λανθάνειν
783 1645 1046 1699 βλαπτομένους
1064 1646 1135 1685 ὑπὸ
1154 1648 1223 1685 τῶν
1243 1661 1355 1685 κεκα-

290 1705 538 1761 κουργημένων
558 1706 685 1759 λόγων.
707 1705 924 1757 Φιλολογίαν
943 1699 1002 1744 οῧν
1026 1704 1240 1755 ἀσκήσωμεν
1262 1703 1354 1755 μετὰ

287 1853 494 1909 reperitur,
515 1858 619 1895 unde
639 1865 676 1894 et
694 1858 775 1907 ipse
795 1857 932 1894 divinae
947 1857 1209 1907 ¹similitudinis
1227 1857 1347 1905 parti-

289 1930 379 1968 ceps
400 1925 467 1954 est.
491 1917 585 1954 Cum
603 1929 696 1953 vero
721 1915 770 1953 de
788 1916 860 1952 hac
885 1915 999 1952 etiam
1025 1928 1068 1952 re
1086 1917 1175 1952 satis
1195 1915 1342 1953 dictum

288 1977 358 2025 sit,
389 1984 538 2026 tempus
563 1983 617 2013 est
636 1976 787 2025 reliqua
805 1987 962 2025 quoque
983 1975 1239 2013 considerare.

689 2080 782 2116 XII.
808 2083 954 2123 21-24.

373 2178 468 2212 Multi
480 2179 590 2211 autem
603 2178 643 2211 ad
656 2178 825 2212 hominum
839 2187 934 2212 aures
947 2179 1018 2212 tum
1030 2178 1105 2211 mali
1118 2181 1187 2212 tum
1203 2179 1277 2212 boni
1286 2188 1350 2212 ser-

771 2249 776 2253 .
1019 2257 1026 2263 ,
1227 2227 1352 2268 {mones

375 2271 544 2314 accidunt,
557 2281 640 2314 quos
651 2281 693 2306 ne
706 2281 781 2306 cum
791 2276 922 2315 stupore
935 2273 1073 2315 accipias
1083 2298 1093 2315 ‚
1106 2282 1188 2306 neve
1200 2274 1286 2306 sinas
1298 2275 1351 2314 (ab

1106 2321 1158 2364 [iis
1173 2322 1349 2363 audiendis)

381 2368 414 2400 te
427 2367 553 2400 avocari
570 2379 578 2399 :
594 2367 620 2400 si
639 2367 715 2409 quid
733 2370 841 2401 autem
858 2367 930 2401 salsi
942 2368 1079 2410 dicatur,

377 2415 491 2449 leniter
504 2414 592 2449 cede.

344 2494 532 2534 Voluntas
548 2496 715 2531 humana
728 2496 849 2532 necin
864 2496 1005 2532 virtute
1017 2497 1136 2533 necin
1149 2497 1243 2534 vitio
1255 2509 1351 2534 sem-

291 2566 361 2603 per
378 2566 624 2603 permanens,
643 2568 836 2592 sermones
855 2557 967 2593 etiam
984 2569 1080 2594 voce
1100 2557 1179 2594 edit
1196 2558 1352 2606 utrique

293 2613 623 2660 accommodatos;
654 2615 798 2663 quippe
827 2616 893 2663 qui
923 2617 1124 2653 contrariis
1154 2616 1233 2664 ejus
1260 2616 1351 2653 affe-

293 2672 483 2708 ctionibus
501 2673 770 2720 respondeant.
799 2675 885 2721 Quo
905 2673 948 2711 fit
978 2682 1020 2711 ut
1048 2688 1267 2712 sermonum
1289 2678 1352 2713 alii

293 2732 366 2767 sint
383 2732 486 2776 veri,
503 2732 565 2767 alii
581 2732 682 2777 falsi,
702 2733 766 2769 alii
787 2740 914 2770 autem
930 2734 1024 2771 boni
1037 2762 1048 2781 ‚
1066 2736 1128 2772 alii
1143 2737 1246 2773 mali.
1264 2739 1353 2774 Haec

295 2797 420 2826 autem
432 2789 627 2826 diversitas
639 2791 869 2840 prudentem
878 2794 1046 2842 postulat
1057 2795 1351 2843 distinctionem,

293 2856 337 2886 ut
367 2849 544 2886 meliores
571 2851 793 2901 seligamus,
817 2852 1025 2890 deteriores
1057 2854 1292 2902 rejiciamus,
1317 2864 1354 2893 et

294 2921 419 2958 neque
437 2909 607 2945 omnium
623 2922 781 2958 prorsus
798 2924 1017 2949 sermonum
1038 2914 1130 2950 odio
1163 2923 1353 2964 concepto

295 2975 477 3017 tanquam
497 2969 636 3005 morbo
658 2970 828 3018 quodam
857 2972 1069 3010 laboremus
1093 2982 1255 3023 propter
1274 2987 1355 3012 ma-

294 3027 423 3064 lorum
459 3028 808 3078 improbationem,
844 3044 915 3068 nec
941 3034 992 3070 ob
1024 3033 1218 3071 bonorum
1249 3048 1354 3072 corn-

295 3087 565 3136 probationem
585 3089 776 3136 quoslibet
789 3092 1005 3139 promiscue
1023 3093 1275 3132 admittamus.
1294 3097 1355 3133 Se-

298 3146 429 3193 quitur
459 3147 558 3182 enim
583 3159 626 3183 ex
655 3159 874 3184 sermonum
896 3152 1067 3187 omnium
1099 3154 1353 3200 aversatione,

297 3211 342 3241 ut
359 3205 431 3241 illis
450 3206 563 3242 etiam
584 3207 648 3255 qui
668 3207 763 3243 boni
787 3215 874 3244 sunt
892 3222 963 3245 nos
983 3211 1198 3260 privemus,
1214 3226 1234 3249 e
1259 3226 1353 3262 pro·

297 3264 441 3301 miscua
464 3277 556 3301 vero
588 3277 723 3302 eorum
743 3267 971 3316 cupiditate,
990 3276 1033 3304 ut
1052 3272 1354 3318 perniciosorum

299 3336 439 3372 noxam
458 3337 539 3360 non
557 3325 771 3362 sentiamus.
797 3327 952 3375 Optimo
973 3329 1090 3377 igitur
1107 3329 1255 3376 judicio
1275 3344 1355 3367 ser-

300 3395 459 3419 monum
496 3383 745 3432 cupiditatem
782 3391 1056 3437 temperemus,
1086 3395 1128 3424 ut
1176 3389 1356 3426 audiendi

301 3443 478 3480 voluntas
504 3455 617 3480 omne
645 3456 863 3482 sermonum
895 3459 1013 3496 genus
1043 3449 1170 3485 eliciat
1195 3458 1230 3486 et
1250 3451 1298 3487 ad
1318 3464 1356 3487 se

303 3502 487 3553 attrahat,
519 3502 711 3551 judicium
746 3511 872 3543 autem
917 3506 1123 3544 deteriores
1164 3510 1352 3558 repudiet.

1020 254 1300 296 HlEROCLlS
1331 251 1756 294 COMMENTARIUS

1410 341 1557 394 κρίσεως
1574 343 1636 388 τῆς
1655 341 1821 395 ἀρίστης,
1839 341 1898 382 ἵνα
1916 346 1936 390 ἡ
1956 342 2121 396 φιληκοΐα
2137 350 2208 384 πᾶν
2225 344 2310 400 ἕλκῃ
2323 346 2474 399 τὸγένος

1410 404 1478 440 τῶν
1493 401 1652 454 λόγων,
1672 403 1695 448 ἡ
1726 401 1760 440 δὲ
1781 401 1892 454 κρίσις
1912 406 2098 452 ἀπωθῆται
2123 403 2182 443 τὸν
2209 406 2365 459 χείρονα.
2400 408 2473 448 Καὶ

1409 460 1500 499 οὕτω
1519 459 1559 499 τὸ
1591 460 1834 513 Πυθαγορικὸν
1865 461 2066 515 τηρήσομεν
2102 462 2360 516 παράγγελμα,
2380 464 2473 516 μήτε

1410 519 1687 571 ἐκπληττόμενοι
1708 519 1786 565 τοὺς
1798 521 1969 574 πονηροὺς
1982 524 2051 561 τῶν
2068 523 2117 563 λό
2127 539 2228 576 γων,
2244 524 2305 563 καὶ
2324 525 2369 564 δι’
2384 525 2475 566 αὐτὸ

1409 584 1530 628 τοῦτο,
1555 580 1608 618 ὅτι
1634 579 1732 631 λόγοι
1761 580 1863 628 εἰσίν,
1885 581 2036 634 ἀκρίτως
2057 582 2182 629 αὐτοὺς
2212 583 2470 638 εἷσδεχόμενοι·

1410 637 1500 690 μήτε
1523 641 1592 678 τῶν
1615 640 1790 690 ἀγαθῶν
1822 640 2097 692 εἰργόμενοι,
2127 643 2216 682 διότι
2247 643 2345 696 λόγοι
2378 638 2471 693 ἦσαν

1409 697 1539 749 ὁμοίως
1559 700 1629 742 τοῖς
1649 698 1802 751 χείροσι.
1831 701 1979 751 Πρῶτον
1998 700 2061 751 μὲν
2093 701 2162 756 γὰρ
2183 702 2284 756 οὐχί,
2308 697 2330 756 ᾗ
2355 701 2474 755 λόγοι,

1411 756 1704 808 μεταδιώκοιντο,
1723 752 1841 811 ἀλλ’·’ᾖ
1858 759 2015 805 ἀληθεῖς·
2033 759 2104 800 οὔθ’
2134 762 2166 800 οἱ
2184 761 2297 814 ἕτεροι
2316 777 2472 816 καταγι-

1409 815 1620 864 νώσκοιντο,
1640 818 1687 861 ὡς
1702 816 1823 868 λόγοι,
1846 817 1926 856 ἀλλ’
1942 819 1988 863 ὡς
2006 820 2033 873 ψ
2044 835 2088 858 ευ
2100 821 2119 859 δ
2129 821 2204 864 εἷς.
2226 821 2386 861 Ἔπειτα
2404 822 2472 860 κά-

1410 875 1503 914 κεῖνο
1522 876 1698 928 εὐθαρσῶς
1730 874 1772 914 ἂν
1804 874 1975 927 εἴποιμεν,
1993 879 2040 922 ὡς
2069 878 2168 929 μόνοι
2195 879 2292 931 λόγοι
2322 881 2409 920 εἰσὶν
2437 881 2470 920 οἱ

1410 935 1564 982 ἀληθεῖς.
1590 933 1701 973 Μόνοι
1715 934 1783 988 γὰρ
1802 937 1865 983 τῆς
1885 937 2029 988 λογικῆς
2049 938 2167 982 οὐσίας
2185 938 2226 976 τὸ
2247 937 2388 989 ἀξίωμα
2405 955 2472 987 τη·

1411 996 1530 1046 ροῦσι,
1543 992 1605 1032 καί
1621 994 1688 1032 εἰσι
1707 993 1911 1046 γεννήματα
1931 996 2046 1049 ψυχῆς
2062 996 2147 1050 πρὸς
2162 996 2202 1035 τὸ
2219 995 2363 1049 ἄριστον
2383 999 2472 1037 ἀνα-

1409 1051 1622 1103 τεταμένης,
1652 1051 1712 1090 καὶ
1736 1051 1796 1092 τὸν
1826 1055 1953 1093 οἰκεῖον
1973 1055 2105 1106 κόσμον
2126 1055 2367 1107 κεκτημένης·
2383 1059 2415 1097 οἱ
2435 1056 2472 1097 δὲ

1409 1111 1544 1165 ψευδεῖς
1564 1113 1633 1150 τῶν
1662 1111 1774 1162 λόγων
1795 1111 1872 1152 οὐδὲ
1899 1113 2029 1165 λόγοι
2058 1113 2163 1159 ὄντως
2192 1114 2282 1163 εἰσί,
2298 1114 2386 1170 πρὸς
2402 1115 2472 1169 γὰρ

1410 1169 1538 1208 κακίαν
1566 1170 1627 1208 καὶ
1650 1170 1872 1224 ψευδοδοξίαν
1893 1172 2074 1226 φέροντες,
2108 1173 2169 1213 καὶ
2196 1173 2261 1221 τὴν
2295 1174 2470 1227 εὐγένειαν

1409 1230 1481 1268 τῶν
1509 1230 1647 1283 λόγων
1667 1229 1890 1282 ἠρνήσαντο,
1905 1230 1967 1270 καί
1987 1232 2073 1270 εἰσιν
2102 1231 2326 1284 ἠλογημένης
2354 1233 2473 1287 ψυχῆς

1411 1288 1472 1327 καὶ
1491 1288 1620 1327 πάθεσι
1650 1291 1948 1343 συμπεφυρμένης
1978 1290 2106 1344 φωναί.
2128 1291 2234 1340 Μήτι
2263 1285 2323 1332 οὗν
2339 1291 2475 1338 πάντας

1411 1347 1634 1400 καταδέχου,
1654 1346 1772 1398 φησίν,
1790 1348 1848 1388 ἵνα
1878 1348 1928 1400 μὴ
1961 1351 2021 1389 καὶ
2051 1350 2130 1395 τοὺς
2156 1351 2350 1405 ψευδεῖς·
2381 1351 2472 1405 μήτε

1412 1406 1547 1451 πάντας
1563 1405 1767 1455 ἀπόὸαλλε,
1781 1406 1838 1446 ἵνα
1859 1407 1908 1458 μὴ
1930 1407 1990 1447 καὶ
2009 1406 2089 1453 τοὺς
2109 1410 2258 1455 ἀληθεῖς.
2278 1409 2494 1463 Ἑκάτερον’

1412 1464 1480 1518 γὰρ
1501 1465 1646 1512 ἄτοπον,
1665 1465 1741 1510 τούς
1759 1482 1796 1505 τε
1819 1466 1968 1518 ἀγαθοὺς
1987 1470 2137 1518 μισῆσαι
2151 1468 2214 1507 σὺν
2234 1472 2307 1515 τοῖς
2323 1469 2474 1527 χείροσι,

1386 1572 1392 1581 ι
1412 1525 1473 1564 καὶ
1488 1524 1567 1569 τοὺς
1585 1526 1722 1578 ψευδεῖς
1741 1525 1948 1580 προσίεσθαι
1967 1526 2025 1565 διὰ
2043 1526 2122 1572 τοὺς
2142 1526 2317 1578 ἀμείνους.
2338 1531 2402 1568 Δεῖ
2429 1529 2473 1577 δὴ

1414 1583 1493 1628 τοὺς
1528 1583 1590 1635 μὲν
1624 1584 1775 1636 ἀγαθοὺς
1801 1587 1971 1634 ἐπαινεῖν,
1993 1585 2053 1624 καὶ
2087 1585 2327 1638 εἰσδεξάμενον
2349 1586 2476 1632 αὐτοὺς

1414 1646 1620 1692 ἀσκεῖσθαι,
1641 1647 1701 1684 καὶ
1728 1647 1843 1693 ζητεῖν
1871 1644 1942 1694 ὅπη
1959 1646 2020 1685 καὶ
2049 1646 2102 1699 ἐφ’
2125 1646 2205 1686 ὅσον
2224 1649 2287 1694 τῆς
2309 1646 2476 1696 ἀληθείας

1414 1703 1652 1757 ἐφάπτονται,
1673 1703 1759 1757 πρὸς
1787 1704 1823 1743 δὲ
1860 1704 1940 1749 τοὺς
1967 1706 2139 1759 ψευδεῖς
2155 1704 2219 1754 τὴν
2239 1705 2476 1759 ἀγωνιστικὴν

1410 1859 1536 1905 Atque
1549 1857 1600 1892 ita
1614 1857 1913 1906 Pythagoricum
1925 1865 2158 1908 praeceptum
2171 1858 2473 1904 observabimus,

1410 1927 1536 1963 neque
1567 1916 1689 1951 malos
1717 1927 1910 1952 sermones
1935 1916 2166 1953 admirantes
2196 1929 2340 1968 eosque
2359 1917 2410 1954 ob
2431 1917 2473 1955 id

1410 1975 1557 2023 ipsum,
1592 1974 1682 2022 quia
1713 1986 1907 2011 sermones
1943 1982 2050 2022 sunt,
2078 1976 2296 2025 promiscue
2330 1976 2475 2014 admit-

1410 2040 1550 2079 tentes,
1576 2045 1703 2082 neque
1735 2045 1757 2069 a
1790 2033 1902 2070 bonis
1934 2034 2128 2082 deterriti,
2167 2035 2256 2084 quia
2281 2047 2478 2074 semones

1410 2099 1497 2128 sunt
1515 2105 1622 2141 aeque
1641 2105 1684 2129 ac
1706 2093 1810 2129 mali.
1834 2094 2003 2130 Primum
2021 2095 2123 2130 enim
2138 2106 2265 2144 neque
2281 2094 2323 2131 hi
2340 2102 2474 2144 quate·

1410 2164 1481 2188 nus
1496 2164 1700 2199 sermones,
1718 2151 1785 2188 sed
1802 2160 1988 2201 quatenus
2006 2155 2088 2190 veri
2106 2162 2212 2200 sunt,
2229 2162 2473 2203 quan-autum

1410 2223 1537 2260 neque
1566 2212 1623 2247 illi
1649 2219 1693 2247 ut
1721 2213 2020 2258 sermones,·sed
2052 2219 2093 2249 ut
2121 2213 2203 2249 falsi
2230 2213 2472 2261 rejiciantur.

1411 2270 1560 2306 Deinde
1588 2277 1625 2306 et
1655 2269 1751 2306 illud
1780 2270 2017 2308 confidenter
2040 2272 2231 2318 dicamus,
2253 2274 2472 2328 eos-solum

1413 2341 1492 2366 esse
1507 2342 1697 2366 sermones
1714 2331 1781 2378 qui
1809 2331 1889 2366 veri
1914 2338 2016 2369 sunt.
2041 2332 2120 2368 Soli
2139 2333 2239 2368 enim
2258 2332 2315 2368 illi
2333 2332 2474 2370 intelli-

1412 2389 1533 2437 gentis
1564 2395 1708 2424 uaturae
1740 2397 1965 2426 conservant
1998 2390 2221 2440 dignitatem
2234 2419 2245 2439 ,
2279 2392 2478 2442 uniruique

1412 2447 1524 2484 foetus
1537 2454 1623 2484 sunt
1635 2447 1684 2484 ad
1695 2447 1736 2484 id
1753 2448 1861 2497 quod
1875 2450 2062 2498 optimum
2074 2457 2128 2486 est
2138 2451 2272 2487 intenti
2287 2463 2476 2501 suumque

1413 2506 1527 2543 decus
1548 2507 1769 2554 obtinentis;
1786 2506 1842 2544 illi
1861 2515 1986 2544 autem
2006 2509 2072 2557 qui
2100 2508 2183 2545 falsi
2201 2515 2291 2546 sunt
2316 2521 2366 2547 ne
2391 2523 2474 2548 ser-

1413 2578 1545 2602 mones
1564 2566 1720 2614 quidem
1736 2579 1867 2603 revera
1882 2575 1970 2604 sunt
1991 2581 1998 2604 :
2023 2580 2141 2616 quum
2158 2569 2259 2605 enim
2273 2568 2325 2606 ad
2341 2570 2474 2608 vitium

1414 2626 1693 2675 opinionesque
1707 2627 1814 2664 falsas
1830 2627 2070 2674 ducant,non
2083 2629 2207 2665 solum
2219 2641 2241 2666 a
2253 2641 2474 2668 sermonum

1413 2685 1646 2733 ingenuitate
1669 2693 1925 2735 recesserunt,
1944 2686 2011 2723 sed
2031 2694 2068 2723 et
2088 2688 2204 2723 animi
2227 2689 2374 2726 ratione
2402 2689 2475 2726 de-

1412 2743 1532 2779 stituti
1549 2750 1586 2780 et
1602 2744 1802 2781 affectibus
1821 2746 2068 2782 contaminati
2089 2758 2204 2783 voces
2226 2754 2327 2783 sunt.
2346 2748 2476 2800 Quare

1413 2801 1495 2839 noli
1525 2815 1678 2849 omnes,
1712 2804 1857 2852 inquit,
1891 2805 2077 2853 probare,
2097 2818 2145 2842 ne
2172 2812 2209 2842 et
2236 2805 2369 2851 falsos3
2391 2806 2474 2843 noli

1413 2862 1526 2898 etiam
1543 2874 1675 2898 omnes
1692 2861 1851 2910 rejicere
1861 2889 1872 2908 ‚
1884 2875 1933 2900 ne
1947 2870 1985 2899 et
1998 2875 2122 2899 veros.
2139 2865 2356 2912 Utrumque
2370 2865 2473 2901 enim

1413 2927 1467 2957 est
1503 2920 1735 2969 absurdum,
1763 2929 1842 2957 tum
1874 2921 1996 2959 bonos
2016 2921 2138 2959 odisse
2157 2935 2231 2958 una
2253 2935 2340 2959 cum
2363 2923 2475 2961 dete-

1414 2980 1601 3031 rioribus,
1622 2988 1702 3017 tum
1733 2981 1846 3018 salsos
1871 2981 2070 3018 admittere
2096 2989 2255 3031 propter
2281 2983 2471 3023 meliores.

1414 3040 1577 3088 Oportet
1591 3052 1681 3076 sane
1710 3040 1833 3076 bonos
1866 3039 2021 3076 laudare
2054 3052 2196 3088 eosque
2215 3041 2399 3080 admissos
2431 3043 2474 3079 in

1414 3099 1541 3135 animo
1565 3110 1720 3136 versare
1750 3106 1787 3135 et
1807 3110 1977 3147 quaerere
1997 3099 2196 3147 quomodo
2222 3107 2260 3136 et
2287 3108 2477 3149 quatenus

1416 3170 1503 3194 cum
1520 3159 1678 3195 veritate
1697 3158 1957 3204 consentiant,
1980 3157 2159 3195 adversus
2179 3171 2243 3195 eos
2263 3167 2390 3197 autem
2405 3160 2473 3209 qui

1416 3215 1497 3254 falsi
1516 3224 1601 3254 sunt
1621 3218 1938 3254 concertatoriam
1962 3216 2180 3254 facultatem
2206 3219 2410 3268 adhibere,
2432 3218 2473 3256 id

1415 3284 1470 3314 est
1489 3290 1570 3314 eam
1593 3291 1707 3327 quam
1726 3278 1850 3327 logica
1868 3289 1927 3313 ars
1945 3277 2164 3326 suppeditat
2183 3278 2234 3314 ad
2250 3278 2414 3315 veritatis
2434 3285 2473 3314 et

1415 3337 1603 3374 mendacii
1635 3337 1935 3382 distinctionem3
1957 3336 2023 3372 sed
2057 3344 2093 3373 et
2123 3350 2242 3385 quum
2273 3350 2472 3390 possumus

1417 3395 1617 3432 mendacia
1633 3396 1822 3442 refellere,
1839 3395 1880 3431 id
1894 3407 1964 3431 nec
1984 3396 2227 3432 vehementer
2245 3409 2315 3433 nec
2334 3403 2469 3433 contu-

1414 3454 1570 3490 meliose
1594 3454 1717 3491 facere
1746 3453 1946 3500 debemus,
1972 3454 2037 3490 sed
2067 3467 2153 3491 cum
2183 3454 2474 3492 mansuetudine

1416 3514 1610 3550 veritatem
1631 3515 1807 3564 persequi
1823 3521 1859 3551 et
1878 3514 2057 3551 mollibus
2074 3516 2303 3565 argumentis
2317 3513 2474 3551 menda·
