2612 3814
314 232 387 267 192

1046 225 1342 266 PORPHYRll
1372 225 1555 266 FRAGM
1562 226 1631 267 EN
1635 226 1765 267 TUM.

391 316 482 368 ἀμφί
525 330 584 366 σι,
618 314 881 369 παντόκρατορ,
924 315 1160 369 βασιλεύτατε
1193 315 1255 355 καὶ
1289 315 1373 369 μόνε
1440 321 1482 355 ad
1517 323 1551 356 te
1578 321 1813 365 circumcirca,
1835 322 2062 366 omnipotens,
2093 323 2323 366 augustissime
2343 325 2378 359 et
2406 324 2505 362 uniet

1211 375 1226 428 [
1240 378 1374 424 θνητῶν

2300 384 2504 428 [mortalium

389 434 574 474 ἀθανάτων
595 450 633 474 τε
654 434 767 488 πάτερ
786 434 978 489 μακάρων·
1001 436 1037 474 αἱ
1056 435 1086 473 δ’
1104 434 1192 474 εἰσὶν
1213 435 1372 488 ἄτερθεν,
1436 442 1737 485 immortaliumque
1753 447 1845 484 pater
1866 443 2056 486 beatorum3
2071 444 2146 478 aliae
2163 453 2240 478 vero
2253 453 2401 480 seorsum
2411 447 2504 488 sunt,

333 509 364 535 15
394 497 434 535 ἔκ
452 495 513 536 σέο
536 494 600 546 μὲν
621 500 808 547 γεγαυῖαι,
826 496 887 534 ὑπ’
912 494 1099 548 ἀγγελίῃσι
1120 494 1150 534 δ’
1171 494 1306 534 ἕκαστα

389 555 622 608 πρεσὸυγενεῒ
642 553 804 607 διάγουσι
823 553 894 609 νόῳ
916 554 978 593 καὶ
995 555 1118 608 κάρτεϊ
1139 557 1190 607 τῷ
1213 556 1281 608 σῷ.

391 613 489 668 Πρὸς
514 615 545 653 δ’
577 613 631 654 ἔτι
658 613 721 653 καὶ
751 613 869 667 τρίτον
892 614 980 654 ἄλλο
998 614 1096 667 γένος
1117 614 1309 663 ποίησας’
1289 613 1375 653 ανά-

1233 674 1372 726 [κτων,

390 732 427 773 οι
445 735 476 789 ῥ’
498 728 623 779 ἑκὰς
600 750 703 785 ημαρ
725 733 872 786 ἄγουσιν
893 732 1138 784 ἀνυμνείοντες
1161 734 1296 778 ἀοιδαῖς

393 793 606 846 βουλόμενόν
633 795 666 832 σ’
689 793 884 842 ἐθέλοντες,
902 794 1143 832 ἀοιδιάουσι
1123 793 1154 832 ο’
1174 794 1295 834 ε’σῶδε.

331 867 368 893 20
397 853 499 902 Τύνη
517 854 547 892 δ’
568 852 646 893 ἐσσὶ
661 851 781 907 πατὴρ
803 852 865 892 καὶ
883 851 1035 905 μητέρος
1055 853 1189 905 ἀγλαὸν
1207 845 1296 898 εἶδος

392 912 453 952 καὶ
468 912 599 952 τεκέων
620 911 716 966 τέρεν
736 913 895 960 ἅνθος,’
879 928 914 950 εν
936 911 1062 952 εἴδεσιν
1082 906 1201 957 εἶδοςε
1188 913 1376 966 υπάρχων,

392 972 453 1012 καὶ
468 972 566 1025 ψυχὴ
587 973 648 1011 καὶ
671 975 812 1022 πνεῦμα
826 971 887 1011 καὶ
905 971 1057 1025 ἁρμονίη
1076 971 1137 1011 καὶ
1155 972 1317 1025 ἀριθμός.

310 1124 526 1178 πεισρείουσι
574 1125 872 1171 Laurentianus,
919 1122 1141 1177 ἐπεισρέουσι
1185 1125 1375 1163 Borboni-

311 1199 396 1233 cus,
419 1182 661 1236 ὑπεισρεέουσι
691 1182 904 1232 steuchus,
929 1182 1189 1237 ἔπιστροφόωσι
1207 1184 1377 1222 Ambro-

309 1247 448 1283 sianus.

365 1307 426 1344 Vs.
456 1305 516 1342 13.
535 1305 611 1341 Pro
641 1301 890 1357 παντόκρατορ
924 1304 1170 1342 Borbonicus
1188 1301 1376 1343 παντοπά-

310 1379 388 1417 τορ,
416 1365 604 1402 steuchus
635 1361 881 1415 παντόπατορ,
922 1365 1114 1401 Praeterea
1146 1362 1378 1415 βασιλεύτατε

310 1426 609 1472 Laurentianus,
627 1421 817 1474 βασιλεύτε
837 1425 1047 1471 Steuchus,
1066 1423 1215 1475 βασιλεῦ
1234 1438 1273 1462 τε
1288 1425 1380 1461 Am-

310 1485 524 1523 brosianus.
546 1484 722 1532 Denique
743 1481 827 1533 μόνε
849 1496 981 1521 omnes
1007 1483 1243 1521 membranae
1274 1497 1378 1533 prae—

311 1546 429 1593 bent,
453 1546 485 1582 si
518 1558 540 1582 a
569 1545 795 1581 Borbonico
830 1544 933 1581 libro
966 1544 1203 1591 discesseris,
1231 1545 1273 1581 in
1298 1557 1378 1594 quo

311 1601 416 1653 μόνον
437 1603 640 1653 reperitur.
657 1601 772 1651 Quod
789 1615 911 1652 quum
925 1603 1020 1641 ferri
1035 1610 1206 1652 nequeat
1217 1632 1227 1652 ,
1245 1603 1277 1640 si
1292 1603 1379 1653 quis

310 1675 398 1699 cum
428 1661 530 1710 Majo
563 1675 611 1699 ex
631 1662 890 1700 Ambrosiano
923 1664 1137 1713 exemplari
1168 1662 1316 1715 βασιλεῦ
1338 1678 1378 1700 τε

309 1723 432 1772 legat,
451 1734 584 1759 versus
604 1723 814 1759 clausulam
841 1723 1082 1760 multimodis
1101 1729 1292 1760 mutatam
1307 1735 1377 1759 vo-

308 1783 380 1818 luit
403 1782 568 1820 Orellius
592 1794 684 1832 pag.
718 1782 809 1821 626.
833 1783 971 1832 Itaque
996 1783 1079 1832 ipse
1097 1782 1274 1820 nondum
1305 1795 1378 1819 co-

308 1843 416 1893 gnita
449 1842 699 1879 Laurentiani
739 1842 885 1879 codicis
928 1843 1095 1880 lectione
1132 1844 1379 1893 vulgaveram

311 1901 458 1953 βασιλεῦ
483 1915 523 1938 τε
542 1900 603 1939 καὶ
630 1899 758 1953 ὅὸριμε
780 1902 926 1950 θνητῶν.
947 1903 1058 1940 Nunc
1084 1902 1174 1939 libri
1193 1903 1294 1939 illius
1310 1914 1378 1939 au-

311 1963 528 1999 ctoritatem
544 1974 638 1998 meae
662 1961 895 2010 conjecturae
908 1970 1102 2012 praeopto,

364 2023 431 2059 Vs.
456 2026 519 2066 14.
537 2020 616 2059 αἵδ’
629 2020 711 2069 jam
725 2022 768 2058 in
785 2022 916 2071 priore
932 2022 1104 2059 editione
1126 2022 1283 2072 reposui
1301 2034 1376 2072 pro

309 2075 622 2112 membranarum
640 2077 833 2125 scriptura
849 2075 917 2113 αἵδ’
931 2077 993 2113 vel
1013 2073 1104 2114 αἵδε.

363 2136 426 2172 vs.
453 2133 516 2174 15.
538 2139 700 2186 γεγαυῖαι
721 2137 815 2172 item
844 2136 995 2173 restitui
1018 2136 1170 2173 sublato
1190 2136 1377 2173 librario*

309 2206 398 2230 rum
413 2194 555 2232 mendo
580 2195 776 2245 γεγαῶσαι.
798 2197 922 2232 Porro
943 2194 972 2233 δ’
998 2192 1132 2233 ἕκαστα
1149 2203 1258 2233 recte
1275 2197 1377 2233 Bor-

309 2253 494 2301 bonicus,
533 2254 640 2303 cujus
677 2256 767 2292 loco
806 2254 1089 2293 Ambrosianus
1127 2255 1158 2293 δ’
1199 2253 1372 2303 ἕκασται,

311 2314 500 2351 Steuchus
517 2313 553 2351 δὲ
575 2312 725 2352 ἕκασται
740 2313 910 2353 exhibet.

365 2375 430 2412 Vs.
455 2373 516 2412 18.
549 2375 738 2424 Pleraque
777 2376 1013 2425 exemplaria
1046 2376 1194 2413 calamo
1224 2383 1379 2414 exarata

310 2433 446 2470 vitiose
471 2431 507 2471 οἵ
530 2448 569 2472 σε
604 2433 684 2471 κατ’
709 2428 809 2487 ἦμαρ
839 2434 926 2486 (vel
959 2428 1087 2487 ἧπαρ)
1115 2434 1239 2488 ᾄδουσι
1259 2438 1378 2474 καθυ-

314 2490 505 2542 μνείοντες,
520 2494 586 2531 sed
599 2502 723 2531 metro
742 2503 780 2532 et
798 2496 994 2533 sententiae
1011 2496 1192 2533 satisfacit
1211 2495 1320 2546 quod
1336 2497 1377 2532 in

1436 511 1478 535 ex
1499 504 1532 535 te
1553 503 1661 544 natae,
1679 502 1834 536 mandata
1847 504 1958 537 autem
1980 503 2164 537 deferentes
2176 505 2294 538 cuncta

1437 561 1652 604 primogenita
1673 563 1783 596 mente
1798 563 1922 605 tuoque
1935 564 2056 597 robore
2081 563 2265 606 perficiunt.

1437 623 1600 654 Praeterea
1618 621 1718 655 etiam
1737 621 1825 654 aliud
1845 622 1982 656 tertium
2001 632 2103 665 genus
2119 624 2303 665 regulorum
2325 624 2504 667 generasti,

1438 681 1495 724 qui
1517 682 1632 723 procul
1653 690 1674 714 a
1696 684 1728 715 te
1740 681 1827 714 diem
1843 683 1947 724 agunt
1961 669 2060 717 cautu
2071 683 2274 717 celebrantes

1440 741 1602 775 volentem
1621 743 1653 774 te
1671 741 1778 783 ultro,
1801 745 1923 775 canunt
1936 750 2013 776 vero
2030 751 2134 785 usque
2151 743 2271 777 adhuc.

1438 803 1488 834 Tu
1511 802 1624 834 autem
1644 802 1735 843 pater
1756 809 1792 834 es
1806 801 1841 834 et
1853 800 1966 834 matris
1987 801 2157 844 splendida
2174 801 2273 836 facies

1438 863 1471 896 et
1492 864 1584 896 tener
1603 861 1781 896 liberorum
1804 861 1886 903 llos,
1912 861 1948 895 in
1969 861 2082 895 formis
2109 862 2276 904 fragilibus
2297 861 2456 905 iun-aglu·
2473 864 2508 896 et

2198 921 2361 965 [immota
2381 921 2506 964 forma,

1438 984 1472 1015 ct
1490 982 1619 1015 animus
1631 984 1664 1015 et
1679 981 1813 1023 spirltus
1834 982 1935 1023 atque
1955 981 2128 1014 harmonia
2145 984 2178 1015 et
2194 989 2366 1014 numerus.

1440 1125 1704 1163 Laurentiano
1725 1130 1929 1174 comparet
1945 1120 1982 1161 οἵ
1992 1121 2024 1176 ῥ’
2038 1120 2124 1167 ἑκὰς
2143 1116 2243 1176 ἦμαρ
2259 1121 2405 1174 ἄγουσιν
2422 1121 2507 1163 ἀνυ-

1440 1182 1631 1235 μνείοντες.

1493 1246 1557 1283 Vs.
1582 1255 1645 1293 19.
1667 1240 1864 1280 ἀοιδιάουσι
1885 1242 1974 1281 cod.
1997 1244 2118 1281 Laur.
2142 1249 2181 1280 et
2196 1242 2410 1291 steuchus,
2432 1241 2507 1282 ἀοι·

1440 1301 1600 1341 διάσουσι
1637 1299 1916 1352 Borbonicus‚‚
1935 1299 1991 1339 ἀεὶ
2020 1299 2183 1353 διάγουσι
2212 1301 2504 1344 Ambrosianus.

1439 1362 1588 1400 Deinde
1604 1361 1713 1400 ἐσῶδε
1733 1362 1929 1399 invenitur
1945 1362 1988 1398 in
2002 1363 2124 1400 Laur.
2143 1369 2182 1399 et
2198 1359 2319 1400 Borb.
2336 1362 2507 1412 ascripto

1439 1423 1619 1461 scholio:
1635 1419 1725 1460 Οτι
1739 1434 1834 1473 τρεις
1852 1418 1966 1464 τάξεις
1991 1418 2155 1472 ἀγγέλων
2185 1421 2204 1458 δ
2221 1418 2386 1474 χρησμὸς
2410 1412 2509 1464 οὗτος

1440 1481 1560 1529 δηλοι·
1578 1482 1649 1520 τῶν
1667 1478 1723 1518 ἀεὶ
1742 1481 1794 1533 τῶ
1814 1479 1899 1532 Θεῷ
1915 1477 2173 1531 παρεστώτων,
2188 1478 2251 1518 καὶ
2265 1479 2335 1518 τῶν
2347 1481 2509 1533 χωριζο-
2556 1493 2561 1498 ’

1440 1539 1556 1591 μένων
1578 1541 1684 1579 αὐτοῦ
1713 1539 1775 1578 και
1795 1541 1844 1584 εἷς
1862 1537 2027 1612 ἀγγελίας
2045 1537 2108 1578 καὶ
2131 1537 2310 1584 διακονίας
2331 1539 2509 1578 inumb

1439 1579 1624 1652 λομένων,
1645 1598 1707 1638 καὶ
1726 1614 1798 1638 των
1816 1597 1996 1653 φερόντων
2016 1598 2072 1638 ἀεὶ
2087 1597 2148 1638 τὸν
2169 1599 2276 1637 morou
2297 1597 2436 1652 θρόνον.
2460 1600 2510 1637 In

1440 1658 1619 1713 φερόντων
1651 1661 1745 1698 latet
1775 1660 1878 1698 mala
1908 1660 2178 1710 interpretatio
2208 1657 2321 1697 verbi
2349 1657 2507 1711 ἄγουσιν.

1439 1721 1515 1758 Sed
1543 1720 1702 1757 additur
1731 1733 1740 1756 ε
1776 1717 1831 1758 Τὸ
1852 1717 1889 1757 δὲ
1916 1718 2114 1758 ἀοιδιάουσι
2147 1717 2177 1756 δ’
2198 1718 2312 1758 ἐσῶδε
2333 1717 2413 1757 ἀντὶ
2445 1721 2507 1758 τοῦ

1440 1779 1581 1832 ᾄδουσιν
1600 1777 1666 1823 ἕως
1684 1780 1762 1818 νῦν.
1783 1779 1844 1819 Cf.
1863 1779 2036 1818 Lobeck.
2057 1779 2108 1816 ad
2122 1779 2266 1830 Phryn.
2284 1791 2328 1830 p.
2352 1782 2376 1824 4
2393 1790 2502 1830 seqq.

1440 1841 1588 1879 Pathol.
1609 1853 1653 1890 p.
1688 1840 1768 1878 610
1795 1851 1907 1889 seqq.
1943 1839 2131 1877 Caeterum
2153 1839 2256 1876 hanc
2275 1845 2508 1890 potestatem

1438 1901 1635 1950 posterior
1651 1906 1740 1938 aetas
1755 1900 1940 1937 adverbio
1957 1897 2081 1951 ἐσάρτι
2100 1899 2275 1936 tribuere
2295 1910 2504 1937 consueve-

1439 1967 1512 1998 rat.
1527 1959 1615 1998 vid.
1646 1960 1814 1998 eundem
1832 1960 1960 1997 virum
1977 1959 2137 1997 doctum
2150 1959 2201 1996 ad
2221 1957 2370 2008 Phryn.
2382 1970 2425 2009 p.
2436 1970 2503 1999 αι.

1438 2019 1514 2056 Id·
1504 2032 1630 2070 lpsum
1646 2032 1668 2057 a
1687 2018 1909 2070 Porphyrio
1927 2019 2115 2070 scriptum
2134 2031 2214 2056 esse
2229 2019 2421 2069 suspicor,
2436 2017 2506 2059 sed

1437 2087 1601 2130 propter
1615 2080 1930 2117 membranarum
1960 2091 2207 2139 consensum„
2212 2076 2322 2118 ἔσῶδε
2339 2073 2503 2126 retinui,

1441 2140 1635 2190 siquidem
1672 2139 1953 2178 Ambrosianus
1969 2139 2088 2176 habet
2116 2139 2151 2182 ἐς
2179 2129 2278 2189 ὠπα,
2317 2137 2505 2176 steuchus

1440 2201 1555 2237 etiam
1580 2199 1614 2242 ἐς
1643 2191 1724 2237 ὧδε.
1766 2199 1884 2247 Quod
1917 2199 2114 2248 reliquum
2143 2205 2213 2245 est,
2231 2195 2506 2236 Boissonadius

1439 2271 1530 2309 pag.
1548 2259 1802 2308 29410cum
1791 2271 1833 2295 1n
1851 2258 1957 2294 hunc
1974 2256 2135 2294 modum
2159 2257 2358 2308 corrigere
2379 2261 2508 2293 tenta-

1438 2320 1527 2356 vit:
1560 2315 1612 2357 Οἵ
1639 2333 1679 2356 σε
1700 2316 1779 2356 κατ’
1809 2319 1908 2370 ημαρ
1938 2315 2001 2355 καὶ
2019 2315 2121 2368 νύχθ’
2145 2314 2345 2389 ὓμνείοντες
2373 2313 2508 2358 ἀοιδαῖς

1442 2375 1655 2429 βουλόμενόν
1672 2377 1702 2431 ῥ’
1726 2375 1902 2420 ἐθέλοντες
1919 2377 1974 2414 ἀεὶ
1988 2374 2201 2428 διάγουσιν’
2185 2390 2220 2419 ες
2233 2367 2338 2425 ωπα,
2363 2372 2506 2428 ᾅδουσιν

1439 2439 1827 2488 interpretamentum
1853 2437 1965 2474 verbi
1996 2435 2173 2488 διάγουσιν
2203 2435 2315 2473 fuisse
2350 2441 2505 2486 putans.

1493 2499 1558 2537 Vs.
1584 2510 1650 2536 22.
1683 2494 1834 2549 ἁρμονίη
1851 2497 2134 2534 Laurentianus
2150 2524 2161 2543 ‚
2184 2495 2311 2533 coeteri
2329 2490 2500 2546 ἁρμονία.
