2612 3814
279 249 354 282 232
1115 242 1319 284 sep‘iEM
1353 245 1660 290 SAPIENTUM

274 331 368 369 δοκεῖ
390 325 449 382 μοι
478 330 578 375 πόλις
601 330 729 385 ἄριστα
750 331 915 385 πράττειν
942 334 1004 372 καὶ
1034 333 1194 385 μάλιστα
1217 337 1341 381 σώζειν

274 390 533 443 δημοκρατίαν,
569 393 603 430 ἐν
631 385 655 444 ᾗ
682 391 742 430 τὸν
773 393 992 441 ἀδικήσαντα
1024 397 1086 432 τοῦ
1117 394 1342 443 ἀδικηθέντος

273 449 346 490 οὐδιῖ
339 467 367 489 ,ν
389 455 492 499 ἡττον
514 455 546 492 οἱ
577 451 628 503 μὴ
656 451 877 500 ἀδικηθέντες
899 453 1163 506 προὸοίλλονται
1196 454 1257 493 καὶ
1283 471 1345 494 κο-

271 510 452 556 λάζουσιν.
484 511 652 573 Δεύτερος
668 511 704 550 δὲ
724 515 742 550 6
763 512 849 557 Βίας
879 512 1010 566 ἔφησε,
1035 513 1228 567 κρατίστην
1250 507 1342 554 εἰναι

272 570 568 624 δημοκρατίαν,’
553 587 587 610 εν
611 575 634 622 ᾗ
665 572 796 616 πάντες
816 575 862 617 ὡς
881 572 1087 626 τύραννον
1072 573 1262 612 ωοὸοῦνται
1283 574 1342 613 τὸν

270 630 391 702 νόμον.
414 630 500 671 Ἐπι
530 631 643 684 τούτῳ
669 633 793 680 Θαλῆς
818 635 880 680 τὴν
904 633 995 684 μήτε
1025 633 1256 678 πλουσίους”
1235 650 1338 686 αγαν,

272 705 363 739 μητε
395 689 549 739 πένητας
581 690 732 744 ἔχουσαν
766 692 924 737 πολίτας.
961 693 1064 732 Μετὰ
1101 693 1135 731 δὲ
1166 709 1287 733 τουτον
1323 697 1341 734 6

271 748 500 803 Ἀνάχαρσις·
517 752 551 789 ἐν
568 755 590 804 ᾐ
611 754 678 790 τῶν
698 751 846 790 ἄλλων”
835 768 917 791 ισων
940 752 1151 805 ὁριζομένων
1173 753 1279 806 ἀρετὴ
1300 754 1342 793 τὸ

271 808 409 861 βέλτιον
426 811 580 863 ὁρίζεται
597 811 658 850 καὶ
674 811 782 850 κακία
798 811 836 849 τὸ
852 814 984 864 χεῖρον.
1005 812 1174 863 Πέμπτος
1189 815 1207 852 6
1223 814 1342 853 Κλεό-

271 868 395 915 ὅουλος
415 870 481 923 ἔφη
496 901 506 922 ,
527 871 683 922 μάλιστα
700 874 889 925 σωφρονεῖν
909 872 1034 923 δῆμον,
1052 871 1138 911 ὅπου
1155 873 1214 912 τὸν
1231 873 1339 926 ψόγον

269 931 405 979 μᾶλλον
423 931 454 969 οἱ
470 932 735 983 πολιτευόμενοι
750 930 981 970 δεδοίκασιν
962 948 984 979 η
1000 931 1058 971 τὸν
1072 932 1192 984 νόμον.
1208 931 1340 978 Ἕκτος

269 988 304 1026 δὲ
335 990 533 1039 Πιττακός,
554 990 641 1030 ὅπου
663 996 735 1035 τοῖς
763 997 927 1044 πονηροῖς
958 993 1021 1031 οὐκ
1050 991 1226 1038 ἔξεστιν*
1193 1009 1337 1060 αρχειν,

268 1041 329 1081 καὶ
359 1049 431 1088 τοῖς
464 1047 606 1095 ἀγαθοῖς
636 1044 768 1090 ἔξεστιν
798 1045 935 1098 ἄρχειν.
973 1046 1224 1100 Μετατραπεὶς
1255 1047 1292 1086 δὲ
1319 1051 1338 1087 6

268 1101 387 1142 Χίλων
421 1103 649 1158 ἀπεφήνατο,
685 1109 748 1154 τὴν
781 1106 939 1157 μάλιστα
972 1106 1106 1158 νόμων,
1138 1106 1269 1154 ἥκιστα
1301 1108 1338 1147 δὲ

268 1161 423 1216 ῥητόρων
453 1164 651 1204 ἀκούουσαν
678 1165 858 1204 πολιτείαν
894 1166 1043 1221 ἀρίστην
1077 1169 1182 1207 εἰναι.
1205 1169 1339 1207 Ιελευ-

265 1225 361 1268 ταῒος
392 1222 429 1262 δὲ
460 1224 566 1263 πάλιν
596 1227 614 1263 6
643 1214 861 1279 Περίανδρος
894 1225 1127 1280 ἐπικρίνων”
1107 1242 1188 1280 εφη,
1222 1229 1336 1269 δοκεῖν

266 1284 360 1337 αὐτῷ
375 1284 511 1329 πάντας
528 1285 679 1325 ἐπαινεῖν
699 1286 939 1339 δημοκρατίαν
957 1288 1020 1335 τὴν
1035 1289 1246 1337 ὁμοιοτάτην
1263 1290 1337 1342 ‹ipt-

265 1344 471 1398 στοκρατίᾳ.

400 1420 658 1471 (Plutarchus
677 1421 747 1460 vlt
769 1422 942 1475 Sapient.
971 1423 1145 1463 Conviv.
1167 1437 1256 1477 cap.
1285 1439 1299 1462 1
1313 1439 1327 1462 1

452 1495 542 1533 pag.
570 1490 618 1529 24
638 1484 736 1535 seq.)

342 1587 711 1628 ΑΝΑΧΑΡΣΙΔΟΣ
740 1590 979 1629 ΓΝΟΥΡΟΥ
1007 1591 1242 1630 ΑΠΟΦΘΕ-

698 1650 887 1689 ΓΜΛΤΑ.

290 1772 320 1799 1.
346 1761 512 1813 Κρεῖττον
533 1760 595 1800 ἕνα
621 1761 719 1816 φίλον
739 1762 833 1816 ἔχειν
861 1765 996 1804 πολλοῦ
1017 1764 1110 1810 ἀξιον
1134 1765 1156 1813 ἢ
1179 1764 1331 1811 πολλοὺς

342 1818 491 1870 μηδενὸς
508 1819 634 1866 ἀξίους.

397 1891 607 1942 (Diogenes
626 1891 804 1932 Laertius
825 1894 865 1943 Ι,
891 1895 996 1947 105.)

283 1985 314 2011 2.
343 1971 438 2026 Πρὸς
469 1972 532 2021 τὴν
566 1974 728 2020 Σόλωνος
758 1975 871 2015 οἷκίαν
899 1978 1109 2032 ἀφικόμενος
1135 1980 1203 2016 τῶν
1222 1982 1324 2031 θερα-

336 2031 472 2071 πόντων
501 2034 568 2073 τινὶ
591 2034 753 2074 ἐκέλευσε
785 2052 968 2089 μηνυσαι,
992 2037 1044 2077 ὅτι
1078 2038 1207 2091 παρείη
1239 2038 1327 2090 πρὸς

336 2093 441 2132 αὐτὸν
461 2093 695 2148 Ἀνάχαρσις,
718 2096 779 2135 καὶ
802 2096 963 2149 βούλοιτο
992 2098 1098 2138 αὐτὸν
1129 2099 1324 2138 θεάσασθαι

337 2151 428 2198 ξένος
454 2169 514 2203 τε,
533 2156 564 2193 εἷ
582 2149 652 2194 οἶόν
667 2171 727 2207 τε,
746 2156 930 2213 γενέσθαι·
950 2158 1011 2197 καὶ
1031 2161 1048 2196 ὁ
1071 2158 1234 2212 θεράπων
1255 2160 1324 2196 εἷσ-

254 2293 464 2326 conservare‚
482 2286 514 2318 in
531 2295 597 2328 qua
619 2287 746 2328 inJuriae
769 2289 906 2330 alicujus
932 2292 1101 2324 auctorem
1122 2300 1188 2324 non
1213 2291 1322 2324 minus

253 2346 346 2378 illaesi
368 2355 466 2388 quam
485 2347 542 2388 qui
562 2348 658 2381 laesus
681 2350 729 2382 est
747 2350 779 2382 in
797 2350 851 2391 jus
875 2351 1002 2392 rapiant
1021 2354 1054 2384 et
1084 2353 1232 2394 puniant.
1263 2355 1315 2386 Se-

252 2406 380 2440 cundus
393 2408 468 2441 Bias
484 2409 587 2450 dixit,
604 2410 794 2452 popularem
815 2412 1003 2454 reipublicae
1017 2417 1141 2446 statum
1161 2422 1230 2447 esse
1239 2415 1322 2456 opti-

253 2475 363 2508 mum,
383 2467 416 2499 in
436 2477 503 2510 quo
522 2468 624 2510 legem
653 2470 795 2503 universi
811 2473 968 2514 tanquam
995 2476 1168 2515 tyrannum
1194 2476 1321 2507 metue·

252 2528 338 2559 rent.
367 2529 452 2560 Tum
482 2528 600 2561 Thales
629 2538 700 2562 eam
727 2530 875 2563 laudavit
908 2531 1097 2573 civitatem,
1126 2541 1201 2574 quae
1236 2533 1323 2565 cives

253 2594 359 2627 neque
387 2586 505 2620 divites
528 2588 625 2621 nimis
645 2598 751 2631 neque
780 2599 936 2631 pauperes
965 2591 1111 2625 haberet.
1138 2593 1213 2625 Post
1235 2592 1322 2625 hunc

253 2645 450 2679 Anacharsis
469 2655 541 2679 eam
558 2648 591 2680 in
612 2657 695 2690 qua,
719 2659 823 2690 quum
842 2651 968 2692 reliqua
984 2652 1124 2694 aequalia
1140 2655 1321 2686 statueren-

252 2707 319 2745 tur,
341 2706 443 2739 virtus
466 2706 543 2753 linis
560 2707 743 2750 bonorum,
764 2709 882 2742 vitium
901 2720 1070 2744 summum
1095 2712 1217 2745 malum
1234 2713 1322 2754 judi-

252 2767 391 2799 caretur.
413 2767 555 2806 Quintus
572 2768 748 2802 Cleobulus
765 2771 828 2809 ait,
844 2771 887 2804 ibi
905 2774 1239 2814 temperantissimum
1250 2783 1322 2807 esse

254 2827 426 2868 populum,
443 2826 497 2859 ubi
512 2827 601 2860 cives
615 2828 716 2870 magis
729 2830 1008 2871 reprehensionem
1025 2835 1209 2866 metuerent
1222 2843 1319 2875 quam

255 2885 351 2927 leges.
372 2888 491 2920 Sextus
513 2887 679 2929 Pittacus,
695 2888 751 2921 ubi
771 2891 930 2930 imperare
946 2892 1102 2934 improbis
1115 2902 1179 2926 non
1197 2894 1320 2934 liceret,

256 2945 349 2978 bonis
375 2946 452 2979 viris
473 2946 597 2980 liceret.
628 2948 812 2981 conversus
835 2950 951 2983 deinde
971 2952 1064 2984 Chilo
1086 2954 1319 2993 rempublicam

252 3005 378 3046 legibus
408 3006 634 3049 potissimum,
668 3007 801 3040 minime
831 3010 1015 3044 oratoribus
1042 3011 1319 3054 obtemperantem

252 3064 409 3105 optimam
445 3074 518 3099 esse
545 3067 782 3107 pronuntiavit.
815 3069 941 3101 Rursus
976 3070 1112 3102 ultimus
1145 3072 1321 3104 Periander

251 3126 444 3157 caeterorum
476 3125 565 3159 dicta
584 3126 767 3167 dijudicans
796 3127 860 3169 ait,
894 3128 996 3161 videri
1018 3129 1078 3162 sibi
1110 3139 1225 3164 omnes
1247 3141 1318 3165 eam

253 3184 483 3217 commendare
523 3186 712 3227 popularem
749 3187 935 3229 reipublicae
970 3189 1124 3227 sormam,
1160 3200 1235 3232 quae
1271 3193 1317 3224 si-

252 3244 386 3276 millima
410 3248 492 3277 esset
518 3246 712 3287 optimatum
736 3246 769 3279 in
794 3248 925 3281 civitate
947 3249 1185 3289 gubernaroni.

335 3357 599 3391 ANACHARSIS
621 3359 755 3391 GNURI
777 3361 814 3391 F.
839 3361 1231 3396 APOPHTIIEGMATA.

295 3475 323 3502 1.
346 3470 465 3503 Melius
482 3473 529 3505 est
549 3481 649 3505 unum
664 3472 805 3506 amicum
827 3476 1038 3515 praestantem
1063 3485 1163 3517 quam
1187 3476 1316 3511 fallaces

253 3517 369 3563 multos
383 3529 513 3564 habere.

1485 342 1654 391 αγγείλας
1694 342 1883 393 ἐκελεύσθη
1922 345 1990 385 ὑπὸ
2038 351 2098 388 τοῦ
2151 349 2313 398 Σόλωνος
2358 354 2467 397 εἰπεῖν

1486 402 1610 454 αὐτῶ,
1646 398 1699 440 ὅτι
1733 417 1801 457 περ
1844 405 1881 443 ἐν
1920 407 1995 451 ταῖς
2029 407 2132 453 ἰδίαις
2169 411 2315 465 πατρίσι
2356 413 2470 462 ξένους

1484 464 1678 500 ποιοῦνται·
1698 461 1827 502 ἔνθεν-ὁ
1842 464 2053 520 Ἀνάχαρσις
2069 467 2213 507 ἐλθὼν”
2193 485 2278 524 εφη·
2294 487 2354 512 νυν
2369 474 2471 521 αὐτὸς

1485 521 1520 559 ἐν
1551 523 1596 574 τῇ
1630 522 1774 576 πατρίδι
1809 524 1906 576 εἶμί,
1937 526 1997 565 καὶ
2043 528 2216 582 προσήκει
2258 546 2319 582 μοι
2354 531 2470 580 ξένους

1483 585 1680 620 ποιεῖ’-θαι·
1717 584 1736 621 6
1776 583 1813 622 δὲ
1854 587 2095 639 καταπλαγεὶς
2147 588 2211 638 τὴν
2257 592 2470 644 ἑτοιμότητα

1483 639 1690 694 εἰσέφρησεν
1710 642 1830 695 αὐτόν,
1852 643 1913 683 καὶ
1931 644 2097 699 μέγιστον
2118 649 2255 703 φίλον
2239 651 2446 700 εποιήσατο.

1538 713 1751 768 (Diogenes
1770 716 1950 758 Laertius
1965 718 2039 762 lib.
2061 721 2094 770 1,
2119 737 2213 762 101-
2225 727 2331 778 102.)

1428 800 1459 826 3.
1482 785 1718 838 Ἐρωτηθείς,
1737 786 1772 826 τί
1794 789 1888 827 ἔστιν
1909 790 1945 828 ἐν
1965 790 2161 844 ἀνθρώποις
2187 795 2317 845 ἀγαθόν
2343 812 2381 836 τε
2408 800 2469 837 καὶ

1483 847 1630 900 φαῦλον;
1647 846 1735 900 ἔφη,
1753 847 1924 889 Γλῶσσα.

1542 913 1749 964 (Diogenes
1767 915 1948 955 Laertius
1964 916 2004 965 Ι,
2029 918 2128 970 105.)

1427 997 1459 1025 4.
1487 984 1680 1036 Γλώσσης,
1700 985 1866 1040 γαστρός,
1888 986 2029 1026 αἰδοίων
2046 987 2184 1040 κράτει.

1537 1054 1746 1106 (Diogenes
1767 1055 1946 1097 Laertius
1967 1058 2038 1100 lib.
2062 1059 2105 1108 1,
2134 1067 2222 1106 104.
2227 1062 2239 1112 )

1424 1139 1456 1166 5.
1483 1124 1577 1166 Υπὸ
1597 1125 1782 1202 μειρακίου
1799 1127 1898 1180 παρὰ
1929 1128 2038 1168 πότον
2070 1130 2246 1185 ὑὸρισθεὶς
2268 1132 2354 1188 ἔφη·
2371 1131 2480 1175 Μειὲ

1479 1187 1616 1261 ράκιον,
1636 1187 1696 1227 ἐὰν
1715 1188 1788 1233 νέος
1810 1187 1858 1228 ὢν
1877 1189 1935 1228 τὸν
1953 1193 2044 1230 οἶνον
2070 1194 2108 1231 οὗ
2126 1208 2255 1247 φερῃς,
2281 1193 2395 1249 γέρων
2415 1213 2464 1235 ων

1479 1246 1571 1301 ὕδωρ
1588 1247 1708 1293 οἴσεις.

1533 1313 1742 1366 (Diogenes
1760 1312 1792 1352 Ι
1795 1326 1860 1352 aet
1862 1323 1939 1354 tius
1956 1315 2024 1355 lib.
2045 1316 2061 1354 Ι
2075 1316 2206 1370 ,105.)

1423 1393 1452 1420 σ.
1478 1379 1699 1433 Ἀνάχαρσις
1734 1378 1822 1434 ἔφη,
1853 1381 2062 1433 κιρναμένου
2092 1386 2268 1438 κρατῆρος
2303 1387 2464 1440 ἔφεστίου

1475 1439 1534 1478 τὸν
1558 1439 1620 1490 μὲν
1638 1442 1777 1511 πρῶτον
1804 1439 1938 1492 ὑγιείας
1955 1441 2138 1491 πίνεσθαι,
2159 1443 2218 1482 τὸν
2244 1443 2281 1483 δὲ
2301 1445 2462 1500 δεύτερον

1476 1501 1622 1549 ηδονῆς,
1646 1500 1702 1539 τὸν
1735 1499 1772 1538 δὲ
1803 1500 1918 1551 τρίτον
1939 1499 2094 1553 ὅὸρεως,
2113 1503 2172 1541 τὸν
2204 1503 2240 1542 δὲ
2259 1506 2461 1546 τελευταῖον

1477 1560 1616 1617 μανίας.

1531 1631 1720 1684 (Stobaeus
1737 1631 1840 1673 Flor.
1851 1631 1994 1679 XVIII,
2010 1635 2076 1682 26;
2088 1634 2232 1674 Anton.
2246 1643 2284 1674 et
2296 1634 2458 1676 Maxim.

1583 1693 1708 1732 Serm.
1731 1691 1812 1744 περὶ
1835 1692 1969 1744 μέθης.)

1418 1778 1449 1804 7.
1475 1761 1706 1816 Ἐρωτηθείς,
1724 1762 1756 1801 εἴ
1771 1763 1858 1802 εἰσιν
1873 1763 1908 1801 ἐν
1924 1763 2080 1809 Σκύθαις
2097 1763 2212 1814 αὐλοί,
2231 1758 2344 1815 εἶπεν,
2363 1765 2460 1807 Ἀλλ’

1472 1823 1551 1863 οὐδὲ
1573 1823 1741 1874 ἄμπελοι.

1526 1890 1739 1943 (Diogenes
1755 1889 1934 1930 Laertius
1954 1890 2024 1930 lib.
2042 1890 2082 1940 Ι,
2109 1893 2207 1943 104.)

1415 1976 1447 2002 8.
1472 1961 1708 2016 Ἐρωτηθείς,
1730 1963 1805 2005 πῶς
1833 1963 1896 2000 οὐκ
1916 1960 1958 2000 ἂν
1992 1960 2128 2014 γένοιτό
2157 1978 2209 2006 τις
2239 1962 2452 2017 φιλοπότης,

1471 2031 1578 2066 εἰ·πεν
1600 2027 1645 2066 Εἰ
1667 2025 1734 2079 πρὸ
1761 2026 1991 2080 ὂφθαλμῶν”
1972 2041 2048 2079 εχοι
2070 2026 2132 2070 τὰς
2157 2031 2228 2067 τῶν
2257 2028 2457 2079 μεθυόντων

1471 2084 1740 2138 ἀσχημοσύνας.

1522 2157 1731 2209 (Diogenes
1754 2155 1933 2194 Laertius
1950 2155 2022 2194 lib.
2042 2156 2079 2204 1,
2104 2158 2209 2208 103.)

1427 2295 1459 2325 2.
1486 2290 1616 2323 Solonis
1639 2289 1776 2321 domum
1795 2298 1898 2330 quum
1923 2290 2081 2331 venisset,
2098 2290 2194 2331 jussit
2223 2291 2388 2333 quendam
2411 2301 2451 2326 ex

1383 2352 1452 2392 eJus
1492 2350 1611 2382 familia
1652 2348 1804 2381 nuntiare
1839 2349 1947 2381 Soloni
1961 2373 1971 2390 ,
2012 2349 2259 2383 Anacharsidem
2292 2351 2335 2384 ad
2370 2352 2454 2386 tores

1383 2410 1519 2450 adesse,
1544 2411 1585 2450 ut
1613 2408 1700 2441 illius
1730 2411 1903 2450 conspectu
1934 2410 1968 2448 et
2000 2409 2157 2451 hospitio,
2178 2410 2206 2443 si
2233 2410 2303 2444 fieri
2321 2414 2452 2453 posset,

1383 2469 1559 2502 frueretur.
1592 2470 1680 2502 Puer
1714 2468 1801 2500 intus
1830 2468 1902 2500 haec
1924 2468 2052 2501 nuntiat
2074 2469 2186 2505 soloni
2206 2470 2342 2512 ejusque
2358 2471 2452 2512 jussu

1382 2527 1594 2562 Anacharsidi
1616 2527 1802 2567 renuntiat,
1817 2527 1851 2559 in
1870 2536 1930 2560 sua
1957 2536 2123 2569 quemque
2149 2529 2251 2570 patria
2273 2529 2451 2572 hospitium

1383 2588 1497 2621 facere.
1531 2587 1615 2620 Hinc
1638 2587 1802 2627 ingressus
1829 2587 2025 2620 Anacharsis
2055 2600 2063 2620 ι
2089 2589 2162 2620 Jam
2194 2597 2296 2630 vero,
2321 2589 2450 2632 inquit,

1382 2648 1416 2680 in
1443 2649 1546 2690 patria
1578 2657 1652 2680 sum
1685 2656 1804 2689 meque
1836 2647 1931 2680 decet
1965 2648 2104 2689 hospitio
2137 2658 2213 2682 cnm
2250 2650 2322 2683 aliis
2344 2650 2450 2693 jungi.

1381 2711 1488 2747 Quam
1509 2708 1571 2742 viri
1593 2708 1828 2741 dexteritatem
1842 2708 2021 2741 admiratus
2040 2709 2140 2742 Solon
2162 2709 2274 2743 statim
2295 2719 2372 2744 eum
2390 2711 2450 2744 ad·

1381 2769 1469 2802 misit
1486 2770 1519 2803 et
1538 2769 1729 2803 arctissimis
1753 2769 1907 2801 amicitiae
1926 2769 2067 2802 vinculis
2083 2769 2145 2802 sibi
2165 2770 2327 2804 devinxit.

1422 2831 1455 2861 3.
1476 2830 1714 2869 Interrogatus,
1733 2828 1813 2870 quid
1830 2828 1863 2860 in
1882 2828 2069 2861 hominibus
2087 2829 2208 2862 bonurn
2217 2830 2315 2863 simul
2328 2839 2367 2864 ac
2382 2839 2447 2864 ma·

1381 2888 1448 2920 lum
1467 2892 1554 2921 esset
1573 2898 1582 2920 ε
1599 2888 1742 2929 Lingua,
1761 2888 1878 2929 inquit.

1422 2949 1454 2980 4.
1477 2947 1632 2988 Linguam
1644 2971 1654 2987 ‚
1675 2949 1824 2980 ventrem
1836 2971 1846 2987 ,
1866 2947 2019 2988 pudenda
2035 2948 2176 2981 contine.

1424 3011 1454 3039 5.
1477 3006 1528 3039 Ab
1555 3006 1760 3039 adolescente
1790 3007 1822 3038 iu
1851 3007 2002 3039 convivio
2032 3017 2146 3046 passus
2174 3010 2404 3043 contumeliam
2435 3025 2444 3045 ε

1381 3067 1594 3107 Adolescens,
1611 3066 1738 3108 inquit,
1752 3066 1778 3099 si
1795 3075 1882 3099 nunc
1898 3067 2004 3108 ipsum
2017 3091 2027 3108 ,
2048 3077 2151 3108 quum
2165 3068 2296 3109 juvenis
2320 3079 2374 3111 es,
2394 3071 2446 3103 vi-

1381 3135 1459 3158 num
1482 3135 1547 3158 non
1567 3126 1645 3167 fers,
1662 3125 1791 3167 quando
1809 3127 2033 3168 consenueris,
2048 3136 2166 3169 aquam
2182 3129 2275 3162 seres.

1420 3190 1450 3218 6.
1474 3185 1669 3219 Anacharsis
1686 3185 1786 3225 dixit,
1807 3195 1910 3227 quum
1931 3186 2004 3219 vina
2022 3187 2110 3219 domi
2131 3188 2356 3231 miscerentur,
2380 3191 2445 3232 pri-

1379 3255 1469 3278 mum
1489 3246 1643 3288 poculum
1666 3247 1815 3279 sanitatis
1837 3247 1925 3286 bibi,
1939 3247 2077 3280 alterum
2098 3249 2292 3292 voluptatis,
2311 3252 2443 3285 tertium

1377 3305 1603 3346 contumeliae,
1624 3305 1776 3339 ultimum
1792 3305 1939 3338 insaniae.

1421 3366 1451 3396 7.
1474 3366 1718 3407 Interrogatus,
1735 3374 1815 3398 num
1835 3365 1923 3398 tibiae
1940 3367 2049 3399 essent
2065 3367 2097 3399 in
2125 3368 2276 3411 Scythia,
2294 3371 2341 3403 Ne
2361 3370 2443 3403 vites

1377 3421 1528 3463 quidem,
1548 3422 1663 3464 iuquit.

1418 3483 1449 3513 8.
1467 3481 1699 3522 Interrogatus,
1711 3481 1876 3523 quomodo
1889 3483 1962 3524 quis
1971 3483 2148 3517 abstemius
2162 3483 2441 3518 fleret:s1ebr·o-

1377 3548 1465 3581 r,u1n
1486 3540 1608 3582 inquit,
1627 3540 1744 3582 flagitia
1763 3544 1837 3575 ante
1853 3542 2108 3577 oculoshabeat.
