2612 3814
0 1749 2 1779 l

0 1781 1 1802 l

1043 226 1195 266 SEXTI
1224 224 1584 265 ENcfflmmoN.
1885 211 1888 216 ’
2309 227 2379 261 531

263 320 351 370 390.
382 317 596 370 Immundae
635 315 775 354 animae
812 328 860 353 ne
898 314 1040 353 audeas
1074 314 1184 366 loqui
1218 314 1267 352 de

210 380 304 418 Deo.

267 441 360 490 391.
390 437 475 476 Viri
497 435 716 488 periculum
750 434 793 472 in
813 435 1001 487 operibus
1018 435 1149 487 primo
1170 434 1271 473 sicut

209 499 253 538 in
271 498 404 536 verbis
424 497 555 535 facito.
582 495 656 547 (Cf.
680 495 938 546 Demophilus
958 503 1057 535 sent.
1082 493 1160 547 36.)

265 560 360 609 39²·
393 558 517 595 Aures
537 565 621 594 tuas
638 569 719 594 non
743 554 929 593 omnibus
946 555 1180 593 committas.

266 619 355 668 393.
385 617 552 669 Operari
577 615 735 667 quidem
757 615 840 653 Deo
855 614 1040 653 omnibus
1059 615 1171 653 facile
1197 623 1271 661 est,

211 677 342 716 dicere
357 685 483 715 autem
502 676 550 714 de
569 676 652 714 Deo
669 675 743 714 soli
757 675 861 727 justo
878 683 935 713 est
951 673 1271 726 permittendum.

268 739 360 787 394.
393 736 479 775 Νοιι
501 736 649 774 cruciet
665 736 796 774 anima
815 744 880 773 tua
900 747 1044 786 corpus
1063 743 1170 772 tuum
1185 763 1195 776 ,
1212 746 1275 770 110-

211 811 289 850 que
309 797 479 835 animam
499 805 602 834 tuam
620 795 747 833 libido
765 794 958 848 corporis.

269 857 358 908 395.
390 856 571 895 lnsuesce
593 864 629 893 te
649 855 778 906 ipsum
800 853 960 905 quidem
991 852 1153 904 corpori
1173 865 1274 904 prae-

211 918 328 963 bere,
345 930 432 967 quae
463 929 533 954 sua
565 923 676 966 sunt,
698 923 824 962 caste,
854 922 892 951 et
912 913 1075 961 animae,
1096 926 1180 963 quae
1206 925 1276 950 sua

213 984 325 1022 sunt,
347 976 424 1027 pie.

270 1036 363 1085 396.
396 1036 516 1073 Pasce
530 1033 698 1072 animam
718 1041 821 1071 tuam
839 1032 962 1073 verbo
981 1032 1119 1080 Dei‚et
1134 1044 1279 1083 corpus

217 1094 468 1147 simplicibus
497 1093 608 1132 cibis.
627 1093 704 1145 (Cf.
722 1091 920 1144 Porphyr.
938 1092 987 1130 ad
1006 1091 1129 1131 Marc.
1148 1105 1178 1128 c.
1199 1089 1276 1142 26.)

273 1157 365 1206 397.
397 1154 481 1194 lllis
502 1154 679 1192 insuesce
699 1152 867 1190 animam
886 1161 990 1190 tuam
1019 1151 1192 1201 gaudens
1206 1179 1215 1196 ‚
1238 1151 1279 1187 in

218 1213 363 1265 quibus
385 1222 487 1252 recte
503 1212 678 1263 gaudeat.
704 1211 847 1249 Anima
860 1239 870 1258 ,
886 1224 974 1262 quae
993 1210 1143 1261 iniquis
1163 1208 1280 1247 rebus

219 1273 380 1324 gaudet,
402 1272 564 1322 indigna
583 1279 641 1310 est
660 1269 764 1322 apud
784 1271 925 1309 Deum.

276 1334 368 1383 398.
399 1331 595 1384 Sapientis
629 1331 760 1369 anima
789 1330 897 1368 audit
918 1330 1065 1377 Deum,
1091 1328 1282 1380 sapientis

219 1394 350 1432 anima
381 1401 536 1445 aptatur
561 1406 584 1430 a
613 1392 696 1430 Deo
717 1392 807 1444 (leg.
831 1391 880 1430 ad
899 1390 1066 1440 Deum),
1095 1387 1282 1440 sapientis

219 1452 351 1491 anima
368 1465 522 1503 semper
545 1460 602 1490 est
627 1465 715 1490 cum
737 1451 834 1491 Deo.
859 1450 985 1503 (Conf.
1008 1448 1204 1500 Porphyr.
1235 1446 1280 1485 ad

221 1512 391 1551 Marcell.
414 1525 499 1564 cap.
525 1512 601 1564 16.)

277 1573 371 1623 399.
403 1571 480 1611 Cor
506 1571 708 1622 diligentis
726 1572 850 1610 Deum
868 1570 910 1609 in
931 1583 1050 1609 manu
1069 1570 1142 1608 Dei
1163 1569 1285 1609 stabi-

221 1632 335 1671 litum
357 1639 426 1670 est.

280 1697 372 1736 400.
403 1691 556 1730 Animae
572 1703 756 1729 ascensus
779 1689 828 1728 ad
851 1690 973 1729 Deum
999 1703 1070 1743 per
1099 1690 1171 1729 Dei
1194 1702 1285 1728 ver-

222 1751 318 1790 bum
337 1759 410 1789 est.

279 1818 370 1857 401.
404 1811 571 1864 Sapiens
591 1811 770 1863 sequitur
791 1810 914 1848 Deum
932 1818 970 1848 et
993 1809 1097 1848 Deus
1117 1810 1285 1848 animam

225 1872 427 1925 sapientis.

283 1938 372 1979 402.
402 1930 556 1970 Gaudet
572 1945 642 1970 rex
661 1943 780 1983 super
795 1929 876 1977 his,
891 1943 991 1981 quos
1006 1930 1128 1979 regit3
1149 1930 1289 1980 gaudet

228 2006 323 2044 ergo
343 1992 449 2031 Deus
484 2004 604 2044 super
636 1992 825 2043 sapiente.
851 1989 1133 2042 lnseparabilis
1167 1998 1225 2028 est
1252 1999 1290 2028 et

230 2054 280 2093 ab
300 2053 363 2092 his
382 2065 482 2105 quos
502 2052 603 2103 regit
620 2052 687 2090 ille
703 2051 771 2103 qui
789 2051 910 2101 regit3
929 2051 985 2088 ita
1005 2063 1098 2100 ergo
1124 2058 1162 2088 et
1185 2051 1290 2088 Deus

230 2114 281 2153 ab
311 2114 442 2152 anima
467 2112 678 2164 sapientis,
697 2125 812 2163 quam
831 2119 961 2149 tuetur
983 2119 1021 2149 et
1036 2110 1147 2160 regit.
1165 2109 1289 2162 (Cons.

229 2173 428 2226 Porphyr.
448 2173 497 2211 ad
517 2172 689 2212 Marcell.
712 2185 797 2223 cap.
823 2171 898 2222 16.)

286 2234 376 2280 403.
409 2233 573 2283 Regitur
586 2245 608 2270 a
621 2232 704 2270 Deo
717 2233 781 2270 vir
802 2233 955 2283 sapiens
977 2239 1015 2269 et
1033 2230 1182 2269 idcirco
1199 2228 1293 2267 bea-

231 2302 294 2332 tus
313 2302 385 2333 est.
408 2292 478 2344 (Cf.
498 2292 693 2344 Porphyr.
711 2291 759 2329 ad
779 2290 951 2329 Marcell.
971 2304 1052 2342 cap.
1081 2290 1158 2341 16.)

288 2358 383 2398 404.
415 2352 558 2390 Anima
575 2351 761 2403 sapientis
783 2364 826 2389 ac
854 2363 962 2389 mens
985 2351 1066 2388 Deo
1089 2348 1293 2401 probatur.

290 2413 382 2458 405.
414 2411 579 2464 Sapiens
593 2412 668 2459 vir,
681 2420 719 2449 et
735 2425 821 2449 cum
842 2419 952 2458 tacet,
969 2411 1136 2448 honorat
1150 2409 1292 2449 Deum.

238 2475 315 2526 (Cf.
345 2473 570 2526 Demophil.
593 2482 689 2513 sent.
722 2474 745 2511 6
765 2482 803 2512 et
830 2472 1029 2525 Porphyr.
1052 2473 1099 2510 ad
1119 2472 1294 2511 Marcell.

237 2548 321 2586 cap.
346 2535 424 2586 16.)

295 2597 388 2641 406.
419 2595 606 2634 Venerem
635 2603 673 2632 et
701 2606 746 2633 ea
771 2607 857 2644 quae
888 2592 962 2632 sub
994 2595 1083 2631 alvo
1105 2599 1195 2630 sunt
1220 2605 1299 2629 non

240 2657 447 2696 continens
460 2685 470 2703 ‚
497 2669 569 2694 nec
586 2655 725 2693 fidelis.
750 2654 877 2692 Homo
894 2654 1144 2692 incontinens
1161 2651 1302 2703 polluit

243 2717 381 2755 Deum.
408 2716 481 2766 (Cf.
499 2714 710 2753 Hierocles.
732 2714 779 2752 ad
801 2727 920 2753 carm.
948 2726 1033 2752 aur.
1055 2725 1112 2751 vs.
1137 2713 1300 2762 9—11.)

298 2782 391 2825 407.
426 2776 633 2814 Hominem
655 2774 818 2813 scientia
840 2774 912 2812 Dei
932 2772 1067 2826 paucis
1093 2771 1228 2810 verbis
1244 2771 1302 2809 uti

245 2836 348 2875 facit.
375 2834 448 2889 (Cf.
470 2834 666 2887 Porphyr.
685 2834 733 2872 ad
753 2834 924 2874 Marcell.
947 2846 1028 2884 cap.
1047 2830 1127 2883 2ο.)

1385 313 1477 357 408.
1509 312 1642 350 Multis
1664 312 1798 349 verbis
1813 311 1868 348 uti
1890 311 1938 349 de
1960 311 2043 348 Deo
2067 311 2291 361 ignorantia
2313 311 2384 349 Dei

1332 373 1438 413 facit.

1387 440 1478 484 409.
1512 434 1660 482 Homo,
1682 434 1750 484 qui
1772 433 1844 471 Dei
1866 433 2127 483 cognitionem
2150 431 2289 478 habet,
2312 445 2392 469 non

1333 495 1454 533 multa
1475 493 1690 533 ambitione
1709 494 1844 531 utitur.

1389 561 1478 599 410.
1511 555 1588 600 Qui
1606 554 1751 592 electus
1773 554 1846 591 Dei
1866 560 1942 598 est,
1967 551 2056 588 facit
2077 551 2233 601 quidem
2263 551 2395 588 omnia

1334 615 1547 654 secundum
1569 615 1691 653 Deum
1706 643 1716 662 ,
1733 627 1817 653 esse
1836 622 1962 652 autem
1982 624 2022 649 se
2041 613 2168 662 ipsum
2188 625 2265 649 non
2276 610 2396 661 jactat

1335 675 1512 713 electum.

1391 741 1480 780 411.
1512 734 1656 772 Fidelis
1675 733 1793 772 homo
1814 732 1968 783 501111)οι-
1986 731 2028 770 111
2046 738 2151 768 1110111
2172 739 2245 776 est,
2272 743 2397 781 usque

1337 808 1416 845 quo
1436 797 1497 833 ea't
1520 794 1567 831 ad
1589 794 1729 831 Deum.

1394 858 1485 898 412.
1518 855 1670 901 Homo,
1699 852 1766 904 qui
1799 851 1971 891 secundo
1999 851 2163 889 satiatur
2181 850 2295 897 cibo,
2320 865 2398 889 11011

1338 912 1488 951 dormit
1507 922 1644 958 noctu,
1673 926 1744 951 nec
1763 910 2014 950 concubitum
2044 911 2206 961 effugit,
2236 911 2300 949 sed
2329 925 2399 949 nec

1339 973 1482 1024 dignus
1500 983 1557 1012 est
1572 973 1675 1025 apud
1690 973 1829 1011 Deum.

1396 1034 1487 1078 413.
1521 1034 1713 1085 Alioquin
1736 1041 1773 1071 et
1806 1032 1912 1070 Deus
1929 1031 2103 1081 graviter
2121 1030 2192 1068 fert
2213 1029 2401 1068 libidines

1341 1097 1534 1148 corporis.

1397 1162 1489 1201 414.
1523 1156 1668 1194 Fidelis
1688 1156 1752 1193 vir
1772 1154 2013 1194 continentia
2033 1153 2222 1205 pascitur.

1398 1217 1488 1261 415.
1518 1216 1740 1268 Sapientem
1763 1215 1881 1253 satum
1903 1228 1982 1252 non
2007 1214 2122 1261 facit,
2153 1214 2277 1263 gratia
2296 1213 2400 1251 enim

1344 1277 1416 1315 Dei
1439 1277 1516 1314 fato
1540 1290 1620 1314 non
1638 1274 1824 1326 subjacet.
1883 1308 1888 1313 ,

1401 1336 1492 1383 416.
1523 1336 1702 1385 Agnosce
1735 1335 1803 1386 qui
1835 1343 1925 1372 sunt
1954 1334 2026 1371 filii
2049 1333 2121 1370 Dei
2151 1332 2191 1370 in
2213 1330 2403 1369 creaturis

1344 1396 1449 1448 ejus,
1478 1405 1516 1435 et
1535 1396 1685 1434 honora
1711 1407 2030 1444 unumquemque
2056 1405 2129 1443 pro
2154 1391 2294 1429 merito
2317 1398 2406 1441 post

1345 1458 1484 1496 Deum.

1402 1524 1494 1565 417.
1526 1516 1588 1555 Nil
1619 1515 1825 1567 proprium
1860 1513 1933 1551 Dei
1966 1511 2099 1558 dicas,
2122 1509 2227 1561 quod
2260 1509 2404 1547 malum

1346 1587 1416 1616 est.

1403 1639 1494 1684 418.
1526 1636 1669 1675 Fidelis
1704 1634 1834 1672 anima
1867 1641 1904 1671 et
1931 1639 2034 1671 casta
2064 1638 2102 1668 et
2131 1629 2286 1681 sapiens
2314 1642 2407 1680 pro-

1347 1701 1463 1752 pheta
1496 1696 1675 1736 veritatis
1695 1695 1768 1733 Dei
1800 1702 1868 1733 est.
1905 1691 2032 1744 (Conf.
2063 1691 2251 1740 Origenes
2273 1698 2407 1726 contra

1347 1760 1501 1798 Celsum
1525 1757 1598 1796 lib.
1620 1755 1670 1793 IV
1694 1769 1733 1806 p.
1760 1753 1865 1803 226.)

1405 1827 1494 1870 419.
1524 1818 1612 1856 Non
1641 1814 1794 1855 amabis
1828 1811 2032 1850 dominum
2054 1810 2206 1857 Deum,
2233 1806 2311 1847 nisi
2342 1807 2410 1844 ha-

1348 1880 1483 1919 bueris
1501 1878 1544 1917 in
1562 1886 1599 1915 te
1618 1873 1769 1926 aliquid
1789 1871 1919 1911 simile
1939 1870 2024 1909 Dei.

1405 1944 1496 1984 420.
1517 1936 1698 1974 Α1111011111
1719 1933 1864 1985 deputa
1894 1930 2062 1970 similem
2084 1928 2206 1968 simili
2235 1936 2410 1966 tantum-

1351 1998 1480 2036 modo.

1408 2063 1500 2103 421.
1532 2055 1573 2094 Si
1594 2067 1673 2092 non
1689 2051 1824 2102 diligis
1842 2050 1966 2089 Deum
1979 2079 1990 2099 ‚
2006 2062 2087 2087 non
2108 2048 2186 2087 ibis
2203 2047 2251 2086 ad
2270 2047 2409 2085 Deum.

1408 2124 1496 2163 422.
1528 2118 1746 2154 Consuesce
1775 2121 1811 2150 tc
1846 2112 1931 2163 ipse
1959 2123 2112 2162 semper
2140 2110 2335 2160 respicere
2363 2108 2411 2146 ad

1355 2180 1491 2217 Deum.

1411 2238 1503 2283 423.
1537 2234 1731 2273 Intuendo
1748 2234 1871 2271 Deum
1891 2231 2047 2271 videbis
2067 2231 2206 2270 Deum.

1412 2304 1504 2344 424.
1535 2295 1681 2334 Videns
1699 2294 1823 2333 Deum
1842 2294 1958 2333 facies
1978 2302 2144 2331 mentem
2165 2301 2268 2330 tuam
2283 2319 2295 2338 ,
2316 2303 2416 2341 qua-

1357 2360 1406 2398 lis
1425 2367 1481 2397 est
1497 2358 1613 2395 Deus.
2349 2398 2356 2404 ·

1413 2419 1505 2464 425.
1538 2415 1681 2455 Excole
1703 2414 1808 2466 quod
1827 2414 1929 2452 intra
1952 2422 1989 2452 te
2008 2422 2087 2461 est,
2107 2425 2178 2451 nec
2198 2412 2235 2450 ei
2255 2424 2303 2450 ex
2322 2410 2416 2449 libi-

1359 2479 1450 2517 dine
1469 2476 1650 2529 corporis
1670 2473 1943 2514 contumeliam
1967 2472 2096 2510 facias.

1415 2539 1507 2584 426.
1540 2534 1893 2575 Incontaminatum
1923 2531 2075 2571 custodi
2110 2543 2253 2582 corpus
2286 2538 2418 2575 tuum,

1364 2608 1546 2649 tanquam
1587 2596 1621 2634 si
1659 2593 1931 2633 indumentum
1969 2591 2165 2643 acceperis
2201 2603 2224 2629 a
2243 2590 2349 2637 Deo,
2381 2598 2419 2627 et

1362 2659 1463 2696 sicut
1496 2656 1771 2695 vestimentum
1802 2651 1983 2704 corporis
2011 2651 2301 2690 immaculatum
2336 2662 2419 2688 ser-

1362 2731 1455 2757 vare
1475 2716 1598 2756 stude.

1419 2785 1509 2825 427.
1539 2775 1702 2827 Sapiens
1734 2787 1844 2813 mens
1864 2773 2064 2825 speculum
2089 2781 2145 2811 est
2169 2770 2253 2809 Dei.
2289 2769 2417 2822 (Conf.

1364 2837 1562 2889 Porphyr.
1586 2835 1634 2875 ad
1657 2834 1828 2875 Marcell.
1849 2847 1935 2885 cap.
1961 2831 2038 2884 13.)
