2612 3814
292 262 339 295 22
1162 237 1581 282 COMMENTARIUS

291 344 404 383 etiam
428 341 589 394 exponit
620 336 758 390 σεμνή,
784 335 930 389 βεὸαία,
953 332 1136 379 soemo-42.
1171 330 1343 380 Scaliger

292 401 509 453 conjecerat
528 400 686 452 ἱερῶπις.

343 460 406 500 Vs.
419 466 482 506 24.
502 456 692 498 Καλλιστώ
705 457 783 495 deae
797 467 937 494 nomen
952 451 1057 503 quod
1072 464 1093 489 a
1104 448 1342 501 superlativo

293 520 463 559 manavit
483 527 524 558 ut
542 533 597 556 vs.
619 518 667 555 25
689 516 868 569 Μεγιστώ.
892 515 948 552 Dc
968 525 1134 564 quorum
1156 510 1343 548 aliorum-

292 594 367 632 que
383 579 583 618 nominum
602 578 641 616 in
655 592 684 614 ω
698 575 915 614 cadentium
933 571 1084 621 origine
1097 578 1134 608 et
1148 569 1188 607 vi
1206 580 1342 619 parum

293 647 468 679 accurate
489 650 612 689 nuper
628 635 812 674 disseruit
832 633 924 670 Chr.
950 632 996 668 Α.
1021 628 1238 667 Lobeckius
1259 624 1344 672 Ῥη-

295 714 378 748 ματ.
396 712 437 750 p.
459 698 532 743 317
556 709 664 747 seqq.
687 694 800 733 simul
822 694 862 730 in
884 703 930 729 eo
951 691 1099 741 lapsus,
1122 686 1227 739 quod
1256 698 1343 737 pag.

296 759 372 809 319
390 755 661 808 Empedoclem
680 754 733 791 ait
753 764 880 790 rerum
907 747 1187 799 gignendarum
1211 757 1345 782 causas

295 816 501 854 mulierum
541 812 741 852 vocabulis
786 809 1014 861 appellasse.
1058 805 1191 856 Neque
1238 803 1342 841 enim

295 886 429 912 causas
464 872 671 922 genitrices
706 869 769 907 hic
802 875 937 905 tractat
968 862 1252 917 philosophus,
1280 862 1346 899 sed

296 942 337 971 ut
360 945 477 984 supra
497 930 690 976 vidimus,
713 928 803 966 deas
826 938 959 964 recens
981 933 1159 962 natorum
1186 921 1347 959 comites

294 1003 507 1041 eorumque
545 990 635 1027 vitae
678 987 952 1026 moderatrices
998 981 1216 1033 legentibus
1259 988 1347 1018 ante

295 1051 427 1088 oculos
449 1049 572 1101 ponit.
597 1047 647 1086 Ut
669 1044 799 1086 Καλλώ
828 1057 970 1082 nomen
1004 1040 1181 1080 mulieris
1214 1047 1272 1078 est
1303 1039 1343 1077 in

296 1108 452 1146 Anthol.
486 1107 606 1146 Palat.
637 1104 703 1153 lx,
725 1105 801 1142 605
836 1100 1168 1155 pulchritudinem
1198 1098 1348 1157 signi-fi-

295 1181 385 1206 cans
398 1197 408 1215 ,
430 1167 482 1205 ita
503 1165 690 1206 Καλλιστώ
708 1176 894 1203 summam
916 1159 1249 1213 pulchritudinem
1269 1171 1346 1196 va-

295 1227 360 1265 let.
388 1225 527 1264 Eadem
547 1225 645 1263 ratio
670 1232 727 1262 est
755 1221 1059 1274 appellationum
1093 1215 1253 1269 Μεγαλώ
1282 1215 1348 1267 (cf.

295 1285 482 1324 Thes-aur.
505 1284 647 1335 Paris.)
668 1291 705 1321 et
732 1279 915 1332 Μεγιστώ.
935 1279 1015 1316 Pro
1046 1275 1186 1329 Αἰσχρή
1201 1306 1210 1324 ,
1241 1275 1345 1326 quod

298 1345 523 1383 Karstenius
551 1352 588 1381 et
608 1342 793 1391 Bergkius
821 1340 1104 1387 toleraverant,
1130 1335 1348 1374 rescriben-

297 1403 387 1442 dum
410 1402 552 1455 Αἴσχρη
574 1410 617 1440 ut
636 1400 737 1452 apud
758 1398 985 1437 Callimach.
1009 1410 1070 1448 ep.
1100 1395 1165 1442 433
1193 1393 1348 1445 Asclep.

299 1477 362 1510 27,
386 1462 468 1501 Pal.
491 1448 528 1508 fi,
564 1462 648 1499 181.
678 1458 810 1499 Θόωσα
841 1470 957 1508 quam
992 1456 1184 1493 Homerus
1218 1453 1347 1504 Poly-

298 1522 426 1573 phemi
446 1529 603 1558 matrem
625 1532 707 1557 esse
729 1517 842 1568 fingit
859 1517 932 1554 Od.
953 1515 987 1562 1,
1012 1529 1059 1564 72
1078 1514 1151 1551 hoc
1174 1513 1264 1551 loco
1285 1513 1353 1550 Ce-

299 1581 429 1619 leritas
449 1588 522 1628 est,
545 1579 607 1617 cui
642 1578 857 1630 opponitur
886 1574 1038 1623 Δηναιή,
1068 1576 1258 1611 Tarclieas.
1293 1573 1350 1612 Ita

297 1640 399 1678 enim
424 1638 618 1690 Bentlejus
638 1638 665 1676 l.
689 1652 724 1675 c.
756 1635 926 1674 correxit
957 1634 1153 1683 vulgatam
1183 1632 1350 1679 Δειναίη,

299 1712 378 1750 quo
400 1700 440 1736 fit
459 1707 500 1737 ut
519 1697 651 1736 omnia
666 1705 768 1735 recte
792 1693 1065 1746 respondeant.
1096 1692 1230 1743 Neque
1257 1703 1354 1730 vero

297 1756 447 1797 Θόωσαν
470 1771 556 1796 cum
578 1755 782 1795 Karstenio
803 1755 844 1792 in
863 1754 1013 1792 Comm.
1032 1767 1072 1805 p.
1102 1753 1174 1802 169
1190 1765 1261 1803 pro
1282 1751 1352 1789 Te-

300 1818 475 1856 meritate
496 1817 623 1868 accipi
652 1814 849 1854 convenit.

354 1875 416 1914 Vs.
437 1877 499 1916 25.
518 1875 717 1918 Servanda
737 1874 926 1912 Codicum
941 1874 1135 1925 scriptura
1150 1870 1354 1925 Νημερτής,

301 1936 408 1983 cujus
428 1935 599 1972 nominis
621 1933 823 1972 Ner-eidem
844 1933 1064 1985 reperimus
1083 1931 1188 1983 apud
1210 1935 1352 1970 Home·

303 2008 388 2032 rum
411 1993 518 2032 lliad.
535 1993 735 2043 XV111,[.6
752 2008 759 2030 :
777 1991 966 2043 Νημερτής
987 2008 1022 2030 τε
1036 1991 1095 2029 καὶ
1110 1990 1276 2045 Ἀψευδὴς
1296 1991 1356 2029 καὶ

305 2052 573 2102 Καλλιάνασσα,
595 2061 632 2090 et
649 2052 862 2090 Hesiodum
875 2051 909 2089 Τ
913 2052 1079 2101 heogon.
1098 2065 1134 2088 v.
1156 2052 1232 2089 262
1253 2064 1262 2091 :
1285 2050 1357 2099 Νη-

303 2110 431 2165 μερτής
451 2110 515 2159 θ’ἣ
543 2111 672 2164 πατρὸς
695 2109 768 2163 ἔχει
795 2110 874 2149 νόον
898 2110 1098 2150 ἀθανάτοιο.
1126 2111 1354 2150 Karstenius

301 2183 388 2207 eum
408 2170 605 2219 Scaligero
623 2169 780 2221 scripsit
792 2168 980 2223 Νημέρτη,
1002 2168 1106 2220 quod
1125 2169 1256 2207 omnia
1276 2169 1356 2207 haec

302 2228 517 2267 daemonum
534 2230 692 2266 nomina
712 2228 890 2267 seminini
907 2229 1062 2279 generis
1073 2228 1357 2281 faceretEmpe·

303 2286 443 2325 docles.
474 2291 523 2325 At
549 2300 597 2325 ne
618 2287 770 2337 generis
812 2287 971 2338 quidem
991 2286 1205 2325 discrimen
1236 2287 1355 2325 ullam

304 2345 416 2383 aliam
428 2358 541 2396 quam
555 2354 735 2384 accentus
749 2347 1001 2385 mutationem
1013 2346 1171 2396 flagitat.
1181 2346 1358 2398 Namque

304 2406 326 2450 ἡ
345 2403 510 2456 Ἀψευδής
527 2403 702 2443 Nereidis
722 2418 863 2443 nomen
882 2415 940 2444 est
956 2406 998 2444 in
1018 2406 1106 2444 loco
1132 2406 1355 2454 Homerico,

306 2475 419 2513 quem
439 2463 652 2510 attulimus,
675 2473 810 2502 contra
829 2468 846 2504 ὁ
867 2464 1056 2518 Ἀψεύδης,
1078 2464 1226 2502 Praetor
1246 2465 1360 2504 Athe-

309 2521 462 2567 niensis,
483 2522 530 2560 de
545 2535 623 2572 quo
637 2523 728 2561 vide
748 2524 965 2562 Diodorum
988 2523 1163 2562 Siculum
1177 2522 1267 2570 XII,
1290 2524 1354 2562 36.

307 2580 567 2627 Quamobrem
578 2582 767 2634 Νημερτής
776 2583 816 2621 id
826 2583 953 2634 ipsum
963 2592 1020 2621 est
1031 2582 1137 2634 quod
1147 2582 1212 2621 hic
1226 2583 1361 2634 requi*

309 2642 423 2687 ritur3
440 2639 628 2692 Νημέρτης
645 2649 769 2680 autem
784 2671 795 2689 ‚
812 2643 845 2680 si
863 2642 904 2680 in
921 2655 993 2680 usu
1012 2642 1104 2690 fuit,
1125 2643 1201 2680 viri
1216 2655 1358 2680 nomen

313 2699 427 2737 fuisse
458 2699 596 2749 liquet.
632 2700 744 2748 Quod
775 2714 870 2739 vero
898 2701 1145 2740 doctissimus
1178 2702 1242 2740 vir
1261 2701 1360 2740 illud

312 2755 480 2809 Νημέρτη
507 2757 672 2794 aliorum
699 2758 1002 2807 vocabulorum,
1032 2760 1140 2799 velut
1169 2759 1358 2814 Εὐτέρπη,

315 2816 504 2867 Εὐκράτη,
530 2815 680 2864 Εὔνείκη
712 2818 890 2868 analogia
925 2819 1079 2857 munire
1111 2820 1296 2868 tentavit,
1320 2821 1361 2859 id

313 2887 465 2924 vereor,
487 2887 536 2912 ne
557 2887 694 2925 parum
716 2876 956 2915 considerate
980 2878 1134 2926 fecerit,
1165 2879 1359 2930 siquidem

313 2933 482 2983 primum
504 2934 723 2985 exemplum
753 2944 898 2973 certum
920 2945 999 2983 est,
1018 2937 1170 2989 reliqua
1196 2938 1358 2978 incerta.

317 2990 464 3028 Etenim
486 3005 558 3041 pro
577 2993 759 3044 Εὐκράτη,
775 2993 879 3045 quod
894 2997 1068 3045 agnoscit
1081 2997 1359 3048 Apollodorus,

316 3049 348 3097 Ι,
364 3051 402 3097 6,
419 3050 461 3088 in
477 3049 636 3089 Hesiodi
652 3052 851 3103 Theogon.
871 3067 927 3093 vs.
947 3056 1020 3101 243
1044 3057 1187 3095 rectius
1203 3057 1363 3108 ponitur

316 3121 404 3146 cum
425 3107 624 3159 Lennepio
643 3119 680 3148 et
701 3112 788 3151 aliis
816 3113 1017 3166 Εὐκράντη.
1040 3114 1098 3153 Cf.
1121 3116 1293 3168 interpp.
1315 3117 1362 3155 ad

318 3166 346 3205 1.
367 3179 421 3217 c.,
436 3167 558 3205 altero
573 3177 698 3207 autem
712 3173 889 3223 exemplo
904 3187 1066 3225 prorsus
1087 3174 1361 3216 abstinendum

317 3233 414 3263 erat.
429 3225 621 3265 Nimirum
640 3243 650 3265 ι
669 3237 706 3266 et
722 3245 751 3267 ει
766 3243 788 3268 a
803 3230 978 3271 librariis
995 3242 1032 3271 et
1045 3233 1225 3285 lapicidis
1242 3248 1361 3286 quum

317 3283 460 3335 saepius
492 3285 651 3324 confusa
686 3299 767 3326 esse
803 3299 969 3338 constet,
1007 3293 1178 3331 nominis
1212 3294 1363 3343 Εὔνείκη

318 3341 422 3393 apud
437 3342 646 3381 Hesiodum
663 3344 862 3396 Theogon.
879 3362 936 3387 vs.
955 3351 1030 3394 246
1051 3349 1175 3404 (cujus
1190 3353 1280 3391 1000
1295 3354 1363 3392 alii

320 3401 451 3451 legunt
486 3401 632 3454 Εὐνίκη)
667 3404 853 3444 incertam
894 3409 1022 3446 reddit
1056 3411 1249 3460 originem
1282 3413 1363 3451 viri

321 3473 459 3498 nomen
481 3460 644 3506 Εὗνεικος
664 3463 706 3501 in
734 3463 852 3503 inser.
878 3468 954 3506 Att.
978 3469 1078 3520 apud
1101 3470 1257 3509 Boeckh.
1279 3472 1360 3511 vol.

1405 328 1439 374 l,
1471 339 1510 363 n.
1543 323 1620 362 268
1649 336 1689 374 p.
1711 323 1804 370 370,
1842 325 1905 371 49.
1938 321 1995 359 Ac
2027 333 2100 372 pro
2121 318 2287 364 Εὗνεικος
2304 318 2464 372 quidem

1407 393 1509 423 recte
1525 382 1746 434 suspicatur
1761 379 1991 419 Dindorfius
2004 380 2047 418 in
2064 379 2252 431 Stephani
2265 378 2468 418 Thesauro

1407 442 1613 493 legendum
1634 451 1719 480 esse
1740 437 1886 483 Εὔνικος
1900 467 1911 487 ,
1934 438 2003 478 sed
2026 446 2158 477 utrum
2193 438 2234 477 in
2267 438 2356 476 loco
2385 437 2469 477 He-

1407 501 1542 540 siodeo
1557 499 1692 538 Nereis
1705 499 1779 537 ista
1793 511 1841 537 ex
1856 498 2010 546 εὐνεικής
2025 498 2220 550 appellata
2235 498 2286 536 sit
2303 495 2472 546 Εὗνείκη,

1407 561 1514 612 quod
1565 567 1729 612 propter
1780 557 2095 597 membranarum
2155 569 2390 596 consensum
2435 564 2474 596 et

1409 620 1536 671 Etym.
1571 622 1624 658 M.
1661 632 1701 670 p.
1739 618 1829 669 933,
1871 617 1915 655 31
1955 625 1994 656 et
2020 630 2062 669 p.
2085 617 2180 665 276,
2207 630 2254 654 ι2
2289 629 2361 655 nec
2394 628 2475 655 non

1408 677 1851 718 Pseudo-Herodianum
1886 675 2136 728 Epimerism.
2173 689 2215 728 p.
2237 689 2329 724 227,
2355 689 2371 713 1
2396 683 2474 715 sta-

1410 740 1483 777 tuit
1504 737 1742 790 Lennepius,
1767 749 1815 774 an
1838 736 1971 787 potius
1994 734 2126 784 Εὐνίκη
2146 735 2278 784 fuerit,
2298 743 2342 774 ut
2357 735 2476 788 Apol-

1409 799 1541 838 lodori
1585 813 1621 846 1,
1659 798 1681 835 6
1716 795 1947 835 auctoritate
1989 795 2159 847 permoti
2197 795 2477 834 existimarunt

1410 858 1614 905 Graevius,
1650 854 1832 907 Toupius
1854 853 2037 906 Append.
2073 854 2220 893 Annot.
2244 854 2287 892 in
2305 853 2475 893 Theocr.

1411 931 1500 969 pag.
1520 917 1585 964 35,
1599 914 1878 954 Valckenarius
1896 913 1944 952 ad
1963 913 1997 951 T
2002 913 2166 952 heocrit.
2180 912 2266 961 XX,
2288 927 2301 951 ι
2324 921 2364 952 et
2381 912 2479 953 Her-

1412 989 1576 1015 mannus
1597 976 1638 1014 in
1669 987 1835 1014 censura
1865 972 2026 1011 Hesiodi
2046 986 2069 1011 a
2088 972 2324 1023 Goettlingio
2354 972 2477 1022 editi,

1412 1037 1453 1074 in
1479 1036 1552 1075 hac
1578 1034 1898 1074 testimoniorum
1920 1033 2193 1083 similiumque
2217 1046 2363 1072 vocum
2382 1043 2480 1086 pau-

1412 1095 1527 1133 citate
1560 1093 1771 1132 admodum
1808 1093 2002 1130 incertum
2037 1099 2108 1131 est.
2149 1090 2342 1137 Quamvis
2373 1091 2479 1130 enim

1413 1152 1721 1191 Choeroboscum
1741 1151 1857 1190 etiam
1886 1151 1928 1189 in
1949 1150 2129 1189 Crameri
2159 1149 2306 1189 Anecd.
2327 1149 2366 1189 11
2387 1163 2477 1203 pag.

1415 1227 1508 1261 272,
1534 1227 1580 1250 21
1606 1218 1742 1251 testem
1778 1209 1966 1249 adhibeas
1983 1239 1993 1258 ,
2025 1218 2069 1248 ut
2096 1209 2346 1249 demonstres
2376 1210 2482 1263 apud

1414 1272 1701 1324 Apollodorum
1743 1269 1983 1309 exarandum
2016 1283 2101 1309 esse
2143 1269 2319 1319 Εὖνείκη,
2351 1279 2483 1311 tamen

1414 1331 1569 1379 εὐνείκης
1587 1330 1821 1381 adjectivum
1839 1330 1998 1369 citatum
2018 1343 2041 1368 a
2057 1329 2276 1368 Scholiasta
2298 1329 2346 1368 ad
2364 1328 2413 1370 ll.
2434 1345 2482 1382 ω,

1416 1392 1465 1428 23
1485 1404 1533 1429 ex
1555 1389 1789 1429 Antimacho
1805 1390 1938 1428 tritum
1955 1387 2121 1428 verbum
2140 1401 2219 1427 non
2237 1397 2316 1438 est,
2337 1387 2484 1434 Εὔνικος

1415 1459 1542 1489 autem
1573 1463 1718 1488 nomen
1751 1450 2067 1488 usitatissimum.
2099 1448 2405 1488 -Plutarchus
2434 1449 2484 1488 de

1416 1510 1491 1547 An.
1525 1519 1654 1561 tranq.
1688 1523 1729 1560 p.
1766 1514 1841 1557 474
1877 1508 1973 1562 (vol.
2000 1507 2071 1546 Vll
2093 1522 2132 1560 p.
2154 1508 2230 1554 854
2252 1507 2313 1547 ed.
2333 1508 2482 1561 Reisk.)

1415 1568 1575 1607 exhibet
1604 1566 1853 1620 μελάγκαρπός
1881 1569 1912 1605 τ’
1935 1566 2126 1621 Ἀσάφεια,
2146 1566 2254 1619 quod
2283 1580 2363 1606 non
2383 1566 2485 1606 bene

1415 1627 1588 1666 defendit
1620 1627 1812 1667 Sturzius.
1842 1627 2006 1665 Praestat
2037 1627 2238 1678 scriptura
2268 1635 2486 1666 memorata

1416 1686 1567 1724 Tzetzae
1587 1686 1694 1727 Chil.
1716 1685 1790 1724 Xll
1814 1700 1852 1727 v.
1878 1686 1972 1735 575,
1998 1684 2069 1724 ubi
2093 1685 2142 1724 de
2161 1685 2425 1738 Empedocle:

1470 1779 1646 1833 λέγειγὰρ
1667 1778 1730 1827 τὴν
1753 1778 1926 1833 ἀσάφειαν
1946 1777 2166 1832 μελάγκορον
2183 1777 2373 1832 ὑπάρχειν.
2401 1764 2403 1766 ¹

1418 1873 1484 1912 Est
1519 1882 1647 1912 autem
1676 1873 1894 1926 μελάγκορος
1927 1876 2044 1923 nIgris
2081 1874 2274 1910 oculorum
2302 1873 2478 1922 pupillis,

1420 1947 1499 1985 quo
1517 1934 1619 1972 nihil
1639 1935 1770 1986 aptius
1790 1932 2024 1971 obscuritati
2042 1940 2080 1970 et
2093 1930 2404 1970 dissimulationi
2425 1943 2486 1970 co·

1419 1994 1537 2042 gitari
1558 1993 1663 2032 licet.
1684 1992 1858 2044 Namque
1875 1990 2026 2043 ἀσάφεια
2043 1991 2109 2030 hic
2127 1990 2486 2030 dissimulationem

1418 2052 1539 2098 valet,
1569 2066 1656 2103 quae
1676 2061 1783 2099 ,recte
1800 2050 2018 2103 opponitur
2039 2049 2274 2089 sinceritati.
2307 2049 2386 2096 Qui
2412 2049 2487 2088 ob-

1420 2124 1533 2150 scure
1553 2112 1726 2164 (ἀσαφῶς)
1746 2111 1938 2162 loquitur,
1956 2119 2021 2148 aut
2039 2108 2228 2161 loquendi
2245 2109 2404 2148 inscitia
2420 2117 2488 2148 aut

1419 2171 1588 2209 consilio
1607 2180 1645 2209 et
1674 2179 1755 2209 arte
1784 2170 1826 2208 id
1848 2170 1951 2208 facit.
1981 2169 2129 2207 Horum
2157 2168 2324 2207 alterum
2349 2168 2485 2208 infan-

1420 2239 1494 2268 tem
1509 2259 1519 2278 ,
1543 2230 1708 2268 alterum
1729 2243 1866 2268 eorum
1893 2243 1981 2280 quae
2002 2229 2121 2267 sentit
2147 2227 2482 2267 dissimulatorem

1419 2302 1503 2327 esse
1521 2298 1695 2341 apparet.
1720 2288 1850 2334 Quare
1875 2288 2088 2327 scriberem
2111 2301 2199 2326 cum
2220 2286 2360 2326 Geelio
2381 2288 2487 2341 apud

1421 2348 1670 2387 Karstenium
1688 2347 1864 2386 Addend.
1884 2361 1925 2399 p.
1951 2347 2028 2396 519
2050 2346 2269 2400 μελάγκορος
2288 2345 2347 2394 ἠδ’
2369 2346 2487 2387 Ἀσά-

1420 2423 1521 2459 φεια,
1543 2407 1620 2445 nisi
1651 2407 1852 2457 Matranga
1873 2407 1972 2447 Mus.
2000 2407 2123 2445 Rhen.
2158 2407 2258 2453 1848
2289 2419 2380 2457 pag.
2409 2406 2482 2445 115

1421 2473 1627 2503 testaretur
1652 2466 1693 2503 in
1727 2464 1878 2503 'l'zetzae
1895 2465 1983 2503 cod.
2015 2464 2098 2503 Vat.
2126 2464 2204 2514 legi
2226 2464 2482 2516 μελάγκουρος.

1421 2523 1538 2563 Nullo
1577 2525 1694 2562 modo
1723 2533 1851 2562 autem
1888 2524 2106 2575 requiritur
2145 2523 2345 2563 Karstenii
2383 2523 2484 2563 illud

1423 2584 1664 2636 μελάγκορσός
1698 2586 1729 2622 τ’
1763 2583 1931 2637 Ἀσάφεια
1970 2582 2006 2637 (a
2038 2583 2170 2636 κόρση,
2203 2583 2334 2638 κόρῤη,
2356 2585 2487 2636 caput)

1423 2643 1527 2694 quod
1547 2658 1611 2682 ore
1627 2646 1804 2681 Fallacia
1811 2644 1929 2691 fusco
1949 2644 2241 2695 interpretatur.

1479 2701 1563 2741 Vss.
1585 2703 1706 2740 26-28
1724 2711 1815 2741 sunt
1835 2702 1940 2755 apud
1957 2702 2176 2741 Cornutum
2194 2701 2242 2741 de
2261 2701 2348 2741 Nat.
2370 2701 2483 2743 deor.

1424 2775 1512 2812 pag.
1542 2776 1593 2812 90
1627 2763 1690 2801 ed.
1727 2763 1875 2800 Osann.
1909 2762 1955 2799 ln
1988 2762 2076 2802 cod.
2117 2761 2384 2800 Laurentiano
2412 2775 2486 2814 pro

1422 2821 1588 2872 Φθιμένη
1604 2835 1711 2860 mero
1726 2820 1882 2859 librarii
1899 2834 2037 2859 errore
2054 2821 2198 2871 legitur
2214 2820 2363 2874 φειμένη
2373 2835 2385 2869 3
2407 2831 2488 2860 ser-

1423 2883 1576 2922 vandus
1611 2893 1736 2922 autem
1770 2893 1952 2923 accentus
1985 2884 2027 2922 in
2061 2884 2279 2936 penultima
2306 2883 2488 2936 exemplo

1425 2944 1629 2982 nominum
1651 2943 1810 2991 Κτιμένη
1826 2943 1968 2995 Odyss.
1987 2943 2069 2995 XV,
2094 2944 2169 2982 363
2191 2953 2230 2983 et
2249 2943 2421 2995 Κλυμένη
2436 2942 2484 2982 ll.

1425 3000 1567 3049 XVIll,
1592 3007 1658 3053 47,
1674 3002 1766 3040 licet
1781 3003 1858 3041 alia
1880 3003 2016 3041 itidem
2039 3016 2061 3041 a
2077 3001 2300 3055 participiis
2318 3001 2488 3054 passivis

1423 3061 1485 3098 vel
1511 3061 1651 3100 mediis
1683 3062 1866 3111 formata,
1889 3071 1933 3101 ut
1965 3062 2194 3112 Σωζομενός,
2226 3060 2426 3114 mogum,
2445 3060 2488 3100 in

1425 3120 1563 3160 ultima
1585 3121 1736 3174 syllaba
1765 3131 1969 3163 acuantur.
1990 3122 2184 3161 Praeterea
2204 3121 2392 3161 fluctuant
2421 3134 2488 3160 co-

1426 3179 1532 3219 dices
1566 3181 1668 3220 inter
1701 3180 1846 3230 Kawo'),
1879 3181 1997 3223 Κοινώ
2018 3191 2056 3221 et
2090 3181 2202 3231 Κινώ,
2235 3191 2352 3233 atque
2383 3182 2489 3220 inter

1426 3239 1607 3293 ἀστεμφής
1630 3249 1668 3280 et
1687 3242 1867 3296 ἀπεμφής.
1886 3241 1982 3280 Nam
1999 3243 2198 3294 pleraeque
2215 3241 2381 3280 Cornuti
2401 3240 2488 3280 edi-

1427 3298 1552 3338 tiones
1571 3299 1716 3338 habent
1732 3301 1818 3339 κινώ
1834 3316 1873 3340 τε
1889 3301 1950 3339 καὶ
1967 3303 2148 3356 ἀστεμφῆ,
2165 3301 2277 3340 Galei
2305 3300 2392 3339 cod.
2414 3313 2486 3341 ms.

1426 3357 1537 3396 καινώ
1551 3358 1583 3397 τ’
1599 3358 1782 3411 ἀστεμφής
1798 3375 1850 3401 τε.
1868 3359 1963 3399 Cod.
1980 3361 2104 3399 Paris.
2121 3359 2232 3400 καινώ
2248 3362 2279 3399 τ’
2297 3359 2488 3413 ἀστημφής

1427 3416 1573 3455 omisso
1599 3432 1651 3457 τε.
1679 3418 1785 3459 Flor.
1809 3419 1842 3456 A
1865 3433 1875 3457 2
1896 3419 2007 3458 καίνω
2034 3421 2064 3459 τ’
2088 3419 2272 3475 ἀστεμφής
2299 3434 2352 3457 τε.
2381 3418 2485 3459 Flor.

1429 3474 1458 3511 B
1477 3489 1485 3512 τ
1505 3474 1592 3514 κινώ
1608 3475 1638 3514 τ’
1657 3474 1824 3530 ἀπέμφης
1840 3494 1893 3517 τε.
1910 3478 2004 3517 Cod.
2020 3479 2113 3530 Reg.
2136 3479 2247 3518 καινώ
2264 3478 2294 3518 τ’
2318 3478 2487 3531 ἀστυμφῆ

2589 853 2605 994 Ακ-»ῡυῑῆῦ
2596 785 2601 813 -v
2588 699 2612 752 κζ*
