2612 3814
314 308 390 341 486

316 402 359 428 ¹6.
390 388 461 428 Τὸν
481 389 669 428 σπουδαῖον
687 388 816 443 ἄνδρα,
830 391 990 444 καθάπερ
1004 393 1205 439 παλαιστὴν
1223 390 1368 441 ἀγαθόν,

395 449 445 486 δεῖ
460 447 546 500 πρὸς
561 447 630 496 ,τὴν
649 450 976 502 ἀνταγωνιζομένην
997 449 1110 503 τύχην
1126 450 1171 489 τὰ
1191 450 1283 503 βάρη
1305 466 1370 502 με-

394 506 573 560 ταφέρειν.

314 581 361 607 17.
394 566 438 606 Ἡ
464 567 677 619 αὐτάρκεια,
711 567 872 622 καθάπερ
906 569 982 612 ὁδὸς
1011 569 1163 621 βραχεῖα
1199 567 1260 607 καὶ
1287 570 1366 607 ἐπι-

392 625 535 678 τερπής,
552 627 655 680 χάριν
678 627 741 676 μὲν
761 627 834 680 ἔχει
853 628 1027 679 μεγάλην,
1050 628 1210 678 κόπον-δὲ
1228 627 1367 679 μικρόν.

315 698 360 725 18.
392 687 439 724 Οἱ
461 684 523 735 μὲν
544 688 684 738 τραχεῖς
703 685 804 724 ἵπποι
820 689 891 731 τοῖς
912 688 1088 739 χαλινοῖς,
1108 688 1138 725 οἱ
1160 687 1189 725 δ’
1209 686 1296 731 ὀξεῖς
1315 689 1371 724 θυ-

397 744 456 795 μοὶ
478 750 548 788 τοῖς
565 747 746 795 λογισμοῖς
766 745 992 795 μετάγονται.

317 817 360 843 19.
392 806 453 856 Τῷ
481 803 606 857 γελοίῳ
639 804 799 856 καθάπερ
837 804 896 842 ἁλὶ
925 803 1166 857 πεφεισμένως
1201 804 1252 843 δεῖ
1273 806 1371 857 χρῆ-

395 865 489 901 σθαι.

313 933 362 959 20.
397 920 468 958 Καὶ
489 920 656 970 ὑπόδημα
677 920 735 957 καὶ
753 918 826 972 βίος
847 919 1031 972 ἁρμόττων
1049 922 1066 958 ὁ
1089 919 1315 974 ἀλυπότερος,

312 992 359 1018 21.
391 980 437 1017 Αἱ
459 978 521 1029 μὲν
538 978 703 1030 ποδήρεις
724 979 867 1026 ἐσθῆτες
887 978 932 1017 τὰ
953 979 1126 1029 σώματα,
1150 981 1186 1018 αἱ
1208 981 1244 1019 δὲ
1264 982 1369 1035 ὑπέρ·

398 1053 518 1089 μετροι
535 1036 651 1076 οὐσίαι
671 1036 732 1081 τὰς
757 1038 874 1091 ψυχὰς
890 1038 1151 1089 ἐμποδίζουσιν.

314 1110 362 1137 22.
392 1098 476 1140 Τοῖς
496 1095 560 1148 μὲν
581 1097 893 1149 σταδιοδρομοῦσιν
913 1098 970 1138 ἐπὶ
988 1100 1039 1150 τῷ
1056 1098 1207 1150 τέρματι
1221 1098 1259 1137 τὸ
1279 1102 1370 1152 βρα-

396 1157 489 1195 ὅεῖον
516 1159 577 1203 τῆς
609 1155 732 1206 νίκης,
760 1157 831 1201 τοῖς
853 1156 890 1195 δὲ
922 1157 1200 1210 φιλοπονήσασιν
1232 1158 1289 1196 ἐπὶ
1309 1163 1370 1198 τοῦ

393 1215 520 1267 γῆρους
540 1214 579 1253 τὸ
598 1218 769 1267 πρωτεῖον
793 1218 855 1262 τῆς
875 1215 1075 1269 φρονήσεως
1092 1218 1290 1257 ἀπόκειται.

313 1289 364 1314 2³.
396 1277 459 1313 Δεῖ
481 1273 602 1326 ὥσπερ
618 1275 789 1329 Σειρῆνας
805 1274 869 1319 τὰς
884 1274 1013 1322 ἡδονὰς
1028 1276 1213 1328 παρελθεῖν
1234 1277 1292 1315 τὸν
1310 1293 1372 1316 κα·

393 1333 638 1373 τασπεύδοντα
658 1333 722 1381 τὴν
743 1333 871 1387 ἀρετὴν
891 1335 975 1373 ἷδεῖν
991 1338 1039 1379 ὡς
1066 1335 1234 1388 πατρίδα.

312 1407 361 1433 34.
393 1393 539 1445 ιὨσπερ
557 1395 588 1432 ot
603 1394 637 1431 ἐν
660 1392 758 1445 εὐδίᾳ
781 1393 944 1438 πλέοντες
964 1395 1023 1433 καὶ
1043 1394 1087 1433 τὰ
1105 1395 1191 1449 πρὸς
1216 1395 1274 1435 τὸν
1291 1411 1370 1449 χει-

394 1456 496 1504 μῶνα
522 1452 662 1505 ἔχουσιν
687 1452 812 1504 ἕτοιμα
825 1469 833 1477 ·
850 1453 956 1498 οὕτως
973 1455 1004 1492 οἱ
1026 1455 1061 1492 ἐν
1076 1455 1255 1507 εὐτυχίαις
1283 1471 1370 1508 φρο-

393 1516 532 1556 νοῧντες
561 1512 620 1550 καὶ
652 1511 697 1550 τὰ
730 1511 818 1564 πρὸς
853 1512 917 1560 τὴν
959 1512 1110 1566 ἀτυχίαν
1148 1513 1371 1565 ἑτοιμάζουσι

395 1569 623 1623 βοηθήματα.

312 1643 361 1670 25.
393 1630 442 1669 Αἱ
470 1627 534 1679 μὲν
550 1629 691 1675 ἐσθῆτες
705 1627 893 1680 γενόμεναι
910 1629 1130 1684 διάλαμπροι
1151 1631 1258 1669 πάλιν
1275 1633 1309 1670 ἐν
1326 1634 1369 1684 τῇ

394 1687 522 1741 χρήσει
551 1687 849 1740 ἀναπίμπλανται
872 1688 1004 1742 ῥύπου·
1027 1691 1063 1729 αἱ
1085 1690 1120 1729 δὲ
1141 1690 1254 1744 ψυχαὶ
1276 1690 1370 1736 ἅπαξ

395 1746 725 1799 ἀποκαθαιρόμεναι
756 1746 821 1795 τὴν
858 1748 1030 1799 ἀμάθειαν
1060 1749 1118 1788 διὰ
1142 1749 1273 1794 παντὸς
1305 1749 1372 1801 μέ-

391 1818 489 1846 νουσι
506 1806 686 1859 λαμπραί.

312 1879 363 1906 28.
396 1868 442 1905 Οἱ
466 1865 529 1917 μὲν
546 1867 717 1921 δραπέται
734 1867 800 1907 κᾶν
823 1866 873 1919 μὴ
888 1867 1088 1907 διώκωνται
1106 1867 1300 1922 φοὸοῧνται
1313 1883 1321 1892 ·
1339 1871 1371 1908 οἱ

395 1925 430 1964 δὲ
449 1925 595 1979 ἄφρονες
610 1955 621 1975 ,
644 1925 709 1965 κᾶν
730 1926 841 1978 μήπω
862 1931 981 1972 κακῶς
1007 1928 1219 1982 πράσσωσι,
1240 1929 1371 1983 ταράσ·

394 2000 530 2025 σονται.

313 2057 363 2086 27.
396 2043 442 2084 ‘O
462 2046 531 2083 τῶν
565 2044 789 2099 φιλαργύρων
819 2048 992 2095 πλοῦτος,
1025 2047 1146 2101 ὥσπερ
1163 2051 1181 2088 ὁ
1198 2047 1293 2095 ἥλιος
1311 2064 1371 2087 κα-

395 2103 501 2149 ταδὺς
523 2107 570 2150 εἷς
591 2105 654 2153 τὴν
684 2108 766 2158 γ’ῆν,
784 2106 907 2145 οὐδένα
926 2110 996 2146 τῶν
1018 2106 1156 2153 ζώντων
1176 2108 1369 2161 εὐφραίνει.

311 2176 357 2202 28.
387 2164 435 2202 Οἱ
458 2163 521 2214 μὲν
547 2165 586 2203 ἐκ
612 2167 676 2211 τῆς
694 2168 758 2217 γῆς
779 2166 911 2221 καρποὶ
926 2169 1006 2205 κατ’
1023 2166 1180 2207 ἐνιαυτόν
1196 2197 1206 2215 ,
1229 2169 1261 2206 οἱ
1279 2166 1313 2206 δὲ
1332 2171 1371 2208 ἐκ

394 2225 458 2277 τῆς
481 2223 599 2276 φιλίας
623 2224 718 2264 κατὰ
734 2224 851 2264 πάντα
873 2225 995 2280 καιρὸν
1016 2225 1178 2282 φύονται.

311 2293 360 2320 29.
393 2284 576 2322 Μουσικοῧ
594 2282 658 2335 μὲν
680 2283 780 2336 ἔργον
797 2283 838 2323 τὸ
860 2290 931 2324 πᾶν
952 2285 1098 2339 ὄργανον
1121 2285 1370 2337 ἁρμόσασθαι,

395 2341 678 2393 πεπαιδευμένου
703 2342 739 2381 δὲ
771 2343 892 2396 ἀνδρὸς
919 2343 959 2383 τὸ
981 2344 1080 2397 πάσῃ
1104 2345 1202 2399 ψυχῇ
1225 2360 1371 2398 συμφω-

398 2416 514 2446 νησαι.

313 2472 363 2498 30.
394 2458 480 2498 Οὕτ’
502 2459 685 2513 ἀρῤώστου
700 2460 845 2514 πληγήν
860 2491 870 2510 ,
886 2461 959 2500 οὔτ’
979 2462 1127 2509 ἀνοήτου
1149 2462 1298 2510 ἀπειλὴν
1320 2464 1374 2501 δεῖ

397 2518 634 2559 εὐλαὸεῖσθαι.

316 2591 364 2617 21.
395 2576 653 2617 Ὑπενδύεσθαι
679 2579 730 2618 δεῖ
753 2582 803 2634 τῷ
831 2579 893 2632 μὲν
917 2580 1050 2633 θώρακι
1078 2583 1234 2634 χιτῶνα,
1266 2584 1310 2635 τῇ
1335 2581 1371 2621 δὲ

397 2637 492 2688 λύπῃ
510 2642 601 2678 νοῦν.

318 2710 367 2736 32.
402 2698 600 2742 Νοσοῧντος
621 2697 736 2738 δίαιτα
761 2698 823 2738 καὶ
858 2699 1006 2754 ἄφρονος
1024 2700 1122 2754 ψυχὴ
1141 2701 1368 2754 δυσάρεστον.

315 2769 364 2797 33.
397 2757 444 2795 Οἵ
465 2755 528 2805 μὲν
544 2760 691 2807 ἀμαθεῖς
710 2759 832 2804 παῖδες
850 2759 894 2798 τὰ
915 2760 1132 2813 γράμματα,
1153 2763 1185 2799 οἵ
1200 2760 1237 2799 δὲ
1263 2761 1372 2800 ἀπαί-

401 2819 515 2854 δευτοι
536 2816 656 2868 ἄνδρες
681 2817 726 2856 τὰ
748 2819 947 2871 πράγματα
966 2819 1191 2874 συγχέουσιν.

314 2887 363 2914 aa.
394 2874 440 2914 Ὁ
467 2876 506 2913 ἐκ
538 2877 743 2929 φιλοσοφίας
770 2882 848 2923 νοῦς
877 2879 987 2919 ἔοικεν
1023 2879 1178 2934 ἡνιόχῳ·
1214 2880 1372 2934 περίεστι

395 2935 463 2987 γὰρ
478 2937 547 2974 τῶν
566 2937 600 2974 ἐν
619 2938 705 2988 ἡμῖν
723 2939 914 2990 ἐπιθυμιῶν
926 2969 936 2987 ,
958 2938 1012 2978 ἀεὶ
1028 2940 1190 2992 μετάγων
1205 2941 1311 2984 αὐτὰς
1326 2942 1372 2984 εἷς

395 2994 435 3032 τὸ
456 2993 576 3032 καλόν.

313 3067 362 3092 31».
397 3054 456 3093 Τὸ
466 3052 530 3103 μὲν
554 3053 711 3107 ἀψίνθιον
736 3057 754 3093 ὃ
770 3055 890 3108 καιρὸς
905 3061 965 3097 τοῦ
988 3058 1126 3108 μέλιτος
1139 3059 1367 3113 γλυκύτερον,

395 3111 454 3150 τὸν
476 3113 507 3151 δ’
529 3111 652 3166 ἐχθρὸν
673 3113 894 3169 ἐντιμότερον
912 3121 974 3156 τοῦ
1004 3117 1105 3171 φίλου
1122 3121 1145 3166 ἡ
1164 3117 1371 3172 περίστασις

396 3170 504 3210 ἐνίοτε
525 3174 631 3210 ποιεῖ.

314 3243 361 3270 aa.
391 3230 464 3271 Καὶ
482 3230 698 3284 κυὸερνήτης
726 3232 853 3286 ἀγαθὸς
883 3234 988 3273 ἐνίοτε
1009 3242 1176 3286 ναυαγεῖ,
1201 3237 1261 3276 καὶ
1282 3236 1372 3292 ἀνὴρ

398 3290 586 3334 σπουδαῖος
603 3294 739 3343 ἀτυχεῖ.

313 3361 362 3388 37.
393 3350 440 3388 Αἱ
458 3349 522 3400 μὲν
551 3350 693 3403 βρονταὶ
715 3350 870 3401 μάλιστα
890 3351 970 3397 τοὺς
997 3354 1124 3398 παῖδας
1145 3355 1364 3408 ἐκφοὸοῦσιν,

397 3410 434 3446 αἱ
451 3408 487 3448 δὲ
512 3410 657 3449 ἀπειλαὶ
673 3409 754 3455 τοὺς
769 3411 935 3465 ἄφρονας.

315 3479 361 3505 38.
396 3467 602 3521 Ἄνδριάντα
635 3469 699 3521 μὲν
727 3469 767 3509 τὸ
811 3473 958 3524 σχῆμα,
983 3471 1094 3524 ἄνδρα
1125 3473 1161 3511 δὲ
1191 3475 1214 3520 ἡ
1248 3473 1372 3525 πρᾶξις

402 3534 540 3579 κοσμεῖ.

939 303 1415 343 PYTHAGOREORUM
1445 302 1857 345 SIMILITUDINES.

1484 401 1533 430 16.
1556 397 1671 429 Virum
1694 398 1817 432 bonum
1842 399 1919 433 boni
1940 400 2108 435 luctatoris
2131 403 2280 444 exempto
2305 402 2492 439 adversanti

1435 462 1576 495 sor-tunae
1596 466 1663 495 tota
1683 466 1827 506 corporis
1844 466 1928 500 mole
1950 467 2053 501 obniti
2071 468 2174 502 decet.

1482 534 1530 565 17.
1557 531 1758 573 Frugalitas,
1788 532 1894 567 brevis
1914 535 1947 568 ct
1962 535 2117 577 Jucundae
2138 538 2198 570 viae
2217 538 2328 580 instar,
2350 540 2491 574 muttum

1433 600 1566 640 gratiae,
1588 600 1824 642 defatigationis
1843 612 1956 644 parum
1982 605 2090 639 habet.

1479 672 1527 701 18.
1548 669 1629 711 Equi
1651 674 1860 705 contumaces
1883 673 2000 714 frenis,
2013 676 2112 708 animi
2128 676 2167 708 ad
2181 676 2380 711 iracundiam
2398 679 2491 720 proni

1434 738 1614 772 rationibus
1631 739 1809 773 ducuntur.
2402 747 2407 751 '

1478 811 1527 840 19.
1553 808 1650 846 Joco,
1667 811 1703 840 ut
1719 808 1806 849 saie,
1827 817 1922 850 parce
1942 811 2112 844 utendum.

1475 879 1528 907 20.
1554 876 1593 908 Et
1610 875 1739 909 calceus
1768 880 1800 910 et
1829 877 1967 911 tortunae
1996 880 2110 913 modus
2132 882 2226 923 aptus
2257 883 2363 917 minus
2391 886 2491 918 mote-

1432 944 1502 976 stus
1523 947 1582 976 est.

1478 1014 1530 1043 21.
1549 1013 1662 1044 Vestes
1678 1012 1796 1045 talares
1813 1021 1965 1054 corpora,
1992 1023 2072 1057 opes
2095 1016 2264 1050 immensae
2285 1018 2411 1052 animos
2430 1020 2488 1054 im-

1433 1076 1582 1117 pediunt.
2213 1057 2223 1066 .

1476 1145 1526 1174 22.
1551 1142 1615 1181 Qui
1643 1142 1784 1176 stadium
1814 1143 2001 1185 decurrunt,
2022 1145 2061 1178 iis
2083 1146 2229 1179 victoriae
2256 1148 2426 1189 praemium
2457 1149 2490 1182 in

1434 1211 1540 1250 meta,
1562 1210 1750 1244 hominibus
1780 1215 1889 1245 autem
1918 1212 2086 1246 laboriosis
2112 1214 2292 1255 prudentiae
2319 1217 2428 1258 palma
2460 1218 2494 1251 in

1433 1277 1601 1308 senectute
1615 1276 1717 1317 posita
1735 1277 1795 1309 est.

1475 1343 1526 1374 23.
1545 1341 1739 1383 Voluptates
1758 1343 1794 1374 ut
1810 1342 1938 1376 Sirenes
1961 1344 2195 1385 praetereundae
2210 1346 2286 1378 sunt
2301 1345 2330 1379 ei
2350 1346 2406 1388 qui
2426 1346 2475 1379 vir

1431 1406 1536 1438 tutem
1550 1407 1706 1448 tanquam
1723 1407 1859 1447 patriam
1873 1407 1975 1441 visere
1988 1408 2087 1450 cupit.

1476 1473 1528 1504 24.
1551 1472 1596 1504 Ut
1620 1471 1763 1504 secunda
1789 1473 1982 1514 tempestate
2011 1473 2203 1514 navigantes
2222 1475 2320 1508 etiam
2345 1475 2492 1509 adversae

1434 1538 1585 1579 praesidia
1608 1538 1641 1570 in
1665 1540 1795 1580 promtu
1820 1539 1939 1572 habent
1968 1552 1977 1573 z
2011 1540 2058 1573 ita
2083 1541 2114 1573 iu
2141 1540 2238 1574 rebus
2260 1543 2412 1575 secundis
2429 1543 2491 1576 viri

1436 1609 1597 1649 sapientes
1615 1609 1713 1642 etiam
1727 1608 1872 1643 adversae
1891 1609 2032 1643 fortunae
2052 1611 2247 1644 medicinam
2265 1615 2393 1653 parant.

1477 1681 1528 1709 25.
1552 1678 1668 1710 vestes
1693 1676 1768 1709 lotae
1787 1678 1821 1710 et
1840 1676 1951 1709 nitidae
1966 1686 2027 1710 usu
2049 1686 2162 1710 rursus
2184 1678 2333 1711 sordibus
2356 1679 2494 1722 implen-

1434 1743 1514 1774 tur:
1540 1742 1641 1774 animi
1669 1745 1780 1775 autem
1807 1743 1906 1776 semet
1930 1743 1971 1776 ab
1991 1743 2169 1785 ignorantia
2190 1744 2315 1785 purgati
2332 1748 2489 1787 perpetuo

1434 1808 1573 1841 nitorem
1590 1811 1733 1841 servant.
2093 1805 2098 1813 ‘

1477 1878 1530 1907 26.
1554 1874 1696 1916 Fugitivi
1725 1875 1824 1908 etiam
1852 1874 1983 1908 nemine
2012 1878 2227 1917 persequente
2247 1875 2491 1918 timent;stulti

1435 1949 1533 1982 vero,
1556 1941 1706 1982 quamvis
1721 1941 1819 1975 11111115
1836 1942 1929 1976 1113115
1949 1943 2150 1984 premantur,
2171 1943 2356 1985 perturbari
2371 1944 2489 1978 soient.

1476 2011 1528 2042 27.
1555 2012 1736 2042 avarorum
1759 2009 1884 2043 divitiae
1907 2010 2034 2043 occidui
2060 2011 2136 2044 50115
2155 2011 2256 2044 1115131
2275 2015 2393 2044 terram
2413 2011 2492 2044 sub·

1433 2079 1540 2111 euntis
1554 2079 1674 2112 nemini
1689 2078 1842 2112 vivorum
1859 2080 2064 2122 voluptatem
2084 2080 2237 2113 asserunt.

1477 2151 1528 2180 28.
1562 2150 1608 2180 Ex
1631 2150 1717 2181 terra
1745 2149 1940 2190 quotannis,
1974 2158 2014 2182 ex
2043 2150 2182 2182 amicitia
2201 2142 2317 2191 quovis
2338 2150 2496 2191 temporis

1435 2215 1601 2246 momento
1618 2213 1745 2246 fructus
1760 2214 1966 2255 proveniunt.

1477 2280 1529 2310 29.
1554 2276 1669 2310 Musici
1687 2279 1737 2310 est
1755 2277 1972 2320 quodcunque
1991 2278 2244 2312 instrumentum
2261 2279 2406 2312 numeris
2418 2288 2494 2312 oon-

1434 2342 1588 2381 tendere,
1617 2341 1678 2374 viri
1708 2346 1818 2376 autem
1847 2343 2003 2384 sapientis
2022 2343 2062 2376 ad
2081 2343 2227 2385 cujusvis
2252 2345 2399 2378 animum
2422 2354 2494 2378 sese

1435 2406 1693 2439 accommodare.

1476 2473 1528 2504 30.
1553 2473 1666 2514 Neque
1681 2472 1792 2513 aegroti
1807 2472 1961 2513 verbera,
1978 2482 2084 2514 neque
2099 2472 2191 2506 stulti
2207 2473 2304 2506 miuae
2317 2474 2395 2508 sunt
2410 2482 2486 2516 per-

1435 2537 1655 2570 timescendae.

1478 2605 1531 2636 31.
1548 2602 1686 2635 Thoraci
1703 2603 1836 2645 quidem
1858 2603 1989 2644 tunica,
2004 2603 2107 2637 dolori
2122 2606 2232 2637 autem
2246 2604 2351 2638 bonus
2365 2604 2496 2638 animus

1436 2670 1568 2703 subesse
1586 2670 1695 2704 debet.

1475 2742 1526 2773 32.
1553 2739 1669 2773 Victus
1682 2739 1869 2781 aegrotantis
1885 2740 1918 2772 et
1934 2738 2025 2772 stulti
2046 2739 2176 2772 animus
2196 2739 2351 2772 molestus
2368 2742 2427 2773 est.

1477 2810 1529 2842 33.
1555 2808 1650 2841 Pueri
1669 2807 1790 2840 indocti
1807 2806 1949 2846 litteras,
1965 2806 2028 2839 viri
2042 2806 2184 2848 imperiti
2200 2815 2252 2839 res
2268 2805 2486 2840 confundunt.

1478 2879 1530 2910 34.
1553 2876 1691 2910 Animus
1710 2876 1876 2917 sapientiae
1890 2876 2059 2917 proeceptis
2077 2875 2221 2908 imbutus
2236 2875 2357 2916 aurigoe
2376 2874 2494 2908 similis

1436 2948 1506 2986 est;
1521 2954 1597 2978 nam
1622 2944 1733 2977 insitas
1753 2943 1848 2977 nobis
1869 2943 2062 2986 cupiditates
2085 2944 2212 2976 coercet
2228 2944 2260 2975 et
2279 2942 2319 2975 ad
2339 2942 2490 2976 honesta·

1434 3013 1501 3044 tem
1518 3009 1696 3052 componit.

1478 3082 1530 3112 35.
1562 3077 1699 3112 Occasio
1710 3076 1847 3118 quidem
1868 3075 2066 3108 absinthium
2087 3075 2183 3108 meite
2209 3074 2338 3107 dulcius
2361 3073 2492 3112 reddit,

1436 3157 1545 3181 rerum
1568 3149 1679 3181 autem
1699 3148 1805 3179 status
1821 3145 2018 3187 quandoque
2035 3144 2151 3185 efficit,
2171 3145 2207 3177 111
2225 3144 2376 3176 inimicus
2389 3143 2495 3176 amico

1457 3214 1541 3247 otior
1556 3213 1609 3246 sit.

1436 3224 1455 3256 p
1478 3283 1530 3313 36.
1549 3276 1729 3320 Aliquando
1759 3277 1792 3308 et
1819 3275 1924 3307 bonus
1943 3274 2139 3315 gubernator
2164 3273 2366 3315 naufragium
2391 3273 2467 3306 facit
2481 3296 2495 3314 ‚

1443 3345 1476 3377 et
1489 3343 1538 3376 vir
1555 3344 1662 3376 bonus
1680 3341 1772 3374 maiis
1791 3339 1958 3382 premitur.

1476 3411 1530 3442 37.
1560 3408 1716 3441 Το11111113
1745 3406 1876 3446 quidem
1906 3413 2021 3447 pueros
2049 3404 2223 3446 imprimis,
2252 3403 2350 3436 minae
2383 3403 2498 3435 autem

1439 3474 1558 3507 stuitos
1579 3472 1736 3506 territant.

1479 3542 1532 3572 38.
1557 3540 1704 3572 Statuam
1727 3537 1845 3579 figura,
1868 3537 1974 3569 virum
1991 3537 2076 3570 actio
2089 3536 2194 3568 ornat.

2594 1222 2604 1318 Ξ

2598 1539 2612 1563 „A
2591 1463 2612 1518 βιζος,
2610 1439 2612 1442 Δ
