2612 3814
595 238 866 278 HIEROCLIS
894 239 1304 283 COMMENTARIUS
1333 244 1388 283 1N
1416 243 1638 287 AUREUM
1669 249 1906 291 CARMEN.
2265 258 2343 292 4¹7

364 325 386 352 2.

171 333 322 386 Πρῶτον
345 346 405 370 ουν
432 330 612 383 ἄνθρωπον
642 330 694 367 δεῖ
726 329 907 380 γενέσθαι,
938 331 999 370 καὶ
1020 331 1099 371 τότε
1129 332 1222 373 θεόν.
1257 351 1260 398 Ι
1291 333 1352 372 καὶ
1375 337 1448 373 θεῖα
1468 333 1532 381 τὴν
1550 335 1736 382 ἐπίκλησιν
1763 336 2044 389 ἀναγέγραπται.
2103 341 2156 378 Οὐ
2178 339 2246 392 γάρ
2270 330 2346 379 ἔστι

169 389 373 445 Ἄνθρωπον
393 390 431 429 δὲ
457 392 622 428 ποιοῦσιν
647 387 778 441 ἀγαθὸν
811 390 848 427 αἱ
879 390 1060 430 πολιτικαὶ
1093 391 1227 444 ἀρεταί·
1257 400 1260 459 j
1287 392 1327 432 τὸ
1342 388 1405 443 μὲν
1429 395 1542 432 αὐτῶν
1569 394 1697 442 καλόν,
1714 395 1754 433 τὸ
1774 395 1810 433 δὲ
1829 397 1868 434 οὗ
1894 397 2025 444 καλόν,
2045 397 2166 453 ὥσπερ
2181 398 2257 439 ἔνια
2274 401 2345 438 τῶν

169 454 369 491 θεοποιοῦσι
399 449 436 489 δὲ
463 451 501 489 αἱ
531 448 618 494 πρὸς
642 447 706 495 τὴν
738 447 834 487 θείαν
868 448 997 501 ἀρετὴν
1031 450 1227 504 ἀνάγουσαι
1257 464 1260 481 ³
1289 447 1429 496 ἆθλων,
1450 447 1541 486 ἅλλᾶ
1561 449 1678 488 πάντα
1700 448 1829 499 ὅμοίως
1849 464 1887 487 το
1907 450 2061 502 καθαρὸν
2082 454 2196 498 ἠθος’
2181 453 2346 505 εμφαίνει

168 511 380 560 ἐπιστῆμαι.
438 506 496 548 Τὰ
515 506 550 546 δὲ
572 506 683 560 μικρὰ
703 507 772 560 πρὸ
792 509 862 546 τῶν
884 509 1086 560 μεγάλων’
1070 510 1164 550 εστίν
1192 512 1228 550 ἐν
1258 531 1260 533 ·
1288 506 1348 545 καὶ
1348 506 1451 577 ὐπρὸς
1470 507 1533 554 τὴν
1551 508 1647 546 θείαν
1667 507 1833 558 ὁμοίωσιν
1857 508 2001 561 ἀνάγει,
2022 509 2082 548 καὶ
2101 512 2164 556 τῆς
2180 513 2347 562 Πυθαγο-

166 568 264 615 τάξει
281 573 356 612 τοῖς
378 569 524 606 ἀνιοῦσι·
545 566 599 605 διὸ
620 566 716 605 καὶ’
701 583 737 605 εν
753 572 832 612 ταῖς
854 570 1152 622 Πυθαγορικαῖς
1138 586 1229 609 υπο-
1258 584 1260 606 ι
1290 569 1390 618 ρικῆς
1405 566 1610 620 φιλοσοφίας
1633 581 1693 606 τον
1722 567 1940 606 τελειότατον
1962 583 2093 607 cnon-ov
2120 569 2344 617 ἕκκα)ύπτει,

166 630 290 678 θήκαις
312 629 357 668 τὰ
373 629 443 667 τῶν
450 629 599 702 ἀρετῶν
619 626 909 681 παραγγέλματα
929 632 1057 681 πρῶτα
1075 629 1227 683 παραδί-
1257 614 1260 654 Ι
1288 627 1335 669 ὡς
1353 627 1387 664 ἕν
1401 629 1446 679 τῇ
1464 627 1541 664 καθ
1559 627 1708 666 ἕκαστον
1729 625 1892 678 ἐξηγήσει
1906 627 2015 680 σαφὲς
2033 627 2230 678 γενήσεται.
2271 629 2343 668 Κατ

167 690 272 728 δωσιν
301 689 336 727 ἐν
356 693 427 731 τοῖς
447 686 565 725 ἔπεσιν
584 689 602 725 ὁ
622 687 748 739 λόγος,
778 688 1021 739 παιδαγωγῶν
1042 692 1139 739 ἡμᾶς
1159 689 1230 728 ἀπὸ
1288 687 1455 739 πρῶτον
1450 685 1512 725 ιιὲν
1535 686 1606 726 ἀπὸ
1619 689 1688 726 τῶν
1705 686 1856 740 πρώτων
1876 686 2079 740 ἀρξώμεθα.

165 751 227 796 τῆς
243 749 312 787 τῶν
334 747 416 799 περὶ
435 741 628 800 τὸνιβιον’
610 746 755 798 αρίστης
774 762 936 799 χρησεως
955 746 1040 800 πρὸς
1055 746 1119 795 τὴν
1135 748 1229 787 θείαν
1257 708 1260 779 i

165 807 332 860 ὁμοίωσιν
355 804 506 846 ἀνιέναι.
567 806 641 845 Καὶ
655 809 754 851 οὗτος
771 808 835 857 μὲν
861 809 878 845 ὁ
897 807 1028 851 σκοπὸς
1047 811 1116 847 τῶν
1135 810 1228 847 ἐπῶν

132 898 134 901 .
165 865 226 905 καὶ
244 867 267 913 ἡ
296 863 413 912 τάξις,
443 879 659 917 χαρακτηρα
693 864 884 918 φιλόσοφον
916 865 984 918 πρὸ
1018 867 1086 904 τῶν
1111 866 1228 905 ἄλλων

167 923 459 976 ἀναγνωσμάτων
480 924 632 963 ἐκθεῖναι
653 929 727 968 τοῖς
759 926 960 978 ἀκροαταῖς.
1031 926 1161 977 Χρυσᾶ
1191 926 1227 964 δὲ

164 983 228 1032 τὴν
244 981 484 1034 ἐπωνυμίαν”
465 998 576 1036 εσχε,
599 982 656 1022 διὰ
673 982 714 1022 τὸ
728 1012 740 1033 ‚
759 985 807 1028 ὡς
827 985 862 1022 ἐν
879 983 1012 1033 ἔπεσιν,
1030 983 1158 1037 ἄριστα
1179 990 1229 1024 εἰ·
1257 978 1260 1045 ff

165 1060 220 1083 ναι
239 1043 300 1083 καὶ
320 1047 410 1083 θεῖα.
468 1042 578 1082 Ουτω
609 1042 677 1115 γὰρ
696 1042 759 1082 καὶ
778 1047 932 1117 χρυσοῦν
959 1044 1057 1098 γένος
1079 1044 1228 1097 λέγομεν

169 1120 210 1143 το
222 1105 258 1142 ἐν
278 1103 351 1147 τοῖς
372 1102 600 1156 ἀνθρωπίνοις
633 1100 768 1153 γένεσιν
797 1102 960 1156 ἄριστον,
981 1102 1052 1141 ἀπὸ
1077 1106 1141 1150 τῆς
1160 1121 1231 1143 των
1291 1105 1386 1155 ὅεια,
1406 1105 1490 1158 πρὸς
1504 1104 1568 1151 τὴν
1583 1105 1678 1145 θείαν
1694 1105 1812 1144 αἰτίαν
1822 1104 1887 1152 τὴν
1901 1104 2080 1159 ἀναφορὰν
2100 1106 2245 1158 ἔχουσα,
2258 1106 2350 1145 εἷκό-

164 1164 256 1202 ὑλῶν
282 1162 471 1214 ἀναλογίας
484 1162 548 1209 τὴν
570 1163 640 1200 τῶν
662 1163 757 1209 ἠθῶν
776 1161 947 1216 διαφορὰν
967 1162 1228 1212 λαμὸάνοντες.
1291 1180 1359 1208 τως
1374 1164 1433 1202 καὶ
1448 1166 1517 1203 τῶν
1535 1165 1569 1202 ἐν
1584 1169 1655 1208 τοῖς
1676 1163 1776 1202 ἔπεσι
1792 1164 1910 1215 νόμων
1927 1164 1966 1204 τὸ
1975 1164 2056 1218 περὶ
2069 1165 2198 1213 ταύτης
2213 1165 2357 1216 ἡγεῖται·

164 1220 272 1263 Ἔστι
289 1221 325 1261 δὲ
340 1221 401 1261 καὶ
419 1224 437 1261 ὁ
457 1220 589 1276 χρυσὸς
617 1220 810 1268 ἀκίὸδηλόν
830 1237 863 1264 τι
890 1221 950 1260 καὶ
977 1224 1041 1272 γῆς
1062 1223 1126 1260 οὐκ
1144 1224 1230 1261 ἀνα·
1258 1223 1261 1251 ¹
1292 1224 1544 1277 παράγγελμα·
1566 1225 1612 1268 ὡς
1629 1219 1775 1267 δεῖτοὺς
1797 1225 2005 1276 ἐγκοσμίους
2034 1224 2151 1273 θεούς,
2168 1225 2262 1263 κατὰ
2282 1224 2348 1272 τὴν

164 1280 479 1333 πεπλησμένον,“
453 1297 574 1334 ωσπερ
595 1281 640 1319 τὰ
661 1283 813 1334 συγγενῆ
832 1280 893 1320 καὶ
908 1280 1071 1334 ἐφεξῆς”
1050 1298 1133 1321 οντα
1148 1283 1229 1322 τού·
1258 1256 1262 1313 i
1291 1284 1560 1336 ἐνυπάρχουσαν
1581 1285 1699 1327 αὐτοῖς
1714 1283 1825 1332 τάξιν,
1843 1289 1967 1335 τιμᾶν,
1988 1283 2033 1330 ἣν
2059 1286 2077 1322 ὁ
2099 1284 2349 1338 δημιουργικὸς

164 1357 238 1395 τῳ,
260 1334 330 1381 οῖον
351 1340 500 1415 ἄργυρος
523 1340 585 1379 και
603 1340 736 1394 χαλκὸς
761 1340 822 1379 καὶ
851 1340 1003 1394 σίδηρος·
1024 1341 1110 1396 πρὸς
1126 1342 1147 1381 ἃ
1170 1343 1231 1382 καὶ
1291 1342 1397 1393 νόμος
1417 1341 1494 1394 ἅμα
1515 1345 1559 1396 τῇ
1591 1342 1692 1394 οὐσίᾳ
1713 1343 1830 1381 αὐτῶν
1857 1342 2136 1395 συμπροήγαγε,
2157 1343 2262 1389 τάξας
2285 1344 2350 1382 αὖ-

163 1401 204 1440 τὸ
221 1401 396 1454 ὑπερέχον
415 1400 520 1454 φύσει
543 1400 714 1448 κέκτηται
734 1403 752 1440 ὁ
767 1415 918 1454 χρυσος,
937 1400 1042 1451 μόνος
1070 1404 1139 1440 τῶν
1162 1403 1230 1442 ἄλ·
1290 1403 1358 1439 τῶν
1379 1399 1458 1445 τοὺς
1479 1401 1543 1453 μὲν
1565 1401 1622 1440 ἐπὶ
1648 1403 1711 1449 τῆς
1743 1400 1888 1454 πρώτης
1917 1401 2090 1454 σφαίρας,
2126 1401 2206 1447 τοὺς
2232 1401 2349 1440 δὲέπὶ

163 1461 267 1500 λων’
258 1460 307 1500 ιὸν
325 1463 364 1499 οὐ
388 1462 511 1509 ποιῶν,
526 1460 667 1500 ἐκείνων
684 1460 858 1511 ἑκάστου,
874 1462 954 1499 καθ’
979 1461 1059 1501 ὅσον
1080 1466 1145 1512 γῆς
1164 1479 1226 1512 με·
1294 1463 1356 1508 τῆς
1376 1461 1558 1514 δευτέρας,
1581 1461 1643 1500 καὶ
1662 1461 1721 1500 ἐπὶ
1750 1464 1813 1509 τῆς
1833 1460 1953 1515 τρίτης
1980 1460 2129 1512 ἄλλους,
2154 1461 2215 1500 καὶ
2239 1460 2349 1505 οὕτως

166 1519 281 1573 τέχει,
301 1519 396 1559 κατὰ
416 1523 579 1560 τοσοῦτον
597 1536 658 1559 και
680 1522 709 1560 εἷ
711 1538 727 1565 ς
747 1520 797 1559 ἰὸν
817 1519 1112 1573 μεταὸάλλοντος.
1150 1524 1226 1562 Τοῦ
1295 1520 1437 1572 εφεξῆς,
1462 1519 1569 1574 μέχρι
1588 1523 1650 1568 τῆς
1664 1520 1785 1568 πάσης
1803 1523 1873 1559 τῶν
1903 1519 2072 1573 οὐρανίων
2102 1520 2241 1560 κύκλων
2260 1536 2350 1571 συμ-

167 1575 227 1620 ουν
244 1579 394 1632 γεώδους
408 1581 462 1619 ἰοῦ
475 1581 569 1619 κατὰ
582 1580 647 1628 τὴν
661 1578 781 1620 ἔνυλον
796 1580 923 1620 κακίαν
940 1581 1230 1633 λαμὸανομένου,
1291 1579 1520 1632 πληρώσεως.
1579 1583 1612 1621 Τ
1614 1581 1632 1620 ὸ
1652 1580 1733 1634 γὰρ,
1752 1575 1776 1632 ᾗ
1793 1580 1992 1633 ἐτάχθησαν
2013 1580 2081 1619 ὑπὸ
2102 1584 2163 1619 τοῦ
2179 1581 2352 1633 δημιουρ-

168 1639 209 1679 τὸ
230 1639 329 1693 ἅγιον
352 1640 414 1679 καὶ
436 1640 591 1715 καθαρον
618 1639 718 1692 γένος
742 1657 804 1679 και
825 1640 864 1680 τὸ
892 1641 1009 1688 πάντη
1032 1645 1227 1695 καθαρεῦον
1291 1643 1356 1691 γοῧ
1374 1641 1491 1678 αὐτῶν
1519 1640 1582 1680 καὶ
1617 1640 1771 1693 πατρός,
1804 1641 1917 1691 ταύτῃ
1943 1638 2068 1683 αὐτοὺς
2098 1639 2288 1691 ἐγνωκέναι
2313 1654 2352 1678 τε

166 1698 335 1752 πονηρίας
355 1693 438 1746 ηθος
466 1700 610 1743 εἰκότως
632 1703 785 1752 χρυσοῦν
815 1698 959 1752 ἐλέχθη·
979 1700 1070 1739 οὕτω
1099 1701 1141 1748 δὴ
1173 1717 1233 1739 και
1293 1700 1353 1738 καὶ
1372 1707 1492 1751 τιμᾶν,
1509 1704 1559 1754 τῷ
1581 1700 1662 1755 θείῳ
1688 1700 1787 1753 νόμῳ
1815 1700 2171 1740 κατακολουθούντων
2196 1700 2268 1740 ἐστὶ
2291 1699 2353 1739 καὶ

165 1761 279 1796 ταῦτα
315 1758 359 1796 τὰ
407 1757 475 1805 ἔπη
490 1788 501 1808 ,
546 1757 612 1796 ὅλα
645 1760 689 1796 δι’
727 1757 809 1797 ὅλου
847 1757 931 1796 ὄντα
960 1758 1055 1798 καλά
1068 1789 1079 1807 ,
1110 1766 1233 1811 χρυσα
1292 1776 1357 1805 την
1388 1760 1495 1806 ὄντως
1530 1760 1637 1811 τιμὴν
1665 1762 1782 1805 αὐτοῖς
1817 1759 2067 1800 ἀποδιδόντων·
2098 1759 2160 1799 καὶ
2190 1759 2231 1798 τὸ
2261 1759 2352 1811 μήτε

1770 806 1802 844 I.
1841 812 1874 846 1.

1373 915 1558 953 Ἀθανάτους
1581 916 1635 958 μὲν
1657 920 1768 959 πρῶτα
1783 917 1883 958 θεούς,
1904 917 1994 959 νόμῳ
2016 919 2058 954 ὡς
2076 917 2261 957 διάκεινται,

1372 974 1460 1004 τιμα.

1343 1045 1494 1094 Ἐπειδὴ
1525 1047 1648 1084 πασῶν
1671 1048 1740 1084 τῶν
1759 1047 1892 1098 ἀρετῶν
1911 1045 2055 1097 ἡγεμών
2077 1049 2171 1085 ἐστιν
2190 1048 2213 1093 ἡ
2241 1046 2344 1085 εὐσέ-

165 1951 294 1989 deum.
327 1952 534 1987 Hominem
562 1963 656 1987 vero
692 1951 838 1987 bonum
870 1951 1041 1987 reddunt
1073 1952 1231 1988 virtutes
1292 1955 1434 2002 partim
1465 1955 1590 1991 minus
1609 1954 1787 2003 pulchri,
1817 1961 1861 1990 ut
1879 1954 2055 1990 nonnulli
2076 1954 2261 2002 aliorum,
2287 1953 2355 1989 sed

163 2011 315 2056 civiles;
350 2010 466 2046 deum
494 2018 622 2046 autem
642 2010 790 2046 faciunt
823 2010 1035 2060 disciplinae
1065 2023 1150 2059 quae
1183 2010 1232 2047 ad
1294 2026 1425 2050 omnes
1442 2014 1588 2062 pariter
1620 2014 1833 2050 castitatem
1862 2014 2198 2063 integritatemque
2226 2019 2350 2049 osten·

163 2070 334 2107 divinam
354 2071 535 2108 virtutem
555 2071 734 2107 evehunt.
763 2070 883 2106 Par'va
899 2082 992 2107 vero
1015 2071 1054 2106 in
1072 2082 1230 2107 ascensu
1294 2075 1389 2111 dunt
1413 2081 1451 2111 et
1471 2074 1521 2110 ad
1538 2073 1708 2110 divinam
1724 2073 2008 2110 similitudinem
2029 2072 2195 2109 evehunt
2214 2071 2353 2121 Pytha-

163 2130 309 2179 magnis
325 2129 461 2166 ordine
485 2130 732 2179 praecedunt3
751 2129 1005 2178 quamohrem
1037 2136 1074 2166 et
1094 2130 1131 2165 in
1159 2130 1230 2178 Py·
1292 2136 1511 2185 goricaeque
1541 2133 1797 2182 philosophiae
1834 2145 1995 2180 scopum
2038 2131 2356 2180 perfectissimum

166 2188 372 2256 thagqrifis
388 2189 543 2225 monitis
570 2189 759 2225 virtutum
776 2193 968 2238 praecepta
986 2189 1116 2238 ptimo
1136 2189 1226 2224 loco
1291 2193 1529 2243 patefaciunt
1545 2222 1555 2240 ‚
1577 2193 1677 2228 utin
1696 2192 1935 2245 singulorum
1953 2191 2209 2239 explicatione
2233 2192 2356 2228 mani.

165 2249 320 2286 carmin.
324 2261 341 2284 s
358 2248 475 2285 verba
499 2249 656 2285 tradunt
682 2249 734 2285 ita
755 2261 826 2285 nos
847 2248 1084 2294 erudientia‚
1117 2256 1160 2284 ut
1178 2248 1225 2283 ab
1292 2254 1426 2290 festum
1448 2251 1527 2290 fiet,
1552 2253 1607 2288 Ac
1637 2252 1808 2301 primum
1838 2249 1996 2299 quidem
2017 2262 2039 2286 a
2056 2250 2192 2298 primis
2221 2249 2356 2286 ordia-

166 2308 315 2376 optimo
333 2320 466 2345 rerum
487 2321 571 2356 quae
592 2307 642 2344 ad
661 2309 778 2344 vitam
798 2308 995 2357 pertinent
1013 2319 1084 2343 usu
1105 2306 1153 2343 ad
1172 2307 1231 2342 di-
1290 2326 1392 2352 mur·

165 2368 295 2405 vinam
317 2367 606 2404 similitudinem
627 2367 892 2405 ascendamus.
911 2368 959 2404 Et
977 2367 1040 2403 hic
1073 2366 1229 2415 quidem

162 2439 343 2464 versuum
372 2439 510 2476 scopus
555 2433 611 2463 est
643 2434 759 2476 atque
789 2427 908 2473 ordo,
942 2433 987 2462 ut
1012 2438 1224 2474 expressam

161 2486 416 2536 philosophi
404 2487 610 2536 imaginem
631 2493 718 2523 ante
736 2487 825 2523 alias
839 2487 992 2535 quasvis
1007 2487 1229 2534 praeceptio-

163 2558 231 2583 nes
249 2545 494 2582 auditoribus
509 2552 746 2594 proponant.
762 2547 980 2582 Aureorum
995 2554 1123 2583 autem
1139 2547 1228 2583 ideo

162 2606 306 2643 habent
322 2604 620 2655 appellationem
634 2632 645 2651 ‚
665 2605 791 2654 quod,
811 2613 855 2642 ut
890 2606 931 2642 in
967 2605 1155 2651 versibus,
1187 2619 1228 2642 o·

162 2666 274 2716 ptimi
296 2665 370 2703 sint
386 2672 500 2714 atque
523 2663 656 2701 divini.
679 2666 740 2701 Sic
752 2665 852 2701 enim
864 2671 902 2701 et
915 2677 1066 2701 auream
1083 2672 1228 2702 aetatem

163 2724 326 2762 dicimus
343 2725 447 2761 illam
476 2737 559 2773 quae
589 2737 635 2761 ex
657 2724 860 2760 hominum
897 2724 1071 2760 aetatibus
1093 2724 1164 2760 fuit
1185 2738 1228 2761 ο-

162 2785 310 2836 ptima,
328 2798 481 2822 morum
507 2784 762 2821 differentiam
780 2785 1057 2821 ametallorum
1077 2784 1177 2820 inter
1191 2797 1229 2821 se

165 2846 459 2895 comparatione
488 2851 693 2882 sumentes.
716 2845 780 2880 Est
800 2844 956 2893 quidem
990 2856 1124 2880 aurum
1153 2857 1226 2893 pu-

165 2916 251 2941 rum
292 2904 388 2954 quid
420 2917 493 2941 nec
523 2911 630 2940 terrae
663 2904 832 2940 mixtura
867 2904 1074 2953 repletum,
1092 2915 1228 2952 quem-

166 2963 378 3001 admodum
397 2964 432 3000 ei
459 2970 623 3014 cognata
643 2970 680 3000 et
699 2961 883 3000 inferiora
902 2961 1073 3008 metalla,
1093 2974 1228 3011 argen-

167 3030 274 3070 tum,
297 3035 345 3060 aes
361 3030 398 3060 et
423 3023 591 3069 ferrum,
611 3023 711 3059 inter
730 3035 813 3072 quae
833 3035 970 3059 aurum
997 3023 1121 3072 ipsum
1140 3021 1228 3057 ideo

168 3090 308 3119 natura
322 3084 466 3132 primas
470 3051 653 3129 obtiriet‚
672 3082 780 3131 quod
800 3083 923 3119 solum
940 3089 1080 3131 praeter
1097 3088 1230 3117 caetera

165 3139 384 3191 rubiginem
408 3154 488 3179 non
509 3113 732 3190 contrahat;
751 3154 840 3179 cum
862 3154 997 3179 eorum
1017 3141 1164 3190 singula
1191 3141 1230 3175 in

167 3212 253 3238 eam
272 3206 427 3238 eatenus
445 3208 656 3248 mutentur,
688 3208 875 3250 quatenus
903 3209 1039 3238 te1ram
1070 3199 1230 3249 partici-

167 3267 277 3310 pant.
312 3260 508 3311 Rubigine
540 3273 633 3310 ergo
662 3268 812 3298 terrena
842 3273 917 3310 pro
939 3263 1104 3296 materiae
1131 3259 1227 3294 vitio

166 3327 289 3356 sumta
304 3319 503 3356 hominum
524 3331 642 3369 genus
661 3327 834 3357 sanctum
862 3327 900 3356 et
920 3326 1064 3356 castum
1083 3330 1226 3354 mores-

168 3391 243 3428 que
264 3378 312 3415 ab
336 3380 441 3415 omni
459 3386 570 3428 parte
586 3380 737 3417 sceleris
754 3381 844 3429 puri
861 3391 1067 3416 aureorum
1086 3389 1228 3414 nomen

164 3438 250 3486 jure
270 3438 524 3477 obtinebant:
545 3439 598 3475 sic
614 3451 703 3476 sane
724 3447 761 3476 et
778 3439 820 3475 hi
838 3451 969 3476 versus
987 3451 1106 3487 quum
1124 3437 1230 3486 peni·

169 3505 228 3535 tus
258 3498 413 3548 pulchri
433 3498 531 3544 sint,
563 3511 767 3536 aureorum
802 3506 840 3536 et
862 3498 1015 3535 divium
1018 3511 1082 3534 um
1117 3496 1229 3533 titulo

287 3572 406 3596 ramos.
432 3572 531 3596 onAEC.

1774 2419 1804 2454 Ι.
1838 2430 1873 2453 1.

1374 2525 1580 2558 Immortates
1598 2524 1740 2565 primum
1755 2521 1851 2562 deos,
1870 2521 1906 2554 ut
1928 2521 2160 2562 lege.dispositi
2176 2522 2271 2563 sunt,

1375 2582 1543 2606 venerare.

1345 2662 1440 2698 Cum
1459 2661 1648 2697 virtutum
1668 2659 1842 2696 omnium
1862 2657 1940 2694 dux
1961 2658 2010 2694 sit
2034 2658 2155 2706 pietas
2168 2684 2179 2703 ,
2197 2665 2243 2694 ut
2271 2671 2355 2707 quae

1291 2721 1340 2757 ad
1363 2721 1530 2757 divinam
1551 2731 1703 2756 causam
1717 2718 1908 2755 referatur
1932 2730 1940 2754 :
1960 2718 2099 2754 merito
2121 2725 2356 2766 praeceptum

1292 2792 1446 2828 quoque
1466 2779 1513 2815 de
1533 2779 1600 2814 illa
1619 2778 1751 2814 datum
1767 2778 1868 2814 inter
1883 2776 2034 2826 regulas
2051 2775 2110 2811 his
2124 2775 2356 2812 carminibus

1292 2840 1585 2889 comprehensas
1602 2838 1773 2888 primum
1794 2838 1924 2873 locum
1942 2842 2045 2872 tenet
2058 2863 2068 2881 ,
2087 2842 2268 2884 oportere
2287 2848 2356 2872 nos

1292 2900 1385 2936 deos
1414 2898 1631 2935 mundanos
1673 2897 1869 2934 honorare
1902 2894 2114 2932 secundum
2155 2894 2353 2940 ordinem,

1293 2970 1407 3007 quem
1435 2969 1512 2994 una
1532 2969 1620 2994 cum
1638 2963 1776 2993 natura
1805 2967 1939 2992 eorum
1961 2952 2146 2991 creatoris
2162 2954 2224 2989 lex
2244 2954 2356 2989 insti-

1292 3018 1381 3064 tuit,
1402 3030 1486 3066 quae
1505 3017 1660 3052 illorum
1691 3016 1787 3052 alios
1811 3016 1851 3051 in
1870 3015 2013 3063 sphaera
2033 3014 2157 3062 prima
2186 3012 2354 3048 colloca-

1291 3078 1366 3122 vit,
1386 3078 1479 3113 alios
1496 3077 1537 3113 in
1556 3075 1724 3113 secunda
1755 3082 1794 3112 et
1814 3075 1856 3110 in
1879 3073 1994 3111 tertia
2020 3074 2139 3118 alios3
2169 3078 2283 3119 atque
2304 3071 2347 3112 ita

1292 3137 1496 3186 deinceps,
1521 3136 1645 3173 donec
1680 3135 1849 3173 coelestes
1881 3133 1995 3170 orbes
2018 3144 2148 3168 omnes
2180 3130 2354 3179 comple-

1290 3204 1438 3235 rentur.
1461 3198 1536 3232 Eos
1557 3197 1658 3233 enim
1678 3196 1746 3231 illo
1769 3194 1906 3231 ordine
1927 3203 2135 3242 agnoscere
2156 3197 2194 3226 et
2213 3190 2352 3234 colere,

1292 3268 1369 3304 quo
1395 3268 1418 3292 a
1450 3262 1622 3293 creatore
1651 3262 1689 3291 et
1711 3261 1819 3303 patre
1847 3265 1915 3289 suo
1948 3250 2144 3288 constituti
2166 3255 2273 3294 sunt,
2299 3254 2354 3284 est

1294 3316 1431 3352 divinae
1462 3314 1537 3365 legi
1564 3315 1828 3351 obedientium
1862 3319 1899 3349 et
1925 3324 2056 3348 verum
2090 3311 2141 3346 eis
2164 3309 2354 3344 honorem

1291 3375 1540 3412 tribuentium
1574 3387 1582 3411 :
1616 3381 1730 3423 atque
1763 3371 1953 3421 ejusmodi
1991 3371 2038 3408 de
2077 3369 2150 3406 illis
2177 3368 2354 3404 notiones

1290 3435 1455 3482 habere,
1487 3434 1628 3484 quibus
1646 3446 1781 3470 eorum
1812 3432 2037 3482 dignitatem
2063 3442 2134 3465 nec
2150 3427 2262 3463 nimis
2282 3438 2353 3462 au·
2398 3426 2404 3434 '

1292 3507 1448 3543 geamus
1490 3507 1561 3531 nec
1591 3494 1806 3530 minuamus
1836 3504 1845 3527 :
1878 3490 1943 3527 sed
1976 3502 2040 3526 eos
2073 3487 2285 3525 existimare
2317 3485 2355 3520 id

2214 3553 2250 3582 27

163 1890 339 1930 Primum
376 1893 494 1941 igitur
529 1893 726 1928 hominem
753 1891 839 1928 fieri
881 1899 1060 1942 oportet,
1092 1892 1232 1929 deinde
1294 1895 1466 1943 inscripti
1492 1902 1590 1931 sunt.
1612 1896 1745 1943 Neque
1765 1895 1866 1930 enim
1891 1894 2029 1943 partim
2060 1893 2214 1942 pulchri
2240 1899 2351 1938 sunt,
