2612 3814
651 283 703 322 IN
736 282 1056 322 EMPEDOCLIS
1085 283 1372 324 CARMINUM
1409 284 1699 334 BELlQUIAS.
2202 299 2249 332 75

101 372 170 425 γὰρ
202 374 264 419 τῆς
298 385 597 423 μετακοσμησεως
631 369 827 423 εἱμαρμένη
857 369 918 409 καὶ
950 369 1051 424 φύσις
1084 370 1152 410 ὑπὸ

101 429 385 482 Ἐμπεδοκλέους
421 429 556 480 δαίμων
589 428 829 481 ἀνηγόρευται·
850 446 866 463 α
887 431 1028 481 σαρκῶν
1048 429 1152 468 ἀλλο-

101 490 209 541 γνῶτι
227 488 503 540 περιστέλλουσα
517 489 639 540 χιτῶνι
657 505 672 523 υ
695 487 756 527 καὶ
771 487 1074 541 μεταμπίσχουσα
1092 487 1153 532 τὰς

99 546 229 602 ψυχάς.
265 547 398 597 Neque
428 545 637 585 obscurum
663 555 721 585 est
755 547 860 598 quod
883 547 931 585 de
964 560 1011 586 eo
1037 547 1155 586 tradit

101 607 329 646 Plutarchus
345 606 392 651 de
412 606 488 645 Esu
502 619 609 647 carn.
628 606 666 645 11
683 620 721 659 p.
744 608 822 657 998
842 607 935 658 (vol.
950 606 997 655 X,
1015 620 1058 659 p.
1080 613 1150 653 ι54

99 666 162 706 ed.
179 666 342 718 Reisk.).
355 665 428 704 Hic
442 667 562 713 enim,
578 665 669 704 licet
685 667 832 704 omisso
841 674 965 718 poetae
982 666 1153 714 nomine,

99 727 155 766 ait
171 740 180 765 :
199 724 370 765 ἀλλάσσει
388 724 459 774 δὴὴ
468 725 568 779 φύσις
584 725 723 764 ἅπαντα
738 726 797 764 καὶ
807 727 1006 777 μετοικίζει,
1025 743 1041 762 α
1058 742 1149 778 σαρ-

100 788 172 824 κῶν
204 785 399 837 ἀλλογνῶτι
425 802 440 819 n
468 786 548 825 κτλ.
578 785 779 823 Plutarchi
813 783 928 823 lectio
957 786 1155 834 ἀλλογνῶτι

101 844 287 883 satisfacit
311 857 434 896 eaque
467 844 706 883 restituenda
730 843 884 882 Stobaeo
915 845 1019 896 apud
1039 857 1153 895 quem

100 904 221 955 vulgo
253 903 446 956 ἀλλόγνωτι
484 902 664 950 habetur,
702 903 882 954 quamvis
920 901 1155 941 membranae

101 963 218 1002 etiam
246 971 472 1015 corruptum
499 961 735 1001 vocabulum
769 963 958 1014 ἀλλοιχῶτι
983 970 1021 1000 et
1047 962 1155 1001 ἄλλο·

75 1010 83 1023 ⁴
100 1023 210 1074 γλῶτι
227 1021 448 1061 exhibeant.
477 1022 578 1060 Hinc
609 1021 862 1073 conjecerunt
877 1020 1035 1072 quidem
1060 1020 1157 1060 Hee-

102 1082 238 1120 renius
255 1082 505 1133 ἀλλοωχρῶτι,
528 1078 801 1120 Wakefieldius
817 1081 859 1119 in
889 1079 1062 1119 Lucretii
1082 1080 1153 1119 lib.

101 1140 176 1189 Ill,
199 1142 274 1179 613
297 1149 334 1179 et
354 1140 419 1191 1V,
447 1141 496 1178 56
523 1141 746 1192 ἀλλοχρῶτι,
777 1140 1006 1179 Karstenius
1023 1141 1157 1179 ἀλλοιό-

102 1214 214 1252 χρωτι
232 1200 294 1238 vel
315 1200 525 1251 αἷολόχρωτι
551 1199 697 1252 quibus
726 1199 824 1238 adde
849 1198 1088 1238 Lobeckium
1109 1200 1156 1238 ad

103 1260 256 1311 Phryn.
286 1273 325 1311 p.
349 1260 423 1307 607
445 1267 483 1297 et
511 1259 683 1310 Paralip.
708 1273 748 1310 p.
783 1261 860 1297 260
880 1259 990 1297 varia
1006 1272 1157 1311 propo-

104 1328 272 1366 nentem,
296 1317 363 1356 sed
387 1317 484 1355 mihi
509 1317 710 1356 Plutarchi
741 1318 936 1369 scriptura
956 1332 1072 1369 quam
1097 1332 1159 1356 co-

103 1379 233 1417 dicum
263 1389 475 1416 consensus
495 1385 532 1415 et
548 1377 746 1415 sententiae
769 1377 1028 1428 perspicuitas
1052 1391 1157 1416 com-

103 1436 286 1475 mendant
314 1435 508 1474 servanda
533 1436 700 1474 videtur.
722 1435 919 1474 Nimirum
946 1436 1157 1476 Plutarcho

102 1504 139 1534 et
158 1494 382 1547 Porphyrio
399 1494 563 1533 testibus
583 1494 838 1547 Empedocles
859 1495 960 1534 dixit
979 1505 1156 1535 naturam

103 1563 140 1592 et
152 1554 304 1593 fatalem
320 1554 580 1592 necessitatem
596 1554 729 1593 omnia
741 1563 890 1594 mutare
903 1564 940 1593 et
948 1555 1159 1595 transferre

102 1613 233 1652 alieno
262 1613 392 1652 carnis
419 1614 612 1652 velantem
652 1613 811 1652 ainictu.
853 1613 1154 1665 Intelligendum

102 1673 177 1711 hoc
209 1681 286 1711 tam
316 1672 365 1712 de
399 1673 602 1711 hominum
634 1686 750 1725 quam
781 1673 993 1712 bestiarum
1018 1674 1158 1714 animis

102 1740 221 1784 prout
238 1732 338 1770 ratio
355 1732 427 1771 fert
443 1732 520 1770 alia
533 1741 648 1783 atque
662 1732 740 1770 alia
755 1746 920 1784 corpora
934 1733 1158 1786 ingredien-

33 1790 38 1793 ’
103 1790 217 1829 tibus.
233 1790 318 1836 Qua
338 1791 381 1828 in
402 1804 444 1828 re
457 1804 571 1829 nemo
598 1790 805 1829 mirabitur
829 1791 949 1829 vestis
975 1793 1158 1831 similitu-

103 1850 234 1889 dinem
255 1849 505 1901 Empedoclis
536 1850 698 1888 fortasse
726 1850 905 1900 exemplo
934 1864 955 1888 a
977 1850 1158 1890 Lucretio

103 1921 260 1959 quoque
280 1907 352 1947 lib.
371 1907 445 1955 111,
470 1909 543 1946 611
568 1916 678 1960 seqq.
707 1908 755 1946 ad
786 1908 996 1947 humanum
1018 1923 1160 1963 corpus

51 1986 55 1990 .
103 1968 326 2006 translatam
354 1982 362 2005 :

189 2071 289 2081 .....
314 2047 407 2086 Quod
426 2048 451 2080 si
467 2047 656 2080 immortalis
677 2047 788 2080 nostra
806 2048 887 2080 soret
903 2058 1007 2090 mens,

186 2105 252 2129 non
268 2100 334 2128 tam
348 2106 382 2129 se
400 2097 539 2128 moriens
554 2095 688 2128 dissolvi
705 2098 967 2136 conquereretur,

185 2143 242 2176 sed
258 2143 360 2184 magis
376 2143 424 2176 ire
438 2143 522 2175 foras
540 2144 727 2183 vestemque
749 2141 930 2184 relinquere
949 2144 983 2175 ut
1004 2143 1120 2184 anguis

105 2215 550 2267 gauderet.—Caeterum
593 2213 770 2266 ἀλλογνώς
803 2215 871 2257 ‚sic
915 2224 1163 2266 comparatur

105 2289 192 2314 cum
215 2275 434 2326 ἅλλόγνωτος
454 2273 557 2324 apud
590 2273 804 2313 Homerum
830 2273 969 2324 Odyss.
1009 2274 1079 2312 lib.
1106 2274 1159 2322 11,

105 2348 163 2372 vs.
189 2335 278 2381 366,
293 2342 336 2372 ut
356 2333 468 2385 ἀγνώς
489 2347 575 2371 cum
611 2332 765 2386 ἅγνωτος
797 2333 901 2385 apud
928 2304 1160 2386 Sophocleni

104 2393 193 2432 OEd.
214 2393 262 2434 R.
288 2393 337 2431 58
357 2406 430 2445 pro
445 2393 599 2442 vulgari
618 2391 808 2444 ἄγνωστος.

157 2452 223 2492 Vs.
249 2453 341 2498 4¹5.
359 2451 487 2490 Verba
499 2452 582 2490 haec
602 2452 769 2491 servavit
785 2451 1017 2490 Plutarchus
1039 2452 1161 2504 Sym-

62 2531 67 2535 ·
106 2525 192 2565 pos.
214 2526 255 2564 p.
276 2512 369 2550 683.
386 2510 477 2550 Vid.
499 2511 546 2549 ad
565 2525 622 2550 vs.
641 2512 732 2551 306.

165 2569 231 2611 Vs.
258 2571 348 2616 416.
370 2570 408 2607 ἐκ
423 2568 484 2619 μὲν
506 2569 574 2622 γὰρ
596 2571 693 2618 κτλ.]
722 2570 899 2608 Clemens
927 2570 1162 2609 Alexandri-

108 2643 182 2670 nus
200 2629 344 2668 Sti-om.
367 2628 441 2676 Ill,
462 2642 500 2680 p.
525 2630 618 2677 432,
643 2629 684 2666 B.
715 2628 761 2666 In
781 2628 916 2667 verbis
934 2627 1036 2667 ἐτίθει
1057 2629 1162 2681 νεκρά

108 2691 214 2730 deest
233 2692 250 2728 ὁ
265 2690 400 2739 δαίμων
412 2689 473 2727 vel
494 2689 625 2741 potius
647 2687 792 2739 πότμος.
809 2688 888 2726 Pro
905 2686 986 2725 εἶδέ
1007 2687 1163 2738 ἀμείὸων

108 2751 365 2790 Buttmannus
400 2757 558 2787 notante
597 2748 752 2786 Sturzio
788 2761 867 2785 non
908 2747 1029 2797 magis
1063 2756 1165 2785 recte

110 2808 278 2862 conjecit
291 2807 388 2855 κήδε’
406 2807 561 2858 ἀμείὸων
577 2821 691 2859 quam
708 2820 833 2859 nuper
848 2805 1164 2857 Steiniusjuncto

110 2868 343 2922 praecedenti
357 2867 551 2906 vocabulo
569 2865 754 2920 νεκροειδέ’
769 2865 938 2933 ἀμείδων.
949 2865 1048 2903 Viva
1060 2866 1163 2903 enim

110 2929 347 2980 respondent
364 2927 552 2975 mortuis,
575 2939 654 2964 non
676 2926 767 2964 item
787 2925 838 2963 iis
869 2938 956 2976 quae
989 2938 1075 2962 moi
1081 2933 1164 2963 tuo

111 3000 196 3025 rum
217 2985 516 3026 similitudinem
546 2994 701 3038 genunt
734 2984 932 3023 Sententia
960 2984 1082 3034 igitur
1105 2998 1164 3022 r-e

113 3036 241 3097 quirit
266 3045 371 3100 νεκρὰ
406 3044 486 3084 εἴδε’
518 3044 675 3096 ἀμείὸων
712 3061 722 3083 :
765 3062 781 3079 α
813 3057 834 3083 e
863 3043 970 3082 vivis
1013 3053 1165 3082 mortua

114 3105 291 3153 faciebat,
333 3106 483 3158 species
519 3113 775 3143 commutans.
813 3121 830 3137 ι
872 3101 1030 3140 Accedit
1059 3103 1163 3153 quod

112 3165 241 3206 hiatus
261 3175 349 3205 ante
363 3164 457 3208 εἴδεα
477 3179 555 3203 non
571 3164 750 3211 offendit,
768 3164 861 3215 quia
873 3163 955 3200 haec
968 3176 1047 3200 vox
1070 3163 1163 3200 olim

113 3238 135 3263 a
150 3225 345 3276 digammo
363 3222 591 3275 incipiebat.
611 3222 726 3274 Apud
741 3221 976 3274 Stephanum
995 3221 1035 3258 in
1050 3220 1165 3258 Poesi

113 3284 208 3336 phil.
226 3298 264 3337 p.
286 3299 336 3336 29
351 3297 554 3336 perperam
577 3282 723 3321 editum
744 3290 801 3320 est
820 3282 881 3328 ηδε
900 3279 1071 3331 ἀμεὶὅων.
1091 3279 1163 3318 Sed

113 3343 282 3395 Scaliger
301 3343 342 3381 in
367 3341 685 3381 annotationibus
706 3354 745 3393 p.
770 3341 845 3378 216
872 3354 880 3377 ι
909 3340 1005 3389 lege,
1024 3339 1164 3390 inquit,

114 3402 206 3442 εἶδέ.
225 3401 412 3452 lntelligit
433 3402 536 3439 enim
555 3400 616 3447 τὴν
637 3399 770 3451 γένεσιν
789 3401 828 3438 ἐκ
847 3401 909 3446 τῆς
930 3397 1162 3446 ἀλλοιώσεως,

114 3475 194 3500 non
215 3463 253 3501 ἐκ
278 3464 343 3509 τῆς
377 3460 576 3512 μεταὸολῆς
609 3460 710 3508 fieri,
744 3473 864 3511 quum
887 3458 1162 3497 dicitformam

114 3530 261 3560 tantum
291 3523 447 3560 mutari.
470 3519 683 3559 Referenda
708 3528 832 3558 autem
853 3532 939 3557 cum
961 3518 1162 3556 Karstcnio

1211 380 1335 424 poetae
1362 371 1482 411 verba
1504 372 1550 411 ad
1570 374 1786 412 animarum
1808 375 1958 426 lapsum
1980 390 2026 415 ex
2048 378 2265 419 immortali

1212 432 1469 472 conditione
1458 446 1499 471 in
1524 446 1610 470 mm
1613 433 1749 483 talem
1767 442 1810 471 ut
1835 447 1892 474 vs.
1913 449 1987 472 202
2010 430 2097 489 αιψα
2115 437 2150 475 δὲ
2171 438 2265 486 θνήτ’

1212 491 1357 542 ἐφύοντο
1383 489 1429 530 τὰ
1459 490 1540 544 πρὶν
1570 489 1682 542 μάθον
1706 491 1851 531 ἀθάνατ’
1883 496 1987 531 εἰναι.
2011 494 2109 533 Sunt
2143 497 2265 546 igitur

1212 551 1318 603 νεκρὰ
1349 550 1575 601 Empedocli
1606 550 1787 589 homines
1822 551 1929 599 vivi,
1961 554 2158 602 mortales,
2185 569 2264 607 quo

1213 623 1328 649 sensu
1348 609 1557 660 Euripides
1581 610 1684 661 apud
1709 609 1904 648 Stobaeum
1927 610 2042 659 CXX,
2069 614 2131 660 18,
2159 627 2268 664 quae-

1213 670 1288 708 rit·
1310 667 1360 713 τίς
1375 669 1405 706 δ’
1425 661 1514 707 οἶδεν
1536 668 1566 706 εἷ
1582 670 1644 720 ζῇν
1663 669 1756 707 τοῦθ’
1772 667 1790 707 ὃ
1810 668 1980 715 κέκληται
2004 674 2131 720 θανεῖν,
2149 674 2188 709 τὸ
2207 675 2268 727 ζῇν

1214 728 1249 767 δὲ
1236 727 1451 775 τθνήσκειν’
1436 726 1528 767 εστί·
1519 757 1530 776 ,
1547 727 1593 766 ln
1609 728 1783 767 eamdem
1804 729 2031 767 sententiam
2049 730 2271 772 Heraclitus

1214 789 1318 840 apud
1343 788 1560 827 Hieroclem
1585 801 1674 840 pag.
1711 794 1782 834 142
1810 790 1873 826 ed.
1903 797 2024 829 nostr.
2042 791 2194 840 εζῶμεν
2212 791 2271 830 τὸν

1215 847 1356 888 ἐκείνων
1377 848 1540 898 θάνατον,
1563 848 1779 898 τεθνήκαμεν
1795 846 1831 887 δὲ
1854 848 1911 887 τὸν
1927 849 2067 888 ἐκείνων
2086 849 2176 902 βίον.
2196 851 2272 889 Ad-

1215 909 1273 947 dit
1290 909 1490 947 Hierocles
1510 923 1519 949 :
1542 907 1680 947 κάτεισι
1695 907 1763 961 γὰρ
1778 907 1839 946 καὶ
1851 907 2044 947 ἀποπίπτει
2066 911 2128 956 τῆς
2150 910 2272 948 εὐδαί-

1217 983 1319 1018 μονος
1348 966 1468 1021 χώρας
1496 968 1514 1005 ὁ
1547 966 1741 1019 ἄνθρωπος,
1767 968 1814 1010 ὡς
1845 965 2093 1017 Ἐμπεδοκλῆς
2113 984 2274 1021 φησιν-

1216 1027 1326 1079 φυγὰς
1350 1027 1463 1066 θεόθεν
1485 1027 1565 1066 κτλ.
1586 1026 1690 1072 Quid
1710 1034 1837 1064 autem
1858 1026 1935 1065 sibi
1957 1027 2053 1066 velit
2074 1028 2173 1067 illud
2189 1028 2271 1067 εἶδέ

1217 1085 1374 1137 ἀμείὸων
1390 1086 1544 1124 declara
1554 1086 1671 1124 tidem
1689 1085 1891 1124 Hierocles
1904 1099 1944 1137 p.
1968 1088 2040 1131 143
2059 1101 2068 1124 ε
2086 1085 2134 1126 Ἡ
2151 1088 2186 1125 δὲ
2196 1087 2273 1139 ἔφε-

1218 1161 1270 1189 σις
1289 1148 1349 1182 τοῦ
1367 1142 1550 1197 φεύγοντος
1570 1144 1629 1182 τὸν
1650 1146 1711 1192 τῆς
1731 1141 1839 1190 Ἄτης
1857 1145 2013 1196 λειμῶνα
2034 1145 2120 1198 πρὸς
2137 1145 2194 1184 τὸν
2214 1148 2276 1193 τῆς

1218 1202 1381 1251 ἀληθείας
1401 1203 1578 1252 ἐπείγεται
1590 1204 1759 1254 λειμῶνου
1780 1201 1817 1240 ὃν
1830 1202 2090 1255 ἀπολιπών,·τῇ
2108 1207 2199 1258 ὁρμῇ
2215 1208 2275 1252 τῆς

1217 1261 1504 1316 πτερορρυήσεως
1522 1263 1569 1305 εἷς
1581 1261 1698 1313 γήινον
1714 1260 1856 1313 ἔρχεται
1873 1262 1979 1310 σῶμα
1994 1260 2113 1300 ὀλὸίου
2129 1286 2176 1292 -
2189 1264 2274 1301 αἰῶ·

1217 1338 1272 1367 νος
1295 1321 1471 1374 ἀμερθείς.
1496 1321 1598 1371 Ergo
1613 1321 1736 1359 alatus
1756 1321 1851 1358 olim
1873 1321 2011 1370 genius
2031 1321 2104 1359 alis
2121 1322 2276 1361 amissis

1218 1383 1258 1420 in
1282 1382 1446 1420 mortale
1465 1394 1609 1431 corpus
1626 1380 1778 1419 transit.
1801 1383 1886 1418 Hoc
1908 1392 2003 1417 vero
2022 1379 2089 1418 fati
2109 1383 2277 1420 necessi—

1218 1450 1294 1480 tate
1327 1441 1428 1491 fieri,
1463 1440 1580 1478 initio
1613 1439 1799 1478 carminis
1832 1439 2088 1490 Empedocles
2119 1441 2274 1480 cecinit.

1217 1501 1311 1547 Quae
1344 1513 1464 1552 quum
1496 1499 1551 1537 ita
1576 1499 1670 1547 sint,
1694 1498 1828 1550 πότμος
1849 1497 2162 1537 subaudiendum
2193 1512 2276 1538 esse

1218 1561 1317 1600 dixi.

1271 1619 1356 1658 Vss.
1380 1624 1399 1663 4
1411 1633 1424 1655 ι
1436 1619 1577 1667 7-426.
1593 1615 1671 1655 οὐδέ
1689 1632 1740 1659 τις
1751 1611 1792 1663 ἦν
1806 1614 1915 1663 -ἠέα
1931 1620 2028 1668 γυῖα]
2048 1616 2127 1655 Hos
2141 1630 2276 1655 versus

1218 1679 1349 1717 laudat
1365 1677 1613 1729 Porphyrius
1629 1676 1675 1714 de
1692 1675 1845 1714 Abstin.
1867 1675 1918 1722 11,
1936 1688 1981 1712 21
2002 1684 2041 1714 et
2058 1689 2122 1724 27,
2142 1677 2278 1728 priore
2311 1719 2314 1722 ,

1220 1738 1306 1775 loco
1330 1749 1454 1788 usque
1468 1736 1516 1774 ad
1535 1749 1592 1774 vs.
1610 1740 1682 1779 424
1700 1732 2036 1786 ταύρων-βωμός,
2058 1736 2278 1786 posteriore

1219 1796 1311 1834 inde
1330 1796 1379 1834 ab
1400 1796 1473 1833 hoc
1492 1807 1608 1832 versu
1627 1806 1751 1844 usque
1771 1793 1819 1830 ad
1835 1792 1902 1840 ἠέα
1927 1794 2008 1843 γυῖα
2026 1793 2169 1833 additis
2186 1808 2273 1833 ver—

1220 1855 1309 1893 bis:
1329 1854 1373 1893 ’E
1376 1854 1575 1905 μπεδοκλῆς
1588 1851 1623 1897 ὃς
1637 1851 1746 1904 περί
1730 1867 1767 1890 τε
1781 1867 1849 1890 των
1867 1851 2030 1903 θυμάτων
2045 1852 2106 1891 καὶ
2123 1853 2203 1906 περὶ
2217 1857 2277 1902 τῆς

1220 1918 1288 1953 θεο
1278 1913 1394 1965 γονίας
1411 1911 1542 1958 διεξιων
1559 1911 1803 1973 παρεμφαίνει
1814 1912 1854 1949 λέ
1839 1927 1939 1963 εγων.

1273 1973 1356 2012 Vss.
1382 1981 1401 2018 4
1413 1973 1551 2022 17-42'3
1569 1963 1868 2015 οὓδέτις-οῧδας
1878 1979 2030 2011 exstant
2042 1972 2145 2024 apud
2163 1973 2278 2013 Athe-

1220 2032 1435 2072 naeumlib.
1457 2031 1530 2070 Xll
1558 2030 1757 2083 principio
1785 2044 1824 2081 p.
1851 2030 1927 2069 510
1956 2031 2005 2070 D.
2027 2031 2182 2070 'Primos
2201 2041 2279 2071 tres

1220 2106 1357 2131 versus
1392 2092 1505 2130 affert
1531 2091 1647 2129 etiam
1679 2088 1903 2128 Eustathius
1935 2090 1982 2127 ad
2013 2089 2126 2129 Iliad.
2147 2090 2276 2139 XXII,

1221 2165 1260 2202 p.
1280 2153 1395 2198 1261,
1411 2156 1457 2194 44
1472 2165 1482 2198 ;
1500 2158 1715 2201 postremos
1733 2157 1809 2186 tres
1820 2161 1840 2186 e
1851 2148 2075 2199 Porphyrio
2089 2148 2279 2188 Eusebius

1221 2211 1348 2262 Praep
1361 2210 1431 2248 Ev.
1442 2208 1491 2247 lv
1510 2223 1550 2261 p.
1570 2208 1642 2247 152
1662 2207 1704 2256 C,
1716 2209 1808 2246 item
1829 2207 2002 2258 Cyrillus
2019 2207 2213 2248 c.Julian.
2227 2209 2278 2246 IX

1220 2284 1260 2322 p.
1285 2271 1374 2318 307.

1273 2330 1524 2377 Vss.417-41
1536 2342 1575 2377 9.
1608 2326 1686 2365 οὐδέ
1702 2342 1753 2370 τις
1788 2330 1831 2374 ἠν
1859 2326 1936 2366 κτλ.
1940 2325 1955 2378 ]
1975 2325 2051 2364 Ροι
2054 2325 2167 2377 phy1
2157 2339 2219 2365 lus
2236 2326 2277 2366 in

1222 2390 1392 2429 secundo
1407 2401 1523 2427 versu
1537 2386 1680 2425 habet:
1700 2385 1772 2425 οὐδ’
1788 2388 1806 2424 ὁ
1820 2384 1949 2439 Κρόνος
1963 2385 2035 2423 οὐδ’
2048 2388 2066 2423 ὁ
2083 2386 2277 2436 Ποσειδῶν,

1223 2451 1365 2487 rectius
1382 2447 1586 2486 Athenaeus
1601 2445 1747 2483 omisso
1763 2444 1930 2483 articulo
1950 2444 2027 2484 οὐδὲ
2047 2444 2203 2496 Κρ.οὖδὲ
2225 2447 2276 2485 II.

1223 2507 1336 2559 Apud
1354 2506 1598 2546 Eustathium
1610 2504 1881 2543 desiderantur
1897 2503 2018 2542 verba
2033 2505 2108 2543 οὐδὲ
2131 2507 2159 2544 Κ
2171 2504 2278 2557 ρόνος.

1224 2566 1334 2604 Haud
1363 2566 1444 2604 scio
1471 2579 1520 2604 an
1550 2563 1806 2615 Empedocles
1837 2563 2014 2601 imitatus
2046 2564 2097 2602 sit
2119 2563 2277 2602 effatum

1223 2625 1322 2663 illud
1344 2624 1505 2663 Homeri
1520 2623 1567 2661 ll.
1591 2624 1653 2670 18,
1678 2623 1753 2660 535
1776 2637 1784 2660 ε
1806 2625 1839 2661 ἐν
1860 2623 1889 2659 δ’
1902 2619 2021 2674 Ἔρις,
2043 2624 2076 2663 ἐν
2097 2621 2131 2660 δὲ
2149 2624 2280 2661 Κυδοι-

1225 2684 1288 2735 μὸς
1304 2684 1457 2735 ὁμίλεον,
1479 2684 1512 2721 ἐν
1534 2682 1563 2721 δ’
1580 2680 1662 2729 ὀλοὴ
1685 2684 1780 2734 Κῆρ.
1802 2682 1944 2720 Aratus
1969 2690 2072 2720 certe
2095 2682 2137 2720 in
2156 2695 2281 2721 aureae

1224 2746 1346 2783 aetatis
1363 2743 1626 2795 descriptione
1642 2741 1843 2781 Phaenom.
1864 2755 1923 2780 vs.
1951 2742 2124 2792 ¹03‘109
2144 2741 2281 2794 Empe-

1224 2805 1402 2843 docleum
1422 2803 1550 2842 locum
1571 2801 1736 2840 intuitus
1761 2809 1818 2840 est
1834 2801 1888 2839 ita
1908 2814 2049 2839 canens
2072 2814 2081 2840 :

1332 2889 1446 2931 Οὔπω
1462 2888 1653 2942 λευγαλέου
1665 2889 1746 2929 τότε
1768 2887 1913 2932 Νείκεος
1929 2887 2144 2936 ἠπίσταντο,

1332 2950 1410 2990 οὐδὲ
1426 2950 1628 3003 Διακρίσιος
1641 2947 1907 3002 πολυμεμφέος,
1928 2946 2005 2986 οὐδὲ
2030 2948 2224 2998 Κυδοιμοῧ.

1224 3041 1337 3080 Unde
1369 3041 1482 3079 facile
1508 3038 1709 3091 conjicias,
1742 3037 1847 3089 quod
1873 3038 2103 3088 interpretes
2134 3036 2280 3074 dudum

1227 3101 1496 3146 observarunt,
1515 3098 1789 3152 Empedoclem
1810 3097 1874 3135 his
1893 3095 2028 3135 verbis
2048 3096 2281 3147 antiquissi—

1226 3173 1377 3199 morum
1397 3159 1602 3197 hominum
1633 3158 1755 3196 vitam
1777 3155 2011 3195 adumbrare
2033 3155 2217 3193 voluisse.
2239 3155 2279 3193 Si

1226 3219 1321 3258 fides
1337 3219 1463 3257 Natali
1478 3217 1621 3257 comiti
1648 3217 1807 3255 tertium
1828 3229 1985 3254 versum
2013 3215 2070 3253 sic
2087 3216 2252 3252 vertenti
2269 3229 2277 3251 :

1229 3296 1245 3313 «
1268 3282 1349 3317 sola
1367 3278 1451 3327 suit
1478 3282 1614 3327 regina
1655 3279 1779 3314 Venus
1822 3276 2007 3325 Cytherea
2046 3278 2146 3312 zwirot
2146 3287 2219 3322 um,
2261 3290 2276 3307 »

1223 3338 1413 3390 suspicati
1431 3338 1535 3385 licet,
1557 3350 1645 3375 eum
1675 3337 1716 3374 in
1747 3349 1818 3374 suo
1840 3334 2015 3372 Athenaei
2036 3332 2168 3371 codice
2188 3331 2281 3369 scri-

1223 3405 1331 3449 ptum
1351 3396 1588 3435 offendisse:
1612 3394 1703 3434 ἀλλὰ
1719 3393 1855 3446 Κύπρις
1872 3392 2034 3445 βασίλεια
2051 3391 2223 3442 γυναικῶν
2238 3404 2280 3436 ην

1221 3472 1259 3495 τε
1273 3472 1334 3494 και
1349 3456 1500 3508 ἀνδρῶν,
1515 3454 1577 3493 vel
1591 3453 1718 3493 simile
1730 3453 1873 3504 quidin
1890 3450 2126 3490 membranis
2140 3448 2278 3500 depre-

1222 3516 1414 3555 hendisse.
