2612 3814
983 241 1050 280 DE
1078 238 1276 280 OCELLO
1305 237 1524 278 LUCANO.

184 347 233 374 ex
251 332 326 371 hoc
343 332 430 383 ipso
458 329 735 369 commentario
751 337 866 380 atque
891 342 938 366 ex
957 329 1036 367 alio
1061 329 1129 379 qui
1149 337 1230 367 erat

186 391 234 429 de
257 390 409 440 legibus
437 397 640 439 excerpta,
678 387 813 425 dorica
849 387 1013 425 dialecto
1055 387 1231 427 Stobaeus

188 450 347 501 profert.
407 448 505 485 Hinc
521 455 609 498 post
627 445 771 484 Stobaei
794 454 940 484 aetatem
958 475 968 493 ‚
983 445 1022 483 id
1043 453 1124 492 est,
1144 453 1231 496 post

188 508 364 558 quintum
381 506 562 544 saeculum
582 504 734 542 atticam
764 504 855 542 libri
873 504 1229 555 interpretationem

189 565 444 617 compositam
487 576 571 602 esse
617 571 790 614 apparet.
846 562 962 601 Prius
993 563 1097 601 enim
1139 563 1233 600 tales

190 623 460 662 translationes
483 635 561 660 non
582 621 765 659 videntur
778 621 982 660 exstitisse.
1039 620 1230 659 Nimirum

189 695 267 733 quo
286 691 459 732 tempore
479 680 581 732 apud
601 680 759 718 Graecos
779 687 882 717 tanta
894 678 973 730 jam
996 688 1078 718 erat
1091 679 1233 717 veteris

188 740 330 790 linguae
359 740 574 790 ignoratio,
604 747 645 776 ut
678 739 822 789 scripta
852 739 986 776 dorica
1014 739 1075 776 vel
1105 739 1234 776 ionica

189 800 265 838 nisi
287 812 309 837 a
329 797 573 837 doctioribus
607 811 687 835 non
710 797 1029 847 intelligerentur,
1059 797 1232 848 quaedam

189 857 416 909 hujusmodi
437 870 558 908 opera
586 858 626 894 in
648 869 889 895 communem
909 868 1125 894 sermonem
1143 869 1232 893 con-

189 929 300 955 versa
323 924 427 954 sunt.
485 916 621 966 Itaque
639 914 848 953 Cassianus
867 918 1007 953 Bassus
1033 927 1151 965 quum
1170 914 1234 951 de-

191 976 293 1014 cimo
318 975 459 1013 saeculo
478 974 722 1012 Constantini
744 972 1106 1024 Porpliyrogenneti
1123 971 1234 1022 jussu

190 1032 414 1084 Geoponica
428 1045 447 1069 e
463 1032 660 1069 variorum
677 1040 876 1069 auctorum
894 1029 1007 1068 libris
1022 1030 1234 1079 colligeret,

192 1091 444 1129 Democriteae
455 1090 502 1128 de
516 1090 752 1139 agricultura
763 1088 1038 1138 disputationis
1052 1088 1236 1138 reliquias

192 1149 356 1188 sublatis
383 1149 462 1188 fere
493 1148 678 1186 omnibus
704 1147 843 1185 ionicae
876 1147 1030 1184 dialecti
1061 1147 1237 1196 vestigiis

192 1207 421 1259 publicavit.
480 1206 727 1258 Quapropter
748 1206 890 1256 opinor
913 1205 1042 1243 medio
1062 1218 1146 1242 aevo
1167 1206 1236 1242 ho-

193 1267 335 1304 minem
356 1266 523 1316 aliquem
551 1265 719 1314 antiquae
732 1263 991 1315 philosophiae
1006 1263 1235 1313 studiosum,

193 1338 311 1374 quum
334 1325 536 1370 incidisset
554 1324 594 1361 in
613 1323 856 1361 Pseudocelli
878 1323 1105 1374 opusculum
1121 1352 1131 1370 ‚
1154 1336 1237 1360 ora-

194 1384 313 1422 tionis
347 1383 624 1435 perspicuitate
655 1391 693 1419 et
720 1382 907 1420 suavitate
933 1389 1085 1432 captum
1123 1395 1237 1432 quam

193 1443 277 1492 ipse
302 1443 538 1493 voluptatem
560 1454 580 1479 e
600 1441 725 1479 dorici
744 1441 911 1491 exempli
936 1440 1102 1478 lectione
1124 1453 1241 1491 cepe-

194 1510 274 1548 rat,
296 1501 457 1539 eandem
494 1501 582 1538 aliis
612 1500 726 1537 attica
756 1499 1075 1550 interpretatione
1103 1499 1241 1537 afferre

195 1560 379 1599 voluisse.
435 1559 628 1597 Libellum
650 1559 703 1596 ita
725 1558 999 1609 interpretatus
1020 1566 1098 1609 est,
1120 1566 1162 1595 ut
1179 1561 1240 1595 ni-

194 1619 251 1657 hil
270 1626 437 1657 mutaret
457 1617 533 1656 nisi
553 1617 707 1655 doricas
725 1629 865 1654 vocum
889 1616 1028 1654 formas
1047 1617 1087 1654 in
1108 1617 1241 1655 atticas

194 1679 256 1717 vel
280 1690 504 1717 communes
540 1678 605 1727 (5).
661 1677 910 1727 Quaecunque
944 1685 1070 1714 autem
1097 1676 1139 1714 in
1171 1677 1241 1714 hac

195 1737 515 1789 interpretatione
551 1735 599 1774 ab
628 1735 866 1786 optimorum
898 1736 1130 1786 scriptorum
1169 1749 1242 1773 usu

197 1795 426 1845 abhorrent„
448 1808 525 1832 non
547 1794 718 1841 auctori,
739 1793 806 1831 sed
826 1793 1056 1845 interpreti,
1076 1793 1144 1844 qui
1167 1794 1243 1831 for-

198 1863 298 1893 tasse
330 1867 434 1892 nono
467 1853 608 1891 saeculo
641 1852 769 1899 vixit,
799 1851 898 1889 vitio
931 1851 1114 1889 vertenda
1139 1860 1240 1891 sunt.

197 1912 458 1959 Quamobrem
482 1910 539 1950 ἐὰν
566 1911 629 1949 bis
656 1910 870 1949 indicativo
887 1909 1065 1960 junctum
1093 1911 1243 1962 reperi-

199 1985 285 2010 mus
305 1972 372 2022 (6),
392 1971 485 2022 quia
506 1970 741 2020 inelegantes
756 1969 850 2007 noni
871 1969 1000 2007 saeculi
1018 1968 1242 2020 scriptores,

197 2031 305 2068 velut
323 2029 480 2067 Malalas
494 2059 504 2076 .‚
521 2028 602 2079 jam
628 2029 848 2080 frequenter
870 2027 912 2066 in
937 2027 1011 2065 hoc
1029 2027 1166 2065 vitium
1185 2028 1244 2065 in·

199 2087 393 2127 cidebant.
452 2086 598 2125 Sustuli
617 2086 691 2125 hoc
709 2100 796 2125 cum
817 2086 905 2125 aliis
921 2086 1096 2135 mendis,
1116 2095 1159 2124 ut
1178 2100 1242 2124 co-

134 2147 136 2149 ’
198 2148 320 2186 lorem
338 2147 540 2197 antiquum
562 2145 666 2184 libro
687 2146 900 2184 redderem.

254 2206 383 2246 Restat
411 2215 454 2245 ut
479 2206 787 2244 commentarioli
813 2205 930 2256 hujus
966 2205 1156 2243 editiones
1188 2217 1246 2242 re-

200 2279 389 2306 censeam.
448 2265 560 2312 Quod
575 2279 653 2316 quo
669 2264 831 2304 brevius
846 2266 924 2312 fiat,
938 2278 1060 2316 pauca
1073 2264 1121 2302 de
1135 2263 1245 2302 codd.

201 2339 294 2365 mss.
318 2325 518 2378 praefanda
549 2333 652 2363 sunt.
710 2323 757 2362 In
781 2323 1022 2362 bibliotheca
1043 2324 1150 2373 regia
1175 2323 1247 2360 Pa-

201 2385 359 2424 risiensi
387 2386 464 2423 tria
491 2392 643 2422 exstant
661 2382 904 2422 Pseudocelli
928 2382 1163 2434 exemplaria
1183 2394 1248 2419 ca-

201 2443 304 2482 lamo
326 2451 482 2482 exarata
500 2457 560 2482 nr.
599 2444 698 2493 1928
726 2443 817 2493 (A.)‚
851 2456 910 2482 nr.
933 2443 1035 2480 2018
1072 2442 1162 2493 (B.),
1186 2455 1246 2479 nr.

204 2502 308 2540 2518
330 2501 426 2553 (Q).
482 2501 576 2547 Quae
590 2501 773 2551 quoniam
792 2513 812 2538 e
827 2499 1062 2538 lectionibus
1078 2513 1100 2537 a
1115 2500 1249 2537 Battae-

205 2559 265 2597 sio
296 2559 388 2597 inde
407 2559 600 2610 excerptis
631 2560 806 2597 omnium
836 2560 982 2610 optima
1010 2572 1053 2597 ac
1076 2567 1249 2597 veterum

205 2617 421 2656 editionum
456 2617 704 2655 fundamenta
736 2631 819 2656 esse
853 2617 1094 2668 conjeceram
1110 2646 1120 2664 ‚
1160 2617 1249 2657 Car.

207 2676 348 2715 Bened.
374 2676 532 2714 Hasium
549 2704 560 2722 ‚
595 2677 722 2713 virum
750 2676 999 2726 amplissimae
1020 2675 1252 2713 eruditionis

205 2735 318 2773 laude
335 2743 577 2786 praestantem
595 2743 632 2772 et
651 2734 838 2784 singulari
858 2733 1095 2772 humanitate
1110 2734 1253 2785 praedi-

207 2802 303 2841 tum,
326 2806 396 2846 per
422 2793 567 2832 litteras
593 2792 672 2831 adii
692 2801 805 2844 atque
826 2793 982 2842 rogavi,
1004 2801 1047 2830 ut
1072 2801 1148 2831 tres
1167 2793 1253 2830 illos

206 2852 358 2892 codices
377 2853 419 2891 in
436 2866 562 2890 meum
580 2865 691 2890 usum
709 2851 962 2890 conferendos
976 2860 1139 2891 curaret.
1172 2853 1254 2890 Hoc

207 2911 468 2950 intercedente
488 2911 605 2949 Hasio
627 2918 732 2948 tanta
751 2923 843 2949 cura
867 2923 910 2948 ac
937 2909 1140 2960 diligentia
1166 2911 1255 2950 fecit

208 2970 408 3022 Bertinus,
430 2979 473 3008 ut
493 2970 715 3021 praeclaram
737 2978 774 3008 et
793 2971 849 3008 rei
868 2970 1067 3008 litterariae
1090 2979 1128 3008 et
1158 2971 1254 3009 mihi

208 3042 366 3081 operam
387 3029 605 3068 navaverit.
667 3028 730 3067 Est
749 3037 875 3067 autem
900 3028 1021 3067 codex
1035 3029 1121 3075 ille,
1139 3042 1252 3079 quem

207 3086 337 3126 littera
367 3086 412 3126 A.
463 3087 687 3137 designavi,
736 3087 912 3124 omnium
962 3087 1255 3137 antiquissimus

208 3145 452 3196 maximeque
476 3145 700 3183 emendatus
716 3174 726 3193 ‚
765 3145 832 3183 sed
854 3145 998 3196 reliqui
1018 3145 1133 3182 etiam
1164 3146 1256 3184 satis

208 3204 320 3242 boni.
379 3205 458 3242 Alii
475 3205 566 3242 libri
586 3205 836 3256 manuscripti
856 3204 1110 3252 inveniuntur
1132 3204 1172 3241 in
1192 3203 1257 3241 bi-

209 3262 406 3301 bliotheca
424 3262 568 3300 Veneta
588 3264 635 3302 D.
661 3263 783 3302 Marci
805 3264 880 3321 (.⁰f·
909 3263 1080 3312 Catalog.
1102 3277 1142 3313 p.
1185 3264 1256 3300 130

227 3469 235 3477 .
253 3422 298 3463 (5)
321 3422 369 3501 (if.
391 3421 570 3463 fragmenta
586 3422 694 3455 dorica
713 3421 796 3464 apud
815 3421 981 3456 stobaeum
1000 3422 1032 3454 iu
1057 3422 1253 3452 commenta-

211 3478 257 3502 no
271 3470 331 3502 cita
348 3478 377 3501 a.

313 3540 318 3546 '
361 3540 476 3564 PfflLOS.
506 3539 603 3563 GRAEC.

2257 245 2331 279 355

1291 336 1328 366 et
1349 327 1452 377 277)
1484 335 1599 378 atque
1633 327 1673 364 in
1708 325 1945 364 bibliotheca
1965 326 2221 365 Laurentiaua
2242 335 2335 366 teste

1292 386 1484 424 Bandinio
1504 387 1587 425 Cat.
1609 385 1691 423 vol.
1716 383 1772 423 lu
1798 383 1898 435 plut.
1922 386 1970 422 86
1993 385 2077 422 cod.
2105 387 2152 423 32
2185 400 2222 436 p.
2244 388 2333 434 377.

1294 445 1402 482 Adde
1422 443 1760 482 Montefalconium
1786 443 1826 480 in
1862 442 2103 481 Bibliotheca
2124 443 2337 483 bibliothe-

1294 517 1425 542 carum
1447 512 1484 540 et
1502 502 1667 540 eundem
1686 502 1727 539 in
1745 501 1844 539 Bibl.
1864 501 2043 549 coislin„
2058 502 2125 540 ubi
2149 516 2338 541 memora-

1294 571 1358 600 tur
1389 561 1475 600 cod.
1516 562 1588 608 173
1618 574 1658 611 p.
1699 573 1789 609 229.
1846 559 2038 597 Incertum
2071 569 2128 598 cst
2159 561 2262 608 duo,
2291 575 2339 600 an

1294 630 1370 659 tres
1387 620 1538 659 codices
1556 620 1596 657 in
1621 618 1858 657 bibliotheca
1870 618 2052 657 Vaticana
2069 619 2167 666 sint;
2194 633 2270 670 qua
2292 621 2339 658 de

1296 692 1336 717 re
1352 679 1455 717 infra
1471 679 1636 717 dicetur.

1350 737 1479 775 Editio
1511 737 1694 788 princeps
1725 744 1819 774 teste
1840 735 2018 774 Battaesio
2060 736 2263 786 (Batteux)
2300 737 2341 774 in

1295 800 1408 834 Μόνη.
1430 799 1479 834 de
1500 797 1731 833 I'Acade'mie
1747 798 1812 833 des
1832 800 1944 834 inser.
1971 804 2007 832 et
2026 797 2115 834 bell.
2137 798 2233 833 lettr.
2259 797 2339 835 vol.

1297 854 1420 893 XXIX
1437 869 1477 907 p.
1502 860 1575 900 244
1593 863 1707 905 atque
1725 854 1765 892 in
1785 854 1906 892 Ocelli
1924 853 2095 891 editione
2121 868 2159 905 p.
2188 868 2202 890 1
2215 869 2228 891 1
2253 868 2341 905 pro-

1296 914 1370 952 diit
1396 914 1559 952 Parisiis
1585 926 1687 950 anno
1720 913 1832 963 1539.
1888 913 2027 950 Paullo
2053 922 2140 963 post
2179 914 2221 951 in
2253 913 2343 963 Syl-

1297 973 1384 1022 loge
1402 973 1763 1024 interpretationum
1783 985 1924 1010 excusa
1942 971 2102 1010 Lutetiae
2122 985 2223 1010 anno
2243 987 2255 1010 1
2267 972 2338 1017 541

1297 1032 1421 1070 lucem
1441 1032 1541 1070 vidit
1557 1032 1684 1083 prima
1699 1031 1821 1069 Ocelli
1843 1031 2043 1070 translatio
2064 1029 2205 1078 latina,
2229 1031 2342 1082 cujus

1298 1098 1432 1127 auctor
1467 1090 1538 1127 fuit
1579 1090 1812 1128 Guilielmus
1849 1089 2089 1127 Christianus
2130 1090 2310 1128 Aurelius
2324 1120 2333 1137 ‚

1299 1148 1492 1187 Francisci
1510 1148 1527 1185 Ι
1547 1148 1762 1186 Galliarum
1783 1149 1886 1198 regis
1905 1148 2091 1188 medicus.
2149 1149 2346 1199 Interpres

1300 1208 1470 1245 codicem
1492 1208 1752 1246 Parisiensem
1769 1206 1831 1254 C.,
1849 1206 1952 1244 unde
1968 1207 2184 1258 principem
2208 1208 2347 1245 editio-

1299 1281 1384 1306 nem
1408 1268 1557 1306 ductam
1587 1267 1790 1314 existimo,
1817 1265 1965 1317 ubique
1990 1275 2143 1304 secutus
2164 1275 2232 1305 est.
2288 1268 2348 1305 Ex

1301 1327 1434 1365 eodem
1464 1327 1567 1364 fonte
1593 1326 1765 1364 manavit
1793 1324 1914 1362 editio
1935 1324 2210 1371 Lovaniensis,
2240 1326 2348 1373 cujus

1300 1384 1380 1421 haec
1414 1393 1472 1422 est
1500 1384 1705 1435 inscriptio
1730 1398 1737 1420 :
1772 1380 1944 1426 Ὀκελλος
1964 1382 2142 1425 Λευκανὸς
2165 1383 2349 1435 φιλόσοφος

1299 1442 1379 1494 περὶ
1399 1445 1459 1490 τῆς
1474 1446 1533 1481 τοῦ
1549 1442 1675 1487 παντὸς
1691 1442 1836 1495 φύσεως.
1893 1441 2046 1480 Ocellus
2066 1441 2244 1480 Lucanus
2263 1443 2350 1493 phi-

1303 1502 1487 1553 losophus
1504 1502 1550 1539 de
1563 1502 1738 1540 universi
1759 1500 1869 1539 orbis
1883 1509 2021 1538 natura
2041 1500 2192 1538 Joanne
2211 1500 2349 1539 Boscio

2230 1558 2352 1598 Lova-

2234 1621 2284 1656 At
2311 1620 2349 1655 in

1303 1561 1444 1599 Lonaeo
1479 1561 1693 1612 interprete
1716 1569 1831 1611 atque
1857 1567 2172 1597 commentatore.

1302 1620 1359 1658 nii
1391 1620 1494 1671 apud
1515 1620 1673 1657 Petrum
1697 1632 1719 1656 a
1753 1618 1913 1656 Colonia
1934 1631 2035 1655 anno
2063 1617 2176 1663 1554.

1303 1680 1481 1731 exemplo
1515 1678 1620 1729 quod
1662 1677 1890 1728 liudolphus
1928 1677 2131 1725 tractavit,
2176 1677 2276 1715 nihil
2311 1690 2351 1715 se
2415 1719 2418 1722 ⁴

1304 1747 1444 1789 praeter
1472 1744 1693 1775 contextum
1733 1735 1911 1773 Graecum
1945 1735 2144 1773 invenisse
2178 1743 2350 1774 testatur.

1305 1795 1507 1834 Francisco
1526 1795 1692 1834 Patricio
1709 1795 1776 1846 qui
1794 1796 1835 1833 in
1853 1794 2171 1834 Discussionibus
2191 1795 2351 1846 Peripa-

1305 1855 1428 1893 teticis
1448 1855 1605 1892 Basileae
1636 1867 1738 1892 anno
1763 1854 1859 1892 1581
1887 1854 2057 1891 maxima
2084 1853 2207 1892 forma
2237 1854 2352 1892 editis

1306 1914 1425 1951 multa
1441 1913 1564 1951 Ocelli
1585 1914 1687 1951 dicta
1707 1913 1866 1951 fortasse
1888 1926 1909 1951 e
1925 1912 2037 1951 codd.
2056 1925 2172 1950 manu
2186 1913 2352 1951 exaratis

1306 1971 1509 2022 depromta
1525 1970 1682 2009 exhibet
1697 2000 1707 2018 ‚
1730 1984 1809 2009 non
1824 1970 1987 2008 multum
2009 1978 2066 2008 est
2084 1969 2350 2017 tribuendum,

1307 2031 1399 2081 quia
1419 2030 1572 2068 eosdem
1601 2031 1709 2068 locos
1741 2031 1848 2068 varie
1870 2029 1999 2067 laudat
2013 2058 2022 2076 ‚
2043 2029 2138 2067 alios
2158 2030 2354 2067 memoriae

1308 2089 1416 2140 lapsu
1455 2089 1658 2128 contrahit.
1717 2087 1792 2126 Sed
1826 2097 2029 2138 antequam
2068 2087 2353 2138 promulgatum

1307 2156 1406 2185 esset
1434 2147 1519 2198 ejus
1543 2161 1640 2198 opus
1669 2147 1750 2198 jam
1770 2146 1914 2185 Veneta
1941 2146 2144 2196 Nogarolae
2178 2146 2297 2183 editio
2318 2159 2352 2185 a.

1314 2206 1412 2256 1559
1433 2207 1537 2257 typis
1556 2207 1749 2257 descripta
1765 2213 1867 2254 erat,
1887 2218 1907 2243 e
1926 2218 2002 2255 qua
2013 2204 2208 2243 fluxerunt
2223 2213 2357 2255 postea

1309 2265 1542 2303 Commelini
1574 2274 1611 2303 et
1657 2265 1830 2302 Vizzanii
1871 2264 2077 2301 editiones.
2135 2263 2353 2313 Nogaroh,

1310 2337 1437 2362 comes
1460 2323 1715 2371 Veronensis,
1750 2337 1828 2361 non
1863 2322 1978 2360 modo
2005 2321 2207 2373 scriptoris
2237 2321 2358 2361 verba

1311 2383 1561 2433 recognovit,
1585 2382 1651 2421 sed
1668 2383 1783 2421 etiam
1805 2381 2163 2433 interpretationem
2180 2381 2354 2427 latinam,

1312 2455 1397 2492 quae
1414 2442 1575 2479 multum
1598 2442 1791 2493 discrepat
1810 2455 1831 2479 a
1854 2440 2066 2479 Christiani
2086 2440 2354 2487 translatione,

1311 2510 1349 2539 et
1369 2500 1660 2539 observationes
1691 2499 1843 2551 adjecit.
1899 2497 2051 2544 Quibus
2072 2506 2198 2536 autem
2230 2497 2358 2536 subsi-

1312 2559 1389 2597 diis
1422 2568 1561 2611 praeter
1599 2559 1877 2597 Lovaniensem
1916 2557 2127 2595 editionem
2168 2570 2261 2596 usus
2309 2559 2359 2595 sit

1313 2618 1559 2667 ignoramus,
1586 2630 1703 2668 quum
1739 2620 1861 2656 Ocelli
1890 2619 2102 2668 opusculum
2136 2619 2267 2654 Romoe
2291 2619 2359 2654 de-

1311 2681 1486 2726 scriptum
1513 2679 1587 2714 sibi
1614 2680 1801 2715 Veronam
1828 2690 1906 2714 esse
1927 2681 2074 2713 missum
2111 2676 2234 2722 dicat,
2257 2675 2361 2725 quod

1313 2747 1385 2784 ego
1405 2735 1453 2773 de
1481 2736 1704 2787 apographo
1730 2735 1877 2774 codicis
1912 2734 2086 2773 Vaticani
2111 2734 2360 2785 interpretor.

1314 2794 1515 2843 Nogarolae
1546 2801 1689 2832 textum
1703 2823 1713 2842 ,
1735 2794 2091 2845 interpretationem
2106 2822 2115 2840 ‚
2148 2792 2362 2830 adnotatio-

1315 2866 1384 2891 nes
1413 2861 1450 2890 et
1485 2852 1687 2904 epistolam
1710 2852 1757 2891 de
1789 2853 1888 2891 viris
1908 2851 2128 2890 illustribus
2156 2851 2263 2889 Italis
2294 2851 2362 2901 qui

1318 2924 1438 2960 graece
1466 2911 1705 2962 scripserunt
1729 2911 1884 2962 repetiit
1908 2911 2174 2960 Heidelbergae
2197 2923 2231 2949 a.
2263 2909 2360 2958 1596

1317 2971 1576 3020 Hieronymus
1601 2970 1887 3018 Commehnus,
1910 2971 1978 3021 qui
2001 2970 2042 3008 in
2062 2969 2285 3020 praefatione
2312 2968 2363 3005 ait

1317 3029 1364 3066 ad
1383 3029 1644 3079 castigandam
1669 3029 1873 3082 scriptoris
1902 3029 2113 3067 orationem
2136 3036 2322 3079 praeterea
2341 3040 2360 3064 a

1316 3087 1543 3126 Casaubono
1581 3087 1660 3126 sibi
1693 3090 1850 3127 missum
1877 3101 1959 3126 esse
1990 3086 2134 3125 librum
2171 3099 2356 3135 graecum,

1317 3159 1430 3197 quem
1453 3160 1572 3197 quum
1592 3147 1676 3185 haec
1702 3148 1823 3186 editio
1845 3160 1922 3185 non
1949 3147 2113 3184 multum
2134 3145 2229 3182 novi
2250 3143 2360 3181 exhi—v

1317 3203 1405 3242 beat
1425 3214 1490 3243 aut
1524 3206 1695 3244 codicem
1726 3206 1814 3246 Par.
1837 3205 1880 3245 C.
1907 3213 1973 3243 aut
1998 3204 2207 3242 editionem
2239 3202 2363 3240 Lova-

1319 3258 1490 3303 niensem
1515 3265 1633 3304 fuisse
1651 3274 1823 3317 apparet.
1880 3264 2084 3302 Vizzanius
2101 3262 2274 3300 Ocellum
2293 3260 2363 3297 Bo-

1362 3423 1405 3464 (6)
1421 3423 1471 3455 Cf.
1487 3426 1582 3465 ca1›.l
1600 3423 1652 3465 §4
1669 3423 1701 3455 et
1718 3422 1778 3464 n§
1794 3426 1824 3456 9.
