2612 3814
1078 271 1324 314 OBPHICA.

211 362 380 413 γενεσεως
411 363 497 413 ἡμῖν
529 360 829 415 προσπεφυκότων
863 391 1050 402 ......
1070 368 1189 401 πᾶσαν

213 419 251 460 δὲ
281 420 344 468 τὴν
364 420 456 468 ζωὴν
477 421 525 464 εἷς
552 419 616 467 τὴν
634 419 825 471 εὐδαίμονα
844 420 1063 473 περιάγουσα
1094 421 1188 469 ζωὴν

212 478 283 519 ἀπὸ
304 481 366 526 τῆς
387 478 468 532 περὶ
485 478 548 526 τὴν
568 477 703 531 γένεσιν
731 479 868 528 πλάνης
880 510 892 529 ,
909 484 952 528 ἡς
971 480 1032 519 καὶ
1052 482 1084 519 οἵ
1103 482 1189 533 παρ’

212 537 335 593 Ὀρφεῖ
355 540 406 593 τῷ
431 538 591 591 Διονύσῳ
618 538 680 577 και
699 541 743 592 τῇ
776 538 875 593 Κόρῃ
898 539 1101 590 τελούμενοι
1127 555 1186 579 τυ-

210 599 285 650 χεῖν
303 597 488 651 εὔχονται,
504 578 635 637 κύκλου
649 614 670 636 τ
670 596 738 636 ’ἂν
757 597 859 643 λῆξαι
877 600 958 639 κτλ.
977 593 1032 638 Αυ
1050 613 1124 650 pro
1146 597 1188 636 ἂν

210 658 387 695 substitui
406 671 495 695 cum
515 658 633 696 Galeo
653 658 704 695 ad
718 658 920 697 Iamblich.
940 659 989 697 de
1006 661 1122 708 Myst.
1143 672 1187 708 p.

211 715 321 769 309)

586 800 731 841 XLVI.

208 883 284 923 Νῦν
305 883 334 920 δ’
356 881 418 934 ἄγε
446 897 505 932 μοι
532 880 642 935 κούρη
664 881 877 933 Πιμπληϊὰς
896 882 1017 922 ἔννεπε
1040 883 1182 922 Μοῦσα.

265 958 430 1010 (Tzetzes
454 959 504 996 ad
528 960 726 1009 Lycophr.
749 972 806 999 vs.
834 958 928 1007 275,
954 959 1024 996 ubi
1048 960 1189 1009 legitur

206 1016 422 1070 Λειὸηθρίην
456 1018 485 1056 δ’
506 1016 633 1069 ὕπερθε
670 1016 874 1067 Πιμπλείας
905 1016 1058 1065 σκοπήν,
1095 1020 1189 1055 citat

208 1078 352 1128 Orphei
370 1091 520 1115 versum
535 1079 595 1115 νῦν
611 1076 641 1114 δ’
655 1075 719 1128 ἄγε
732 1077 813 1115 κτλ.
827 1077 995 1114 addens:
1009 1075 1184 1130 Ἐπείπερ

207 1134 376 1189 Ὀρφεύς,
402 1135 496 1188 ἀρχὴ
517 1134 580 1174 καὶ
601 1133 722 1187 πατὴρ
741 1133 912 1187 ὑπάρχων
928 1136 998 1173 τῶν
1014 1138 1185 1183 ποιητῶν,

206 1193 359 1248 κατῴκει
390 1194 471 1247 περὶ
499 1194 558 1233 τὸν
588 1193 766 1233 Ἑλικῶνα
794 1193 856 1232 καὶ
887 1193 928 1232 τὸ
958 1193 1185 1248 Λειὸήθριον,

207 1253 446 1305 ἐμυθολογήθη
458 1283 470 1303 ,
492 1254 540 1298 ὡς
560 1253 596 1291 αἱ
617 1255 759 1292 Μοῦσαι
780 1251 861 1306 περὶ
886 1252 966 1298 τοὺς
992 1254 1104 1291 ἐκεῖσε
1127 1253 1188 1292 τό-

207 1328 291 1357 πους
309 1313 457 1353 οἰκοῦσι.
479 1314 589 1351 Idem
609 1313 659 1351 ad
677 1327 736 1353 vs,
763 1318 840 1358 410
860 1314 1075 1364 Orphicum
1101 1327 1187 1351 ver-

205 1386 287 1411 sum
307 1381 482 1424 repetens
497 1387 573 1424 pro
594 1370 807 1423 Πιμπληῖὰς
825 1374 942 1411 habet
960 1371 1186 1425 Λειὸηθριάς.

205 1435 255 1470 At
297 1432 462 1471 Chiliad.
511 1432 595 1481 VII,
638 1437 718 1484 949
773 1431 991 1485 Λειὸηθριίς,
1042 1435 1188 1471 Rursus

206 1490 418 1541 Πιμπληϊὰς
431 1493 541 1530 estin
557 1493 726 1530 carmine
739 1492 899 1530 Maximi
917 1505 970 1532 τε.
989 1496 1060 1537 141
1079 1493 1185 1543 apud

204 1552 422 1589 Fabricium
453 1552 555 1591 Bibl.
586 1552 652 1591 Gr.
674 1553 761 1591 Vol.
795 1551 887 1591 VIII
906 1565 950 1602 p.
981 1555 1074 1596 422.
1098 1555 1185 1591 Huc

204 1610 353 1648 accedit
373 1611 480 1661 quod
498 1612 562 1650 J0.
580 1613 731 1649 Tzetzes
750 1611 869 1662 Exeg.
894 1613 1010 1650 Hom.
1028 1625 1100 1651 ms.
1116 1612 1185 1652 fol.

204 1682 244 1719 9,
258 1682 293 1720 a,
304 1671 358 1707 ait
375 1683 385 1707 ε
407 1671 523 1710 Τοῦτο
541 1667 578 1708 δὲ
597 1668 749 1724 Ὀρφεὺς
777 1668 994 1725 σαφέστερον
1015 1671 1188 1723 παραδεί-

204 1742 326 1767 κνυσι·
353 1726 560 1781 Λειὸήθριος
591 1727 661 1781 γὰρ
687 1727 735 1768 ὢν
763 1728 868 1782 φησί·
890 1732 950 1768 νῦν
981 1728 1010 1768 δ’
1034 1729 1098 1780 ἄγε
1127 1746 1187 1781 μοι

201 1784 312 1842 κούρη
332 1786 546 1841 Δειὸηθριὰς
563 1786 685 1827 ἔννεπε
711 1790 856 1827 Μοῦσα·
878 1797 916 1827 et
943 1789 1015 1828 fol.
1045 1790 1106 1838 13,
1125 1791 1152 1827 b
1172 1802 1182 1830 z

202 1846 288 1900 φησὶ
327 1846 396 1900 γὰρ
431 1848 561 1892 ἐκεῖνος
591 1845 625 1903 [ὁ
668 1845 833 1902 Ὀρφεὺς]
879 1847 1090 1902 Λειὸήθριος
1120 1847 1184 1899 ὤν,

200 1909 260 1944 νῦν
278 1906 308 1945 δ’
324 1906 388 1959 ἄγε
409 1922 468 1959 μοι
487 1906 598 1960 κούρη
616 1907 868 1952 Κωνσταντιὰς
888 1906 1009 1948 ἔννεπε
1026 1910 1184 1962 Μοῦσα.)

570 1991 732 2032 XLVII.

201 2065 288 2112 Εἶτ’
307 2070 350 2111 ἂν
368 2071 411 2120 δή
432 2088 491 2124 μιν
507 2071 605 2120 ἴδηαι
626 2072 693 2112 ὑπὸ
710 2073 830 2126 δρυσὶν
846 2074 1071 2127 ὑψικόμοισιν

201 2131 354 2185 ἔργοισιν
373 2131 545 2184 μεθύοντα
564 2133 767 2185 μελισσάων
785 2133 1002 2188 ἐριὸόμὸων,

202 2191 330 2231 αὐτίκα
346 2207 406 2243 μιν
427 2193 550 2241 δῆσον.

257 2272 506 2324 (Porphyrius
533 2275 581 2312 de
613 2283 725 2313 antro
744 2277 912 2327 Nymph.
934 2290 976 2326 p.
1011 2277 1085 2315 118
1120 2277 1182 2317 ed.

202 2333 359 2372 Barnes.
383 2346 392 2370 :
416 2331 522 2372 Οὕτω
543 2333 642 2388 παρὰ
670 2336 722 2387 τῷ
741 2333 871 2388 Ὀρφεῖ
899 2336 922 2382 ἡ
946 2334 1069 2387 Κόρη,
1091 2334 1184 2389 ἥπερ

204 2389 278 2428 ἐστὶ
297 2390 428 2436 παντὸς
446 2395 510 2431 τοῦ
533 2393 767 2445 σπειρομένου
787 2393 929 2448 ἔφορος,
949 2395 1184 2448 ἱστουργοῦσα

202 2449 453 2502 παραδίδοται.
480 2480 490 2491 .
512 2480 522 2491 .
541 2480 551 2490 .
577 2452 689 2505 Παρὰ
707 2454 758 2506 τῷ
774 2452 903 2506 Ὀρφεῖ
922 2455 941 2492 ὅ
962 2452 1093 2506 Κρόνος
1117 2453 1184 2505 μέ-

202 2507 272 2545 λιτι
287 2507 355 2546 ὑπὸ
376 2507 458 2554 Διὸς
479 2509 710 2562 ἐνεδρεύεται.
737 2510 917 2559 Πλησθεὶς
941 2511 1010 2564 γὰρ
1041 2511 1183 2562 μέλιτος

204 2566 326 2617 μεθύει
350 2582 411 2606 και
427 2573 632 2617 σκοτοῦται,
654 2570 702 2614 ὡς
728 2570 799 2608 ἀπὸ
817 2569 926 2619 οἴνου,
946 2570 1043 2610 καὶε
1029 2577 1185 2610 υπνοῖ-

203 2624 301 2664 οὔπω
318 2626 387 2680 γὰρ
409 2621 539 2672 οἶνοςὟ
516 2643 573 2676 ην.
598 2627 700 2677 Φησὶ
726 2627 794 2683 γὰρ
816 2632 901 2683 παρ’
918 2630 1046 2684 Ὀρφεῖ
1063 2633 1086 2677 ἡ
1109 2630 1183 2677 Νὺξ

202 2687 252 2738 τῷ
273 2684 331 2725 Διὶ
347 2686 579 2738 ὑπο-τιθεμένη
599 2686 659 2726 τὸν
677 2686 735 2727 διὰ
758 2688 899 2739 μέλιτος
917 2688 1031 2729 δόλον·
1052 2682 1123 2728 ευτ’
1140 2689 1182 2728 ἂν

202 2744 245 2791 δη
268 2761 326 2796 μιν
343 2747 424 2786 κτλ.
445 2746 464 2786 ὃ
484 2746 543 2785 καὶ
564 2746 728 2800 πάσχειὸ
744 2746 897 2801 Κρόνος,
916 2747 976 2787 καὶ
994 2747 1135 2793 δεθεὶς’
1120 2764 1181 2787 εκ-

202 2802 368 2854 τέμνεται
384 2805 430 2849 ὡς
449 2804 637 2859 Οὐρανός.)

558 2878 741 2918 XLVIII.

202 2955 274 3001 Οὓς
294 2957 459 2997 καλέουσι
479 2958 644 3011 γίγαντας
664 2958 850 3011 ἐπώνυμον
865 2961 899 2999 ἐν
917 2958 1152 3013 μακάρεσσιν,

579 3093 710 3132 XLVI.

120 3160 213 3192 Nunc
226 3169 303 3193 vero
319 3170 394 3203 age,
412 3162 519 3204 puella
534 3163 705 3204 PimpleIs,
723 3163 775 3196 dic
791 3163 870 3196 mihi
887 3164 991 3196 Musa.

562 3222 726 3261 XLVII.

122 3288 233 3326 Quum
251 3296 325 3320 eum
340 3288 459 3321 videris
473 3289 534 3323 sub
549 3290 720 3324 arboribus
736 3291 800 3325 alte
813 3290 951 3325 comosis

120 3345 246 3379 ebrium
263 3347 467 3381 stridentium
488 3357 585 3391 apum
599 3350 765 3392 operibus,

121 3406 230 3440 statim
247 3415 321 3439 eum
334 3406 475 3449 alligato.

550 3469 737 3510 XLVIII.

121 3535 211 3574 Quos
223 3536 305 3570 iuter
319 3536 396 3570 deos
411 3539 624 3579 cognomento
639 3539 811 3581 perhibent
822 3539 965 3581 gigantes
977 3562 986 3578 ,

2239 285 2312 319 185

1332 360 1458 400 οὕνεκα
1474 361 1582 408 Γης’
1566 360 1725 412 εγένοντο
1744 361 1805 400 καὶ
1821 361 1971 413 αἵματος
1991 364 2193 417 Οὐρανίοιο.

1386 438 1526 488 (Etym.
1544 439 1599 477 Μ.
1618 436 1726 489 Γίγας
1740 438 1839 491 παρὰ
1851 455 1891 478 το
1904 442 1945 479 ἐκ
1960 457 2022 486 της
2038 445 2101 494 γῆς
2115 443 2202 482 ἰέναι
2220 442 2309 500 [leg.

1333 495 1450 551 φῦναι]
1479 489 1636 541 obv-013<
1654 495 1820 535 καλέουσι
1851 499 1932 538 κτλ.
1957 498 2080 544 Οὕτως
2106 500 2292 555 Ὀρφευς’
2277 519 2312 542 εν

1331 572 1381 609 τῳ
1403 556 1515 610 ὀγδόῳ
1534 560 1596 595 τοῦ
1612 557 1707 609 ἱεροῦ
1727 555 1867 610 λόγου.)

1708 642 1851 682 XLIX.

1788 719 1822 757 Τ
1823 716 1861 756 ὸν
1883 717 1924 765 δὴ
1945 718 2111 758 καλέουσι
2132 720 2286 769 Φάνητα
2299 751 2309 770 ,

1334 775 1528 828 (ἀθάνατοι)
1549 773 1604 814 ὅτι
1624 777 1763 831 πρῶτος
1781 778 1817 816 ἔν
1840 778 1951 832 αἰθέρι
1971 778 2097 832 φαντὸς
2118 779 2248 831 ἔγεντο.

1385 866 1527 920 (Etym.
1550 868 1601 906 M.
1618 881 1648 907 s.
1666 881 1701 905 v.
1718 866 1861 916 Φάνης·
1881 868 1940 907 τὸν
1971 868 2014 916 δὴ
2035 870 2201 910 καλέουσι
2227 871 2310 911 Φά-

1329 944 1444 981 νητα,
1466 929 1521 969 ὅτι
1540 932 1678 983 πρῶτος
1700 931 1736 969 ἕν
1758 930 1871 985 αἰθέρι
1897 932 2024 986 φαντὸς
2050 932 2202 984 ἐγένετο.
2223 932 2312 986 Ὀρ-

1329 994 1428 1048 φεύς·
1462 993 1572 1041 οὕτως
1612 988 1735 1048 Ὠρος.
1782 996 1932 1036 Inserui
1981 1012 2070 1036 cum
2110 999 2310 1038 Lobeckio

1329 1056 1521 1106 Aglaoph.
1545 1054 1621 1104 lp.
1646 1055 1720 1099 481
1745 1054 1914 1094 ἀθάνατοι
1936 1060 2159 1108 mutavique
2174 1057 2312 1110 ἐγένετο

1329 1116 1369 1151 in
1390 1114 1523 1165 ἔγεντο,
1549 1114 1647 1152 Huic
1665 1115 1770 1152 dicto
1790 1116 2019 1166 subjungam
2041 1119 2114 1155 alia
2135 1119 2310 1167 quaedam

1329 1175 1486 1225 Orpheo
1507 1175 1665 1212 tributa.
1692 1173 1831 1212 Suidas
1862 1189 1903 1214 v
1925 1175 2202 1238 Τριτοπάτορες.
2228 1177 2311 1225 Δή-

1331 1248 1405 1283 μων
1428 1233 1464 1271 ἐν
1492 1235 1536 1286 τῇ
1563 1230 1693 1271 Ἀτθίδι
1722 1232 1829 1286 φησιν
1849 1232 1998 1285 ἀνέμους
2024 1239 2112 1274 εἶναι
2143 1235 2223 1280 τους
2242 1252 2312 1290 τρι·

1330 1291 1547 1345 τοπάτορας.
1619 1290 1819 1344 Φιλόχορος
1860 1291 1897 1331 δὲ
1939 1291 2018 1338 τους
2065 1294 2312 1348 τριτοπάτρεις

1327 1352 1468 1393 πάντων
1490 1351 1670 1405 γεγονέναι
1689 1350 1863 1404 πρώτους.
1885 1351 1961 1398 Τὴν
1985 1351 2047 1403 μὲν
2075 1353 2144 1406 γὰρ
2164 1369 2230 1405 γην
2248 1354 2310 1393 καὶ

1326 1412 1385 1451 τὸν
1405 1411 1518 1461 ἥλιον,
1537 1410 1657 1464 φησίν,
1676 1409 1715 1450 ὃν
1742 1410 1803 1450 καὶ
1824 1411 2032 1451 Ἀπόλλωνα
2051 1414 2177 1461 καλεῖ,
2198 1419 2311 1465 γονεῖς

1328 1474 1443 1511 αὐτῶν
1474 1470 1671 1519 ἠπίσταντο
1698 1471 1731 1509 οἱ
1764 1469 1845 1509 τότε
1877 1470 2075 1524 ἅνθρωποι·
2101 1471 2180 1517 τοὺς
2208 1472 2244 1514 δὲ
2270 1475 2311 1513 ἐκ

1329 1531 1461 1571 τούτων
1491 1530 1630 1583 τρίτους
1662 1528 1833 1582 πατέρας.
1865 1530 2080 1583 Φανόδημος
2100 1531 2137 1571 δὲ
2162 1533 2197 1570 ἐν
2218 1532 2310 1586 ἕκτῳ

1328 1591 1432 1645 φησὶν
1448 1588 1502 1629 ὅτι
1519 1588 1618 1640 μόνοι
1638 1590 1670 1628 οἳ
1685 1589 1862 1637 Ἀθηναῖοι
1877 1588 1997 1629 θύουσί
2011 1606 2047 1629 τε
2062 1591 2122 1630 καὶ
2142 1591 2310 1645 εὔχονται

1329 1651 1447 1696 αὐτοῖς
1477 1648 1568 1703 ὑπὲρ
1600 1648 1768 1701 γενέσεως
1787 1649 1938 1698 παίδων,
1958 1650 2042 1689 ὅταν
2072 1657 2199 1703 γαμεῖν
2222 1652 2309 1703 μέλ·

1325 1712 1450 1750 λωσιν.
1474 1709 1537 1750 Ἔν
1560 1709 1597 1749 δὲ
1617 1707 1777 1762 Ὀρφέως
1801 1711 1941 1762 φυσικῷ
1972 1711 2209 1760 ὀνομάζεσθαι
2228 1710 2310 1756 τοὺς

1327 1770 1583 1823 τριτοπάτορας
1617 1768 1854 1820 Ἀμαλκείδην
1887 1768 1948 1807 καὶ
1988 1770 2206 1823 Πρωτοκλέα
2247 1771 2309 1810 καὶ

1326 1828 1626 1883 Πρωτοκρεόντα,
1643 1827 1817 1881 θυρωροὺς
1848 1828 1910 1867 καὶ
1931 1828 2131 1882 φύλακας”
2109 1846 2211 1874 οντας
2235 1833 2308 1870 τῶν

1328 1889 1484 1941 ἀνέμων.
1511 1888 1558 1930 Ὁ
1591 1888 1627 1928 δὲ
1648 1888 1688 1928 τὸ
1719 1888 1924 1942 ἐξηγητικον
1959 1890 2110 1938 ποιησας
2143 1893 2308 1944 Οὐρανοῦ

1326 1950 1386 1989 καὶ
1418 1952 1490 1997 Γῆς
1509 1965 1614 2002 φησιν
1644 1947 1769 1993 αὐτους
1803 1941 1894 1988 εἶναι
1923 1951 2070 1999 παῖδας,
2092 1949 2251 2002 ὀνόματα
2271 1950 2307 1990 δὲ

1330 2011 1446 2055 αὐτοῖς
1469 2009 1621 2059 Κόττον,
1636 2007 1835 2061 Βριάρεων,
1856 2008 1917 2048 καὶ
1934 2009 2066 2061 Γύγην.
2091 2011 2150 2051 Cf.
2177 2013 2304 2062 Etym.

1325 2073 1380 2110 M.
1402 2084 1445 2122 p.
1466 2071 1556 2119 768.
1573 2070 1683 2108 Adde
1704 2070 1890 2107 Lobeckii
1907 2072 2098 2121 Aglaoph.
2123 2070 2199 2120 Ip.
2228 2073 2304 2120 760

1325 2144 1433 2180 seqq.
1452 2151 1506 2160 —
1519 2130 1654 2168 Suidas
1672 2142 1711 2169 v.
1737 2126 1845 2172 ἵππος
1864 2130 2026 2174 Νισαῖος.
2045 2130 2106 2168 Ἐν
2125 2129 2163 2168 δὲ
2179 2129 2305 2169 Δίκτυῖ

1326 2188 1477 2243 Ὀρφεὺς
1509 2188 1624 2240 λέγει·
1656 2190 1680 2235 ἡ
1715 2186 1812 2227 Νίσα
1839 2186 1945 2232 τόπος
1963 2189 2056 2227 ἐστὶν
2078 2189 2114 2227 ἓν
2142 2189 2306 2243 Ἐρυθρῷ

1325 2246 1496 2298 κείμενος.
1511 2246 1641 2284 Schol.
1652 2246 1766 2285 Pind.
1779 2246 1948 2297 adPyth.
1969 2247 2044 2295 ΙΙΙ,
2059 2249 2109 2298 96
2126 2262 2134 2285 :
2151 2247 2304 2300 Λέγεται

1326 2306 1363 2345 δὲ
1385 2308 1403 2344 ὁ
1423 2304 1636 2354 Ἀσκληπιὸς
1655 2307 1779 2359 χρυσῷ
1801 2306 1998 2350 δελεασθεὶς
2018 2309 2217 2356 ἀναστῆσαι
2232 2306 2306 2347 Ἱπ-

1327 2365 1478 2405 πόλυτον
1497 2363 1708 2413 τεθνηκότα·
1725 2365 1758 2403 οἱ
1777 2363 1813 2403 δὲ
1835 2365 2061 2418 Τυνδάρεων·
2082 2364 2194 2419 ἕτεροι
2223 2369 2304 2407 Κα-

1325 2424 1459 2463 πανέα·
1481 2425 1513 2464 οἱ
1536 2422 1572 2462 δὲ
1600 2425 1772 2464 Γλαῦκον·
1794 2425 1826 2463 οἱ
1856 2423 1893 2463 δὲ
1914 2423 2076 2478 Ὀρφικοὶ
2096 2423 2303 2476 ’Υμέναιοκ

1327 2485 1458 2524 Schol.
1478 2485 1576 2524 Vict.
1598 2484 1649 2522 ad
1680 2485 1798 2524 Hom.
1823 2483 1937 2524 Iliad.
1968 2484 2117 2532 XVIII,
2140 2485 2217 2534 570
2238 2499 2303 2536 ap.

1324 2545 1521 2593 Heynium
1547 2544 1630 2582 vol.
1657 2542 1732 2582 VII
1756 2556 1799 2593 p.
1827 2543 1904 2581 803
1933 2557 1942 2581 ε
1967 2542 2014 2583 Ἡ
2040 2543 2077 2583 δὲ
2100 2544 2301 2595 καλουμένη

1325 2604 1468 2656 Σφαῖρα
1491 2601 1631 2653 ποίημά
1663 2602 1758 2641 ἐστιν
1791 2603 1840 2648 εἷς
1871 2601 1931 2642 τὸν
1951 2602 2071 2652 Λίνον,
2091 2603 2302 2657 ἀναφέρεται

1325 2661 1361 2700 δὲ
1382 2662 1430 2706 εἷς
1449 2659 1614 2714 Ὀρφέα.)

1744 2742 1793 2783 L.

1323 2813 1428 2858 'Em’
1446 2816 1489 2856 ἂν
1503 2815 1604 2866 Ῥείη
1621 2816 1734 2857 παῖδα
1751 2816 1847 2857 τέκοι
1869 2817 1996 2873 Κρόνῳ
2015 2821 2050 2859 ἐν
2069 2820 2245 2873 φιλότητι.

1379 2900 1551 2952 (Proclus
1565 2902 1604 2938 in
1625 2902 1719 2939 Tim.
1737 2900 1775 2939 II
1792 2916 1833 2952 p.
1861 2916 1931 2940 121
1956 2905 1990 2940 A
2012 2918 2021 2941 :
2042 2901 2107 2941 Διὸ
2126 2902 2186 2941 καὶ
2204 2901 2302 2952 μένει

1325 2958 1388 3010 μὲν
1412 2961 1446 3010 (ἡ
1474 2959 1599 3012 Θέμις)
1621 2959 1791 3013 παρθένος
1812 2960 1881 3014 πρὸ
1912 2963 1975 3009 τῆς
2000 2965 2060 3001 τοῦ
2088 2962 2304 3014 δημιουργοῦ

1238 3091 1314 3133 quia
1329 3093 1427 3124 Terra
1440 3095 1472 3126 et
1490 3093 1644 3134 sanguine
1659 3093 1788 3126 coelesti
1805 3093 1869 3126 nati
1883 3094 1970 3126 sunt.

1715 3188 1828 3220 XLIX.

1489 3283 1596 3320 Quem
1614 3283 1733 3315 vocant
1750 3282 1923 3315 Phanetem

1239 3359 1448 3400 immortales,
1466 3358 1541 3400 quia
1555 3358 1677 3401 primus
1690 3358 1722 3391 in
1737 3358 1859 3392 aethere
1874 3358 2035 3400 apparuit.

1753 3454 1789 3486 1..

1241 3543 1353 3574 Donec
1368 3541 1455 3575 Rhea
1470 3541 1573 3574 finum
1593 3541 1766 3583 peperisset
1779 3542 1922 3575 saturno
1935 3549 1975 3573 ex
1991 3538 2215 3572 concubitu,—
