2612 3814
287 241 369 277 408
1000 241 1267 283 fflffltocms
1297 245 1713 295 coMMENJAfflus

289 323 405 375 μέσων
433 324 492 363 καὶ
513 325 673 378 ἐσχάτων
695 327 811 371 αὔτοῖς
842 328 1043 380 ἑπομένων,
1063 330 1140 370 οὐδὲ
1170 331 1214 371 τὰ
1245 332 1335 384 μέσα

287 384 380 423 τουτ’
401 383 442 422 ἂν
464 383 538 431 εἴη,
558 385 576 424 ὃ
595 384 757 437 λέγεται,
774 385 867 437 μὴ’
845 403 961 439 ακρων
982 390 1195 442 ἑκατέρωθεν
1221 393 1337 436 αὐτοῖς

287 443 575 495 παρακειμένων·
598 445 677 483 ἀλλ’
701 445 779 485 οὐδὲ
798 445 842 483 τὰ
873 446 1007 499 ἔσχατα
1026 448 1080 495 εἴη
1108 449 1150 487 ἂν
1181 449 1336 503 ἔσχατα,

289 501 338 549 μὴ
360 501 510 553 πρώτων
541 503 600 542 καὶ
636 502 752 554 μέσων
786 506 1077 556 προηγουμένων.
1135 509 1339 560 Συνεισοίγει

289 554 345 598 ουν
366 561 503 609 &mnia
539 562 625 616 πρὸς
659 562 721 612 τὴν
750 566 813 602 τοῦ
838 563 968 608 παντὸς
997 566 1212 613 τελειότητα.
1267 570 1339 607 Καὶ

287 620 379 657 τοῦτ
399 614 465 671 ἦν,
482 621 522 658 τὸ
539 624 807 674 κρατεῖσθαι
826 622 944 661 αὖτὰ“
932 638 981 660 υπ
1013 624 1194 672 ἀλλήλων·
1215 627 1261 669 ὡς
1276 626 1338 677 μὲν

288 678 459 730 ἱτεροειδῆ
472 709 481 727 ,
496 679 715 733 διαφέροντα·
730 682 775 724 ὡς
793 680 829 719 δὲ
844 680 916 725 ἑνὸς
929 681 1062 733 κόσμου
1080 683 1186 735 μέρη,
1204 700 1337 724 συνεισ·

290 736 384 775 ιόντα
398 753 406 761 ·
430 738 490 776 καὶ
513 740 608 791 αὐτῷ
629 741 679 792 τῷ
712 739 893 779 διεστάναι
920 741 995 791 ἅμα
1016 742 1076 780 καὶ
1096 744 1251 790 ἡνῶσθαι
1279 748 1341 793 τῆς

289 794 383 840 θείας
404 796 668 847 διακοσμήσεως
681 796 744 844 τὴν
761 798 845 845 ὅλην
864 798 998 838 σύστα
1010 815 1077 839 σιν
1098 802 1160 840 καὶ
1177 802 1338 848 σύνταξιν

287 856 507 907 πληροῦντα·
529 856 573 902 ἣν
595 855 806 907 γνώσεαι,
829 856 953 910 φησίν,
979 859 1009 897 εἷ
1038 860 1208 912 ἐγκρατὴς
1227 861 1339 913 γένοιο

287 916 356 952 τῶν
380 914 643 966 προειρημένων
665 915 761 952 καλ’”
737 930 799 954 ων,
859 917 942 954 Τῶν
964 916 999 955 δὲ
1029 916 1145 969 ἄκρων
1166 922 1275 970 γενῶν
1294 923 1338 974 τῇ

288 971 410 1024 μνήμῃ
434 973 696 1026 συνεισέρχεται
717 972 760 1011 τὰ
781 973 893 1022 μέσα·
914 976 1020 1014 ἀθαν
1035 977 1146 1014 άτων
1165 977 1233 1031 γάρ
1253 994 1339 1031 φησι

287 1033 393 1069 θεων
416 1034 582 1078 θνητῶν
609 1048 627 1069 τ
655 1032 1036 1084 ἀνθρώπωνσύστ
1044 1051 1164 1076 ασιν.
1224 1037 1337 1077 Τὰδὲ

286 1092 412 1142 πρῶτα
434 1096 505 1134 τοῖς
531 1091 694 1143 ἐσχάτοις
712 1092 769 1130 διὰ
790 1093 858 1131 τῶν
880 1091 999 1143 μέσων
1020 1094 1257 1146 συνάπτεται,
1278 1096 1339 1134 καὶ

286 1147 331 1186 τὰ
363 1147 498 1202 ἔσχατα
527 1150 613 1202 πρὸς
632 1149 676 1189 τὰ
696 1153 820 1203 πρῶτα
849 1155 893 1204 τῇ
917 1153 1085 1202 μεσότητι
1109 1156 1178 1192 τῶν
1197 1155 1337 1206 ἀγαυῶν

286 1205 435 1259 Ηρώων
468 1207 701 1249 ἀνατείνεται.
761 1209 920 1258 Ἰοιαύτη
953 1209 990 1249 δὲ
1010 1211 1070 1250 καὶ
1090 1215 1113 1259 ἡ
1150 1212 1246 1258 τάξις
1269 1215 1337 1252 τῶν

284 1266 432 1317 λογικῶν
469 1268 577 1318 γενῶν
610 1268 633 1316 ἣ
671 1270 705 1307 ἐν
730 1269 925 1320 προοιμίοις
963 1271 1223 1323 παραδέδοται,
1252 1272 1338 1311 ὥστ’

285 1318 376 1364 εἶναι
407 1328 540 1379 πρῶτοι
562 1327 624 1375 μὲν
647 1330 681 1367 ἐν
720 1329 811 1382 τῷδε
838 1331 889 1381 τῷ
909 1328 1032 1382 κόσμῳ
1064 1332 1096 1369 οἱ
1123 1331 1336 1371 ἀθάνατοι

285 1387 303 1421 θ
315 1400 359 1424 εο
371 1385 382 1423 ί
396 1400 405 1408 ·
429 1385 536 1424 ἔπειθ’
551 1384 602 1424 εἨ
610 1402 694 1439 ρωες
715 1386 859 1439 ἀγαυοί·
879 1387 940 1426 καὶ
959 1389 1152 1428 τελευταῖοι
1168 1390 1337 1440 Δαίμονες

283 1444 529 1496 καταχθόνιοι,
549 1444 605 1490 οὓς
627 1449 685 1484 νῦν
720 1450 737 1485 θ
749 1462 766 1484 ν
778 1462 799 1493 η
810 1445 906 1491 τοὺς
939 1449 986 1486 ἀν
998 1451 1015 1485 θ
1027 1463 1045 1500 ρ
1056 1448 1084 1486 ώ
1096 1464 1176 1488 που
1188 1466 1203 1493 ς
1222 1451 1334 1489 καλεῖ.

285 1505 368 1548 Πῶς
390 1502 426 1542 δὲ
455 1504 533 1543 ἑ’κα
547 1521 647 1544 στον
668 1505 800 1544 τούτων
818 1506 870 1544 δεῖ
889 1509 978 1545 νοεῖν
998 1507 1066 1554 ἤδη
1088 1509 1122 1546 ἐν
1144 1509 1336 1560 προοιμίοις

283 1562 439 1614 εἴρηται·
459 1563 498 1602 τὸ
515 1564 551 1602 δὲ
570 1567 656 1616 γνῶ
668 1580 733 1604 σιν
754 1564 885 1604 τούτων
904 1565 1117 1618 προσλαὸεῖν
1139 1569 1335 1616 ἐπιστημο-

283 1614 382 1668 νικήν
397 1651 407 1668 ,
429 1615 477 1660 ῶν
511 1623 548 1660 ἐκ
570 1623 798 1674 παραδόσεως
820 1622 884 1671 τὴν
911 1624 1017 1675 τιμὴν
1041 1625 1306 1679 προειλήφαμεν
1322 1658 1331 1673 ,

282 1682 479 1731 πρακτικὴν
501 1681 627 1733 ἀρετὴν
649 1682 794 1734 ἀληθείᾳ
814 1687 1010 1737 θεωρητικῇ
1032 1689 1221 1735 κοσμοῦσιν
1241 1686 1336 1736 ἐγγί-

283 1739 432 1787 νεται,ἢ
451 1740 511 1778 καὶ
529 1740 600 1779 ἀπὸ
620 1743 681 1787 τῆς
702 1742 920 1792 ἀνθρωπίνης
935 1741 1065 1788 εὐεξίας
1082 1743 1141 1782 ἐπὶ
1160 1744 1222 1791 τὴν
1240 1744 1350 1783 θείαν.

282 1796 411 1850 ἀρετὴν
443 1798 723 1849 μεθισταμένοις.
781 1801 834 1840 Τὸ
869 1800 936 1854 γὰρ
972 1800 1063 1839 οὕτω
1094 1804 1263 1852 γνῶναι
1286 1801 1334 1840 4τόι

280 1856 385 1908 ὄντα,
419 1861 466 1901 ὡς
486 1857 570 1911 παρ’
597 1859 704 1897 αὐτοῦ
731 1862 791 1896 τοῦ
824 1863 901 1898 θεοῦ
930 1859 1086 1908 ὑπέστη,
1109 1860 1270 1912 ὁμοίωμα
1291 1856 1333 1909 ἧν

282 1918 370 1954 θεῖον
401 1917 616 1964 κτήσασθαι.
678 1917 825 1965 Ἐπειδὴ
853 1917 888 1957 δὲ
924 1918 1014 1969 μετὰ
1048 1919 1111 1967 τὴν
1143 1918 1332 1971 ἀσώματον

285 1974 518 2025 διακόσμησιν
539 1979 561 2023 ἠ
578 1975 763 2026 σωματικὴ
778 1976 878 2030 φύσις
897 1976 1104 2030 ὑπόκειται,
1119 1977 1178 2016 τὸν
1193 1979 1332 2031 ἐμφανῆ

278 2037 399 2073 τοῦτον
420 2035 677 2088 συμπληροῧσα
704 2034 836 2086 κόσμον
849 2065 858 2083 ,
876 2035 936 2074 καὶ
956 2035 1039 2088 πρὸς
1057 2035 1122 2083 τὴν
1141 2040 1211 2076 τῶν
1230 2039 1326 2090 λογι-

279 2094 350 2130 κῶν
366 2094 491 2131 οὐσιῶν
508 2093 699 2145 ἡγεμονίαν
721 2093 982 2146 συντεταγμένη
996 2123 1006 2142 ,
1019 2094 1111 2143 ἑξῆς
1128 2096 1168 2134 τὸ
1185 2099 1246 2143 τῆς
1265 2114 1328 2150 φυ-

277 2154 473 2203 σιολογικῆς
493 2153 691 2204 ἐπιστήμης
719 2154 847 2204 ἀγαθὸν
878 2155 1174 2202 ἐπακολουθήσειν
1207 2157 1332 2207 μηνύει

277 2216 346 2255 τοῖς
372 2213 405 2250 ἐν
423 2212 519 2257 τάξει
541 2216 722 2266 προϊοῦσιν
743 2213 801 2252 ἐπὶ
817 2213 879 2258 τὰς
898 2213 1053 2263 γνώσεις.

1746 340 1894 380 xxm.
1927 349 2099 383 52—53
2134 401 2139 406 ¹

1484 427 1593 467 Γνώσῃ
1615 427 1641 458 δ’
1646 427 1692 468 ,ἦ
1712 429 1796 468 θέμις
1812 430 1880 463 ἐστί
1891 455 1900 471 ,
1919 432 2009 471 φύσιν
2028 434 2096 474 περὶ
2118 434 2231 470 παντὸς
2247 434 2378 479 ὁμοίην

1482 474 1564 506 ὥστε
1580 485 1617 507 σε
1639 475 1717 516 μήτε
1729 476 1835 509 iai-'m
1855 478 1955 518 ἐλπίζ.
1959 491 2004 520 ιν,
2022 481 2101 520 μήτε
2114 491 2143 512 τι
2163 481 2278 519 ὶήθειν.

1458 556 1550 608 Πρὸς
1570 556 1634 604 τὴν
1666 557 1762 597 θείαν
1796 560 1982 614 εὖμετρίαν
2010 565 2032 609 ἠ
2061 562 2195 616 φύσις
2222 563 2281 602 τὸν
2309 565 2452 618 ἐμφανῆ

1399 614 1531 667 κόσμον
1555 617 1851 669 ἀποτυπουμένη,
1874 620 1918 658 δι’
1936 621 2125 673 ἀναλογίας
2151 638 2190 661 τε
2216 622 2319 661 αὐτὸν
2336 625 2451 678 ἑαυτῷ

1400 679 1584 727 πανταχοῦ
1619 677 1793 730 διαφόρως
1818 679 2006 731 ὥμοίωσε,
2034 682 2095 720 καὶ
2130 682 2170 721 τὸ
2199 686 2288 723 θεῖον
2321 685 2452 730 κάλλος

1401 735 1634 773 ἐνεικονίσατο
1651 736 1694 773 δι’
1715 734 1806 775 ὅλων
1825 739 1893 776 τῶν
1912 739 2107 791 ἐγκοσμίων
2127 742 2227 781 εἷδῶν
2249 742 2365 788 ἄλλως
2390 743 2451 783 καὶ

1399 792 1531 836 ἄλλως·
1550 791 1640 831 ὥστε
1659 794 1795 847 οὐρανῷ
1816 795 1878 846 μὲν
1899 798 2088 837 ἀποδοῦναι
2111 814 2151 839 το
2170 799 2365 849 ἀεικίνητον
2377 832 2386 850 ,
2404 804 2451 856 γῇ

1400 851 1438 889 δὲ
1459 851 1499 890 τὸ
1527 851 1697 902 μόνιμον,
1729 854 1895 907 ἑκάτερον
1916 854 1953 895 δὲ
1981 856 2112 896 τούτων
2131 857 2224 905 θείας
2251 858 2452 911 ὁμοιώσεως

1401 926 1411 948 ι
1413 926 1494 962 [νος
1511 911 1762 964 ἀποφέρεσθαι.
1822 914 1898 954 Και
1917 917 1967 968 τῷ
1997 915 2060 967 μὲν
2084 916 2234 971 οὐρανίῳ
2252 918 2392 970 σώματι
2411 918 2453 959 τὸ

1399 969 1498 1022 πέριξ
1517 975 1577 1010 τοῦ
1592 971 1722 1016 παντὸς
1739 972 1926 1024 ἀπένειμε,
1942 977 1992 1029 τῷ
2005 975 2041 1015 δὲ
2059 975 2222 1030 περιγείῳ
2238 976 2280 1017 τὸ
2295 976 2450 1031 κέντρον.

1400 1028 1444 1069 '1⁴3
1447 1045 1464 1067 ν
1486 1030 1522 1068 δὲ
1547 1031 1678 1084 σφαίρα
1701 1032 1815 1076 ἄλλως
1831 1031 1895 1083 μὲν
1913 1033 1952 1072 τὸ
1981 1031 2123 1087 κέντρον
2143 1035 2260 1089 ἀρχή,
2280 1035 2396 1081 ἄλλως
2413 1035 2452 1076 δὲ

1399 1091 1417 1126 ὁ
1436 1105 1498 1128 του
1527 1090 1749 1143 περιέχοντος
1775 1091 1865 1144 ὅρος.
1923 1091 2033 1133 αΟθεν
2053 1094 2097 1132 τὰ
2125 1094 2198 1134 ἅνω
2229 1094 2293 1146 μὲν
2313 1095 2454 1150 ἄστροις

1399 1148 1648 1198 πεποίκιλται,
1668 1167 1728 1189 και
1748 1167 1819 1196 τοις
1836 1154 1913 1202 μετ’
1935 1153 2050 1191 ἐκεῖνα
2070 1153 2168 1206 ζώοις
2183 1156 2328 1207 νοεροῒς·
2352 1171 2398 1207 γη
2415 1155 2452 1195 δὲ

1399 1209 1516 1260 φυτοῖς
1530 1210 1710 1259 ἐκοσμήθη
1720 1241 1733 1261 ,
1749 1211 1810 1250 καὶ
1830 1210 1929 1262 ζώοις
1949 1213 2109 1260 αἰσθήσει
2126 1214 2215 1267 μόνῃ
2240 1214 2450 1268 χρωμένοις.

1401 1267 1563 1315 Μεσότης
1583 1268 1619 1306 δὲ
1645 1272 1715 1308 τῶν
1731 1269 1823 1308 ουτω
1840 1271 2072 1319 διεστηκότων
2093 1274 2111 1310 ὁ
2132 1272 2313 1326 ἄνθρωπος
2327 1276 2454 1327 {vopi-

1398 1342 1478 1372 ται,
1510 1326 1678 1379 ἇμφίὸιός
1701 1344 1753 1373 τις
1781 1328 1850 1378 ὤν,
1885 1329 1947 1368 καὶ
1980 1329 2129 1383 ἔσχατος
2166 1332 2229 1382 μὲν
2261 1335 2332 1372 τῶν
2355 1332 2449 1382 ἅνω,

1398 1387 1536 1438 πρῶτος
1556 1386 1593 1424 δὲ
1625 1389 1693 1426 τῶν
1714 1388 1826 1429 κάτω.
1885 1389 1950 1429 Διὸ
1981 1390 2066 1429 ποτὲ
2091 1390 2154 1441 μὲν
2175 1396 2248 1436 τοῖς
2268 1392 2453 1439 ἀθανάτοις

1398 1444 1612 1498 συμφέρεται
1632 1477 1642 1495 ,
1663 1446 1724 1485 καὶ
1750 1450 1793 1500 τῇ
1813 1448 1899 1499 πρὸς
1914 1453 1994 1488 νοῦν
2002 1451 2208 1519 ἐπιστροφῇ
2230 1451 2295 1499 τὴν
2320 1450 2453 1491 οἰκείαν

1397 1503 1495 1550 λῆξιν
1513 1505 1784 1555 ἀπολαμὸάνει·
1801 1506 1887 1546 ποτὲ
1909 1507 1946 1546 δὲ
1963 1510 2034 1581 τοῖς
2062 1509 2197 1555 θνητοῖς
2216 1508 2323 1548 εἴδεσι
2343 1525 2452 1550 συνα-

1396 1563 1601 1612 γελοίζεται,
1622 1579 1682 1602 και
1698 1568 1741 1616 τῇ
1758 1567 1826 1603 τῶν
1841 1563 1966 1605 θείων
1958 1566 2074 1618 νόμων
2094 1566 2239 1607 &Goion
2256 1571 2317 1615 τῆς
2336 1585 2452 1623 προσ-

1397 1621 1551 1668 ηκούσης
1581 1624 1674 1676 αὐτῷ
1706 1623 1804 1668 ἀξίας
1835 1624 2044 1666 ἀποπίπτει.
2129 1624 2197 1671 Ὡς
2216 1626 2284 1680 γὰρ
2304 1627 2454 1681 ἔσχατος

1397 1684 1468 1720 τῶν
1502 1683 1652 1733 λογικων
1682 1686 1816 1757 γενῶν,
1837 1683 1917 1723 οὔτε
1948 1684 2003 1724 ἀεὶ
2031 1684 2092 1724 καὶ
2125 1684 2294 1731 ὡσαύτως
2318 1687 2454 1741 πέφυκε

1397 1747 1484 1779 νοεῖν
1510 1740 1627 1793 (οὕτω
1659 1741 1727 1816 γὰρ
1747 1743 1812 1781 οὐκ
1844 1759 1886 1781 αν
1922 1738 1965 1791 ην
2004 1744 2203 1797 ἄνθρωπος,
2230 1744 2323 1784 ἀλλὰ
2351 1745 2453 1799 φύσει

1398 1799 1489 1843 θεός·
1501 1804 1513 1848 )
1544 1799 1623 1839 οὔτε
1654 1801 1710 1840 ἀει
1740 1807 1829 1841 νοεῖν
1852 1801 2017 1851 δύναται,
2046 1805 2077 1842 εἷ
2111 1819 2172 1842 και
2193 1803 2245 1855 μὴ
2261 1804 2452 1851 ὡσαύτως·

1398 1863 1502 1898 τοῦτο
1534 1860 1603 1914 γὰρ
1638 1861 1742 1899 αὐτὸν
1775 1863 1822 1907 εἷς
1845 1860 1908 1909 τὴν
1937 1863 2094 1915 ἀγγέλων
2120 1862 2310 1912 καθίστησι
2339 1863 2451 1911 τάξιν.

1399 1920 1476 1958 Νῦν
1494 1920 1531 1957 δέ
1557 1921 1652 1958 ἐστιν
1673 1920 1853 1973 ἄνθρωπος
1872 1922 2040 1973 ὁμοιώσει
2060 1921 2123 1973 μὲν
2140 1922 2227 1975 πρὸς
2252 1922 2293 1962 τὸ
2314 1922 2452 1975 βέλτιον

1398 1981 1551 2031 ἀχθῆναι
1566 1979 1774 2030 δυνάμενος,
1794 1981 1874 2034 φύσ
1885 1996 1923 2019 ει
1941 1980 1976 2020 δὲ
1994 1981 2225 2029 ὗποὸεὸηκὼς
2237 1984 2307 2022 τῶν
2323 1983 2452 2022 ἀθανά·

1397 2053 1465 2076 των
1489 2040 1600 2086 θεῶν,
1633 2038 1694 2077 καὶ
1725 2041 1795 2078 τῶν
1831 2042 1973 2092 ἀγαυῶν
2005 2041 2154 2094 ἡρώων,
2175 2042 2224 2087 ὡς
2252 2042 2454 2094 ἕγκοσμίων

1397 2096 1545 2149 πρώτων
1565 2097 1625 2136 καὶ
1647 2098 1763 2148 μέσων
1784 2102 1906 2151 γενῶν.
1934 2097 2081 2153 ϋΩσπερ
2097 2100 2166 2153 γὰρ
2185 2100 2316 2140 τούτων
2336 2100 2452 2150 ὖπέὸη

1396 2159 1446 2210 τῷ
1467 2157 1516 2208 μὴ
1543 2156 1597 2196 ἀεὶ
1617 2163 1724 2207 νοεῖν,
1748 2159 1828 2197 ἀλλ’
1854 2161 1888 2197 ἐν
1909 2159 2033 2213 ἀγνοίᾳ
2051 2159 2135 2198 ποτὲ
2155 2160 2215 2199 καὶ
2235 2159 2326 2212 λήθῃ
2354 2160 2452 2211 γίνευ
2508 2167 2512 2171 ’

1399 2220 1478 2254 σθαι
1498 2220 1560 2264 τῆς
1580 2219 1704 2256 ἑαυτοῦ
1723 2217 1842 2262 οὐσίας
1856 2247 1866 2266 ,
1886 2219 1946 2257 καὶ
1972 2221 2034 2265 τῆς
2065 2219 2177 2258 θεόθεν
2197 2219 2384 2266 κατιούσης
2402 2220 2450 2264 εἰς

278 2334 381 2371 sunt,
415 2329 620 2374 coeuntia3
651 2336 766 2377 atque
802 2329 882 2377 ipsa
902 2329 1143 2367 distinctione
1161 2331 1273 2367 simul
1294 2339 1332 2368 et

278 2384 552 2432 conjunctione
574 2393 696 2423 totam
718 2387 839 2423 divini
860 2389 988 2437 operis
1017 2390 1330 2426 constitutionem

280 2451 316 2479 et
335 2443 617 2482 ordinationem
635 2447 959 2492 consummantia3
979 2459 1094 2495 quam
1105 2459 1302 2495 cognosces
1316 2475 1327 2494 ,

282 2503 428 2551 inquit,
449 2504 480 2539 si
496 2504 599 2540 bona
620 2505 684 2541 illa
705 2512 791 2541 ante
807 2506 909 2542 dicta
930 2506 1115 2544 obtineas.
1137 2508 1329 2544 Extremo·

282 2574 365 2597 rum
387 2574 479 2598 vero
509 2575 691 2611 generum
725 2565 921 2601 mentione
943 2565 1055 2601 simul
1078 2565 1329 2614 comprehen-

282 2620 424 2656 duntur
452 2621 599 2667 media3
620 2620 716 2658 dicit
738 2624 839 2658 enim
855 2651 864 2669 ‚
885 2625 1152 2660 immortale'um
1178 2625 1330 2660 deorum

283 2681 564 2728 mortaliumque
577 2680 769 2717 hominum
783 2685 1089 2721 constitutionem.
1113 2678 1243 2720 Prima
1262 2695 1331 2719 au-

285 2746 358 2774 tem
385 2751 472 2774 cum
491 2740 633 2776 ultimis
659 2753 730 2790 per
746 2742 871 2779 media
892 2749 1197 2791 connectuntur3
1215 2750 1331 2791 atque

278 2798 411 2834 ultima
430 2797 479 2834 ad
497 2798 620 2846 prima
641 2811 711 2847 per
739 2800 942 2837 illustrium
961 2802 1123 2838 heroum
1139 2802 1332 2838 interven-

281 2864 362 2892 tum
395 2857 659 2906 porriguntur.
690 2859 788 2895 Talis
821 2861 935 2896 etiam
967 2868 1023 2898 est
1055 2861 1119 2897 ille
1148 2873 1332 2910 generum

282 2916 431 2952 ratione
463 2916 716 2965 praeditorum
745 2918 843 2954 ordo
871 2920 911 2955 in
943 2921 1119 2956 carminis
1139 2922 1330 2969 prooemio

283 2975 463 3020 traditus,
483 2982 527 3010 ut
542 2976 659 3024 primi
685 2977 723 3011 in
737 2976 813 3013 hoc
838 2978 984 3015 mundo
1005 2980 1080 3015 sint
1102 2981 1165 3015 Dii
1180 2982 1330 3016 immor·

282 3033 400 3080 tales,
424 3033 562 3069 deinde
585 3034 727 3071 Heroes
746 3035 926 3083 illustres,
941 3044 978 3072 et
994 3037 1118 3074 ultimi
1137 3038 1247 3074 Genii
1258 3045 1332 3074 ter-

284 3099 435 3138 restres,
468 3105 566 3140 quos
597 3094 774 3129 mortales
807 3093 978 3131 homines
1014 3109 1117 3133 nunc
1145 3098 1325 3146 appellat.

283 3150 489 3197 Quomodo
509 3163 601 3188 vero
619 3152 759 3188 horum
775 3164 957 3201 generum
976 3155 1122 3204 singula
1141 3157 1215 3192 sint
1229 3157 1334 3192 intel-

281 3208 428 3258 ligenda
444 3236 455 3254 ,
472 3209 551 3257 jam
574 3210 611 3246 in
644 3211 835 3259 prooemio
855 3210 967 3258 hujus
988 3215 1250 3249 commentarii
1275 3215 1331 3250 di-

282 3276 385 3304 ctum
414 3275 500 3304 est:
533 3268 600 3305 sed
621 3281 755 3305 eorum
781 3271 957 3306 notitiam
986 3271 1119 3307 litteris
1151 3272 1331 3321 adipisci,

283 3339 450 3375 quorum
468 3327 659 3364 honorem
675 3340 698 3365 a
713 3328 924 3376 majoribus
939 3329 1119 3365 traditum
1140 3332 1244 3379 prius
1262 3344 1334 3367 ac-

283 3387 472 3435 cepimus,
497 3388 542 3424 iis
560 3388 672 3438 licet,
695 3388 763 3436 qui
795 3388 976 3425 virtutem
997 3389 1158 3425 activam
1176 3390 1335 3426 veritate

283 3447 581 3495 contemplativa
611 3453 818 3492 exornant,
850 3454 916 3483 aut
950 3447 1066 3483 etiam
1093 3447 1141 3483 ab
1177 3447 1333 3483 humani

285 3505 430 3542 {abitus
454 3505 625 3543 bonitate
660 3505 710 3542 ad
742 3506 909 3542 divinam
941 3506 1122 3543 virtutem
1158 3507 1332 3555 provecti

1390 2340 1490 2368 sunt.
1522 2335 1580 2369 lta
1607 2335 1707 2370 enim
1751 2346 1860 2370 nosse
1886 2346 1964 2380 res,
1992 2342 2034 2370 ut
2063 2342 2150 2370 sunt
2183 2334 2230 2370 ab
2251 2335 2334 2383 ipso
2366 2335 2450 2370 Deo

1394 2399 1526 2428 creatae
1542 2421 1552 2440 ‚
1602 2400 1657 2428 est
1703 2392 1872 2429 divinam
1924 2393 2211 2432 similitudinem
2251 2393 2448 2441 consequi.

1393 2452 1717 2501 Quandoquidem
1740 2465 1834 2489 vero
1868 2453 1971 2488 illam
2004 2454 2326 2502 incorporeorum
2353 2464 2451 2489 con-

1393 2512 1628 2548 stitutionem
1640 2512 1971 2561 longoxintervallo
1983 2520 2069 2561 post
2079 2513 2250 2560 sequitur
2260 2522 2449 2560 corporea

1394 2579 1531 2607 natura
1544 2599 1553 2616 ,
1572 2584 1655 2619 quae
1672 2571 1940 2619 aspectabilem
1962 2571 2063 2607 hunc
2079 2570 2266 2607 mundum
2282 2571 2452 2619 complet

1394 2637 1508 2678 atque
1525 2629 1574 2666 ad
1590 2630 1883 2679 intelligentium
1899 2637 2121 2666 naturarum
2135 2637 2269 2666 nutum
2287 2636 2326 2665 et
2346 2628 2449 2666 arbi-

1379 2691 1510 2726 ·trium
1533 2690 1746 2738 composita
1765 2697 1820 2725 est
1833 2717 1843 2735 ,
1864 2689 2032 2726 declarat
2054 2689 2234 2738 deinceps
2259 2701 2326 2726 eos
2344 2688 2448 2737 phy-

1394 2750 1587 2799 siologicae
1605 2749 1768 2786 sc'ientiae
1789 2749 1935 2785 bonum
1953 2761 2031 2785 esse
2051 2749 2277 2797 adepturos,
2297 2749 2366 2798 qui
2399 2747 2449 2786 ad

1394 2821 1521 2845 rerum
1543 2806 1803 2858 cognitionem
1824 2808 1962 2845 ordine
1977 2808 2207 2858 procedunt.

1743 2903 1893 2943 XXIII.
1926 2909 1975 2943 52
1985 2909 2099 2942 —53.

1479 2990 1659 3029 cognosces
1688 2988 1805 3028 etiam,
1836 2987 1945 3029 quoad
1965 2987 2011 3019 fas
2032 2989 2103 3025 est,
2131 2989 2276 3017 naturam
2295 2995 2333 3018 ex
2359 2985 2448 3019 omni

2094 3032 2106 3074 [
2120 3035 2209 3073 parte
2228 3033 2277 3064 sui
2288 3032 2446 3066 similem:

1481 3087 1517 3115 ut
1537 3091 1598 3115 nec
1616 3090 1724 3124 speres
1751 3091 1827 3123 quae
1843 3080 1999 3123 speranda
2018 3089 2081 3112 non
2100 3083 2194 3118 sunt,
2210 3088 2268 3111 nec
2298 3082 2330 3112 te
2350 3079 2448 3120 qnid-

2187 3127 2309 3169 [quam
2330 3128 2442 3161 lateat.

1450 3209 1513 3246 Ad
1530 3208 1667 3245 divinae
1686 3219 1869 3244 mensurae
1889 3206 2054 3255 speciem
2078 3212 2215 3241 natura
2236 3203 2460 3259 aspectabi-v

1397 3270 1472 3305 lem
1505 3269 1609 3304 hunc
1638 3267 1824 3303 mundum
1857 3264 2039 3314 effingens
2062 3264 2316 3313 proportione
2353 3274 2447 3311 qua·

1398 3328 1484 3365 dam
1506 3340 1591 3364 eum
1608 3320 1722 3363 Variis
1739 3325 1862 3362 modis
1876 3324 1934 3361 sui
1951 3324 2111 3360 similem
2126 3321 2251 3358 effecit
2264 3319 2449 3356 divinam-

1398 3400 1473 3436 que
1493 3384 1822 3436 pulchritudinem
1842 3384 1881 3419 in
1901 3382 2080 3419 omnibus
2101 3380 2232 3417 formis
2247 3378 2449 3415 mundanis

1399 3447 1511 3482 aliter
1538 3451 1653 3494 atque
1673 3443 1785 3480 aliter
1815 3453 2028 3490 expressam
2055 3438 2263 3489 spectavit,
2295 3439 2348 3473 ita
2374 3443 2442 3481 ut,

1399 3517 1519 3555 quum
1551 3510 1781 3554 perpetuum
1824 3501 1922 3537 coelo
1955 3506 2105 3536 motum
2131 3497 2298 3542 dederit,
2339 3503 2448 3532 terrae

2584 3563 2602 3579 ’·,
2581 3367 2605 3547 ’ἐμμνῃα-,γὲεξέθὲῑ
2592 3336 2594 3338 ⁴
2587 3211 2605 3319 ffl'h‘vf‘!
2587 3173 2598 3195 *²¹
2597 3157 2600 3163 ⁴
