2612 3814
1170 233 1513 275 FRAGMEMA.

254 318 357 370 ληΐας
377 321 437 361 καὶ
453 321 631 366 ὁσιότατος
651 322 710 362 καὶ
729 328 791 368 τᾶς
810 324 859 361 τῶ
878 322 1006 367 παντὸς
1027 323 1178 374 γενέσιος
1207 323 1306 363 αὐτοί

255 396 293 418 τε
315 381 459 433 ἔχομες,
480 382 540 421 καὶ
560 382 614 421 τὶν
637 383 927 432 ἀπεστάλκαμες·
947 382 991 420 τὰ
1015 381 1050 420 δὲ
1079 381 1186 421 λοιπὰ
1216 381 1309 421 οὔτοι

252 442 312 478 νῦν
332 456 373 492 γε
390 441 535 479 δύναται
555 443 760 494 εὖρεθῆμεν·
781 443 818 480 αἰ
838 442 874 480 δέ
895 457 940 480 κα
959 444 1103 494 εὑρεθῇ,
1121 442 1264 489 ἡξεῖτοι.

306 499 513 550 (Diogenes
536 499 712 539 Laertius
733 499 804 541 lib.
829 499 940 546 VIII,
961 499 1039 552 80.)

749 617 799 667 η’-

466 709 612 758 Γνῶμαι
631 707 691 747 καὶ
710 707 982 762 Ἀποφθέγματά
1003 724 1095 748 τινα.

306 794 340 831 α’
370 793 558 846 Ἀρχύτας,
583 794 671 848 ἀνὴρ
698 796 932 848 Ταραντῖνος,
950 795 994 834 τὰ
1015 796 1224 847 Πυθαγόρου
1253 811 1308 833 σο-

251 852 335 906 φός,
356 853 441 903 ὑπὲρ
473 853 608 891 παίδων
642 855 782 905 ἀγωγῆς
803 854 958 908 γράφων,
989 853 1119 905 ἔστω,
1144 853 1268 907 φησίν,
1294 856 1310 891 ὁ

251 911 399 963 πατὴρ
417 913 715 965 παράδειγμα
733 914 899 965 ἀρετᾶς
918 919 1010 958 τοῖς
1028 913 1198 952 παισίν.

309 971 587 1019 (Philostratus
631 973 703 1012 vit.
744 973 929 1024 Apollon.
976 973 1101 1024 Tyan.
1143 972 1216 1010 lib.
1259 972 1307 1009 VI

256 1042 340 1082 cap.
365 1031 409 1068 31
441 1044 527 1082 pag.
555 1045 632 1079 270
666 1033 729 1070 ed.
763 1033 893 1071 Olear.
922 1033 1044 1072 Posui
1079 1032 1204 1084 ἀρετᾶς
1235 1045 1309 1082 pro

252 1090 412 1140 vulgata
431 1091 625 1142 scriptura
641 1091 797 1143 ἀρετῆς.)

307 1148 354 1200 β’.
386 1148 557 1201 Ἀρχύτας
605 1148 735 1200 ἔλεγεν·
771 1147 914 1202 υΩσπερ
960 1149 1060 1203 ἔργον
1100 1148 1170 1188 ε’ντὶ
1209 1149 1306 1202 εὑρὲν

251 1206 351 1260 ἰχθὺν
373 1207 528 1247 ἄκανθαν
547 1208 596 1258 μὴ
615 1207 762 1260 ἔχοντα,
777 1207 869 1247 οὕτω
890 1207 949 1247 καὶ
966 1209 1148 1261 ἄνθρωπον
1170 1207 1218 1258 μὴ
1248 1224 1307 1247 κε-

251 1266 425 1316 κτημένον
445 1282 479 1305 τι
501 1267 639 1318 δολερὸν
657 1266 717 1305 καὶ
735 1268 950 1311 ἀκανθῶδες.

308 1325 494 1376 (AElianus
504 1325 594 1364 Var.
611 1326 705 1364 Hist.
720 1325 852 1375 lib.X,
871 1339 932 1364 12.
947 1325 1094 1377 Scripsi
1112 1325 1180 1364 ἐντὶ
1195 1325 1306 1378 εὑρὲν;

252 1384 366 1423 codd.
389 1383 482 1422 ἐστὶν
500 1385 637 1436 εὑρεῖν.)

303 1442 354 1494 γ’.
386 1441 555 1495 Ἀρχύτας
566 1441 782 1495 ἔφη,ταυτὸν
799 1435 887 1480 εἶναι
903 1442 1084 1490 διαιτητὴν
1095 1442 1154 1480 καὶ
1173 1443 1306 1495 βωμόν,

251 1500 305 1541 ἐπ’
326 1501 432 1554 ἄμφω
453 1501 521 1553 γὰρ
542 1500 601 1539 τὸν
620 1500 848 1550 ἀδικούμενον
872 1500 1117 1551 καταφεύγειν.

225 1605 229 1610 ,
305 1560 547 1611 (Aristoteles
580 1561 692 1600 Rhet.
713 1560 782 1599 lib.
799 1560 856 1598 111
886 1574 968 1612 cap.
994 1560 1031 1598 11
1063 1575 1149 1612 pag.
1172 1566 1269 1604 1412
1287 1575 1308 1600 a

253 1618 315 1657 ed.
338 1619 500 1663 Bekker.
526 1620 696 1672 Reposui
719 1619 778 1659 τὸν
800 1620 1025 1672 ἀδικούμενον
1055 1620 1304 1674 καταφεύγειν;

252 1678 367 1718 codd.
393 1679 432 1718 τὸ
452 1678 680 1730 ἀδικούμενον
702 1679 943 1733 καταφεύγει.)

307 1736 350 1778 δ’.
385 1738 582 1791 Σπίνθαρος
618 1740 770 1791 διηγεῖτο
816 1739 985 1782 πολλάκις
1029 1739 1110 1791 περὶ
1139 1739 1307 1791 Ἀρχύτου

250 1796 468 1849 Ταραντίνου
479 1828 489 1845 ,
509 1796 561 1836 ὅτι
577 1797 633 1837 διὰ
647 1797 772 1850 χρόνου
794 1798 883 1842 τινὸς
900 1801 947 1842 εἷς
964 1796 1069 1850 ἀγρὸν
1084 1798 1303 1851 ἀφικόμενος,

252 1857 291 1894 ἐκ
319 1855 501 1909 στρατείας
534 1858 658 1896 νεωστὶ
682 1857 953 1910 παραγεγονώς,
974 1857 1017 1905 ἣν
1047 1856 1303 1910 ἐστρατεύσατο

252 2072 426 2113 habemus,
462 2074 558 2106 simul
594 2074 652 2106 tibi
685 2074 831 2107 misimus
865 2084 873 2106 ε
907 2074 1029 2116 reliqua
1064 2075 1182 2115 scripta
1218 2083 1305 2106 nunc

251 2131 337 2162 certe
358 2130 489 2171 reperiri
503 2139 569 2163 non
587 2134 740 2173 possunt;
763 2133 788 2165 si
810 2133 940 2166 inventa
959 2133 1075 2166 suerint
1087 2158 1097 2175 ,
1118 2134 1158 2166 ad
1178 2135 1209 2166 te
1232 2143 1305 2175 per-

252 2187 403 2221 ferentur.

751 2278 784 2310 g.

418 2347 594 2381 Sententia
615 2347 766 2388 quaedam
788 2348 820 2381 et
842 2348 1131 2391 Apophthegmata.

295 2423 324 2453 1.
346 2421 506 2462 Archytas
520 2422 710 2456 Tarentinus
726 2424 759 2456 et
774 2424 966 2465 Pythagorae
987 2425 1131 2458 doctrina
1145 2425 1303 2464 imbutus,

251 2478 291 2512 de
308 2488 480 2520 puerorum
495 2481 683 2515 educatione
702 2482 864 2525 scribens,
876 2485 948 2521 Sit,
969 2484 1089 2526 inquit,
1105 2486 1206 2526 pater
1214 2484 1304 2526 filiis

250 2540 395 2572 virtutis
414 2541 606 2582 exemplar.

293 2602 322 2631 2.
349 2598 502 2639 Archytas
515 2599 643 2633 dicebat
658 2613 666 2634 ε
685 2601 964 2640 Quemadmodum
984 2602 1111 2635 difficile
1125 2604 1173 2635 est
1186 2603 1303 2644 piscem

252 2657 361 2699 spinas
383 2667 447 2690 non
471 2658 643 2692 habentem
664 2659 824 2701 invenire,
846 2661 894 2694 sic
917 2663 949 2694 et
977 2661 1139 2695 hominem
1159 2663 1213 2703 qui
1238 2672 1301 2694 non

253 2716 369 2749 habeat
383 2717 529 2750 dolosum
552 2718 629 2758 quid
644 2721 675 2751 et
691 2719 886 2752 aculeatum.

292 2779 327 2809 3.
355 2777 512 2818 Archytas
535 2777 634 2817 dixit,
659 2777 742 2810 idem
763 2787 832 2811 esse
854 2778 1011 2811 arbitrum
1040 2781 1072 2813 et
1085 2789 1193 2822 aram,
1221 2790 1301 2822 quo-

252 2835 337 2867 niam
370 2835 410 2868 ad
444 2838 618 2878 utrumque
646 2837 672 2869 is
702 2837 757 2878 qui
788 2837 939 2878 injuriam
974 2839 1097 2880 accepit
1132 2841 1302 2882 confugere

250 2895 341 2928 solet.

293 2957 322 2986 4.
346 2955 539 2997 Spintharus
566 2963 651 2997 saepe
675 2956 825 2990 narrabat
857 2957 1031 2999 Archytam
1072 2959 1300 3000 Tarentinum„

251 3023 353 3056 quum
386 3015 460 3056 post
489 3015 618 3056 aliquod
643 3016 797 3057 temporis
827 3016 1029 3049 intervallum
1051 3026 1069 3050 a
1087 3018 1171 3050 bello
1200 3018 1300 3051 redux

250 3072 338 3113 quod
359 3063 522 3107 Tarentini
548 3075 699 3108 adversus
721 3076 894 3109 Messenios
923 3080 1106 3118 gesserant,
1129 3086 1184 3109 rus
1204 3086 1299 3110 suum

251 3131 424 3171 reviseret,
436 3134 468 3166 et
480 3134 623 3166 villicum
637 3144 711 3167 cum
727 3136 843 3168 caetera
858 3135 976 3168 familia
991 3145 1058 3168 rem
1073 3137 1223 3169 rusticam
1238 3146 1300 3169 non

251 3189 430 3231 diligenter,
453 3192 508 3224 sed
523 3193 699 3227 admodum
720 3195 914 3236 negligenter
926 3201 1053 3228 curasse
1068 3196 1299 3229 animadverte·

251 3249 317 3288 ret,
338 3250 427 3282 tanta
449 3250 497 3283 ira
516 3254 548 3284 et
564 3252 779 3295 indignatione
799 3256 972 3295 concepta,
991 3258 1143 3295 quantam
1164 3255 1237 3288 talis
1251 3256 1301 3288 vir

250 3308 418 3350 concipiat,
436 3309 474 3342 ad
487 3319 595 3343 rerum
609 3314 728 3345 statum
742 3314 980 3347 accommodate
993 3314 1123 3355 dixisse,
1136 3314 1215 3347 hene
1225 3324 1299 3348 cum

250 3366 378 3401 famulis
393 3368 460 3410 agi,
483 3370 571 3411 quod
589 3371 689 3404 iratus
711 3377 816 3414 esset,
839 3374 915 3406 alias
933 3375 1095 3406 tantorum
1110 3374 1298 3408 delictorum

248 3431 360 3466 graves
378 3427 547 3469 justasque
561 3438 677 3470 poenas
695 3430 827 3465 daturos
849 3442 928 3466 esse.

2347 240 2423 272 563

1374 328 1394 371 ἡ
1429 324 1527 367 πόλις
1555 324 1602 367 εἷς
1630 321 1934 373 Μεσσηνίους,ὡς
1968 316 2037 361 εἶδε
2074 321 2131 361 τόν
2166 338 2203 360 τε
2237 322 2425 376 ἐπίτροπον

1373 385 1433 421 καὶ
1461 382 1541 427 τοὺς
1565 381 1688 426 ἄλλους
1718 381 1854 426 οἰκέτας
1880 383 1943 420 οὐκ
1969 377 2006 420 εὖ
2027 385 2094 420 τῶν
2121 382 2201 434 περὶ
2227 382 2290 429 τὴν
2315 398 2423 435 γεωρ-

1373 442 1452 494 γίαν
1482 441 1683 493 ἐπιμελείας
1703 441 1977 491 πεποιημένους,
1998 442 2085 480 ἀλλὰ
2109 443 2246 495 μεγάλῃ
2274 442 2342 481 τινὶ
2362 459 2424 481 κε-

1372 501 1570 554 χρημένους
1590 499 1772 553 ὀλιγωρίας
1795 500 1993 552 ὓπερὸολῇ,
2010 501 2177 550 ὀργισθείς
2196 517 2232 539 τε
2253 501 2313 540 καὶ
2334 503 2424 553 ἀγα-

1374 560 1550 608 νακτήσας
1571 559 1677 604 οὕτως
1690 589 1699 606 ,
1718 563 1763 604 ὡς
1782 558 1822 597 ἂν
1842 559 1970 602 ἐκεῖνος
1985 589 1994 606 ,
2022 552 2126 607 εἶπεν,
2147 563 2190 604 ὡς
2210 559 2320 610 ἔοικε,
2339 561 2426 613 πρὸς

1373 619 1452 664 τοὺς
1480 618 1615 664 οἰκέτας
1629 649 1638 667 ,
1655 619 1705 658 ὅτι
1735 621 1948 671 εὐτυχοῦσιν,
1966 618 2018 657 ὅτι
2044 620 2159 663 αὐτοῖς
2187 618 2374 672 ὤργισται·
2392 623 2422 659 εἰ

1372 677 1441 730 γὰρ
1474 679 1523 729 μὴ
1555 682 1658 718 τοῦτο
1686 677 1910 728 συμὸεὸηκὸς
1939 671 1995 725 ἦν,
2028 680 2089 717 οὐκ
2120 678 2161 716 ἄν
2187 694 2270 717 ποτε
2300 679 2425 724 αὐτοὺς

1374 737 1506 782 ἀθώους
1526 737 1710 788 γενέσθαι,
1731 739 1925 785 τηλικαῦτα
1942 738 2206 791 ἡμαρτηκότας.

1429 797 1683 850 (Jamblichus
1702 797 1750 834 de
1771 797 1838 836 vit.
1862 796 2025 847 Pythag.
2053 810 2135 848 cap.
2156 801 2199 836 31
2236 810 2319 848 pag.
2344 798 2423 842 405

1373 856 1434 895 ed.
1474 856 1685 905 Kiessling.
1721 855 1778 894 Cf.
1822 855 1959 894 Cicero
2000 856 2116 894 Tusc.
2149 855 2220 893 lib.
2256 856 2319 903 IV,
2358 857 2422 904 36;

1372 915 1500 953 Valer.
1523 915 1680 954 Maxim.
1697 914 1768 954 lib.
1786 914 1834 951 lV
1850 927 1934 966 cap.
1956 929 1987 962 1,
2000 925 2147 953 extet-n.
2168 930 2204 962 13
2222 916 2420 954 Plutarch.

1373 974 1421 1012 cle
1449 987 1607 1025 puel-or.
1630 974 1751 1012 instit.
1773 987 1856 1025 cap.
1883 981 1943 1021 143
1972 975 2202 1026 Hieronym.
2228 975 2350 1026 Epist.
2371 974 2424 1017 IX

1373 1033 1419 1070 ad
1461 1033 1677 1080 Salvinam‚
1711 1042 1804 1072 tom.
1837 1033 1852 1070 1
1879 1047 1963 1085 pag.
1994 1034 2043 1071 50
2074 1034 2133 1072 ed.
2158 1034 2423 1073 Tribbechov.

1375 1092 1482 1130 Adde
1501 1093 1650 1130 Mahnii
1674 1092 1788 1130 diatr.
1812 1092 1860 1130 de
1889 1092 2123 1131 Aristoxeno
2143 1106 2231 1144 pag.
2260 1098 2306 1141 47
2338 1106 2435 1145 seq.-

1373 1152 1430 1190 ed.
1457 1151 1575 1203 Lips.)

1427 1209 1467 1249 ε’.
1498 1209 1669 1263 Ἀρχύτας
1689 1212 1705 1248 ὁ
1725 1211 1961 1262 Ταραντῖνος,
1983 1211 2158 1255 πολιτικός
2183 1226 2219 1248 τε
2240 1210 2298 1249 καὶ
2322 1211 2421 1264 φιλό·

1374 1284 1476 1321 σοφος
1509 1269 1596 1322 ἀνὴρ
1630 1269 1829 1319 γενόμενος,
1862 1269 2009 1313 πολλοὺς
2045 1269 2136 1323 ἔχων
2172 1270 2329 1319 οἰκέτας,
2351 1275 2423 1314 τοῖς

1373 1329 1484 1365 αὐτῶν
1504 1328 1653 1372 παιδίοις
1671 1328 1762 1367 πάνυ
1782 1329 1913 1383 σφόδρα
1943 1329 2128 1381 ἐτέρπετο,
2151 1329 2241 1380 μετὰ
2270 1332 2336 1367 τῶν
2370 1331 2420 1368 οῗ-

1372 1384 1543 1438 κοτρίὸων
1563 1387 1710 1433 παίζων·
1731 1388 1888 1439 μάλιστα
1906 1387 1940 1426 δὲ
1962 1388 2071 1442 ἐφίλει
2093 1388 2279 1442 τέρπεσθαι
2306 1389 2423 1432 αὐτοῖς

1373 1447 1406 1483 ἐν
1427 1447 1496 1489 τοῖς
1521 1446 1741 1496 συμποσίοις.
2167 1451 2170 1454 ’

1428 1506 1614 1555 (AElianus
1629 1506 1718 1544 Var.
1746 1506 1842 1545 Hist.
1860 1506 1932 1546 lib.
1954 1506 2047 1554 XII,
2075 1507 2154 1559 15.)

1423 1558 1469 1603 ς’.
1503 1558 1669 1612 Ἀρχύτας
1697 1558 1742 1611 τά
1767 1575 1803 1598 τε
1826 1558 1916 1597 ἄλλα
1935 1554 1977 1607 ἧν
2001 1559 2163 1613 σώφρων,
2183 1559 2244 1599 καὶ
2275 1554 2332 1598 οὖν
2361 1560 2422 1598 καὶ

1370 1617 1414 1657 τὰ
1433 1618 1572 1667 ἄκοσμα
1591 1617 1803 1671 ἐφυλάττετο
1819 1621 1887 1657 τῶν
1908 1620 2102 1668 ὀνομάτων.
2162 1619 2263 1660 Ἐπεὶ
2285 1620 2322 1658 δέ
2336 1636 2419 1658 ποτε

1371 1677 1528 1724 ἐὸιάζετό
1550 1694 1583 1717 τι
1604 1680 1712 1717 εἰπεῖν
1733 1682 1801 1717 τῶν
1822 1681 2008 1731 ἀπρεπῶν,
2030 1682 2092 1718 οὐκ
2122 1680 2298 1728 ἐξενικήθη
2313 1710 2322 1728 ,
2340 1681 2421 1718 ἀλλ’

1371 1736 1545 1785 ἐσιώπησε
1577 1736 1639 1788 μὲν
1668 1738 1770 1786 αὐτό,
1792 1739 1967 1791 ἐπέγραψε
1996 1738 2031 1777 δὲ
2063 1739 2154 1778 κατὰ
2183 1744 2243 1778 τοῦ
2276 1740 2420 1791 τοίχου,

1372 1795 1483 1840 δείξας
1503 1796 1583 1847 μέν,
1605 1795 1623 1835 ὃ
1642 1798 1751 1835 εἰπεῖν
1774 1796 1948 1845 ε’ὅιάζετο,
1970 1799 2007 1835 οὐ
2030 1797 2098 1849 μὴν
2129 1799 2280 1851 βιασθεὶς
2305 1793 2418 1838 εἶπεν,

1426 1855 1615 1909 (AElianus
1635 1856 1722 1895 Var.
1743 1857 1840 1896 Hist.
1860 1857 1929 1895 lib.
1946 1856 2045 1905 XIV,
2070 1859 2142 1909 19.)

2257 1989 2417 2001 9——

1412 2078 1442 2106 5.
1466 2073 1624 2115 Archytas
1646 2074 1855 2114 Tarentinus,
1880 2073 1930 2106 vir
1953 2073 2135 2114 reipublicae
2154 2074 2250 2106 simul
2270 2075 2302 2106 et
2318 2074 2417 2115 philo-

1367 2132 1489 2173 sophiae
1506 2131 1637 2164 deditus
1649 2156 1658 2173 ‚
1673 2134 1773 2172 q'uum
1793 2133 1911 2164 multos
1928 2131 2059 2164 haberet
2076 2140 2204 2169 servos,
2221 2141 2332 2165 eorum
2347 2134 2422 2165 filiis

1368 2191 1460 2223 valde
1482 2190 1712 2230 delectabatur,
1733 2199 1807 2222 cum
1835 2190 1977 2224 vernulis
2005 2191 2134 2232 ludens;
2152 2192 2292 2224 maxime
2308 2197 2419 2224 autem

1367 2250 1449 2282 inter
1463 2249 1610 2282 convivia
1631 2249 1690 2282 illis
1709 2249 1858 2282 delectari
1876 2250 2008 2282 solebat.

1408 2313 1439 2341 6.
1462 2309 1618 2349 Archytas
1634 2317 1708 2341 cum
1725 2309 1794 2341 aliis
1815 2309 1848 2341 in
1869 2309 1963 2342 rebus
1978 2309 2143 2342 modestus
2161 2310 2236 2351 suit,
2254 2311 2324 2343 tum
2340 2320 2420 2343 veto

1366 2368 1461 2400 etiam
1489 2367 1660 2400 verborum
1686 2368 1929 2400 obscoenitatem
1949 2369 2082 2402 vitabat.
2129 2371 2237 2407 Quum
2258 2379 2334 2403 vero
2353 2372 2416 2404 ali—

1366 2426 1495 2467 quando
1539 2427 1706 2468 cogeretur
1736 2427 1941 2460 inhonestum
1976 2428 2095 2469 aliquid
2122 2428 2247 2469 dicere,
2274 2438 2337 2462 non
2367 2433 2418 2462 cst.

1368 2486 1489 2525 victus,
1514 2486 1570 2518 sed
1602 2487 1700 2519 tacuit
1728 2486 1761 2519 id
1792 2487 1941 2528 quidem,
1965 2488 2124 2528 inscripsit
2151 2490 2259 2521 autem
2292 2489 2324 2521 in
2356 2499 2414 2531 pa-

1366 2546 1444 2579 riete
1455 2569 1464 2585 ‚
1482 2547 1682 2587 monstrans,
1699 2546 1785 2588 quod
1801 2546 1972 2579 dicendum
1988 2549 2074 2588 erat,
2089 2556 2148 2580 nec
2162 2550 2268 2580 tamen
2282 2552 2418 2582 coactus

1365 2605 1459 2637 dixit.

1406 2667 1436 2697 7.
1461 2664 1587 2697 Nullam
1617 2664 1833 2705 capitaliorem
1856 2666 1998 2706 pestem,
2027 2674 2124 2706 quam
2149 2667 2291 2707 corporis
2319 2667 2413 2700 volu·

1365 2726 1504 2766 ptatem,
1529 2725 1713 2758 hominibus
1732 2725 1862 2758 dicebat
1879 2725 2076 2767 (Archytas)
2094 2735 2113 2758 a
2146 2729 2260 2759 natura
2282 2727 2388 2759 datam
2401 2752 2414 2768 ,

1364 2784 1455 2824 cujus
1483 2784 1656 2825 voluptatis
1690 2784 1793 2817 avidae
1825 2784 1971 2817 libidines
1996 2787 2116 2818 temere
2139 2790 2169 2818 et
2193 2786 2347 2818 effrenate
2371 2787 2414 2818 ad*

1365 2844 1555 2885 potiundum
1584 2844 1805 2877 incitarentur.
1852 2846 1932 2878 Hinc
1962 2845 2072 2887 patriae
2102 2846 2313 2887 proditiones,
2337 2847 2412 2879 hinc

1363 2912 1468 2935 rerum
1483 2903 1683 2945 publicarum
1700 2904 1899 2944 eversiones,
1923 2905 1997 2937 hinc
2015 2914 2090 2938 cum
2116 2905 2261 2937 hostibus
2280 2905 2409 2938 clande-

1362 2962 1444 2994 stina
1453 2962 1611 3004 colloquia
1620 2963 1706 2995 nasci
1717 2975 1726 3004 ;
1739 2964 1862 2996 nullum
1874 2964 2010 3006 denique
2018 2964 2131 3003 scelus,
2145 2964 2270 2996 nullum
2285 2965 2412 2996 malum

1363 3021 1487 3054 facinus
1500 3030 1590 3063 esse,
1611 3022 1649 3054 ad
1664 3022 1749 3064 quod
1767 3023 2002 3064 suscipiendum
2023 3032 2084 3055 non
2112 3023 2209 3055 libido
2233 3023 2412 3064 voluptatis

1363 3080 1556 3121 impelleret3
1574 3082 1685 3123 stupra
1701 3091 1778 3115 vero
1795 3086 1826 3115 et
1839 3083 1993 3115 adulteria
2010 3084 2041 3114 et
2054 3091 2148 3113 omne
2168 3083 2231 3114 tale
2253 3082 2410 3123 flagitium

1363 3139 1457 3172 nullis
1474 3140 1545 3172 aliis
1572 3140 1727 3174 illecebris
1745 3142 1895 3181 excitari,
1916 3141 1975 3173 nisi
2002 3141 2187 3182 voluptatis.
2232 3142 2407 3182 Quumque

1363 3198 1483 3231 homini
1499 3199 1567 3232 sive
1583 3203 1696 3232 natura
1711 3200 1778 3233 sive
1795 3201 1866 3242 quis
1887 3200 1964 3232 deus
1980 3200 2057 3232 nihil
2075 3202 2182 3232 mente
2194 3200 2411 3241 praestabilius

1362 3257 1519 3298 dedisset,
1543 3258 1616 3291 huic
1638 3259 1748 3292 divino
1770 3260 1894 3292 muneri
1916 3268 1953 3291 ac
1981 3259 2066 3292 dono
2085 3259 2162 3292 nihil
2179 3269 2248 3292 esse
2267 3261 2331 3291 tam
2349 3260 2411 3292 ini-

1362 3316 1480 3349 micum
1499 3326 1596 3358 quam
1622 3319 1831 3360 voluptatem.
1877 3320 1942 3351 Nec
1964 3319 2050 3350 enim
2073 3318 2203 3351 libidine
2221 3318 2406 3350 dominante
2451 3331 2453 3334 ·

1360 3379 1582 3419 temperantiae
1600 3379 1705 3412 locum
1719 3389 1804 3421 esse3
1820 3384 1922 3421 neque
1936 3380 2065 3412 omnino
2080 3380 2111 3412 in
2126 3380 2297 3421 voluptatis
2312 3389 2408 3421 regno

1362 3436 1513 3470 virtutem
1523 3447 1615 3479 posse
1629 3439 1808 3472 consistere.
1854 3439 1946 3477 Quod
1961 3449 2025 3481 quo
2038 3439 2272 3481 magisintelligi
2288 3441 2409 3481 posset,

2245 3498 2294 3527 56.
