2612 3814
232 226 311 261 546

236 310 324 350 ὅπου
346 324 396 353 τις
417 308 554 361 ὄψεται.
576 306 648 347 Καὶ
667 306 703 345 τὸ
727 305 791 359 μὲν
814 309 921 351 αὑτᾶς
942 307 1087 357 συνίμεν
1110 306 1207 358 ἀνδρὶ
1230 322 1295 345 κα-

234 369 298 409 λόν
312 385 320 393 ·
336 367 513 420 ἀλλοτρίῳ
534 366 570 406 δὲ
598 366 797 420 αἴσχιστον.

241 429 303 479 μὲν
320 430 434 468 ἓαυτῶ
451 426 589 478 γυναικὶ
602 426 746 476 συνίμεν
763 425 884 465 καλόν·
904 425 1071 478 ἀλλοτρίᾳ
1084 424 1119 464 δὲ
1135 425 1297 477 αἰσχρόν.

241 484 314 528 Kal
343 488 554 539 κοσμεῖσθαι
574 485 633 525 καὶ
661 486 848 539 ψιμμυθίῳ
879 484 1064 538 χρίεσθαι,
1083 483 1142 523 καὶ
1170 483 1299 536 χρυσία

238 547 520 601 περιάπτεσθαι,
542 549 592 600 τῷ
625 546 689 597 μὲν
712 546 810 599 ἀνδρὶ
833 544 1002 596 αἰσχρόν,
1030 550 1076 598 τᾷ
1098 542 1134 582 δὲ
1161 543 1301 596 γυναικὶ

238 606 363 647 καλόν.
426 605 498 646 Καὶ
514 605 582 650 τὼς
614 604 678 655 μὲν
700 604 807 658 φίλως
835 598 871 643 εἶ
891 603 988 642 ποιὲν
1008 603 1137 642 καλόν·
1165 602 1234 647 τὼς
1266 601 1302 640 δὲ

236 666 373 720 ἐχθρὼς
396 666 557 719 αἰσχρόν.
618 665 690 704 Καὶ
711 665 778 708 τὼς
801 662 863 713 μὲν
888 662 1066 713 πολεμίως
1084 662 1210 715 φεύγεν
1241 663 1302 700 αἷ-

236 726 371 781 σχρόν·
387 725 456 770 τὼς
485 726 521 764 δὲ
551 728 585 764 ἐν
607 724 739 777 σταδίῳ
760 722 1021 776 ἀνταγωνιστὰς
1046 723 1168 762 καλόν.
1231 722 1303 762 Καὶ

242 787 311 832 τὼς
327 786 390 838 μὲν
409 787 517 839 φίλως
541 785 600 824 καὶ
623 783 689 827 τὼς
708 783 855 827 πολίτας
873 782 1013 836 φονεύεν
1044 782 1206 835 αἰσχρόν·
1235 782 1304 827 τὼς

241 847 279 887 δὲ
301 847 479 898 πολεμίως
499 845 618 885 καλόν.
651 843 722 883 Καὶ
743 843 826 882 τάδε
849 843 911 895 μὲν
933 843 1014 895 περὶ
1041 843 1196 883 πάντων.
1218 837 1306 894 Εἶμι

239 911 274 948 δ’
295 910 348 964 ἐφ’
376 909 398 948 ἃ
419 907 477 947 ταὶ
508 906 626 950 πόλιές
647 921 683 944 τε
705 904 838 959 αἰσχρὰ
865 903 1018 956 ἅγηνται
1039 903 1099 941 καὶ
1123 903 1167 942 τὰ
1188 902 1302 943 ἔθνεα.

243 969 383 1008 Αὖτίκα
408 965 703 1016 Λακεδαιμονίοις
723 964 785 1010 τὰς
809 964 915 1017 κόρας
940 963 1175 1015 γυμνάζεσθαι
1206 965 1306 1016 ἀχει-

239 1028 415 1082 .ριδώτως,
446 1026 507 1065 καὶ
543 1025 720 1078 ἀχίτωνας
752 1025 954 1078 παρέρπεν,
990 1023 1121 1064 καλόν
1142 1023 1246 1063 Ἴωσι
1271 1023 1306 1064 δὲ

243 1087 401 1140 αἰσχρόν.
462 1085 531 1124 Καὶ
552 1085 620 1129 τὼς
645 1085 774 1128 παῖδας
795 1082 844 1135 μὴ
864 1083 1050 1134 μανθάνειν
1075 1084 1218 1134 μωσικὰ
1247 1084 1308 1123 καὶ

227 1147 438 1200 ,γράμματα
471 1144 600 1184 καλόν·
631 1142 733 1183 Ἴωσι
767 1144 797 1182 δ’
829 1142 976 1196 αἰσχρὸν
1010 1144 1059 1194 μὴ
1094 1143 1307 1183 ἐπίστασθαι

237 1210 356 1245 ταῦτα
375 1206 507 1244 πάντα.
570 1204 677 1256 Παρὰ
697 1207 712 1226 ¹¹
727 1204 946 1243 Θεσσαλοῖσι
967 1204 1004 1242 δὲ
1025 1203 1134 1242 καλὸν
1163 1202 1232 1248 τὼς
1248 1203 1307 1242 ἵπ-

241 1283 318 1311 π,ως
336 1267 374 1304 ἐκ
403 1271 465 1309 τᾶς
486 1264 613 1316 ἀγέλας
636 1262 784 1303 λαὸόντι
798 1293 808 1311 ,
835 1262 948 1307 αὖτὼς
969 1263 1130 1314 δαμάσαι
1156 1264 1215 1303 καὶ
1242 1263 1313 1309 τὼς·

236 1326 364 1379 ’ὀρέας·
387 1328 456 1378 βῶς
472 1341 509 1364 τε
529 1324 676 1363 λαὸόντι
690 1355 700 1372 .,
722 1321 835 1367 αὗτὼς
852 1321 981 1378 σφάξαι
998 1323 1057 1362 καὶ
1077 1325 1231 1376 ἐκδεῖραι
1248 1324 1308 1362 καὶ

235 1383 467 1437 κατακόψαι·
490 1385 524 1422 ἐν
547 1381 696 1435 Σικελίᾳ
718 1382 753 1421 δὲ
781 1382 951 1436 αἰσχρόν,
973 1383 1034 1422 καὶ
1054 1383 1177 1422 δώλων
1204 1381 1306 1436 ἔργα.

245 1443 430 1483 Μακεδόσι
462 1442 570 1481 καλὸν
616 1443 709 1481 δοκεῖ
736 1436 825 1493 ἦμεν
856 1441 918 1486 τὰς
946 1441 1074 1494 κόρας,
1097 1441 1180 1495 πρὶν
1210 1442 1309 1495 ἀνδρὶ

239 1504 427 1557 γάμασθαι
440 1534 450 1554 ,
471 1504 617 1555 ἐρᾶσθαι
637 1502 698 1541 καὶ
721 1501 821 1554 ἀνδρὶ
835 1502 1081 1554 συγγίνεσθαι·
1099 1501 1175 1541 ἐπεὶ
1195 1501 1231 1541 δὲ
1250 1502 1310 1541 καὶ

238 1564 435 1614 γαμεῖται,
457 1561 624 1615 αἰσχρόν·
643 1561 804 1601 Ἕλλασι
822 1562 851 1600 δ’
874 1561 982 1614 ἄμφω
1005 1563 1166 1614 αἰσχρόν.
1226 1564 1310 1607 Τοῖς

241 1622 282 1662 ’δὲ
297 1622 412 1676 Θρᾳξὶ
433 1621 564 1672 κόσμος
584 1620 646 1666 τὰς
663 1620 772 1674 κόρας
792 1622 984 1666 στίζεσθαι.
1043 1622 1109 1661 Tol
1125 1621 1159 1660 δὲ
1175 1622 1310 1662 Σκύθαι

237 1681 352 1720 ,καλὸν
369 1681 568 1731 νομίζοντι,
586 1678 622 1725 ὃς
642 1680 753 1735 ἄνδρα
776 1679 913 1728 κανών,
934 1680 1091 1733 ἐκδείρας
1114 1682 1179 1721 τὰν
1199 1699 1308 1735 κεφα-

241 1741 333 1792 λάν,
355 1741 394 1780 τὸ
416 1740 479 1793 μὲν
500 1740 624 1792 κόμιον
647 1739 716 1793 πρὸ
737 1743 800 1778 τοῦ
817 1738 928 1779 ἵππου
948 1742 1064 1793 φορεῖ,
1083 1740 1122 1780 τὸ
1144 1743 1173 1780 δ’
1189 1742 1308 1782 ὀστέον

244 1801 434 1855 χρυσώσας
453 1800 514 1840 καὶ
534 1799 742 1853 ἀργυρώσας
762 1798 855 1839 πίνει
875 1799 909 1845 ἐξ
934 1802 1039 1839 αὐτοῦ
1054 1832 1064 1850 ,
1093 1801 1153 1840 καὶ
1170 1803 1311 1842 σπένδει

238 1867 317 1906 τοῖς
336 1864 444 1905 θεοῖς·
467 1864 500 1900 ἐν
531 1860 567 1898 δὲ
594 1862 665 1904 τοῖς
689 1857 868 1900 Ἵῖλλασιν
901 1860 982 1899 οὐδέ
1002 1862 1034 1898 κ’
1055 1862 1089 1905 ἐς
1116 1861 1179 1901 τὰν
1202 1861 1311 1901 αὐτὰν

240 1975 424 2016 conspectu
446 1973 672 2006 'indecorum
719 1974 856 2014 Insuper
883 1983 955 2007 eum
989 1983 1064 2006 cum
1104 1984 1164 2007 suo
1197 1977 1313 2009 marito

241 2035 350 2075 ¹coire,
371 2033 524 2066 decorum
544 2035 618 2065 est:
641 2041 717 2065 cum
735 2033 843 2066 alieno
869 2033 1108 2075 turpissimum.
1156 2037 1314 2069 Praeterea

243 2090 355 2122 =virum
372 2099 447 2122 cum
470 2098 531 2122 sua
559 2098 664 2123 uxore
683 2090 867 2123 concubare
885 2090 980 2124 decet
1004 2100 1013 2123 ε
1035 2099 1111 2124 cum
1140 2093 1244 2125 aliena
1263 2093 1315 2126 ‹lc-

241 2149 352 2182 decet.
397 2150 511 2181 Virum
541 2149 638 2182 etiam
660 2149 797 2192 dedecet
819 2151 968 2182 comtum
994 2153 1026 2183 et
1050 2153 1256 2184 cerussatam
1283 2156 1316 2185 et

242 2218 330 2242 auro
354 2211 505 2241 ornatum
522 2208 670 2242 incedere
683 2233 693 2249 ‚
709 2208 766 2242 sed
791 2209 962 2242 mulierem
983 2210 1089 2244 decet.
1135 2211 1189 2244 Sic
1203 2212 1316 2245 amicis

255 2269 339 2302 bene
363 2268 468 2301 facere
484 2268 658 2301 honestum
676 2269 747 2309 est,
768 2269 908 2302 inimicis
923 2270 1032 2312 turpe.
1078 2271 1234 2305 Similiter
1261 2271 1318 2304 lio-

243 2329 315 2361 stes
329 2328 439 2369 sugere
459 2330 553 2369 turpe
573 2341 581 2361 ε
602 2328 805 2362 adversarios
822 2330 932 2362 autem
956 2329 988 2362 in
1009 2330 1115 2363 stadio
1143 2331 1316 2365 honestum

247 2389 398 2429 putatur.
444 2387 576 2420 Amicos
595 2387 736 2430 denique
761 2389 794 2421 et
814 2389 903 2422 cives
930 2398 1047 2423 necare
1067 2391 1181 2432 turpe,
1199 2393 1233 2424 at
1260 2391 1317 2423 lio-

251 2450 317 2479 stes
331 2447 517 2479 honestum.
563 2447 669 2488 Atque
684 2447 755 2480 llaec
768 2447 900 2489 quidem
917 2448 958 2481 de
972 2449 1125 2482 omnibus
1142 2450 1174 2482 in
1189 2450 1319 2482 univer-

247 2515 327 2538 -sum
363 2515 382 2539 a
426 2515 479 2539 me
509 2505 572 2539 dici
602 2506 716 2548 liquet.
762 2507 921 2540 Transibo
959 2508 1070 2540 autem
1101 2508 1142 2540 ad
1170 2517 1208 2540 ea
1245 2517 1319 2549 quae

249 2566 400 2599 civitates
418 2571 450 2599 et
468 2568 579 2608 gentes
605 2567 713 2608 turpia
741 2567 877 2601 duxere.
923 2568 1074 2610 Exempli
1095 2578 1195 2602 causa
1218 2571 1317 2603 Laoc-

249 2625 424 2658 doemoniis
469 2627 592 2668 puellas
626 2626 722 2660 nudis
764 2626 906 2661 brachiis
937 2629 1080 2662 exerceri
1111 2629 1320 2670 depositaque

250 2685 364 2718 'tunica
380 2694 528 2727 arrepere
545 2686 700 2719 decorum
726 2686 855 2720 videtur
872 2697 880 2720 :
897 2689 930 2720 at
956 2689 1092 2721 Ionibus
1118 2689 1319 2722 indecorum.

257 2746 379 2778 lisdem
404 2756 521 2788 pueros
541 2757 635 2789 aeque
661 2748 820 2782 musicam
847 2750 998 2790 ignorare
1023 2760 1061 2783 ac
1083 2751 1206 2784 litteras
1223 2753 1319 2784 deco-

253 2813 331 2837 rum
354 2806 404 2837 est
423 2817 430 2837 :
451 2806 584 2838 Ionibus
602 2815 679 2838 vero
702 2809 797 2849 turpe
815 2807 887 2841 hacc
906 2810 1017 2842 omnia
1041 2810 1175 2842 nescire.
1220 2811 1321 2843 Thes-

253 2864 316 2897 sali
333 2865 508 2910 honestum
530 2867 646 2906 putant
668 2875 772 2907 equos
791 2869 824 2900 et
842 2869 949 2901 mulos
963 2878 1004 2902 ex
1018 2873 1166 2902 armento
1189 2870 1320 2903 abactos

253 2922 394 2955 domare
405 2948 414 2963 ,
430 2923 594 2964 bovesque
614 2925 726 2966 raptos
743 2927 886 2959 mactare
899 2929 931 2959 et
948 2927 1030 2968 pelle
1045 2928 1190 2961 detracta
1204 2927 1322 2961 discin-

254 2982 337 3015 dere
359 2992 367 3014 ε
393 2982 464 3015 liaec
490 2984 600 3016 autem
627 2983 727 3016 Siculi
746 2985 853 3026 turpia
879 2987 912 3018 et
939 2995 1107 3020 servorum
1129 2997 1227 3029 opera
1251 2997 1321 3021 esse

257 3042 470 3076 arbitrantur.
516 3042 712 3076 Macedones
725 3043 880 3077 decorum
897 3047 1088 3080 existimant
1101 3048 1224 3089 puellas
1238 3057 1320 3080 non-

255 3101 340 3134 dum
362 3102 533 3139 collocatas
557 3103 658 3135 amari
683 3103 781 3144 atque
795 3112 814 3135 a
836 3103 915 3136 viris
938 3106 1108 3147 comprimi
1128 3116 1136 3138 :
1167 3109 1240 3149 post
1258 3117 1320 3140 nu-

258 3162 342 3203 ptias
360 3171 437 3194 vero
457 3171 510 3195 eas
531 3171 606 3195 cum
636 3162 708 3195 aliis
724 3171 933 3196 consuescere
961 3164 1151 3199 indecorum
1170 3167 1290 3199 liabent
1311 3179 1319 3200 ι

257 3221 384 3254 Graecis
400 3222 577 3263 utrumque
590 3222 685 3264 turpe
702 3225 764 3255 est,
809 3222 950 3256 Thraces
964 3224 1078 3266 puellis
1092 3227 1184 3258 notas
1198 3226 1322 3260 inustas

260 3283 453 3312 ornamento
469 3288 540 3312 esse
560 3280 709 3314 credunt.
754 3280 803 3314 Ad
820 3281 882 3314 hoc
896 3282 1028 3324 Scythae
1052 3283 1223 3317 honestum
1239 3285 1320 3325 judi-

262 3341 359 3380 cant,
393 3339 419 3371 si
447 3340 520 3381 quis
544 3339 708 3373 bominem
742 3340 915 3382 occiderit,
947 3342 1109 3384 capitique
1137 3345 1245 3377 cutem
1269 3345 1323 3378 de-

266 3399 420 3440 traxerit,
441 3399 511 3440 ejus
539 3401 664 3441 partem
686 3400 835 3433 crinitam
860 3401 936 3434 ante
961 3410 1082 3443 equum
1111 3405 1254 3445 gestare,
1280 3414 1320 3437 ex

262 3467 354 3490 ossea
370 3459 477 3491 autem
493 3461 584 3500 parte
603 3467 684 3492 auro
701 3460 733 3492 et
759 3460 893 3502 argento
912 3459 1055 3494 obducta
1081 3461 1192 3495 bibere
1208 3471 1246 3495 ac
1263 3456 1326 3496 diis·

265 3517 439 3550 libamenta
454 3517 531 3551 dare
554 3527 562 3547 ε
584 3518 670 3560 apud
689 3521 821 3553 Graecos
838 3521 946 3570 aute-m
973 3529 1068 3554 nemo
1085 3521 1215 3554 easdem
1237 3521 1323 3555 aedes

1067 217 1284 257 INCERTI
1316 215 1599 257 CUJUSDAM

1358 304 1472 344 οἰκίαν
1502 304 1735 344 συνεισελθεῖν
1759 303 1910 357 βούλοιτ’
1928 303 1969 343 ἄν
1982 320 2032 348 τις
2051 307 2198 343 τοιαῦτα
2218 304 2421 352 ποιήσαντι.

858 366 930 406 Καὶ
959 368 1009 420 τῷ
1036 382 1076 418 γε
1112 364 1232 417 ἀνδρί,
1254 371 1298 419 τᾷ
1359 363 1600 416 Μασσαγέται
1617 363 1654 402 δὲ
1674 363 1742 408 τὼς
1758 365 1881 416 γονέας
1899 363 2167 418 κατακόψαντες
2180 365 2423 417 κατεσθίοντι,

1361 423 1422 462 καὶ
1443 424 1551 477 τάφος
1573 423 1760 467 κάλλιστος
1780 424 1874 463 δοκεῖ
1888 417 1977 473 ἧμιν
1990 453 2000 471 ,
2027 426 2062 463 ἐν
2077 429 2149 467 τοῖς
2162 423 2302 470 ’τέκνοις
2320 426 2426 466 τεθά-

1361 486 1462 536 φθαι·
1482 485 1517 521 ἐν
1537 483 1572 522 δὲ
1591 489 1636 536 τᾷ
1654 482 1805 523 Ἑλλάδι
1829 482 1871 521 ἄν
1886 499 1939 526 τις
1955 486 2067 522 ταῦτα
2088 482 2242 535 ποιήσῃ,
2258 483 2430 531 ἐξελαθεὶς

1363 544 1401 581 ἐκ
1427 546 1490 590 τῆς
1510 542 1685 586 Ἑλλάδος
1715 542 1809 581 κακὰ
1834 542 1995 596 ἀποθάνῃ
2015 545 2062 587 ὡς
2088 543 2223 596 αἰσχρὰ
2248 543 2309 583 καῖ
2333 544 2429 585 δεινὰ

1363 604 1507 643 ποιέων.
1565 602 1632 643 Tol
1668 602 1704 641 δὲ
1740 601 1878 654 Πέρσαι
1907 602 2118 653 κοσμεῖσθαί
2137 619 2198 653 τε,
2224 602 2346 658 ὥσπερ
2366 604 2431 651 τὰς

1364 663 1552 713 γυναῖκας,
1578 662 1638 701 καὶ
1666 660 1734 706 τὼς
1768 660 1897 714 ἄνδρας
1929 662 2037 701 καλὸν
2064 661 2267 716 νομίζοντι,
2289 664 2351 703 καὶ
2385 670 2432 719 τᾷ

1368 722 1514 776 θυγατρὶ
1547 722 1608 762 καὶ
1632 728 1677 775 τᾷ
1701 721 1811 774 ματρὶ
1830 721 1891 761 καὶ
1916 727 1962 776 τᾷ
1982 723 2119 778 ἀδελφᾷ
2139 724 2281 775 συνίμεν
2294 739 2303 750 ·
2321 725 2376 765 τοὶ
2394 725 2431 765 δὲ

1365 781 1543 826 Ἵζλλανες
1567 781 1628 821 καὶ
1651 780 1784 834 αἰσχρὰ
1805 781 1866 820 καὶ
1898 781 2104 834 παράνομα.
2166 785 2294 829 Λυδοῖς
2316 785 2431 825 τοίνυν

1366 842 1428 885 τὰς
1448 841 1555 894 κόρας
1583 840 1832 895 πορνευθείσας
1862 841 1923 880 καὶ
1952 841 2118 894 ἀργύριον
2148 843 2366 895 ἐργάσασθαι
2389 843 2432 894 b,

1367 900 1426 939 καὶ
1443 900 1534 940 οὕτω
1553 901 1738 952 γάμασθαι
1755 901 1862 940 καλὸν
1883 900 1980 939 δοκεῖ
1998 895 2106 950 ἦμεν·
2129 903 2164 941 ἐν
2188 900 2224 940 δὲ
2244 902 2316 947 τοῖς
2333 900 2434 943 Ἕλ-

1367 962 1470 1000 λασιν
1487 961 1599 1004 οὐδείς
1615 975 1662 999 κα
1682 959 1774 998 θέλοι
1789 963 1804 982 ⁰
1824 959 1966 1011 γαμεῖν.
2000 958 2193 1012 Αἰγύπτιοί
2209 975 2246 999 τε
2263 961 2302 1000 οὗ
2319 961 2434 1001 ταυτὰ

1367 1019 1545 1071 νομίζοντι
1567 1019 1662 1058 καλὰ
1688 1023 1759 1063 τοῖς
1780 1017 1915 1062 ἄλλοις.
1974 1019 2074 1071 Τῇδε
2092 1018 2156 1070 μὲν
2175 1018 2244 1071 γὰρ
2265 1025 2436 1072 γυναῖκας

1369 1079 1511 1133 ὑφαίνεν
1528 1079 1588 1118 καὶ
1603 1078 1677 1132 ἔρια
1698 1078 1908 1133 ἐργάζεσθαι
1929 1076 1945 1101 ‘¹
1961 1108 1972 1128 ,
1993 1078 2085 1117 ἀλλὰ
2099 1078 2197 1128 τηνεὶ
2211 1078 2279 1125 τὼς
2294 1079 2436 1133 ἄνδρας,

1369 1140 1430 1185 τὰς
1452 1139 1487 1179 δὲ
1509 1145 1676 1193 γυναῖκας
1694 1138 1865 1193 πράσσειν
1880 1168 1891 1187 ,
1913 1136 2003 1192 ἅπερ
2021 1140 2104 1192 τῇδε
2119 1138 2172 1178 τοὶ
2192 1139 2331 1193 ἄνδρες.
2362 1140 2436 1180 Τὸν

1370 1201 1484 1240 παλὸν
1515 1200 1625 1239 δεύειν
1646 1205 1724 1244 ταῖς
1748 1197 1873 1252 χερσί,
1896 1197 1954 1237 τὸν
1990 1198 2084 1237 σῖτον
2105 1204 2176 1244 τοῖς
2197 1200 2300 1250 ποσί,
2321 1199 2438 1248 τήνοις

1370 1262 1500 1302 καλόν·
1530 1263 1609 1300 ἀλλ’
1635 1260 1721 1311 ἁμῖν
1742 1259 1782 1299 τὸ
1811 1257 1984 1297 ἐναντίον.
2046 1251 2162 1308 Οἶμαι
2196 1260 2226 1298 δ’
2249 1259 2290 1298 ἄν
2311 1275 2363 1305 τις
2391 1260 2438 1300 τὰ

1371 1321 1464 1361 καλὰ
1487 1323 1537 1365 εἷς
1565 1320 1600 1360 ἓν
1630 1319 1758 1373 κελεύῃ
1782 1323 1980 1357 συνενεῖκαι
1999 1317 2138 1363 πάντας
2169 1318 2383 1371 ἀνθρῴπως,
2415 1318 2439 1359 ἃ

1372 1382 1515 1421 ἕκαστοι
1535 1380 1735 1430 νομίζοντι,
1758 1379 1819 1418 καὶ
1837 1378 1945 1417 πάλιν
1960 1378 1995 1424 ἐξ
2011 1379 2145 1431 ἀθρόων
2166 1396 2219 1419 τοι
2238 1379 2283 1420 τὰ
2302 1380 2438 1434 αἰσχρὰ

1370 1439 1493 1488 λαὸέν,
1514 1439 1536 1478 ἃ
1553 1438 1694 1478 ἕκαστοι
1716 1437 1887 1490 ἅγηνται,
1905 1437 2003 1477 οὐδέν
2021 1453 2067 1476 κα
2081 1439 2274 1490 λειφθῆμεν
2292 1443 2326 1487 ⁹,
2342 1437 2436 1478 ἀλλὰ

1372 1500 1507 1544 πάντας
1535 1499 1653 1538 πάντα
1675 1497 1862 1538 διαλαὸέν.
1922 1498 1977 1537 Οὔ
2008 1497 2075 1550 γὰρ
2097 1497 2223 1543 πάντες
2252 1498 2366 1540 ταυτὰ
2386 1514 2439 1538 νο·

1373 1559 1523 1611 μίζοντι.
1556 1601 1561 1605 ,
1586 1556 1815 1610 Παρεξοῧμαι
1833 1556 1868 1595 δὲ
1888 1556 1950 1595 καὶ
1968 1555 2108 1608 ποίημά
2128 1572 2182 1595 τι·

1461 1645 1521 1677 Καὶ
1546 1643 1606 1684 γὰρ
1627 1643 1679 1675 τὸν
1700 1641 1793 1673 ἄλὶον
1809 1641 1871 1672 ὧίε
1888 1641 2045 1679 θνητοῖσιν
2062 1640 2159 1681 νόμον

1457 1692 1548 1732 ὄψει,
1566 1691 1700 1731 διαθρῶν
1717 1688 1727 1713 f
1743 1689 1831 1721 οὐδὲν
1854 1689 1891 1721 ἂν
1907 1689 2009 1730 πάντῃ
2034 1688 2131 1721 καλόν
2145 1712 2155 1729 ,

1457 1740 1523 1772 οὐδ’
1541 1737 1674 1780 αἰσχρόν
1691 1748 1698 1755 ·
1714 1737 1794 1769 ἀλλὰ
1814 1737 1902 1769 ταῦτ’
1916 1737 2064 1774 ἐποίησεν
2080 1736 2185 1769 λαὸὼν

1457 1788 1475 1820 ὁ
1491 1786 1597 1828 καιρὸς
1615 1783 1733 1827 αἰσχρά
1745 1808 1753 1823 ,
1767 1784 1820 1817 καὶ
1839 1783 2003 1821 διαλλάξας
2020 1783 2114 1815 καλά.

1376 1863 1386 1877 C
1486 1862 1494 1878 Χ
1536 1862 1545 1876 Χ
1605 1862 1614 1876 Ι
1759 1864 1769 1877 5
1810 1860 1819 1875 Ι
1923 1861 1932 1875 Ι
2109 1862 2131 1871 ¹⁹
2183 1859 2191 1875 ἲ
2282 1861 2294 1872 ἱ
2318 1859 2328 1874 Ι

1387 1865 1439 1907 Ως
1462 1864 1497 1902 δε
1513 1879 1553 1902 το
1573 1864 1717 1901 συνολον
1739 1877 1837 1901 ειπεν
1852 1892 1861 1908 ,
1883 1876 2002 1899 παντα
2022 1876 2134 1914 καιρῳ
2152 1876 2215 1911 μεν
2234 1873 2329 1899 καΛα
2347 1860 2440 1908 ἐντι,

1376 1977 1501 2018 ingredi
1527 1976 1669 2009 voluerit
1686 1985 1761 2008 cum
1786 1975 1855 2007 viro
1871 1975 1928 2016 qui
1945 1975 2023 2007 talia
2043 1974 2165 2007 lecerit.
2211 1975 2336 2007 Rursus
2354 1974 2442 2007 Mas·

1377 2040 1497 2079 sagetae
1520 2039 1671 2078 parentes
1697 2044 1774 2068 suos
1792 2035 2007 2068 obtruncatos
2033 2034 2232 2075 comedunt,
2261 2036 2295 2067 et
2318 2034 2444 2076 optima

1377 2097 1507 2130 videtur
1527 2096 1696 2138 sepultura
1724 2095 1758 2128 in
1786 2095 1964 2129 liberorum
1987 2094 2164 2127 visceribus
2184 2093 2282 2127 condi
2313 2106 2322 2127 =
2353 2095 2389 2127 at
2408 2094 2442 2127 in

1379 2156 1506 2189 Graecia
1520 2156 1546 2188 si
1565 2155 1639 2197 quis
1657 2154 1721 2187 tale
1741 2154 1910 2196 quippiam
1928 2154 2060 2194 fecerit,
2078 2152 2111 2185 in
2127 2152 2280 2186 exsilium
2297 2152 2442 2194 ejectae,

1379 2218 1414 2249 nt
1432 2216 1534 2257 turpis
1551 2217 1584 2248 et
1600 2213 1753 2248 horrendi
1770 2213 1921 2247 facinoris
1934 2214 2061 2253 auctor,
2077 2213 2162 2246 male
2185 2212 2314 2254 peribit.
2334 2215 2445 2247 Persae

1379 2276 1464 2307 viros
1476 2275 1576 2308 etiam
1593 2274 1770 2322 mulierum
1790 2273 1823 2306 in
1841 2282 1966 2306 morem
1984 2272 2093 2305 ornari
2109 2272 2263 2305 decorum
2281 2273 2397 2314 putant
2412 2274 2446 2305 et

1378 2345 1454 2368 cum
1476 2334 1559 2375 lilia,
1579 2335 1684 2367 matre
1708 2342 1746 2366 ac
1758 2342 1868 2366 sorore
1889 2333 1977 2366 coire
1995 2341 2003 2362 ε
2022 2333 2057 2365 at
2076 2332 2182 2366 Gracci
2200 2332 2308 2375 turpia
2327 2332 2398 2366 baec
2413 2335 2447 2366 et

1380 2395 1492 2428 illicita
1509 2403 1581 2427 esse
1599 2394 1744 2427 censent.
1789 2392 1888 2435 Lydis
1917 2392 2060 2434 puellas,
2086 2401 2189 2434 quum
2218 2392 2350 2434 vulgato
2373 2401 2445 2426 cor·
2480 2427 2484 2432 ,

1380 2464 1456 2497 pore
1480 2454 1650 2497 pecuniam
1673 2453 1827 2494 fecerint,
1843 2453 1888 2486 ita
1905 2452 2037 2485 tandem
2051 2451 2174 2486 nubere
2187 2451 2343 2485 decorum
2359 2452 2447 2485 vidc-

1379 2517 1433 2547 tur
1459 2526 1468 2547 ι
1492 2513 1578 2557 apud
1609 2516 1742 2548 Graecos
1767 2514 1878 2546 autem
1906 2521 2004 2546 nemo
2032 2512 2131 2546 talem
2156 2520 2295 2546 uxorem
2328 2511 2448 2546 ducere

1381 2574 1469 2607 velit.
1514 2573 1655 2615 AEgyptii
1672 2582 1737 2605 non
1763 2571 1877 2605 eadem
1895 2572 2043 2604 statuunt
2062 2572 2199 2604 bone-sta
2220 2579 2295 2613 quae
2319 2573 2447 2604 caeterae

1380 2636 1501 2676 gentes.
1548 2635 1642 2676 Apud
1663 2642 1724 2666 nos
1749 2633 1836 2666 enim
1862 2633 2014 2665 mulieres
2032 2633 2142 2666 texere
2162 2633 2194 2665 et
2215 2631 2356 2665 lanilicio
2371 2640 2448 2673 ope·

1382 2704 1451 2726 ram
1473 2694 1552 2727 dare
1570 2693 1745 2734 decorum,
1766 2693 1810 2725 ibi
1832 2694 1943 2725 autem
1963 2692 2067 2733 viros;
2084 2692 2168 2725 adde
2190 2691 2277 2734 quod
2298 2691 2449 2724 mulieres

1382 2753 1703 2795 Mficfisssunguntm
1726 2761 1800 2794 quae
1817 2752 1849 2785 in
1876 2752 1996 2785 nostris
2021 2751 2206 2793 regionibus
2228 2751 2290 2784 viri
2313 2751 2446 2784 faciunt.

1384 2815 1505 2846 Lutum
1531 2813 1703 2853 manibus,
1722 2820 1836 2854 panem
1855 2820 1932 2844 vero
1952 2811 2090 2854 pedibus
2118 2811 2286 2852 subigere,
2313 2810 2376 2844 illis
2393 2809 2450 2843 ho·

1382 2876 1512 2905 nestum
1544 2872 1700 2914 videtur3
1725 2880 1786 2904 nos
1814 2871 2014 2904 contrariam
2040 2871 2239 2903 sententiam
2268 2869 2446 2911 sequimur.

1386 2932 1542 2965 Existimo
1565 2933 1674 2965 autem
1702 2931 1729 2964 si
1758 2931 1831 2973 quis
1850 2940 1963 2964 omnes
1980 2931 2129 2963 homines
2147 2939 2249 2962 unum
2272 2930 2305 2962 in
2338 2928 2447 2962 locum

1383 3001 1554 3033 rorigerere
1567 2991 1698 3033 jubeat,
1717 2999 1791 3033 quae
1817 2990 1933 3031 singuli
1959 2991 2093 3023 honesta
2111 2993 2245 3031 putant,
2265 2989 2298 3022 et
2319 2997 2435 3020 rursus

1384 3061 1425 3084 ex
1450 3052 1505 3084 illa
1525 3051 1673 3093 congerie
1704 3052 1834 3084 demere
1850 3059 1925 3092 qnae
1952 3050 2127 3091 unicuique
2153 3049 2259 3090 turpia
2275 3048 2444 3098 ⁴videntur,

1383 3111 1462 3144 nibil
1482 3111 1630 3144 relictum
1652 3110 1690 3143 iri
1703 3135 1714 3152 ‚
1741 3110 1796 3144 sed
1817 3119 1932 3143 omnes
1951 3110 2061 3143 omnia
2087 3109 2252 3150 sigillatim
2285 3109 2440 3149 acceptu·

1387 3180 1451 3203 ros.
1477 3173 1546 3204 Non
1568 3170 1655 3204 enim
1676 3169 1790 3204 eadem
1823 3170 1971 3202 omnium
2003 3169 2151 3202 instituta
2174 3172 2261 3208 sunt.
2307 3168 2448 3201 Alteram

1385 3230 1417 3263 in
1438 3231 1523 3263 lianc
1536 3239 1604 3264 rem
1625 3231 1657 3264 ct
1678 3231 1782 3272 poetae
1802 3229 1900 3263 verba
1922 3242 1930 3262 ι

1458 3314 1597 3351 Namque
1610 3313 1685 3343 alias
1699 3312 1759 3343 boc
1778 3312 1848 3343 loco
1867 3311 1949 3348 leges
1966 3311 2144 3341 hominihus
2162 3310 2249 3340 datas

1456 3361 1592 3396 videbls;
1607 3361 1682 3391 hinc
1695 3361 1791 3390 disces
1803 3359 1880 3390 nihil
1900 3359 2029 3389 omnino
2048 3366 2148 3396 neque
2162 3358 2338 3393 honestum,

1458 3416 1556 3445 neque
1571 3410 1661 3444 turpe
1676 3415 1739 3437 esse
1749 3429 1757 3441 ‚
1775 3405 1827 3436 sed
1840 3405 1907 3435 haec
1920 3404 2044 3434 etlicere
2059 3405 2236 3435 venientem

1456 3454 1647 3484 occasionem
1662 3453 1762 3491 turpia
1776 3454 1806 3482 et
1821 3451 1949 3481 vicissim
1964 3451 2100 3481 honesta.

1390 3523 1432 3556 Ut
1449 3523 1484 3555 in
1506 3523 1691 3556 universum
1720 3525 1828 3554 autem
1850 3519 1978 3559 dicam,
2003 3521 2119 3551 cuncta
2147 3527 2207 3550 suo
2225 3520 2369 3558 ternpore
2386 3515 2448 3548 no-
