2612 3814
362 234 436 266 302

358 318 488 371 λέγων·
524 317 714 369 ἀσώματος
734 315 803 371 γὰρ
830 315 892 364 ὤν,
921 317 995 359 πῶς
1016 315 1059 354 ἂν
1087 314 1309 369 σφαιροειδὴς
1339 313 1414 362 εἷη;
1444 319 1450 354 ξ

357 380 434 421 ἐπεὶ
448 379 560 432 μόνως
579 378 613 432 γ’
627 378 668 419 ἃν
690 378 798 423 οὕτως
818 377 889 418 οὔτ’
912 376 952 416 ἂν
970 378 1100 416 κινοῖτο
1114 376 1188 416 οὔτ’
1205 376 1245 416 ἂν
1274 377 1417 430 ἠρεμοῖ,

306 460 336 483 ιιι
358 441 524 494 μηδαμοῦ
536 455 575 492 γε
585 438 647 478 ὤν·
668 438 743 478 ἐπεὶ
762 437 798 477 δὲ
822 437 927 489 σῶμά
947 438 1037 489 ἐστι,
1061 437 1095 476 τί
1110 436 1150 476 ἂν
1167 435 1270 476 αὐτὸν
1287 434 1417 475 κωλύοι

356 502 538 548 κινεῖσθαι,
557 501 604 544 ὥς
624 498 770 551 ἐλέχθη

614 591 782 643 ΠΕΡΙ
828 588 1158 642 ΓΟΡΓΙΟΥ.

788 705 906 745 ΚΕΦ.
938 703 981 743 ε’.

412 802 490 842 Οὐκ
512 796 600 839 εἶναί
617 814 720 853 φησιν
738 797 855 837 οὐδέν·
878 799 907 836 εἰ
929 795 959 835 δ’
979 798 1089 844 ἔστιν,
1112 796 1290 847 ἄγνωστον
1311 789 1414 835 εἶναι·

358 861 388 900 εἶ
408 860 444 900 δὲ
464 860 524 899 καὶ
546 859 619 897 ἔστι
648 856 708 896 καὶ
734 855 903 908 γνωστόν,
935 856 1012 894 ἀλλ’
1032 856 1070 894 οὗ
1101 854 1257 903 δηλωτὸν
1278 854 1410 899 ἄλλοις,

360 919 432 959 Καὶ
453 918 505 957 ὅτι
522 917 585 968 μὲν
616 917 691 956 οὐκ
720 916 838 966 ἔστι,
859 913 992 958 συνθεὶς
1012 914 1055 952 τὰ
1076 914 1207 966 ἑτέροις
1228 913 1412 966 εἰρημένα,

307 998 337 1022 ts
358 977 431 1017 ὅσοι
448 977 534 1030 περὶ
553 980 623 1015 τῶν
645 975 753 1014 ὄντων
773 974 933 1026 λέγοντες
957 972 1126 1012 τάναντία
1141 1002 1152 1024 ,
1173 974 1220 1017 ὡς
1241 974 1415 1023 δοκοῦσιν,

357 1036 608 1091 ἀποφαίνονται
630 1037 768 1085 αὑτοῖς,
803 1035 834 1073 οἵ
856 1032 920 1086 μὲν
952 1033 1005 1072 ὅτι
1029 1032 1064 1071 ἓν
1085 1032 1145 1071 καὶ
1165 1033 1203 1071 οὖ
1224 1032 1361 1081 πολλοί,
1381 1035 1413 1072 οἱ

356 1093 391 1132 δὲ
405 1093 457 1132 ὅτι
475 1093 590 1132 πολλὰ
605 1092 665 1131 καὶ
682 1095 747 1146 οὐχ
766 1091 818 1140 ἔν,
842 1091 901 1131 καὶ
917 1094 948 1132 οἱ
975 1090 1039 1142 μὲν
1064 1090 1117 1130 ὅτι
1145 1090 1311 1144 ἀγένητα,
1331 1092 1364 1129 οἱ
1384 1092 1414 1130 δ’

354 1281 392 1314 Οὐ
405 1282 464 1324 γὰρ
479 1282 517 1321 δὴ
530 1282 566 1315 τὸ
579 1285 718 1314 τοιοῦτον
739 1282 784 1322 ἓν,
801 1283 909 1324 ὥσπερ
927 1282 944 1313 ὁ
961 1281 1080 1321 Ζήνων,
1095 1281 1140 1313 ἀλ
1151 1281 1168 1312 λ
1178 1281 1198 1312 ὰ
1213 1281 1315 1313 πολλὰ
1338 1279 1418 1313 εἷναί

354 1339 458 1371 φησιν·
477 1329 596 1366 οὗτος
619 1330 677 1371 γὰρ
695 1332 790 1369 σῶμα
813 1329 893 1368 λέγει
918 1328 996 1360 εἶναι
1021 1328 1075 1360 τὸν
1103 1327 1183 1367 θεὸν,
1202 1328 1264 1360 εἴτε
1290 1327 1362 1360 τόδε
1383 1328 1419 1359 τὸ

354 1379 429 1417 πᾶν,
445 1377 506 1409 εἶτε
521 1377 537 1410 ὅ
549 1400 557 1412 ,
570 1388 599 1409 τι
612 1377 726 1416 δήποτε
739 1376 815 1409 αὐτὸ
828 1376 939 1417 λέγων·
955 1375 1123 1417 ἀσώματος
1139 1376 1199 1417 γὰρ
1221 1375 1277 1415 ὤν,
1292 1379 1360 1412 πῶς
1382 1375 1419 1407 ἂν

354 1426 548 1467 σφαιροειδὴς
565 1425 632 1466 εἷη;
658 1425 745 1457 ἐπεὶ
775 1436 796 1467 μ
807 1424 905 1461 όνως
933 1423 962 1466 γ’
977 1425 1015 1456 ἂν
1041 1424 1139 1461 οὕτως
1158 1424 1224 1456 οὔτ’
1241 1424 1279 1456 ἂν
1300 1427 1418 1455 κινοῖτο

354 1472 419 1506 οὔτ’
437 1474 473 1505 ἂν
489 1473 617 1516 ἠρεμοῖ,
633 1473 777 1514 μηδαμοῦ
798 1483 832 1513 γε
850 1472 907 1503 ὤν·
923 1471 989 1504 ἐπεὶ
1002 1471 1036 1504 δὲ
1049 1471 1144 1512 σῶμά
1157 1472 1222 1504 ἐστι
1232 1495 1242 1513 ,
1258 1471 1287 1503 τί
1300 1471 1338 1503 ἂν
1355 1470 1418 1502 αὖ·

352 1521 417 1555 τὸν
433 1521 548 1553 κωλύοι
561 1522 734 1561 κινεῖσθαι,
749 1521 790 1557 ὡς
804 1520 912 1561 ἐλέχθη
924 1530 935 1560 ;

695 1594 834 1627 CAPUT
859 1594 1070 1632 QUINTUM.

395 1665 562 1706 Inscriptio
588 1665 684 1706 liujus
705 1665 818 1706 capitis
839 1667 993 1706 tanquam
1011 1665 1150 1707 separati
1164 1665 1236 1698 libri
1252 1665 1286 1698 in
1302 1665 1414 1698 codice

353 1707 503 1750 Lipsiensi
517 1708 566 1740 est
606 1708 832 1749 Ἀριστοτέλους
851 1708 923 1750 περὶ
942 1707 1088 1750 Γοργίου.

398 1758 447 1788 12.
472 1755 534 1787 Pro
548 1755 573 1788 ει
588 1751 614 1787 δ’
627 1755 711 1787 ἐστιν
726 1754 938 1788 casaubonus
951 1755 1061 1788 minus
1075 1755 1161 1787 recte
1175 1755 1201 1787 εἰ
1215 1753 1242 1787 δ’
1256 1754 1352 1786 ἐστὶν.

395 1807 443 1836 13.
467 1803 606 1842 δηλωτὸν
626 1802 728 1839 ἄλλοις
749 1811 766 1834 e
785 1802 941 1844 Lipsiensi
958 1802 1031 1835 cod.
1052 1801 1187 1834 ductum
1204 1804 1270 1840 est,
1285 1801 1416 1843 reliquae

352 1849 550 1883 membranae
569 1850 690 1889 ἄὶᾶως,
707 1850 792 1891 quod
807 1859 826 1882 a
842 1850 1013 1891 Sylburgio
1025 1849 1056 1882 in
1074 1850 1158 1892 ἄλλῳ
1175 1858 1370 1882 conversum
1385 1849 1417 1881 in

351 1897 595 1931 casauboniana
613 1899 646 1930 et
661 1897 730 1930 aliis
744 1897 942 1930 editionibus
958 1897 1127 1939 reperitur.

397 1948 444 1978 15.
468 1945 688 1987 ἀποφαίνονται
720 1947 826 1982 αὐτοῖς
854 1945 983 1978 videtur
1010 1945 1043 1977 in
1072 1945 1224 1977 omnihus
1252 1943 1418 1976 codicibus

353 1994 468 2032 praeter
483 1992 679 2033 Lipsiensem
696 1991 756 2032 legi
772 1990 826 2024 ubi
841 1993 890 2025 est
904 1992 1010 2029 αὐτοῖς
1020 2017 1028 2033 ,
1043 1991 1130 2033 quod
1144 1992 1170 2023 si
1188 2000 1303 2023 sanum
1320 1993 1414 2032 esset,

351 2039 392 2071 ad
411 2039 451 2072 τὰ
469 2039 542 2072 ὄντα
560 2039 719 2080 pertinere
735 2041 767 2071 in
785 2042 936 2082 promptu
957 2040 1052 2072 foret.
1075 2042 1115 2072 At
1131 2039 1327 2072 servandum
1346 2049 1416 2072 esse

349 2087 456 2124 αὑτοῖς
475 2095 526 2119 res
540 2087 608 2128 ipsa
630 2087 783 2128 loquitur.

394 2138 443 2168 16.
468 2136 497 2166 οἱ
512 2135 566 2177 μὲν
580 2135 627 2167 ὅτι
641 2135 672 2167 ἓν
685 2135 738 2167 καὶ
752 2135 788 2167 οὐ
801 2134 918 2174 πολλά,
934 2137 963 2168 οἱ
977 2135 1010 2167 δὲ
1023 2135 1070 2167 ὅτι
1088 2135 1190 2168 πολλὰ
1210 2135 1265 2166 καὶ
1287 2134 1347 2176 οὐχ
1369 2134 1412 2167 ἓν.

349 2182 493 2216 δίοιοοᾱ.
511 2184 593 2224 Lips.
609 2183 728 2215 omisso
741 2182 781 2215 αὗ
799 2183 882 2216 inter
894 2184 927 2216 δὲ
946 2187 979 2215 et
995 2183 1055 2215 ὅτι.

394 2231 518 2275 17.,καὶ
542 2231 572 2263 οι
598 2230 654 2272 μὲν
675 2231 723 2263 ὃτι
746 2230 880 2272 ἀγένητα
898 2232 983 2263 recte
1002 2230 1076 2263 cod.
1103 2230 1203 2271 Lips.;
1229 2229 1285 2262 alii
1314 2229 1411 2262 codd.

351 2278 437 2320 apud
458 2278 636 2312 Bekkerum
652 2279 689 2310 ἂν
707 2279 835 2318 γένηται
856 2279 962 2320 male3
984 2278 1082 2318 vulgo
1103 2277 1211 2310 editur
1231 2277 1340 2317 inepte
1359 2278 1412 2309 καὶ

351 2326 380 2357 οι
394 2325 449 2367 μὲν
459 2324 500 2358 ’ἂν
518 2326 663 2366 ἀγένητα.
684 2325 857 2366 Sequentia
876 2325 962 2368 apud
984 2325 1167 2359 Bekkerum
1187 2324 1219 2356 in
1240 2324 1326 2357 huuc
1342 2333 1413 2356 mo·

352 2371 429 2404 dum
446 2372 595 2405 distincta
611 2374 689 2405 sunt
706 2385 714 2406 ι
729 2374 758 2405 οἱ
774 2373 801 2405 δ’
815 2374 858 2411 ὡς
871 2372 1024 2414 γενόμενα
1046 2372 1271 2408 ἐπιδεικνύντες
1290 2374 1391 2404 ταῦτα
1402 2396 1413 2413 ,

352 2418 562 2458 συλλογίζεται
581 2418 652 2451 κατ’
669 2419 860 2462 ἀμφοτέρων.
883 2421 965 2460 Ergo
981 2419 1196 2452 distinctionis
1215 2419 1359 2460 virgula,
1377 2421 1414 2451 ut

351 2464 383 2496 in
399 2464 472 2498 cod.
488 2466 573 2507 Lips.
590 2466 645 2508 tit,
666 2469 737 2508 post
753 2470 853 2500 ταῦτα
880 2467 984 2509 posita
1010 2468 1135 2500 rettulit
1156 2469 1254 2499 ταῦτα
1283 2466 1322 2498 ad
1348 2470 1412 2498 τῶν

352 2511 450 2544 ὄντων
464 2512 549 2545 baud
570 2523 662 2547 secus
676 2517 772 2556 atque
786 2515 950 2548 Fabricius
971 2515 1012 2548 ad
1037 2517 1127 2548 Sext.
1145 2514 1268 2556 Empir.
1287 2523 1318 2555 p.
1337 2516 1411 2547 384.

352 2563 393 2592 At
407 2563 620 2602 praeterquam
634 2561 721 2604 quod
739 2572 795 2604 pro
811 2566 906 2596 ταῦτα
919 2566 996 2596 tunc
1011 2563 1132 2596 rectius
1143 2562 1304 2596 diceretur
1317 2561 1410 2602 αὐτοὶ,

353 2605 429 2638 huic
445 2607 558 2640 rationi
582 2609 650 2650 ipse
669 2611 787 2643 Sextus
803 2611 876 2644 adv.
899 2611 1001 2644 Math.
1024 2612 1084 2643 vu
1102 2610 1121 2653 §
1143 2613 1183 2643 66
1206 2608 1408 2649 adversatur,

353 2652 446 2695 cujus
462 2653 532 2687 baec
545 2657 620 2689 sunt
632 2657 731 2690 verba
748 2667 756 2690 :
775 2658 822 2690 ὅτι
837 2658 891 2699 μὲν
913 2658 967 2691 οὖν
984 2659 1072 2692 οὐδὲν
1089 2658 1186 2700 ἐστιν,
1203 2657 1410 2699 §.mmmmm

353 2713 370 2732 τ
380 2702 421 2734 ὸν
439 2713 457 2734 τ
467 2701 509 2745 ρό
519 2715 543 2736 π
553 2714 571 2736 ο
582 2715 599 2735 ν
616 2714 658 2736 το
666 2707 686 2737 e
694 2716 711 2737 τ
720 2715 738 2738 ο
748 2717 764 2736 ν
775 2730 783 2738 .
798 2706 1015 2743 Quamobrem
1029 2715 1087 2740 nos
1103 2706 1174 2748 pest
1186 2704 1412 2742 ἐπιδεικνύντες

354 2757 429 2781 cum
447 2750 555 2783 Fossio
573 2750 787 2785 distinximus.
813 2756 964 2787 Extrema
981 2754 1193 2796 συλλογίζεται
1213 2752 1284 2785 κατ’
1308 2752 1412 2794 ἀμφο-

353 2797 448 2837 τέρων
472 2797 556 2838 apud
577 2797 757 2832 Bekkerum
774 2803 806 2833 et
824 2802 968 2834 Fossium
982 2803 1163 2844 congruunt
1176 2810 1252 2834 cum
1266 2803 1412 2834 veterum

355 2844 534 2878 editionum
553 2846 585 2878 et
605 2846 744 2888 codicis,
764 2856 829 2889 quo
851 2849 1030 2882 Felicianus
1052 2858 1129 2882 usus
1153 2850 1219 2890 est,
1240 2848 1412 2889 scriptura.

355 2893 392 2924 ln
418 2892 547 2926 duobus
568 2893 734 2927 codicibus
755 2904 837 2936 quos
855 2897 996 2938 inspexit
1019 2896 1184 2931 Bekkerus
1196 2920 1207 2939 ,
1230 2896 1414 2938 pariterque

356 2940 387 2971 in
410 2940 566 2981 Lipsiensi
586 2949 643 2981 pro
656 2940 725 2974 κατ’
741 2941 920 2986 ἀμφοτέρων
934 2946 982 2977 est
996 2945 1024 2977 τ’
1036 2945 1230 2987 ἀμφοτέρων,
1241 2943 1414 2986 quodlicet

354 2985 486 3027 intelligi
505 2986 624 3028 possit,
642 2989 749 3021 tamen
770 2989 844 3022 huic
861 2991 930 3022 loco
948 2991 1055 3024 minus
1070 2993 1233 3026 convenit.

398 3034 447 3066 ts.
472 3033 593 3075 ἀνάγκη
605 3035 678 3078 γάρ,
691 3035 797 3078 φησίν,
808 3036 836 3069 et
849 3037 878 3069 τί
893 3038 971 3078 ἐστι,
985 3039 1063 3080 μήτε
1074 3039 1106 3072 ἓν
1120 3040 1197 3082 μήτε
1207 3042 1307 3074 πολλὰ
1319 3042 1412 3083 εἶναι,

359 3081 436 3121 μήτε
456 3080 608 3122 ἂγέννητα
632 3083 709 3125 μήτε
731 3084 903 3126 γενόμενα,
926 3086 1014 3120 οὐδὲν
1037 3088 1075 3119 ἂν
1100 3088 1160 3127 εἷη.
1182 3089 1234 3122 Sic
1252 3089 1414 3124 Bekkerus

356 3127 424 3159 liaec
438 3128 537 3160 verba
547 3130 828 3172 constituit‚aquo
845 3131 878 3164 in
892 3141 931 3165 eo
940 3133 1139 3174 potissimum
1155 3135 1336 3178 discrepant
1351 3139 1413 3171 Ca-

356 3175 520 3209 saubonus
531 3178 563 3210 et
576 3178 717 3220 russiae,
727 3179 813 3221 quod
823 3181 942 3213 rectius
950 3182 1083 3224 ἀγένητα
1093 3184 1247 3217 scribunt.
1258 3186 1412 3219 Atlocum

356 3223 466 3264 aperte
496 3224 646 3258 mutilum
667 3227 712 3259 ita
734 3227 972 3261 resarciendum
998 3230 1135 3263 arbitror
1155 3243 1164 3264 :
1188 3231 1309 3274 ἀνάγκη
1331 3234 1412 3276 γάρ,

355 3270 462 3312 φησιν,
485 3270 513 3304 εἶ
530 3283 559 3304 τι
582 3272 667 3313 ἔστι,
691 3274 769 3316 μήτε
790 3275 822 3308 ἓν
844 3276 922 3317 μήτε
941 3278 1042 3311 πολλὰ
1060 3279 1156 3319 εἶναι,
1183 3281 1261 3322 μήτε
1279 3282 1414 3322 ἀγένητα

356 3318 433 3359 μήτε
448 3318 600 3361 γενόμενα
611 3330 619 3338 ·
641 3324 738 3354 τοῦτ
749 3333 766 3354 ο
785 3322 826 3356 δὲ
847 3324 935 3356 οὐδὲν
949 3324 986 3357 ἂν
1008 3326 1069 3365 εἴη.
1085 3327 1122 3358 In
1139 3336 1203 3368 quo
1225 3337 1289 3361 non
1307 3330 1412 3363 solum

354 3368 446 3398 τοῦτο
469 3366 501 3398 δὲ
524 3366 649 3407 addidi,
665 3368 721 3402 sed
747 3369 844 3403 etiam
873 3372 1066 3414 transposito
1086 3376 1220 3407 accentu
1242 3375 1268 3408 et
1290 3388 1319 3409 τι
1346 3377 1413 3410 ἐστι

355 3414 497 3448 exaravi.
517 3415 695 3449 Felicianus
712 3418 744 3450 in
764 3419 874 3453 codice
901 3429 960 3453 suo
989 3421 1116 3455 videtur
1135 3422 1381 3464 deprehendisse
1404 3437 1411 3459 :

356 3460 475 3502 ἀνάγκη
491 3462 567 3505 γάρ,
584 3464 692 3505 φησίν,
712 3465 738 3498 εῐ
751 3466 779 3498 τί
793 3466 861 3499 ἐστι
877 3468 953 3509 μήτε
966 3469 997 3502 ἓν
1011 3470 1088 3512 μήτε
1109 3471 1228 3513 πολλά,
1243 3474 1321 3514 μήτε
1343 3474 1414 3516 ἀγέ·

357 3518 434 3547 νητα
447 3508 523 3550 μήτε
537 3512 699 3553 γενόμενοι,
723 3513 811 3546 οὐδὲν
824 3514 965 3549 ἂνεῖναι.
982 3517 1088 3550 Vertit
1104 3518 1190 3551 enim
1206 3532 1214 3552 :
1231 3532 1247 3548 ιι
1266 3529 1409 3562 necesse,

1187 228 1521 269 ARtSTOTEms
1547 228 1700 269 LIBER

1480 318 1527 360 ὡς
1544 316 1715 368 γενόμενα
1745 317 2025 369 ἐπιδεικνύντες,
2054 324 2168 360 ταῦτα
2197 323 2439 375 συλλογίζεται
2463 329 2548 369 κατ’
2575 316 2578 348 ζ

1481 373 1705 427 ἀμφοτέρων.
1764 375 1917 429 Ἀνάγκη
1949 379 2040 432 γάρ,
2070 380 2192 435 φησίν,
2224 381 2258 422 εἴ
2274 399 2309 422 τι
2331 383 2419 434 ἔστι,
2452 386 2544 438 μήτε
2579 406 2582 408 ’

1480 433 1515 471 ἓν
1536 433 1627 484 μήτε
1646 433 1764 474 πολλὰ
1795 428 1912 484 εἶναι,
1938 438 2030 490 μήτε
2051 440 2204 492 ἀγένητα
2230 443 2321 492 μήτε
2349 444 2545 496 γενόμενα·
2574 488 2578 494 ,

1479 497 1583 533 τοῦτο
1605 492 1641 533 δὲ
1661 494 1760 534 οὐδὲν
1781 494 1824 535 ἂν
1844 495 1914 546 εἴη.
1974 500 2018 540 Εἰ
2036 498 2104 553 γὰρ
2121 499 2175 549 εἴη
2198 516 2256 553 τι,
2271 502 2404 543 τούτων
2425 503 2468 544 ἂν
2482 505 2540 546 Od-
2573 506 2578 553 ἦ

1478 569 1563 606 τερα
1591 553 1661 603 εἴη.
1719 553 1808 595 “Ort
1828 558 1890 595 οὐκ
1919 555 2012 598 ἔστιν
2033 558 2112 600 οὔτε
2130 558 2180 609 ἵν,
2201 559 2281 600 οὔτε
2306 562 2447 613 πολλά,
2467 564 2546 605 οὔτε

1478 613 1633 664 ἀγένητα
1652 612 1732 653 οὔτε
1748 614 1933 667 γενόμενα,
1949 615 1995 656 τὰ
2016 617 2080 670 μὲν
2102 620 2149 665 ὡς
2166 620 2367 670 Μίλισσος,
2387 621 2435 662 τὰ
2453 623 2484 663 δ’
2499 625 2547 670 ὥς
2562 641 2585 667 ’,

1478 671 1602 719 Ζήνων
1620 673 1792 727 ἐπιχειρεῖ
1809 674 1977 715 δεικνύειν
1993 676 2084 728 μετὰ
2096 678 2162 728 τὴν
2178 679 2323 734 πρώτην
2337 679 2424 721 ἴδιον
2439 683 2545 724 αὗτοῧ
2584 700 2587 701 ’

1479 731 1668 780 ἀπόδειξιν,
1684 733 1719 771 ἐν
1739 727 1762 785 ᾖ
1780 732 1895 785 λέγει,
1910 734 1963 774 ὅτι
1982 738 2045 776 οὐκ
2059 736 2153 777 ἔστιν
2173 737 2251 779 οὔτε
2269 733 2382 788 εἶναι,
2395 739 2478 782 οὔτε
2493 741 2544 795 μὴ
2574 754 2577 757 ’

1478 787 1579 833 εἶναι.
1637 793 1682 833 Εἰ
1709 794 1773 845 μὲν
1794 793 1863 847 γὰρ
1888 794 1928 833 τὸ
1953 795 2003 846 μὴ
2032 789 2122 836 εἶναι
2148 797 2224 839 ἔστι
2241 798 2292 851 μὴ
2321 793 2545 850 εἷναι,οὖδὶν

1478 852 1519 891 ἂν
1537 847 1642 900 ἧττον
1669 852 1709 891 τὸ
1729 852 1779 904 μὴ
1800 851 1838 892 ὂν
1857 857 1918 893 τοῦ
1937 853 2035 899 ὄντος
2053 854 2127 904 εἴη·
2141 855 2182 897 τό
2198 873 2237 897 τε
2250 858 2320 912 γὰρ
2339 859 2391 910 μὴ
2414 858 2453 900 ὃν
2467 858 2546 901 lm

1478 911 1528 963 μὴ
1549 913 1601 960 ὅν,
1624 913 1684 951 καὶ
1709 912 1750 951 τὸ
1781 912 1818 952 ὃν
1838 912 1890 963 ὄν,
1919 912 2009 953 ὥστε
2037 915 2133 955 οὐδὲν
2162 918 2297 967 μᾶλλον
2327 912 2416 958 εἶναι
2439 918 2463 967 ἢ
2481 921 2547 960 οὐκ
2570 952 2586 967 ,,

1477 965 1566 1011 εἶναι.
1586 970 1630 1010 τὰ
1651 971 1860 1025 πράγματα.
1919 974 1965 1013 Et
1985 972 2014 1012 δ’
2036 974 2132 1026 ὅμως
2150 975 2191 1015 τὸ
2210 975 2262 1028 μὴ
2278 969 2369 1016 εἶναι
2388 977 2484 1027 ἔστι,
2503 978 2544 1018 τὸ
2586 976 2589 1019 ᾗ

1477 1025 1586 1077 εἶναι,
1607 1031 1726 1085 φησίν,
1743 1033 1806 1070 οὐκ
1823 1032 1898 1072 ἔστι
1915 1032 1955 1071 τὸ
1971 1033 2227 1086 ἀντικείμενον.
2287 1037 2332 1076 Εἰ
2350 1036 2420 1092 γὰρ
2433 1036 2474 1077 τὸ
2491 1037 2543 1090 μὴ
2581 1038 2591 1082 '3³'

1480 1083 1568 1129 εἶναι
1587 1090 1682 1139 ἔστι,
1696 1090 1737 1129 τὸ
1751 1086 1842 1131 εἶναι
1862 1091 1912 1144 μὴ
1934 1085 2025 1132 εἶναι
2041 1092 2228 1147 προσήκει.
2282 1091 2402 1136 ‘nem
2418 1097 2483 1137 οὐκ
2501 1095 2544 1136 ἂν
2583 1099 2601 1118 ‘⁴

1482 1281 1586 1322 inquit
1598 1306 1607 1322 ,
1626 1284 1674 1314 est
1696 1284 1731 1314 ut
1747 1282 1775 1314 si
1792 1282 1869 1324 quid
1886 1283 1928 1316 sit
1944 1291 2051 1324 neque
2068 1292 2169 1316 unum
2187 1292 2292 1326 neque
2304 1284 2425 1326 inulta,
2442 1294 2547 1328 neque

1482 1329 1622 1370 ingenita
1634 1355 1644 1371 ,
1676 1339 1780 1371 neque
1798 1331 1925 1371 genita,
1939 1330 1971 1363 id
1987 1330 2066 1363 uiuit
2085 1331 2138 1365 sit.
2169 1344 2186 1361 υ
2205 1331 2270 1366 Sed
2289 1331 2362 1366 baec
2378 1332 2474 1367 tectio
2492 1342 2546 1368 se-
2579 1338 2589 1357 2

1480 1377 1656 1418 quentibus
1676 1377 1783 1410 verbis
1804 1379 1971 1420 repugnat.
2573 1412 2586 1420 .,

1522 1427 1575 1456 20.
1600 1425 1627 1456 εἰ
1644 1424 1703 1467 γὰρ
1718 1426 1761 1467 μή
1775 1424 1823 1462 εἷη
1836 1436 1867 1457 τι
1881 1449 1889 1463 ,
1902 1425 2023 1458 τούτων
2036 1426 2074 1458 ἂν
2088 1425 2201 1468 Θάτερα
2218 1426 2280 1466 εἴη.
2299 1426 2496 1469 conspirant
2511 1427 2546 1461 in

1481 1470 1529 1504 liis
1544 1472 1760 1505 casaubonus
1773 1474 1807 1505 et
1824 1471 1987 1506 Bekkerus
1999 1497 2009 1514 ,
2029 1482 2170 1515 quorum
2189 1476 2305 1508 neuter
2328 1473 2410 1507 vidit
2433 1473 2545 1508 delen·
2572 1479 2595 1497 >²

1478 1519 1558 1551 dum
1579 1528 1651 1552 esse
1673 1519 1717 1559 μὴ
1742 1521 1814 1561 post
1837 1520 1910 1562 γὰρ.
1935 1521 2105 1553 omittitur
2123 1523 2234 1555 autem
2257 1521 2328 1554 baec
2355 1521 2488 1563 vocula,
2508 1525 2546 1555 ut
2576 1532 2589 1566 -J

1476 1566 1544 1607 jam
1563 1567 1711 1600 Olearius
1723 1566 1974 1608 animadvertit,
1989 1567 2021 1599 in
2038 1567 2122 1600 libro
2134 1567 2290 1610 Lipsiensi
2302 1576 2399 1610 quem
2415 1568 2547 1603 Fossius
2578 1586 2595 1613 ς,-

1477 1616 1743 1694 δθέυἳῖυῗιιῗῗειιέει
1763 1661 1897 1694 Bekkeri
1918 1661 2158 1703 inconstantia,
2179 1662 2236 1704 qui
2254 1661 2306 1696 liic
2331 1666 2364 1696 et
2382 1670 2480 1697 versu
2505 1667 2544 1697 ¹9
2576 1654 2582 1674 ”

1478 1709 1622 1750 posuerit
1647 1709 1820 1751 ἀγέννητα,
1837 1709 1895 1742 sed
1914 1718 2011 1742 versu
2043 1712 2078 1743 17
2101 1712 2188 1743 recte
2206 1710 2370 1752 scripserit
2394 1710 2542 1752 ἀγένητα.
2578 1707 2592 1741 ξ

1479 1757 1564 1795 Quid
1577 1757 1702 1790 intersit
1715 1757 1801 1790 inter
1815 1759 1988 1799 utramque
2003 1766 2117 1791 vocem
2130 1757 2275 1792 dicemus
2289 1757 2374 1792 infra
2385 1757 2427 1791 ad
2438 1758 2541 1793 Oceli.
2575 1756 2595 1769 ³*

1477 1808 1550 1840 cap.
1573 1802 1585 1832 t
1606 1799 1625 1841 §
1648 1804 1680 1832 2.
2595 1829 2597 1831 .

1519 1850 1571 1880 23.
1595 1847 1674 1889 μετὰ
1686 1848 1743 1886 τὴν
1756 1848 1883 1890 πρώτην
1895 1847 1950 1880 tet
1960 1858 2000 1881 ον
2014 1848 2112 1881 αὐτοῦ
2125 1847 2282 1885 ἀπόδειξιν
2294 1847 2443 1882 omnium
2456 1847 2544 1880 codi-
2578 1882 2594 1889 l

1477 1904 1551 1927 cum
1574 1895 1735 1937 scriptura
1750 1898 1819 1936 est,
1836 1905 1934 1937 quam
1954 1897 2077 1929 temere
2096 1896 2238 1928 mutavit
2262 1896 2392 1929 Fossius
2409 1896 2442 1928 in
2459 1896 2543 1928 ἰδίαν
2576 1893 2582 1901 ”

1476 1943 1574 1975 αὐτοῦ
1597 1942 1769 1983 ἀπόδειξιν,
1782 1943 1875 1984 quasi
1897 1952 1961 1975 nou
1982 1944 2092 1984 posset
2114 1943 2179 1975 dici
2199 1942 2279 1981 ῖδιος
2300 1943 2468 1982 ἀπόδειξις.
2499 1946 2542 1976 At
2583 1969 2588 1976 ,

1474 1991 1622 2023 similiter
1636 1991 1727 2024 Plato
1741 1992 1868 2031 Protag.
1889 2000 1920 2032 p.
1938 1993 1999 2024 349
2012 1993 2058 2024 B:
2073 1991 2200 2034 ἑκάστῳ
2214 1994 2278 2024 τῶν
2292 1990 2459 2033 ὀνομάτων
2470 1990 2540 2024 τού-

1473 2050 1537 2071 των
1554 2039 1718 2071 onomata-oa:
1737 2050 1783 2076 τις
1796 2038 1874 2076 1ίδιος
1888 2039 1995 2072 οὐσία.

1518 2091 1568 2119 25.
1595 2087 1622 2119 εἰ
1643 2087 1699 2130 μὲν
1716 2086 1777 2129 γὰρ
1790 2087 1827 2120 τὸ
1843 2089 1885 2128 μὴ
1900 2088 1980 2120 εἶναι
2004 2086 2071 2120 ἔστι
2096 2088 2142 2128 μὴ
2162 2087 2261 2126 εἶναι,
2275 2086 2364 2119 οὐδὲν
2386 2085 2425 2119 ἃν
2447 2085 2542 2127 ἧττον
2589 2114 2597 2122 ,.

1474 2133 1510 2165 τὸ
1528 2133 1572 2175 μὴ
1587 2133 1622 2166 ὃν
1635 2136 1691 2166 τοῦ
1705 2133 1793 2171 ὄντος
1807 2133 1866 2173 εἵη.
1883 2134 1920 2166 τό
1934 2144 1966 2166 τε
1979 2134 2039 2176 γὰρ
2053 2134 2097 2175 μὴ
2111 2134 2145 2166 ὄν
2159 2134 2227 2167 ἐστι
2244 2134 2288 2174 μὴ
2301 2133 2350 2174 ὄν,
2369 2133 2424 2166 καὶ
2446 2133 2484 2167 τὸ
2506 2133 2541 2167 ὃν
2585 2129 2597 2145 '²'

1474 2181 1521 2220 ὃν,
1539 2181 1622 2213 ὥστε
1635 2181 1723 2213 οὐδὲν
1741 2182 1857 2221 μᾶλλον
1872 2183 1891 2220 ἢ
1906 2181 1984 2213 εἶναι
2001 2182 2021 2220 ἢ
2040 2181 2100 2213 οὐκ
2119 2182 2199 2214 εἶναι
2220 2182 2261 2214 τὰ
2282 2181 2465 2225 πράγματα.
2488 2180 2541 2214 sic

1474 2228 1638 2261 Bekkerus
1650 2252 1659 2268 ‚
1681 2237 1823 2269 quocum
1838 2228 1967 2261 Fossius
1981 2229 2141 2261 consentit
2155 2229 2214 2261 uisi
2227 2228 2315 2270 quod
2336 2228 2374 2261 τὸ
2397 2229 2441 2271 μὴ
2458 2227 2541 2261 εἷναί

1473 2277 1539 2309 ἐστι
1559 2276 1658 2317 ponit.
1679 2277 1751 2309 Non
1779 2275 1893 2317 injuria
1922 2277 2031 2308 tamen
2056 2275 2223 2310 Bekkerus
2245 2277 2282 2310 τὸ
2301 2276 2345 2318 μή
2368 2276 2449 2309 εἶναι
2471 2275 2541 2309 ἔστι
2583 2274 2597 2321 ᾗ,

1474 2324 1517 2364 μή
1540 2323 1620 2356 εἶναι
1643 2323 1753 2364 dedit,
1770 2332 1912 2365 quorum
1929 2323 2101 2356 verborum
2123 2324 2208 2358 banc
2222 2324 2290 2357 vim
2311 2331 2381 2358 esse
2402 2323 2505 2366 liquet
2527 2333 2538 2356 ε

1473 2371 1500 2403 si
1519 2379 1587 2404 non
1610 2379 1682 2404 esse
1703 2379 1781 2404 vere
1804 2374 1874 2411 est,
1895 2372 2056 2412 quatenus
2072 2373 2121 2405 est
2139 2379 2209 2405 nort
2230 2379 2314 2405 esse.
2342 2369 2440 2412 Quod
2464 2370 2539 2412 Syl·
2596 2388 2598 2393 ν

1473 2419 1608 2460 burgius
1621 2422 1652 2452 et
1666 2419 1881 2453 casaubonus
1896 2418 2017 2452 babent
2029 2419 2067 2460 ἦν
2081 2421 2155 2452 aute
2167 2419 2260 2460 ἧττον
2276 2420 2363 2452 recte
2377 2418 2541 2452 omittitur
2588 2412 2594 2441 s

1473 2468 1505 2499 in
1529 2467 1641 2499 codice
1659 2467 1827 2509 Lipsiensi.
1846 2469 1883 2500 ln
1903 2466 2012 2499 verbis
2030 2467 2066 2499 τό
2087 2478 2121 2500 τε
2138 2468 2198 2510 γὰρ
2221 2467 2264 2509 μὴ
2290 2466 2326 2500 ὄν
2347 2466 2414 2500 ἐστι
2438 2467 2482 2508 μὴ
2502 2466 2540 2499 ὄν
2592 2464 2596 2480 ³

1473 2515 1552 2547 nitiil
1570 2514 1698 2547 variant
1715 2514 1790 2547 libri
1806 2513 1918 2554 scripti
1929 2515 1962 2547 et
1976 2513 2068 2555 editi,
2079 2514 2135 2548 sed
2146 2523 2186 2547 ex
2203 2523 2242 2548 eo
2260 2512 2348 2556 quod
2363 2514 2474 2546 utnon
2483 2521 2541 2546 ens

1473 2562 1600 2594 estnon
1618 2570 1693 2602 ene,
1716 2561 1761 2594 ita
1774 2569 1832 2594 ens
1847 2562 1895 2594 est
1910 2570 1985 2601 ens,
1997 2570 2062 2594 nou
2075 2562 2222 2604 sequitur
2231 2561 2332 2594 nibilo
2347 2560 2448 2602 magis
2463 2569 2540 2593 esse
2579 2567 2584 2571 ·

1473 2618 1572 2650 quam
1583 2618 1647 2642 non
1662 2618 1731 2642 esse
1748 2618 1801 2642 res
1822 2621 1831 2641 ι
1847 2609 1879 2642 id
1899 2610 1988 2651 quod
2001 2612 2072 2643 tum
2093 2610 2227 2643 demum
2238 2609 2348 2652 aliquo
2367 2608 2442 2650 iure
2452 2609 2538 2641 sumi

1474 2657 1616 2699 videtur,
1637 2667 1740 2700 quum
1759 2657 1834 2700 quis
1853 2667 1920 2691 non
1942 2666 2002 2691 eus
2023 2666 2099 2692 vere
2119 2666 2207 2699 esse,
2222 2660 2386 2700 quatenus
2402 2664 2467 2689 non
2482 2664 2541 2689 eus
2581 2685 2584 2686 γ

1473 2706 1514 2739 sit
1527 2731 1536 2747 ,
1555 2708 1587 2739 et
1604 2715 1662 2740 ens
1681 2715 1793 2747 reapse
1809 2715 1882 2740 esse
1894 2730 1904 2747 ‚
1918 2707 2082 2749 quatenus
2098 2714 2156 2739 ens
2169 2706 2232 2745 sit,
2249 2702 2428 2739 contendit.
2447 2705 2539 2743 Quo·
2586 2714 2598 2730 e

1473 2753 1558 2786 circa
1577 2754 1758 2787 necessario
1773 2753 1916 2794 rescripsi
1933 2763 1941 2785 :
1957 2752 1994 2786 τό
2013 2765 2047 2786 τε
2064 2753 2123 2796 γὰρ
2143 2754 2186 2795 μὴ
2201 2753 2236 2786 ὃν
2255 2752 2324 2786 ἔστι
2343 2752 2387 2795 μὴ
2407 2751 2455 2785 ὃν.
2473 2753 2538 2784 De·
2589 2759 2600 2786 J

1474 2800 1571 2842 nique
1591 2801 1674 2834 inter
1691 2802 1806 2843 μᾶὶλον
1829 2802 1861 2833 et
1884 2801 1963 2833 εἶναι
1983 2800 2203 2835 omittendum
2216 2801 2266 2834 est
2289 2801 2310 2840 ἢ
2329 2807 2404 2833 cum
2426 2798 2541 2832 codice
2589 2820 2599 2842 χ

1473 2849 1639 2890 Lipsiensi.
1661 2849 1751 2882 ldem
1768 2849 1869 2881 codex
1893 2850 1968 2882 ante
1987 2848 2157 2891 πράγματα
2173 2843 2297 2883 omittit
2309 2846 2483 2881 articulum
2498 2847 2540 2879 τὰ

1473 2905 1570 2938 quem
1586 2896 1725 2937 abjicere
1740 2895 1839 2929 nolui.

1516 2948 1568 2977 28.
1601 2945 1628 2977 εἰ
1651 2943 1678 2976 δ’
1703 2944 1789 2985 ὅμως
1817 2943 1853 2976 τὸ
1879 2944 1923 2986 μὴ
1946 2942 2026 2976 εἷναί
2049 2943 2138 2985 ἐστι,
2160 2942 2198 2975 τὸ
2222 2941 2322 2983 εἶναι,
2347 2941 2455 2984 φησίν,
2479 2941 2540 2975 οὐκ

1473 2991 1541 3025 ἔστι
1562 2992 1600 3025 τὸ
1626 2991 1851 3033 ἀντικείμενον.
1876 2993 1925 3025 lta
1948 2990 2124 3024 Bekkerus.
2148 2989 2212 3023 sed
2236 2989 2290 3022 hic
2311 2998 2444 3032 quoque
2463 2988 2538 3022 ferri
2597 3016 2601 3025 ,,

1474 3039 1586 3081 nequit
1603 3039 1682 3072 εἶναί
1708 3038 1794 3079 ἐστις
1810 3038 1933 3080 corrige
1955 3047 2030 3071 cum
2046 3038 2154 3071 Fossio
2172 3037 2252 3070 εἶναι
2270 3035 2351 3070 ἔστι.
2374 3037 2467 3071 Idem
2488 3037 2538 3070 t'a-
2588 3051 2601 3086 a*

1473 3087 1624 3120 ciendum
1654 3095 1727 3120 esse
1755 3087 1890 3128 apparet
1919 3086 1953 3119 in
1983 3085 2132 3128 sequenti
2158 3084 2320 3119 sententia
2347 3093 2423 3126 quae
2451 3083 2538 3127 apud
2589 3080 2603 3125 ζ’-.

1473 3134 1656 3169 Bekkerum
1675 3134 1722 3168 sic
1739 3134 1860 3175 scripta
1879 3134 1995 3175 legitur
2012 3146 2021 3167 ε
2042 3135 2070 3167 εἰ
2090 3133 2150 3176 γὰρ
2171 3133 2208 3166 τὸ
2231 3133 2274 3175 μὴ
2291 3131 2373 3166 εἶναι
2391 3133 2480 3173 ἐστι.
2500 3132 2539 3164 τὸ
2588 3132 2602 3157 ’ὃ

1473 3184 1552 3216 εἶναι
1563 3208 1571 3223 ,
1587 3181 1634 3226 [ἢ]
1651 3183 1694 3225 μὴ
1707 3182 1785 3216 εἶναι
1798 3182 1972 3226 προσήκει,
1991 3182 2048 3215 ubi
2063 3191 2128 3215 non
2143 3181 2249 3214 solum
2266 3180 2333 3214 ἔστι
2346 3179 2537 3222 requiritur,
2597 3188 2603 3214 ,’

1472 3231 1528 3265 sed
1553 3233 1650 3265 etiam
1670 3232 1692 3271 ἢ
1723 3231 1816 3264 uncis
1845 3230 2007 3264 inclusum
2036 3238 2112 3263 cum
2144 3229 2227 3262 libro
2256 3227 2417 3271 Lipsiensi
2438 3227 2538 3262 deleri
2588 3230 2602 3264 5

1473 3281 1614 3321 oportet.

1516 3331 1569 3362 30.
1592 3329 1675 3362 ὥστε
1697 3328 1756 3361 οὐκ
1773 3327 1811 3360 ἂν
1835 3327 1953 3368 οὕτως,
1967 3322 2074 3370 φησίν,
2094 3326 2183 3359 οὐδὲν
2198 3325 2236 3358 ἂν
2249 3325 2316 3366 ε’ίη,
2329 3324 2357 3358 εἰ
2371 3324 2414 3367 μὴ
2422 3321 2537 3357 ταύτόν
2587 3319 2604 3358 ss?

1473 3376 1557 3409 ἐστιν
1575 3376 1654 3410 εἶναί
1675 3387 1709 3408 τε
1729 3376 1782 3408 καὶ
1803 3375 1846 3417 μὴ
1869 3375 1960 3409 εἶναι.
1985 3375 2012 3407 εἰ
2032 3375 2065 3408 δὲ
2087 3374 2202 3413 ταύτό,
2225 3373 2280 3407 καὶ
2303 3373 2401 3410 οὕτως
2422 3371 2483 3406 οὐκ
2498 3371 2537 3404 ἂν
2587 3398 2597 3407 ρ

1475 3422 1524 3463 εῐη
1546 3424 1634 3457 οὐδέν
1646 3432 1655 3442 ·
1670 3423 1707 3456 τό
1717 3434 1751 3456 τε
1764 3423 1824 3465 γὰρ
1837 3423 1880 3464 μὴ
1898 3422 1932 3455 ὃν
1947 3422 2004 3455 οὐκ
2021 3422 2087 3455 ἔστι
2105 3422 2159 3455 καὶ
2181 3421 2218 3455 τὸ
2238 3421 2286 3461 ὃν,
2302 3419 2427 3461 ἐπείπερ
2441 3418 2538 3452 ταύτὸ
2593 3421 2603 3437 ³

1473 3474 1521 3513 τῷ
1541 3472 1583 3513 μὴ
1606 3472 1682 3504 ὄντι.
1707 3473 1755 3504 Ita
1770 3471 1903 3504 Fossius
1916 3474 1947 3503 et
1963 3470 2127 3504 Bekkerus
2144 3469 2232 3510 quie
2251 3468 2363 3501 codice
2382 3466 2536 3509 Lipsiensi

1479 3524 1551 3564 post
1573 3522 1671 3556 verba
1688 3522 1742 3555 καὶ
1763 3522 1805 3564 μή
1826 3521 1904 3555 εἶναι
1926 3522 2116 3564 receperunt
2138 3522 2164 3555 εἰ
2192 3521 2225 3554 δὲ
2249 3518 2365 3558 ταύτὸ,
2383 3527 2485 3561 quum
2503 3517 2536 3551 iu
2599 3567 2601 3569 Ι
