2612 3814
951 266 1004 305 lN
1040 264 1261 319 AUREUM
1293 263 1526 303 CARMEN.

144 358 421 410 ἀναπόδραστον.
478 354 582 395 Ἐπεὶ
612 352 736 392 πολλοὶ
767 352 976 403 μονωθέντες
1013 351 1142 405 φίλων,
1170 349 1192 397 ἢ

143 418 304 464 οἰκετῶν,
319 415 468 468 ἔδρασαν
481 416 594 452 ταῦτα
607 441 619 463 ‚
638 411 661 450 ἃ
681 411 846 463 πρότερον
863 410 908 450 δι’
926 410 1074 454 ἐκείνους
1093 412 1195 456 ποιῆ-

144 490 203 514 σαι
235 474 442 527 ᾐσχύνοντο.
498 464 574 523 '’‘Ap’
603 465 662 509 οὖν
693 469 816 509 οὐδένα
852 463 944 522 εἶχον
965 469 1129 517 συνόντα;
1150 469 1194 506 ἐῶ

142 532 254 573 Θεόν·
277 530 511 586 (πορρωτέρω
526 528 594 583 γὰρ
610 523 706 573 οὗτος
725 532 787 577 τῆς
806 531 875 567 τῶν
896 530 1014 567 κακῶν
1036 527 1196 574 συνειδή-

143 591 270 643 σεως·)
290 591 381 630 ἀλλὰ
414 589 558 633 ἑαυτοὺς
577 590 640 628 οὐκ
662 581 757 642 εἶχον
785 588 846 627 καὶ
865 587 905 627 τὸ
923 592 984 627 τοῦ
1004 587 1196 630 συνειδότος

141 650 341 703 κριτήριον;
373 643 479 702 Εἶχον
504 647 567 698 μὲν
599 641 680 686 οῧν·
706 648 784 686 ἀλλ’
816 646 963 699 ἠγνόουν
998 645 1051 685 ὅτι
1081 639 1195 699 εἶχον,

140 713 212 755 τοῖς
227 711 352 749 πάθεσι
375 707 674 759 κατατεινόμενοι.
731 708 778 746 Οἱ
795 706 830 745 δὲ
844 710 994 745 τοιοῦτοι
1011 704 1052 744 τὸ
1078 707 1112 744 ἐν
1133 706 1196 743 αὗ-

141 772 212 813 τοῖς
229 768 366 821 λογικὸν
382 767 507 818 ἄτιμον
528 767 588 806 καὶ
604 765 820 819 ἀνδραπόδου
837 765 1045 819 φαυλότερον
1064 763 1193 804 ἔθεντο.

142 826 370 868 Οἷκειότατον
393 821 459 873 cdv!
473 826 660 879 ἐπίτροπον
681 824 742 878 ἔχε
759 825 904 864 σαυτόν·
927 823 987 864 καὶ
1009 823 1095 875 πρὸς
1118 826 1198 861 τοῦ-

141 901 200 925 τον
221 884 438 939 ἐπιστρέφων
464 885 647 938 κατάρχου
662 887 724 931 τῆς
751 885 954 936 ἀποτροπῆς
970 885 1039 923 τῶν
1060 885 1193 923 κακῶν.

141 944 192 986 Ἦ
214 944 283 998 γὰρ
307 946 432 983 ἑαυτοῦ
457 942 562 988 αἰδὼς
594 943 733 995 ἑκάστῳ
755 942 846 995 φυγὴ
867 945 937 981 τῶν
957 944 1111 994 αἰσχρῶν
1137 942 1197 981 καὶ

142 1003 291 1049 ἀναξίων
316 1006 379 1050 τῆς
397 1005 541 1054 λογικῆς
567 1001 686 1046 οὐσίας
706 1001 740 1047 ἐξ
763 1002 917 1052 ἀνάγκης
947 1000 1094 1052 γίνεται.
1151 1000 1196 1039 Ὁ

142 1063 179 1102 δὲ
201 1062 311 1108 οὕτως
336 1061 494 1107 ἀπαξιῶν
515 1061 560 1099 τὰ
581 1060 675 1103 κακὰ
696 1063 773 1104 πῶς
792 1060 877 1113 πρὸς
902 1057 1028 1111 ἀρετὴν
1046 1060 1198 1098 οἰκειοῦ-

142 1138 222 1174 ται,
237 1121 375 1172 ἐπάγει.

540 1216 589 1254 X.
624 1220 793 1254 13—16.

225 1311 305 1342 Εἶτα
319 1309 517 1347 δικαιοσύνην
536 1308 628 1340 ἄσκει
643 1309 723 1350 ἔργῳ
739 1318 774 1339 τε
794 1307 879 1347 λόγῳ
891 1316 941 1339 τε·

226 1355 298 1398 μηδ’
312 1356 485 1396 ἀλογίστως
505 1356 621 1387 σαυτὸν
640 1355 723 1396 ἔχειν
745 1355 813 1397 περὶ
829 1354 922 1396 μηδὲν
945 1354 1040 1392 ἔθιζε·

227 1403 306 1436 ἀλλὰ
328 1404 423 1442 γνῶθι
443 1402 498 1443 μὲν
520 1403 562 1438 ὡς
585 1403 704 1434 θανέειν
726 1402 887 1444 πέπρωται
905 1401 1017 1434 ἅπασι.

224 1450 380 1492 Χρήματα
400 1448 427 1481 δ’
444 1449 553 1481 ἄλλοτε
577 1448 632 1490 μὲν
658 1450 792 1481 κτᾶσθαι
815 1448 894 1489 φίλει
910 1472 919 1488 ,
938 1448 1043 1480 ἄλλοτ’
1056 1448 1196 1480 ὀλέσσαι.

196 1531 243 1572 ‘O
264 1530 385 1571 ἑαυτὸν
407 1530 658 1583 αἰσχυνόμενος
678 1529 790 1585 φύλαξ
822 1532 947 1570 ἑαυτοῦ
968 1529 1101 1582 γίνεται
1124 1547 1198 1582 μη-

141 1593 255 1642 δαμοῦ
287 1589 396 1643 κακίᾳ
428 1591 646 1642 περιπεσεῖν.
706 1589 846 1633 Κακίας
865 1588 901 1627 δὲ
931 1588 1005 1636 εἴδη
1038 1589 1197 1628 πλείονα.

144 1649 249 1690 Κατὰ
267 1649 329 1700 μὲν
350 1649 390 1688 τὸ
413 1647 552 1702 λογικόν
567 1679 578 1699 ,
597 1647 774 1702 ἀφροσύνη
788 1663 796 1672 ·
811 1647 906 1687 κατὰ
925 1647 960 1687 δὲ
980 1648 1020 1686 τὸ
1037 1647 1199 1699 θυμικόν,

144 1708 274 1748 δειλία·
291 1707 384 1747 κατὰ
401 1707 437 1747 δὲ
460 1707 499 1745 τὸ
518 1706 769 1758 ἐπιθυμητικόν
784 1737 795 1755 ,
815 1705 1001 1759 φιληδονία
1021 1707 1082 1745 καὶ
1102 1708 1200 1760 φιλο·

141 1766 327 1821 χρηματία
341 1782 349 1791 ·
376 1766 469 1806 κατὰ
489 1765 525 1804 δὲ
545 1765 663 1810 πάσας
682 1768 769 1816 ὁμοῦ
784 1765 846 1809 τὰς
863 1765 1046 1816 δυνάμεις,
1065 1765 1198 1806 ἀδικία.

142 1827 319 1879 Τετράδος
336 1818 395 1864 οῧν
416 1827 546 1877 ἀρετῶν
564 1823 704 1873 ἐδέησεν
722 1828 806 1873 ἡμῖν
826 1824 911 1877 πρὸς
924 1824 985 1872 τὴν
1005 1827 1074 1863 τῶν
1091 1823 1203 1863 τοιού-

140 1941 281 1990 jungit,
307 1941 375 1976 sed
398 1943 567 1976 maxime
588 1942 753 1976 omnium
783 1951 914 1975 verere
943 1947 976 1974 te
997 1942 1131 1988 ipsum.
1163 1940 1201 1976 Si

147 2000 250 2036 enim
279 2007 315 2035 te
341 2002 461 2049 ipsum
493 2001 649 2034 revereri
668 1998 930 2045 consueveris,
950 1997 1202 2035 domesticum

146 2058 305 2095 habebis
351 2058 496 2107 ubique
537 2057 732 2094 custodem
786 2069 900 2105 quem
932 2059 1139 2094 reverearis
1169 2065 1206 2093 et

149 2130 264 2166 quem
290 2116 458 2166 effugere
487 2128 568 2151 non
587 2116 719 2164 possis.
748 2116 898 2151 Etenim
924 2116 1035 2151 multi
1063 2117 1134 2152 soli
1155 2115 1203 2151 ab

146 2175 276 2212 amicis
305 2182 371 2211 aut
404 2174 620 2211 domesticis
646 2174 769 2211 relicti
793 2186 837 2210 ea
864 2174 1102 2210 admiserunt
1121 2187 1204 2222 quae

147 2241 259 2271 antea
299 2235 372 2271 illis
410 2234 659 2284 praesentibus
693 2233 818 2270 facere
852 2233 1092 2271 verebantur.
1131 2235 1206 2270 Ne-

149 2293 342 2329 minemne
388 2293 506 2342 igitur
546 2305 673 2328 secum
707 2299 928 2341 praesentem
964 2292 1209 2328 habuerunt?

150 2363 231 2387 non
266 2351 355 2388 dico
390 2353 541 2397 Deum3
592 2349 724 2401 (abest
766 2351 867 2387 enim
900 2351 965 2387 ille
1002 2351 1151 2400 longius
1189 2363 1210 2387 a

148 2410 340 2446 malorum
358 2410 558 2446 hominum
587 2409 818 2445 conscientia
832 2406 866 2459 3)
884 2417 923 2446 at
946 2422 986 2446 se
1004 2411 1106 2459 ipsos
1131 2423 1211 2446 non

149 2469 369 2506 habuerunt
407 2475 444 2504 et
466 2467 760 2510 ‚conscientiam
792 2468 987 2516 judicem?
1016 2469 1212 2505 habebant

151 2540 241 2565 sane
253 2556 262 2575 ‚
276 2528 342 2565 sed
360 2528 501 2564 habere
518 2539 557 2564 se
580 2528 831 2577 ignorabant,
855 2529 1211 2576 perturbationibus

152 2588 295 2637 agitati,
313 2587 388 2635 Qui
422 2594 550 2623 autem
584 2587 675 2623 tales
700 2594 806 2633 sunt,
841 2587 993 2624 insitam
1022 2589 1210 2624 rationem

153 2647 262 2682 nihili
271 2647 453 2683 aestimant
465 2653 501 2682 et
509 2646 701 2694 mancipio
708 2646 883 2682 viliorem
893 2646 1049 2684 ducunt.
1060 2649 1112 2683 Te
1121 2654 1222 2696 ergo·

154 2709 279 2757 ipsum
297 2706 351 2742 tui
370 2711 588 2742 curatorem
608 2704 940 2742 familiarissimum
961 2706 1102 2742 adhibe
1115 2733 1126 2752 ,
1154 2713 1214 2742 at-

157 2777 232 2815 que
259 2764 309 2800 ad
329 2764 431 2800 hunc
458 2776 660 2800 conversus
679 2764 862 2801 vitiorum
887 2766 1214 2815 propulsationem

156 2824 369 2872 auspicare.
391 2823 466 2870 Qui
483 2824 585 2859 enim
608 2836 646 2860 se
662 2824 788 2872 ipsum
804 2833 973 2871 veretur,
991 2837 1143 2862 necesse
1162 2833 1215 2862 est

157 2883 278 2933 fugiat
291 2883 417 2931 turpia
437 2890 476 2918 et
494 2883 720 2932 intelligenti
733 2884 868 2921 natura
883 2885 1052 2934 indigna.
1075 2886 1216 2922 Verum

159 2941 361 2990 quomodo
378 2941 444 2989 qui
461 2942 514 2977 ita
531 2941 761 2991 dedignatur
781 2943 886 2990 vitia,
905 2944 1054 2980 virtutis
1073 2945 1218 2981 satelles

160 2999 246 3048 fiat,
267 2999 472 3050 subjungit.

573 3095 625 3131 X.
663 3094 798 3134 13-16.

246 3191 371 3225 Deinde
384 3191 543 3233 justitiam
564 3202 679 3227 exerce
693 3195 786 3227 factis
800 3197 898 3237 atque
915 3196 1029 3228 dictis:

247 3248 331 3272 neve
350 3241 384 3272 te
402 3240 467 3272 nlla
481 3241 513 3272 in
532 3250 567 3273 re
587 3241 822 3276 inconsiderate
840 3253 948 3283 gerere
965 3252 1131 3277 assuescas
1147 3253 1154 3273 ε

250 3285 306 3317 sed
322 3286 404 3318 scito
419 3287 570 3320 omnibus
583 3289 671 3322 fatali
689 3291 756 3332 lege
767 3292 972 3324 moriendum
989 3301 1072 3325 esse.

250 3332 388 3365 Divitias
413 3336 520 3368 autem
550 3335 687 3370 libenter
704 3338 878 3380 aliquando
904 3347 1013 3380 quaere
1026 3365 1034 3380 ‚
1050 3339 1222 3380 aliquando

1083 3387 1220 3430 [amitte.

222 3466 297 3513 Qui
315 3479 353 3503 se
366 3467 489 3517 ipsum
505 3478 715 3519 reveretur,
735 3480 844 3510 cavet
860 3486 907 3510 ne
935 3486 1011 3523 qua
1028 3474 1067 3510 in
1086 3476 1221 3512 vitium

306 3543 392 3574 Ριιιι,
416 3545 523 3575 GnAEC.
870 3530 875 3534 '

2228 267 2306 301 433

1253 366 1322 388 των
1341 351 1460 389 κακῶν
1479 348 1701 400 ἀποτροπήν·
1719 346 1916 401 φρονήσεως
1941 347 2004 398 μέν
2018 378 2029 397 ,
2049 348 2129 401 περὶ
2147 348 2187 388 τὸ
2198 349 2308 400 λογι-

1255 408 1416 460 ζόμενον·
1436 406 1596 460 ἀνδρείας
1617 407 1676 455 δέ,
1703 405 1784 459 περὶ
1807 405 1847 445 τὸ
1868 406 2100 457 θυμούμενον·
2127 406 2309 461 σωφροσύ·

1254 484 1315 515 νης
1329 467 1387 516 δέ,
1423 466 1506 520 περὶ
1533 465 1574 505 τὸ
1599 464 1869 517 ἐπιθυμητικόν·
1904 465 2130 513 δικαιοσύνης
2147 466 2208 514 δέ,
2228 465 2310 518 περὶ

1255 529 1372 570 πάσας
1400 529 1487 577 ὁμοῦ
1520 524 1582 569 τὰς
1605 525 1791 576 δυνάμεις,
1820 524 2042 570 τελειοτάτης
2061 523 2166 571 οὔσης
2188 526 2311 562 πασῶν

1256 588 1390 640 ἀρετῶν
1403 585 1464 624 καὶ
1477 586 1704 639 περιεκτικῆς
1718 586 1787 623 τῶν
1806 583 1922 622 ἄλλων
1934 612 1944 631 ,
1960 585 2007 627 ὣς
2027 583 2161 622 οἰκείων
2180 586 2308 635 μερῶν.

1256 645 1320 684 Διὸ
1353 645 1414 684 καὶ
1443 642 1572 691 ταύτης
1593 643 1735 696 πρώτης
1755 641 2010 693 ἐμνημόνευσεν
2042 644 2059 680 ὃ
2092 641 2210 691 λόγος’
2238 634 2313 680 εἶτα

1256 703 1470 758 φρονήσεως,
1489 702 1548 741 καὶ
1565 701 1685 757 ἐφεξῆς
1700 704 1770 741 τῶν
1791 701 1860 740 ἀπὸ
1874 705 1935 749 τῆς
1950 701 2149 754 φρονήσεως
2165 702 2313 752 ἀπογεν-

1256 762 1420 814 νωμένων
1439 761 1591 816 ἀρίστων
1613 761 1904 811 ἐπιτηδευμάτων
1920 790 1930 809 ,
1948 760 2009 799 καὶ
2026 761 2072 804 εἷς
2092 759 2155 806 τὴν
2174 762 2235 807 τῆς
2263 761 2314 798 δι-

1257 820 1442 869 καιοσύνης
1473 820 1636 869 ·ὂλότητα
1675 819 1948 860 συντελούντων.
2007 818 2052 859 Ὁ
2103 819 2171 871 γὰρ
2223 821 2315 873 ὀρθῷ

1255 883 1415 934 λογισμῷ
1443 880 1648 934 χρώμενος,
1673 881 1708 919 ἐν
1729 879 1791 931 μὲν
1821 880 1891 923 τοῖς
1920 880 2041 932 δεινοῖς
2063 877 2124 925 τὴν
2155 878 2315 931 ἀνδρείαν

1258 941 1448 993 σύμμαχον
1474 946 1620 979 κτᾶται·
1639 941 1674 978 ἐν
1696 939 1733 978 δὲ
1753 946 1825 983 τοῖς
1848 938 1948 986 ἡδέσι
1966 938 2029 986 τὴν
2058 938 2287 990 σωφροσύνην
2302 967 2313 988 ,

1258 1002 1292 1038 ἐν
1315 1005 1404 1038 πᾶσι
1427 999 1463 1038 δὲ
1495 1002 1585 1049 ὁμοῦ
1604 998 1668 1045 τὴν
1695 996 1932 1044 δικαιοσύνην.
1991 996 2064 1036 Καὶ
2085 996 2194 1040 οὕτως
2221 995 2316 1049 ἀρχὴ

1259 1059 1321 1108 μὲν
1338 1060 1407 1096 τῶν
1427 1060 1562 1110 ἀρετῶν
1584 1060 1606 1105 ἡ
1635 1056 1801 1112 φρόνησις
1828 1056 2045 1109 εὑρίσκεται·
2065 1055 2175 1108 πέρας
2206 1054 2245 1093 δέ
2261 1085 2272 1106 ‚
2293 1057 2316 1102 ἡ

1258 1117 1461 1164 δικαιοσύνη
1475 1133 1483 1141 ·
1500 1117 1556 1155 διὰ
1573 1116 1681 1166 μέσου
1700 1115 1756 1165 δέ,
1773 1119 1796 1163 ἧ
1819 1115 1959 1167 ἀνδρεία
1975 1115 2034 1153 καὶ
2050 1118 2073 1161 ἡ
2093 1113 2316 1167 σωφροσύνη.

1260 1176 1305 1215 ‘fl
1325 1176 1392 1229 γὰρ
1415 1176 1532 1214 πάντα
1564 1174 1812 1227 ἐκλογιζομένη
1841 1174 2003 1226 δύναμις,
2019 1173 2080 1212 καὶ
2099 1173 2140 1211 τὸ
2168 1173 2318 1212 ἑκάστου

1258 1235 1454 1288 πρόσφορον
1488 1240 1564 1279 ταῖς
1596 1233 1760 1286 πράξεσιν
1790 1233 1844 1273 ἀεὶ
1877 1236 2050 1281 ζητοῦσα,
2088 1231 2133 1270 ἵν’
2163 1231 2314 1283 εὐλόγως

1259 1293 1392 1332 ἕκαστα
1414 1292 1586 1341 διατεθείη
1599 1322 1609 1341 ,
1627 1295 1650 1340 ἡ
1675 1295 1740 1340 τῆς
1757 1291 1957 1345 φρονήσεώς
1973 1293 2065 1330 ἐστιν
2087 1290 2153 1336 ἕξις
2166 1307 2174 1315 ·
2191 1291 2320 1342 ἀρίστη

1261 1353 1412 1396 διάθεσις
1432 1345 1519 1392 οῧσα
1545 1355 1608 1398 τῆς
1636 1353 1782 1404 λογικῆς
1812 1353 1914 1401 ἡμῶν
1940 1350 2080 1399 οὐσίας,
2105 1350 2163 1403 ἀφ’
2192 1344 2234 1398 ἧς
2261 1349 2320 1388 καὶ

1261 1418 1337 1455 ταῖς
1359 1412 1482 1456 ἄλλαις
1502 1411 1690 1462 δυνάμεσιν
1713 1413 1734 1457 ἡ
1769 1409 1942 1461 εὐκοσμία
1970 1408 2322 1462 παραγίγνεται,,ὡς

1261 1472 1485 1524 ἀνδρίζεσθαι
1519 1470 1582 1520 μὲν
1604 1469 1663 1509 τὸν
1688 1468 1822 1520 θυμόν,
1846 1475 2034 1521 σωφρονεῖν
2055 1467 2091 1506 δὲ
2113 1466 2175 1515 τὴν
2199 1469 2322 1507 ἐπιθυ-

1261 1531 1345 1582 μίαν
1357 1561 1367 1579 ,
1388 1530 1449 1570 καὶ
1468 1528 1531 1576 τὴν
1550 1528 1776 1577 ’δικαιοσύνην
1798 1531 1860 1576 τῆς
1881 1527 2069 1578 ἀναλογίας
2086 1526 2245 1580 ἔχεσθαι,
2263 1526 2324 1566 καὶ

1260 1588 1374 1642 ταύτῃ
1395 1589 1604 1640 κοσμεῖσθαι
1623 1587 1681 1627 τὸν
1702 1587 1825 1635 Θνητὸν
1857 1590 1958 1638 ἡμῶν
1988 1586 2173 1639 ἄνθρωπον
2196 1588 2237 1625 ἐκ
2258 1601 2325 1624 πε-

1265 1647 1416 1700 ριουσίας
1447 1650 1510 1694 τῆς
1535 1645 1678 1694 ἐνούσης
1707 1648 1834 1700 ἀρετῆς
1863 1648 1913 1699 τῷ
1940 1645 2103 1699 ἀθανάτῳ
2133 1644 2321 1698 ἀνθρώπῳ.

1263 1706 1543 1759 Προηγουμένως
1555 1706 1624 1759 γὰρ
1636 1708 1671 1745 αἱ
1690 1706 1812 1759 ἀρεταὶ
1829 1705 1899 1744 ἀπὸ
1914 1709 1972 1744 νοῧ
1988 1706 2035 1749 εἷς
2045 1705 2163 1758 ψυχὴν
2179 1705 2324 1756 λογικὴν

1265 1767 1507 1817 ἐλλάμπονται
1523 1796 1533 1815 ,
1556 1766 1617 1805 καὶ
1637 1765 1769 1813 ταύτης
1789 1765 1876 1805 εἷσὶν
1901 1767 2028 1804 οἰκεῖον
2052 1758 2164 1812 εἶδος,
2188 1764 2249 1804 καὶ
2270 1780 2326 1803 τε·

1264 1825 1426 1876 λειότης,
1448 1824 1509 1863 καὶ
1543 1821 1686 1869 εὐζωία.
1746 1825 1808 1867 Εἷς
1847 1823 1881 1861 δὲ
1912 1822 1975 1870 τὴν
2014 1822 2158 1874 ἀλογίαν
2191 1821 2253 1861 καὶ
2285 1821 2327 1860 τὸ

1265 1939 1502 1988 prolabatur.
1518 1939 1613 1975 Sunt
1632 1945 1760 1974 autem
1777 1939 1962 1974 vitiorum
1985 1950 2124 1986 genera
2149 1938 2328 1985 complu-

1266 1999 1345 2035 ria:
1357 1998 1396 2033 in
1407 1998 1523 2034 animi
1536 2005 1647 2047 parte
1660 1997 1838 2033 rationali
1853 1995 2127 2045 imprudentia,
2145 1996 2185 2031 in
2201 1996 2327 2031 irrita-

1267 2057 1336 2092 bili
1352 2058 1516 2106 ignavia,
1529 2057 1570 2092 in
1582 2064 1692 2106 parte
1706 2056 1755 2092 ad
1769 2055 2119 2104 concupiscendum
2133 2067 2325 2104 propensa

1268 2116 1472 2164 voluptatis
1491 2122 1528 2153 et
1548 2115 1768 2151 divitiarum
1797 2127 1920 2159 amor,
1948 2121 2062 2162 atque
2091 2114 2132 2149 in
2153 2113 2331 2149 omnibus

1269 2176 1382 2211 simul
1399 2174 1642 2212 facultatibus
1659 2173 1856 2221 injustitia.
1880 2172 2000 2210 Nobis
2026 2174 2143 2222 igitur
2165 2179 2332 2220 quatuor

1271 2235 1457 2270 virtutum
1478 2234 1662 2270 comitatu
1684 2245 1781 2282 opus
1795 2239 1849 2269 est
1862 2232 1911 2269 ad
1929 2231 2117 2280 ejusmodi
2136 2231 2225 2267 vitia
2240 2243 2334 2279 pro-

1273 2292 1458 2341 pulsanda
1478 2321 1488 2341 ,
1509 2292 1718 2341 prudentia
1735 2291 1891 2339 quidem
1911 2292 1952 2327 in
1970 2291 2147 2327 facultate
2175 2291 2334 2327 rationis

1277 2357 1459 2400 compote
1473 2380 1483 2399 ,
1502 2350 1728 2387 fortitudine
1746 2351 1787 2386 in
1806 2350 2005 2396 irritabili,
2032 2350 2282 2398 temperantia
2295 2350 2334 2385 in

1275 2417 1383 2459 parte
1401 2410 1450 2446 ad
1471 2409 1819 2459 concupiscendum
1843 2409 2027 2458 proclivi,
2038 2408 2185 2455 justitia
2206 2416 2332 2445 autem

1275 2470 1316 2505 in
1349 2468 1526 2505 omnibus
1559 2468 1670 2504 simul
1699 2467 1965 2517 facultatibus,
2002 2468 2144 2516 quippe
2172 2479 2257 2515 quae
2286 2478 2333 2502 o-

1273 2529 1420 2563 mnium
1451 2528 1636 2564 virtutum
1655 2527 1928 2576 perfectissima
1959 2527 2007 2562 sit
2035 2534 2149 2575 atque
2170 2526 2335 2573 reliquas

1275 2594 1456 2636 tanquam
1475 2594 1603 2635 partes
1618 2587 1794 2635 proprias
1809 2586 2015 2622 contineat.
2037 2587 2282 2633 Quapropter
2298 2591 2336 2620 et

1275 2645 1387 2692 hujus
1407 2646 1573 2695 primum
1589 2645 1764 2681 meminit
1779 2657 1933 2681 carmen
1944 2674 1953 2691 ‚
1969 2644 2109 2680 deinde
2126 2643 2338 2693 prudentiae

1276 2712 1314 2741 et
1333 2705 1569 2753 optimorum
1590 2704 1770 2752 deinceps
1784 2703 2003 2740 studiorum
2021 2716 2105 2752 quae
2129 2717 2147 2739 a
2169 2702 2337 2751 pruden-

1277 2765 1328 2800 tia
1349 2771 1433 2800 orta
1453 2763 1502 2800 ad
1525 2763 1677 2812 iustitiae
1711 2763 2079 2800 consummationem
2099 2762 2336 2800 conducunt.

1279 2825 1314 2860 Is
1334 2825 1434 2860 enim
1449 2824 1515 2872 qui
1528 2830 1633 2860 recta
1648 2823 1942 2859 ratiocinatione
1957 2824 2092 2869 utitur,
2109 2823 2251 2859 sociam
2266 2821 2339 2857 sibi

1278 2884 1425 2920 asciscit
1442 2884 1483 2919 in
1501 2883 1668 2919 adversis
1693 2882 1959 2920 fortitudinem
1973 2910 1983 2928 ,
2004 2883 2044 2918 in
2053 2881 2235 2930 jucundis
2251 2888 2341 2916 tem-

1278 2943 1513 2991 perantiam,
1541 2943 1581 2978 in
1602 2942 1779 2978 omnibus
1800 2954 1891 2978 vero
1913 2942 2025 2978 simul
2041 2940 2241 2988 justitiam.
2272 2941 2338 2975 At·

1280 3014 1353 3050 que
1373 3002 1427 3037 ita
1442 3002 1633 3038 virtutum
1654 3002 1892 3051 principium
1911 3001 2104 3050 reperitur
2123 2999 2341 3048 prudentia,

1280 3060 1365 3097 finis
1385 3068 1512 3098 autem
1539 3061 1710 3109 justitia,
1730 3061 1861 3098 mediae
1890 3073 1984 3097 vero
2012 3058 2199 3095 fortitudo
2228 3065 2342 3105 atque

1279 3120 1542 3168 temperantia.
1566 3121 1742 3157 Facultas
1762 3121 1862 3157 enim
1879 3121 1967 3169 illa,
1993 3132 2076 3167 quae
2101 3117 2230 3153 omnia
2249 3129 2342 3153 con-

1282 3179 1448 3225 siderat,
1465 3187 1503 3216 et
1525 3192 1608 3229 quae
1629 3180 1725 3229 quid
1741 3181 1924 3228 cujusque
1949 3178 2167 3215 actionibus
2187 3188 2342 3213 accom-

1282 3239 1479 3275 modatum
1501 3241 1549 3276 sit
1568 3253 1720 3290 semper
1739 3241 1900 3289 inquirit
1912 3267 1923 3286 ,
1947 3247 1990 3275 ut
2009 3239 2057 3275 ad
2073 3238 2231 3274 rationis
2249 3247 2341 3272 nor-

1283 3311 1383 3334 mam
1399 3300 1547 3349 singula
1564 3308 1859 3349 componantur,
1878 3300 2090 3348 prudentiae
2106 3298 2259 3334 habitus
2273 3302 2340 3341 est,

1285 3371 1368 3406 quae
1388 3360 1534 3407 optima
1559 3367 1615 3396 est
1642 3367 1785 3396 naturae
1813 3367 1950 3395 nostrae
1982 3357 2227 3406 intelligentis
2247 3354 2341 3391 affe-

1288 3419 1377 3464 ctio,
1390 3419 1491 3456 unde
1505 3421 1662 3468 reliquis
1675 3421 1789 3456 etiam
1797 3420 2040 3461 facultatibus
2056 3418 2173 3454 decor
2184 3413 2343 3458 accedit,

1288 3478 1383 3514 adeo
1419 3487 1462 3515 ut
1496 3480 1535 3515 in
1574 3479 1838 3516 fortitudinem
1861 3486 2030 3515 mutetur
2059 3474 2277 3521 iracundia,
2307 3473 2348 3507 in

2172 3560 2207 3581 21>
