2612 3814
581 367 696 443 DE
754 365 1213 441 HIEROCLE
1272 362 1387 439 AC
1445 363 1563 437 DE
1621 360 2055 438 CARMINIS

986 536 1207 590 Auum
1266 532 1633 587 AUCTORE.

293 780 348 819 Ex
370 782 449 819 illis
481 785 549 832 qui
581 781 744 832 priscam
782 780 1009 830 Pythagorae
1035 779 1282 831 disciplinam

239 841 447 892 posteriori
474 849 581 878 aetate
602 853 793 878 renovare
813 853 855 877 ac
874 840 1074 890 sapientiae
1098 838 1284 877 studiosis

238 899 359 937 Samii
380 898 604 950 philosophi
623 898 800 948 exemplo
822 897 979 935 virtutis
1003 895 1283 947 c'onsequendae

237 959 340 995 viam
363 965 664 995 commonstrare
684 956 760 994 nisi
778 964 884 1002 sunt,
906 956 1041 993 merita
1058 955 1170 993 laude
1187 956 1285 994 oele-

240 1016 376 1054 bratur
398 1016 614 1062 Hierocles,
637 1015 860 1052 Platonicus
878 1014 1004 1065 quinti
1025 1022 1113 1065 post
1131 1014 1220 1054 Chr.
1242 1028 1282 1053 n.

242 1075 370 1114 saeculi
386 1074 640 1126 philosophus
658 1072 729 1126 (1).
747 1073 823 1119 Qui
842 1087 928 1111 cum
948 1073 1089 1112 scholae
1106 1084 1286 1126 praeesset

238 1134 508 1172 Alexandrinae
519 1162 528 1179 ,
545 1146 630 1170 cum
644 1133 718 1170 alia
734 1132 783 1183 (a)
799 1132 1126 1183 philosophorum
1140 1134 1286 1185 scripta

239 1205 440 1238 enarrare,
466 1200 545 1229 tum
569 1204 727 1229 aureum
766 1190 1101 1241 Pythagoreorum
1131 1206 1285 1232 carmen

239 1250 489 1301 interpretari
514 1249 675 1289 solebat.
733 1249 866 1300 Neque
890 1262 986 1287 vero
1006 1250 1089 1295 sol-a
1120 1251 1287 1301 insignis

239 1309 413 1347 doctoris
445 1309 544 1346 fama
572 1308 675 1361 apud
705 1308 810 1347 cives
843 1308 1000 1359 floruit,
1031 1309 1098 1347 sed
1131 1310 1287 1362 scriptis

238 1368 352 1405 etiam
393 1368 434 1405 in
467 1368 609 1418 vulgus
640 1367 755 1405 editis
784 1380 927 1405 nomen
962 1380 1073 1406 suum
1119 1370 1287 1419 posteris

240 1426 539 1466 commendavit.
598 1426 711 1464 Talia
739 1425 936 1465 Hieroclei
959 1427 1107 1475 ingenii
1146 1441 1287 1466 monu-

240 1493 368 1523 menta
389 1485 544 1523 fuerunt
565 1494 709 1537 septem
732 1484 780 1522 de
796 1484 1051 1522 Providentia
1077 1494 1113 1523 et
1129 1485 1176 1523 de
1196 1486 1287 1525 Fato

240 1543 334 1582 libri
353 1544 505 1594 aliaque
525 1544 748 1591 volumina,
768 1557 935 1594 quorum
956 1544 1083 1595 capita
1111 1545 1286 1595 quaedam

240 1602 403 1641 Photius
431 1611 468 1640 et
501 1601 675 1641 Stobaeus
695 1609 914 1640 servarunt.
971 1601 1130 1640 Nullum
1161 1612 1286 1641 autem

235 1654 384 1711 ¹egregii
415 1661 493 1699 viri
516 1674 614 1712 opus
648 1661 842 1710 integrum
867 1659 914 1697 ad
941 1668 1112 1698 nostram
1140 1669 1286 1699 aetatem

241 1719 383 1756 mansit
412 1727 551 1770 praeter
573 1718 771 1756 aureolum
794 1720 834 1756 in
856 1731 1017 1756 aureum
1044 1718 1287 1769 Pythagore-

239 1790 349 1816 orum
381 1791 535 1816 carmen
567 1777 901 1816 commentarium.
958 1777 1015 1815 De
1047 1777 1158 1828 cujus
1188 1791 1288 1829 prae-

241 1837 383 1874 stantia
402 1845 605 1886 antequam
627 1835 750 1873 dicam
764 1864 774 1882 ‚
793 1848 869 1886 qua
882 1835 1010 1886 quinti
1031 1836 1165 1874 saeculi
1182 1846 1289 1887 parte

239 1894 386 1932 vixerit
407 1894 607 1932 Hierocles
624 1901 662 1931 et
681 1894 839 1944 quando
858 1894 962 1932 hunc
981 1893 1126 1932 librum
1147 1895 1289 1934 litteris

242 1953 503 2002 consignarit,
520 1952 684 1990 definire
702 1952 871 1991 tentabo.
927 1952 973 1990 ld
986 1965 1082 1991 vero
1095 1965 1143 1991 ex
1158 1949 1287 1993 Procli

240 2010 353 2063 Lycii
368 2012 448 2049 vita
468 2024 489 2048 a
501 2011 652 2049 Marino
670 2012 886 2063 composita
902 2010 1124 2062 conjectura
1136 2015 1288 2064 assequi

242 2070 342 2108 licet.
398 2070 548 2108 Etenim
569 2070 750 2121 Procius,
774 2084 889 2122 quem
908 2070 1104 2109 Hieroclis
1118 2080 1290 2123 tempore

242 2128 389 2166 vixisse
407 2142 485 2166 non
506 2129 751 2178 ignoramus,
782 2142 884 2167 anno
902 2142 941 2180 p.
972 2128 1066 2168 Chr.
1095 2143 1133 2168 n.
1154 2136 1228 2175 412
1249 2132 1289 2169 in

242 2187 366 2226 lucem
404 2196 606 2239 susceptus
635 2196 714 2235 est,
752 2196 795 2225 ut
823 2201 871 2226 ex
906 2188 1093 2238 geniturae
1125 2189 1291 2229 themate

241 2246 345 2296 quod
365 2255 422 2284 est
453 2246 554 2297 apud
585 2245 778 2284 Marinum
801 2254 972 2297 apparet.
1028 2247 1135 2286 Idem
1169 2262 1288 2299 quum

243 2305 385 2354 viginti
430 2318 622 2343 annorum
661 2304 886 2344 adolescens
924 2314 1044 2353 esset,
1081 2306 1290 2346 Plutarcho

243 2363 469 2402 Atheniensi
491 2376 647 2415 operam
674 2363 802 2414 dedit,
817 2363 979 2415 ejusque
995 2377 1066 2415 per
1084 2364 1288 2404 biennium

243 2421 397 2459 auditor
414 2422 486 2460 fuit
506 2435 629 2473 usque
646 2423 693 2461 ad
708 2436 850 2461 annum
871 2436 910 2474 p.
932 2423 1025 2463 Chr.
1043 2437 1080 2461 n.
1100 2425 1192 2472 434,
1213 2440 1291 2477 quo

245 2490 437 2519 mortuum
459 2495 542 2520 esse
567 2482 818 2520 Plutarchum
839 2482 1014 2521 Marinus
1042 2492 1202 2522 testatur
1221 2486 1288 2537 (3).

244 2538 372 2583 Quum
405 2541 525 2589 igitur
547 2541 745 2579 Hierocles
766 2543 807 2579 in
828 2541 940 2580 libris
968 2541 1015 2579 de
1039 2541 1292 2582 Providentia

244 2604 281 2632 et
301 2595 392 2633 Fato
412 2610 471 2648 ap.
492 2597 604 2637 Phot.
626 2598 720 2636 Cod.
744 2605 818 2644 214
840 2612 880 2637 se
900 2613 1056 2650 quoque
1080 2600 1183 2639 dicat
1199 2602 1290 2640 ado-

245 2653 449 2692 lescentem
468 2655 601 2693 eodem
618 2656 832 2695 Plutarcho
854 2658 1041 2708 magistro
1057 2672 1169 2697 usum
1191 2673 1289 2708 esse,

247 2712 422 2762 sequitur
453 2726 538 2751 eum
571 2714 715 2753 Proclo
746 2724 813 2754 aut
850 2717 1034 2767 aequalem
1065 2727 1131 2756 aut
1161 2720 1292 2770 paullo

246 2769 433 2820 majorem
458 2772 588 2811 fuisse.
646 2773 794 2819 Quodsi
820 2774 1004 2813 Proclum
1034 2789 1055 2814 e
1086 2778 1293 2828 postremis

246 2828 468 2877 Plutarchi,
489 2831 556 2880 qui
591 2834 864 2881 octogenarius
885 2834 965 2872 fere
990 2834 1152 2874 Athenis
1171 2836 1291 2885 obiit,

247 2887 494 2934 auditoribus
518 2890 634 2927 fuisse
655 2899 825 2938 constat,
848 2900 993 2930 tantum
1015 2893 1148 2942 abest,
1163 2904 1207 2932 ut
1225 2908 1293 2933 ne-

247 2947 418 2984 cessario
451 2947 648 2985 Hierocles
670 2948 802 2986 Procli
835 2950 1125 3002 condiscipulus
1153 2953 1291 3003 fuerit,

288 3094 335 3134 (1)
353 3094 401 3126 Cf.
419 3093 542 3127 Fabric.
560 3094 639 3126 Bibl.
660 3096 714 3127 Gr.
732 3095 798 3128 vol.
817 3098 829 3128 1
847 3105 877 3136 p.
893 3100 953 3129 792
967 3097 1016 3129 ed.
1031 3098 1121 3130 Harl.

290 3140 336 3182 (2)
353 3141 540 3173 Damascius
552 3150 603 3181 ap.
623 3141 775 3173 Photium
793 3142 872 3173 Cod.
887 3144 1027 3176 CCXClI
1042 3153 1072 3184 p.
1088 3149 1145 3176 551
1164 3154 1172 3176 :
1193 3145 1293 3183 Οὗτος

213 3187 216 3190 ’
249 3187 261 3228 (
275 3188 292 3219 ὁ
310 3188 485 3229 Ἱεροκλῆς)
502 3187 560 3228 γάρ
578 3198 655 3219 ποτε
672 3188 724 3219 τὸν
743 3187 910 3225 Πλάτωνος
937 3190 1066 3231 Γοργίαν
1083 3194 1146 3228 τοῖς
1163 3192 1292 3233 ἑταίροις

247 3235 400 3276 ἐξηγεῖτο’
420 3235 462 3270 εἷς
479 3235 511 3266 δέ
526 3245 571 3271 τις
592 3238 653 3266 τῶν
666 3235 827 3276 ἀκροατῶν
842 3236 1007 3273 Θεοσέὸιος
1023 3236 1224 3279 ἀπεγράψατο
1237 3241 1292 3278 τὴν

249 3282 405 3321 ἐξήγησιν.
425 3281 520 3313 Πάλιν
538 3282 578 3319 δ’,
591 3281 643 3313 οἷα
655 3282 755 3319 εἰκός,
772 3283 807 3313 ἐκ
823 3282 964 3324 δευτέρου
977 3286 1032 3315 τοῦ
1053 3284 1237 3325 Ἱεροκλέους
1251 3288 1293 3323 εἷς

247 3330 302 3361 τὸν
322 3328 451 3369 Γοργίαν
467 3329 759 3370 καταὸαλλομένου,
780 3329 857 3369 μετά
872 3340 941 3361 τινα
956 3329 1066 3371 χρόνον
1079 3332 1134 3369 τὴν
1149 3332 1292 3373 ἐξήγησιν

246 3376 338 3412 αὐτὸς
351 3375 466 3412 ταύτην
482 3374 683 3416 ἀπεγράψατο
697 3377 750 3407 καὶ
765 3376 1022 3418 ἀντιπαραὸαλὼν
1036 3378 1076 3409 τὰ
1090 3378 1224 3420 πρότερα
1239 3381 1292 3412 καὶ

248 3423 288 3454 τὰ
302 3423 415 3463 ὕστερα
426 3446 433 3458 ,
451 3422 535 3464 εὗρεν
549 3424 636 3454 οὐδὲν
660 3426 723 3454 τῶν
740 3423 842 3455 αὐτῶν
855 3447 864 3465 ,
886 3426 927 3461 ὡς
942 3425 1014 3462 ἔπος
1035 3426 1148 3466 εἰπεῖν,
1163 3426 1294 3468 ἑκάτερα

250 3470 282 3500 δὲ
299 3470 403 3509 ὅμως,
424 3470 441 3500 ὃ
458 3471 510 3501 καὶ
527 3471 703 3511 παράλογον
719 3470 872 3509 ἀκοῦσαι,
889 3475 942 3510 τῆς
959 3471 1127 3509 Πλάτωνος
1143 3473 1289 3514 ἐχόμενα,

249 3517 385 3549 καθόσον
402 3517 468 3548 οἷον
492 3528 525 3549 τε
538 3541 547 3558 ,
564 3518 784 3559 προαιρέσεως.
828 3519 928 3550 Τοῦτο
943 3518 997 3560 μὲν
1017 3517 1071 3552 οὖν
1087 3519 1292 3552 ἐπιδείκνυται

1312 776 1322 784 '
1349 788 1391 816 ut
1409 778 1537 816 varias
1563 776 1614 814 oh
1631 788 1763 814 causas
1782 775 2039 813 verisimilius
2059 775 2109 814 sit
2128 774 2177 813 ab
2196 788 2242 813 eo
2262 775 2394 827 paullo

1347 846 1434 876 ante
1481 835 1730 875 Plutarchum
1768 847 1851 873 esse
1885 834 2072 872 auditum.
2126 837 2260 885 Neque
2290 834 2394 873 enim

1346 896 1558 949 probamus
1594 893 1758 934 Ashtoni
1791 893 2042 941 sententiam,
2071 893 2140 945 qui
2175 893 2393 932 Hieroclem

1346 956 1507 994 biennio
1537 953 1722 1005 majorem
1747 952 1887 991 Proclo
1922 952 2013 991 facit
2044 961 2256 1004 natumque
2290 965 2396 991 anno

1349 1021 1369 1061 4
1382 1029 1438 1053 10.
1498 1013 1654 1065 Quippe
1674 1011 1771 1050 nihil
1790 1010 1938 1058 obstat,
1953 1013 2164 1062 quominus
2178 1010 2398 1050 Hieroclem

1347 1073 1477 1111 decem
1495 1072 1607 1110 annis
1627 1080 1714 1110 ante
1732 1071 1917 1108 Proclum
1937 1071 1965 1109 i.
1994 1083 2029 1111 e.
2053 1083 2156 1108 anno
2175 1076 2249 1116 402
2269 1078 2396 1109 ortum

1347 1144 1430 1170 esse
1459 1139 1682 1170 statuamus.
1740 1130 1822 1167 Hoc
1849 1137 1974 1167 autem
1995 1130 2049 1167 ita
2068 1141 2108 1167 se
2123 1128 2268 1167 habere
2288 1128 2400 1168 facile

1348 1190 1521 1228 adducor
1553 1198 1596 1228 ut
1633 1189 1799 1227 credam.
1856 1187 1950 1226 Nam
1986 1188 2034 1226 de
2069 1187 2261 1226 Hieroclis
2289 1186 2399 1226 obitu

1349 1248 1591 1300 conjectandi
1612 1247 1728 1287 nobis
1750 1247 1968 1285 facultatem
1987 1246 2051 1285 dat
2076 1247 2212 1285 AEneas
2239 1245 2401 1286 Gazaeus

1348 1308 1388 1345 in
1420 1307 1689 1359 Theophrasto
1725 1306 1829 1344 circa
1863 1319 2005 1344 annum
2045 1320 2087 1358 p.
2125 1305 2215 1344 Chr.
2248 1319 2290 1344 n.
2324 1310 2400 1356 '⁴9⁰

1348 1366 1515 1418 scripto,
1533 1365 1604 1404 ubi
1621 1365 1808 1417 AEgyptus
1828 1364 2117 1403 Alexandrinus
2135 1366 2202 1415 qui
2219 1371 2277 1403 est
2293 1363 2397 1403 inter

1350 1425 1612 1476 colloquentes
1632 1426 1670 1463 οὗ
1699 1425 1898 1475 μέμνησαι,
1920 1424 2072 1473 inquit,
2102 1426 2163 1461 τοῦ
2191 1422 2402 1475 Ἱεροκλέους

1347 1482 1408 1521 καὶ
1427 1486 1488 1531 τῆς
1505 1482 1717 1535 Ἱεροκλέους
1734 1483 1960 1536 φιλοσοφίας,
1977 1484 2063 1534 παρ’
2084 1475 2113 1535 ᾧ
2139 1481 2345 1536 φιλοσοφίαν
2361 1483 2400 1520 ἐκ

1350 1541 1472 1585 παιδὸς
1486 1541 1545 1580 καὶ
1562 1541 1723 1588 ἀλλήλων
1740 1542 1885 1594 ἐρῶντες
1901 1540 2048 1584 πολλοὺς
2064 1540 2204 1592 εἴχομεν
2221 1539 2300 1583 τοὺς
2317 1542 2400 1593 ἔρα-

1349 1600 1432 1643 στᾶς
1449 1599 1517 1653 (4).
1549 1599 1662 1638 Unde
1679 1608 1782 1651 patet
1800 1613 1880 1638 non
1901 1599 2018 1638 modo
2038 1599 2255 1638 Hieroclem
2277 1599 2403 1638 AEneae

1349 1673 1371 1698 a
1404 1673 1527 1711 puero
1556 1659 1671 1697 fuisse
1702 1667 2006 1710 praeceptorem,
2028 1658 2094 1696 sed
2126 1658 2243 1696 etiam
2281 1658 2420 1698 multo*

1350 1728 1437 1757 ante
1456 1719 1602 1757 editum
1621 1718 1726 1755 hunc
1746 1717 1944 1768 dialogum
1962 1717 2082 1755 vitam
2104 1717 2320 1756 reddidisse
2336 1730 2402 1759 na·

1349 1787 1458 1817 turae.
1517 1781 1601 1815 Jam
1624 1777 1657 1815 si
1688 1777 1894 1828 ponimus,
1926 1789 2013 1814 eum
2035 1790 2114 1815 non
2147 1776 2404 1828 quattuorde-

1350 1838 1447 1885 cim,
1473 1835 1801 1888 quemadmodum
1822 1835 1997 1874 Ashtono
2015 1835 2183 1886 placuit,
2209 1835 2277 1886 qui
2295 1848 2414 1874 mor-⁷

1356 1905 1430 1935 tem
1462 1895 1549 1947 ejus
1578 1896 1619 1933 in
1652 1908 1795 1933 annum
1829 1896 1905 1943 476
1937 1894 2112 1933 incidere
2139 1894 2316 1944 vole-bat,
2338 1895 2405 1934 sed

1351 1955 1491 2005 viginti
1523 1955 1636 1993 annis
1668 1963 1755 1993 ante
1782 1955 1810 1993 i.
1841 1967 1873 1992 e.
1907 1967 2009 1993 anno
2029 1962 2118 2006 post
2137 1954 2229 1995 Chr.
2254 1968 2295 1993 n.
2329 1959 2405 2003 470

1354 2013 1628 2051 mortalitatem
1659 2014 1837 2064 explesse
1851 2042 1861 2060 ,
1883 2014 2092 2065 superstite
2121 2013 2247 2052 adhuc
2265 2013 2406 2052 Proclo

1357 2085 1484 2123 usque
1504 2071 1552 2110 ad
1569 2085 1711 2110 annum
1734 2072 1809 2117 485
1822 2101 1832 2119 ,
1850 2072 1909 2110 uti
1929 2080 2060 2110 narrat
2082 2071 2406 2124 Marinus,intel-

1352 2132 1492 2181 ligitur
1524 2143 1611 2169 eum
1647 2131 1899 2181 sexagenario
1929 2130 2141 2182 majorem,
2174 2143 2219 2168 ac
2246 2130 2280 2169 si
2304 2138 2407 2170 recte

1357 2189 1534 2240 conjeci,
1562 2190 1762 2240 sexaginta
1780 2198 1867 2227 octo
1894 2203 2016 2228 annos
2045 2198 2176 2228 natum
2200 2189 2278 2228 fato
2309 2203 2406 2228 con-

1354 2250 1524 2288 cessisse.
1580 2248 1645 2286 Sic
1672 2249 1803 2287 Procli
1821 2262 1947 2300 neque
1966 2248 2261 2300 condiscipulus
2280 2261 2408 2300 neque

1353 2307 1514 2356 aequalis
1532 2307 1731 2345 Hierocles
1753 2307 1871 2345 fuisse
1900 2307 2088 2346 dicendus
2107 2315 2178 2347 est.
2234 2306 2310 2345 Sed
2327 2320 2408 2358 quo

1354 2373 1527 2417 tempore
1556 2368 1604 2404 ab
1636 2379 1682 2404 eo
1721 2366 1801 2404 haec
1836 2367 1944 2405 aurei
1980 2367 2166 2405 carminis
2195 2365 2406 2418 explicatio

1354 2426 1575 2476 conscripta
1591 2425 1660 2473 sit,
1680 2425 1756 2464 etsi
1776 2425 1880 2463 haud
1911 2426 2022 2464 facile
2038 2425 2156 2464 statui
2175 2432 2328 2478 potest,
2345 2433 2406 2463 ta—

1353 2495 1442 2520 men
1465 2496 1486 2520 e
1505 2483 1636 2522 Procli
1656 2483 1698 2521 in
1714 2483 1893 2522 Platonis
1907 2484 1941 2521 T
1944 2485 2096 2522 imaeum
2115 2483 2408 2522 commentariis

1352 2543 1484 2593 colligi
1505 2544 1604 2583 licet.
1663 2543 1775 2581 Hunc
1789 2544 1892 2581 enim
1916 2552 2076 2595 apparet
2100 2545 2151 2581 ita
2173 2551 2408 2581 commenta-

1352 2608 1432 2637 tum
1453 2614 1537 2639 esse
1554 2601 1665 2639 illum
1687 2601 1863 2638 Platonis
1880 2600 2024 2638 librum
2041 2630 2052 2648 ‚
2071 2609 2114 2638 ut
2133 2613 2310 2650 magnam
2329 2599 2407 2651 Py-

1353 2658 1642 2709 thagoricorum
1658 2668 1696 2697 et
1708 2659 2000 2697 Platonicorum
2017 2659 2240 2709 dogmatum
2258 2666 2406 2710 partem

1353 2718 1664 2768 amplecteretur,
1686 2717 1736 2755 iis
1759 2717 2038 2768 praetermissis
2067 2726 2133 2756 aut
2154 2717 2322 2757 obscure
2344 2718 2407 2757 si-

1354 2777 1549 2826 gnificatis
1579 2790 1666 2828 quae
1692 2775 1741 2813 ab
1765 2775 1946 2814 Hierocle
1965 2776 2007 2814 in
2028 2776 2260 2815 illustrando
2276 2771 2406 2816 'aureo

1353 2836 1526 2874 carmine
1558 2836 1750 2887 explicata
1770 2844 1909 2875 essent.
1965 2836 2095 2882 Quare
2115 2849 2235 2874 unum
2257 2844 2404 2875 tanturn

1355 2896 1542 2933 carminis
1561 2908 1716 2933 versum
1738 2893 1887 2944 profert
1908 2907 1994 2945 pag.
2017 2896 2066 2932 62
2090 2894 2118 2932 F
2140 2895 2209 2946 (p.
2235 2894 2308 2939 145
2339 2894 2403 2934 ed.

1353 2953 1536 2992 Schneid.
1556 2956 1568 3006 )
1600 2954 1661 2992 his
1696 2949 1827 2990 verbis
1847 2965 1940 2990 usus
1972 2967 1981 2990 ε
2004 2953 2043 2992 οὗ
2065 2953 2132 3005 γάρ
2153 2954 2227 2990 ἐστι
2251 2951 2291 2990 τὸ
2311 2951 2404 2990 κατὰ

1354 3106 1411 3135 τοῦ
1431 3103 1538 3145 ἀνδρὸς
1553 3103 1659 3140 ἡλίκον
1674 3103 1713 3143 ἦν
1726 3103 1786 3144 ἄρα
1801 3103 1837 3135 τὸ
1856 3107 1918 3134 τῶν
1940 3105 2055 3142 φρενῶν
2071 3103 2214 3142 πέλαγος.

1397 3150 1439 3190 (3)
1462 3151 1552 3182 Falso
1568 3149 1784 3183 Needhamius
1802 3151 1834 3181 in
1856 3148 2040 3190 praefatione
2066 3148 2189 3180 Marino
2209 3149 2291 3180 teste
2309 3148 2403 3181 adhi-

1320 3225 1322 3232 ,
1355 3197 1422 3229 bito
1446 3198 1594 3230 Proclum
1613 3197 1790 3239 philosophi
1811 3197 2012 3230 Atheniensis
2029 3196 2212 3228 acroasibus
2232 3204 2317 3228 anno
2334 3200 2403 3237 post

1354 3243 1429 3275 Chr.
1450 3253 1482 3276 n.
1508 3246 1568 3276 463
1582 3243 1779 3283 interfuisse,
1801 3242 2007 3276 Plutarchum
2019 3244 2126 3274 autem
2145 3251 2230 3274 anno
2242 3243 2304 3274 465
2316 3241 2401 3274 diem

1356 3300 1451 3323 suum
1467 3291 1582 3324 obiisse
1597 3291 1653 3323 ait.

1397 3339 1442 3380 (4)
1458 3339 1593 3372 Fallitur
1608 3340 1708 3371 Henr.
1725 3337 1873 3370 valesius
1897 3337 1930 3369 in
1949 3337 2031 3369 Adn.
2047 3336 2087 3369 ad
2109 3337 2271 3370 Ammian.
2296 3338 2401 3377 xxn,

1357 3389 1394 3418 16
1416 3387 1448 3418 et
1470 3386 1510 3418 ad
1537 3389 1651 3426 Evagr.
1671 3385 1750 3418 nist.
1778 3385 1841 3422 ΙΙΙ,
1870 3386 1928 3425 41,
1957 3384 2012 3416 ubi
2045 3384 2195 3416 proclum
2217 3385 2262 3417 ait
2282 3385 2402 3417 vixisse

1355 3433 1551 3474 temporibus
1568 3432 1743 3471 Anastasii,
1760 3431 1814 3472 qui
1830 3440 1887 3463 sex
1910 3433 1980 3471 post
2004 3431 2107 3463 Procli
2129 3441 2295 3464 excessum
2310 3432 2402 3464 annis

1352 3479 1391 3510 ad
1409 3480 1531 3521 imperii
1546 3479 1708 3520 fastigium
1725 3479 1856 3511 evectus
1871 3479 1939 3517 est,
1963 3477 1984 3509 i.
2002 3486 2030 3510 e.
2050 3486 2135 3510 anno
2158 3480 2230 3510 491.

1298 3582 1368 3615 408
