2612 3814
790 243 1096 283 SENTENTtAE
1125 243 1191 283 ET
1222 243 1253 282 A
1262 243 1702 285 POPHTHEGMATA.
2262 260 2305 294 21
2321 261 2335 294 ι

148 336 292 374 teneris
311 335 536 387 unguiculis
555 343 762 387 utramque
781 335 954 386 linguam
969 334 1206 387 didicit(67).

144 395 222 442 Qui
253 409 376 447 quum
404 395 545 448 opibus
584 404 622 434 et
654 408 775 446 regno
803 397 1005 445 sapientiae
1036 396 1207 435 studium

143 463 403 508 praeoptaret,
424 455 583 494 Solonis
615 464 725 494 aetate
763 455 868 494 circa
896 456 1047 508 olymp.
1070 455 1207 494 XLVII

142 514 314 555 Athenas
344 514 442 553 adiit
459 514 551 566 (68),
574 514 644 554 ubi
676 528 792 554 omne
814 525 966 567 tempus
988 516 1030 554 in
1067 516 1208 554 litteris

139 573 406 626 percipiendis
444 574 660 612 consumsit
704 575 940 625 civitate-que
968 575 1136 613 donatus
1170 583 1206 612 et

140 633 339 684 mysteriis
353 633 563 672 Eleusiniis
578 633 756 673 initiatus
771 643 840 674 est.
855 634 928 672 llic
938 643 1067 672 autem
1080 633 1205 672 honos

139 693 209 731 uni
222 705 271 732 ex
286 692 468 732 barbaris
484 693 743 732 Anacharsidi
758 693 913 732 habitus
931 702 1080 732 tantum
1100 694 1204 745 apud

139 766 231 791 eum
247 753 388 803 valuit,
405 762 447 792 ut
467 753 604 806 patriae
624 755 911 806 propemodum
945 754 1202 792 obliviscere-

138 821 213 852 tur.
249 812 410 852 Accedit
448 813 554 865 quod
583 812 760 866 jucunda
791 813 1073 852 consuetudine
1113 827 1200 851 cum

135 872 280 912 Solone
301 872 534 924 conjunctus
548 882 644 913 erat.
664 875 801 925 Itaque
823 873 896 912 hoc
911 872 1066 911 demum
1086 885 1200 910 mor-

136 940 204 970 tuo
222 932 272 970 ad
293 931 457 984 Scythas
487 932 605 971 rediit
619 934 712 984 (69).
734 933 900 985 Scripsit
920 945 1016 970 vero
1042 932 1090 970 de
1106 932 1197 983 Scy-

135 991 288 1031 tharum
307 993 613 1045 Graecorumque
631 993 785 1044 legibus
803 1002 841 1032 et
870 993 1060 1031 institutis
1077 992 1124 1030 ad
1145 1002 1199 1031 te·

134 1065 252 1091 nuem
288 1053 434 1092 victum
474 1054 825 1093 commendandum
873 1054 1046 1104 itemque
1077 1052 1126 1092 de
1156 1066 1199 1092 re

132 1104 277 1145 bellica
321 1107 369 1145 ad
407 1107 651 1158 octingentos
694 1120 831 1146 versus
874 1106 968 1160 (7ο).
1009 1106 1198 1146 Traditur

133 1166 325 1217 reperisse
345 1179 527 1205 ancoram
542 1174 580 1205 et
595 1175 719 1205 rotam
736 1167 925 1217 figlinam,
943 1179 1029 1217 quae
1046 1166 1196 1218 Ephori

131 1237 169 1266 et
185 1229 389 1268 Posidonii
400 1229 591 1269 sententia
602 1229 688 1270 fuit.
705 1229 779 1268 Sed
795 1218 916 1281 quum
938 1229 1016 1268 illae
1036 1242 1097 1268 res
1111 1229 1194 1281 jam

134 1289 293 1329 Homeri
321 1299 495 1342 tempore
523 1288 673 1328 Graecis
694 1298 797 1328 notae
831 1289 989 1335 fuerint,
1007 1289 1195 1328 videntur

130 1349 282 1401 Scythae
299 1363 362 1389 eas
377 1362 448 1402 per
467 1349 770 1388 Anacharsidem
793 1348 1027 1399 cognovisse
1043 1350 1076 1398 (7
1087 1350 1136 1401 1).

182 1411 337 1458 Myson,
355 1408 578 1461 Strymonis
596 1408 716 1458 filius,
731 1408 929 1460 Cheneus‚
942 1421 1057 1461 quem
1079 1422 1194 1448 nemo

129 1476 218 1507 ante
227 1468 430 1515 Platonem
446 1467 524 1522 (72)
545 1468 704 1520 Protag.
720 1483 760 1521 p.
779 1469 853 1513 343
871 1477 1016 1521 septem
1038 1469 1192 1521 sapien-

131 1526 236 1566 tibus
267 1527 563 1576 adnumeravit,
597 1541 620 1566 a
652 1527 943 1580 posterioribus
970 1542 1071 1581 saepe
1091 1529 1194 1567 scri-

129 1585 311 1637 ptoribus
346 1587 422 1627 hoc
457 1597 686 1626 ornamento
724 1588 867 1638 dignus
893 1587 1093 1640 judicatus
1122 1597 1192 1628 est.

128 1645 222 1684 Nam
244 1647 313 1698 qui
339 1647 554 1686 Periandro
569 1647 757 1700 sapientis
775 1660 918 1685 nomen
934 1661 1012 1685 non
1033 1646 1192 1698 dabant,

128 1705 170 1743 in
202 1705 287 1756 ejus
314 1706 444 1745 locum
479 1707 621 1758 partim
656 1706 962 1745 Anacharsidem
993 1707 1190 1759 Scytham,

128 1767 270 1818 partim
292 1766 493 1817 Mysonem
512 1766 815 1806 substituebant.
841 1766 952 1805 Hunc
972 1767 1040 1805 alii
1061 1767 1172 1822 splen

127 1825 233 1864 didis
266 1825 463 1865 natalibus
498 1835 629 1865 ortum
665 1834 852 1878 patreque
883 1834 1052 1877 tyranno
1078 1839 1191 1865 usum

127 1898 211 1924 esse
231 1885 359 1935 ajunt,
382 1886 450 1924 alii
470 1885 686 1936 ignobilem
718 1886 839 1924 fuisse
873 1885 1070 1924 hominem
1093 1886 1191 1924 scri-

169 2000 236 2042 (67)
254 2001 412 2042 Diogenes
439 2002 585 2034 Laertius
610 2002 666 2034 lib.
689 2003 718 2041 1,
746 2004 801 2034 lot
823 2014 830 2033 :
865 2001 1046 2043 Ἀνάχαρσις
1068 2002 1084 2034 ὁ
1108 2002 1188 2034 Σκύ-

126 2049 192 2089 θης,
210 2049 344 2089 Γνούρου
364 2048 419 2090 μὲν
441 2049 478 2089 ἦν
492 2050 571 2090 υἱός,
587 2050 717 2090 ἀδελφὸς
733 2050 767 2082 δὲ
782 2049 970 2091 Καδουίδου,
988 2053 1044 2082 τοῦ
1062 2051 1190 2082 Σκυθῶν

127 2097 298 2139 βασιλέως,
319 2097 432 2140 μητρὸς
451 2097 483 2129 δὲ
500 2097 689 2136 Ἑλληνίδος·
713 2098 762 2130 διὸ
781 2097 834 2129 καὶ
851 2098 1017 2139 δίγλωττος
1037 2098 1087 2139 ἦν.
1108 2100 1188 2139 Scy·

125 2153 223 2177 mnus
245 2144 347 2178 Chius
367 2153 417 2177 vs.
442 2146 585 2178 aue-819
602 2157 610 2177 z
634 2145 694 2176 Καὶ
717 2145 770 2177 τὸν
793 2145 888 2185 σοφὸν
904 2145 932 2178 δ’
952 2146 1136 2189 Ἀνάχαρσιν
1153 2147 1189 2179 ἐκ

125 2196 189 2224 τῶν
207 2193 396 2234 Νομαδικῶν
411 2193 504 2234 φησὶν
522 2193 664 2233 γενέσθαι
684 2195 747 2224 τῶν
762 2193 870 2234 σφόδρ’
885 2194 1133 2227 εὐσεβεστάτων.

169 2241 235 2282 (68)
261 2241 417 2282 Diogenes
428 2241 575 2273 Laertius
589 2240 645 2274 lib.
661 2242 687 2281 1,
707 2244 761 2274 lot
781 2253 789 2274 ι
810 2242 903 2282 Λέγει
924 2242 956 2274 δὲ
976 2243 1070 2275 αὐτὸν
1084 2244 1188 2275 Σωσι-

125 2287 251 2330 κράτης
263 2288 360 2321 ἐλθεῖν
385 2289 428 2326 εἰς
447 2289 571 2326 Ἀθήνας
597 2288 680 2321 κατὰ
697 2290 752 2328 τήν
772 2291 1031 2331 τεσσαρακοστὴν
1051 2290 1188 2332 ἑὸδόμην

126 2335 315 2378 ὀλυμπιάδα,
329 2336 380 2370 ἐπὶ
396 2337 544 2379 ἄρχοντος
561 2335 751 2378 Εὐκράτους.

168 2383 233 2425 (69)
249 2384 409 2416 Lucienus
429 2383 541 2425 Scyth.
566 2385 658 2416 Tom.
683 2385 698 2416 Ι
716 2393 748 2426 p.
777 2387 816 2417 20
835 2397 844 2417 ι
868 2385 930 2417 Καὶ
955 2385 1074 2428 ἐμυήθη
1095 2385 1188 2426 μόνος

127 2430 291 2473 βαρόάρων
310 2431 490 2474 Ἀνάχαρσις
500 2431 711 2472 δημοποίητος
727 2432 909 2474 γενόμενος,
933 2433 959 2465 εἰ
976 2433 1036 2474 χρὴ
1049 2434 1187 2474 Θεοξένῳ

127 2480 284 2512 πιστεύειν
302 2480 355 2512 καὶ
376 2482 468 2512 τοῦτο
488 2481 662 2527 ἱστοροῦντι
685 2480 754 2522 περὶ
771 2480 880 2514 αὐτοῦ.
904 2481 964 2513 Καὶ
993 2482 1052 2513 οὐκ
1065 2482 1103 2513 ἂν
1118 2482 1187 2514 οὐδὲ

127 2527 325 2568 ἀνέστρεψεν,
340 2528 426 2567 οἶμαι
438 2551 446 2567 ,
465 2527 494 2564 ἐς
511 2528 643 2567 Σκύθας,
664 2528 694 2560 εἱ
712 2527 754 2567 μὴ
771 2527 877 2560 Σόλων
894 2529 1039 2561 ἀπέθανε.

171 2573 238 2615 (70)
256 2574 412 2614 Diogenes
433 2574 576 2607 Laertius
593 2574 649 2607 lib.
664 2576 690 2614 1,
710 2578 763 2606 tOt
785 2584 793 2606 :
811 2575 910 2612 Οὗτος
931 2575 1062 2615 ἐποίησε
1076 2578 1140 2608 τῶν
1154 2587 1187 2608 τε

127 2621 212 2662 παρὰ
229 2624 292 2658 τοῖς
318 2622 448 2658 Σκύθαις
468 2621 609 2663 νομίμων
625 2622 678 2653 καὶ
693 2625 758 2654 τῶν
772 2622 856 2664 παρὰ
879 2625 944 2659 τοῖς
965 2622 1128 2664 Ἕλλησιν,
1144 2624 1186 2661 εἰς

127 2669 281 2702 εὐτέλειαν
298 2669 381 2711 βίου,
398 2670 452 2702 καὶ
469 2669 509 2701 τὰ
525 2668 606 2701 κατὰ
621 2669 674 2700 τὸν
695 2668 846 2711 πόλεμον,
865 2670 909 2707 εἰς
922 2669 982 2709 ἔπη
999 2670 1183 2704 ὀκτακόσια.

128 2716 266 2750 suidas:
284 2717 425 2759 Ἔγραψε
442 2717 560 2759 νόμιμα
573 2717 713 2756 Σκυθῶν,
735 2717 804 2759 περὶ
822 2717 975 2754 εὐτελείας
997 2721 1060 2749 τῶν
1075 2719 1117 2755 εἰς
1133 2719 1186 2750 τὸν

128 2765 320 2808 ἀνθρώπινον
331 2764 412 2805 βίον,
423 2764 482 2802 ἔπη
491 2762 592 2796 πάντα
606 2763 790 2796 ὀκτακόσια.
800 2763 913 2797 Cicero
925 2764 1057 2796 Tuseul.
1069 2767 1109 2804 V,
1126 2768 1165 2797 32
1178 2779 1183 2797 :

130 2825 145 2840 «
162 2817 209 2845 An
220 2812 354 2853 Scythes
368 2810 558 2845 Anacharsis
566 2810 670 2852 potuit
682 2819 739 2852 pro
747 2811 847 2843 nihilo
864 2811 1037 2853 pecuniam
1055 2812 1185 2852 ducere,

128 2861 286 2892 nostrates
295 2859 473 2901 philosophi
490 2859 594 2891 facere
612 2867 676 2890 non
689 2860 862 2899 poterunt?
876 2859 966 2892 lllius
976 2860 1108 2900 epistola
1123 2861 1187 2893 ser-

127 2908 181 2938 tnr
197 2906 247 2938 his
255 2905 384 2939 verbis:
398 2917 413 2934 a
431 2906 624 2938 Anacharsis
634 2905 785 2938 Hannoni
797 2906 947 2940 salutem.
963 2907 1043 2940 Mihi
1053 2908 1185 2940 amictui

128 2955 177 2986 est
198 2953 387 2995 Scythicum
410 2953 568 2995 tegimen3
587 2953 859 2994 calceamentum,
882 2955 1024 2988 solorum
1045 2956 1186 2996 callum;

128 2999 248 3041 cubile,
282 3001 385 3041 terra3
411 3001 670 3042 pulpamentum,
688 3001 807 3042 fames;
834 3001 934 3042 lacte,
967 3012 1070 3043 caseo,
1092 3012 1188 3035 carne

129 3056 253 3093 vgscor.
266 3049 374 3087 Quare
385 3050 420 3081 ut
430 3048 469 3080 ad
484 3048 631 3090 quietum
648 3058 700 3082 me
714 3049 787 3082 licet
800 3051 918 3084 venias.
936 3054 1068 3084 Munera
1079 3053 1186 3084 autem

127 3095 203 3136 ista,
220 3096 382 3137 quibuses
395 3096 588 3138 delectum,
605 3097 655 3130 vel
672 3097 797 3130 civibus
819 3100 895 3139 tuis,
914 3099 963 3132 vel
980 3101 1041 3133 diis
1058 3100 1189 3133 immor-

129 3143 248 3176 lalibus
261 3143 356 3176 dona.
375 3156 393 3173 »
571 3179 573 3183 .

174 3190 240 3231 (71)
270 3192 425 3233 Diogenes
446 3192 590 3225 Laertius
605 3192 662 3225 lih.
688 3194 714 3232 1,
741 3196 824 3227 105:
848 3195 929 3238 Εὗρε
943 3195 969 3227 δ’
983 3196 1025 3232 εἰς
1041 3195 1094 3227 τὸν
1121 3194 1188 3237 βίον

130 3237 267 3279 ἄγκυράν
283 3250 317 3271 τε
333 3240 387 3271 καὶ
410 3241 579 3281 κεραμικὸν
595 3240 719 3282 τροχόν,
738 3243 779 3278 ὤς
795 3254 888 3280 τινες.
917 3243 1111 3275 Resutarnnt
1129 3242 1190 3274 hoc

132 3285 251 3318 Strabo
266 3285 322 3318 lib.
339 3287 397 3318 Vll
411 3296 442 3327 p.
461 3289 522 3320 303
537 3287 589 3320 ed.
605 3289 756 3331 casaub,
772 3291 867 3323 Schol
898 3290 1047 3330 Apollon.
1070 3293 1187 3330 Argon.

132 3332 189 3365 lib.
209 3335 240 3373 l;
261 3334 383 3366 Seneca
395 3334 489 3375 epist.
509 3336 576 3368 XO.
591 3335 640 3368 Ct'.
654 3337 787 3370 Homer.
799 3338 891 3370 Iliad.
908 3331 962 3370 lib.
979 3339 1100 3378 xvm,
1118 3342 1189 3371 600.

175 3379 242 3420 (72)
263 3379 351 3412 l’lato
367 3381 496 3422 Protag.
511 3390 541 3422 p.
561 3383 621 3415 343
643 3393 651 3415 ε
668 3385 795 3417 Τούτων
811 3385 848 3424 ἦν
865 3386 917 3417 καὶ
936 3386 1039 3423 Θαλῆς
1055 3385 1072 3417 ὁ
1090 3385 1189 3420 Μιλή-

131 3438 213 3468 σιος,
227 3427 280 3460 καὶ
299 3429 456 3467 Πιττακὸς
477 3430 495 3462 ὁ
515 3431 733 3473 Μιτυληναῖος,
747 3433 800 3466 καὶ
824 3434 898 3471 Βίας
913 3435 930 3466 ὁ
949 3433 1113 3475 Πριηνεύς,
1138 3434 1190 3465 καὶ

1272 343 1455 387 pserunt,
1481 336 1588 387 quod
1617 351 1695 375 non
1719 338 1760 375 in
1788 338 1909 390 urbe,
1937 340 2004 379 sed
2034 341 2075 379 in
2096 342 2186 381 vico
2215 356 2340 396 eoque

1272 393 1442 433 obscuro
1467 404 1580 434 natus
1607 405 1721 435 esset.
1745 396 1877 442 Quid?
1897 400 2002 448 quod
2023 413 2111 438 eum
2131 401 2335 442 hominum

1270 467 1426 493 osorem
1449 455 1688 507 appellantes
1719 456 1787 494 vix
1816 470 1837 495 a
1861 457 2043 497 Timonis
2068 469 2104 498 et
2132 465 2336 514 Apemanti

1270 513 1448 552 moribus
1481 514 1736 554 abhorruisse
1771 516 2061 558 existimarunt.
2088 519 2283 562 Caeterum
2301 524 2334 562 si

1269 572 1459 612 credibile
1476 587 1561 612 esse
1591 573 1830 614 arbitramur
1850 576 1956 627 quod
1980 579 2181 617 memoriae
2202 582 2335 631 prodit

1267 633 1463 684 Diogenes
1498 633 1677 674 Laertius
1709 634 1780 673 lib.
1812 636 1844 683 1,
1882 637 1970 684 106,
2001 636 2144 688 Pythia
2166 638 2214 677 ab
2230 640 2333 679 Ana-

1267 692 1446 731 cliarside
1465 693 1724 745 interrogata,
1747 695 1836 746 quis
1857 696 1986 747 ipsum
2009 696 2201 748 sapientia
2218 712 2333 751 supe-

1266 762 1388 802 raret,
1425 754 1631 805 Mysonem
1669 755 1948 807 sapientiorem
1996 769 2081 795 esse
2115 759 2333 809 respondit.

1263 811 1458 851 Maximus
1478 813 1625 865 Tyrius
1654 823 1781 853 autem
1812 815 1976 856 Dissert.
2003 816 2069 854 XV
2089 817 2166 868 (73)
2198 819 2331 871 Myso-

1262 885 1349 910 nem
1370 872 1632 912 Anacharsidi
1651 875 1765 913 aliam
1789 875 1839 913 ob
1861 889 2016 915 causam
2040 876 2234 928 placuisse
2252 887 2331 919 tes—

1266 933 1449 974 tificatur.
1474 934 1624 973 Etenim
1654 949 1776 987 quum
1808 937 1891 988 ipse
1913 937 2145 989 sapientiam
2168 939 2332 980 minime

1261 991 1469 1030 verbosam
1492 994 1755 1046 profiteretur,
1782 995 1848 1034 sed
1871 995 1982 1047 cujus
2006 1010 2085 1034 non
2110 997 2210 1036 alius
2240 998 2330 1038 finis

1259 1059 1374 1102 esset,
1389 1065 1504 1103 quam
1522 1063 1701 1092 accurata
1712 1054 1802 1092 vitae
1816 1055 1930 1100 ratio,
1947 1068 2056 1094 mens
2074 1068 2182 1105 sana,
2199 1069 2329 1096 sermo

1259 1107 1391 1149 brevis
1422 1121 1459 1150 et
1497 1122 1656 1161 acutus,
1687 1127 1865 1164 magnam
1899 1116 1941 1153 in
1977 1115 2141 1167 Mysone
2178 1117 2328 1157 studio-

1257 1182 1343 1207 rum
1366 1184 1410 1209 ac
1427 1172 1643 1212 voluntatis
1663 1175 1963 1213 similitudinem
1991 1184 2029 1214 et
2055 1178 2326 1226 cognationem

1258 1231 1448 1281 repperit.
1475 1231 1631 1284 Quippe
1658 1233 1845 1272 familiam
1874 1244 1977 1273 recte
2002 1235 2324 1288 administrabat,

1257 1300 1392 1340 agrum
1424 1291 1550 1342 perite
1583 1291 1757 1347 colebat,
1796 1308 1882 1332 cum
1914 1307 2039 1332 uxore
2068 1302 2327 1346 temperanter

1256 1350 1433 1398 vivebat,
1472 1350 1619 1390 liberos
1651 1351 1867 1391 liberaliter
1905 1353 2108 1393 educabat.
2140 1354 2218 1400 Qui
2253 1355 2326 1406 igi-

1257 1418 1319 1447 tur
1341 1411 1540 1449 hominem
1561 1412 1814 1462 agriculturae
1833 1414 1967 1466 potius
1993 1428 2111 1466 quain
2135 1414 2324 1454 doctrinae

1255 1469 1469 1508 studiosum
1489 1472 1704 1523 sapientem
1726 1473 2006 1521 nominarunt,
2026 1474 2056 1511 ii
2081 1474 2200 1512 vitam
2221 1484 2324 1513 caste

1255 1537 1292 1566 et
1318 1529 1468 1580 integre
1486 1539 1608 1568 actam
1649 1531 1697 1570 ad
1731 1532 1966 1584 sapientiam
2007 1533 2320 1583 consequendam

1255 1588 1436 1627 sufficere
1457 1590 1720 1631 crediderunt.
1736 1591 1822 1638 Qua
1833 1592 1880 1630 de
1896 1605 1937 1631 re
1951 1593 2223 1631 controversia
2237 1606 2322 1633 esse

1255 1660 1334 1685 non
1356 1657 1504 1699 potest,
1527 1662 1646 1700 quum
1677 1649 1726 1688 de
1754 1646 2017 1704 philosophiae
2050 1651 2319 1705 incunabulis,

1257 1722 1334 1746 non
1348 1709 1395 1747 de
1409 1709 1579 1760 perfecta
1591 1709 2015 1762 philosophia‘agatur.
2037 1710 2173 1762 ltaque
2194 1725 2322 1764 neque

1253 1766 1408 1806 Platoni
1443 1768 1549 1806 litem
1576 1769 1838 1816 intendimus,
1864 1784 1994 1821 neque
2023 1771 2112 1809 aliis
2147 1771 2215 1822 qui
2235 1772 2322 1823 ejus

1250 1827 1445 1878 judicium
1484 1828 1607 1866 secuti
1637 1837 1741 1867 sunt.
1772 1829 1951 1869 Mortuus
1977 1839 2036 1869 est
2059 1843 2162 1868 anno
2198 1832 2320 1870 aetatis

1254 1887 1507 1937 nonagesimo
1530 1888 1696 1940 septimo
1712 1888 1804 1942 (74).

1250 2002 1356 2034 Σόλων
1376 2003 1568 2045 ξιὴμέτερος,
1600 2004 1654 2035 καὶ
1681 2004 1874 2043 Κλεόὸρυλος
1888 2006 1905 2037 ὁ
1926 2005 2062 2044 Λίνδιος,
2086 2006 2140 2037 καὶ
2164 2007 2284 2040 Μύσων
2302 2010 2319 2041 ὁ

1249 2049 1380 2089 Χηνεύς,
1395 2051 1448 2082 καὶ
1462 2051 1591 2091 ἕὸδομος
1606 2052 1637 2083 ἐν
1652 2053 1774 2090 τούτοις
1792 2053 1914 2094 ἐλέγετο
1929 2054 2177 2094 Λακεδαιμόνιος
2197 2055 2315 2089 Χίλων.

1255 2097 1357 2131 Οὗτοι,
1370 2097 1482 2135 πάντες
1501 2100 1635 2137 ζηλωταὶ
1650 2100 1703 2131 καὶ
1727 2100 1854 2143 ἐρασταὶ
1868 2102 1920 2133 καὶ
1938 2102 2073 2143 μαθηταὶ
2085 2101 2168 2140 ἦσαν
2180 2105 2238 2140 τῆς
2249 2104 2316 2138 Λα-

1248 2147 1453 2189 κεδαιμονίων
1467 2147 1621 2183 παιδείας.
1643 2148 1706 2180 Καὶ
1735 2149 1912 2189 καταμάθοι
1933 2150 1969 2181 ἄν
1989 2160 2035 2186 τις
2064 2149 2167 2181 αὐτῶν
2183 2149 2240 2187 τῆν
2262 2163 2316 2184 σο-

1248 2194 1319 2236 φίαν
1334 2196 1482 2233 τοιαύτην
1494 2194 1604 2234 οὖσαν,
1624 2195 1749 2237 ῥήματα
1765 2196 1887 2238 βραχέα
1902 2197 2171 2238 ἀξιομνημόνευτα
2188 2198 2316 2241 ἑκάστῳ

1248 2243 1410 2284 εἰρημένα.
1436 2242 1533 2275 Οὗτοι
1556 2243 1610 2275 καὶ
1639 2248 1731 2284 κοινῇ
1757 2244 1947 2282 ξυνελθόντες
1969 2245 2114 2286 ἀπαρχὴν
2129 2248 2183 2284 τῆς
2203 2246 2313 2288 σοφίας

1247 2290 1396 2323 ἀνέθεσαν
1414 2292 1460 2331 τῷ
1481 2290 1650 2323 Ἀπόλλωνι
1665 2291 1694 2328 ἐς
1708 2292 1761 2324 τὸν
1775 2293 1853 2324 νεὼν
1873 2293 1926 2324 τὸν
1953 2293 1984 2324 ἐν
2001 2293 2130 2332 Δελφοῖς
2142 2292 2315 2335 γράψαντες

1247 2342 1360 2380 ταῦτα,
1381 2338 1400 2371 ἃ
1417 2338 1454 2378 δὴ
1467 2337 1580 2375 πάντες
1597 2339 1745 2378 ὑμνοῦσι,
1764 2341 1863 2372 Γνῶθι
1886 2341 2002 2373 σαυτὸν
2026 2341 2078 2372 καὶ
2100 2340 2206 2380 Μηδὲν
2222 2341 2313 2383 ἄγαν.

1246 2386 1407 2428 Diogenes
1425 2385 1573 2418 Laertius
1589 2385 1644 2417 lib.
1667 2387 1693 2425 1,
1714 2389 1772 2419 1C6
1791 2399 1799 2419 ε
1824 2387 1944 2420 Μύσων
1959 2388 2152 2430 Στρύμωνος,
2177 2389 2219 2426 ὥς
2237 2400 2314 2430 φησι

1246 2434 1466 2476 Σωσικράτης,
1484 2433 1666 2476 Ἕρμιππον
1678 2435 1932 2476 παρατιθέμενος,
1949 2436 1986 2467 τὸ
2003 2435 2089 2476 γένος
2103 2436 2236 2477 Χηνεύς,
2251 2436 2315 2470 ἀπὸ

1246 2481 1355 2524 κώμης
1377 2482 1457 2519 τινὸς
1481 2482 1632 2520 Οἰταϊκῆς
1659 2482 1678 2521 ἢ
1698 2483 1905 2522 Λακωνικῆς,
1930 2483 1987 2516 σὺν
2008 2487 2074 2520 τοῖς
2091 2483 2171 2516 ἑπτὰ
2186 2495 2316 2526 καταρι-

1248 2531 1378 2571 θμεῖται.
1394 2529 1480 2562 Φασὶ
1497 2530 1529 2561 δὲ
1549 2529 1643 2561 αὐτὸν
1658 2529 1710 2561 καὶ
1722 2528 1876 2571 τυράννου
1891 2529 2007 2571 πατρὸς
2021 2530 2112 2562 εἶναι.
2128 2530 2261 2572 Λέγεται
2275 2532 2314 2570 δὴ

1247 2577 1323 2619 πρός
1342 2588 1436 2615 τινος,
1454 2577 1674 2618 Ἀναχάρσιδος
1692 2578 1938 2619 πυνθανομένου,
1956 2578 1982 2610 εἶ
1996 2589 2042 2614 τις
2062 2578 2159 2610 αὐτοῦ
2172 2579 2314 2620 σοφώτε-

1246 2637 1295 2668 ρος
1309 2625 1357 2665 εἵη
1369 2650 1377 2665 ,
1394 2626 1450 2665 τήν
1470 2626 1590 2658 Πυθίαν
1605 2626 1703 2658 εἰπεῖν
1718 2626 1796 2669 ἅπερ
1811 2626 1991 2669 προείρηται
2014 2627 2045 2658 ἐν
2060 2630 2106 2668 τῷ
2127 2628 2232 2660 Θαλοῦ
2254 2627 2314 2670 βίῳ

1245 2675 1322 2716 ὑπὲρ
1342 2673 1496 2710 Χείλωνος
1509 2684 1517 2692 ·
1537 2673 1667 2706 Οἰταιόν
1690 2673 1757 2706 τινά
1773 2686 1849 2715 φημι
1866 2674 1997 2706 Μύσων’
2012 2675 2041 2706 ἐν
2057 2675 2136 2713 Χηνὶ
2155 2675 2311 2716 γενέσθαι,

1246 2723 1307 2754 Σοῦ
1328 2723 1443 2762 μᾶλλον
1458 2721 1667 2762 πραπίδεσσιν
1684 2722 1820 2764 ἀρηρότα
1835 2722 2060 2764 πευκαλίμῃσι.
2075 2722 2122 2755 ld.
2145 2725 2280 2756 107·108
2302 2733 2311 2755 :

1245 2768 1449 2812 Ἀριστόξενος
1459 2769 1493 2801 δέ
1502 2781 1606 2810 φησιν,
1620 2770 1656 2802 οὐ
1669 2769 1779 2812 πόρῤω
1792 2769 1935 2811 Τίμωνος
1943 2770 2036 2802 αὐτὸν
2051 2770 2103 2802 καὶ
2116 2770 2313 2812 Ἀπημάντου

1246 2817 1418 2858 γεγονέναι·
1446 2818 1677 2859 μισανθρωπεῖν
1700 2818 1813 2859 γάρ...’
1828 2818 1882 2850 καὶ
1903 2818 1950 2850 ὅτι
1975 2818 2115 2850 ἐντεῦθεν
2135 2819 2242 2856 ἄδοξος
2261 2819 2311 2858 ἦν,

1248 2865 1294 2896 ὄτι
1311 2864 1388 2905 μηδὲ
1407 2865 1547 2904 πόλεως,
1568 2865 1648 2897 ἀλλὰ
1664 2865 1787 2906 κώμης,
1805 2865 1859 2897 καὶ
1880 2867 1981 2897 ταῦτα
1997 2865 2144 2906 ἀφανοῦς.

1291 2912 1355 2953 (73)
1373 2912 1534 2944 Maximus
1560 2912 1678 2951 Tyrius
1703 2912 1838 2944 Dissert.
1863 2914 1923 2945 XV
1944 2922 1951 2944 :
1972 2912 2085 2945 Ἦλθεν
2099 2913 2141 2950 εἰς
2161 2913 2312 2951 ’Έλληνες

1247 2959 1283 2991 ἐκ
1298 2963 1351 2998 τῆς
1369 2961 1496 2993 Σκυθῶν
1512 2964 1568 3002 γῆς
1583 2964 1647 2993 τῶν
1664 2961 1730 2994 ἐκεῖ
1753 2961 1917 3003 βαρὸάρων
1940 2962 2018 3004 ἀνὴρ
2040 2962 2133 3002 σορὸς
2151 2960 2262 3002 σοφίαν
2276 2961 2312 2992 οὐ

1246 3005 1480 3048 πολυῤῥήμονα,
1511 3007 1582 3040 οὐδὲ
1609 3007 1715 3049 λάλον,
1743 3007 1810 3041 ἀλλ’
1830 3008 1868 3048 ἦν
1884 3009 1978 3048 αὐτῆς
1995 3009 2031 3040 τὸ
2053 3007 2220 3050 κεςά>.αιον
2245 3009 2311 3050 βίος

1246 3053 1387 3095 ἀκριὸής,
1405 3055 1458 3087 καὶ
1478 3055 1588 3097 γνώμη
1606 3056 1707 3096 ὑγιής,
1723 3057 1777 3089 καὶ
1796 3056 1887 3096 λόγος
1908 3057 2023 3098 βραχὺς
2040 3057 2093 3088 καὶ
2107 3056 2311 3098 εύστοχος....

1247 3101 1364 3142 περιῄει
1381 3101 1413 3134 δὲ
1432 3102 1489 3142 τὴν
1509 3102 1646 3136 Ἐλλάδα
1669 3104 1700 3136 ἐν
1719 3105 1826 3146 κύκλῳ
1849 3104 1879 3146 [ὁ
1895 3103 2089 3147 Ἀνάχαρσις]
2113 3106 2219 3137 ποθῶν
2234 3104 2310 3136 ἰδεῖν

1248 3148 1360 3190 σοφίαν
1380 3149 1534 3191 στάσιμον
1547 3152 1599 3184 καὶ
1615 3151 1752 3193 ἑδραίαν,
1771 3152 1840 3195 εὗρε
1859 3152 1886 3185 δ’
1909 3153 1940 3185 ἐν
1962 3155 2100 3191 Χηναῖς,
2115 3154 2239 3194 σμικρῷ
2257 3152 2309 3182 καὶ

1248 3195 1371 3228 ἀσθενεῖ
1389 3197 1580 3240 πολίσματι,
1601 3200 1697 3242 ἄνδρα
1721 3200 1837 3242 ἀγαθόν
1851 3210 1858 3217 ·
1881 3200 1980 3241 ὄνομα
2007 3200 2045 3240 ἦν
2065 3200 2151 3241 αὐτῷ
2178 3199 2308 3231 Μύσων.

1248 3243 1362 3283 ἀγαθὸς
1376 3245 1408 3277 δὲ
1424 3245 1462 3286 ἦν
1469 3247 1528 3289 ἄρα
1542 3249 1558 3280 ὁ
1574 3248 1693 3281 Μύσων
1709 3248 1795 3280 οἶκον
1807 3249 1933 3287 οἰκῆσαι
1947 3249 2062 3287 καλῶς,
2072 3249 2125 3280 καὶ
2140 3251 2197 3288 γῆν
2212 3258 2309 3286 τημε-

1249 3292 1341 3330 λῆσαι
1353 3293 1456 3331 δεξιῶς
1471 3295 1523 3327 καὶ
1540 3295 1642 3337 γάμου
1655 3299 1828 3338 προστῆναι
1840 3295 2007 3338 σωφρόνως
2017 3322 2025 3336 ,
2035 3295 2088 3327 καὶ
2100 3295 2196 3327 παῖδα
2206 3294 2310 3334 ἐκθὲέ·

1248 3340 1306 3381 ψαι
1321 3344 1467 3380 γεννικῶς
1483 3344 1550 3376 κτλ.

1293 3386 1360 3427 (74)
1381 3388 1540 3429 Diogenes
1558 3391 1701 3424 Laertius
1725 3391 1780 3424 lib.
1808 3393 1834 3431 I,
1859 3394 1914 3424 108
1933 3404 1940 3423 ι
1958 3390 2155 3432 Κατέστρεψε
2172 3389 2203 3420 δὲ
2226 3388 2310 3430 βιοὺς

1219 3453 1233 3460 -
1253 3434 1305 3474 ἔτη
1323 3436 1402 3469 ἑπτὰ
1412 3438 1465 3469 καὶ
1481 3437 1674 3477 ἐνενήκοντα.

1047 3537 1393 3554 -ὠθὸ-

2157 3601 2201 3631 Η.
