2612 3814
1117 252 1364 294 ORPHICA.

279 346 416 384 Pollux
434 344 490 393 II,
507 343 557 394 39
572 342 645 382 :Tb
660 339 818 395 ἔγκοιλον
834 340 942 380 αὐτοῦ
953 339 1031 395 [τοῦ
1043 337 1202 395 κρανίου]

224 403 382 458 κορυφή,
401 402 420 443 ὃ
439 401 500 442 καὶ
529 400 744 455 μεσόκρανον
769 402 804 440 ἐν
832 402 903 446 τοῖς
921 402 1102 454 Ὀρφικοῖς
1129 400 1206 438 ὀνο-

230 465 378 517 μάζεται
399 461 551 516 μέτροις.

569 533 774 573 XXXVII.

231 612 344 652 Πάν-ε’
360 609 486 661 ἐδάης,
507 611 669 649 Μουσαῑε
688 607 895 664 θεοφραδές,
917 610 946 648 εἰ
966 609 1004 649 δέ
1028 608 1064 663 σ’
1081 607 1209 661 ἀνώγει

230 670 356 722 θυμός,
380 668 582 721 ἐπωνυμίας
604 667 717 719 μήνης
734 668 827 708 κατὰ
850 674 976 722 μοῖραν
997 670 1172 721 ἀκοῦσαι,

230 730 306 786 ῥεῖά
327 746 378 770 τοι
399 728 522 783 ἐξερέω
535 758 546 778 ,
571 727 613 767 σὺ
634 729 663 767 δ’
681 727 731 767 ἐνὶ
749 729 849 782 φρεσὶ
868 729 999 782 βάλλεο
1016 731 1134 781 σῇσιν,

230 789 306 839 οἵην
327 788 424 835 τάξιν
443 788 572 842 ἔχοντα
593 790 708 841 κυρεῖ·
726 788 824 839 μάλα
841 788 910 842 γὰρ
928 788 1030 842 χρέος
1050 787 1143 827 ἐστὶν

177 865 199 892 ³
226 850 385 902 ἴδμεναι,
402 851 448 894 ὣς
468 848 558 897 αὕτη
575 848 726 902 παρέχει
740 848 839 893 κλέος
856 847 978 901 ἄντυγι
998 846 1121 899 μηνός.

288 922 454 977 (Tzetzes
482 924 645 963 Chiliad.
669 922 758 971 XII,
780 922 853 961 150
882 923 1115 975 probaturus
1138 921 1214 960 Or-

231 984 373 1034 pheum
399 984 510 1021 fuisse
538 985 773 1034 astrologum
791 984 983 1020 librorum
1002 982 1081 1030 ejus
1104 981 1214 1018 initia

237 1044 339 1081 citat.
362 1044 426 1080 Ait
441 1051 568 1081 autem
588 1056 598 1081 :
619 1041 692 1082 Καὶ
713 1043 781 1081 τῶν
801 1040 864 1092 μὲν
885 1040 1106 1094 ἐφημερίδων
1125 1039 1212 1094 Ὀρ-

232 1101 323 1155 φέως
341 1101 434 1154 ἀρχὴ
454 1101 532 1140 τόδε
543 1117 552 1126 ·
569 1101 675 1140 πάντ’
690 1101 794 1148 ἐδάης
811 1102 908 1153 κτλ.)

232 1172 345 1227 Δεῧρό
365 1188 423 1211 νυν
445 1172 555 1212 οὕατά
577 1189 636 1224 μοι
658 1172 817 1227 καθαρὰς
832 1172 943 1229 ’ἀκοάς
961 1189 1001 1211 τε
1021 1172 1214 1222 πετάσσας,

234 1232 373 1270 κέκλυθι
394 1232 491 1277 τάξιν
508 1232 664 1282 ἅπασαν,
681 1231 766 1281 ὅσην
784 1232 989 1286 τεκμήρατο
1011 1232 1160 1283 δαίμων,

234 1291 275 1331 ἔκ
296 1307 332 1330 τε
350 1298 433 1343 μιᾶς
451 1292 574 1337 νυκτὸς
589 1292 645 1340 ἠδ’
665 1291 700 1338 ἐξ
721 1293 794 1337 ἑνὸς
813 1292 947 1344 ἤματος
967 1291 1095 1337 αὕτως.

291 1371 452 1420 (Tzetzes
471 1371 550 1418 Le.
571 1384 579 1407 :
602 1371 685 1410 Τῶν
712 1369 1020 1424 δωδεκαετηρίδων
1046 1370 1075 1409 δ’
1100 1372 1122 1417 ἡ
1149 1385 1215 1409 κα-

233 1428 350 1482 ταρχὴ
371 1430 510 1469 τοιάδε·
531 1428 632 1483 δεῦρό
652 1445 709 1469 νυν
731 1430 827 1483 κτλ.)

564 1508 794 1549 XXXVIII.

232 1583 352 1637 Ἔργα
371 1583 501 1632 νοήσας
517 1585 585 1640 γὰρ
602 1584 771 1638 πατρικὸς
794 1583 870 1629 νόος
890 1583 1136 1637 αὖτογένεθλος

235 1648 343 1683 πᾶσιν
365 1643 562 1697 ἐν“έσπειρεν
585 1644 712 1695 δεσμὸν
734 1643 923 1697 πυριὸριθῆ
944 1644 1091 1696 ἔρωτος,

233 1701 327 1755 ὄφρα
342 1703 387 1740 τὰ
404 1701 522 1741 πάντα
538 1700 627 1755 μένῃ
646 1702 771 1756 χρόνον
787 1704 834 1747 εἷς
850 1701 1048 1757 ἀπέραντον
1066 1704 1216 1755 ἐρῶντα,

239 1760 328 1812 μηδὲ
346 1760 438 1814 πέσῃ
457 1760 501 1801 τὰ
521 1762 654 1815 πατρὸς
674 1764 783 1815 νοερῷ
801 1763 988 1816 ὑφασμένα
1009 1761 1141 1815 φέγγει.

294 1843 465 1892 (Proclus
484 1846 524 1881 in
553 1847 651 1885 Tim.
670 1844 729 1882 111
757 1859 798 1895 p.
834 1844 906 1882 155
940 1846 971 1884 E
992 1859 1001 1882 :
1023 1847 1160 1884 Τοῦτον
1182 1846 1220 1884 δὲ

239 1903 294 1943 τὸν
311 1903 476 1955 μέγιστον
491 1904 551 1943 καὶ
565 1905 783 1944 τελειότατον
799 1905 941 1956 δεσμόν,
957 1904 994 1943 ὃν
1011 1905 1219 1958 περιὸάλλει

233 1964 286 2015 τῷ
319 1962 443 2015 κόσμῳ
479 1963 699 2016 πανταχόθεν
733 1966 751 2002 ὁ
780 1963 898 2017 πατὴρ
925 1965 973 2008 ὡς
993 1964 1109 2018 φιλίας
1135 1963 1219 2004 ὄντα

237 2022 422 2077 ποιητικὸν
455 2022 516 2060 καὶ
550 2025 612 2070 τῆς
644 2022 853 2077 ἐναρμονίου
883 2023 1065 2067 κοινωνίας
1096 2025 1165 2061 τῶν
1183 2025 1217 2062 ἐν

236 2082 353 2135 αὐτῷ,
372 2081 501 2133 δεσμὸν
522 2082 710 2136 πυριὸριθῆ
733 2083 859 2135 ἔρωτος
879 2082 924 2121 τὰ
948 2082 1051 2137 λόγια
1072 2083 1218 2137 προσεί-

240 2156 356 2194 ρηκεν·
384 2141 469 2195 ἔργα
494 2142 622 2190 νοήσας
653 2143 731 2181 κτλ.
761 2147 825 2183 Vs.
863 2150 886 2190 4
917 2143 1007 2194 πέσῃ
1044 2151 1082 2181 et
1110 2147 1219 2198 νοερῷ

237 2202 403 2251 conjecit
423 2205 663 2241 Hermannus
693 2217 765 2254 pro
786 2205 1098 2242 membranarum
1125 2207 1218 2243 scri-

236 2269 353 2312 ptura
374 2261 472 2315 πάσῃ
496 2270 534 2300 et
552 2264 705 2317 νοερῶς.)

189 2352 208 2378 5
237 2337 301 2383 Ὡς
319 2339 354 2377 ἐν
376 2337 478 2393 ἔρωτι
499 2339 587 2393 μένῃ
609 2338 744 2392 κόσμου
765 2346 924 2394 στοιχεῖα
944 2340 1080 2382 θέοντα.

296 2415 467 2467 (Proclus
490 2418 529 2454 in
553 2419 651 2456 Tim.
679 2419 707 2457 l.
740 2432 773 2458 e.
794 2431 804 2457 ε
825 2417 894 2457 Διὰ
917 2419 985 2473 γὰρ
1011 2424 1131 2460 τοῦτον
1159 2419 1217 2459 τὸν

241 2473 355 2526 ἔρωτα
369 2475 487 2514 πάντα
502 2475 681 2529 ἥρμοσται
693 2477 868 2524 ἀλλήλοις·
883 2480 929 2523 ὡς
943 2481 978 2519 ἐν
999 2479 1102 2534 ἔρωτι
1124 2479 1220 2531 μένει

237 2534 316 2573 κτλ.
340 2536 440 2572 Dedi
461 2535 549 2586 μένῃ
570 2550 658 2573 cum
677 2539 930 2590 Hermanno.)

2259 260 2332 295 183

1709 338 1891 379 XXXIX.

1348 408 1475 450 Ἔστιν
1497 410 1540 457 δὴ
1563 408 1707 448 πάντων
1731 408 1825 478 ἀρχὴ
1849 409 1956 454 Ζεύς·
1980 410 2067 456 Ζεὺς
2087 412 2155 465 γὰρ
2176 411 2307 462 ἔδωκε,

1350 462 1423 509 ζῶά
1444 462 1474 502 τ’
1495 461 1691 515 ἐγέννησεν·
1712 478 1773 502 και
1790 465 1877 511 Ζῆν’
1900 464 2005 503 αὐτὸν
2027 466 2212 516 καλέουσι,

1352 522 1414 563 καὶ
1432 521 1502 562 Δία
1523 524 1556 561 τ’
1578 523 1650 571 ἠδ’,
1671 520 1724 562 ὅτι
1746 521 1789 572 δὴ
1820 521 1877 562 διὰ
1908 526 2029 563 τοῦτον
2065 524 2205 563 ἅπαντα
2234 524 2340 565 τέτυ-

2229 584 2338 640 [κται.

1353 636 1403 689 εἷς
1423 642 1460 683 δὲ
1480 641 1602 698 πατὴρ
1624 636 1723 689 οὗτος
1742 644 1899 693 πάντων,
1920 645 2036 698 θηρῶν
2057 659 2095 683 τε
2129 647 2262 698 βροτῶν
2283 662 2336 688 τε.

1411 727 1590 780 (Joannes
1639 727 1837 767 Diaconus
1879 730 2048 780 Allegor.
2091 730 2141 767 ad
2180 730 2341 768 Hesiodi

1354 789 1502 840 Theog.
1524 802 1564 839 p.
1585 788 1662 837 278
1681 788 1742 840 B.)

1762 860 1841 901 XL.

1354 930 1502 987 Ἔρνεσι
1519 932 1685 988 φοινίκων
1706 935 1793 980 ζῶον
1811 932 1841 973 δ’
1855 932 1916 973 ἴσα
1937 933 2175 987 μακραίωσιν.

1413 1012 1657 1063 (Plutarchus
1675 1012 1913 1063 Symposiac.
1937 1014 2006 1050 lib.
2025 1012 2119 1051 VIII
2137 1027 2172 1054 e.
2191 1019 2228 1060 4,
2248 1027 2339 1065 pag.

1360 1071 1437 1109 360
1460 1084 1469 1110 ε
1495 1070 1541 1111 Ὁ
1571 1070 1681 1125 φοίνιξ
1699 1070 1896 1124 μακρόὸιόν
1914 1072 2007 1110 ἐστιν
2028 1073 2062 1110 ἐν
2084 1077 2156 1116 τοῖς
2185 1072 2343 1123 μάλιστα

1357 1132 1428 1168 τῶν
1443 1132 1572 1184 φυτῶν,
1584 1129 1631 1176 ὥς
1644 1146 1711 1170 που
1726 1131 1787 1170 καὶ
1803 1131 1846 1170 τὰ
1859 1130 2014 1184 Ὀρφικὰ
2026 1136 2138 1171 ταῦτα
2154 1131 2343 1185 μεμαρτύ-

1360 1204 1462 1241 ρηκε·
1486 1191 1571 1235 ζῶον
1595 1190 1626 1228 δ’
1649 1183 1730 1228 ’ἴσον
1759 1189 1993 1242 ἀκροκόμοισι
2016 1191 2181 1244 φοινίκων
2209 1191 2340 1246 ἔρνεσι.

1359 1250 1521 1287 Videtur
1540 1257 1658 1300 poeta
1688 1251 1769 1288 haec
1791 1251 1839 1288 de
1868 1264 1985 1288 aurea
2011 1254 2160 1302 generis
2187 1254 2346 1290 humani

1359 1317 1473 1347 aetate
1495 1322 1540 1347 ac
1568 1310 1617 1348 de
1645 1311 1866 1361 longissima
1896 1312 2114 1360 primorum
2147 1314 2345 1350 hominum

1359 1370 1438 1406 vita
1458 1369 1608 1409 dixisse.
1631 1368 1767 1420 Itaque
1789 1383 1941 1408 versum
1960 1373 2129 1418 restitui,
2154 1372 2346 1422 quemad-

1365 1429 1527 1466 modum
1546 1430 1624 1467 loci
1643 1443 1772 1467 sensus
1788 1431 1987 1480 postulare
2002 1430 2235 1483 videbatur.)

1766 1501 1867 1540 XLI.

1363 1571 1512 1622 Πρῶτον
1536 1569 1600 1620 μὲν
1621 1569 1754 1624 πρώτῳ
1775 1569 1824 1609 ἐνὶ
1844 1569 1959 1622 ἤματι
1981 1569 2142 1625 φαίνεται
2161 1569 2283 1625 Ἄρης.

1363 1628 1472 1677 Μήνη
1495 1628 1526 1668 δ’
1544 1628 1593 1673 εἴς
1618 1629 1648 1668 τ’
1667 1627 1778 1683 Ἄρην
1801 1629 2038 1671 ἐπιτέλλεται.
2082 1629 2203 1684 Ἴσχεο
2233 1632 2265 1669 δ’
2285 1630 2347 1685 ἔρ-

2249 1689 2347 1745 [νων.

1361 1746 1466 1795 τήνδε
1484 1747 1554 1801 γὰρ
1572 1746 1771 1794 ἐξανύσασα
1792 1749 1894 1803 φύσις
1914 1749 2060 1803 δίκερων
2085 1749 2285 1801 ἀναφαίνει.

1366 1808 1480 1861 αὐτὰρ
1504 1807 1592 1856 ἐπὴν
1614 1807 1729 1861 τρίτον
1751 1803 1850 1862 ἦμαρ
1870 1809 2068 1863 ἀπόπροθεν
2089 1809 2221 1856 ἠελίοιο

1315 1881 1333 1907 ⁶
1363 1873 1469 1906 πᾶσιν
1491 1867 1722 1921 ἐπιχθονίοισι
1739 1869 1960 1922 φυτοσπόρου
1984 1868 2079 1918 αἰτίη
2103 1870 2236 1920 ἀλκῆς,

1362 1926 1503 1980 τετράδι
1521 1927 1551 1965 δ’
1569 1926 1742 1980 αὐξομένη
1759 1928 1984 1982 πολυφεγγέα
2002 1929 2177 1980 λαμπάδα
2198 1928 2316 1970 τείνει.

1418 2004 1492 2058 (J0.
1522 2008 1674 2044 Tzetzes
1698 2007 1749 2044 ad
1778 2006 1938 2046 Hesiodi
1959 2009 2034 2058 Op.
2058 2016 2096 2045 et
2115 2010 2164 2048 D.
2188 2022 2229 2058 p.
2273 2022 2345 2056 170
2404 2030 2406 2033 ·

1361 2067 1390 2103 B
1425 2067 1477 2103 ait
1504 2069 1699 2104 Ascraeum
1729 2075 1887 2118 poetam
1918 2070 2109 2118 scripsisse
2140 2068 2259 2112 δεινῶς
2286 2067 2348 2107 καὶ

1362 2124 1649 2178 συγκεχυμένως,
1671 2125 1723 2164 ἔτι
1755 2125 1791 2164 δὲ
1814 2127 1970 2181 ψευδῶς,
1998 2126 2059 2165 καὶ
2081 2127 2147 2179 οὐχ
2177 2126 2298 2180 ὥσπερ
2326 2129 2345 2166 ὁ

1363 2184 1474 2235 μέγας
1507 2184 1657 2237 Ὀρφεὺς
1693 2185 1951 2230 διδασκαλικῶς
1970 2202 2009 2224 τε
2040 2185 2101 2225 καὶ
2122 2185 2347 2237 τεταγμένως

1361 2244 1448 2296 πρὸς
1479 2243 1687 2298 εὖκρίνειαν,
1714 2244 1834 2284 καὶτὸ
1857 2245 1962 2284 πλέον
1994 2245 2256 2299 τεχνικωτέρως
2285 2246 2347 2286 καὶ

1363 2304 1516 2351 ἀληθῶς.
1540 2303 1696 2349 Ἐκεῖνος
1719 2304 1782 2356 μὲν
1804 2303 1895 2344 οὕτω
1928 2308 2036 2359 φησί·
2056 2307 2195 2358 πρῶτον
2226 2304 2347 2357 μὲν-

1361 2362 1536 2414 λαμπάδα
1558 2363 1678 2414 τείνει,
1701 2363 1762 2402 καὶ
1783 2363 1931 2412 καθεξῆς
1950 2364 2075 2414 πέντε,
2092 2364 2143 2413 ἕξ,
2162 2365 2269 2419 μέχρι
2285 2368 2348 2414 τῆς

1362 2424 1398 2461 λ.
1421 2422 1500 2460 κτλ.
1524 2421 1633 2460 Idem
1663 2437 1705 2474 p.
1732 2423 1806 2471 175
1830 2427 1864 2462 A
1895 2437 1903 2457 =
1925 2423 2077 2477 Ὀρφεὺς
2108 2424 2143 2463 δὲ
2176 2426 2303 2470 ἐκεῖνος
2328 2427 2346 2464 ὁ

1363 2479 1519 2535 Θρᾴκιος
1540 2484 1574 2520 ἐν
1597 2485 1640 2535 τῇ
1658 2481 1735 2535 περὶ
1755 2482 1927 2536 γεωργίας
1941 2485 1979 2522 οὐ
1995 2483 2059 2531 τὴν
2075 2483 2345 2539 ἁπλῶς-ἡμέραν

1362 2543 1424 2588 τ’ῆς
1456 2540 1605 2589 σελήνης
1634 2542 1699 2589 τὴν
1732 2541 1870 2582 τοιάνδε
1891 2542 1986 2594 λέγει
2012 2545 2219 2593 λυσιτελεῖν,
2243 2544 2264 2592 ἢ
2284 2544 2345 2583 καὶ

157 2606 2337 2626 -ἋἮ--ᾘ

579 2650 785 2689 XXXVlI.

155 2716 272 2749 omnia
301 2717 439 2751 didicisti
453 2743 462 2758 ,
491 2718 600 2752 divine
630 2719 663 2752 in
693 2719 829 2753 dicendo
863 2723 1002 2763 Musaee;
1027 2722 1076 2756 sin
1109 2727 1218 2756 aulem

154 2774 282 2806 animus
295 2799 303 2815 ,
319 2776 511 2816 cognomina
529 2776 616 2809 lunae
634 2776 786 2811 decenter
798 2778 927 2820 audire,
1108 2779 1218 2823 [gestit

157 2832 250 2866 facile
266 2833 325 2866 tibi
339 2834 443 2867 dicam
454 2859 464 2877 ‚
483 2837 516 2868 tu
532 2845 609 2869 vero
626 2839 732 2869 mente
748 2838 893 2880 percipe,

155 2901 255 2934 quem
271 2893 416 2927 ordinem
435 2895 593 2937 liabeant;
607 2905 684 2929 nam
700 2905 830 2931 necesse
848 2899 896 2931 est

154 2951 242 2984 hunc
255 2953 355 2995 scire,
372 2955 449 2995 quia
467 2955 587 2988 mensis
600 2956 670 2989 orbi
684 2958 819 2999 gloriam
835 2959 901 2993 dat.
917 2979 958 2986 —

155 3011 318 3054 Agedum,
334 3022 428 3046 aures
441 3014 520 3047 mihi
536 3019 686 3058 purgatas
700 3017 860 3060 pandens,

154 3070 232 3102 audi
248 3071 395 3105 ordinem
412 3082 543 3107 omnem
561 3084 657 3116 quem
675 3077 808 3118 perfecit
824 3079 904 3112 deus

155 3137 200 3162 ex
215 3139 278 3163 una
293 3134 388 3165 nocte
401 3136 499 3175 atque
512 3143 553 3167 ex
567 3144 632 3167 uno
649 3136 702 3169 die
716 3136 776 3170 hoc
790 3138 898 3171 modo.

566 3196 796 3236 XXXVIII.

157 3260 283 3292 Etenim
302 3270 394 3295 mens
410 3264 542 3305 paterna
558 3274 598 3298 ex
614 3275 647 3299 se
661 3266 729 3308 ipsa
741 3268 817 3301 nata
832 3277 882 3301 res
894 3268 1017 3310 agitans

157 3319 310 3353 omnibus
327 3315 441 3354 indidit
456 3323 571 3358 ardens
585 3326 703 3359 amoris
716 3327 882 3360 vinculum
893 3351 902 3369 ,

159 3378 195 3410 ut
213 3379 321 3412 omnia
338 3386 489 3415 maneant
504 3383 535 3416 in
551 3384 713 3418 inlinitum
731 3387 860 3429 tempus
880 3396 988 3421 amore
1000 3388 1130 3430 iuncta,

157 3445 238 3470 neve
258 3437 373 3472 cadant
389 3441 578 3484 intelligibili
595 3445 693 3486 patris
707 3446 777 3478 luce
794 3446 921 3480 effecta.
935 3467 974 3473 —
1037 3447 1214 3491 [maneant.

159 3498 201 3530 Ut
217 3499 330 3532 mundi
340 3500 498 3536 elementa
509 3504 594 3537 ultro
604 3505 748 3548 citroque
762 3509 977 3541 commeantia
987 3517 1095 3542 amore
1105 3509 1217 3550 juncta

1714 2657 1897 2697 XXXIX.

1280 2736 1338 2768 Est
1360 2744 1439 2768 sane
1466 2738 1658 2769 cunctarum
1675 2746 1783 2771 rerum
1801 2738 1930 2771 initium
1951 2740 2096 2781 Jupiter;
2115 2740 2241 2782 Jupiter
2257 2740 2343 2773 enim

1278 2795 1456 2837 genuitque
1470 2795 1620 2829 animalia
1630 2808 1640 2838 ;
1661 2806 1698 2830 ac
1716 2800 1835 2832 Jovem
1851 2808 1926 2832 eum
1943 2801 2063 2833 vocant
2240 2799 2345 2842 [dedit

1279 2854 1443 2897 simulque
1459 2855 1674 2899 Diespitrem,
1691 2858 1766 2899 quia
1784 2867 1840 2900 per
1858 2867 1933 2892 eum
1952 2859 2101 2892 universa
2117 2861 2202 2893 sunt.

1279 2916 1371 2947 Unus
1390 2923 1468 2948 vero
1486 2914 1538 2948 hic
1554 2917 1643 2957 paler
1658 2917 1707 2950 est
1729 2918 1896 2960 omnium,
1914 2919 2091 2953 bestiarum
2108 2921 2140 2953 et
2159 2919 2342 2954 hominum.

1767 2991 1852 3031 XL.

1281 3066 1439 3100 vivebant
1457 3068 1567 3101 autem
1584 3069 1622 3103 ut
1638 3069 1799 3104 durabiles
1817 3072 1997 3113 palmarum
2018 3073 2109 3105 rami.

1754 3143 1860 3183 XLI.

1281 3213 1424 3248 Primum
1440 3216 1570 3258 quidem
1590 3217 1696 3259 primo
1713 3218 1764 3252 die
1777 3221 1909 3261 apparet
1922 3221 2019 3253 Mars.

1280 3274 1369 3306 Luna
1384 3277 1493 3308 autem
1506 3277 1541 3309 in
1554 3279 1690 3310 Martem
1705 3278 1843 3311 obversa
1857 3279 1973 3311 oritur.
1985 3281 2117 3313 Desiste
2134 3280 2173 3313 de
2187 3281 2340 3323 negotiis;

1278 3332 1361 3366 hanc
1380 3334 1466 3368 enim
1488 3337 1656 3378 perficiens
1673 3341 1788 3370 natura
1810 3338 1972 3372 bicornem
1986 3340 2129 3373 exhibet.

1278 3391 1340 3424 Sed
1356 3394 1527 3435 postquam
1544 3396 1659 3428 tertius
1674 3396 1741 3429 dies
1759 3398 1871 3438 procul
1891 3407 1909 3430 a
1925 3398 1992 3430 sole
2005 3398 2127 3440 [amota
2148 3397 2235 3440 lunA]

1277 3453 1430 3487 omnibus
1446 3455 1636 3489 mortalibus
1649 3457 1716 3489 vim
1733 3458 1904 3499 genitalem
1919 3458 2024 3499 dedit,

1277 3515 1392 3554 quarto
1407 3513 1459 3547 die
1477 3515 1571 3548 aucta
1583 3515 1785 3557 splendidam
1802 3517 1982 3559 lampadem
1997 3516 2169 3559 protendit.
