2612 3814
715 264 770 303 IN
802 259 1132 302 EMPEDOCLIS
1160 259 1447 299 CARMINUM
1478 262 1770 310 RELIQUIAS.
2284 272 2331 304 67

161 369 232 399 aut
246 360 287 398 in
300 357 435 410 μήτρης
448 365 512 395 aut
526 355 630 407 quod
646 362 799 407 poetam
809 352 933 403 magis
943 347 1217 403 ἀεοεῑγαστρός.

171 418 387 469 Utrumque
405 415 557 455 Sturzio
579 414 661 466 jam
682 414 725 452 in
751 420 918 450 mentem
941 418 1126 458 venerat,
1149 408 1219 474 qui

163 487 296 516 tamen
318 489 341 515 a
365 474 681 514 membranarum
713 473 908 524 scriptura
933 483 1014 509 non
1043 475 1216 507 recessit.

171 536 249 587 Ego
266 549 352 575 cum
371 532 658 587 posterioribus
674 530 894 571 editoribus
909 527 1058 582 γαστρός
1071 527 1217 578 recepi.

162 595 357 634 'Caeterum
378 607 459 632 non
475 601 558 631 erat
578 591 684 643 quod
699 590 873 630 Steinius
889 602 1045 628 versum
1061 588 1103 626 in
1116 586 1221 624 hunc

164 655 327 693 modum
349 653 557 703 refingeret
585 666 594 690 z
623 654 658 691 ἐν
677 650 744 704 γὰρ
765 643 965 704 Θερμοτῖρῳ
986 648 1090 702 ἄῤῥεν
1114 647 1222 697 δέμας

169 711 294 751 ἔπλετο
325 710 493 765 γαστρός,
524 709 718 761 siquidem
747 708 785 747 τὸ
805 709 885 747 κατ’
905 707 1034 761 ἅῤῥενα
1065 705 1218 758 (χωρίον)

164 780 270 811 recte
289 784 313 810 a
329 770 534 809 Karstenio
554 769 765 821 exponitur
795 770 893 806 locus
921 767 1088 804 maribus
1109 767 1222 803 desti-

161 842 292 870 natus.
323 831 454 878 Quare
474 830 508 869 si
538 829 667 868 hiatus
693 827 842 867 vitandi
874 839 990 866 causa
1016 824 1223 876 pluraliter

162 890 319 930 -scribas
338 890 377 929 τὸ
394 891 473 929 κατ’
494 888 662 943 ἄῤῥενας,
679 889 789 927 locus
804 900 921 926 sanus
938 894 1053 936 atque
1072 885 1223 934 integer

160 949 256 989 erit.
288 949 366 987 Pro
393 948 666 1001 ἀνδρωδέστεροι
700 946 933 986 Karstenius
962 943 1083 984 scribi
1102 943 1221 995 jussit

169 1005 474 1061 ἇδρομελέστεροι,
494 1019 572 1058 qua
591 1007 832 1045 correctione
856 1013 981 1057 poetae
1001 1002 1123 1042 verba
1142 1016 1222 1040 non

162 1075 294 1117 egent.

222 1125 288 1166 Vs.
325 1125 416 1163 335.
453 1124 681 1163 Aristoteles
711 1123 760 1161 de
792 1121 1075 1162 insecabilibus
1105 1120 1223 1159 lineis

162 1193 267 1223 extr.
286 1197 373 1236 pag.
388 1197 465 1234 972
484 1185 524 1225 b.
539 1184 599 1223 ed.
619 1183 781 1223 Bekker.
804 1197 812 1221 :
831 1181 882 1222 ἔτι
902 1182 1089 1235 ἡγραμμὴ
1107 1181 1166 1220 καὶ
1184 1181 1223 1219 τὸ

170 1242 334 1283 ἐπίπεδον
350 1243 462 1296 ἄρθρα
481 1242 632 1282 ἔσονται·
656 1242 826 1295 ἀνάλογον
845 1242 913 1294 γὰρ
935 1241 1091 1295 ἔχουσιν,
1112 1241 1166 1281 ὅτι
1187 1242 1224 1281 τὸ

169 1301 295 1355 ἄρθρον
330 1301 492 1355 διάφορόν
529 1301 604 1346 πώς
642 1303 747 1342 ἐστιν.
789 1300 843 1341 διὸ
883 1301 945 1341 καὶ
979 1301 1225 1353 Ἐμπεδοκλῆς

163 1360 328 1409 ἐποίησε·
358 1361 410 1400 διὸ
440 1361 494 1399 δεῖ
524 1362 642 1414 ὀρθῶς.
675 1361 925 1412 Empedoclis
957 1361 1105 1399 dictum
1134 1373 1224 1398 cor-

170 1429 327 1473 ruptum
341 1433 425 1459 esse
439 1420 590 1458 indicio
605 1429 663 1459 est
676 1420 891 1460 Martianus
907 1420 1006 1459 Rota
1021 1420 1223 1472 interpres

163 1479 273 1519 hunc
290 1479 480 1519 exhibens
500 1493 656 1518 versum
682 1494 690 1518 ε

252 1555 407 1587 Articulis
423 1557 547 1588 constat
563 1564 690 1597 semper
701 1556 853 1597 junctura
868 1556 1007 1589 duobus.

169 1619 295 1670 Hujus
323 1620 503 1671 vestigiis
534 1621 734 1671 ingressus
768 1621 997 1660 Karstenius
1024 1634 1113 1673 pag.
1151 1620 1223 1666 154

165 1687 294 1717 vatem
315 1679 614 1730 Agrigentinum
635 1681 692 1719 sic
712 1681 893 1732 posuisse
909 1681 1092 1732 opinatus
1112 1689 1170 1719 est
1188 1693 1197 1720 :

224 1765 324 1803 δοιῶν
345 1765 387 1813 δὴ
409 1765 532 1820 ἄρθρον
551 1766 684 1818 μελέων
712 1768 751 1806 ἐκ
768 1766 943 1820 πήγνυται
965 1767 1054 1817 αἰεί,

163 1861 405 1900 quamquam
426 1859 538 1889 antea
556 1850 736 1889 Sturzius
755 1864 845 1903 pag.
873 1857 892 1896 4
904 1853 949 1889 16
968 1852 1112 1891 rectius
1134 1854 1226 1892 scri·

170 1917 299 1959 pserat
325 1923 334 1947 :

227 1989 261 2036 ἐξ
283 1990 423 2044 ἄρθροιν
444 1990 479 2030 δὲ
502 1991 595 2030 δυοῖν
613 1991 746 2046 καρπὸς
763 1991 995 2031 συντάσσεται
1016 1993 1098 2034 αἰεί.

164 2076 310 2116 Verum
325 2108 336 2129 ,
356 2078 433 2117 nisi
455 2079 582 2127 fallor,
604 2092 741 2118 versus
763 2079 1045 2132 Empedocleus
1068 2082 1139 2120 fuit
1160 2096 1169 2119 t

224 2158 324 2196 δοιῶν
346 2157 375 2196 δ’
394 2157 428 2203 ἐξ
451 2159 586 2212 ἄρθρων
608 2159 719 2213 ἁρμὸς
737 2161 985 2213 συμπήγνυται
1007 2161 1088 2202 αἰεί.

224 2246 288 2287 Vs.
313 2248 402 2288 336.
443 2249 550 2299 μηνὸς
584 2250 619 2287 ἔν
654 2250 732 2302 ὀγδ.
772 2249 871 2304 κτλ.]
913 2251 1141 2291 Aristoteles
1180 2253 1228 2292 de

164 2305 314 2344 Gener.
335 2307 465 2346 Anim.
488 2307 554 2358 lv,
577 2308 600 2346 8
621 2322 661 2360 p.
690 2323 763 2357 777
783 2323 817 2348 a.
836 2309 899 2349 ed.
923 2310 1084 2350 Bekker.
1106 2311 1228 2362 εἜμ-

164 2365 341 2412 πεδοκλῆς
360 2366 389 2403 δ’
410 2363 433 2412 ἢ
457 2367 519 2404 οὐκ
539 2367 648 2417 ὀρθῶς
670 2367 916 2418 ὑπελάμίανεν
938 2367 960 2416 ἢ
980 2370 1044 2407 οὐκ
1064 2363 1102 2407 ⁵3
1118 2371 1227 2421 μετή-

165 2438 270 2475 νεγκε
299 2425 471 2472 ποιήσας,
500 2427 546 2469 ὡς
575 2425 615 2464 τὸ
642 2426 736 2478 γάλα
757 2426 864 2476 μηνὸς
884 2429 919 2467 ἐν
945 2428 1114 2480 ὄγδοάτου
1145 2433 1224 2471 κτλ.

167 2483 351 2537 σαπρότης
370 2483 438 2537 γὰρ
452 2484 513 2523 καὶ
531 2485 633 2539 πέψις
649 2486 818 2535 ἐναντίον,
835 2486 874 2526 τὸ
890 2487 925 2526 δὲ
941 2487 1028 2527 πύον
1049 2490 1228 2542 σαπρότης

170 2542 224 2587 τίς
247 2545 358 2591 ἐστιν,
377 2544 415 2583 τὸ
435 2542 470 2582 δὲ
497 2544 590 2596 γάλα
609 2547 678 2583 τῶν
701 2545 951 2597 πεπεμμένων.
974 2547 1227 2599 Empedocles

170 2600 260 2640 πύον
292 2602 414 2641 λευκὸν
442 2617 516 2653 pus
541 2605 669 2641 album
701 2614 816 2643 vocat
846 2608 905 2643 lac
937 2612 1084 2654 matris,
1122 2610 1225 2659 quod

174 2660 379 2699 Aristoteli
417 2661 723 2713 reprehensione
751 2663 912 2714 dignum
939 2665 1111 2706 videtur.
1139 2667 1227 2705 Ari-

174 2720 324 2759 stotelis
356 2719 479 2759 verba
515 2721 632 2772 longa
669 2723 900 2774 paraphrasi
935 2725 1098 2776 exponit
1134 2727 1227 2764 Phi-

173 2779 340 2831 loponus
373 2781 415 2818 in
453 2780 492 2820 h.
529 2781 556 2818 l.
594 2780 620 2819 f.
659 2794 728 2819 101
765 2782 808 2821 B.
840 2782 917 2821 Sed
955 2785 1226 2836 Empedoclem

172 2837 276 2892 πέψιν
296 2847 334 2877 et
351 2841 456 2892 σῆψιν
473 2840 575 2878 idem
591 2853 675 2878 esse
689 2840 979 2893 judicassejam
997 2843 1047 2882 ad
1069 2857 1128 2883 vs.
1148 2847 1226 2885 288

166 2897 484 2938 observavimus.

225 2957 292 2997 Vs.
315 2959 406 3007 337.
435 2960 553 3010 γνῶθ’,
586 2958 639 2996 ὅτι
675 2958 771 3014 κτλ.]
805 2960 1039 3002 Plutarchus
1080 2963 1225 3010 Quaest.

170 3016 257 3056 Nat.
282 3030 371 3068 pag.
400 3019 467 3069 96,
494 3018 574 3056 vol.
610 3018 662 3056 IX
681 3032 771 3070 pag.
800 3021 893 3068 627,
916 3021 1135 3073 subjunctis
1167 3023 1228 3062 his

168 3076 307 3116 verbis
327 3092 336 3115 ε
358 3079 396 3116 οὗ
414 3077 482 3130 γὰρ
499 3078 595 3124 ζώων
614 3078 718 3128 μόνον
736 3079 814 3119 οὐδὲ
834 3084 950 3133 φυτῶν
971 3081 1048 3120 οὐδὲ
1065 3086 1129 3134 γῆς
1149 3083 1227 3122 οὐδὲ

175 3134 376 3186 θαλάσσης,
399 3136 490 3176 ἀλλὰ
513 3136 575 3175 καὶ
602 3137 707 3176 λίθων
741 3137 879 3178 ἄπεισιν
901 3141 1089 3193 ἐνδελεχῶς
1110 3142 1227 3181 πολλὰ

175 3193 333 3247 ῥεύματα
353 3195 413 3234 καὶ
431 3198 569 3249 χαλκοῦ
585 3196 645 3236 καὶ
664 3197 820 3251 σιδήρου.
838 3198 992 3251 Spectat
1011 3200 1075 3238 hic
1091 3213 1228 3240 versus

170 3269 263 3294 >cum
284 3256 538 3307 sequentibus
556 3257 604 3295 ad
624 3271 753 3296 rerum
771 3260 948 3298 omnium
973 3260 1224 3301 incrementa.

177 3314 354 3353 Declarat
370 3316 473 3353 enim
487 3325 600 3367 poeta
614 3345 624 3364 ‚
644 3318 840 3369 quomodo
858 3332 1024 3371 corpora
1039 3329 1226 3368 crescant,

174 3371 343 3419 alantur,
358 3383 572 3425 senescant,
586 3376 826 3417 minuantur.
837 3377 991 3429 Quippe
999 3385 1225 3416 cunctorum

171 3429 335 3468 esssuvia
354 3442 438 3469 esse
456 3433 608 3481 statuit,
631 3435 775 3485 quibus
795 3436 902 3474 aliud
918 3436 985 3474 alii
1003 3437 1226 3477 misceatur.

172 3486 318 3526 ‘Verum
339 3489 438 3529 hanc
457 3492 686 3532 mixtionem
713 3495 769 3533 sic
798 3496 1001 3543 informat,
1023 3505 1063 3533 ut
1084 3496 1229 3534 similia

1279 356 1462 399 appetant
1492 347 1639 386 similia
1658 356 1696 386 et
1715 357 1878 398 cognata
1902 363 1989 387 cum
2020 350 2196 400 cognatis
2228 364 2336 388 com-

1280 408 1467 446 mercium
1481 407 1661 447 habeant.
1678 407 1799 459 Apud
1812 408 2063 447 Plutarchum
2079 410 2221 460 legitur
2236 410 2338 462 γνοὺς

1280 475 1318 505 et
1335 467 1540 521 ἀπόρροιαι,
1558 480 1644 518 quae
1657 467 1912 506 suadentibus
1927 468 2179 507 Wakefieldio
2192 469 2239 508 ad
2259 470 2337 509 Lu-

1281 534 1376 566 cret.
1402 526 1476 574 lll,
1500 526 1574 574 517
1596 534 1634 564 et
1654 526 1786 565 Naekio
1806 527 1846 564 in
1868 527 2033 566 Clioeril.
2063 540 2102 580 p.
2133 528 2203 566 181
2235 538 2338 568 recte

1283 585 1511 625 Karstenius
1530 588 1571 624 in
1590 587 1693 638 γνῶθ’
1711 595 1750 625 et
1767 586 1937 640 ἀπορροαὶ
1960 589 2166 626 convertit.

1334 645 1418 686 Vss.
1442 646 1634 696 338-339.
1654 645 1887 685 Plutarchus
1903 645 2084 698 Sympos.
2108 646 2159 684 lv
2182 661 2222 699 p.
2242 649 2336 699 663,

1280 705 1517 757 vol.Vlle.
1535 706 1611 744 632
1633 707 1694 744 ed.
1714 705 1843 745 Reisk.
1858 718 1867 744 τ
1881 704 1950 743 εἴτε
1970 707 2038 758 γὰρ
2057 705 2091 751 ἐξ
2108 706 2238 757 ὁμοίων
2253 709 2338 746 ἀνα-

1282 764 1458 815 λαμὸάνει
1479 765 1517 804 τὸ
1537 767 1662 804 οἰκεῖον
1679 768 1700 812 ἠ
1722 764 1821 817 φύσις
1840 764 1900 803 καὶ
1923 766 1970 809 εἷς
1990 765 2047 804 τὸν
2069 764 2172 817 ὄγκον
2197 767 2338 806 αῧτόθεν

1282 825 1304 870 ἡ
1322 824 1464 873 ποικίλη
1482 824 1594 878 τροφὴ
1612 823 1746 869 πολλὰς
1770 827 1929 875 μεθιεῖσα
1950 824 2138 873 ποιότητας
2158 825 2193 871 ἐξ
2214 827 2340 874 ἑαυτῆς

1283 882 1422 937 ἑκάστῳ
1442 883 1541 937 μέρει
1560 882 1599 922 τὸ
1617 882 1813 936 πρόσφορον
1830 882 2052 931 ἀναδίδωσιν,
2070 878 2163 923 ὥστε
2183 884 2340 936 γίνεσθαι

1282 940 1322 979 τὸ
1338 947 1398 982 τοῦ
1416 941 1710 992 Ἐμπεδοκλέους·
1726 944 1773 987 ὡς
1788 942 1897 994 γλυκὺ
1913 943 1976 992 μὲν
1992 943 2050 982 ἐπὶ
2064 943 2173 993 γλυκὺ
2187 943 2341 995 μάρπτε,

1283 1001 1408 1052 πικρὸν
1431 1001 1464 1041 δ’
1484 1001 1542 1040 ἐπὶ
1573 998 1697 1055 πικρὸν
1728 1001 1870 1053 ὄρουσε,
1893 1002 1951 1047 ὀξὺ
1973 1003 2002 1041 δ’
2023 1002 2079 1041 ἐπ’
2097 1003 2169 1053 ὀξὺ,
2197 1005 2341 1057 δαλερὸν

1284 1060 1432 1114 δαλεροῦ
1452 1061 1592 1100 λαὸέτω
1604 1092 1615 1110 ,
1634 1061 1703 1100 ubi
1728 1061 1762 1099 Τ
1764 1061 1906 1100 urnebi
1935 1062 2059 1100 codex
2080 1062 2137 1108 ὀξὺ
2159 1062 2188 1101 δ’
2208 1064 2264 1102 ἐπ’
2283 1064 2340 1110 ὀξὺ

1285 1118 1369 1169 ἔὸη,
1391 1121 1529 1174 δολερὸν
1559 1121 1700 1174 δολεροῦ
1731 1119 1852 1159 λάὸετ’
1884 1115 1964 1160 ὧδε.
1986 1122 2043 1160 De
2071 1122 2172 1161 cibis
2197 1131 2236 1162 et
2267 1137 2342 1162 nu-

1285 1181 1469 1219 trimento
1500 1181 1593 1219 item
1629 1181 1795 1232 loquens
1818 1181 2041 1221 Macrobius
2072 1183 2231 1224 Saturn.
2267 1184 2339 1222 lib.

1284 1239 1367 1289 Vll,
1382 1241 1403 1279 5
1420 1256 1428 1279 :
1445 1241 1609 1292 Singula
1622 1241 1917 1291 autem,inquit,
1932 1241 1978 1278 ad
1992 1254 2032 1280 se
2042 1242 2340 1281 similitudinem

1285 1300 1347 1338 sui
1380 1314 1537 1352 rapere,
1560 1300 1668 1339 testis
1700 1309 1758 1339 est
1777 1300 2031 1352 Empedocles
2066 1301 2135 1352 qui
2168 1301 2223 1339 ait
2258 1316 2268 1339 :
2297 1301 2343 1345 ὣς

1285 1358 1394 1411 γλυκὺ
1416 1359 1479 1411 μὲν
1493 1358 1603 1411 γλυκὺ
1621 1359 1784 1412 μάρπτε,
1801 1359 1926 1411 πικρὸν
1945 1359 1976 1397 δ’
1991 1359 2049 1399 ἐπὶ
2066 1359 2189 1413 πικρὸν
2203 1359 2341 1414 ὄρουσε·

1285 1418 1343 1464 ὀξὺ
1363 1421 1392 1457 δ’
1422 1421 1476 1459 ἐπ’
1493 1418 1551 1464 ὀξὺ
1572 1418 1658 1471 ἔὸη,
1681 1418 1806 1471 θερμὸν
1828 1420 1860 1457 δ’
1879 1418 2070 1471 ἑποχεύετο
2098 1421 2229 1472 θερμῷ.
2258 1420 2344 1458 Ma-

1286 1478 1464 1518 crobium
1479 1479 1604 1530 liquet
1618 1487 1743 1529 poetae
1761 1477 1882 1516 verba
1899 1478 1956 1516 sic
1970 1491 2158 1526 servasse,
2178 1487 2221 1517 ut
2237 1481 2345 1518 nulla

1286 1539 1375 1577 vitii
1390 1539 1449 1577 vel
1462 1538 1756 1590 depravationis
1767 1538 1941 1590 suspicio
1955 1538 2020 1577 sit.
2033 1537 2129 1576 Nam
2145 1551 2194 1576 ne
2206 1541 2345 1591 priora

1285 1599 1489 1648 attingam,
1504 1606 1676 1636 extrema
1689 1597 1815 1649 θερμὸν
1833 1598 1863 1635 δ’
1881 1596 2069 1650 ἕποχεύετο
2086 1599 2204 1651 θερμῷ
2221 1599 2343 1650 aptis-

1286 1658 1384 1697 sime
1414 1658 1646 1696 efferuntur.
1668 1657 1863 1696 Nimirum
1884 1658 2065 1710 ἐποχεύειν
2095 1658 2202 1709 quod
2221 1660 2343 1710 vulgo

1286 1717 1335 1756 de
1355 1730 1461 1756 mare
1479 1717 1660 1756 feminam
1676 1716 1835 1755 ineunte
1851 1716 2011 1764 dicitur,
2031 1717 2209 1755 hocloco
2224 1718 2343 1757 latius

1287 1786 1406 1828 patet,
1433 1786 1476 1816 ut
1499 1775 1728 1830 ἐποχεύεσθαι
1748 1776 1848 1814 nihil
1869 1777 1919 1814 sit
1939 1777 2016 1815 nisi
2046 1781 2202 1817 misceri.
2234 1778 2343 1824 Quo-

1287 1837 1391 1875 circa
1403 1851 1491 1875 cum
1506 1837 1660 1875 Sturzio
1670 1835 1912 1874 Macrobium
1930 1845 2084 1875 secutus
2099 1850 2198 1876 sum.
2215 1837 2343 1884 Quum

1287 1905 1413 1934 autem
1428 1896 1557 1934 simile
1575 1895 1623 1933 ad
1639 1895 1769 1934 simile
1789 1895 1882 1934 ferri
1899 1895 2154 1946 Empedocles
2174 1897 2344 1935 tradide-

1288 1957 1341 1994 rit
1360 1957 1480 2007 idque
1496 1956 1625 2007 ipsum
1646 1955 1709 1993 his
1727 1954 1930 2002 versibus,
1955 1956 1990 1994 si
2010 1955 2209 1993 Macrobio
2228 1956 2339 2004 fides,

1287 2015 1520 2066 expresserit
1543 2027 1647 2052 :non
1667 2022 1751 2052 erat
1763 2013 1870 2065 quod
1889 2014 1937 2052 de
1951 2014 2047 2053 solis
2062 2015 2243 2064 gustibus
2255 2029 2341 2054 eum

1289 2074 1398 2125 loqui
1412 2074 1530 2113 vellet
1541 2073 1787 2111 Steinhartus
1798 2072 1989 2111 Meletem.
2002 2073 2150 2113 Plotin.
2166 2087 2254 2126 pag.
2279 2077 2343 2122 60,

1288 2133 1521 2184 rejectisque
1532 2132 1681 2171 ultimis
1693 2130 1827 2170 verbis
1841 2132 1966 2184 θερμὸν
1982 2133 2013 2170 δ’
2026 2133 2214 2184 ἐποχεύετο
2225 2136 2344 2187 θερμῷ

1287 2192 1402 2230 aliam
1433 2192 1670 2242 excogitaret
1700 2191 1913 2230 clausulam
1941 2190 2030 2230 λοίὸε
2050 2191 2081 2229 δ’
2100 2192 2255 2244 ἁλμυρὸν
2277 2189 2345 2231 ἆλ-

1290 2250 1398 2303 μυρὸν
1434 2245 1516 2290 ὧδε.
1555 2249 1829 2302 Improbandae
1846 2251 1964 2288 etiam
1990 2258 2137 2288 caeterae
2166 2252 2342 2290 virorum

1287 2311 1492 2349 doctorum
1509 2310 1746 2361 conjecturae
1758 2323 1779 2349 e
1793 2309 1939 2361 quibus
1957 2309 2174 2349 Lobeckius
2188 2310 2343 2362 Ῥηματ.

1289 2383 1375 2421 pag.
1408 2384 1480 2408 201
1516 2378 1555 2407 et
1584 2369 1659 2407 355
1695 2369 1798 2421 apud
1827 2369 2071 2407 Macrobium
2108 2369 2228 2408 scribi
2259 2372 2346 2409 vult

1288 2428 1414 2479 θερμὸν
1447 2429 1477 2467 δ’
1509 2426 1703 2479 ἐπεχεύατο
1737 2430 1855 2482 θερμῷ
1887 2437 1925 2466 et
1956 2429 2060 2480 apud
2089 2429 2343 2470 Plutarchum

1289 2488 1434 2541 δαλερὸν
1455 2489 1591 2542 δαλερῷ
1624 2487 1653 2527 δ’
1682 2489 1858 2540 ἐπεχεῒτο.
1888 2489 1987 2534 Quis
2018 2489 2239 2528 inauditum
2271 2491 2346 2530 hoc

1289 2547 1523 2586 vocabulum
1558 2547 1657 2585 tueri
1688 2548 1841 2598 potest?
1870 2547 2018 2599 Nempe
2046 2549 2243 2600 sapienter
2262 2551 2343 2601 jani

1288 2607 1486 2658 Xylander
1502 2606 1550 2644 ad
1570 2606 1767 2645 Plutarchi
1794 2607 1923 2645 locum
1955 2616 2176 2655 notaverat,
2206 2609 2345 2662 Empe-

1288 2667 1412 2705 doclis
1445 2679 1585 2705 versus
1614 2665 1672 2704 ibi
1702 2675 1908 2718 corruptos
1931 2679 1953 2704 e
1982 2666 2184 2706 Macrobio
2220 2671 2345 2707 corri-

1288 2726 1434 2776 gendos
1445 2739 1542 2773 esse,
1559 2725 1636 2764 nisi
1649 2725 1747 2764 forte
1764 2725 1848 2764 fieri
1864 2726 2008 2778 potuit,
2023 2734 2067 2764 ut
2084 2726 2345 2780 philosophus

1289 2784 1434 2837 δαλερὸν
1453 2797 1475 2822 a
1492 2783 1594 2829 δαλὸς
1615 2789 1742 2822 titione
1761 2786 1914 2836 poetice
1936 2799 2008 2837 pro
2037 2788 2166 2824 calido
2182 2787 2342 2828 dixerit.

1289 2845 1339 2882 At
1358 2843 1486 2882 obstat
1504 2860 1524 2881 α
1545 2843 1694 2882 vocalis
1716 2856 1897 2882 mensura
1913 2857 1999 2895 quae
2015 2853 2058 2882 ut
2078 2846 2119 2883 in
2137 2845 2240 2889 δαλὸς
2256 2860 2346 2898 pro-

1288 2904 1444 2942 ducitur
1471 2903 1534 2955 (cf.
1554 2903 1668 2943 Hom.
1683 2903 1758 2941 Od.
1779 2903 1850 2943 lib.
1868 2903 1912 2943 V.
1930 2905 2023 2952 4883
2046 2904 2290 2958 Hesiod.Op.
2309 2916 2347 2944 et

1289 2963 1334 3001 D.
1353 2976 1413 3003 vs.
1436 2964 1546 3015 703),
1564 2963 1619 3001 ita
1650 2962 1693 3000 in
1713 2962 1857 3015 δαλερός
1874 2963 2022 3015 corripi
2044 2977 2123 3002 non
2144 2974 2283 3016 posset,
2308 2967 2341 3004 si

1288 3021 1482 3073 ejusmodi
1501 3035 1636 3061 vocem
1654 3035 1677 3061 a
1692 3022 1892 3061 veteribus
1910 3032 2133 3076 usurpatam
2150 3037 2234 3063 esse
2252 3038 2343 3064 con—

1288 3090 1420 3121 staret.
1446 3085 1568 3121 Nemo
1587 3095 1683 3120 vero
1706 3082 1775 3120 tali
1805 3082 1978 3132 epitheto
2015 3096 2106 3122 usus
2141 3092 2211 3124 est.
2242 3084 2346 3130 Qua-

1289 3151 1451 3194 propter
1466 3142 1693 3195 Leopardus
1722 3142 1923 3183 Emendat.
1945 3143 2050 3191 Vlll,
2075 3158 2122 3182 io
2142 3144 2228 3196 ejus
2258 3145 2345 3183 loco

1289 3201 1440 3255 μαλερόν
1458 3211 1501 3241 ut
1517 3210 1731 3254 poneretur
1747 3211 1882 3240 auctor
1904 3203 1990 3241 fuit.
2008 3203 2151 3242 Parum
2177 3205 2343 3254 cogitate

1288 3261 1409 3311 igitur
1429 3261 1659 3300 Karstenius
1680 3263 1812 3300 versui
1834 3262 1969 3299 intulit
1989 3262 2134 3314 δαλερὸν
2156 3262 2293 3313 δαλερῷ
2314 3262 2343 3300 δ’

1288 3323 1480 3372 ἐποχεῦτο,
1506 3321 1598 3359 licet
1616 3320 1733 3359 etiam
1760 3323 1920 3373 ἐποχεῖτο
1947 3329 1985 3359 et
2013 3321 2178 3373 ἐπόχευεν
2199 3335 2343 3373 propo-

1288 3381 1427 3426 suerit,
1443 3393 1612 3430 quorum
1628 3381 1824 3431 posterius
1837 3380 1986 3418 Steinio
2002 3380 2149 3419 arrisit.
2169 3381 2344 3431 Denique

1288 3450 1337 3476 ne
1356 3440 1444 3489 quis
1464 3438 1609 3476 nodum
1631 3439 1672 3476 in
1693 3439 1827 3491 scirpo
1852 3447 2021 3490 quaerat,
2043 3438 2143 3477 addo
2164 3439 2345 3488 quemad-

1290 3490 1445 3536 modum
1457 3498 1496 3536 in
1510 3498 1645 3549 priore
1654 3511 1770 3537 versu
1779 3498 1909 3537 dulcia
1919 3498 2061 3537 amaris
2070 3507 2340 3549 opponuntur,

2198 3569 2224 3596 55.
