2612 3814
659 281 711 320 IN
741 279 1069 320 EMPEDOCLIS
1100 278 1381 330 CARMINUM
1412 279 1706 328 RELIQUtAS.

107 373 358 426 ἔμπεδόκαρπα
369 373 514 424 καρπῶν
529 369 711 424 ἀφθονίῃσι
727 368 807 408 κατ’
822 368 910 421 ἠέρα
921 367 1025 407 πάντ’
1040 370 1155 407 ἐνιαυ-

104 431 174 472 τόν.
186 432 232 471 In
243 433 364 470 altero
378 443 494 469 versu
507 443 579 482 pro
592 430 738 482 καρπῶν
748 429 975 467 Karstenius
989 426 1156 466 malebat

52 506 57 511 ·
105 491 244 544 μήλων,
262 490 434 540 Scaliger
450 498 575 528 autem
591 502 662 540 pro
682 488 815 540 inepto
827 489 904 526 κατ’
919 487 1008 541 ἠέρα
1024 487 1155 526 versui

104 551 237 590 intulit
264 550 419 602 κατήρεα
448 562 524 600 qua
555 548 825 587 emendatione
855 548 955 586 nihil
988 547 1153 585 felicius.

103 609 168 648 Sic
187 618 226 648 et
251 608 441 647 Nicander
466 606 585 647 Ther.
606 620 663 646 vs.
684 608 736 657 69
752 605 926 644 λασίοισιν
944 605 997 644 ἀεὶ
1017 605 1154 659 φύλλοι-

104 683 138 706 σι
175 667 345 721 κατήρης.
366 666 501 718 Itaque
526 679 606 704 non
634 679 792 716 egemus
816 665 1002 703 Lobeckii
1026 663 1154 715 conje-

103 736 211 766 ctura
236 726 385 765 Pathol.
414 739 454 777 p.
489 738 566 776 209
593 725 797 777 proposita
824 723 981 776 κατήορα
1002 723 1030 764 i.
1053 736 1087 762 e.
1108 716 1155 761 ὧν

101 785 450 840 κατακρεμάννυνται
470 783 616 836 καρποί.

153 845 236 884 Vss.
270 846 464 894 437-439.
494 842 724 882 Aristoteles
755 842 866 882 Rhet.
884 842 918 889 Ι,
946 843 992 880 13
1017 854 1026 879 ε
1047 838 1156 879 Ἔστι

101 903 185 956 γάρ,
206 902 225 943 ὃ
250 900 485 955 μαντεύονταί
507 918 541 940 τι
569 901 718 949 πάντες,
748 901 850 954 φύσει
881 899 996 939 κοινὸν
1021 898 1154 938 δίκαιον

101 962 161 1002 καὶ
193 963 325 1011 ἄδικον,
358 960 422 1001 κᾶν
442 960 600 1013 μηδεμία
623 960 788 999 κοινωνία
821 958 908 1012 πρὸς
940 958 1112 1005 ἀλλήλους
1131 952 1154 1010 ᾗ

102 1021 191 1071 μηδὲ
210 1021 376 1069 συνθήκη,
405 1015 474 1059 οἷον
493 1020 554 1059 καὶ
582 1023 604 1068 ἡ
628 1018 842 1074 Σοφοκλέους
869 1017 1046 1069 Ἀντιγόνη
1071 1018 1153 1069 (vs.

102 1081 202 1132 456)
218 1079 379 1135 φαίνεται
392 1080 556 1131 λέγουσα,
577 1079 630 1117 ὅτι
646 1078 777 1118 δίκαιον
792 1077 1027 1130 ἀπειρημένον
1046 1077 1155 1130 θάψαι

100 1139 157 1179 τὸν
173 1139 385 1188 Πολυνείκη,
406 1141 453 1183 ὥς
474 1138 573 1192 φύσει
586 1137 623 1178 ὂν
640 1142 741 1177 τοῦτο
766 1137 912 1176 δίκαιον

207 1228 246 1266 οὐ
262 1226 328 1280 γάρ
345 1242 377 1264 τι
393 1229 451 1264 ν’ὗν
468 1241 507 1276 γε
525 1223 663 1276 κάχθές,
684 1225 761 1262 ἀλλ’
783 1221 838 1262 ἀεί
857 1238 940 1262 ποτε

209 1288 249 1340 ζῆ
269 1289 383 1335 τοῦτο,
398 1284 531 1328 κούδεὶς
548 1278 635 1323 οἶδεν
657 1282 692 1327 ἐξ
712 1281 791 1321 ὅτου
813 1277 934 1334 ’φάνη.

100 1374 161 1413 καὶ
179 1375 226 1417 ὣς
259 1372 505 1424 Ἐμπεδοκλῆς
535 1370 629 1423 λέγει
661 1369 741 1422 περὶ
766 1372 825 1408 τοῦ
857 1368 906 1420 μὴ
942 1368 1086 1407 κτείνειν
1117 1367 1156 1407 τὸ

99 1432 275 1485 ἔμψυχον·
296 1436 397 1471 τοῦτο
422 1430 489 1483 γὰρ
510 1431 549 1469 οὔ
576 1429 647 1468 τισὶ
667 1429 731 1480 μὲν
761 1428 894 1468 δίκαιον
911 1428 984 1467 τισὶ
1004 1429 1034 1467 δ’
1050 1430 1087 1467 οὐ
1105 1429 1155 1466 δί-

99 1507 214 1542 καιον,
237 1490 328 1529 ἀλλὰ
348 1489 387 1528 τὸ
409 1489 471 1541 μὲν
490 1489 630 1529 πάντων
648 1489 797 1540 νόμιμον
820 1489 900 1528 κτλ.
917 1488 982 1528 Vs.
1010 1489 1084 1536 437
1108 1501 1157 1526 ex

100 1550 309 1590 Aristotele
342 1550 399 1589 sic
428 1550 634 1589 restituere
665 1556 826 1586 conatus
854 1556 912 1586 est
941 1547 1119 1586 Sturzius
1145 1562 1154 1586 ι

31 1625 43 1640 ’«
99 1611 138 1649 οὗ
157 1609 301 1649 πέλεται
320 1614 392 1653 τοῖς
424 1608 487 1659 μὲν
515 1608 648 1647 δίκαιον
679 1607 780 1656 τόδε,
805 1607 876 1647 τοῖς
903 1606 933 1645 δ’
952 1606 1153 1657 ἀθέμιστον.

101 1667 256 1707 Rectius
276 1667 505 1706 Karstenius
521 1681 530 1705 ι
545 1669 583 1706 οὔ
598 1666 743 1706 πέλεται
754 1669 824 1708 τοῖς
839 1664 904 1715 μὲν
925 1664 1064 1715 θεμιτὸν
1079 1664 1156 1703 τόδε

99 1727 178 1765 κτλ.
195 1739 310 1777 quem
330 1734 483 1765 secutus
502 1739 602 1765 sum.
627 1725 692 1764 Vs.
715 1724 794 1774 439
814 1725 923 1775 αὐγῆς
944 1724 1033 1762 dedi
1051 1723 1156 1775 quod

38 1785 43 1788 ’
98 1793 246 1823 veteres
266 1784 489 1823 Aristotelis
510 1784 701 1823 editiones
727 1791 765 1822 et
791 1783 972 1822 nonnulli
995 1783 1157 1822 Bekkeri

99 1842 254 1881 codices
282 1841 468 1894 praebent.
490 1842 577 1894 lpse
603 1842 797 1881 Bekkerus
817 1841 996 1892 vulgavit
1024 1835 1069 1879 αὖ
1094 1845 1158 1893 γ’ἧς

99 1913 212 1952 quam
241 1901 446 1939 lectionem
466 1900 638 1951 Scaliger
657 1900 772 1939 etiam
796 1901 838 1939 in
866 1900 972 1938 libro
1000 1899 1156 1950 Lugdu-

56 1981 60 1984 ·
98 1959 290 1998 nobatavo
314 1960 527 1998 annotavit.
550 1959 619 1997 Est
648 1967 775 1997 autem
809 1957 899 2010 αὐγὴ
929 1958 1156 2011 Empedocli

99 2018 240 2057 coelum
263 2018 357 2057 solis
377 2019 462 2057 luce
482 2018 764 2057 collustratum.
789 2017 848 2056 Cf.
870 2031 930 2056 vs.
958 2019 1046 2058 123.

150 2077 235 2116 Vss.
259 2076 600 2122 440-441.Sextus
614 2076 835 2128 Empiricus
854 2076 941 2114 adv.
956 2076 1074 2116 math.
1087 2076 1155 2124 lx,

102 2150 174 2184 127
193 2149 202 2174 ε
218 2137 265 2176 Οἱ
276 2135 339 2184 μὲν
357 2130 416 2175 οῧν
430 2134 510 2188 περὶ
523 2135 583 2174 τὸν
603 2135 812 2187 Πυθαγόραν
828 2134 889 2173 καὶ
902 2134 960 2173 τὸν
981 2134 1158 2185 Ἐμπεδο-

99 2196 185 2235 κλέα
204 2196 347 2236 καὶτῶν
362 2195 512 2236 Ἰταλῶν
525 2194 657 2242 πλῆθός
671 2210 758 2247 φασι
772 2194 821 2245 μὴ
843 2194 948 2244 μόνον
967 2194 1052 2244 ἡμῖν
1072 2194 1158 2247 πρὸς

98 2255 271 2303 ἀλλήλους
297 2255 358 2294 καὶ
384 2253 470 2306 πρὸς
502 2254 582 2298 τοὺς
610 2253 707 2299 θεοὺς
735 2246 823 2292 εἷναί
853 2268 931 2292 τινα
957 2253 1155 2302 κοινωνίαν,

99 2315 190 2354 ἀλλὰ
208 2314 269 2354 καὶ
289 2314 375 2367 πρὸς
402 2313 446 2352 τὰ
479 2312 591 2365 ἄλογα
617 2313 689 2352 τῶν
719 2310 828 2366 ζῴων·
848 2311 885 2351 ἓν
901 2311 968 2365 γὰρ
986 2312 1157 2365 ὑπάρχειν

99 2378 238 2422 πνεῦμα
250 2374 291 2414 τὸ
307 2373 362 2412 διὰ
377 2372 507 2417 παντὸς
525 2377 585 2413 τοῦ
601 2371 735 2423 κόσμου
752 2373 871 2419 διῆκον
885 2374 999 2425 ψυχῆς
1012 2372 1156 2425 τρόπον,

98 2433 138 2474 τὸ
157 2434 218 2472 καὶ
234 2435 330 2473 ἑνοῦν
346 2435 442 2482 ἡμᾶς
467 2431 551 2485 πρὸς
575 2434 705 2471 ἐκεῖνα.
724 2431 854 2483 Διόπερ
877 2431 937 2469 καὶ
966 2431 1158 2477 κτείνοντες

100 2491 190 2532 αὐτὰ
209 2491 270 2530 καὶ
290 2496 366 2536 ταῖς
386 2491 506 2544 σαρξὶν
527 2491 643 2529 αὐτῶν
661 2490 867 2544 τρεφόμενοι
888 2489 1100 2541 ἀδικήσομέν
1120 2507 1156 2530 τε

46 2562 53 2571 ·
99 2551 160 2592 καὶ
177 2552 398 2602 ἀσεὸήσομεν
418 2553 466 2595 ὡς
494 2550 670 2602 συγγενεῖς
695 2552 930 2603 ἀναιροῦντες.
950 2547 1077 2589 Ἔνθεν
1097 2550 1157 2589 καὶ

99 2610 278 2664 παρῄνουν
295 2605 389 2650 οὗτοι
408 2611 439 2649 οἱ
459 2608 640 2663 φιλόσοφοι
662 2606 857 2661 ἀπέχεσθαι
879 2610 949 2646 τῶν
972 2607 1156 2662 ἐμψύχων,

99 2669 161 2710 καὶ
182 2669 322 2709 ἀσεὸεῒν
340 2669 491 2723 ἔφασκον
511 2669 588 2707 κτλ.
600 2667 661 2707 καὶ
682 2667 932 2719 Ἐμπεδοκλῆς
951 2666 1017 2706 πού
1034 2683 1155 2721 φησιν·

100 2729 138 2768 οὖ
169 2729 352 2768 παύσασθε
383 2729 461 2768 κτλ.
503 2727 582 2765 Pro
612 2726 727 2779 φόνοιο
756 2725 924 2778 δυσηχέος
955 2726 1038 2765 noli
1069 2741 1155 2765 cum

101 2789 268 2839 Bergkio
280 2787 446 2836 δυσηκέος
457 2786 709 2826 substituere.
722 2785 910 2824 Caeterum
929 2785 1000 2824 hos
1020 2798 1156 2825 versus

101 2860 187 2892 cum
208 2846 461 2898 sequentibus
480 2845 622 2883 latinos
640 2844 730 2883 fecit
755 2844 981 2883 Chalcidius
994 2845 1036 2882 in
1056 2844 1155 2885 Plat.

100 2906 202 2947 Tim.
222 2919 259 2959 p.
279 2906 367 2945 286,

152 2965 234 3004 Vss.
272 2969 446 3013 442-447
489 2962 759 3015 superioribus
790 2962 995 3014 subjungit
1022 2962 1158 3002 Sextus

102 3023 321 3076 Empiricus
355 3024 384 3062 l.
421 3038 455 3062 c.
483 3022 570 3063 Vss.
617 3022 800 3068 442-443
840 3019 1156 3074 μορφὴν-νήπιος

102 3081 218 3122 habet
235 3082 352 3121 etiam
371 3081 604 3121 Plutarchus
620 3081 668 3120 de
689 3080 966 3132 superstitione
994 3093 1034 3132 p.
1061 3094 1130 3128 171
1143 3110 1152 3126 ,

101 3142 178 3182 vol.
200 3141 252 3181 vl
273 3156 312 3194 p.
340 3142 417 3189 654
446 3156 455 3180 :
483 3139 603 3194 ὥσπερ
635 3140 885 3191 Ἐμπεδοκλῆς
916 3154 1001 3192 φησι
1021 3140 1091 3176 τῶν
1111 3139 1155 3177 τὰ

103 3202 175 3254 ζῷα
185 3200 334 3242 θυόντων
350 3200 616 3252 καθαπτόμενος
627 3201 721 3249 κτλ.;
732 3200 862 3239 minus
876 3207 1053 3238 accurate
1065 3198 1157 3236 citat

102 3260 289 3312 Origenes
320 3269 456 3300 contra
484 3260 639 3299 Celsum
657 3259 704 3308 V,
740 3265 791 3310 49
813 3273 851 3310 p.
885 3258 976 3297 615.
995 3257 1154 3296 Initium

104 3318 195 3358 inde
210 3333 232 3358 a
245 3319 380 3373 μορφὴν
397 3332 522 3371 usque
537 3319 586 3357 ad
604 3318 727 3365 νήπιος
744 3319 939 3368 integrum
957 3326 1014 3355 est
1032 3330 1156 3368 neque

106 3379 183 3419 ulla
201 3380 463 3432 explicatione
484 3387 582 3429 eget.
614 3378 824 3430 Sequentia
844 3378 900 3416 sic
929 3375 1156 3415 scribuntur

105 3440 207 3492 apud
227 3440 384 3479 Sextum
409 3453 418 3478 ι
439 3439 471 3477 οἱ
493 3437 527 3476 δὲ
562 3442 751 3492 πορεῦνται
782 3436 981 3488 λισσόμενοι
1005 3434 1153 3482 θύοντες,

106 3501 124 3536 ὁ
144 3498 175 3537 δ’
190 3499 400 3547 ἀνήκουστος
419 3496 613 3549 δμοκλέων,
630 3496 782 3549 σφάξας,
800 3497 835 3534 ἐν
850 3494 1053 3548 μεγάροισι,
1068 3508 1155 3546 quae

2215 292 2263 324 77

1219 367 1423 405 manifesto
1443 377 1627 420 corrupta
1657 377 1759 409 sunt.
1791 369 1891 408 Hinc
1911 371 1979 409 alii
2001 371 2113 410 aliter
2141 373 2266 415 locum

1217 426 1413 476 corrigere
1450 435 1657 467 tentarunt.
1691 427 1864 477 Scaliger
1913 427 1949 471 ὃς
1997 430 2032 467 δὲ
2078 436 2266 484 πορεῦται,

1215 484 1388 524 Steinius
1405 483 1440 530 ὂς
1460 486 1490 523 δ’
1506 485 1680 538 ἀπόρουσε
1701 487 1763 524 vel
1781 488 1984 539 ἀφορμᾶται
1997 518 2008 539 ,
2028 489 2270 530 Hermannus

1216 547 1247 585 οἱ
1267 544 1302 584 δὲ
1323 549 1518 592 πονεῧνται,
1556 546 1741 596 Bergkius
1773 548 1803 584 οἳ
1826 547 1854 583 δ’
1875 549 2100 600 ἔπορεῦνται,
2130 550 2270 588 deinde

1215 602 1421 655 λισσόμενον
1454 604 1673 656 Stephanus
1707 605 1845 651 edidit,
1878 604 2015 648 θύοντος
2045 620 2118 658 pro
2138 607 2271 652 θύοντες

1218 663 1464 702 Her-mannus
1490 663 1711 715 proposuit,
1746 663 1857 702 θύοντ’
1887 663 2115 703 Karstenius
2142 665 2270 717 legen-

1216 722 1306 760 dum
1325 736 1408 761 esse
1427 723 1643 775 suspicatus
1663 732 1732 771 est,
1750 723 1818 774 qui
1835 723 1950 761 simul
1969 726 1986 762 ὁ
2006 723 2035 762 δ’
2053 725 2270 773 ἀνηκούστη-

1217 797 1274 820 σεν
1296 782 1489 832 ὃμοκλέων,
1510 782 1642 837 σφάξας
1671 783 1699 821 δ’
1727 784 1761 821 ἐν
1784 783 1974 833 vulgavit,
2008 783 2051 821 in
2074 783 2271 823 Addendis

1217 849 1343 879 autem
1364 854 1454 892 pag.
1474 841 1550 879 525
1570 841 1713 894 partim
1739 841 1896 892 Bergkii
1922 840 2187 893 conjecturam
2206 843 2270 894 (ef.

1217 900 1264 938 de
1283 899 1381 939 Rell.
1411 900 1587 940 Comoed.
1613 901 1693 940 Att.
1716 914 1754 953 p.
1775 900 1865 951 281)
1887 899 2092 951 λισσόμενον
2120 900 2273 945 θύοντες·

1215 960 1234 997 ὁ
1260 957 1296 996 δὲ
1329 957 1518 1005 νήκουστος
1551 958 1753 1009 ὃμοκλέων·
1784 957 1917 1012 σφάξας
1946 959 1975 997 δ’
2008 959 2042 996 ἐν
2074 958 2272 1010 probavit,

1216 1018 1356 1068 partim
1380 1030 1521 1055 novam
1543 1017 1626 1069 ipse
1641 1018 1806 1069 protulit
1825 1032 1834 1056 :
1864 1017 1895 1056 οἱ
1917 1018 1946 1055 δ’
1969 1019 2169 1069 ἔσορεῦνται
2187 1018 2220 1056 λ.
2238 1022 2271 1057 θ.

1216 1078 1234 1114 ὁ
1248 1076 1282 1114 δὲ
1295 1076 1482 1124 νήκουστος
1490 1077 1683 1127 δμοκλέων,
1702 1076 2130 1129 σφάξαςέν--ὁμοκλέων.
2145 1078 2219 1116 Sed
2232 1078 2273 1116 hi

1216 1137 1446 1175 emendandi
1465 1145 1624 1175 conatus
1647 1137 1792 1188 quibus
1820 1137 1964 1188 adjicio
1986 1136 2271 1176 Lobeckianum

1218 1195 1484 1248 (νίἀεῬηματ.
1500 1209 1587 1247 pag.
1602 1196 1692 1247 201)
1705 1194 1740 1240 ὃς
1757 1196 1787 1234 δ’
1797 1198 2020 1248 ἐπαρᾶταιοῑ
2031 1196 2272 1236 Steinianum

1216 1256 1420 1306 λισσόμενος
1433 1254 1618 1299 θύοντος·ὁ
1635 1256 1663 1293 δ’
1678 1254 1722 1308 ἂρ
1735 1254 1926 1302 νήκουστος
1940 1255 2120 1306 ὃμοκλέων
2135 1269 2273 1307 parum

1217 1314 1473 1353 satisfaciunt.
1492 1313 1601 1353 Latet
1618 1314 1660 1352 in
1674 1314 1807 1353 verbis
1818 1315 1849 1353 οἱ
1870 1314 1906 1352 δὲ
1922 1316 2111 1366 πορεῦνται
2124 1314 2274 1366 aliquid

1218 1373 1323 1424 quod
1349 1373 1397 1411 ad
1419 1373 1543 1411 filium
1575 1381 1735 1424 propter
1769 1382 1953 1411 mutatam
1983 1373 2146 1422 figuram
2174 1374 2275 1425 patri

1217 1432 1395 1481 ignotum
1413 1431 1614 1470 referatur.
1628 1431 1735 1469 Nihil
1756 1445 1849 1469 vero
1864 1431 1992 1483 aptius
2011 1432 2140 1469 visum
2159 1445 2273 1483 quam

1217 1483 1256 1535 ’ὗς
1273 1490 1302 1528 δ’
1321 1489 1461 1537 ε’ὃόησε.
1485 1490 1529 1528 In
1564 1490 1713 1528 caeteris
1736 1490 1983 1529 Karstenium
2006 1486 2162 1528 secutus
2190 1504 2274 1529 sum

1218 1550 1286 1601 qui
1307 1551 1423 1589 etiam
1441 1563 1501 1590 vs.
1519 1555 1594 1598 447
1614 1550 1790 1589 codicum
1805 1550 1988 1589 mendum
2010 1549 2276 1604 ἀπορραίσαντα

1219 1610 1390 1658 sustulit,
1413 1610 1672 1664 ἀποῤῥαίσαντε
1689 1610 1873 1662 ponendo
1902 1610 2008 1661 quod
2041 1610 2167 1648 solum
2192 1623 2278 1649 sen-

1219 1671 1347 1708 tentiae
1361 1669 1693 1709 accommodatum
1711 1679 1782 1708 est.
1799 1669 1886 1709 vid.
1906 1683 1993 1721 quae
2008 1670 2056 1708 de
2077 1670 2184 1709 duali
2206 1684 2277 1709 nu·

1219 1741 1326 1767 mero
1339 1729 1472 1768 notavi
1487 1728 1534 1767 ad
1549 1741 1608 1768 vs.
1628 1727 1864 1767 135.Totum
1882 1737 2008 1767 autem
2019 1728 2275 1779 fragmentum

1219 1787 1522 1839 comparandum
1561 1795 1619 1826 est
1647 1801 1732 1826 cum
1769 1787 1820 1826 iis
1845 1801 1931 1839 quae
1966 1788 2014 1826 de
2045 1788 2277 1839 Pythagorae

1219 1845 1398 1885 doctrina
1411 1847 1577 1885 Ovidius
1597 1846 1689 1885 Met.
1711 1846 1792 1894 XV,
1822 1849 1894 1885 130
1914 1860 2021 1898 seqq.
2043 1847 2159 1886 canit.

1272 1905 1357 1945 Vss.
1393 1907 1585 1956 448·449.
1618 1906 1792 1944 AElianus
1825 1906 1926 1944 Hist.
1954 1907 2084 1944 Anim.
2113 1905 2200 1953 ΧΠ,
2222 1921 2242 1954 7
2267 1921 2274 1943 :

1221 1963 1326 2015 Λέγει
1339 1963 1374 2002 δὲ
1388 1964 1449 2002 καὶ
1462 1964 1709 2015 Ἐμπεδοκλῆς
1726 1965 1790 2011 τὴν
1805 1964 1952 2017 ἀρίστην
1969 1957 2058 2003 εἶναι
2074 1964 2277 2014 μετοίκησιν

1218 2021 1282 2070 τὴν
1297 2027 1358 2062 τοῦ
1379 2022 1576 2076 ἀνθρώπου,
1593 2025 1622 2061 εἷ
1639 2022 1703 2073 μὲν
1723 2025 1771 2067 εἷς
1790 2025 1877 2076 ζῷον
1892 2026 1914 2070 ἦ
1934 2022 2030 2069 λῆξις
2043 2022 2148 2062 αὐτὸν
2167 2038 2276 2074 μετα.

1218 2081 1337 2134 γάγοι,
1361 2082 1487 2121 λέοντα
1509 2082 1684 2133 γίνεσθαι,
1701 2084 1730 2121 εἷ
1750 2081 1786 2121 δὲ
1816 2083 1864 2126 εἷς
1883 2083 2003 2136 φυτόν,
2028 2082 2174 2136 δάφνην·
2199 2082 2221 2121 ἃ
2242 2084 2277 2121 δὲ

1219 2141 1464 2192 Ἐμπεδοκλῆς
1482 2139 1599 2191 λέγει,
1613 2140 1726 2180 ταῦτά
1747 2142 1840 2180 ἔστιν
1859 2142 1939 2181 κτλ.
1955 2141 2066 2181 Adde
2082 2141 2213 2180 Schol.
2236 2142 2276 2180 in

1218 2201 1418 2253 Aphthon.
1445 2200 1658 2252 Progymn.
1693 2200 1759 2239 cit.
1784 2200 1958 2239 Gesnero
1982 2200 2106 2252 Orph.
2142 2200 2275 2250 fragm.

1219 2261 1326 2301 ined.
1360 2273 1400 2299 n.
1425 2261 1491 2307 32,
1526 2274 1565 2311 p.
1599 2260 1671 2298 511
1707 2259 1840 2298 Herm.
1869 2259 1933 2298 Vs.
1973 2261 2049 2304 448
2075 2261 2110 2298 ἐν
2134 2258 2276 2311 θήρεσσι

1219 2319 1445 2358 scholiastes
1475 2319 1543 2370 qui
1575 2319 1707 2370 inepte
1731 2317 1806 2356 hoc
1834 2318 2093 2367 fragmentum
2118 2318 2275 2370 Orpheo

1220 2376 1380 2425 tribuit,
1399 2378 1433 2414 ἐν
1469 2376 1570 2429 θηρσὶ
1590 2376 1626 2414 δὲ
1657 2373 1792 2421 λέοντες
1820 2375 2007 2416 AElianus.
2032 2374 2095 2414 Vs.
2130 2381 2206 2425 449
2228 2375 2275 2414 ἐνὶ

1219 2434 1392 2488 δένδρεσιν
1413 2435 1608 2483 AElianus3
1634 2435 1669 2473 ἐν
1691 2434 1864 2487 δένδρεσιν
1879 2435 2128 2475 scholiastes.

1270 2495 1335 2534 Vs.
1360 2495 1450 2541 450.
1467 2494 1699 2533 Plutarchus
1724 2494 1903 2546 Sympos.
1920 2494 1972 2542 11,
1997 2509 2011 2532 ι
2032 2508 2072 2546 p.
2089 2495 2181 2542 646,
2198 2495 2274 2535 vol.

1217 2554 1305 2592 Vlll
1322 2568 1359 2607 p.
1380 2554 1456 2593 562
1479 2554 1536 2593 ed.
1553 2554 1683 2594 Reisk.
1697 2566 1706 2593 Ζ
1721 2553 1782 2593 καὶ
1801 2555 1839 2592 οὗ
1858 2553 1985 2604 μόνης,
1998 2554 2046 2598 ὡς
2066 2552 2175 2601 ἔοικε,
2198 2553 2277 2592 κατ’

1220 2612 1468 2664 Ἐμπεδοκλέα
1500 2616 1560 2659 τῆς
1592 2613 1723 2666 δάφνης
1754 2616 1823 2652 τῶν
1858 2613 1995 2667 φύλλων
2027 2612 2096 2653 ἀπὸ
2124 2613 2276 2662 πάμπαν

1218 2671 1360 2724 ἔχεσθαι
1376 2673 1459 2726 χρή.
1477 2673 1578 2711 Hinc
1591 2673 1766 2712 Sturzius
1779 2672 2053 2725 Empedoclem
2070 2673 2276 2724 scripsisse

1219 2732 1388 2784 conjecit
1409 2745 1418 2771 ε
1441 2731 1511 2784 χρὴ
1536 2734 1599 2778 τῆς
1616 2732 1747 2785 δάφνης
1766 2733 1834 2770 τῶν
1856 2731 1996 2785 φύλλων
2027 2731 2097 2770 ἄπο
2123 2731 2275 2783 πάμπαν

1218 2791 1384 2843 ἔχεσθαι,
1424 2790 1654 2829 Karstenius
1690 2791 1821 2844 δάφνης
1851 2789 1992 2843 φύλλων
2026 2789 2095 2829 ἀπὸ
2123 2790 2276 2840 πάμπαν

1218 2849 1339 2902 ἔχεσθε
1351 2880 1361 2900 ,
1380 2849 1551 2889 Steinius
1565 2863 1662 2889 vero
1681 2849 1855 2903 δαφναίων
1874 2848 2013 2902 φύλλων
2034 2849 2104 2889 ἀπὸ
2124 2850 2274 2901 πάμπαν

1221 2907 1358 2960 ἔχεσθε.
1379 2908 1479 2947 Mihi
1493 2909 1616 2958 magis
1636 2909 1830 2960 poeticum
1850 2908 2007 2947 videtur
2024 2923 2032 2947 ι
2057 2908 2188 2961 δάφνης
2209 2908 2276 2962 γὰρ

1224 2969 1374 3020 χλωρῶν
1391 2967 1530 3020 φύλλων
1549 2967 1618 3006 ἀπὸ
1634 2967 1787 3019 πάμπαν
1807 2967 2044 3020 ἔχεσθε.,Ευι·
2059 2967 2161 3006 lauri
2186 2968 2276 3006 solia

1219 3025 1352 3064 mandi
1373 3026 1544 3065 noluerit
1563 3025 1815 3077 Empedocles
1834 3039 1948 3064 nemo
1967 3034 2140 3065 veterum
2159 3027 2278 3064 tradi-

1218 3085 1288 3123 dit.
1310 3084 1439 3131 Quum
1463 3093 1591 3123 autem
1612 3084 1818 3123 divinandi
1844 3086 1906 3123 vis
1936 3085 2063 3123 inesse
2082 3085 2123 3123 in
2143 3097 2189 3123 ca
2216 3098 2274 3123 ar-

1219 3142 1318 3181 bore
1335 3142 1572 3190 crederetur,
1595 3142 1751 3181 fuerunt
1777 3143 1845 3193 qui
1874 3142 1960 3193 ejus
1982 3143 2085 3181 foliis
2116 3142 2270 3182 edendis

1217 3201 1455 3240 vaticinandi
1494 3202 1712 3240 facultatem
1755 3202 1888 3252 augeri
1933 3209 2156 3240 statuerent.
2189 3200 2269 3238 vid.

1218 3260 1398 3299 Creuzer.
1419 3260 1595 3312 Symbol.
1618 3261 1695 3300 vol.
1714 3260 1751 3298 ll
1772 3274 1814 3312 p.
1837 3262 1908 3299 162
1936 3260 2024 3300 adn.
2043 3260 2116 3298 Sed
2136 3259 2274 3310 Empe·

1217 3319 1341 3358 doclis
1370 3320 1494 3367 ratio,
1517 3328 1558 3357 ut
1586 3318 1829 3358 abstinerent
1856 3320 1906 3357 iis
1932 3319 2110 3357 homines
2138 3318 2275 3370 praeci—

1217 3379 1381 3430 pientis,
1421 3378 1469 3416 ad
1517 3377 1824 3431 μετεμψυχώσεως
1864 3378 2082 3416 doctrinam
2121 3376 2274 3414 videtur

1216 3437 1465 3488 pertinuisse.
1484 3436 1579 3474 Nam
1603 3435 1831 3474 hominibus
1851 3444 1996 3473 mutata
2017 3435 2139 3483 figura
2155 3433 2195 3470 in
2216 3445 2274 3470 ar-

1217 3493 1332 3534 bores
1372 3494 1606 3533 abeuntibus
1640 3495 1829 3546 optimum
1863 3494 1963 3532 lauri
1995 3493 2123 3545 specie
2158 3491 2269 3530 indui
