2612 3814
1057 255 1125 294 DE
1156 257 1479 298 EMPerOCLE.

2273 282 2371 331 xxiij

205 342 408 389 poetarum
427 343 466 378 et
491 339 812 390 philosophorum
833 348 1056 382 commenta
1078 351 1256 385 secutum
1318 348 1461 398 ubique
1496 350 1570 388 sibi
1607 355 1786 390 constare
1806 354 2066 396 arbitrantur.
2102 357 2202 398 Sunt
2236 364 2370 400 autem

203 404 260 441 ita
284 402 512 442 informasse
540 403 754 455 daemones,
778 409 822 444 ut
849 406 911 445 vel
931 407 987 445 dii
1012 408 1072 447 vel
1094 409 1255 449 deorum
1317 411 1539 462 hujusmodi
1562 414 1634 453 loci
1651 426 1706 453 vs.
1730 422 1802 455 387
1829 429 1839 454 z

201 467 288 519 filii,
302 467 362 507 vel
378 470 479 507 certe
491 468 683 508 inferioris
698 470 932 510 conditionis
947 476 1099 513 naturae
1108 474 1255 514 divinae

201 532 443 576 viderentur.
478 533 521 571 In
542 545 587 572 eo
606 538 762 573 tantum
781 546 804 573 a
836 537 1030 585 prioribus
1055 539 1252 590 discessit,

198 598 304 647 quod
324 597 513 637 bonorum
534 602 574 638 et
591 599 784 639 malorum
802 601 1028 642 daemonum
1045 604 1251 643 discrimen

196 662 361 700 inveniti
382 661 512 709 Quum
529 667 661 701 autem
681 663 855 714 Apollini
875 676 1031 706 summo
1058 667 1131 706 deo
1142 670 1249 719 *acci-

194 723 319 776 derit,
341 729 384 764 ut
400 737 420 764 e
437 726 534 765 coelo
553 728 699 777 eJectus
717 728 872 767 Admeti
889 732 990 780 regis
1013 742 1150 770 servus
1179 733 1249 770 ali-

192 789 383 838 quamdiu
401 795 525 838 esset,
545 803 792 842 nequaquam
813 794 1036 833 mirandum
1054 795 1249 845 Empedo-

191 853 297 892 cleos
318 857 453 905 genios
474 856 670 896 diuturnae
695 859 918 908 migrationi
936 859 1151 898 destinatos
1169 872 1246 899 non

189 917 318 956 solum
328 930 351 958 a
365 919 526 959 deorum
540 921 704 960 concilio
717 922 864 972 abesse,
878 923 946 961 sed
961 923 1077 974 longo
1087 923 1245 964 demum

188 985 365 1032 tempore
386 988 524 1023 exacto
542 987 582 1023 in
603 986 744 1024 coelum
762 986 900 1024 redire.

244 1046 316 1085 His
345 1051 532 1098 expositis
552 1050 603 1088 ad
634 1050 783 1100 reliqua
815 1051 995 1100 prooemii
1022 1050 1247 1102 fragmenta

187 1112 438 1151 transeamus
452 1141 462 1161 ‚
488 1114 527 1150 in
548 1111 691 1162 quibus
713 1113 896 1152 omnibus
915 1114 1130 1154 tenendum
1147 1116 1244 1154 nihil

134 1175 139 1182 '
187 1174 290 1213 tradi
310 1176 418 1225 quod
450 1187 470 1214 e
492 1176 706 1227 disciplinae
725 1179 836 1227 quasi
857 1180 1029 1217 sacrario
1049 1179 1244 1229 prolatum

185 1247 276 1292 cum
303 1239 449 1278 caeteris
469 1241 791 1290 praeceptionibus
810 1245 916 1285 arcte
937 1241 1150 1295 cohaereat,
1177 1245 1243 1283 sed

185 1311 233 1340 ea
248 1301 325 1341 dici
345 1314 433 1353 quae
458 1315 582 1354 quum
616 1309 767 1344 semota
791 1307 871 1344 sint
897 1317 920 1345 a
951 1306 1134 1347 doctrinae
1154 1320 1242 1358 per-

182 1368 372 1416 petuitate
392 1373 511 1419 atque
529 1372 754 1410 constantia
781 1376 985 1421 poetarum
1010 1383 1130 1422 quam
1151 1374 1240 1423 phi-

182 1430 434 1483 losophorum
477 1435 590 1474 dictis
626 1436 815 1475 similiora
859 1437 1082 1476 videantur.
1127 1439 1239 1487 Quod

180 1507 302 1546 quum
333 1499 490 1538 aliunde
511 1502 681 1550 perspici
714 1501 827 1551 licet,
863 1506 949 1541 tum
980 1513 1027 1540 ex
1056 1514 1101 1541 eo
1133 1504 1241 1553 quod

183 1561 437 1612 Empedocles
460 1570 667 1615 poetarum
684 1577 792 1605 more
803 1566 895 1606 deos
916 1567 1062 1606 affatur
1084 1569 1239 1608 Musas·

175 1636 256 1676 que
278 1628 456 1676 invocat,
474 1634 520 1668 ut
549 1634 676 1680 coepto
703 1641 774 1670 suo
791 1630 965 1670 faventes
985 1643 1075 1671 cum
1105 1638 1240 1672 sancta

177 1690 354 1729 oratione
374 1693 518 1731 mentis
544 1694 794 1733 sanctitatem
812 1694 1025 1744 praebeant.
1048 1696 1116 1734 Ait
1134 1698 1236 1735 enim

177 1763 236 1792 vs.
253 1758 303 1792 45
323 1765 411 1805 sqq.
434 1766 445 1793 ε

229 1892 337 1932 Ἀλλὰ
354 1894 423 1933 θεοὶ
443 1897 512 1933 τῶν
534 1895 597 1946 μὲν
615 1896 743 1947 μανίην
765 1897 986 1951 ἀποτρέψατε
999 1898 1179 1949 γλώσσης,

227 1959 268 1997 ἐκ
289 1957 432 1997 δ’ὁσίων
451 1960 637 2009 στομάτων
651 1962 808 2015 καθαρὴν
819 1962 1029 2015 ὄχετεύσατε
1043 1964 1174 2017 πηγήν.

225 2021 289 2061 καί
303 2037 363 2071 σε,
378 2023 609 2073 πολυμνήστη
630 2025 822 2065 λευκώλενε
844 2025 995 2079 παρθένε
1015 2029 1160 2079 Μοῦσα,

228 2086 402 2139 ἄντομαι,
424 2081 472 2126 ὦν
501 2087 599 2139 Θέμις
621 2089 714 2129 ἐστὶν
738 2091 979 2145 ἐφημερίοισιν
1009 2092 1168 2143 ἀκούειν,

224 2151 345 2204 πέμπε
363 2153 446 2206 παρ’
470 2154 646 2203 Εὐσεὸίης
665 2155 804 2195 ἐλάουσ’
822 2157 959 2204 εὐήνιον
978 2157 1090 2210 ἅρμα.

169 2266 306 2319 Neque
335 2281 428 2308 vero
457 2270 585 2309 solum
607 2272 722 2311 initio
757 2275 901 2322 operis,
930 2274 999 2314 sed
1025 2276 1067 2314 in
1100 2276 1230 2315 medio

168 2334 291 2372 etiam
323 2336 495 2373 carmine.
525 2335 575 2373 de
594 2335 669 2374 diis
703 2347 750 2375 ac
782 2337 832 2376 de
863 2338 978 2378 rebus
1005 2339 1151 2378 divinis
1179 2340 1230 2378 ad

170 2398 277 2449 vulgi
297 2403 455 2449 captum
475 2402 768 2441 accommodate
783 2403 971 2455 loquitur,
987 2409 1031 2444 ut
1052 2407 1147 2444 satis
1164 2417 1229 2456 pa-

167 2467 248 2502 teat
272 2469 443 2513 quantus
476 2477 611 2505 eorum
641 2468 690 2506 sit
721 2479 828 2506 error
855 2470 921 2518 qui
953 2469 1226 2520 philosophum

161 2692 237 2724 quae
251 2687 374 2719 veteres
393 2684 433 2716 de
445 2684 578 2717 deorum
594 2693 631 2717 ac
649 2685 835 2719 daemonum
855 2688 984 2727 natura,
1001 2687 1136 2730 origine,
1151 2690 1222 2722 satis

161 2740 340 2774 eorumque
352 2733 432 2765 inter
445 2742 479 2765 se
489 2733 672 2766 discrimine
679 2733 828 2766 dixerant
838 2735 1002 2777 collegisse
1010 2739 1043 2769 et
1055 2739 1128 2778 post
1135 2738 1220 2770 erio·

160 2778 206 2811 ris
226 2780 437 2821 philosophiae
458 2781 596 2812 inventis
627 2781 758 2814 auxisse
787 2782 947 2815 videatur.
979 2784 1040 2816 Sed
1067 2786 1221 2825 quamvis

160 2827 303 2868 proclive
319 2828 360 2860 sit
385 2828 453 2868 ejus
472 2828 600 2860 decreta
616 2829 647 2860 in
664 2828 749 2861 hunc
766 2829 874 2862 locum
895 2839 1067 2872 congerere
1079 2855 1088 2871 ,
1113 2832 1221 2865 minus

159 2877 268 2907 tamen
287 2875 503 2908 necessarium
517 2879 576 2917 est,
599 2876 675 2916 quia
699 2877 815 2917 partim
831 2877 934 2910 aliena
950 2886 968 2909 a
986 2878 1053 2910 suis
1072 2887 1136 2910 non
1154 2878 1219 2911 dis-

160 2923 300 2963 tinguit,
321 2923 455 2963 partim,
474 2924 530 2964 qui
550 2924 680 2956 illorum
709 2924 947 2957 Platonicorum
968 2934 1038 2957 mos
1053 2926 1119 2964 est,
1137 2927 1220 2957 anti-

158 2979 299 3011 quorum
314 2971 453 3003 rationes
468 2971 706 3012 interpretando
719 2971 884 3012 obscurat,
906 2972 1022 3013 partim
1037 2981 1073 3004 ea
1090 2973 1217 3014 statuit,

158 3026 235 3059 quae
248 3026 267 3050 a
280 3019 390 3050 nostra
404 3018 625 3059 disputatione
643 3019 852 3052 abhorreant.
868 3022 978 3053 Unum
1004 3022 1131 3052 tantum
1146 3020 1217 3061 ejus

160 3063 266 3098 locum
284 3073 441 3106 apponam
462 3075 502 3097 ex
520 3066 659 3098 ennead.
680 3069 737 3106 ΠΙ,
762 3067 817 3099 lib.
835 3070 873 3108 V,
894 3077 965 3109 pag.
986 3071 1046 3101 295
1065 3067 1137 3109 (ed.
1157 3070 1216 3101 Ba·

159 3111 209 3144 sil.
232 3112 332 3152 1580)
351 3122 359 3143 ε
377 3112 456 3145 ἀλλὰ
469 3112 498 3144 τί
521 3113 558 3151 δὴ
581 3114 640 3154 χρὴ
659 3114 759 3155 λέγειν
785 3116 853 3157 περὶ
867 3118 923 3147 τοῦ
944 3116 1058 3157 ἔρωτος
1077 3117 1132 3148 καὶ
1159 3120 1214 3156 τῆς

156 3159 325 3201 λεγομένης
339 3160 489 3200 γενέσεως
499 3161 598 3193 αὐτοῦ
612 3172 621 3200 ;
640 3161 732 3200 δῆλον
744 3162 781 3201 δὴ
793 3162 840 3194 ὅτι
854 3163 901 3194 δεῖ
915 3163 1019 3194 λαὸεἰν
1030 3163 1074 3200 τίς
1088 3165 1108 3202 ἡ
1122 3164 1215 3197 πενία

158 3208 213 3239 καὶ
229 3206 274 3244 τίς
295 3208 312 3239 ὁ
329 3207 421 3250 πόρος
437 3210 491 3240 καὶ
510 3212 576 3245 πῶς
591 3208 782 3251 ἁρμόσουσιν
799 3210 885 3243 οὗτοι
902 3214 1002 3252 γονεῖς
1015 3211 1093 3243 εἶναι
1114 3212 1212 3254 αὐτῷ.

159 3255 260 3293 Δῆλον
276 3254 309 3286 δὲ
329 3254 376 3286 ὄτι
395 3256 442 3287 δεῖ
459 3257 512 3287 καὶ
531 3259 595 3293 τοῖς
614 3257 719 3294 ἄλλοις
742 3257 871 3299 δαίμοσι
890 3258 1011 3295 τούτοις
1037 3258 1048 3297 (
1059 3259 1119 3300 leg·
1142 3260 1212 3292 τού-

157 3302 249 3339 τους)
276 3301 433 3343 ἁρμόσαι,
453 3302 538 3343 εἶπερ
554 3304 602 3336 δεῖ
617 3304 707 3344 φύσιν
732 3304 811 3337 εἶναι
832 3306 886 3337 καὶ
904 3305 1013 3338 οὐσίαν
1031 3305 1116 3346 μίαν,
1134 3307 1212 3339 καθὸ

159 3348 302 3389 δαίμονες
313 3373 323 3390 ,
339 3350 496 3391 δαιμόνων
513 3351 539 3382 εἰ
557 3352 600 3392 μὴ
617 3351 721 3383 κοινὸν
740 3351 841 3393 ὄνομα
854 3354 957 3389 ἕξουσι
975 3353 1082 3394 μόνον.
1098 3353 1210 3386 Λάὸωι

159 3407 215 3436 μεν
229 3396 332 3428 τοίνυν
344 3421 354 3436 ,
378 3402 421 3436 πῆ
441 3409 517 3430 ποτε
530 3398 700 3441 διορίζομεν
724 3400 810 3437 θεοὺς
833 3400 1003 3441 δαιμόνων·
1025 3402 1077 3432 καὶ
1092 3402 1118 3433 εἰ
1135 3402 1210 3434 πολ-

158 3443 248 3480 λάκις
262 3445 315 3476 καὶ
327 3445 474 3485 δαίμονας
496 3446 581 3483 θεοὺς
595 3447 725 3489 λέγομεν
745 3448 844 3488 εἶναι,
862 3447 929 3480 ἀλλ’
952 3448 1028 3480 ὅταν
1044 3459 1079 3488 γε
1098 3449 1133 3481 τὸ
1155 3451 1210 3489 μὲν

156 3490 273 3532 ἔτερον,
290 3492 326 3523 τὸ
353 3492 387 3524 δὲ
403 3492 504 3533 ἕτερον
531 3494 661 3535 λέγομεν
691 3496 794 3535 (corr.
826 3496 986 3536 λέγωμεν)
1008 3495 1110 3528 αὐτῶν
1131 3496 1210 3530 εἶναι

157 3538 255 3580 γένος.
273 3539 316 3572 Τὸ
337 3539 391 3581 μὲν
410 3540 447 3579 δὴ
465 3541 542 3574 θεῶν
558 3541 674 3579 ἀπαθὲς
699 3543 828 3584 λέγομεν
848 3544 901 3575 καὶ
920 3542 1085 3585 νομίζομεν
1109 3543 1207 3585 γένος·

1370 513 1485 558 ὅλὸιος
1506 514 1541 559 ὃς
1562 515 1660 554 θείων
1682 518 1868 570 πραπίδων
1885 519 2059 567 ἐκτήσατο
2074 523 2240 576 πλοῦτον,

1366 578 1476 625 δειλὸς
1493 580 1522 618 δ’
1544 574 1572 634 ᾧ
1597 581 1790 622 σκοτόεσσα
1813 586 1898 623 θεῶν
1930 584 2012 638 πέρι
2030 586 2112 633 δόξα
2134 588 2308 640 μέμηλεν.

1312 682 1432 720 Porro
1457 694 1513 721 vs.
1540 690 1611 723 142
1639 696 1648 722 :

1363 790 1454 829 οὕτω
1465 791 1515 843 μή
1535 795 1567 832 σ’
1579 793 1699 831 ἀπάτα
1718 793 1854 848 φρένας,
1865 794 1911 839 ὥς
1927 794 1967 834 νύ
1986 811 2044 834 κεν
2065 796 2209 837 ἄλλοθεν
2224 792 2315 839 εἶναι

1363 859 1515 905 θνητῶν,
1535 856 1623 896 ὅσσα
1638 874 1676 909 γε
1697 861 1790 912 φῦλα
1806 865 1949 911 γεγᾶσιν
1967 860 2129 900 ἆσίσπετα
2141 892 2153 912 ,
2173 864 2309 916 πηγήν,

1361 920 1452 960 ἀλλὰ
1463 923 1571 975 τορῶς
1583 924 1674 962 τοῦτ’
1686 922 1776 973 ἴσθι,
1793 927 1870 963 θεοῦ
1881 924 1992 978 πάρα,
2008 929 2117 978 μῦθον
2139 927 2307 978 ἀκούσας,

1308 1046 1426 1092 atque
1446 1043 1527 1082 alii.
1544 1042 1734 1087 Caeterum
1753 1044 1792 1082 in
1814 1046 2002 1094 prooemio
2018 1043 2275 1096 Empedocles
2290 1047 2365 1087 duo

1306 1107 1492 1158 dogmata
1505 1107 1696 1158 significat
1715 1110 1843 1159 magis
1855 1120 1975 1159 quam
1993 1111 2183 1160 explicat,
2199 1112 2367 1151 alterum

1305 1171 1354 1210 de.
1370 1172 1591 1210 animarum
1602 1173 1850 1223 migratione,
1865 1184 1943 1223 qua
1957 1174 2004 1212 de
2018 1185 2059 1212 re
2070 1177 2164 1214 satis
2173 1187 2217 1214 su
2222 1187 2366 1226 perque

1304 1235 1499 1282 diximus,
1522 1236 1690 1275 alterum
1723 1236 1771 1275 de
1795 1236 1979 1276 humanae
2003 1240 2144 1277 mentis
2172 1243 2363 1291 angustiis

1304 1304 1343 1338 et
1364 1301 1626 1350 cognoscendi
1645 1301 1895 1341 difficultate.
1917 1303 2052 1353 Neque
2072 1306 2175 1343 enim
2193 1309 2276 1344 erat
2294 1307 2363 1345 ubi

1302 1366 1547 1406 commodius
1564 1367 1612 1406 de
1628 1378 1812 1406 sensuum
1832 1368 1994 1408 fallaciis
2005 1380 2050 1408 ac
2067 1373 2294 1422 praestigiis‚
2314 1373 2362 1411 de

1303 1434 1392 1471 vitae
1413 1432 1628 1483 brevitate,
1651 1432 1700 1471 de
1720 1433 1889 1472 fatorum
1913 1435 1951 1472 vi
1964 1434 2119 1485 illisque
2135 1436 2250 1475 malis
2270 1439 2362 1487 qui-

1301 1496 1374 1535 bus
1399 1494 1618 1536 obnoxium
1649 1497 1867 1536 humanum
1890 1508 2010 1549 genus
2031 1503 2091 1538 est
2123 1500 2361 1552 reliquisque

1302 1561 1479 1611 perfectae
1503 1563 1701 1612 sapientiae
1715 1591 1725 1610 ‚
1749 1574 1868 1612 quam
1891 1574 2028 1603 omnes
2060 1569 2265 1615 expetunt,
2284 1567 2359 1605 im-

1299 1627 1531 1676 pedimentis
1547 1632 1691 1678 ageret.
1710 1627 1766 1667 Ut
1781 1640 1874 1667 vero
1891 1628 2114 1679 Empedocli
2132 1643 2358 1681 persuasum

1299 1695 1384 1729 erat
1402 1696 1566 1741 propter
1585 1703 1653 1731 eas
1672 1703 1769 1742 quas
1792 1693 1875 1731 dixi
1896 1705 2034 1733 causas
2060 1695 2205 1734 frustra
2222 1708 2359 1737 omnes

1294 1757 1466 1806 jactare,
1500 1767 1584 1795 sese
1614 1768 1744 1795 rerum
1766 1758 2064 1797 universitatem
2094 1764 2224 1799 mente
2244 1772 2357 1800 com-

1297 1819 1548 1870 prehendisse
1579 1831 1652 1859 nec
1687 1822 1775 1859 visu
1810 1822 2092 1871 percipiendam
2129 1824 2238 1864 illam
2277 1837 2350 1864 nec

1295 1885 1434 1923 auditu
1454 1895 1581 1935 neque
1596 1885 1798 1923 intellectu
1819 1887 1895 1924 :ita
1908 1887 1990 1936 ipse
2008 1887 2201 1935 professus
2217 1900 2257 1928 se
2274 1901 2356 1929 non

1297 1948 1385 1998 plus
1411 1949 1652 1987 traditurum
1671 1960 1788 1999 quam
1814 1954 2008 2000 quantum
2036 1951 2211 1990 humana
2230 1954 2355 1992 intel-

1296 2012 1455 2064 ligentia
1477 2011 1725 2064 perspiceret,
1748 2016 1788 2053 in
1810 2015 1919 2054 illam
1940 2017 2054 2066 quasi
2074 2018 2272 2067 sapientiae
2289 2030 2356 2057 ar-

1293 2091 1378 2118 cem
1397 2080 1542 2118 divinis
1571 2084 1728 2118 tantum
1748 2080 1900 2119 viribus
1918 2080 2029 2120 evehi
2057 2093 2168 2132 posse
2187 2083 2262 2122 sibi
2286 2085 2353 2121 vi·-

1293 2143 1472 2183 debatur.
1496 2145 1597 2183 Nam
1617 2155 1740 2194 quum
1760 2144 2035 2196 philosophiae,
2056 2156 2141 2195 quae
2171 2150 2274 2185 recte
2301 2148 2352 2186 ab

1291 2209 1465 2258 antiquis
1492 2220 1621 2247 rerum
1639 2209 1861 2248 divinarum
1882 2214 1920 2249 et
1942 2210 2200 2250 humanarum
2219 2215 2352 2263 cogni-

1291 2274 1346 2311 tio
1376 2276 1518 2311 vocata
1537 2276 1618 2324 est,
1649 2277 1804 2312 tantam
1824 2284 1905 2312 esse
1935 2275 2015 2312 vim
2045 2279 2083 2312 et
2104 2277 2350 2326 majestatem

1291 2338 1443 2377 videret
1454 2367 1465 2385 ,
1479 2342 1524 2377 ut
1540 2340 1626 2389 ejus
1638 2339 1857 2378 absolutam
1871 2341 2073 2378 scientiam
2087 2341 2128 2378 in
2143 2341 2349 2381 hominum

1291 2403 1427 2454 quales
1450 2403 1626 2453 plerique
1657 2407 1750 2442 sunt
1786 2405 1965 2454 ingenia,
1988 2416 2140 2456 mores,
2159 2406 2349 2446 conditio-

1290 2481 1380 2508 nem
1397 2469 1536 2507 cadere
1557 2473 1732 2518 negaret,
1750 2473 1856 2507 ratus
1871 2470 1919 2507 ad
1935 2471 2218 2520 assequendam
2237 2473 2346 2511 illam

1285 2690 1413 2731 δαίμοσι
1426 2690 1459 2722 δὲ
1478 2689 1682 2731 προστίθεμεν
1707 2688 1811 2727 πάθη,
1829 2689 1937 2726 ἀιδίως
1956 2689 2062 2730 (corr.
2086 2692 2220 2728 ἀϊδίους)
2237 2693 2341 2732 λέγον-

1284 2748 1331 2774 τες
1349 2738 1451 2779 ἐφεξῆς
1465 2739 1530 2774 τοῖς
1549 2737 1629 2774 θεοῖς
1640 2762 1648 2775 ,
1664 2737 1725 2776 ἤδη
1743 2737 1816 2779 πρὸς
1831 2738 1914 2778 ἡμᾶς
1937 2738 2052 2778 μεταξὺ
2069 2739 2147 2770 θεῶν
2164 2750 2196 2771 τε
2213 2741 2266 2771 καὶ
2286 2744 2341 2772 τοῦ

1282 2786 1434 2826 ἡμετέρου
1456 2786 1576 2823 γένους.
1603 2787 1655 2824 Πῆ
1678 2785 1715 2824 δὴ
1736 2784 1790 2817 οὖν
1809 2785 1868 2817 οὐκ
1891 2785 2013 2826 ἔμειναν
2031 2786 2159 2823 ἀπαθεῖς
2177 2787 2262 2823 ὄντες
2287 2788 2338 2819 οὖ-

1281 2844 1329 2866 τοι
1354 2832 1436 2872 (dei.
1452 2833 1537 2870 ὄντες
1551 2831 1576 2874 ),
1594 2836 1637 2872 πῆ
1655 2833 1687 2866 δὲ
1707 2833 1887 2870 κατέδησαν
1907 2836 1944 2874 τῇ
1959 2833 2047 2874 φύσει
2065 2835 2140 2876 πρὸς
2163 2835 2198 2866 τὸ
2213 2839 2337 2876 χεῖρον;

1281 2881 1333 2913 καὶ
1348 2881 1385 2919 δὴ
1402 2881 1454 2912 καὶ
1469 2883 1561 2913 τοῦτο
1581 2881 1746 2921 σκεπτέον,
1770 2880 1887 2922 πότερα
1902 2880 2025 2921 δαίμων
2042 2881 2073 2912 ἐν
2089 2884 2133 2922 τῷ
2149 2885 2251 2923 νοητῷ
2267 2883 2339 2913 οὐδὲ

1280 2929 1322 2966 εἷς
1333 2953 1341 2968 ,
1356 2929 1408 2960 καὶ
1418 2928 1458 2960 αὖ
1472 2929 1503 2960 ἐν
1519 2932 1564 2970 τῷ
1579 2929 1691 2971 κόσμῳ
1710 2930 1790 2971 τῷδε
1807 2929 1949 2970 δαίμονες
1967 2929 2071 2969 μόνον,
2096 2929 2162 2966 θεὸς
2179 2931 2210 2961 δὲ
2236 2930 2266 2961 ἐν
2292 2934 2336 2971 τῷ

1278 2980 1381 3018 νοητῷ
1403 2976 1576 3019 ἀφορίζεται
1600 2977 1620 3016 ἦ
1638 2977 1699 3009 εἰσι
1720 2977 1771 3008 καὶ
1790 2976 1922 3009 ἐνταῦθα
1938 2976 2000 3008 θεοὶ
2022 2976 2106 3007 καὶὸ
2122 2977 2240 3018 κόσμος
2257 2976 2335 3016 θεός,

1278 3024 1385 3066 ὥσπερ
1408 3024 1535 3062 σύνηθες
1550 3024 1662 3064 λέγειν,
1686 3023 1806 3064 τρίτος,
1823 3024 1877 3056 καὶ
1900 3025 1930 3056 οἱ
1945 3023 2035 3065 μέχρι
2059 3024 2189 3062 σελήνης
2203 3024 2336 3061 ἕκαστος

1278 3071 1357 3109 θεός.
1378 3072 1502 3104 Βέλτιον
1515 3071 1548 3104 δὲ
1567 3071 1684 3112 μηδένα
1701 3071 1732 3104 ἐν
1748 3073 1794 3112 τῷ
1804 3074 1907 3112 νοητῷ
1920 3071 2053 3111 δαίμονα
2069 3072 2177 3111 λέγειν,
2192 3072 2268 3103 ἀλλὰ
2281 3073 2335 3104 καὶ

1276 3120 1303 3152 εἰ
1323 3120 1398 3152 αὐτὸ
1411 3119 1531 3162 δαίμων
1544 3143 1553 3159 ,
1572 3121 1640 3152 θεὸν
1653 3120 1706 3151 καὶ
1717 3122 1826 3151 τοῦτον
1840 3120 1993 3153 simmae
2014 3118 2053 3150 αὖ
2071 3120 2102 3151 ἐν
2121 3123 2166 3161 τῷ
2185 3121 2325 3161 αἰσθητῷ

1275 3168 1345 3204 τοὺς
1369 3169 1459 3210 μέχρι
1469 3169 1598 3206 σελήνης
1618 3169 1705 3205 θεοὺς
1725 3169 1795 3204 τοὺς
1809 3166 1937 3209 ὁρατούς
1952 3191 1961 3207 ,
1980 3168 2067 3204 θεοὺς
2086 3168 2247 3208 δευτέρους
2266 3167 2333 3208 μετ’

1275 3215 1408 3252 ἐκείνους
1429 3216 1482 3248 καὶ
1498 3215 1568 3247 κατ’
1583 3215 1719 3252 ἐκείνους
1740 3215 1811 3251 τοὺς
1836 3214 1983 3254 νοητούς,
2015 3216 2235 3256 ἐξηρτημένους
2255 3215 2331 3246 ἐκεί-

1274 3275 1335 3295 νων
1351 3265 1458 3305 ὧσπερ
1476 3264 1586 3305 αῐγλην
1602 3264 1669 3305 περὶ
1685 3264 1819 3295 ἕκαστον
1839 3263 1966 3305 ἄστρον.
1989 3265 2067 3300 Τοὺς
2086 3263 2119 3295 δὲ
2137 3263 2284 3304 δαίμοναε
2301 3262 2331 3293 τί

1271 3312 1357 3354 ἴχνος
1374 3313 1453 3353 (leg.
1476 3313 1555 3349 εἶδος
1568 3312 1579 3353 )
1590 3323 1598 3352 ;
1611 3311 1672 3353 ἆρά
1690 3322 1726 3352 γε
1740 3313 1842 3353 ψυχῆς
1859 3311 1890 3343 ἐν
1907 3311 2022 3354 κόσμῳ
2039 3311 2208 3352 γενομένης
2224 3311 2258 3341 τὸ
2280 3309 2331 3350 ἀφ’

1273 3359 1408 3398 ἑκάστης
1424 3360 1528 3402 ἷχνος;
1544 3361 1596 3392 διὰ
1613 3359 1643 3391 τί
1667 3359 1699 3391 δὲ
1720 3363 1774 3398 τῆς
1791 3360 1823 3391 ἐν
1843 3358 1958 3401 κόσμῳ
1971 3384 1980 3399 ,
1998 3360 2044 3391 ὅτι
2061 3360 2081 3398 ἡ
2108 3358 2235 3398 καθαρὰ
2261 3358 2329 3388 θεὸν

1272 3412 1383 3450 γεννᾷ,
1401 3410 1453 3441 καὶ
1467 3410 1535 3441 θεὸν
1549 3409 1662 3450 ἔφαμεν
1682 3408 1735 3440 τὸν
1747 3407 1861 3446 ταύτης
1878 3408 1990 3450 ἔρωτα.
2017 3409 2148 3449 Πρῶτον
2168 3407 2205 3443 δὴ
2226 3406 2275 3436 διὰ
2299 3404 2328 3436 τί

1272 3456 1309 3488 οὗ
1327 3457 1440 3494 πάντες
1466 3457 1496 3490 οἱ
1514 3456 1657 3499 δαίμονες
1671 3455 1792 3498 ἔρωτες·
1811 3455 1898 3497 εἶτα,
1919 3459 1986 3494 πῶς
2005 3455 2042 3488 οὐ
2058 3454 2189 3496 καθαροὶ
2201 3454 2254 3484 καὶ
2273 3451 2327 3483 οὗ·

1271 3515 1320 3536 τοι
1331 3504 1426 3546 ὕλης;
1447 3504 1517 3537 κτλ.
