2612 3814
967 203 1390 247 DISPUTATIONES
1426 210 1690 252 MORALES.

2344 227 2424 260 547

234 292 271 330 ἐν
296 291 443 347 ἀκαιρία
460 291 491 332 δ’
521 291 668 346 αἰσχρά.
722 292 770 333 Τί
790 293 819 332 δ’
840 287 888 333 ὧν
921 294 1190 349 διεπραξάμην;
1210 295 1298 353 ἔφαν
1361 298 1430 350 ἄρα
1451 316 1502 344 τις
1531 301 1678 354 αἰσχρὸν
1697 302 1808 355 ἄγαγε
1839 302 1878 356 ¹¹,
1894 308 2016 344 τοῦτον
2038 305 2079 345 ἂν
2099 307 2208 347 καλὸν
2229 308 2421 363 ἀπάγαγε;

233 349 416 396 ἀποδείξεν
437 349 550 390 ταυτὰ
570 350 704 404 αἰσχρὰ
730 351 791 390 καὶ
811 351 904 392 καλὰ
926 352 1029 392 ὄντα·
1053 354 1114 393 καὶ
1132 354 1297 401 ἀπέδειξα

232 411 268 449 ἐν
290 409 423 454 τούτοις
441 415 546 450 πᾶσι.
604 409 760 463 Λέγεται
781 411 817 451 δὲ
836 411 897 450 καὶ
917 412 996 464 περὶ
1014 415 1064 452 τῶ
1082 414 1220 467 αἷσχρῶ
1236 414 1298 453 καὶ

229 470 354 517 καλῶ,
376 472 423 514 ὡς
444 468 533 509 ἄλλο
553 469 718 523 ἑκάτερον
737 470 813 520 εἴη·
833 472 910 511 ἐπεὶ
930 471 970 511 αἴ
982 488 1033 517 τις
1046 473 1208 527 ἔρωτάσῃ
1230 473 1296 519 τὼς

229 527 420 581 λέγοντας,
456 531 503 573 ὡς
536 529 576 568 τὸ
605 529 690 570 αὐτὸ
728 537 879 584 πρᾶγμα
911 531 1057 586 αἰσχρὸν
1093 532 1154 573 καὶ
1188 534 1296 574 καλὸν

230 588 352 639 ἐστιν,
381 587 421 627 αἴ
448 588 543 629 ποκά
563 605 597 628 τι
619 590 738 635 αὐτοῖς
768 590 877 630 καλὸν
909 590 1116 644 εἴργασται,
1149 593 1296 646 αἰσχρὸν

227 649 507 700 ὁμολογησοῧντι
524 679 534 699 ,
558 648 665 704 αἴπερ
691 651 823 690 τωυτὸν
849 655 911 691 καὶ
934 651 974 691 τὸ
997 652 1146 706 αἰσχρὸν
1174 654 1234 692 καὶ
1257 654 1296 693 τὸ

224 706 351 747 καλόν.
413 708 488 747 Καὶ
505 708 545 747 αἴ
559 725 638 747 τινα
659 709 767 749 καλὸν
791 710 924 750 οἴδαντι
945 711 1073 764 ἄνδρα,
1093 716 1216 752 τοῦτον
1234 714 1294 753 καὶ

226 765 375 826 αἰσχρὸν
405 766 463 806 τὸν
496 768 621 808 αὐτόν·
649 769 710 808 καὶ
745 772 786 809 αἴ
811 786 889 809 τινα
910 771 1053 819 λευκόν,
1076 772 1135 811 καὶ
1156 772 1293 823 μέλανα

225 829 349 864 τοῦτον
370 824 428 864 τὸν
451 825 568 865 αὐτόν.
631 827 704 866 Καὶ
727 828 836 868 καλόν
856 831 888 881 γ’
927 830 1001 868 ἐστὶ
1022 828 1090 874 τὼς
1118 830 1203 875 θεὼς
1235 831 1292 870 σέ-

223 883 372 933 ὅεσθαι,
404 885 467 924 καὶ
499 886 646 940 αἰσχρὸν
670 887 739 941 ἄρα
760 887 828 933 τὼς
862 888 947 934 θεὼς
970 889 1160 941 σέὸεσθαι,
1188 891 1292 944 αἴπερ

222 943 354 985 τωυτὸν
378 947 526 1000 αἰσχρὸν
545 947 606 985 καὶ
632 947 740 988 καλόν
768 949 858 988 ἐστι.
919 949 992 989 Καὶ
1014 950 1098 989 τάδε
1118 948 1182 1000 μὲν
1209 951 1292 1004 περὶ

223 1003 394 1043 ἁπάντων
416 1005 569 1059 εἰρήσθω
589 1023 667 1058 μοι·
689 1007 869 1062 τρέψομαι
890 1008 926 1047 δὲ
945 1010 1002 1049 ἐπὶ
1028 1009 1088 1049 τὸν
1107 1009 1211 1062 λόγον
1235 1013 1291 1050 αὖ·

222 1066 312 1111 τῶν,
330 1063 368 1104 ὃν
383 1064 536 1119 λέγοντι.
597 1069 644 1108 Αἷ
664 1067 735 1122 γὰρ
754 1068 819 1108 τὰν
839 1071 991 1121 γυναῖκα
1010 1069 1119 1109 καλόν
1134 1072 1208 1109 ἔστι
1222 1086 1291 1110 κο-

223 1125 389 1176 σμεῖσθαι
404 1155 415 1176 ,
454 1126 520 1166 τὰν
550 1128 701 1179 γυναῖκα
733 1129 881 1182 αἰσχρὸν
916 1133 1151 1182 κοσμεῖσθαι,
1185 1130 1289 1184 αἴπερ

224 1184 358 1224 τωυτὸν
380 1185 527 1240 αἰσχρὸν
549 1187 610 1226 καὶ
631 1189 761 1228 καλόν·
783 1188 847 1227 καὶ
871 1188 987 1228 τᾶλλα
1016 1189 1109 1228 κατὰ
1142 1190 1287 1230 τωυτόν.

224 1242 285 1284 Ἐν
307 1244 552 1296 Λακεδαίμονί
573 1248 648 1286 ἐστι
668 1247 779 1287 καλὸν
798 1247 861 1293 τὰς
880 1249 1010 1294 παῖδας
1031 1248 1287 1300 γυμνάζεσθαι,

220 1304 256 1342 ἓν
278 1303 524 1356 Λακεδαίμονί
541 1307 616 1345 ἐστι
633 1306 779 1360 αἰσχρὸν
801 1306 864 1352 τὰς
885 1309 1014 1353 παῖδας
1027 1309 1266 1360 γυμνάζεσθαι
1279 1324 1288 1334 ·

218 1362 282 1413 καὶ
299 1363 416 1407 τᾶλλα
440 1364 564 1410 οὕτως.
623 1366 774 1419 Λέγοντι
791 1366 830 1407 δέ
842 1397 854 1419 ,
873 1369 921 1413 ὡς
935 1366 975 1407 αἴ
990 1383 1077 1412 τινες
1088 1369 1134 1407 τὰ
1156 1369 1287 1422 αἰσχρὰ

218 1424 260 1461 ἐκ
289 1425 359 1463 τῶν
381 1425 504 1471 ἐθνέων
534 1425 707 1466 πάντοθεν
728 1427 984 1475 συνενείκαιεν,
1009 1427 1132 1467 ἔπειτα
1160 1444 1289 1482 συγκα·

218 1482 360 1534 λέοντας
391 1483 592 1537 κελεύοιεν,
616 1485 639 1525 ἅ
668 1502 719 1531 τις
757 1486 852 1527 καλὰ
885 1486 1045 1538 νομίζει,
1077 1487 1285 1539 λαμὸάνέν,

220 1543 336 1582 πάντα
365 1559 412 1582 κα
433 1547 449 1573 ⁸
482 1546 518 1583 ἐν
546 1546 646 1597 καλῷ
679 1547 961 1599 ἀπενειχθῆμεν·
1000 1545 1070 1598 ἐγὼ
1091 1546 1283 1598 θαυμάζω,

219 1604 255 1641 αἷ
287 1602 331 1648 τὰ
361 1604 495 1658 αἰσχρὰ
527 1605 780 1659 συνενεχθέντα
813 1605 909 1646 καλὰ
947 1607 1104 1654 ἐσεῖται,
1128 1605 1188 1646 καὶ
1219 1608 1285 1660 οὐχ

216 1655 342 1716 οἷάπερ
363 1657 478 1711 ἧνθεν.
538 1666 583 1704 Αἷ
603 1670 689 1717 γοῦν
703 1663 843 1714 ἵππως,
863 1664 886 1713 ἢ
909 1668 980 1719 βῶς
994 1696 1006 1718 ,
1027 1664 1050 1713 ἢ
1072 1666 1142 1718 ὄϊς,
1168 1663 1191 1713 ἢ
1216 1667 1276 1705 ἇν-

218 1720 367 1774 Θρώπως
385 1722 540 1775 ἄγαγον,
562 1724 625 1763 οὐκ
645 1723 733 1764 ἄλλο
754 1724 791 1764 τί
807 1741 853 1764 κα
872 1725 1077 1777 ἀπάγαγον·
1103 1724 1180 1764 ἐπεὶ
1204 1725 1280 1765 οὐδὲ

216 1783 254 1820 αἶ
275 1781 407 1835 χρυσὸν
429 1781 593 1836 ἤνεικαν,
620 1783 757 1837 χαλκὸν
794 1782 835 1823 ἂν
856 1782 875 1807 ¹¹
893 1784 1108 1835 ἀπήνεικαν,
1135 1783 1214 1823 οὐδὲ
1245 1786 1281 1824 αἷ

216 1841 378 1894 ἀργύριον
399 1840 565 1890 ἤνεικαν,
603 1842 779 1894 μόλυὸδόν
803 1859 849 1882 κα
878 1844 1068 1898 ἀπέφερον.
1129 1842 1221 1884 Ἀντὶ
1249 1845 1279 1883 δ’

214 1902 284 1953 ἄρα
311 1903 382 1940 τῶν
417 1902 572 1956 αἰσχρῶν
600 1902 694 1941 καλὰ
727 1903 911 1956 ἀπάγαγον
933 1902 955 1944 ¹.
1016 1903 1114 1959 Φέρε
1144 1904 1213 1953 δή,
1239 1906 1278 1944 αἰ

215 2161 312 2194 nesta
330 2160 408 2193 sunt
423 2183 432 2200 ,
451 2159 557 2192 alieno
573 2159 694 2201 turpia.
731 2159 829 2205 Quid
855 2159 952 2200 igitur
979 2159 1096 2193 effeci?
1112 2159 1179 2192 dixi
1197 2160 1280 2193 velle

213 2229 265 2253 me
289 2220 534 2259 demonstrare,
562 2219 677 2251 eadem
710 2227 780 2252 esse
808 2219 916 2261 turpia
947 2220 979 2252 et
1011 2220 1145 2252 honesta
1180 2219 1278 2261 idque

211 2280 304 2313 omni
337 2280 398 2312 hac
427 2279 645 2320 disputatione
684 2278 831 2320 probavi.
876 2280 1038 2312 caeterum
1067 2279 1148 2312 alius
1181 2279 1278 2311 etiam

210 2340 314 2372 terlur
331 2348 438 2372 sermo
450 2339 490 2372 de
509 2338 595 2381 turpi
610 2339 643 2371 et
660 2338 814 2379 honesto,
833 2348 899 2381 quo
922 2341 1097 2380 utrumque
1111 2338 1286 2371 diversum·

213 2401 294 2443 quid
315 2410 385 2434 esse
407 2401 560 2434 statuitur
582 2409 590 2429 :
613 2400 769 2442 quoniam
792 2401 820 2434 si
849 2401 923 2443 quis
947 2401 1192 2442 interrogaverit
1223 2410 1278 2433 eos

211 2462 269 2502 qui
295 2463 388 2503 turpe
411 2464 443 2494 et
463 2460 639 2494 honestum
663 2461 750 2494 idem
773 2470 844 2494 esse
875 2461 1058 2502 affirmant,
1084 2470 1164 2496 num
1196 2461 1275 2503 quid

211 2523 385 2560 honestum
406 2531 552 2564 unquam
568 2522 709 2564 egerint,
727 2523 760 2555 et
778 2521 863 2555 istud
882 2523 976 2564 turpe
992 2530 1063 2555 esse
1079 2522 1278 2555 confitebun-

213 2587 276 2624 tur,
299 2581 461 2624 siquidem
481 2583 627 2624 turpeet
651 2581 824 2614 honestum
847 2581 932 2614 idem
948 2584 1010 2626 est.
1055 2584 1102 2615 Ac
1121 2581 1147 2614 si
1170 2582 1276 2614 virum

210 2642 372 2683 quendam
391 2642 564 2674 honestum
590 2641 822 2682 cognoverint'‚
838 2640 976 2674 eundem
1000 2640 1098 2674 etiam
1119 2643 1246 2682 turpem
1266 2650 1275 2672 :

211 2702 239 2734 si
263 2701 373 2734 album
392 2709 599 2742 quempiam,
615 2700 754 2734 cundem
774 2701 900 2742 nigrum
915 2709 1057 2742 quoque.
1102 2701 1199 2733 Certe
1215 2700 1275 2732 lio·

210 2764 339 2793 nestum
358 2763 407 2793 est
425 2761 503 2793 deos
521 2760 686 2800 venerari3
706 2769 781 2801 ergo
803 2763 898 2801 turpe
923 2768 1055 2800 quoque
1071 2758 1150 2792 deos
1174 2767 1273 2791 vene-

213 2821 295 2861 rari,
330 2820 491 2862 siquidem
523 2818 609 2853 idem
639 2819 784 2852 deforme
807 2828 845 2851 ac
876 2818 1032 2852 decorum
1064 2819 1124 2851 est.
1170 2820 1275 2860 Atque

211 2878 284 2911 lnaec
311 2877 445 2919 quidem
474 2877 515 2911 de
537 2877 693 2910 omnibus
716 2876 838 2910 dixisse
858 2877 1052 2916 contentus,
1072 2875 1112 2908 ad
1134 2876 1275 2908 rationes

211 2935 295 2979 quas
310 2937 357 2970 illi
373 2937 516 2970 atterunt
542 2945 725 2970 sermonem
747 2936 946 2969 convertam.
992 2935 1026 2968 Si
1048 2935 1135 2968 enim
1158 2935 1273 2968 mulie-

213 3007 281 3031 rem
311 2997 418 3030 ornari
455 2997 566 3037 decet,
589 2996 758 3029 mulierem
790 2996 925 3029 dedecet
949 2995 1074 3036 ornari,
1111 2995 1273 3037 siquidem

211 3059 297 3092 idem
315 3059 460 3093 deforme
483 3069 521 3092 ac
542 3059 710 3100 decorum,
733 3058 866 3100 parique
890 3058 1013 3091 ratione
1037 3059 1164 3090 caetera.
1211 3059 1272 3090 La-

212 3117 401 3151 cedaemone
430 3118 524 3152 decet
558 3113 681 3160 puellas
701 3117 864 3158 exerceri,
887 3117 1122 3150 Lacedaemone
1139 3116 1274 3150 dedecet

212 3177 335 3218 puellas
359 3178 526 3218 exerceri,
548 3179 729 3220 caeteraque
757 3178 871 3210 eodem
909 3176 1017 3209 mod0.
1063 3176 1181 3209 Dicunt
1215 3186 1272 3208 au·

213 3237 299 3276 tem,
317 3234 343 3267 si
370 3235 427 3276 qui
449 3236 555 3278 turpia
577 3245 619 3269 ex
647 3236 736 3269 omni
762 3236 905 3277 undique
923 3238 1017 3276 gente
1042 3243 1143 3267 unum
1171 3234 1202 3267 in
1227 3235 1272 3267 lo·

211 3303 289 3326 cum
306 3297 500 3336 congerant,
518 3295 633 3328 deinde
650 3297 847 3328 convocatos
872 3295 1026 3336 jubeant,
1050 3303 1124 3336 quae
1155 3295 1271 3335 singuli

211 3350 347 3384 honesta
364 3353 479 3393 putent
495 3352 570 3386 inde
587 3354 735 3395 demere,
755 3354 873 3386 cuncta
891 3361 948 3394 pro
967 3352 1111 3385 honestis
1129 3352 1272 3386 ablatum

213 3410 251 3442 iri
270 3421 277 3442 :
300 3419 359 3453 ego
381 3420 458 3444 vero
480 3412 592 3453 miror,
612 3413 639 3446 si
657 3414 762 3455 turpia
786 3414 817 3446 in
847 3413 990 3446 medium
1011 3412 1107 3444 allata
1137 3411 1272 3445 honesta

213 3472 292 3502 sunt
321 3478 359 3503 ac
382 3479 445 3504 non
478 3471 586 3513 qualia
615 3472 877 3514 apportabantur.
924 3473 1005 3504 Num
1037 3470 1064 3502 si
1089 3479 1191 3512 equos
1224 3470 1272 3503 vel

1361 359 1519 407 Ποιητὰς
1537 360 1573 399 δὲ
1604 361 1787 415 μάρτυρας
1807 363 2023 416 ἐπάγονται,
2047 364 2077 404 οἳ
2096 367 2179 406 ποτὶ
2206 368 2333 408 ἁδονάν
2350 400 2361 419 ,
2382 371 2421 409 οὖ

1358 420 1438 457 ποτ’
1457 420 1625 459 ἀλάθειαν
1643 424 1814 461 ποιοῦντι.
2401 466 2405 469 ,

1416 478 1592 532 (Scripsi
1612 494 1621 518 ε
1651 484 1665 502 ⁰
1683 480 1804 533 παρὰ;
1825 496 1913 534 quae
1932 497 2012 522 vox
2031 485 2073 523 in
2094 486 2332 527 membranis
2352 488 2420 528 de-

1358 538 1564 578 sideratur.
1582 537 1598 562 ¹³
1617 540 1859 593 ἐργάσασθαι;
1879 543 1966 582 cod.
1985 545 2253 598 ἐνεργήσασθαι.
2270 551 2286 570 ⁰
2303 547 2418 596 θέλοις

1357 598 1442 636 cod.
1464 599 1567 638 θέλει.
1591 598 1608 623 ‘¹
1645 600 1723 654 ἔρια
1744 602 1952 655 ἐργάζεσθαι
1983 618 2070 643 cum
2092 606 2346 647 Valckenario
2371 610 2422 647 ad

1357 658 1494 711 Eurip.
1518 660 1657 699 Phoen.
1682 675 1720 713 p.
1744 662 1845 711 2683
1869 663 1988 714 vulgo
2013 663 2090 716 ἔρια
2113 667 2322 708 omittitur.
2345 671 2421 706 εκα

1355 719 1549 771 λειφθῆμεν
1569 735 1657 759 cum
1678 722 1859 762 Pon-sono
1892 724 2104 764 Adversar.
2139 739 2230 776 pag.
2256 729 2332 778 269
2354 728 2417 768 ed.

1356 778 1485 831 Lips.;
1518 781 1606 819 cod.
1625 783 1868 835 καλυφθῆμεν.
1891 782 1905 806 ¹'
1920 783 2071 837 διαθρῶν
2093 799 2181 824 cum
2202 786 2420 826 Valckena-

1354 839 1416 877 rio
1433 840 1459 879 l.
1481 855 1533 888 c.;
1554 841 1647 880 libri
1663 842 1822 895 διαιρῶν.
1843 847 1861 872 8
1876 859 1922 882 κα
1939 858 2026 883 cum
2044 845 2214 894 Orellio3
2234 845 2293 885 καὶ
2310 847 2419 888 libri.

1354 896 1371 921 ¹¹
1387 898 1449 947 ἂν;
1472 900 1579 939 deest
1598 901 1640 939 in
1662 901 1916 943 membranis.
1936 901 1944 925 ¹
1962 903 2148 957 ἀπάγαγον
2161 921 2171 954 ;
2195 906 2290 945 libri
2319 910 2418 945 ἀπα-

1353 959 1512 1011 γαγόντι.
1537 958 1553 983 ¹¹
1577 961 1715 1014 ἄγαγες
1745 962 1839 1001 libri
1863 962 2071 1019 ἀπάγαγε.)

1727 1061 1974 1101 ΔΙΑΛΕΞΙΣ
2005 1063 2049 1101 Γ.

1649 1151 1739 1203 Περὶ
1760 1148 1886 1190 δικαίω
1911 1150 1972 1190 καὶ
1995 1150 2117 1190 ἀδίκω.

1403 1243 1527 1284 Δισσοὶ
1550 1244 1587 1284 δὲ
1611 1245 1709 1299 λόγοι
1738 1245 1903 1299 λέγονται
1932 1246 1994 1286 καὶ
2023 1247 2103 1301 περὶ
2131 1250 2180 1287 τῶ
2201 1248 2325 1288 δικαίω
2351 1249 2413 1293 καὶ

1348 1304 1428 1356 περὶ
1449 1306 1499 1343 τῶ
1523 1305 1648 1344 ἀδίκω.
1711 1304 1783 1345 Καὶ
1803 1306 1856 1344 τοὶ
1878 1304 1941 1357 μὲν
1963 1306 2049 1345 ἄλλο
2074 1301 2163 1358 ἦμεν
2191 1308 2230 1346 τὸ
2258 1307 2407 1362 δίκαιον,

1349 1363 1438 1402 ἄλλο
1455 1364 1490 1402 δὲ
1517 1365 1556 1402 τὸ
1587 1364 1726 1403 ἄδικον·
1752 1364 1805 1403 τοὶ
1827 1363 1863 1404 δὲ
1884 1366 1996 1404 τωυτὸ
2017 1366 2150 1404 δίκαιον
2181 1367 2242 1406 καὶ
2275 1368 2413 1408 ἄδικον·

1348 1423 1410 1462 καὶ
1439 1423 1508 1475 ἐγὼ
1536 1424 1651 1478 τούτῳ
1676 1424 1895 1478 πειράσομαι
1929 1431 2110 1479 τιμωρεῖν.
2175 1426 2249 1466 Καὶ
2273 1431 2413 1481 πρῶτον

1348 1484 1411 1535 μὲν
1435 1485 1473 1522 τὸ
1490 1484 1681 1538 ψεύδεσθαι
1698 1487 1744 1529 ὥς
1761 1484 1896 1526 δίκαιόν
1916 1486 1989 1524 ἐστι
2008 1485 2097 1530 λεξῶ
2111 1517 2121 1535 ,
2144 1488 2204 1525 καὶ
2221 1486 2261 1526 τὸ
2278 1487 2411 1533 ἐξαπα-

1347 1550 1423 1583 τᾶν.
1481 1544 1563 1588 Τὼς
1588 1544 1651 1596 μὲν
1678 1543 1859 1596 πολεμίως
1883 1548 1997 1584 ταῦτα
2019 1546 2138 1593 ποιέν,
2169 1546 2316 1600 αἰσχρὸν
2350 1548 2410 1588 καὶ

1345 1603 1498 1658 πονηρὸν
1521 1604 1562 1642 ἂν
1590 1603 1778 1653 ἐξείποιεν,
1814 1604 1882 1649 τὼς
1910 1603 1947 1644 δὲ
1969 1605 2165 1658 φιλτάτως,
2192 1605 2255 1657 οὔ,
2280 1603 2408 1646 αὐτίκα

1344 1664 1414 1709 τὼς
1436 1666 1572 1716 γονέας.
1631 1665 1678 1703 Αἰ
1702 1664 1770 1717 γὰρ
1800 1663 1869 1703 δέοι
1889 1663 1948 1702 τὸν
1971 1662 2108 1717 πατέρα
2129 1664 2151 1711 ἢ
2179 1664 2241 1703 τὰν
2270 1664 2408 1719 ματέρα

1344 1724 1535 1779 φάρμακόν
1553 1739 1587 1762 τι
1617 1722 1885 1777 ἐγκαταφαγέν,
1908 1722 1969 1762 καὶ
1997 1723 2047 1774 μὴ
2073 1723 2186 1773 θέλοι,
2209 1725 2246 1762 οὗ
2272 1724 2406 1764 δίκαιόν

1343 1786 1417 1823 ἐστι
1441 1782 1501 1821 καὶ
1521 1783 1554 1820 ἐν
1575 1784 1625 1835 τῷ
1647 1782 1827 1836 ῥοφήματι
1855 1782 1915 1821 καὶ
1939 1784 1974 1821 ἐν
1995 1785 2045 1835 τῷ
2071 1785 2168 1836 ποτῷ
2193 1783 2319 1834 δόμεν,
2345 1784 2407 1823 καὶ

1344 1844 1392 1895 μὴ
1416 1844 1532 1897 φάμεν
1559 1846 1707 1894 ε’νῆμεν;
1729 1845 1859 1882 Οὐκῶν
1878 1842 1947 1891 ἤδη
1968 1843 2160 1897 ψεύδεσθαι
2181 1845 2240 1883 καὶ
2262 1843 2405 1889 ἐξαπα-

1341 1910 1405 1943 τᾶν
1435 1902 1503 1948 τὼς
1531 1902 1673 1955 γονέας,
1696 1903 1756 1942 καὶ
1776 1902 1926 1942 κλέπτεν
1947 1902 2018 1954 μὰν
2045 1903 2088 1941 τὰ
2117 1906 2187 1942 τῶν
2210 1904 2318 1958 φίλων
2346 1903 2407 1943 καὶ

1341 2159 1461 2200 boves,
1485 2159 1535 2191 vel
1554 2167 1633 2191 oves
1648 2158 1698 2190 vel
1716 2157 1865 2190 homines
1884 2157 2115 2196 adduxissent,
2141 2166 2206 2189 non
2230 2157 2318 2189 aliud
2344 2156 2404 2190 ab·

1340 2218 1470 2250 ducturi
1496 2219 1605 2258 erant,
1628 2217 1779 2259 quoniam
1803 2225 1908 2258 neque
1927 2216 1953 2248 si
1980 2225 2096 2248 aurum
2118 2218 2340 2257 apportassent
2358 2225 2402 2250 aes

1340 2279 1474 2312 domum
1503 2278 1682 2319 referrent,
1703 2286 1810 2319 neque
1831 2277 1859 2310 si
1885 2278 2056 2318 argentum
2087 2277 2271 2309 attulissent
2294 2277 2403 2318 plum·

1340 2340 1420 2372 bum
1444 2341 1659 2382 asportarent.
1706 2341 1770 2372 Pro
1786 2338 1936 2380 turpibus
1957 2347 2032 2379 ergo
2053 2339 2188 2371 honesta
2209 2339 2402 2371 retulerunt.

1340 2403 1404 2441 Age
1437 2409 1536 2441 vero,
1564 2400 1591 2431 si
1618 2399 1692 2440 quis
1726 2401 1853 2440 turpem
1884 2399 2048 2431 hominem
2082 2398 2290 2438 adduxisset,
2322 2406 2401 2430 num

1339 2460 1427 2492 hunc
1446 2468 1580 2502 quoque
1603 2458 1778 2491 honestum
1806 2457 2000 2490 reduceret?
2030 2459 2143 2490 l‘oetas
2171 2458 2280 2490 autem
2304 2458 2402 2490 testes

1339 2519 1496 2552 adhibent
1510 2518 1565 2560 qui
1587 2518 1628 2550 ad
1645 2518 1821 2559 legenti-um
1841 2517 2064 2559 voluptatem,
2086 2526 2150 2550 non
2168 2516 2208 2550 ad
2229 2516 2400 2550 veritatem

1338 2578 1582 2612 accommodate
1601 2578 1744 2611 carmina
1760 2577 1915 2610 condunt.

1697 2657 1890 2688 DlSl‘U'l'A'.
1904 2655 1950 2687 10
1974 2654 2034 2687 111.

1697 2736 1744 2767 De
1765 2734 1853 2775 justo
1869 2735 1902 2767 et
1915 2733 2048 2775 injusto.

1379 2816 1452 2846 Duo
1483 2811 1596 2845 itidem
1627 2812 1775 2844 feruntur
1808 2819 1973 2844 sermones
2002 2810 2044 2843 de
2072 2810 2162 2851 Justo
2194 2810 2227 2841 et
2264 2809 2395 2849 injusto.

1340 2873 1468 2905 Etenim
1496 2870 1628 2913 quidam
1656 2871 1743 2904 aliud
1763 2879 1834 2904 esse
1866 2870 2012 2912 iustum,
2046 2870 2132 2902 aliud
2155 2868 2311 2909 injustum
2337 2877 2397 2908 pu-

1336 2936 1406 2966 tant
1428 2947 1434 2966 :
1457 2933 1606 2966 nonnulli
1630 2941 1707 2965 vero
1727 2932 1812 2965 idem
1832 2931 1959 2972 justum
1981 2932 2078 2973 atque
2098 2929 2274 2971 injustum
2298 2937 2396 2969 quam

1335 2992 1528 3025 sententiam
1557 3000 1615 3032 ego
1638 2990 1810 3024 defendere
1837 2989 1992 3023 conabor.
2041 2992 2084 3021 Ac
2105 2988 2244 3029 primum
2262 2987 2395 3029 quidem

1335 3051 1462 3083 mentiri
1494 3051 1526 3083 et
1560 3050 1670 3084 fallere
1699 3059 1831 3092 aequum
1859 3058 1930 3083 esse
1951 3048 2132 3081 ostendam.
2179 3047 2273 3079 Dicat
2300 3046 2396 3087 igitur

1334 3111 1496 3152 quispiam
1516 3110 1560 3142 ita
1582 3111 1720 3142 tractare
1753 3108 1901 3142 inimicos
1931 3111 2023 3148 turpe
2046 3108 2078 3139 et
2100 3105 2284 3148 improbum
2307 3113 2393 3145 esse,

1334 3170 1548 3213 amicissimos
1588 3178 1664 3203 vero
1693 3177 1917 3211 nequaquam,
1937 3166 2076 3208 exempli
2108 3174 2203 3198 causa
2234 3159 2392 3206 parentes.

1334 3230 1367 3265 Si
1389 3230 1475 3262 enim
1497 3229 1593 3263 debet
1613 3233 1702 3272 pater
1723 3230 1780 3261 aut
1799 3230 1902 3260 mater
1922 3226 2196 3262 medicamentum
2220 3224 2393 3264 devorare,

1334 3299 1394 3323 nec
1424 3294 1531 3323 tamen
1561 3290 1649 3323 volet
1661 3314 1671 3331 ,
1693 3297 1801 3322 nonne
1819 3296 1950 3329 aequum
1967 3289 2018 3320 est
2037 3295 2097 3319 nos
2121 3285 2207 3318 istud
2224 3283 2393 3316 sorbitioni

1334 3352 1366 3382 et
1398 3349 1520 3391 potioni
1547 3349 1687 3382 inditum
1718 3348 1762 3381 illi
1790 3348 1952 3389 porrigere
1973 3347 2005 3379 et
2033 3346 2136 3378 inesse
2163 3343 2392 3376 dissimulare?

1335 3411 1407 3442 Jam
1436 3410 1530 3450 igitur
1550 3410 1698 3451 parentes
1719 3407 1885 3441 mendacio
1907 3406 2038 3445 saltere,
2060 3404 2138 3446 quin
2157 3404 2252 3436 etiam
2275 3404 2394 3435 amico-

1335 3479 1406 3504 rum
1445 3470 1529 3502 bona
1559 3469 1718 3510 surripere
1748 3470 1780 3501 et
1809 3466 1982 3500 carissimis
2012 3465 2077 3498 vim
2111 3464 2226 3496 afferre
2256 3471 2388 3504 aequum

2236 3523 2284 3550 ³5.
