2612 3814
273 220 345 255 824

273 730 321 755 ⁶2.

289 2438 338 2465 63.

348 293 557 348 προφήτιδος
572 292 771 340 ἐπακούεις,
787 295 848 331 τοῦ
866 307 907 344 γε
927 294 989 331 σοῦ
1007 291 1154 331 ἄκουσον
1175 291 1316 346 φιλοσό-

348 370 434 408 φου,
454 357 516 392 τοῦ
537 352 704 408 Ἐφεσίου
724 351 958 404 Ἡρακλείτου
987 351 1053 399 τὴν
1093 351 1322 400 ἀναισθησίαν

349 413 569 458 ὀνειδίζοντος
596 417 666 456 τοῖς
699 411 905 463 ἀγάλμασι·
938 410 1012 451 Καὶ
1039 410 1221 462 ἀγάλμασι
1241 411 1320 449 κτλ.

349 472 576 525 Suspectum
594 471 752 523 quidem
779 470 854 509 hoc
875 470 1131 520 fragmentum
1158 478 1235 516 est,
1258 469 1324 507 sed

350 531 518 584 Ephesio
536 530 773 583 philosopho
788 544 866 568 non
891 530 1096 579 indignum
1111 561 1119 577 ,
1139 528 1255 567 modo
1273 530 1325 567 ita

351 591 582 645 explicetur,
602 598 643 628 ut
660 603 746 627 eum
766 589 947 639 vulgares
963 588 1010 626 de
1021 588 1098 627 diis
1119 588 1327 640 opiniones

353 657 576 708 despexisse
591 663 628 693 ct
648 654 844 707 sprevisse
864 652 1081 704 dicamus.)

353 715 439 755 Θεοὶ
456 715 571 762 Ονητοὶ
589 712 764 766 ἄνθρωποί
780 712 809 752 τ’
825 711 1009 759 ἀθάνατοι,
1024 713 1148 757 ζῶντες
1164 711 1221 750 τὸν
1237 711 1327 751 ἐκεί·

356 790 421 813 νων
438 774 606 821 θάνατον,
626 771 830 819 θνήσκοντες
850 770 912 818 τὴν
934 770 1074 808 ἐκείνων
1096 769 1204 817 ζωήν.

409 833 656 886 (Heraclitus
683 831 807 881 Alleg.
827 830 985 869 Homer.
1008 843 1045 881 Ρ.
1067 830 1110 868 5ι
1134 829 1196 867 ed.
1216 829 1330 868 Meh-

357 893 425 931 ler.
448 906 455 929 :
480 893 498 930 ὁ
517 894 598 943 γοῦν
619 888 791 932 σκοτεινὸς
814 887 1043 941 Ἡράκλειτος
1056 889 1176 940 ἀσαφῆ
1192 887 1253 926 καὶ
1274 887 1331 926 διὰ

358 950 547 1026 συμὸόλων
572 949 770 994 εἰκάζεσθαι
803 947 979 998 δυνάμενα
1014 947 1168 998 θεολογεῖ
1186 947 1231 986 τὰ
1259 963 1332 1001 φυ-

357 1010 452 1060 σικά,
466 1002 547 1048 88?
520 1025 568 1048 ων
583 1023 680 1062 φησι·
695 1010 749 1048 Θε
752 1007 782 1046 ol
798 1006 959 1054 Θνητοίτ’
974 1007 1072 1059 ἀνθρ.
1086 1007 1166 1046 κτλ.
1183 1006 1329 1046 Trans-

356 1070 469 1123 posui
490 1068 520 1107 τ’
540 1069 644 1121 quod
671 1077 760 1136 post
782 1068 958 1121 ἅνθρωποι
978 1067 1191 1117 legitimam
1216 1057 1333 1105 habet

357 1129 485 1168 sedem
501 1138 565 1167 aut
586 1129 748 1167 omnino
769 1127 976 1166 delendum
997 1136 1068 1167 est.
1091 1127 1149 1166 Cf.
1181 1127 1334 1179 Hippo-

358 1189 462 1240 lytus
482 1188 608 1227 Resut.
622 1188 767 1227 Ilaeres.
781 1200 820 1239 p.
837 1187 913 1225 282
933 1201 941 1225 :
967 1185 1072 1237 Λέγει
1090 1183 1126 1226 δὲ
1146 1188 1335 1237 ὁμολογου-

358 1247 473 1299 μένως
489 1247 529 1286 τὸ
548 1246 719 1286 ἀθάνατον
732 1240 819 1285 εἶναι
841 1245 964 1294 θνητὸν
980 1245 1040 1285 καὶ
1054 1244 1094 1284 τὸ
1114 1244 1235 1294 θνητὸν
1249 1245 1335 1284 ἀθά-

357 1322 459 1345 νατον
477 1305 534 1346 διὰ
555 1309 623 1344 τῶν
641 1303 806 1344 τοιούτων
823 1304 956 1358 λόγων·
973 1324 988 1340 ιι
1015 1304 1181 1344 ἀθάνατοι
1200 1305 1333 1354 θνητοί,

358 1364 475 1411 θνητοὶ
493 1364 682 1413 ἀθάνατοι,
705 1366 831 1409 ζῶντες
843 1363 901 1403 τὸν
923 1362 1067 1402 ἐκείνων
1089 1363 1255 1412 θάνατον,
1277 1364 1335 1403 τὸν

360 1423 397 1461 δὲ
430 1423 570 1462 ἐκείνων
606 1426 681 1477 βίον
702 1425 904 1468 τεθνεῶτες.
930 1442 947 1458 ι»
978 1423 1173 1463 Maximus
1196 1424 1338 1477 Tyrius

359 1482 463 1522 Diss.
484 1481 518 1520 X
548 1496 587 1535 p.
620 1496 730 1532 107:
754 1482 886 1522 Σκόπει
902 1481 962 1521 καὶ
999 1482 1059 1520 τὸν
1085 1481 1338 1535 Ἡράκλειτον·

360 1541 430 1580 θεοὶ
455 1541 596 1590 θνητοί,
624 1541 801 1595 ἄνθρωποι
822 1540 1005 1581 ἀθάνατοι.
1034 1542 1213 1580 Clemens
1232 1542 1337 1581 Paed.

360 1599 435 1648 ΙΙΙ,
467 1615 483 1639 1
519 1614 558 1653 p.
586 1601 700 1639 251:
723 1600 861 1655 Ὀρθῶς
889 1602 958 1654 ἄρα
986 1594 1082 1639 εἶπεν
1103 1599 1339 1653 Ἡράκλειτος

359 1656 554 1713 Ἄνθρωποι
574 1659 668 1708 θεοί,
690 1662 759 1700 θεοὶ
789 1659 981 1715 ἄνθρωποι.
1005 1660 1108 1698 Hinc
1140 1660 1313 1699 Schleier
1318 1683 1340 1690 -

360 1719 562 1758 macherus
574 1719 740 1771 conjecit
752 1720 986 1759 Heraclitum
1000 1719 1204 1772 scripsisse
1214 1718 1343 1771 ἄνθρω-

363 1792 423 1815 ποι
441 1777 511 1816 θεοὶ
527 1778 666 1829 θνητοί,
688 1778 759 1817 θεοί
778 1781 810 1817 τ’
842 1778 1022 1833 ἄνθρωποι
1049 1779 1220 1817 ἀθάνατοι
1240 1780 1339 1826 κτλ.,

364 1837 432 1875 sed
451 1836 526 1875 hoc
545 1837 737 1876 incertum
756 1846 825 1877 est.
844 1838 902 1876 Ad
936 1837 1211 1876 illustrandum
1238 1838 1342 1876 hunc

363 1895 493 1934 locum
524 1895 664 1934 idonea
687 1898 850 1935 fortasse
884 1905 975 1935 sunt
995 1910 1082 1948 quae
1118 1895 1222 1948 apud
1256 1896 1342 1934 Sto-

364 1951 491 1991 baeum
510 1953 641 2004 Eclog.
666 1956 679 1992 l
704 1969 744 2006 p.
766 1957 844 2006 906
881 1956 1002 2006 (tom.
1029 1954 1147 2008 Ipag.
1175 1955 1250 1992 386
1282 1955 1342 1992 ed.

365 2010 516 2065 Gaisf.)
538 2013 791 2063 reperiuntur
829 2028 836 2052 :
875 2013 1106 2068 Ἡράκλειτος
1128 2013 1189 2065 μὲν
1220 2014 1340 2067 γὰρ...

366 2070 443 2108 ὁδὸν
464 2069 535 2109 ἄνω
554 2070 615 2109 καὶ
628 2070 726 2110 κάτω
746 2071 806 2116 τὰς
824 2073 940 2126 ψυχὰς
961 2074 1228 2127 διαπορεύεσθαι
1246 2074 1345 2113 ὑπεί-

365 2131 470 2183 ληφε,
492 2131 569 2169 nisi
588 2131 729 2169 melior
746 2141 882 2170 auctor
899 2133 932 2171 Τ
936 2133 1171 2172 heodoretus
1187 2133 1344 2172 videtur

367 2199 394 2228 t.
411 2189 460 2227 IV
482 2203 522 2242 p.
544 2191 620 2227 822
645 2190 854 2229 scribens·
879 2190 925 2232 Ο
954 2193 990 2232 δὲ
1019 2191 1252 2245 (Ηράκλειτος
1281 2193 1345 2237 τὰς

348 2247 684 2302 ..ἀπαλλαττομένας
696 2265 755 2289 του
774 2250 938 2303 σώματος
957 2250 1097 2312 (ψυχὰς
1110 2252 1119 2304 )
1140 2252 1187 2296 εἷς
1206 2250 1270 2298 τὴν
1285 2256 1344 2290 ¹:03

368 2306 498 2352 παντὸς
518 2310 697 2361 ἀναχωρεῖ
696 2325 712 2346 ν
738 2308 894 2363 ψυχὴν’
876 2325 1027 2363 εφησεν,
1049 2313 1104 2350 οἱα
1130 2309 1171 2358 δὴ
1192 2312 1344 2363 ὁμογενῆ

367 2381 405 2404 τε
426 2360 531 2406 οὖσαν
550 2367 610 2405 καὶ
630 2367 829 2418 ὁμοούσιον.
848 2369 858 2420 )

370 2425 587 2479 Ἀνθρώπους
606 2426 703 2478 μένει
724 2427 961 2521 ἀποθανόντας
983 2429 1077 2469 ἅσσα
1096 2430 1159 2469 οὐκ
1179 2429 1347 2469 ἔλπονται

369 2483 447 2523 οὐδὲ
467 2484 640 2525 δοκέουσι.

426 2543 630 2595 (Clemens
655 2545 798 2588 Suom
827 2546 893 2595 IV,
918 2561 963 2586 21
1000 2546 1201 2602 εΣυνάδειν
1233 2546 1347 2600 τούτῳ

371 2601 467 2642 καὶὸ
483 2602 711 2657 Ἡράκλειτος
727 2605 910 2659 φαίνεται,
931 2607 974 2646 δι’
994 2611 1042 2647 ὧν
1065 2623 1151 2662 φησι
1167 2606 1249 2660 περὶ
1277 2610 1347 2646 τῶν

373 2659 566 2714 ἀνθρώπων
587 2663 848 2715 διαλεγόμενος·
865 2664 1085 2719 Ἀνθρώπους
1100 2667 1176 2705 κτλ.
1213 2665 1347 2704 Theo-

374 2718 531 2759 doretus
548 2721 626 2760 vol.
650 2722 701 2762 IV
722 2736 759 2774 Ρ.
778 2724 854 2773 913
879 2724 938 2763 ed.
960 2724 1075 2765 flat:
1098 2725 1210 2764 ἐκεῖνο
1228 2723 1265 2764 δὲ
1287 2730 1349 2765 τοῦ

373 2775 604 2830 Ἡρακλείτου
618 2780 716 2831 μάλα
731 2781 921 2832 θαυμάζω,
937 2782 990 2821 ὅτι
1004 2782 1100 2834 με’νει
1113 2783 1192 2830 τους
1211 2784 1348 2837 ἀνθρώ-

374 2851 459 2880 πους
477 2837 759 2884 ἀποθνήσκοντας
781 2838 846 2880 ὅσα
865 2843 942 2881 κτλ.
965 2843 1051 2882 Huc
1068 2853 1213 2894 spectat
1231 2845 1347 2883 etiam

375 2894 562 2934 Heracliti
584 2896 730 2936 dictum
751 2899 855 2950 quod
875 2913 896 2939 e
913 2901 1146 2951 Plutarcho,
1171 2912 1216 2942 ut
1235 2905 1349 2942 vide-

1389 543 1440 570 01.

1393 899 1442 924 65.

1397 1197 1442 1223 06.

1404 1727 1450 1754 67.

1411 2264 1459 2290 68.

1414 2918 1463 2943 69.

1024 184 1300 250 nnnAcuTt
1333 210 1668 249 mmmmm.

1466 301 1544 340 tur,
1564 301 1733 331 sumtum
1751 293 1864 332 affert
1880 294 2056 333 Stobaeus
2074 309 2081 332 ε
2106 293 2210 334 Ἐπεὶ
2230 295 2292 344 τήν
2313 310 2353 346 γε
2367 311 2445 336 πει-

1469 354 1609 390 σθεῖσαν
1633 351 1770 404 [ψυχήν
1787 350 1799 406 ]
1820 351 1885 391 ὅσα
1906 353 2108 407 ἀνθρώπους
2128 353 2309 406 περιμένει
2324 355 2446 395 τελευ-

1469 410 1645 457 τήσαντας
1678 413 1756 450 καθ’
1788 410 2022 465 Ἡράκλειτον
2046 412 2144 452 οὐδὲν
2183 412 2225 452 ἂν
2258 413 2445 467 κατάσχοι.

1470 470 1579 509 Conf.
1595 469 1774 510 Clemens
1790 470 1950 511 Coliort.
1968 472 2005 511 ll
2021 486 2061 525 p.
2085 474 2144 512 18.
2163 473 2175 523 )

1474 528 1703 582 Ἀρηῖφάτους
1729 529 1812 584 γάρ,
1834 530 1961 585 φησίν,
1988 533 2019 571 οἱ
2049 532 2118 571 θεοὶ
2146 533 2276 583 τιμῶσι
2303 532 2364 572 καὶ
2384 532 2448 572 ἄν·

1472 590 1619 640 θρωποι.

1528 646 1827 696 (Theodoretus
1846 649 1928 688 vol.
1950 648 2001 687 lv
2020 663 2057 701 p.
2078 652 2155 701 9¹3
2178 619 2241 691 ed.
2266 650 2381 691 Hah:
2406 648 2451 690 Ὁ

1472 706 1511 744 δέ
1530 721 1569 758 γε
1589 704 1820 760 Ἡράκλειτος
1841 723 1902 745 και
1922 723 1999 752 τους
2018 710 2051 746 ἐν
2072 714 2142 753 τοῖς
2165 709 2331 761 πολέμοις
2351 712 2452 748 &vut-

1476 765 1637 819 ρεθέντας
1655 765 1774 813 πάσης
1795 766 1910 812 ἀξίους
1933 768 2177 819 ὓπολαμὸάνει
2193 773 2311 821 τιμῆς.
2327 768 2454 822 Ἄρηϊ-

1478 824 1611 878 φάτους
1627 824 1695 879 γάρ
1715 827 1795 866 κτλ.
1811 827 1822 878 )

1475 884 1589 936 Μόροι
1619 886 1687 938 γὰρ
1717 885 1856 936 μέζονες
1902 886 2047 938 μέζονας
2078 886 2202 940 μοίρας
2235 887 2456 941 λαγχάνουσι

1477 944 1554 983 καθ’
1575 944 1823 998 Ἡράκλειτον.

1532 1005 1732 1058 (Clemens
1747 1006 1892 1045 Strom.
1913 1005 1978 1053 lV,
2003 1019 2048 1054 73
2071 1005 2163 1044 item
2186 1005 2458 1046 'theodoretus

1476 1065 1557 1105 vol.
1577 1064 1626 1102 lv
1642 1079 1680 1117 p.
1696 1065 1774 1115 9¹3
1790 1065 1853 1105 ed.
1873 1064 1960 1103 Hal.
1981 1064 2082 1117 μόροι
2110 1063 2179 1117 γὰρ
2202 1063 2358 1115 μείζονες
2374 1065 2454 1118 μεί-

1477 1126 1577 1169 ζονας
1592 1125 1691 1176 κτλ.)

1471 1183 1640 1223 Ἐπειδὰν
1661 1182 1853 1236 γένωνται,
1874 1182 1972 1228 ζώειν
1991 1182 2147 1224 ἐθέλουσι
2163 1181 2290 1236 μόρους
2302 1181 2335 1222 τ’
2349 1181 2459 1236 ἔχειν,

1482 1245 1617 1294 μᾶλλον
1639 1242 1675 1282 δὲ
1691 1242 1957 1291 ἀναπαύεσθαι,
1974 1243 2035 1281 καὶ
2059 1243 2188 1287 παῖδας
2206 1242 2461 1282 καταλείπουσι

1483 1301 1600 1355 μόρων
1615 1301 1791 1354 γενέσθαι.

1540 1361 1746 1414 (Clemens
1765 1361 1911 1401 Strom.
1942 1360 2016 1408 111,
2038 1361 2059 1399 3
2086 1375 2094 1398 :
2118 1359 2350 1413 Ἡράκλειτος
2376 1362 2462 1412 γοῦν

1482 1420 1635 1466 κακίζων
1664 1420 1827 1475 φαίνεται
1853 1420 1915 1468 τὴν
1940 1421 2097 1473 γένεσιν·
2130 1420 2324 1470 Ἐπειδὰν,
2351 1419 2461 1475 φησί,

1482 1478 1845 1533 γενόμενοι-μόρους
1862 1481 2036 1532 γενέσθαι.
2057 1480 2206 1519 Mutavi
2225 1479 2405 1532 γενόμενοι
2420 1481 2463 1518 in

1483 1536 1655 1588 γένωνται
1673 1548 1710 1578 et
1736 1539 1863 1591 μόρους
1887 1541 1929 1578 ἱη
1959 1539 2090 1592 μόρων.
2109 1538 2238 1578 Verba
2265 1540 2400 1590 μᾶλλον
2426 1538 2463 1578 δὲ

1486 1597 1729 1637 ἀναπαύεσθαι
1775 1598 1940 1637 fortasse
2000 1612 2022 1637 a
2069 1598 2269 1637 Clemente
2312 1597 2466 1650 adjecta

1486 1657 1616 1707 sunt.)

1481 1716 1546 1768 Τῷ
1568 1710 1627 1753 οὖν
1646 1715 1735 1768 τόξῳ
1757 1714 1868 1768 ὄνομα
1888 1716 1981 1769 βιός,
1999 1715 2098 1770 ἔργον
2122 1716 2158 1755 δὲ
2175 1717 2338 1761 θάνατος.

1572 1774 1771 1827 (Etymol.
1801 1789 1931 1826 magn.
1960 1790 1999 1815 v.
2029 1776 2102 1829 βίος
2137 1791 2144 1814 :

1488 1835 1558 1871 τῶν
1575 1833 1732 1887 ἀρχαίων
1750 1834 1946 1909 ὁμωνύμως
1961 1834 2125 1887 λέγεσθαι
2148 1835 2221 1888 βιὸς
2233 1835 2274 1874 τὸ
2291 1834 2389 1881 τόξον
2405 1834 2470 1874 καὶ

1489 1895 1511 1939 ἡ
1535 1893 1623 1941 ζωή.
1644 1892 1875 1946 Ἡράκλειτος
1894 1897 1953 1932 οὖν
1969 1897 1987 1933 ὃ
2004 1894 2199 1939 σκοτεινός·
2218 1911 2304 1949 τωο
2285 1888 2346 1935 ουν
2376 1893 2469 1948 τόξῳ

1490 1954 1569 1993 κτλ.
1593 1953 1711 1992 Ludit
1737 1954 1956 1992 Heraclitus
1978 1953 2055 2006 βίου
2072 1963 2110 1992 et
2130 1956 2207 2006 βιοῦ
2237 1952 2471 1993 nominibus

1490 2012 1674 2051 confusis.
1689 2012 1743 2051 Pr
1745 2013 1898 2065 opriam
1912 2012 2056 2052 lonicae
2071 2013 2227 2052 dialecti
2242 2021 2280 2052 et
2295 2013 2469 2053 Heracli-

1491 2081 1561 2111 teae
1572 2072 1758 2111 dictionis
1772 2086 1910 2111 vocem
1928 2072 2069 2111 Suidas
2086 2082 2302 2112 memorat:
2322 2071 2470 2124 Ἇμὸισ·

1492 2130 1612 2170 &miv
1626 2147 1635 2155 ·
1657 2130 1692 2169 ἔν
1714 2147 1786 2170 τισι
1818 2131 1854 2170 δὲ
1881 2131 1922 2171 τὸ
1939 2131 2192 2184 ἀμφισὸητεῖν.
2213 2129 2335 2176 Ἴωνες
2355 2130 2392 2171 δὲ
2407 2131 2470 2171 καὶ

1491 2191 1700 2243 ἀγχιὸατεῖν
1714 2221 1725 2240 ,
1744 2190 1805 2229 καὶ
1823 2190 2040 2243 ἀγχιὸασίην
2057 2190 2326 2244 Ἡράκλειτος.)

1491 2249 1722 2303 Ἡράκλειτος
1745 2249 1814 2302 ἔφη
1830 2252 1877 2294 ὡς
1893 2244 1975 2298 ἦθος
1999 2250 2174 2303 ἀνθρώπῳ
2191 2248 2343 2301 δαίμων.

1547 2308 1745 2362 (Stobaeus
1764 2309 1914 2356 slot-il.
1942 2309 2038 2357 CIV,
2062 2311 2127 2350 23.
2153 2310 2238 2348 Sic.
2255 2317 2294 2348 et
2315 2309 2470 2356 Plutar-

1492 2369 1588 2407 chus
1607 2367 1750 2415 Quaest.
1770 2368 1870 2408 plat.
1886 2369 1965 2407 vul.
1986 2368 2080 2406 Xlll
2092 2383 2132 2421 p.
2149 2364 2222 2407 2'51
2243 2398 2254 2419 ,
2267 2369 2344 2408 nisi
2363 2369 2473 2421 quod

1493 2442 1566 2480 pro
1587 2427 1761 2481 ἀνθρώπῳ
1782 2427 1898 2466 habet
1914 2427 2111 2481 ἀνθρώπου.
2138 2428 2247 2467 Idem
2272 2438 2473 2481 comparat

1495 2487 1702 2526 Menandri
1742 2487 1841 2525 illud
1874 2501 1882 2525 z
1913 2486 1958 2526 Ὁ
1993 2490 2071 2531 νοῦς
2097 2487 2166 2539 γὰρ
2194 2489 2297 2537 ἡμῶν
2331 2490 2350 2527 ὁ
2381 2488 2473 2533 θεός.

1491 2546 1687 2585 Praeterea
1710 2545 1931 2584 Alexander
1953 2546 2274 2598 Aphrodisiensis
2301 2546 2350 2585 de
2378 2546 2475 2586 Fato

1494 2605 1543 2644 56
1565 2620 1574 2644 ι
1595 2603 1702 2646 Κατὰ
1719 2605 1756 2644 δὲ
1775 2604 1834 2644 τὸν
1851 2604 1955 2644 αὐτὸν
1975 2605 2102 2658 τρόπον
2119 2606 2180 2645 καὶ
2199 2605 2259 2644 ἐπὶ
2277 2607 2339 2654 τῆς
2357 2606 2477 2660 ψυχῆς

1496 2664 1591 2719 ευροι
1604 2681 1656 2710 τις
1677 2664 1718 2704 ἂν
1735 2665 1834 2718 παρὰ
1850 2664 1914 2712 τὴν
1897 2663 2083 2719 νφυσικὴν
2103 2664 2326 2714 κατασκευὴν
2346 2665 2474 2719 διαπρό-

1496 2741 1574 2779 ρους
1592 2724 1778 2777 γινομένας
1794 2725 1932 2776 ἑκάστῳ
1953 2724 2016 2770 τάς
2035 2740 2072 2764 τε
2100 2724 2321 2779 προαιρέσεις
2336 2740 2398 2765 και
2411 2724 2476 2770 τὰς

1494 2784 1637 2838 πράξεις
1656 2800 1717 2823 και
1737 2783 1815 2828 τους
1832 2784 1944 2837 βίους·
1961 2778 2042 2832 ηθος
2058 2784 2127 2837 γὰρ
2142 2783 2317 2838 ἀνθρωπῳ
2335 2783 2475 2836 δαίμων

1497 2844 1591 2884 κατὰ
1609 2843 1668 2883 τὸν
1687 2842 1943 2896 (Ηράκλειτον,
1960 2844 2054 2883 τοῦτ’
2073 2842 2151 2882 ἔστι
2170 2843 2308 2897 φύσις.)

1494 2903 1662 2944 Χαλεπὸν
1678 2905 1777 2956 θυμῷ
1789 2902 1966 2955 μάχεσθαι
1978 2919 1986 2927 ·
2003 2904 2119 2957 ψυχῆς
2132 2902 2231 2954 γὰρ’
2212 2902 2370 2941 ωνέεται.

337 3030 389 3058 62.
410 3026 458 3058 Dii
481 3028 634 3061 mortales
651 3029 864 3072 hominesque
879 3032 1096 3073 immortales,
1112 3034 1257 3067 viventes
1277 3036 1350 3068 illo-

1455 3039 1508 3068 66.
1533 3035 1672 3074 Quando
1695 3034 1763 3067 nati
1791 3031 1886 3074 sunt,
1918 3034 2028 3067 vivere
2054 3035 2166 3067 volunt
2188 3038 2391 3077 mortemque
2413 3035 2476 3068 ob-

2172 1775 2295 1815 ἸΞοικε
2330 1774 2365 1815 δὲ
2397 1776 2469 1815 ὑπὸ
2519 1774 2528 1785 ’

299 3093 372 3117 rum
391 3087 546 3126 mortem,
564 3087 740 3121 morientes
754 3089 884 3122 illorum
902 3091 1015 3124 vitam.

342 3147 396 3176 63.
415 3145 567 3179 Homines
588 3148 734 3180 mortuos
747 3149 879 3181 manent
894 3159 968 3191 quae
989 3159 1095 3193 neque
1107 3157 1235 3194 sperant
1248 3163 1352 3196 neque

297 3201 446 3236 ctcdunt.

1412 3094 1478 3136 ire,
1501 3094 1552 3127 vel
1580 3093 1690 3136 potius
1710 3093 1929 3135 acquiescere,
1945 3094 2043 3133 atque
2063 3092 2144 3125 filios
2167 3092 2353 3134 relinquunt
2371 3093 2473 3125 mori·

1414 3157 1516 3186 turos.

1456 3215 1508 3246 67.
1523 3214 1624 3245 Arcus
1642 3220 1762 3245 nornen
1777 3211 1843 3244 vita
1859 3211 1958 3253 (βίος,
1974 3211 2069 3253 quod
2082 3219 2191 3253 qraece
2209 3211 2402 3254 utrumque
2422 3213 2476 3244 si—

341 3263 394 3294 64.
411 3263 581 3304 Namque
572 3273 604 3296 ιιι
623 3263 732 3306 bello,
755 3265 881 3308 inquit,
900 3276 1000 3301 censos
1019 3268 1062 3301 dii
1079 3269 1238 3304 honorant
1253 3274 1352 3313 atque
1381 3240 1387 3321 ι
1413 3272 1594 3314 symmac),
1607 3281 1689 3314 opus
1703 3281 1789 3305 murs
1804 3274 1864 3305 est.

298 3319 456 3353 homines

341 3382 392 3411 65.
410 3380 530 3412 Mortes
546 3380 632 3413 enim
648 3382 831 3417 acerbiores
856 3385 1032 3419 secundum
1065 3387 1264 3421 Heraclitum
1281 3398 1351 3422 ma-

294 3437 365 3477 jore
385 3438 533 3472 mercede
551 3443 810 3482 compensantur.

1458 3334 1510 3365 68.
1534 3332 1714 3365 Heraclitus
1730 3331 1835 3364 dixit
1826 3331 1990 3371 ingenium
2011 3330 2132 3363 homini
2148 3339 2267 3363 numen
2284 3337 2366 3364 esse.

1457 3395 1509 3425 69.
1528 3391 1666 3425 Difficile
1692 3394 1741 3425 est
1770 3391 1828 3424 irae
1858 3391 2027 3432 resistere,
2046 3391 2116 3424 ltaec
2145 3392 2231 3424 enim
2257 3391 2364 3424 anima
2387 3389 2471 3424 emit

1415 3451 1523 3492 (quod
1546 3451 1672 3494 cupit).
