2612 3814
259 327 335 360 ⁴22

257 413 370 447 νοοῦσι
390 408 474 447 ποτὲ
496 408 569 448 δὲ’
551 409 800 463 αφισταμένοις
823 426 889 458 της
912 408 1006 455 θείας
1033 409 1194 461 γνώσεως
1214 410 1275 448 καὶ
1295 411 1313 448 6

256 466 356 519 ὅρκος
374 468 503 518 ὁμοίως
521 468 780 522 παραὸαίνεται
800 468 895 521 μὲνε
883 468 951 509 υπὸ
965 472 1034 509 τῶν
1049 469 1311 523 ἀφισταμένων,

257 521 354 572 αυθις
378 527 414 567 δὲ
435 531 595 582 τηρεῖται
613 529 680 568 ὑπὸ
701 532 770 569 τῶν
788 529 874 583 πρὸς
895 527 958 576 τὴν
982 528 1076 568 θείαν
1099 529 1312 582 ἐπιστροφὴν

258 586 498 639 ἀναγομένων.
558 587 603 629 Ἡ
624 588 692 642 γὰρ
711 588 858 641 τήρησις
878 590 948 628 τῶν
960 588 1060 627 θείων
1081 587 1196 639 νόμων
1214 587 1314 641 ὅρκος

257 650 315 685 νῦν
332 645 492 700 λέγεται,
514 642 542 701 ᾧ
562 648 698 687 δέδεται
719 648 777 688 καὶ
800 647 994 701 ἀνήρτηται
1014 646 1130 686 πάντα
1150 647 1237 700 πρὸς
1254 646 1312 685 τὸν

258 705 470 759 δημιουργὸν
488 708 562 746 θεὸν
577 707 620 746 τὰ
638 707 842 759 γιγνώσκειν
867 707 971 746 αὐτὸν
985 707 1176 759 πεφυκότα·
1199 701 1246 745 ὧν
1269 706 1314 745 τὰ

259 763 322 815 μὲν
358 765 411 804 ἀεὶ
444 765 596 818 ἐχόμενα
628 769 732 805 αὐτοῦ
766 766 820 806 ἀεὶ
851 766 947 805 σέὸει
977 766 1036 805 τὸν
1064 764 1186 819 ὅρκον,
1208 765 1254 804 τὰ
1275 766 1312 804 δὲ

259 825 483 877 ἀφιστάμενά
498 842 582 865 ποτε
595 856 605 874 ,
625 826 703 865 τότε
720 826 779 864 καὶ
805 825 890 879 περὶ
911 826 968 865 τὸν
989 826 1092 879 ὅρκον
1117 825 1256 873 ἀσεὸεῒ,
1275 827 1314 864 οὗ

260 884 363 935 μόνον
386 888 445 924 τοῦ
463 885 554 924 θείου
574 886 681 936 νόμου
709 883 772 933 τὴν
795 884 904 934 τάξιν,
928 885 1020 924 ἀλλὰ
1049 884 1109 924 καὶ
1137 888 1199 924 τοῦ
1222 885 1314 924 θείου

259 943 361 997 ὅρκου
382 943 444 991 τὴν
464 944 581 983 πίστιν
603 944 883 998 παραὸαίνοντα.
942 946 1110 989 Τοιοῦτος
1131 943 1194 996 μὲν
1217 939 1277 983 οῧν
1297 948 1315 984 6

259 1005 328 1047 τοῖς
344 1005 495 1054 λογικοῖς
514 1002 648 1057 γένεσιν
675 1004 921 1055 ἐνουσιωμένος
950 1002 1066 1058 ὅρκος,
1086 1004 1228 1058 ἔχεσθαι
1253 1007 1314 1043 τοῦ

258 1063 390 1116 πατρὸς
420 1064 532 1101 αὐτῶν
554 1062 614 1101 καὶ
635 1067 806 1115 ποιητοῦ,
835 1063 896 1103 καὶ
917 1062 966 1115 μὴ
991 1062 1225 1116 παραὸαίνειν
1248 1079 1316 1114 μη-

260 1124 355 1174 δαμῆ
375 1121 453 1166 τους
473 1122 530 1160 ὕπ’
549 1122 679 1161 ἐκείνου
695 1122 928 1175 διορισθέντας
945 1121 1078 1171 νόμους
1091 1122 1315 1174 ἀναγκάζων.

260 1179 304 1220 Ὁ
335 1179 417 1219 δὲ2
403 1196 437 1219 ν
458 1185 533 1225 ταῖς
561 1182 653 1220 κατὰ
674 1197 731 1220 τον
758 1180 831 1234 βίον
849 1183 1086 1236 ἀναστροφαῖς
1105 1180 1239 1234 ὅρκος”
1226 1196 1318 1233 ιχνος

260 1239 354 1280 ἔστιν
369 1240 522 1291 ἐκείνου,
548 1240 632 1294 πρὸς
650 1241 817 1290 ἀλήθειαν
846 1241 1050 1280 ἀπευθύνων
1080 1240 1157 1285 τους
1174 1241 1319 1285 δεόντως

261 1300 356 1353 αὐτῷ
372 1271 589 1352 xpoiue'v'ouc.
647 1299 701 1340 Τὸ
719 1299 788 1354 γὰρ
801 1300 998 1354 ἀμφίὸολον
1015 1303 1078 1348 τῆς
1099 1299 1319 1353 ἀνθρωπίνης

260 1358 498 1412 προαιρέσεως
514 1360 561 1403 εἷς
580 1359 794 1412 βεὸαιότητα
811 1361 1105 1415 μεταρῥυθμίζει,
1124 1359 1185 1399 καὶ
1204 1359 1319 1411 μένειν

261 1417 321 1457 ἐπὶ
345 1421 406 1466 τῆς
420 1418 633 1465 ταύτότητος
650 1419 841 1470 ἀναγκάζει
868 1421 903 1458 ἔν
920 1435 957 1458 τε
973 1419 1088 1471 λόγοις
1102 1418 1164 1458 καὶ
1184 1418 1319 1472 ἔργοις,

260 1481 364 1517 τοῦτο
381 1477 443 1531 μὲν
464 1481 533 1518 τῶν
555 1480 798 1531 γεγενημένων
817 1479 857 1518 τὸ
885 1479 992 1534 σαφὲς
1010 1479 1198 1534 ἔκφαίνων,
1216 1483 1319 1519 τοῦτο

261 1535 298 1577 δὲ
321 1540 389 1577 τῶν
419 1538 620 1588 μελλόντων
655 1538 863 1591 γενήσεσθαι
890 1538 931 1579 τὸ
961 1538 1106 1593 βέὸαιον
1138 1540 1316 1578 ἀπαιτῶν.

261 1597 330 1637 Διὰ
350 1601 463 1637 ταῦτα
481 1597 521 1645 δὴ
545 1599 605 1637 καὶ
624 1599 781 1648 μάλιστα
805 1598 970 1638 σε’ὅεσθαι
987 1598 1158 1653 προσήκει
1179 1597 1239 1638 τὸν
1258 1598 1322 1652 ὅρ-

261 1672 345 1706 κον,
378 1657 437 1696 τὸν
456 1657 520 1708 μὲν
540 1657 618 1696 κατ’
636 1657 757 1696 οὐσίαν
777 1657 1075 1712 προϋπάρχοντα,
1098 1656 1156 1696 διὰ
1175 1657 1240 1705 τὴν
1258 1662 1322 1706 τῆς

262 1717 459 1765 ἀιδιότητος
480 1716 651 1789 ιρρουράν,
667 1716 724 1755 τὸν
742 1715 778 1756 δὲ
800 1716 1015 1770 ἀνθρώπινον
1032 1731 1094 1756 και
1114 1722 1185 1761 τοῖς
1202 1717 1237 1755 ἐν
1256 1717 1322 1770 βίῳ

261 1778 469 1831 πράγμασιν
489 1776 673 1829 ἐπίκουρον
687 1778 734 1820 ὡς
749 1776 866 1816 εἰκόνα
886 1777 1034 1826 ἐκείνου,
1056 1792 1117 1816 και
1135 1776 1211 1828 μετ’
1234 1778 1323 1816 ἐκεῖ·

262 1853 318 1876 νον
342 1835 567 1889 βεὸαιότητος
581 1837 640 1874 καὶ
660 1836 825 1884 ἀληθείας
837 1836 1023 1889 γενόμενον
1037 1837 1122 1889 ἡμῖν
1141 1836 1322 1890 πρύτανιν,

263 1896 323 1934 καὶ
341 1898 409 1933 τῶν
426 1896 625 1934 καλλίστων
643 1898 736 1943 ἠθῶν
757 1898 962 1950 πληροῦντα
981 1896 1059 1941 τοὺς
1077 1895 1193 1935 σε’ὅειν
1218 1897 1323 1935 αὐτὸν

266 2048 352 2085 dem
390 2049 490 2085 inter
519 2050 589 2086 Dei
614 2061 763 2098 semper
793 2048 1045 2097 intelligentes
1080 2049 1244 2086 maxime
1280 2061 1323 2085 ac

263 2115 453 2158 perpetuo
473 2116 644 2145 servatur
666 2121 675 2145 ι
697 2109 798 2144 inter
816 2108 1069 2157 intelligentes
1096 2108 1322 2158 aliquando,

265 2167 475 2217 aliquando
495 2181 590 2204 vero
622 2181 643 2205 a
674 2167 807 2205 divina
838 2169 1060 2218 cognitione
1080 2169 1325 2206 abscedentes

264 2229 388 2277 ipsum
408 2241 565 2278 quoque
587 2227 853 2276 jusjurandum
873 2228 1048 2265 similiter
1064 2228 1114 2264 ab
1134 2229 1192 2265 his
1209 2229 1326 2266 viola-

266 2296 330 2324 tur
355 2289 421 2337 qui
442 2288 675 2338 abscedunt,
707 2295 843 2324 contra
867 2299 960 2324 vero
995 2288 1043 2324 ab
1077 2289 1151 2325 illis
1183 2289 1249 2337 qui
1276 2289 1324 2325 ad

266 2350 388 2384 Deum
419 2348 546 2385 denuo
580 2355 825 2385 revertuntur
862 2354 1122 2386 conservatur.
1153 2350 1326 2398 Namque

266 2407 481 2444 divinarum
516 2409 643 2458 legum
675 2408 893 2444 observatio
925 2420 1027 2445 nunc
1059 2407 1345 2456 jusjurandum,

266 2466 421 2516 dicitur,
445 2480 524 2516 quo
550 2475 689 2504 cuncta
715 2468 779 2504 illa
807 2481 893 2504 cum
926 2469 1011 2504 Deo
1041 2467 1182 2518 opifice
1212 2469 1325 2504 colli—

269 2533 407 2575 gantur
429 2535 466 2564 et
482 2535 779 2574 connectuntur,
803 2540 886 2576 quae
907 2529 956 2564 ad
982 2540 1070 2564 eum
1091 2540 1324 2577 cognoscen-

269 2585 361 2622 dum
376 2594 462 2623 nata
482 2595 591 2623 sunt:
610 2599 777 2635 quorum
792 2600 834 2624 ea
850 2600 935 2636 quae
964 2599 1112 2637 semper
1127 2586 1184 2623 illi
1204 2587 1327 2624 adhae-

269 2652 374 2691 rent,
397 2645 663 2693 jusjurandum
693 2658 843 2697 semper
878 2647 1032 2693 colunt,
1055 2659 1099 2683 ea
1118 2659 1221 2683 vero·
1244 2660 1327 2696 quae

270 2704 455 2741 recedunt
471 2706 675 2754 aliquando
689 2733 699 2752 ,
711 2705 962 2754 jurisjurandi
973 2707 1087 2743 etiam
1102 2707 1325 2756 religionem

271 2771 350 2800 tum
376 2764 580 2812 abjiciunt,
602 2778 682 2801 non
698 2766 823 2802 solum
846 2765 983 2802 divinae
1003 2766 1096 2815 Iegis
1125 2766 1299 2802 ordinem
1315 2796 1324 2812 ,

269 2823 338 2860 sed
362 2823 481 2860 divini
494 2825 605 2860 etiam
619 2823 872 2872 jurisjurandi
890 2824 1006 2862 fidem
1022 2825 1218 2864 violantia.
1237 2827 1328 2863 Tale

269 2884 387 2934 igitur
407 2891 460 2919 est
476 2883 745 2931 jusjurandum
766 2884 968 2933 generibus
986 2885 1134 2921 ratione
1158 2885 1329 2934 praeditis

269 2948 406 2979 natura
442 2943 621 2989 insitum,
651 2950 693 2979 ut
739 2944 840 2992 patri
873 2956 943 2980 suo
964 2951 1003 2981 et
1042 2946 1208 2981 creatori
1229 2958 1327 2981 sem-

272 3014 344 3051 per
362 3001 570 3039 .adhaerere
610 3014 654 3039 ac
682 3003 784 3052 leges
819 3002 867 3039 ab
896 3016 940 3040 eo
973 3005 1194 3041 constitutas
1221 3005 1329 3041 nullo

271 3061 391 3098 modo
406 3062 572 3112 migrare
593 3069 719 3111 cogat.
738 3061 859 3110 Hujus
874 3074 965 3099 vero
977 3061 1230 3111 jurisjurandi
1263 3077 1330 3101 ve-

270 3121 426 3170 stigium
445 3128 499 3157 est
515 3120 611 3157 illud
628 3120 735 3169 quod
748 3121 788 3156 in
806 3121 892 3157 vitae
913 3123 1151 3159 commerciis
1169 3136 1329 3172 usurpa-

275 3187 348 3227 tur,
375 3180 484 3228 quod
514 3180 689 3216 homines
719 3181 792 3217 rite
827 3193 873 3217 eo
905 3188 1054 3218 utentes
1084 3182 1133 3218 ad
1162 3184 1332 3219 veritatis

271 3251 447 3276 normam
465 3239 610 3289 dirigit.
637 3240 803 3277 Consilia
822 3241 924 3276 enim
943 3241 1142 3277 hominum
1160 3254 1245 3289 cum
1273 3243 1328 3278 in-

275 3305 379 3334 certa
420 3305 508 3334 sunt
540 3298 590 3334 ad.
626 3306 768 3334 certam
803 3300 991 3336 rationem
1016 3307 1053 3336 et
1084 3302 1332 3336 constantiam

273 3364 430 3394 revocat
449 3369 591 3406 eosque
608 3358 649 3393 in
669 3357 806 3394 eodem
821 3359 1024 3407 proposito
1040 3371 1194 3395 manere
1211 3361 1329 3409 cogit,

275 3429 363 3453 cum
378 3417 420 3452 in
440 3415 571 3463 dictis,
585 3423 667 3453 tum
682 3417 722 3453 in
745 3417 877 3464 factis;
895 3419 1035 3467 partim
1048 3419 1332 3467 praeteritorum

274 3476 472 3513 veritatem
508 3476 793 3524 demonstrans,
815 3479 955 3527 partim
991 3478 1211 3514 futurorum
1241 3492 1332 3515 con-

275 3538 452 3573 stantiam
475 3545 693 3586 certamque
712 3537 828 3574 fidem
850 3539 1017 3588 exigens.
1040 3540 1167 3587 Atque
1194 3538 1244 3575 ob
1267 3539 1335 3575 has

276 3596 431 3644 quidem
447 3609 575 3633 causas
589 3598 751 3634 maxime
765 3597 968 3635 colendum
985 3604 1040 3634 cst
1052 3596 1331 3644 jusjurandum,

964 321 1241 361 HIEROCLIS
1273 320 1696 362 COMMENTARIUS

1375 407 1639 460 μεμαθηκότας.
1698 408 1814 456 Σέὸας
1829 409 1864 450 δὲ
1879 409 1983 464 ὅρκου
2004 410 2108 462 μόνον
2129 411 2172 451 ἂν
2193 412 2247 461 εἴη
2274 416 2296 460 ἡ
2315 412 2436 468 τήρη·

1375 484 1426 513 σις
1439 471 1508 508 τῶν
1528 469 1794 520 ὀμωμοσμένων
1807 498 1818 518 ,
1839 469 1919 509 ὅσον
1938 472 1992 525 ἐφ’
2007 475 2111 523 ἡμῖν,
2133 472 2438 526 ἀπαραπόδιστος,

1375 530 1396 575 ἡ
1417 528 1504 580 πρὸς
1518 528 1559 566 τὸ
1574 527 1723 580 μόνιμον
1739 529 1799 567 καὶ
1826 530 2057 576 ἀληθευτικὸν
2077 534 2141 579 τῆς
2158 531 2251 577 θείας
2271 531 2375 579 ἕξεως
2388 536 2436 587 τῇ

1375 587 1525 641 ἑκουσίῳ
1558 587 1695 641 ἀνάγκη
1728 587 1808 633 τους
1833 588 2000 634 σι’ὅοντας
2031 606 2090 630 τον
2119 589 2222 643 ὅρκον
2258 593 2434 646 συναρμό·

1375 649 1495 692 ζουσα.
1553 646 1665 686 Καὶ
1647 663 1670 694 η
1688 647 1751 698 μὲν
1768 647 1892 702 πρώτη
1913 664 1975 687 και
1995 649 2191 704 ἀπόρρητος
2210 651 2363 705 εὖορκία,
2378 650 2441 692 διὰ

1376 723 1437 754 της
1469 707 1516 751 εἰς
1542 706 1619 747 θεὸν
1645 708 1883 762 ἐπιστροφῆς,
1906 703 2003 755 αυθις
2030 710 2345 762 ἀναλαμόάιεσθαι
2376 713 2438 754 πέ-

1376 781 1461 820 φυκε
1481 769 1550 811 τοῖς
1576 767 1653 811 ταῖς
1684 769 1915 820 καθαρτικαις
1951 770 2092 823 ἀρεταῖς
2121 770 2187 818 τὴν
2207 772 2437 826 παρέκὸασιν

1377 826 1537 877 ἰωμένοις
1557 830 1617 867 τοῦ
1639 827 1731 867 θείου
1762 827 1878 882 ὅρκου·
1907 829 1929 876 ἡ
1951 828 1989 868 δὲ
2012 830 2161 883 βιωτικὴ
2184 832 2327 886 εὖορκία
2355 835 2443 877 ταῖς

1376 888 1574 931 πολιτικαῖς
1589 888 1731 940 ἀρεταῖς
1749 887 1971 935 διασώζεται.
2029 889 2141 929 Μόνοι
2157 891 2224 945 γὰρ
2238 893 2270 931 οἱ
2283 890 2347 937 τὰς
2360 894 2440 946 ἀρε·

1377 946 1439 992 τὰς
1458 947 1589 991 ταύτας
1621 947 1833 1000 κεκτημένοι
1853 947 1914 987 καὶ
1934 949 2091 1001 εὐορκεῖν
2112 951 2148 988 ἐν
2175 955 2247 995 τοῖς
2264 950 2358 991 κατὰ
2378 952 2443 991 τὸν

1379 1006 1454 1058 βίον
1473 1006 1649 1047 δύνανται·
1678 1011 1700 1056 ἡ
1729 1007 1765 1046 δὲ
1786 1006 1895 1047 κακία
1915 1007 2035 1061 μήτηρ
2067 1009 2248 1062 ἐπιορκίας
2277 1012 2328 1064 τῷ
2349 1010 2441 1050 d&-

1378 1064 1469 1119 6αίῳ
1488 1070 1548 1105 τοῦ
1565 1066 1670 1114 ἤθους
1687 1066 1746 1106 τὸν
1764 1065 1864 1120 ὅρκον
1882 1070 2154 1108 καταπατοῦσα.
2215 1070 2299 1113 Πῶς
2311 1068 2381 1123 γὰρ
2397 1068 2441 1109 ἂν

1377 1127 1396 1163 6
1415 1124 1680 1179 φιλοχρήματος
1709 1125 1841 1180 ἢπρὸς
1873 1125 2039 1199 ἀργυρίου
2070 1129 2179 1181 λῆψιν
2211 1127 2235 1176 ἢ
2269 1129 2443 1170 ἀπόδοσιν

1379 1184 1519 1238 εὔορκός
1546 1201 1633 1225 ποτε
1662 1185 1821 1238 γένοιτο;
1843 1188 1920 1230 πῶς
1940 1185 1976 1224 δὲ
1993 1188 2011 1225 ὁ
2027 1186 2222 1232 ἀκόλαστος
2243 1185 2267 1235 ἢ
2287 1190 2306 1227 ὁ
2326 1188 2438 1232 δειλὸς

1379 1244 1516 1298 ἐμμένῃ
1535 1247 1608 1290 τοῖς
1633 1244 1768 1298 ὅρκοιςς
1790 1245 1851 1285 καὶ
1879 1247 1946 1299 οὐχ
1965 1246 2053 1285 ὅπου
2075 1247 2104 1285 δ’
2127 1246 2170 1286 ἂν
2191 1247 2355 1301 ἑκάτερος
2374 1249 2443 1288 αὖ·

1380 1306 1448 1342 τῶν
1469 1305 1570 1359 οἰηθῇ
1595 1304 1701 1344 πλέον
1723 1320 1759 1343 τι
1776 1304 1915 1353 ἕξειν,’
1899 1320 1935 1343 εν
1957 1298 2007 1349 οἶς
2023 1307 2117 1344 ἐστιν
2134 1305 2269 1357 ἥττων,
2288 1308 2442 1348 ἑνταυθα

1379 1362 1419 1402 τὸ
1440 1362 1544 1407 σέὸας
1571 1379 1642 1402 των
1663 1363 1776 1416 ὅρκων
1807 1363 2044 1413 ἀποδύσεται,
2073 1365 2183 1413 θνητὰ
2204 1366 2264 1406 καὶ
2285 1365 2444 1420 ἐπίκηρα

1380 1424 1448 1461 τῶν
1472 1422 1572 1461 θείων
1592 1423 1732 1475 ἀγαθῶν
1753 1422 2100 1474 ἀνταλλαττόμενος;
2120 1418 2187 1470 Οἷς
2207 1423 2245 1464 δὲ
2262 1427 2380 1471 καλῶς
2399 1425 2444 1466 τὸ

1380 1498 1449 1521 των
1472 1484 1604 1534 ἀρετῶν
1624 1481 1799 1535 ἐνίδρυται
1819 1486 1965 1534 κτῆμα,
1982 1482 2117 1528 τούτοις
2134 1478 2172 1524 ευ
2193 1485 2254 1524 καὶ
2274 1484 2314 1524 τὸ
2334 1484 2445 1531 σε’ὅας

1381 1544 1451 1580 τῶν
1474 1540 1586 1594 ὅρκων
1606 1541 1840 1587 διασώζεσθαι
1870 1541 2017 1595 πέφυκε.
2079 1543 2222 1592 Μελέτη
2254 1543 2290 1583 δὲ
2311 1543 2447 1597 ἀρίστη

1381 1602 1443 1638 τοῦ
1473 1600 1591 1654 τηρεῖν
1619 1599 1661 1638 τὸ
1679 1600 1760 1652 περὶ
1782 1599 1885 1639 αὐτὸν
1919 1600 2026 1645 σέὸας
2054 1601 2095 1640 τὸ
2115 1600 2165 1652 μὴ
2187 1605 2327 1647 πυκνῶς
2353 1602 2445 1653 μηδὲ

1382 1660 1428 1703 ὡς
1449 1658 1553 1712 ἔτυχε
1585 1661 1740 1712 χρῆσθαι
1771 1661 1822 1712 τῷ
1843 1658 1960 1713 ὅρκῳ,
1990 1659 2079 1710 μηδὲ
2103 1661 2161 1699 ἐπὶ
2187 1666 2258 1706 τοῖς
2277 1677 2445 1715 παρατυ-

1383 1722 1513 1772 χοῦσι,
1536 1718 1625 1770 μηδὲ
1649 1720 1696 1763 εἷς
1713 1718 1966 1773 ἀναπλήρωσιν
1986 1720 2112 1772 λόγου,ι
2134 1721 2225 1772 μηδὲ
2244 1722 2292 1766 εἷς
2310 1721 2449 1761 πίστω-

1383 1794 1437 1817 σιν
1470 1777 1689 1830 διηγήματος
1707 1808 1718 1827 ,
1746 1778 1887 1824 ἀλλ’ὡς
1921 1773 1990 1819 οἶόν
2023 1794 2063 1818 τε
2094 1785 2213 1833 τηρεῖν
2243 1781 2349 1820 αὐτοῦ
2377 1779 2443 1829 τὴν

1383 1837 1506 1891 χρείαν
1527 1840 1562 1877 ἐν
1593 1843 1664 1883 τοῖς
1694 1837 1900 1888 ἀναγκαίοις
1929 1854 1968 1877 τε
1999 1837 2078 1889 ἅμα
2112 1840 2175 1878 καὶ
2192 1839 2349 1890 τιμίοις,
2382 1838 2450 1878 καὶ

1382 1897 1479 1945 τότε,
1501 1895 1558 1935 ὅτε
1579 1896 1738 1949 μηδεμία
1759 1898 1851 1946 ἄλλη
1878 1900 1948 1936 τῶν
1967 1897 2132 1937 τοιούτων
2150 1898 2308 1951 σωτηρία
2328 1914 2448 1950 παρα·

1383 2048 1479 2084 illud
1513 2047 1671 2097 quidem
1704 2056 1841 2084 natura
1869 2049 1975 2098 prius
2009 2050 2099 2098 quia
2128 2050 2373 2098 perennitatis
2391 2057 2450 2088 est

1386 2114 1511 2143 custos
1525 2135 1536 2154 ‚
1564 2107 1774 2144 humanum
1794 2115 1920 2144 autem
1945 2108 2053 2157 quod
2081 2109 2122 2144 in
2142 2109 2258 2146 rebus
2272 2109 2454 2147 humanis

1385 2167 1529 2203 auxilio
1554 2173 1634 2212 est,
1663 2167 1752 2215 quia
1771 2168 1914 2216 prioris
1941 2168 2148 2217 imaginem
2177 2168 2343 2205 referens
2361 2176 2448 2218 post

1384 2227 1482 2262 illud
1505 2227 1756 2263 constantiam
1787 2235 1902 2275 atque
1930 2228 2135 2264 veritatem
2164 2235 2292 2265 tuetur
2307 2240 2451 2277 eosque

1384 2286 1556 2322 moribus
1573 2287 1729 2336 optimis
1747 2287 1901 2322 instruit
1925 2285 1993 2334 qui
2014 2287 2142 2335 ipsum
2157 2287 2287 2324 colere
2307 2286 2448 2325 didice-

1386 2353 1487 2384 runt.
1505 2345 1766 2394 Jurisjurandi
1787 2360 1880 2383 vero
1903 2347 2026 2383 cultus
2045 2348 2183 2384 unicus
2195 2355 2250 2384 est
2267 2348 2452 2386 inviolata

1389 2418 1525 2441 eorum
1546 2418 1629 2454 quae
1647 2405 1842 2454 jurantur,
1863 2414 2049 2455 quantum
2066 2408 2106 2443 in
2124 2407 2237 2443 nobis
2270 2414 2345 2454 est,
2383 2420 2448 2444 cu·

1389 2466 1534 2511 stodia‚
1553 2478 1637 2514 quae
1646 2478 1712 2502 eos
1728 2466 1795 2514 qui
1805 2465 2070 2514 jusjurandum
2085 2468 2216 2503 colunt
2235 2467 2453 2504 voluntaria

1387 2525 1556 2573 quadam
1572 2526 1795 2562 necessitate
1813 2525 1863 2562 ad
1880 2525 2000 2562 divini
2022 2526 2174 2563 habitus
2198 2527 2449 2563 constantiam

1387 2591 1424 2620 et
1438 2585 1640 2621 veritatem
1661 2586 1873 2634 componit.
1893 2584 2023 2623 Prima
2041 2598 2134 2622 vero
2154 2586 2219 2623 illa
2235 2593 2273 2622 et
2291 2587 2453 2635 mystica

1383 2643 1633 2692 jurisjurandi
1650 2646 1824 2681 sanctitas
1841 2657 1913 2694 per
1929 2646 2221 2682 conversionem
2244 2644 2293 2682 ad
2323 2646 2452 2687 Deum

1387 2716 1542 2740 rursum
1575 2711 1701 2753 potest
1717 2705 1938 2754 recuperari
1958 2705 2005 2741 ab
2025 2705 2071 2741 iis
2090 2705 2157 2753 qui
2173 2703 2380 2742 virtutibus
2397 2704 2456 2741 lu·

1383 2823 1631 2872 jurisjurandi
1650 2831 1797 2870 autem,
1816 2822 1922 2871 quod
1941 2836 1982 2859 1n
2000 2822 2113 2871 hujus
2130 2823 2216 2859 vitae
2235 2821 2351 2859 rebus
2363 2834 2450 2859 ver—

1388 2891 1508 2933 satur,
1535 2884 1711 2920 sanctitas
1741 2882 1918 2919 civilibus
1944 2883 2154 2919 virtutibus
2190 2888 2453 2921 conservatur.

1389 2942 1470 2980 Soli
1498 2943 1600 2980 enim
1622 2943 1650 2978 ii
1681 2943 1748 2991 qui
1779 2942 1848 2978 has
1879 2942 2040 2978 virtutes
2073 2941 2291 2991 possident,
2321 2948 2452 2978 sancte

1390 3004 1504 3039 etiam
1516 2993 1705 3051 jurare-in
1722 3001 1837 3049 hujus
1861 3002 1948 3038 vitae
1969 3001 2083 3038 rebus
2101 3007 2262 3050 possunt
2282 3013 2291 3037 ε
2316 2999 2452 3050 perju-

1390 3063 1438 3098 rii
1461 3074 1554 3099 vero
1591 3073 1730 3111 parens
1759 3068 1814 3098 est
1842 3061 1979 3097 vitium
1999 3060 2107 3109 quod
2134 3072 2287 3096 morum
2315 3055 2470 3097 incon-³

1390 3122 1525 3158 stantia
1532 3119 1800 3169 jusjurandum
1836 3120 2061 3157 contemnit.
2096 3121 2181 3167 Quo
2205 3119 2307 3156 enim
2337 3126 2452 3168 pacto

1391 3181 1455 3217 ille
1476 3181 1544 3229 qui
1575 3180 1727 3216 divitias
1747 3186 1869 3225 amat,
1892 3179 1933 3215 in
1962 3179 2126 3227 pecunia
2146 3179 2207 3215 vel
2230 3178 2456 3228 accipienda

1394 3241 1452 3277 vel
1471 3239 1670 3277 reddenda
1683 3238 1934 3287 jurisjurandi
1949 3239 2184 3274 sanctitatem
2204 3249 2353 3275 servare
2365 3250 2451 3286 pos-

1392 3301 1464 3337 sit?
1497 3311 1625 3348 quove
1648 3299 1766 3335 modo
1795 3299 1826 3334 is
1846 3298 1913 3346 qui
1932 3298 2172 3334 incontinens
2192 3303 2246 3334 est
2265 3304 2331 3334 aut
2350 3297 2452 3333 timi·

1393 3358 1464 3395 dus
1482 3359 1521 3395 in
1532 3357 1786 3406 jurejurando
1803 3357 1987 3407 perstabit
2000 3357 2014 3393 Ρ
2025 3370 2066 3393 ac
2082 3369 2161 3392 non
2174 3357 2304 3407 potius
2318 3368 2458 3393 eorum·

1392 3425 1577 3467 uterque,
1600 3417 1823 3466 ubicunque
1843 3416 2081 3465 superiorem
2101 3428 2139 3451 se
2158 3415 2242 3451 fore
2262 3415 2453 3464 putaverit

1393 3478 1520 3524 iniis,
1547 3478 1587 3514 in
1614 3477 1754 3526 quibus
1787 3476 1949 3512 inferior
1976 3483 2051 3522 est,
2082 3474 2334 3523 jurisjurandi
2363 3474 2452 3511 reli-

1395 3538 1509 3586 gione
1541 3537 1730 3587 deposita,
1749 3536 1925 3572 mortalia
1955 3543 1992 3572 et
2025 3535 2169 3571 caduca
2201 3547 2286 3570 cum
2317 3533 2458 3569 divinis

1396 3597 1509 3633 honis
1530 3596 1804 3633 commutabit?
1835 3598 1885 3632 At
1907 3595 2045 3643 quibus
2065 3595 2250 3630 virtutum
2270 3591 2379 3628 firma
2400 3599 2458 3628 est
