2612 3814
903 259 1243 301 ANAXAGORAE
1281 259 1623 304 FRAGMENTA.

177 367 223 395 15.
245 352 339 394 Οὔτε
365 354 427 391 τοῦ
457 352 605 403 σμικροῦ
635 348 678 402 γέ
694 349 769 389 ἐστι
799 349 839 389 τό
866 365 906 402 γε
932 350 1132 403 ἐλάχιστον,
1151 348 1228 390 ἀλλ’

254 412 402 452 ἔλασσον
421 409 510 449 αἰεί·
527 407 647 461 τὸγὰρ
665 408 719 448 ἐὸν
735 409 799 447 οὒκ
815 408 891 448 ἔστι
913 409 953 448 τὸ
971 409 1021 461 μὴ
1043 410 1105 449 οὔκ
1120 403 1228 449 εἶναι·

256 470 334 511 οὔτε
361 469 400 508 τὸ
425 469 601 520 μέγιστον,
621 466 714 507 ἀλλὰ
732 466 792 506 καὶ
809 471 870 507 τοῦ
891 469 1047 520 μεγάλου
1068 468 1137 507 αἷεί
1154 469 1230 506 ἐστι

254 529 368 580 με’ζον·
384 527 445 567 καὶ
457 526 531 566 ἴσον
546 526 620 566 ἐστὶ
639 529 688 580 τῷ
705 528 844 581 σμικρῷ
855 529 1002 575 πλῆθος,
1018 527 1103 581 πρὸς
1120 525 1227 567 ἑωυτὸ

251 587 288 627 δὲ
306 586 454 627 ἕκαστόν
473 588 547 626 ἐστι
566 585 627 625 καὶ
647 585 738 639 μέγα
760 585 820 625 καὶ
836 586 998 640 σμικρόν.

306 647 545 700 (Simplicius
565 646 781 686 Comment.
804 646 846 685 in
866 646 988 687 Arist.
1011 646 1134 698 Phys.
1157 646 1223 686 fol.

254 706 303 745 35
325 719 346 745 a
362 718 372 745 z
391 705 451 744 καὶ
470 705 522 744 ὅτι
553 704 631 744 οὔτε
659 704 700 744 τὸ
720 703 907 757 ἐλάχιστον
924 699 968 753 ἧν
988 705 1102 756 (ἐστιν
1133 705 1222 744 cod.

254 765 304 817 D)
325 765 360 804 ἐν
382 769 459 809 ταῖς
477 765 604 816 ἀρχαῖς
621 761 702 802 οὔτε
727 761 767 801 τὸ
783 761 958 814 μέγιστον·
977 763 1056 803 οὔτε
1074 762 1144 816 γὰρ
1163 767 1222 802 τοῦ
1254 742 1260 801 l

251 826 404 877 σμικροῦ
425 822 465 874 γε’
486 822 617 876 (φησίν)
638 823 712 861 ἐστι
730 821 771 860 τό
788 837 827 874 γε
844 822 1030 876 ἐλάχιστον
1052 823 1131 862 κτλ.
1157 822 1227 861 ubi
1254 809 1259 890 Ι

252 884 322 936 γὰρ
348 883 579 936 particulam
609 881 835 934 Simplicius
860 881 1042 921 inseruit.
1071 882 1226 934 Duplex

250 958 292 995 γε
311 943 352 981 in
369 941 502 981 eadem
526 941 717 980 sententia
736 940 907 993 positum
941 941 1135 980 neminem
1169 941 1227 979 of-

258 1003 394 1043 fendit.
406 1001 799 1052 SimiliterDiogenes
812 1000 1080 1052 Apolloniates
1091 1001 1227 1051 fragm.

252 1063 277 1101 6
299 1076 307 1100 :
326 1062 366 1100 οὗ
385 1059 502 1112 μέντοι
520 1058 691 1112 ἀτρεκέως
709 1075 749 1113 γε
768 1058 887 1110 ὅμοιόν
903 1059 935 1110 γ’
952 1060 1019 1099 ἐόν.
1037 1060 1225 1099 Caeterum

249 1121 384 1160 eadem
411 1121 535 1159 verba
574 1119 716 1171 repetit
746 1118 973 1171 Simplicius
1006 1118 1074 1158 fol.
1104 1118 1152 1157 35
1183 1121 1223 1158 b.

251 1179 422 1218 lnclsum
440 1177 540 1217 illud
561 1177 600 1215 τὸ
621 1177 688 1229 γὰρ
706 1177 760 1215 ἐὸν
779 1178 842 1215 οὐκ
861 1174 936 1215 ἔστι
956 1175 996 1216 τὸ
1016 1176 1066 1229 μὴ
1085 1178 1148 1215 οὐκ
1177 1171 1226 1216 εἷ-

250 1253 327 1286 ναι,
345 1238 374 1278 i.
396 1250 432 1276 e.
454 1250 521 1274 ens
538 1241 638 1274 enim
658 1250 731 1273 non
751 1245 809 1274 est
825 1231 898 1274 non
915 1250 1009 1282 esse,
1036 1237 1098 1274 vel
1128 1239 1230 1286 quod

248 1300 324 1337 est,
342 1305 416 1329 non
431 1299 488 1328 est
505 1294 577 1335 ita,
603 1298 644 1327 ue
657 1302 730 1327 non
745 1294 797 1327 sic
812 1302 967 1328 sensum
981 1302 1225 1341 nequaquam

250 1349 462 1388 obscurum
474 1348 604 1388 habet.
617 1347 713 1387 Nam
728 1348 762 1387 si
778 1348 874 1399 quid
888 1357 988 1388 esset
1003 1348 1224 1397 minimum,

252 1409 507 1459 Anaxagoras
525 1407 737 1446 arbitratur
762 1408 867 1456 sore,
890 1416 934 1446 ut
960 1407 1001 1446 id
1032 1408 1139 1459 quod
1170 1418 1228 1447 est

249 1469 299 1507 ad
320 1468 487 1507 nihilum
510 1467 635 1518 redigi
650 1475 794 1519 posset.
811 1466 856 1505 ln
874 1466 1128 1518 sequentibus
1147 1466 1226 1505 οὔτε

249 1526 290 1566 τὸ
311 1527 475 1579 μέγιστον
502 1526 743 1565 desideratur
767 1526 835 1566 fol.
855 1525 904 1564 35
925 1539 967 1574 a,
988 1525 1131 1576 legitur
1159 1539 1226 1564 au·

251 1596 327 1626 tem
350 1587 418 1626 fol.
439 1587 487 1625 35
518 1586 558 1626 b.
576 1586 692 1626 Conl'.
716 1586 856 1638 Simpl.
881 1585 929 1623 35
952 1598 975 1623 a
994 1599 1003 1623 ε
1024 1586 1054 1624 εἶ
1071 1584 1139 1637 γὰρ
1155 1590 1226 1624 πᾶν

252 1648 287 1686 ἐν
307 1646 433 1695 παντί,
454 1646 514 1686 καὶ
538 1653 608 1686 πᾶν
627 1647 667 1685 ἐκ
685 1646 813 1691 παντὸς
834 1644 1053 1700 ἐκκρίνεται,
1075 1644 1136 1684 καὶ
1158 1646 1228 1686 ἀπὸ

251 1710 313 1747 τοῦ
342 1706 528 1759 ἐλαχίστου
549 1707 726 1750 δοκοῦντος
756 1705 1001 1760 ἐκκριθήσεταί
1018 1721 1053 1745 τι
1082 1704 1226 1750 ἔλαττον

218 1823 267 1852 15.
289 1821 402 1860 Neque
416 1827 517 1860 parvo
528 1819 577 1851 est
592 1818 777 1858 minimum,
791 1818 846 1850 sed
861 1826 988 1859 semper
1001 1818 1127 1850 minus:
1142 1817 1227 1859 quod
1258 1821 1265 1832 '

172 1879 258 1912 enim
280 1880 347 1920 est,
370 1887 434 1911 non
455 1881 504 1910 est
523 1878 585 1919 ita,
601 1878 637 1910 ut
654 1886 718 1910 non
734 1877 776 1910 sit
800 1890 808 1910 ι
833 1885 938 1918 neque
960 1876 1139 1909 maximum
1162 1877 1230 1917 est,

173 1938 230 1971 sed
245 1938 277 1971 et
293 1946 409 1980 magno
424 1946 551 1979 semper
569 1939 619 1970 est
640 1936 744 1977 majus
765 1949 774 1970 ε
798 1936 831 1969 et
853 1945 1005 1977 magnum
1036 1944 1137 1977 parvo
1159 1945 1229 1968 ma·

171 1997 339 2039 gnitudine
360 2005 418 2038 par
437 1997 504 2038 est,
526 2005 583 2037 per
599 2005 633 2029 se
652 2005 728 2029 vero
750 1995 997 2037 unumquidque
1016 1995 1050 2028 ct
1075 2003 1230 2036 magnum

172 2058 223 2090 est
238 2057 271 2090 et
287 2065 436 2099 parvum.

218 2118 268 2149 16.
293 2117 335 2149 Et
352 2114 507 2157 quoniam
527 2114 668 2156 :equales
685 2114 791 2155 magni
806 2115 839 2147 et
849 2114 939 2156 parvi
955 2114 1122 2156 particulae
1140 2116 1230 2154 sunt,

174 2173 361 2216 magnitudo
380 2173 478 2207 etiam
500 2173 534 2206 in
553 2175 692 2215 utroque
721 2172 889 2214 reperitur,
907 2173 1006 2215 atque
1027 2172 1059 2205 in
1080 2172 1231 2205 omnibus

174 2233 283 2266 omnia
308 2233 439 2274 insunt,
462 2241 567 2274 neque
599 2232 660 2265 alia
681 2231 723 2264 ab
745 2231 815 2264 aliis
836 2232 977 2273 separari
1002 2232 1156 2274 possunt,
1177 2231 1231 2263 sed

176 2293 292 2325 cuncta
311 2291 417 2325 omnis
438 2291 582 2324 materioe
605 2292 728 2333 partem
754 2291 931 2324 continent.
949 2293 1058 2330 Quum
1079 2299 1156 2323 vero
1170 2290 1232 2322 mi·

176 2350 299 2384 nimum
320 2360 390 2385 esse
412 2355 573 2392 nequeat,
588 2360 651 2383 non
669 2352 776 2392 potest
798 2350 954 2391 segregari
975 2358 1080 2392 neque
1094 2359 1112 2383 a
1129 2352 1234 2382 semet

1539 209 1552 235 ι

2267 269 2340 304 251

1371 348 1502 389 ἐκείνου
1522 348 1583 388 καὶ
1601 348 1642 388 τὸ
1662 348 1825 401 μέγιστον
1847 351 1967 389 δοκοῦν
1989 351 2059 390 ἀπό
2083 367 2171 396 τινος
2189 351 2345 405 ἐξεκρίθη

1371 411 1494 448 ἑαυτοῦ
1514 409 1668 459 μείζονος
1687 407 1785 460 κτλ.)

1291 480 1339 508 ῐσ.
1363 467 1424 507 καὶ
1443 465 1500 506 ὅτε
1520 466 1555 506 δὲ
1575 466 1654 505 ἴσαι
1672 465 1793 518 μοῖραί
1810 466 1877 505 εἶσι
1893 469 1952 504 τοῦ
1976 483 2013 506 τε
2034 467 2188 519 μεγάλου
2207 469 2347 508 καὶτοῦ

1371 529 1542 580 σμικροῦ,
1569 526 1701 572 πλῆθος
1727 524 1788 563 καὶ
1813 524 1923 569 οὕτως
1955 524 1997 564 ἂν
2018 525 2093 574 εἴη,
2108 527 2168 565 καὶ
2188 529 2223 566 ἐν
2241 529 2349 567 παντὶ

1371 585 1512 626 πάντα·
1535 584 1613 625 οὐδὲ
1632 583 1740 637 χωρίς
1757 585 1831 623 ἐστι
1851 578 1939 623 εἶναι
1952 615 1962 633 ,
1982 584 2073 623 ἀλλὰ
2092 585 2209 625 πάντα
2222 587 2350 632 παντὸς

1374 650 1500 699 μοῖραν
1515 643 1669 698 μετέχει.
1684 641 1777 684 “Ore
1794 642 1830 683 δὲ
1845 643 2075 696 τούλάχιστον
2090 644 2142 696 μή
2160 647 2233 685 ἐστι
2247 640 2349 694 εἶναι,

1372 706 1435 744 οὐκ
1456 703 1499 744 ἂν
1517 704 1658 743 δύναιτο
1675 705 1893 757 χωρισθῆναι
1905 703 1975 743 οὐδ’
1993 702 2037 743 ἂν
2050 703 2127 752 λίην
2146 703 2203 758 ἀφ’
2220 706 2350 743 ἑωυτοῦ

1371 763 1553 816 γενέσθαι,
1574 763 1655 803 ἀλλ’
1674 763 1763 807 ὅκως
1777 762 1857 816 περὶ
1875 761 1989 816 ἀρχὴν
2007 758 2063 811 ἦν,
2080 763 2139 803 καὶ
2158 767 2217 803 νῦν
2234 763 2351 803 πάντα

1371 826 1475 875 ὁμοῦ.
1498 822 1563 863 Ἐν
1589 828 1678 861 πᾶσι
1703 820 1739 860 δὲ
1768 821 1884 862 πολλὰ
1905 821 2017 860 ἔνεστι
2035 821 2097 861 καὶ
2113 825 2182 863 τῶν
2204 822 2351 874 ἀποκρι-

1369 882 1525 934 νομένων
1537 880 1598 920 ἴσα
1618 882 1747 930 πλῆθος
1757 883 1791 920 ἐν
1808 883 1898 921 τοῖσι
1911 879 2080 934 μέζοσίτε
2094 881 2155 920 καὶ
2167 881 2347 920 ἐλάσσοσι.

1428 940 1667 993 (Simplicius
1690 941 1909 983 Comment.
1930 941 1973 980 in
1990 941 2112 981 Arist.
2132 941 2253 992 Phys.
2279 941 2347 980 fol.

1373 998 1422 1036 35
1454 1012 1489 1039 a.
1523 998 1569 1050 ‚1¹¹
1601 999 1782 1052 exemplo
1813 999 1958 1038 Aldino
1998 999 2141 1050 legitur
2174 997 2251 1038 ἀλλ’
2267 997 2353 1051 ὅπερ

1370 1056 1451 1108 περὶ
1480 1056 1595 1110 ἀρχὴν
1615 1051 1728 1105 εἶναι,
1755 1057 1815 1096 καὶ
1844 1061 1903 1096 νῦν
1925 1057 2042 1098 πάντα
2066 1060 2175 1109 ὁμοῦ,
2196 1059 2239 1097 in
2262 1059 2350 1097 cod.

1371 1117 1406 1155 D
1427 1113 1522 1161 ὅπως
1541 1132 1608 1170 περ
1634 1116 1750 1170 ἀρχὴν
1784 1110 1893 1165 εἶναι,
1925 1117 1989 1156 sed
2014 1118 2093 1156 loci
2125 1130 2262 1157 sensus
2291 1131 2352 1156 re·

1372 1174 1498 1224 quirit
1519 1175 1599 1213 ἀλλ’
1619 1174 1709 1220 ὅκως
1723 1174 1805 1229 περὶ
1835 1174 1948 1230 ἀρχὴν
1967 1176 2027 1214 vel
2045 1178 2125 1229 περὶ
2144 1175 2207 1224 τὴν
2238 1175 2352 1229 ἀρχὴν

1371 1228 1430 1284 ἦν,
1451 1234 1557 1285 quod
1573 1234 1765 1286 vulgavi.)

1363 1293 1416 1333 Τὸ
1433 1291 1468 1331 δὲ
1484 1292 1642 1344 γίνεσθαι
1657 1293 1718 1333 καὶ
1736 1293 1956 1334 ἀπόλλυσθαι
1971 1294 2033 1333 οὐκ
2049 1294 2158 1347 ὀρθῶς
2175 1293 2354 1346 νομίζουσι

1371 1353 1403 1390 οἱ
1421 1348 1599 1399 Ἕλληνες
1612 1363 1622 1374 ·
1644 1351 1742 1391 οὐδὲν
1759 1351 1828 1407 γὰρ
1856 1355 1983 1406 χρῆμα
2012 1352 2091 1392 οὐδὲ
2123 1351 2256 1405 γίνεται
2275 1352 2354 1393 οὐδὲ

1370 1409 1579 1459 ἀπόλλυται,
1595 1411 1674 1450 ἀλλ’
1687 1410 1757 1451 ἀπὸ
1767 1410 1894 1451 ἐόντων
1905 1411 2099 1465 χρημάτων
2115 1411 2356 1463 συμμίσγεταί

1370 1486 1409 1509 τε
1425 1469 1485 1509 καὶ
1500 1469 1730 1524 διακρίνεται.
1749 1471 1822 1511 Καὶ
1838 1470 1948 1516 οὕτως
1965 1470 2007 1510 ἂν
2026 1472 2135 1525 ὀρθῶς
2150 1472 2289 1510 καλοῖεν
2315 1470 2355 1510 τό

1371 1546 1410 1569 τε
1426 1529 1582 1581 γίνεσθαι
1605 1529 1865 1582 συμμίσγεσθαι
1894 1530 1955 1570 καὶ
1976 1529 2015 1569 τὸ
2036 1530 2255 1570 ἀπόλλυσθαι
2274 1531 2355 1570 δια-

1371 1589 1565 1644 κρίνεσθαι.

1429 1648 1670 1701 (Simplicius
1689 1649 1905 1689 Comment.
1927 1649 1969 1687 in
1989 1649 2110 1688 Arist.
2133 1649 2252 1700 Phys.
2282 1647 2351 1688 fol.

1373 1707 1421 1752 34
1444 1704 1503 1760 b.)

1292 1309 1339 1336 17.

1291 1817 1362 1858 ipso
1384 1817 1476 1859 quasi
1510 1818 1637 1859 penitus
1661 1817 1775 1857 avelli,
1803 1818 1859 1850 sed
1890 1818 2165 1859 quemadmodum
2197 1816 2354 1858 principio

1293 1883 1403 1910 rerum
1432 1876 1510 1909 nihil
1532 1885 1598 1909 non
1627 1877 1812 1918 colligatum
1833 1879 1916 1918 erat,
1943 1877 1990 1909 sic
2017 1877 2114 1909 etiam
2141 1885 2227 1909 nunc
2243 1876 2354 1909 omnia

1295 1936 1469 1969 coliaerent.
1492 1937 1530 1968 In
1553 1936 1704 1969 omnibus
1728 1939 1838 1968 autem
1860 1936 1964 1969 multa
1986 1937 2117 1977 insunt,
2140 1944 2315 1978 rerumque
2333 1944 2353 1969 a

1294 1995 1431 2028 materia
1457 1998 1656 2028 secretarum
1684 1996 1732 2028 tot
1762 1995 1929 2038 particulae
1952 1996 1984 2028 in
2013 1995 2190 2037 majoribus
2218 1997 2298 2037 quot
2319 1995 2353 2028 in

1293 2053 1473 2087 minoribus
1492 2053 1712 2087 inveniuntur.

1338 2116 1386 2145 17.
1413 2114 1455 2146 At
1474 2121 1552 2146 vero
1571 2113 1722 2146 nascendi
1744 2114 1777 2146 et
1797 2112 1954 2145 moriendi
1978 2111 2149 2144 vocabulis
2172 2112 2275 2145 Groeci
2293 2120 2355 2144 non

1295 2173 1380 2206 recte
1399 2174 1551 2206 utuntur..
1573 2172 1668 2205 Nulla
1691 2173 1776 2205 enim
1793 2181 1843 2205 res
1857 2181 1964 2213 neque
1981 2172 2018 2204 fit
2037 2180 2142 2213 neque
2162 2171 2282 2212 interit,
2299 2171 2355 2204 sed

1293 2239 1334 2264 ex
1357 2230 1396 2264 iis
1418 2240 1491 2273 qum
1507 2233 1584 2264 sunt
1604 2231 1701 2264 rebus
1720 2231 1873 2264 miscetur
1889 2230 1930 2263 ab
1954 2230 2056 2273 iisque
2079 2230 2283 2263 discernitur.
2306 2232 2355 2263 lta

1294 2290 1414 2323 rectius
1437 2299 1495 2332 pro
1517 2290 1585 2323 lieri
1607 2290 1748 2323 dixerint
1771 2290 1918 2332 misceri,
1935 2299 1993 2332 pro
2011 2290 2142 2323 interire
2160 2294 2269 2323 autem
2290 2290 2354 2322 dis·

1294 2358 1395 2382 cerm.

1073 2854 1277 2872 ——40
1287 2855 1453 2871 ἓ--ῌ
