2612 3814
332 286 406 321 188

407 497 494 535 pag.
520 483 629 535 261.)

408 559 631 614 Σκορπίοιτε
652 558 806 599 ποικίλοι
826 557 950 613 σαύροι
963 573 1015 606 τε,
1039 555 1188 609 γλαύκοι
1203 553 1331 599 πιόνες.

462 639 612 688 (Athen.
629 640 714 685 VII,
735 636 811 688 ²95
838 635 894 689 B.)

409 713 638 767 Κώξυρύγχοι
660 711 800 767 ῥαφίδες
818 710 985 764 ἱππούροι
1003 725 1041 749 τε
1059 708 1120 748 καὶ
1144 706 1377 762 χρυσοφρύες.

463 790 613 840 (Athen.
630 787 721 838 Vll,
747 788 821 833 304
841 789 890 838 C,
918 787 994 837 319
1012 786 1068 837 C.)

405 867 438 904 Τ
442 864 580 918 ρυγόνες
601 864 633 902 τ’
650 862 913 915 ὀπισθοκέντροι
933 860 993 900 καὶ
1012 859 1223 915 χαλάνδροι,
1243 858 1384 899 κωὸίοι.

459 940 611 995 (Athen.
637 941 718 989 VII,
737 941 813 990 309
833 940 900 991 D.)

348 1034 383 1059 90
404 1016 736 1071 Μεγαλοχασμόνας
762 1032 800 1055 τε
829 1015 961 1069 χάννας
981 1012 1390 1068 κήκτραπελογαστόρας

1260 1072 1389 1126 [ὄνους.

456 1157 608 1204 (Athen.
628 1157 719 1202 VII,
740 1154 816 1193 315
832 1156 879 1202 F,
903 1154 977 1202 327
995 1155 1036 1192 F.
1059 1153 1106 1191 cf.
1125 1153 1245 1190 Clem.
1275 1154 1385 1191 Alex.

402 1218 526 1253 l’rotr.
545 1216 598 1263 ΙΙ,
622 1228 636 1252 1
670 1228 711 1265 p.
739 1214 826 1262 178.
851 1215 996 1252 Potter.
1014 1211 1388 1264 κηπτραπελογοίστο-

403 1276 491 1328 ew)

400 1351 610 1405 Κομαρίδας
627 1367 664 1390 τε
680 1351 740 1391 καὶ
757 1351 862 1395 κύνας
879 1350 1028 1404 κέστρας
1048 1366 1084 1389 τε
1104 1349 1239 1403 πέρκας
1258 1348 1389 1446 τξλαῖόι

1278 1451 1290 1460 .
1317 1424 1368 1452 ας.

457 1491 609 1543 (Athen.
629 1492 714 1539 VII,
736 1490 812 1540 319
833 1491 877 1538 Β,
906 1489 981 1526 323
1004 1487 1065 1540 Β.)

398 1568 446 1609 Αἷ
467 1566 502 1607 δὲ
514 1569 590 1622 λῇς,
611 1566 735 1622 σάργοι
753 1582 790 1605 τε
815 1563 1025 1618 μελανούροι
1047 1579 1084 1603 τε
1099 1562 1161 1603 καὶ
1170 1562 1223 1602 τοὶ
1234 1561 1384 1603 ποντίοι.

453 1647 608 1698 (Athen.
625 1648 709 1694 VII,
739 1646 813 1683 321
839 1645 896 1696 B.)

398 1723 574 1769 Χαλκίδες
588 1725 618 1763 θ’
642 1723 698 1768 ὕες
718 1739 756 1762 τε
773 1721 919 1776 ἱαράκες
937 1737 976 1761 τε
997 1721 1053 1775 χώ
1074 1719 1165 1759 πίων
1187 1718 1295 1760 κύων.

454 1783 609 1837 (Athen.
632 1785 720 1830 VII,
742 1784 819 1821 326
840 1785 885 1830 Ε,
908 1783 985 1821 328
1000 1784 1040 1821 C.
1062 1780 1228 1834 ἱέρακες.)

398 1860 532 1901 Αεκίδα
553 1859 745 1914 κήμὸάφια
764 1861 839 1899 δύο.

455 1939 609 1993 (Pollux
630 1942 683 1988 X,
701 1940 750 1979 86
771 1937 978 1991 κένὸοίφια.)

343 2032 378 2058 95
399 2015 621 2070 Συναγρίδας
640 2016 770 2069 μαζούς
794 2031 834 2056 τε
864 2013 1072 2060 συνοδόντας
1091 2013 1123 2054 τ’
1143 2013 1388 2069 ἐρυθροποικί-

1279 2077 1385 2132 [λους.

454 2160 606 2212 (Athen.
624 2161 712 2209 VII,
733 2159 810 2197 322
841 2161 871 2197 Β
889 2159 1030 2197 omisso
1047 2158 1186 2195 fabulae
1213 2159 1384 2204 nomine,

391 2220 464 2258 ‘sed
496 2233 539 2271 p.
574 2220 651 2257 322
682 2221 712 2257 F
752 2217 940 2271 συαγρίδες
978 2217 1064 2270 (leg.
1094 2215 1311 2269 συναγρίδες)
1347 2219 1387 2254 in

396 2281 623 2331 Epicharmi
652 2279 795 2316 fabulis
818 2275 942 2322 ‘'H6oe<
961 2277 1076 2328 γάμος
1096 2285 1135 2315 et
1153 2278 1209 2317 Γᾶ
1231 2276 1292 2315 καὶ
1312 2276 1388 2316 Θά-

397 2341 514 2378 λασσα
536 2340 834 2377 commemorari
855 2334 1068 2389 dicuntur.)

397 2428 470 2468 Τόν
490 2444 528 2468 τε
542 2427 783 2480 πολυτίματον
799 2427 913 2482 ἔλοφ’,
930 2428 962 2480 (ὃ
975 2427 1007 2466 δ’
1021 2421 1105 2466 alive
1114 2425 1244 2470 κᾶλλος
1253 2424 1354 2464 ὤντο·
1370 2425 1375 2433 “

397 2487 462 2527 ἕνα
477 2488 597 2540 μόνον,
617 2487 678 2527 καὶ
696 2493 807 2527 κεῖνον
830 2490 848 2535 ξ)
867 2486 954 2532 Ζεὺς
966 2486 1092 2536 ἔλαὸε,
1110 2484 1288 2534 κῆκελήιι
1301 2500 1340 2523 το

398 2546 588 2599 κατθέμειν
610 2548 707 2601 αὗτῷ
727 2546 766 2586 τέ
782 2549 813 2587 οἱ
832 2547 894 2586 καὶ
914 2552 960 2601 τᾷ
978 2546 1133 2600 δάμαρτι
1150 2543 1318 2597 θωτέρου.

456 2618 611 2669 (Athen.
632 2622 722 2666 VII,
750 2620 827 2657 282
845 2622 894 2659 D.
916 2620 1026 2658 Libri
1040 2618 1163 2667 ἔλοπα,
1185 2619 1203 2655 ὁ
1229 2617 1259 2655 δ’
1282 2614 1384 2659 αὐτὸς

319 2770 578 2813 scorpionesque
596 2771 676 2804 varii
693 2770 774 2804 lacet
782 2771 884 2813 tique,
900 2772 933 2804 et
948 2771 1053 2813 glauci
1066 2771 1212 2814 pingi-es.
1232 2788 1275 2794 —

320 2830 360 2862 Et
379 2831 479 2862 acuto
499 2829 605 2862 rostro
621 2829 671 2862 aci
689 2829 885 2872 hippurique
904 2831 937 2863 et
946 2831 1082 2863 auratae.
1098 2849 1138 2857 -
1214 2829 1327 2872 [gobii.
1341 2846 1384 2852 -—

321 2893 488 2932 Trygones
504 2890 537 2922 in
560 2891 737 2932 posteriore
753 2894 844 2933 parte
865 2891 992 2933 spiculo
1013 2891 1128 2924 armati
1150 2893 1184 2924 et
1200 2889 1383 2931 chalandri,

320 2950 360 2983 Et
377 2948 474 2982 valde
489 2949 614 2982 hiantes
631 2949 776 2982 channas
792 2950 825 2983 et
843 2950 981 2983 deformi
996 2953 1109 2984 ventre
1132 2950 1260 2984 asellos.
1278 2968 1319 2974 —

320 3008 575 3051 Gomaridesque
590 3009 624 3042 et
634 3017 731 3043 canes
744 3009 906 3051 sudesque
921 3010 955 3044 et
974 3018 1086 3052 percas
1100 3010 1220 3043 varias.
1239 3030 1280 3038 .-

255 3106 257 3109 ,
319 3068 378 3101 Sin
389 3069 498 3101 autem
515 3068 576 3109 vis,
595 3069 743 3111 sargique
761 3068 794 3102 et
816 3069 973 3102 melanuri
989 3069 1165 3106 marini,—

319 3127 499 3169 Ghalcides,
518 3137 606 3170 sues,
624 3129 795 3171 accipitres
810 3130 1005 3173 pinguisque
1021 3132 1122 3165 canis.
1140 3153 1182 3160 —

319 3187 497 3221 scutellam
517 3188 649 3230 duoque
662 3189 842 3223 acetabula.
861 3202 903 3215 -·-
1232 3193 1328 3236 [ctos.
1344 3214 1385 3221 —

319 3246 513 3288 synagrides
535 3256 715 3290 mazosque
739 3252 773 3282 et
799 3249 943 3283 dentices
969 3250 1077 3284 rubris
1105 3242 1241 3286 ma'culis
1268 3253 1386 3287 distin-

320 3306 505 3339 Pretiosum
520 3306 659 3350 elopem,
674 3307 739 3349 (est
755 3311 864 3341 autem
877 3309 931 3342 hic
951 3309 1035 3343 alter
1053 3320 1184 3353 quoque
1204 3313 1351 3355 venalis,)

321 3373 424 3398 unum
437 3366 578 3408 tantum,
595 3367 628 3400 et
643 3367 734 3400 illum
756 3368 884 3410 Jupiter
896 3369 1032 3411 accepit,
1050 3369 1214 3412 jussitque

321 3425 491 3466 pecuniam
507 3426 672 3460 numerari
687 3427 719 3460 in
730 3437 828 3461 suum
843 3428 1018 3471 uxorisque
1032 3438 1127 3463 usum
1140 3440 1199 3472 pro
1218 3431 1332 3465 altero.
1344 3453 1385 3460 —

322 3485 425 3519 Erant
439 3485 546 3519 ardeae
559 3486 671 3520 multae
683 3488 842 3522 cervicem
858 3488 985 3531 longam
995 3489 1213 3532 inflexamque
1224 3491 1385 3526 habentes

322 3546 353 3575 et
377 3545 538 3580 tetraones
556 3546 681 3580 semina
693 3547 837 3590 legentes
852 3549 886 3582 et
899 3548 1080 3590 splendidae
1097 3550 1258 3584 ficedulae.

1256 275 1552 315 EPICHARMI

447 364 598 413 (Athen.
625 365 711 424 VJI,
737 362 811 401 306
831 364 881 409 A,
908 362 984 400 326
1003 364 1047 408 Ε,
1077 361 1154 400 288
1175 363 1223 408 Β,
1253 360 1328 400 330
1346 362 1392 398 A.

407 423 630 462 Dindorfius
648 425 686 471 ἠς
705 437 793 461 cum
807 424 961 460 Koenio
975 422 1023 460 ad
1036 422 1198 472 Gregor.
1213 421 1392 459 Corinth.

1536 356 1670 411 χαλκὸς
1683 355 2015 410 ὤνιος-κατθέμεν
2042 358 2137 411 αὐτῷ
2165 373 2202 396 τε
2223 358 2315 397 εἷκαι
2338 373 2411 398 ται.
2435 362 2520 398 Re-

1539 419 1625 467 cepi
1655 420 1868 456 Hermanni
1893 418 2169 468 conjecturam.
2193 418 2279 458 Vid.
2310 419 2449 469 Opusc.
2480 421 2520 458 1⁴1

1536 490 1624 528 pag.
1645 491 1738 529 297.
1763 478 1919 517 Videtur
1945 480 2117 529 piscator
2141 479 2203 516 vel
2228 479 2335 517 Jovis
2358 479 2520 531 dispen-

1535 546 1640 575 sator
1659 536 1799 589 loqui.)

1532 609 1608 656 ῗΗν
1626 617 1656 654 δ’
1672 614 1809 669 ἐρωδιοί
1824 631 1864 654 τε
1882 616 2008 655 πολλοὶ
2023 614 2440 670 μακροκαμπυλαυχένες

1454 691 1506 717 100
1527 676 1695 730 τετράγες
1708 691 1747 714 τε
1767 674 2052 728 σπερματολόγοι
2072 675 2224 729 κάγλαοὶ
2239 675 2462 721 συκαλλίδες.

1589 754 1741 807 (Athen.
1761 756 1816 805 ΙΙ,
1832 755 1882 792 65
1904 756 1945 792 B.
1966 755 2041 802 IX,
2058 754 2149 805 398.
2167 755 2218 792 cf.
2239 759 2294 794 vs.
2316 754 2398 805 64.)

1960 830 2154 885 Κορακίνοι
2172 831 2209 870 δὲ
2234 831 2440 886 κοριοειδέες

1533 891 1663 942 πιόνες,
1679 889 1848 945 χίππίδια
1867 891 1969 942 λεῖα,
1991 889 2100 945 φῧκαί
2117 890 2148 929 θ’
2166 890 2459 947 ἇπαλοκουρίδες.

1589 981 1742 1033 (Athen.
1758 982 1844 1027 VII,
1862 980 1939 1025 304
1954 982 2000 1020 E.
2019 980 2239 1031 Legebatur
2253 978 2360 1034 ψύχει
2379 978 2520 1019 ἁπαλο-

1533 1039 1710 1094 κουρίδες,
1734 1041 1842 1091 quod
1858 1041 2004 1078 mutavi
2024 1041 2065 1077 in
2084 1037 2194 1092 φῦκαί
2213 1040 2274 1092 θ’.)

2266 1114 2360 1155 Ἀντὶ
2378 1118 2440 1155 τοῦ
2470 1135 2479 1143 -

1532 1178 1677 1230 κόγχος,
1699 1175 1741 1215 ἃν
1761 1176 1878 1216 τέλλιν
1894 1174 2080 1228 καλέομες,
2102 1174 2177 1216 ἔστι
2198 1175 2227 1215 δ’
2244 1174 2384 1216 ἅδιστον
2399 1174 2518 1230 κρέας.

1590 1256 1744 1307 (Athen.
1767 1257 1839 1303 111,
1863 1254 1912 1292 85
1932 1255 1995 1305 Ε.)

1455 1346 1504 1372 105
1525 1331 1669 1373 Αἷολίαι
1679 1331 1816 1378 πλώτες
1823 1347 1860 1370 τε
1872 1330 2167 1384 κυνογλώσσοιτ’,
2180 1332 2260 1378 ε’νῆν
2273 1330 2309 1370 δὲ
2325 1329 2516 1375 σκιαθίδες.

1589 1420 1746 1473 (Athen.
1767 1422 1853 1468 VII,
1868 1420 1940 1469 307
1959 1422 2004 1468 B,
2029 1420 2106 1458 308
2129 1422 2169 1458 E.
2192 1419 2243 1460 cf.
2263 1432 2319 1459 vs.
2350 1419 2431 1471 70.)

1531 1508 1626 1550 Οὔτε
1642 1507 1801 1562 γόγγρων
1819 1508 1933 1562 γάρτι
1950 1507 2097 1562 παχέων
2113 1507 2193 1548 οὔτε
2212 1514 2387 1562 μυραινᾶν
2407 1509 2518 1556 ἀπῆς.

1585 1594 1725 1632 Athen.
1747 1595 1817 1632 VII
1830 1621 1841 1640 ,
1876 1593 1952 1630 312
1973 1594 2013 1631 C.
2040 1591 2265 1630 Dindorfius
2287 1590 2448 1645 γόγγρων
2468 1607 2521 1637 τις

1532 1654 1698 1707 παχήων,
1732 1654 1841 1703 quod
1874 1653 2046 1691 Koenius
2080 1653 2132 1690 ad
2165 1654 2330 1705 Gregor.
2355 1666 2400 1705 p.
2442 1653 2516 1691 261

1532 1715 1774 1763 conjecerat;
1789 1726 1860 1750 nos
1875 1711 1945 1765 γάρ
1964 1711 2226 1765 inseruimus.)

1532 1795 1716 1839 Χαλκίδας
1733 1811 1770 1835 τε
1785 1794 1846 1834 καὶ
1856 1794 1964 1841 κύνας
1974 1794 2126 1849 κέστρας
2139 1793 2321 1850 τεπέρκας
2335 1796 2368 1834 τ’
2383 1794 2518 1839 αἰόλας.

1588 1878 1738 1931 (Athen.
1757 1879 1847 1928 VII,
1866 1877 1942 1915 323
1957 1881 2005 1918 A.
2025 1877 2073 1916 cf.
2090 1890 2148 1916 VS.
2168 1876 2247 1929 91.)

1532 1959 1708 2014 Σκορπίοι
1729 1975 1769 1998 τε
1786 1957 1941 1998 ποικίλοι
1962 1960 2112 2012 γλαύκοι
2131 1975 2186 2013 τε,
2208 1957 2336 2014 σαύροι
2356 1958 2484 2004 πιόνες.

1585 2045 1740 2101 (Athen.
1761 2047 1851 2094 VII,
1879 2044 1955 2082 320
1975 2045 2021 2083 E.
2047 2044 2096 2082 cf.
2113 2058 2165 2082 vs.
2185 2041 2262 2096 87.)

1736 2126 1942 2158 ΗΡΑΚΛΗΣ
1962 2125 2238 2158 ΠΑΡΑΦΟΡΟΣ.

1530 2192 1638 2233 Ἀλλὰ
1659 2191 1730 2244 μὰν
1746 2192 1816 2246 ἐγὼ
1833 2192 2012 2245 ’ναγκαῖος
2032 2196 2143 2232 ταῦτα
2163 2191 2281 2232 πάντα
2299 2191 2428 2233 ποιέω·

1451 2268 1501 2293 1·)
1524 2246 1627 2305 οἶμαι
1646 2254 1676 2291 δ’
1698 2255 1745 2298 ὡς
1764 2253 1875 2296 οὐδεὶς
1890 2251 1980 2292 ἑκὼν
2003 2252 2156 2306 πονηρὸς
2177 2253 2248 2292 οὐδ’
2264 2252 2352 2291 ἄταν
2367 2251 2473 2305 ἔχων.

1586 2344 1814 2397 (Eustratius
1827 2345 1869 2381 in
1883 2345 2046 2383 Aristot.
2063 2336 2189 2381 Ethic.
2207 2344 2294 2382 Nic.
2317 2345 2391 2390 111,
2412 2342 2455 2391 5,
2481 2342 2518 2381 5.

1530 2407 1720 2457 ἀναγκαῖος
1736 2406 1764 2444 i.
1788 2417 1824 2444 e.
1852 2401 2324 2455 ἆναγκαζόμενος,ἀνᾶγκῃ.
2347 2403 2406 2442 Cf.
2431 2403 2519 2442 Ho-

1528 2478 1625 2504 mer.
1649 2465 1787 2513 Odyss.
1811 2464 1938 2502 XXIV
1974 2464 2066 2513 498.
2094 2463 2287 2503 Caeterum
2302 2455 2404 2513 οἶμαι
2420 2461 2450 2500 δ’
2472 2463 2520 2507 ὡς

1528 2537 1601 2575 pro
1622 2524 1804 2561 codicum
1823 2523 1992 2560 lectione
2012 2519 2133 2572 οἴομαι
2153 2522 2186 2560 δ’
2208 2523 2256 2566 ὡς
2273 2521 2462 2574 reposui.)

1531 2610 1733 2665 Πυγμαίων
1755 2609 1826 2666 γὰρ
1843 2609 1997 2664 λοχαγὸς
2015 2611 2055 2649 ἐκ
2071 2611 2141 2649 τῶν
2161 2608 2348 2664 κανθάρων

1886 2753 2035 2798 coracini
2051 2773 2130 2798 vero
2149 2764 2282 2807 pupulis
2300 2762 2421 2798 similes

1446 2827 1579 2870 pingues
1597 2825 1752 2868 hippique
1767 2825 1854 2859 leves
1868 2827 1901 2859 et
1913 2824 2067 2859 saxatiles
2079 2825 2111 2859 et
2131 2827 2250 2858 tenerae
2261 2823 2400 2865 squillae.

2243 2885 2306 2917 Pro

1444 2946 1568 2980 concha
1583 2954 1682 2987 quam
1697 2944 1787 2978 tellin
1800 2952 1969 2985 vocamus,
1979 2943 2029 2977 est
2037 2945 2148 2976 autem
2162 2951 2240 2976 caro
2254 2942 2459 2976 suavissima.
2471 2961 2512 2967 —

1445 3006 1558 3041 AEoliae
1571 3005 1772 3047 mugilesque
1794 3005 1828 3038 et
1855 3003 2039 3045 lingulacae,
2070 3003 2199 3036 inerant
2217 3011 2297 3036 vero
2315 3002 2460 3037 sciaenae.
2474 3022 2519 3031 -

1448 3069 1560 3109 Neque
1573 3065 1660 3100 enim
1672 3064 1723 3099 vel
1734 3072 1930 3105 congrorum
1945 3062 2124 3105 quidquam
2142 3062 2311 3105 pinguium
2323 3062 2376 3095 vel
2397 3071 2516 3096 murm·

2185 3122 2314 3165 [narum
2332 3122 2455 3157 aberat.
2473 3139 2515 3146 -

1447 3185 1616 3220 Chalcides
1632 3185 1666 3219 et
1678 3192 1776 3218 canes
1789 3182 1950 3224 sudesque
1960 3183 1993 3216 et
2003 3191 2116 3225 percas
2133 3182 2250 3215 varias.
2260 3200 2303 3210 .-

1446 3246 1701 3288 scorpionesque
1714 3242 1794 3276 varii
1807 3242 1979 3283 glaucique
1997 3243 2031 3274 et
2047 3241 2158 3274 lacerti
2177 3241 2319 3282 pingues.
2337 3260 2374 3268 -

1755 3303 1979 3337 HERCULES
2002 3303 2169 3335 FURENS

1446 3375 1545 3417 Atqui
1556 3383 1618 3416 ego
1635 3374 1768 3407 coactus
1782 3373 1853 3406 haec
1869 3374 1980 3405 omnia
2003 3372 2085 3405 racio
2102 3384 2112 3405 z

1448 3435 1601 3469 existimo
1619 3435 1729 3468 autem
1744 3433 1909 3466 neminem
1934 3441 1995 3465 sua
2015 3433 2131 3474 sponte
2147 3439 2253 3474 neque
2271 3430 2427 3463 miserum
2442 3435 2516 3462 esse

2032 3492 2109 3536 [nec
2123 3500 2242 3524 noxam
2257 3489 2458 3524 contrahere.
2472 3507 2514 3516 —

1455 3556 1682 3597 Pygmaeorum
1698 3553 1785 3588 enim
1805 3552 1950 3586 cohortis
1972 3552 2146 3595 praefectus
2161 3560 2179 3585 c
2193 3550 2365 3586 scarabaeis
