2612 3814
280 274 329 309 90

356 358 403 402 ὥς
418 355 612 395 ἀνέπλαττε
628 353 784 395 Πλάτων
802 350 1037 403 πεπλασμένα
1050 351 1213 403 θαύματα
1223 349 1332 394 εἰδώς.

357 541 391 579 Τ
393 537 494 592 οιγὰρ
514 538 604 591 ἔχων
621 537 834 587 Μενεδήμου
856 536 924 575 ὑπὸ
946 535 1118 588 στέρνοισι
1134 533 1307 584 μόλυὸδον

357 597 517 637 θεύσεται
537 598 571 642 ἐς
591 595 766 651 Πύρῤωνα
785 595 824 634 τὸ
842 601 913 633 πᾶν
934 594 1059 647 κρέας,
1076 592 1098 640 ἢ
1115 593 1304 646 Διόδωρον.

360 775 509 827 νήξομαι
527 777 574 819 εἷς
594 773 770 828 Πύρῤωνα
787 772 846 811 καὶ
868 774 913 816 εἷς
929 771 1068 810 σκολιὸν
1089 770 1279 823 Διόδωρον.

1025 876 1041 893 ἡ

293 964 329 991 75
357 949 416 989 ml
440 950 516 989 νόον
533 949 571 989 οὗ
589 948 708 995 λήσεις
729 947 954 996 ἐπιπλήξεσιν
977 947 1245 1000 ἐγκαταμιγνύς.

562 1055 579 1072 ἡ
794 1053 811 1070 ί
1027 1056 1044 1070 α

274 1187 540 1226 amarulentus
560 1186 707 1225 librum
731 1185 1140 1224 maledicentissimum
1163 1188 1338 1226 conscri-

278 1248 371 1300 psit,
391 1248 459 1299 qui
480 1247 595 1290 σίλλος
609 1246 855 1286 inscribitur.
881 1246 926 1284 In
946 1259 992 1285 eo
1011 1245 1116 1284 libro
1133 1247 1334 1285 Platonem

279 1306 570 1359 philosophum,
607 1319 721 1358 quem
763 1305 935 1344 diximus
982 1305 1090 1344 tenui
1127 1305 1335 1343 admodum

276 1368 442 1418 pecunia
470 1366 653 1404 familiari
683 1366 822 1414 fuisse3
841 1365 1122 1404 contumeliose
1144 1365 1334 1417 appellat,

276 1425 383 1478 quod
397 1426 574 1477 impenso
596 1425 723 1478 pretio
737 1424 882 1464 librum
909 1425 1181 1476 Pythagoricae
1211 1425 1338 1464 disci-

277 1483 398 1535 plinae
414 1483 569 1522 emisset
586 1496 713 1534 exque
731 1495 777 1521 eo
800 1482 1008 1530 Timaeum,
1030 1482 1204 1521 nobilem
1223 1483 1335 1522 illum

275 1543 488 1593 dialogum,
506 1541 788 1580 concinnasset.
798 1540 939 1580 Versus
954 1554 1072 1593 super
1084 1555 1130 1580 ea
1144 1555 1186 1581 re
1199 1542 1335 1582 Timo-

277 1602 339 1641 nis
356 1601 398 1640 hi
419 1610 508 1640 sunt
534 1615 543 1639 :

330 1689 390 1729 καὶ
407 1687 448 1728 σὺ
465 1688 639 1740 Πλάτων,
662 1688 722 1727 καὶ
739 1687 808 1741 γάρ
825 1703 863 1727 σε
880 1688 1042 1740 μαθητὴν
1064 1690 1082 1727 ὃ
1097 1688 1202 1734 πόθος
1220 1687 1336 1743 ἔσχεν·

329 1749 470 1788 πολλῶν
496 1749 525 1787 δ’
555 1747 729 1801 ἀργυρίων
749 1747 871 1800 ὀλίγην
891 1746 1048 1795 ἤλλαξας
1074 1746 1208 1800 βίὸλον,

329 1807 408 1849 ὅθεν
428 1808 676 1861 ἀπαρχόμενος
695 1807 841 1862 γράφειν
864 1806 1065 1859 ἐδιδάχθης.

278 1897 443 1935 Procius
454 1897 495 1934 in
505 1896 682 1939 Platonis
690 1895 882 1934 Timaeum
892 1895 981 1933 init.
998 1909 1006 1933 :
1020 1894 1092 1934 Καὶ
1106 1894 1242 1949 γὰρκαὶ
1254 1895 1338 1935 αὐτὸ

277 1955 319 1994 τὸ
339 1958 400 1994 τοῦ
425 1957 668 2008 Πυθαγορικοῦ
685 1953 843 2005 Τιμαίου
863 1953 1014 2006 γράμμα
1030 1955 1111 2009 περὶ
1128 1955 1263 2008 φύσεως
1279 1956 1337 1995 τὸν

280 2013 523 2067 Πυθαγορικὸν
560 2013 687 2067 τρόπον
722 2014 972 2064 διατάττεται,
999 2013 1094 2053 ἔνθεν
1126 2016 1340 2069 ἀφορμηθεὶς

280 2076 298 2111 ὁ
320 2072 474 2113 Πλάτων
510 2078 778 2126 τιμαιογραφεῖν
813 2076 984 2127 ἐπιχειρεῖ
1011 2073 1102 2112 κατὰ
1138 2074 1196 2113 τὸν
1216 2076 1339 2114 σιλλο-

245 2156 249 2160 ⁴
277 2132 425 2184 γράφον.
460 2132 591 2171 Schol.
616 2133 770 2172 Platon.
804 2146 843 2185 p.
876 2132 954 2171 20⁴0
989 2134 1053 2173 ed.
1083 2133 1289 2174 Ruhnken.
1327 2150 1336 2175 t

277 2191 427 2242 Τίμαιος
447 2193 487 2231 ἐκ
506 2194 653 2245 Λοκρῶν
672 2194 742 2231 τῶν
762 2191 1034 2246 Ἐπιζεφυρίων,
1053 2195 1117 2240 τῆς
1138 2194 1176 2232 ἐν
1197 2193 1336 2249 Ἰταλίᾳ

277 2250 429 2303 πόλεως,
451 2249 636 2304 φιλόσοφος
664 2249 922 2304 Πυθαγόρειος,
944 2252 1075 2306 ἔγραψε
1105 2256 1339 2305 μαθηματικά

280 2313 317 2350 τε
336 2309 397 2351 καὶ
413 2309 492 2363 περὶ
512 2309 647 2365 φύσεως
662 2310 897 2363 σύγγραμμα,
917 2310 976 2349 τὸν
998 2313 1241 2366 Πυθαγορικὸν
1259 2315 1339 2368 τρό-

280 2385 345 2408 πον
359 2385 367 2394 ·
386 2368 479 2409 ἔνθεν
491 2371 509 2407 ὁ
520 2369 674 2409 Πλάτων
691 2370 752 2408 καὶ
764 2369 822 2409 τὸν
835 2369 996 2422 διάλογον
1009 2371 1057 2415 εἷς
1075 2372 1179 2411 αὐτὸν
1192 2372 1337 2427 ἔγραψε,

278 2428 369 2468 καθὰ
388 2427 448 2468 καὶ
468 2430 487 2466 ὁ
501 2429 732 2482 σιλλογράφος
750 2428 835 2483 φησὶ
850 2429 930 2483 περὶ
951 2431 1068 2469 αὐτοῦ·

333 2515 473 2553 πολλῶν
494 2514 523 2553 δ’
544 2514 717 2568 ἀργυρίων
742 2516 864 2568 ὀλίγην
884 2517 1063 2564 ἠλλάξατο
1084 2519 1219 2572 βίὸλον,

335 2573 429 2613 ἔνθεν
447 2574 659 2627 ἀφορμηθεὶς
678 2582 944 2630 τιμαιογραφεῖν
963 2578 1149 2631 ἐπεχείρει.

281 2660 342 2698 Cf.
354 2661 470 2700 etiam
478 2661 736 2700 lamblichum
747 2662 790 2701 in
803 2663 1026 2704 Nicomach.
1039 2667 1247 2721 a1·ithm.p.
1266 2671 1340 2714 148

283 2719 342 2759 ed.
362 2719 521 2760 Tenull.
549 2730 587 2759 et
609 2721 746 2772 Synes.
775 2723 823 2761 de
842 2724 947 2762 dono
969 2727 1155 2765 astrolab.
1181 2742 1222 2780 p.
1248 2730 1338 2779 307.

284 2777 315 2816 E
329 2779 480 2818 caeteris
497 2779 724 2819 auctoribus
738 2781 892 2821 Gellius
906 2785 1171 2835 corrigendus.
1190 2787 1339 2840 Scripsi

283 2846 409 2876 autem
437 2838 510 2877 hos
536 2852 673 2878 versus
695 2848 739 2878 ut
765 2854 891 2893 nuper
924 2855 947 2880 a
972 2844 1141 2884 Mar-tino
1177 2847 1336 2886 Hertzio

282 2896 430 2960 ‘vulgati
452 2906 566 2945 sunt,
587 2899 643 2937 ita
666 2908 710 2938 ut
728 2913 790 2940 vs.
822 2902 873 2940 68
907 2916 982 2953 pro
1013 2903 1175 2954 μαθητὴν
1197 2908 1216 2945 ὁ
1238 2907 1340 2952 πόθος

283 2969 469 3006 ponerem
498 2957 689 3008 μαθητείης
718 2959 844 3012 πόθος,
882 2975 941 3001 vs.
981 2964 1032 3014 69
1061 2977 1135 3016 pro
1165 2965 1338 3015 ἤλλαξας,

283 3014 457 3063 ἠλλάξαο,
479 3016 650 3068 denique
666 3031 725 3057 vs.
745 3033 794 3067 70
811 3033 884 3072 pro
901 3021 977 3061 ὅθεν
993 3022 1239 3076 ἀπαρχόμενος
1252 3027 1340 3079 γρά-

284 3089 360 3125 φειν
384 3076 626 3115 restituerem
647 3076 743 3116 ἔνθεν
768 3080 1015 3134 ἀπαρχόμενος
1042 3083 1338 3139 Τιμαιογραφεῖν.

285 3131 343 3171 De
356 3132 428 3171 hac
439 3134 610 3173 emtione
624 3135 714 3174 vide
731 3137 943 3188 Diogenem
957 3140 1014 3178 111
1028 3170 1038 3189 ,
1056 3156 1080 3192 9
1097 3151 1135 3181 et
1149 3141 1262 3193 VIII,
1280 3146 1339 3186 15.

336 3189 401 3229 Vs.
430 3205 494 3239 7¹·
522 3195 570 3237 ὡς
602 3193 797 3235 ἀνέπλαττε
821 3195 916 3253 κτλ]
949 3199 1156 3241 Athenaeus
1174 3202 1243 3254 XI,
1266 3206 1338 3244 113

287 3262 327 3300 p.
355 3249 447 3298 505,
473 3250 504 3289 E
522 3263 532 3291 τ
555 3251 619 3291 Διὸ
639 3254 757 3298 καλῶς
776 3257 795 3293 ὁ
813 3255 937 3307 Τίμων
957 3258 1038 3312 περὶ
1057 3261 1162 3299 αὐτοῦ
1188 3261 1272 3315 ἔφη·
1294 3267 1341 3310 ὡς

288 3306 483 3348 ἀνέπλαττε
496 3311 574 3350 κτλ.
591 3311 785 3363 Diogenes
793 3314 971 3356 Laertius
985 3317 1059 3366 111,
1074 3321 1124 3358 26
1140 3334 1149 3358 ι
1162 3319 1267 3360 Ἀλλὰ
1279 3323 1340 3363 καὶ

289 3364 412 3417 Τίμων
433 3368 560 3408 οὑτωσὶ
577 3374 931 3424 παραγραμματίζων
953 3377 1076 3416 αὐτόν·
1095 3380 1143 3423 ὡς
1163 3379 1340 3423 ἀνέπλασε

290 3425 368 3465 κτλ.
397 3425 476 3465 Pro
501 3427 677 3468 ἀνέπλασε
697 3432 800 3483 apud
829 3432 1026 3474 Laertium
1058 3437 1255 3479 ἀνέπλαττε
1281 3455 1340 3481 re-

288 3485 509 3533 ponendum
536 3500 621 3528 esse
640 3488 722 3540 jam
746 3491 1068 3536 Aldobrandinus
1090 3497 1204 3537 vidit.
1223 3500 1337 3546 Quod

1113 260 1333 301 TIMONIS
1363 259 1594 300 PHLIASII

1404 359 1439 389 ut
1457 355 1594 397 tingebat
1615 356 1707 390 Plato
1723 358 1860 389 conficta
1883 357 2039 389 miracula
2057 357 2175 389 sciens.

1630 456 1647 473 ἡ
1921 457 1939 475 ἡ
2211 457 2229 474 ί

1404 542 1514 581 itaque
1533 538 1711 572 Menedemi
1725 538 1786 571 sul)
1802 540 1932 580 pectore
1946 538 2116 581 plumbum
2142 538 2267 572 liabens

1401 604 1509 633 curret
1524 599 1563 632 ad
1579 599 1777 641 Pyrrhonem
1797 607 1989 639 carnosum,
2004 599 2055 632 vei
2069 598 2108 631 ad
2128 599 2318 632 Diodorum.

1630 704 1647 723 *t
1920 707 1939 722 π
2212 703 2230 721 t

1402 783 1525 817 Natabo
1541 783 1581 815 ad
1598 782 1799 824 Pyrrhonem
1814 783 1846 815 et
1863 781 1902 814 ad
1922 782 2090 817 versutum
2112 781 2299 815 Diodorum.

1672 879 1690 897 ὑ
1945 879 1959 896 ί
2169 879 2184 896 ί

1402 968 1506 1001 neque
1526 958 1608 992 clam
1624 967 1736 991 sanam
1757 958 1899 990 mentem
1928 955 2234 999 reprehensionibus
2253 954 2457 990 admiscebis.

1633 1054 1649 1071 α
1927 1050 1943 1068 t
2219 1049 2234 1066 n

1400 1188 1440 1226 in
1458 1185 1751 1238 antiquioribus
1768 1183 1943 1224 Athenaei
1957 1181 2249 1235 exemplaribus
2270 1182 2466 1235 reperitur

1399 1245 1541 1294 θύματα
1563 1244 1758 1284 editorum
1781 1257 1875 1282 cura
1891 1242 2038 1281 dudum
2056 1242 2303 1281 emendatum
2323 1250 2395 1282 est.

1452 1305 1538 1344 Vss.
1578 1306 1714 1354 72-73.
1743 1303 1868 1357 τοιγὰρ
1895 1301 2240 1356 ἔχων-Διόδωρον]
2270 1302 2467 1353 Diogenes

1400 1369 1579 1408 Laertius
1602 1367 1666 1414 IV,
1702 1368 1749 1406 33
1782 1367 1831 1406 de
1861 1365 2063 1405 Arcesilao
2089 1379 2098 1403 :
2127 1364 2196 1405 Καὶ
2217 1368 2235 1404 δ
2253 1364 2382 1417 Τίμων
2408 1366 2466 1404 ἐπ’

1401 1430 1506 1468 αὐτοῦ
1527 1443 1631 1482 φησιν
1653 1426 1760 1471 οὕτως
1769 1442 1777 1452 ·

1451 1519 1495 1568 τῇ
1515 1515 1583 1569 γὰρ
1600 1515 1691 1568 ἔχων
1710 1515 1917 1566 Μενέδημος
1935 1513 2003 1553 ὑπὸ
2020 1513 2192 1567 στέρνοισι
2211 1513 2386 1564 μόλυὸδον

1454 1575 1602 1623 θήσεται
1615 1575 1638 1622 ἢ
1659 1574 1841 1629 Πύῤῥωνα
1860 1574 1901 1614 τὸ
1919 1580 1990 1613 πᾶν
2014 1573 2119 1628 κρέας
2141 1573 2165 1621 ἢ
2186 1574 2381 1628 Διόδωρον.

1399 1663 1459 1703 Cf.
1484 1663 1698 1703 Eusebium
1727 1663 1855 1716 Praep.
1889 1675 2030 1714 evang.
2061 1661 2129 1701 XV
2157 1676 2198 1715 p.
2237 1677 2330 1715 729,
2363 1661 2466 1716 apud

1400 1737 1514 1776 quem
1536 1723 1681 1775 legitur
1702 1738 1711 1762 :
2147 1735 2152 1740 ·

1454 1815 1498 1866 τῇ
1518 1811 1586 1866 γὰρ
1612 1812 1704 1866 ἔχων
1728 1811 1943 1863 Μενεδήμου
1965 1812 2034 1852 ὗπὸ
2054 1811 2230 1866 στέρνοισι
2248 1813 2426 1864 μόλυὸδον

1455 1873 1616 1912 θεύσεται
1637 1872 1659 1920 ἢ
1680 1873 1860 1928 Πύῤῥωνα
1875 1873 1914 1913 τὸ
1933 1878 2004 1911 πᾶν
2024 1871 2168 1924 κρέαςῆ
2192 1873 2384 1926 Διόδωρον.

1401 1960 1463 1999 Vs.
1501 1975 1549 2009 72
1579 1974 1652 2012 pro
1685 1963 1729 2014 τῇ
1756 1958 1825 2013 γὰρ
1852 1960 2073 1999 necessario
2100 1960 2319 2011 requiritur
2343 1960 2468 2016 τοιγὰρ
2493 1975 2496 1977 ·

1401 2019 1506 2071 quod
1527 2019 1649 2058 edidi.
1669 2020 1822 2058 Deinde
1842 2032 1971 2071 neque
1985 2019 2196 2071 Μενέδημος
2210 2019 2303 2059 ferri
2322 2029 2465 2073 potest,

1401 2079 1596 2131 siquidem
1611 2080 1693 2118 haec
1708 2094 1788 2119 non
1806 2080 1854 2119 de
1867 2079 2097 2119 Menedemo
2112 2080 2178 2119 sed
2199 2080 2248 2119 de
2267 2082 2467 2123 Arcesilao

1400 2138 1644 2191 accipienda,
1676 2152 1803 2191 neque
1832 2137 2061 2190 Μενέδημον,
2089 2148 2132 2178 ut
2150 2138 2339 2179 exhibent
2361 2155 2468 2193 quae·

1401 2198 1486 2236 dam
1506 2198 1695 2248 Diogenis
1708 2198 1960 2246 membranae,
1981 2198 2049 2236 sed
2065 2198 2258 2237 sententia
2273 2198 2469 2241 desiderat

1401 2257 1506 2308 quod
1518 2267 1575 2296 est
1592 2258 1695 2310 apud
1711 2258 1925 2298 Eusebium
1942 2257 2169 2308 Μενεδήμου.
2185 2257 2229 2296 ld
2245 2267 2371 2298 autem
2383 2259 2466 2312 jam

1401 2316 1656 2356 Casaubonus
1685 2317 1843 2356 Laertio
1869 2317 1982 2356 reddi
2006 2326 2191 2370 oportere
2221 2317 2386 2357 dixerat.
2414 2343 2468 2350 —

1400 2374 1464 2413 Vs.
1481 2376 1529 2424 73
1545 2374 1706 2414 θεύσεται
1723 2378 1755 2420 ἐς
1769 2375 1944 2430 Πύρρωνα
1954 2376 2249 2415 rescribendum
2265 2389 2349 2416 esse
2362 2378 2466 2418 idem

1401 2435 1656 2476 Casaubonus
1682 2436 1925 2476 observavit.
1958 2435 2086 2475 Verba
2109 2436 2150 2475 τὸ
2166 2443 2237 2475 πᾶν
2258 2435 2363 2490 κρέας
2379 2438 2406 2478 i.
2427 2453 2465 2480 e.

1401 2510 1607 2536 carnosum
1629 2506 1732 2537 recte
1761 2497 1963 2537 contendit
1985 2498 2191 2548 Menagius
2211 2512 2298 2536 cum
2330 2498 2469 2539 Theo-

1402 2555 1490 2594 criti
1507 2556 1624 2608 ldyll.
1642 2556 1701 2595 111
1715 2552 1774 2596 vs.
1801 2558 1864 2605 18,
1881 2557 1922 2597 τὸ
1936 2563 2005 2596 πᾶν
2022 2556 2136 2605 λίθος,
2158 2556 2228 2596 ubi
2243 2558 2468 2600 scholiastes

1400 2616 1441 2654 τὸ
1456 2621 1527 2654 πᾶν
1547 2615 1730 2668 perhibet
1746 2617 1825 2656 dici
1844 2618 2134 2672 ε’πιῤῥηματικῶς
2152 2617 2228 2656 ἀντὶ
2248 2620 2309 2657 τοῦ
2329 2618 2468 2669 διόλου,

1400 2674 1560 2714 τουτέστι
1581 2674 1721 2727 σκληρὰ
1740 2674 1874 2729 σφόδρα
1894 2676 1954 2715 καὶ
1976 2675 2193 2726 ἀμείλικτος.

1454 2734 1519 2774 Vs.
1555 2741 1618 2784 74.
1653 2734 1804 2785 νήξομαι
1838 2737 1887 2780 εἷς
1917 2736 2096 2789 Πύρῤωνα
2127 2734 2229 2787 κτλ.]
2270 2735 2466 2787 Diogenes

1400 2792 1577 2833 Laertius
1597 2795 1621 2833 l.
1642 2809 1676 2833 c.
1702 2807 1712 2834 ε
1739 2794 1810 2834 Καὶ
1838 2793 2010 2833 διαλιπὼν
2035 2793 2138 2832 αὐτὸν
2170 2800 2264 2834 ποιεῖ
2294 2794 2463 2845 λέγοντα·

1400 2851 1550 2902 νήξομαι
1578 2854 1656 2893 κτλ.
1679 2854 1854 2893 Veterem
1882 2855 2115 2906 scripturam
2144 2854 2261 2894 κολιὸν
2287 2855 2466 2911 Διόδωρον

1401 2912 1550 2963 optime
1569 2912 1824 2953 Casaubonus
1840 2914 1882 2952 in
1903 2913 2044 2954 σκολιὸν
2061 2914 2237 2967 Διόδωρον
2257 2918 2464 2957 convertit.

1453 2969 1518 3009 Vs.
1560 2971 1625 3021 75.
1661 2971 1857 3023 Diogenes
1894 2972 2073 3012 Laertius
2089 2973 2117 3013 l.
2155 2988 2187 3012 c.
2222 2975 2270 3014 33
2303 2974 2396 3014 item
2416 2975 2466 3016 de

1401 3030 1600 3069 Arcesilae
1619 3045 1628 3069 τ
1649 3023 1722 3071 Ἦν
1744 3030 1780 3071 δὲ
1798 3031 2134 3083 ἀξιωματικώτατος
2149 3032 2209 3072 καὶ
2227 3035 2464 3087 συνηγμένος,

1401 3088 1462 3128 καὶ
1479 3090 1514 3128 ἐν
1529 3093 1574 3143 τῇ
1583 3091 1927 3144 λαλιᾷδιαστατικὸς
1940 3093 2010 3130 τῶν
2027 3092 2224 3143 ὀνομάτων,
2239 3093 2464 3145 ἐπισκώπτης

1402 3148 1431 3188 θ’
1451 3151 1581 3195 ἱκανῶς
1609 3150 1670 3190 καὶ
1693 3150 1978 3207 παρρησιαστής.
1999 3151 2064 3192 Διὸ
2085 3151 2146 3192 καὶ
2165 3153 2273 3193 πάλιν
2299 3156 2318 3194 ὁ
2337 3154 2462 3208 Τίμων

1401 3209 1530 3248 οὑτωσὶ
1547 3210 1629 3265 περὶ
1649 3212 1757 3250 αὐτοῦ
1777 3223 1786 3233 ·

1455 3298 1515 3338 καὶ
1535 3299 1610 3338 νέον
1629 3300 1669 3338 οὗ
1684 3299 1797 3353 λη’σῃς
1813 3299 2038 3347 ἐπιπλήξεσιν
2058 3301 2332 3354 ἐγκαταμιγνύς.

1401 3386 1480 3426 Pro
1494 3386 1568 3426 νέον
1589 3400 1638 3426 ex
1652 3387 1809 3438 egregia
1821 3387 2044 3427 Casauboni
2061 3389 2288 3440 conjectura
2302 3390 2462 3443 reposui
2525 3429 2532 3435 ,

1400 3445 1501 3496 νόον;
1516 3455 1707 3498 praeterea
1725 3445 1837 3500 λήσῃς
1870 3446 1911 3485 in
1932 3447 2052 3496 λήσεις
2077 3450 2239 3488 mutavi.
2261 3449 2307 3488 In
2328 3450 2463 3490 codice

1401 3504 1511 3554 regio
1528 3518 1601 3557 pro
1621 3507 1660 3544 οὗ
1678 3506 1778 3545 male
1791 3506 1981 3558 scriptum
1998 3516 2055 3546 est
2075 3507 2141 3559 μή.
