<?xml version="1.0" encoding="UTF-8"?>
<!DOCTYPE html PUBLIC "-//W3C//DTD XHTML 1.0 Transitional//EN"
    "http://www.w3.org/TR/xhtml1/DTD/xhtml1-transitional.dtd">
<html xmlns="http://www.w3.org/1999/xhtml" xml:lang="en" lang="en">
 <head>
  <title>
</title>
<meta http-equiv="Content-Type" content="text/html;charset=utf-8" />
  <meta name='ocr-system' content='tesseract 3.04.00' />
  <meta name='ocr-capabilities' content='ocr_page ocr_carea ocr_par ocr_line ocrx_word'/>
</head>
<body>
  <div class='ocr_page' id='page_1' title='image "./fragmentaphiloso01mulluoft_0045.png"; bbox 0 0 2612 3814; ppageno 0'>
   <div class='ocr_carea' id='block_1_1' title="bbox 0 1096 76 3814">
    <p class='ocr_par' dir='ltr' id='par_1_1' title="bbox 0 1096 76 3814">
     <span class='ocr_line' id='line_1_1' title="bbox 0 1096 76 3814; baseline 0 0"><span class='ocrx_word' id='word_1_1' title='bbox 0 1096 76 3814; x_wconf 95' lang='lat' dir='ltr'><strong> </strong></span> 
     </span>
    </p>
   </div>
   <div class='ocr_carea' id='block_1_2' title="bbox 910 304 1523 349">
    <p class='ocr_par' dir='ltr' id='par_1_2' title="bbox 910 304 1523 349">
     <span class='ocr_line' id='line_1_2' title="bbox 910 304 1523 349; baseline -0.01 0"><span class='ocrx_word' id='word_1_2' title='bbox 910 306 1241 349; x_wconf 85' lang='lat' dir='ltr'>EMPEDOCLIS</span> <span class='ocrx_word' id='word_1_3' title='bbox 1272 304 1523 344; x_wconf 80' lang='lat' dir='ltr'><strong>CARMINA.</strong></span> 
     </span>
    </p>
   </div>
   <div class='ocr_carea' id='block_1_3' title="bbox 163 390 1188 505">
    <p class='ocr_par' dir='ltr' id='par_1_3' title="bbox 163 390 1188 505">
     <span class='ocr_line' id='line_1_3' title="bbox 243 390 1187 447; baseline -0.007 -13"><span class='ocrx_word' id='word_1_4' title='bbox 243 393 358 446; x_wconf 81' lang='grc' dir='ltr'>δίνης,</span> <span class='ocrx_word' id='word_1_5' title='bbox 373 397 408 434; x_wconf 83' lang='grc' dir='ltr'><strong>ἐν</strong></span> <span class='ocrx_word' id='word_1_6' title='bbox 429 394 465 433; x_wconf 81' lang='grc' dir='ltr'><strong>δὲ</strong></span> <span class='ocrx_word' id='word_1_7' title='bbox 486 392 580 446; x_wconf 77' lang='grc' dir='ltr'>μέση</span> <span class='ocrx_word' id='word_1_8' title='bbox 602 391 746 447; x_wconf 82' lang='grc' dir='ltr'>φιλότης</span> <span class='ocrx_word' id='word_1_9' title='bbox 767 390 998 444; x_wconf 68' lang='grc' dir='ltr'>στροφάλιγγι</span> <span class='ocrx_word' id='word_1_10' title='bbox 1016 390 1187 442; x_wconf 88' lang='grc' dir='ltr'>γένηται,</span> 
     </span>
     <span class='ocr_line' id='line_1_4' title="bbox 163 442 1188 505; baseline -0.008 -10"><span class='ocrx_word' id='word_1_11' title='bbox 163 467 213 494; x_wconf 77' lang='grc'><strong>165</strong></span> <span class='ocrx_word' id='word_1_12' title='bbox 241 455 307 495; x_wconf 85' lang='grc' dir='ltr'>ἔνθ’</span> <span class='ocrx_word' id='word_1_13' title='bbox 328 454 397 503; x_wconf 87' lang='grc' dir='ltr'>ἤδη</span> <span class='ocrx_word' id='word_1_14' title='bbox 420 453 503 493; x_wconf 83' lang='grc' dir='ltr'>τάδε</span> <span class='ocrx_word' id='word_1_15' title='bbox 525 452 641 492; x_wconf 91' lang='grc' dir='ltr'>πάντα</span> <span class='ocrx_word' id='word_1_16' title='bbox 657 451 884 505; x_wconf 74' lang='grc' dir='ltr'>συνέρχεται,</span> <span class='ocrx_word' id='word_1_17' title='bbox 900 450 937 489; x_wconf 85' lang='grc' dir='ltr'><strong>ἓν</strong></span> <span class='ocrx_word' id='word_1_18' title='bbox 958 449 1064 502; x_wconf 88' lang='grc' dir='ltr'>μόνον</span> <span class='ocrx_word' id='word_1_19' title='bbox 1082 442 1188 488; x_wconf 64' lang='grc' dir='ltr'>εἶναι.</span> 
     </span>
    </p>
   </div>
   <div class='ocr_carea' id='block_1_4' title="bbox 402 554 1001 576">
    <p class='ocr_par' dir='ltr' id='par_1_4' title="bbox 402 554 1001 576">
     <span class='ocr_line' id='line_1_5' title="bbox 402 554 1001 576; baseline -0.01 0"><span class='ocrx_word' id='word_1_20' title='bbox 402 559 419 576; x_wconf 56' lang='lat' dir='ltr'><strong>ff</strong></span> <span class='ocrx_word' id='word_1_21' title='bbox 697 556 714 572; x_wconf 67' lang='grc' dir='ltr'>Ἰ</span> <span class='ocrx_word' id='word_1_22' title='bbox 986 554 1001 571; x_wconf 53' lang='grc' dir='ltr'>ί</span> 
     </span>
    </p>
   </div>
   <div class='ocr_carea' id='block_1_5' title="bbox 241 622 1191 802">
    <p class='ocr_par' dir='ltr' id='par_1_5' title="bbox 241 622 1191 802">
     <span class='ocr_line' id='line_1_6' title="bbox 241 622 1189 677; baseline -0.006 -9"><span class='ocrx_word' id='word_1_23' title='bbox 241 627 336 669; x_wconf 79' lang='grc' dir='ltr'>Οὑδέ</span> <span class='ocrx_word' id='word_1_24' title='bbox 356 644 390 667; x_wconf 87' lang='grc' dir='ltr'><strong>τι</strong></span> <span class='ocrx_word' id='word_1_25' title='bbox 409 631 470 667; x_wconf 80' lang='grc' dir='ltr'><strong>τοῦ</strong></span> <span class='ocrx_word' id='word_1_26' title='bbox 490 627 621 670; x_wconf 82' lang='grc' dir='ltr'>παντὸς</span> <span class='ocrx_word' id='word_1_27' title='bbox 639 627 755 666; x_wconf 84' lang='grc' dir='ltr'>κενεὸν</span> <span class='ocrx_word' id='word_1_28' title='bbox 777 627 879 667; x_wconf 84' lang='grc' dir='ltr'>πέλει</span> <span class='ocrx_word' id='word_1_29' title='bbox 897 626 974 665; x_wconf 77' lang='grc' dir='ltr'>οὐδὲ</span> <span class='ocrx_word' id='word_1_30' title='bbox 998 622 1189 677; x_wconf 86' lang='grc' dir='ltr'>περισσόν,</span> 
     </span>
     <span class='ocr_line' id='line_1_7' title="bbox 244 679 1191 740; baseline -0.008 -12"><span class='ocrx_word' id='word_1_31' title='bbox 244 688 325 728; x_wconf 82' lang='grc' dir='ltr'>ἀλλ’</span> <span class='ocrx_word' id='word_1_32' title='bbox 341 687 400 740; x_wconf 83' lang='grc' dir='ltr'>δ’γε</span> <span class='ocrx_word' id='word_1_33' title='bbox 415 687 586 727; x_wconf 84' lang='grc' dir='ltr'>πάντοθεν</span> <span class='ocrx_word' id='word_1_34' title='bbox 602 679 681 730; x_wconf 69' lang='grc' dir='ltr'>ἶσος</span> <span class='ocrx_word' id='word_1_35' title='bbox 704 685 769 740; x_wconf 82' lang='grc' dir='ltr'>ἔφυ</span> <span class='ocrx_word' id='word_1_36' title='bbox 786 686 847 725; x_wconf 70' lang='grc' dir='ltr'><strong>καὶ</strong></span> <span class='ocrx_word' id='word_1_37' title='bbox 867 686 1020 737; x_wconf 82' lang='grc' dir='ltr'>πάμπαν</span> <span class='ocrx_word' id='word_1_38' title='bbox 1040 682 1191 736; x_wconf 83' lang='grc' dir='ltr'>ἀπείρων</span> 
     </span>
     <span class='ocr_line' id='line_1_8' title="bbox 241 743 1082 802; baseline -0.006 -15"><span class='ocrx_word' id='word_1_39' title='bbox 241 749 388 802; x_wconf 73' lang='grc' dir='ltr'>σφαῒρος</span> <span class='ocrx_word' id='word_1_40' title='bbox 416 745 629 799; x_wconf 76' lang='grc' dir='ltr'>κυκλοτερὴς</span> <span class='ocrx_word' id='word_1_41' title='bbox 650 745 753 798; x_wconf 89' lang='grc' dir='ltr'>μονίῃ</span> <span class='ocrx_word' id='word_1_42' title='bbox 773 746 936 799; x_wconf 84' lang='grc' dir='ltr'>περιηγέϊ</span> <span class='ocrx_word' id='word_1_43' title='bbox 958 743 1082 797; x_wconf 83' lang='grc' dir='ltr'>γαίων.</span> 
     </span>
    </p>
   </div>
   <div class='ocr_carea' id='block_1_6' title="bbox 245 849 1007 1047">
    <p class='ocr_par' dir='ltr' id='par_1_6' title="bbox 245 849 1007 1047">
     <span class='ocr_line' id='line_1_9' title="bbox 403 849 1004 869; baseline -0.007 0"><span class='ocrx_word' id='word_1_44' title='bbox 403 852 420 869; x_wconf 50' lang='grc' dir='ltr'>ἰ</span> <span class='ocrx_word' id='word_1_45' title='bbox 699 851 716 865; x_wconf 51' lang='grc' dir='ltr'><em>Ϋ</em></span> <span class='ocrx_word' id='word_1_46' title='bbox 988 849 1004 865; x_wconf 49' lang='grc' dir='ltr'><strong>ᾗ</strong></span> 
     </span>
     <span class='ocr_line' id='line_1_10' title="bbox 245 920 980 971; baseline -0.005 -8"><span class='ocrx_word' id='word_1_47' title='bbox 245 925 313 963; x_wconf 83' lang='grc' dir='ltr'>ἔνθ’</span> <span class='ocrx_word' id='word_1_48' title='bbox 334 923 407 963; x_wconf 84' lang='grc' dir='ltr'>οὔτ’</span> <span class='ocrx_word' id='word_1_49' title='bbox 425 923 556 971; x_wconf 78' lang='grc' dir='ltr'>ἠελίοιο</span> <span class='ocrx_word' id='word_1_50' title='bbox 577 923 742 961; x_wconf 81' lang='grc' dir='ltr'>διείδεται</span> <span class='ocrx_word' id='word_1_51' title='bbox 756 920 852 961; x_wconf 82' lang='grc' dir='ltr'>ὠκέα</span> <span class='ocrx_word' id='word_1_52' title='bbox 873 920 980 967; x_wconf 78' lang='grc' dir='ltr'>κ’ἥλα.</span> 
     </span>
     <span class='ocr_line' id='line_1_11' title="bbox 407 1026 1007 1047; baseline -0.01 1"><span class='ocrx_word' id='word_1_53' title='bbox 407 1030 423 1047; x_wconf 54' lang='grc' dir='ltr'>ί</span> <span class='ocrx_word' id='word_1_54' title='bbox 702 1029 719 1046; x_wconf 49' lang='grc' dir='ltr'><strong>ἡ</strong></span> <span class='ocrx_word' id='word_1_55' title='bbox 991 1026 1007 1042; x_wconf 48' lang='grc' dir='ltr'><strong><em>ἡ</em></strong></span> 
     </span>
    </p>
   </div>
   <div class='ocr_carea' id='block_1_7' title="bbox 176 1098 1194 1391">
    <p class='ocr_par' dir='ltr' id='par_1_7' title="bbox 176 1098 1194 1391">
     <span class='ocr_line' id='line_1_12' title="bbox 176 1098 533 1154; baseline -0.011 -14"><span class='ocrx_word' id='word_1_56' title='bbox 176 1115 230 1142; x_wconf 80' lang='grc'><strong>170</strong></span> <span class='ocrx_word' id='word_1_57' title='bbox 260 1101 434 1154; x_wconf 76' lang='grc' dir='ltr'>(σφαῖρον</span> <span class='ocrx_word' id='word_1_58' title='bbox 455 1098 533 1150; x_wconf 82' lang='grc' dir='ltr'>ἔην)</span> 
     </span>
     <span class='ocr_line' id='line_1_13' title="bbox 247 1154 1194 1213; baseline -0.005 -15"><span class='ocrx_word' id='word_1_59' title='bbox 247 1159 355 1213; x_wconf 82' lang='grc' dir='ltr'>χωρὶς</span> <span class='ocrx_word' id='word_1_60' title='bbox 369 1164 438 1197; x_wconf 83' lang='grc' dir='ltr'><strong>πᾶν</strong></span> <span class='ocrx_word' id='word_1_61' title='bbox 457 1158 496 1196; x_wconf 87' lang='grc' dir='ltr'><strong>τὸ</strong></span> <span class='ocrx_word' id='word_1_62' title='bbox 519 1161 607 1211; x_wconf 88' lang='grc' dir='ltr'>βαρὺ</span> <span class='ocrx_word' id='word_1_63' title='bbox 627 1156 738 1210; x_wconf 89' lang='grc' dir='ltr'>χωρίς</span> <span class='ocrx_word' id='word_1_64' title='bbox 758 1171 796 1194; x_wconf 88' lang='grc' dir='ltr'><strong>τε</strong></span> <span class='ocrx_word' id='word_1_65' title='bbox 815 1154 854 1193; x_wconf 83' lang='grc' dir='ltr'><strong>τὸ</strong></span> <span class='ocrx_word' id='word_1_66' title='bbox 876 1158 1005 1209; x_wconf 61' lang='grc' dir='ltr'>κοῦφον</span> <span class='ocrx_word' id='word_1_67' title='bbox 1025 1154 1194 1208; x_wconf 82' lang='grc' dir='ltr'>(ἔθηκε)·</span> 
     </span>
     <span class='ocr_line' id='line_1_14' title="bbox 249 1209 1060 1268; baseline -0.006 -9"><span class='ocrx_word' id='word_1_68' title='bbox 249 1220 318 1259; x_wconf 85' lang='grc' dir='ltr'>ἔνθ’</span> <span class='ocrx_word' id='word_1_69' title='bbox 336 1219 407 1259; x_wconf 84' lang='grc' dir='ltr'>οὔτ’</span> <span class='ocrx_word' id='word_1_70' title='bbox 426 1219 559 1266; x_wconf 77' lang='grc' dir='ltr'>ἠελίοιο</span> <span class='ocrx_word' id='word_1_71' title='bbox 581 1217 780 1256; x_wconf 84' lang='grc' dir='ltr'>δεδίσκεται</span> <span class='ocrx_word' id='word_1_72' title='bbox 801 1214 932 1268; x_wconf 80' lang='grc' dir='ltr'>ἀγλαὸν</span> <span class='ocrx_word' id='word_1_73' title='bbox 954 1209 1060 1263; x_wconf 65' lang='grc' dir='ltr'>εἶδος,</span> 
     </span>
     <span class='ocr_line' id='line_1_15' title="bbox 247 1274 1190 1330; baseline -0.004 -12"><span class='ocrx_word' id='word_1_74' title='bbox 247 1278 324 1319; x_wconf 80' lang='grc' dir='ltr'>οὐδὲ</span> <span class='ocrx_word' id='word_1_75' title='bbox 342 1277 405 1330; x_wconf 81' lang='grc' dir='ltr'><strong>μὲν</strong></span> <span class='ocrx_word' id='word_1_76' title='bbox 426 1277 498 1317; x_wconf 79' lang='grc' dir='ltr'>οὐδ’</span> <span class='ocrx_word' id='word_1_77' title='bbox 530 1276 611 1326; x_wconf 53' lang='grc' dir='ltr'>,αἴης</span> <span class='ocrx_word' id='word_1_78' title='bbox 635 1275 759 1316; x_wconf 82' lang='grc' dir='ltr'>λάσιον</span> <span class='ocrx_word' id='word_1_79' title='bbox 783 1274 893 1326; x_wconf 83' lang='grc' dir='ltr'>δέμας</span> <span class='ocrx_word' id='word_1_80' title='bbox 909 1275 986 1314; x_wconf 78' lang='grc' dir='ltr'>οὐδὲ</span> <span class='ocrx_word' id='word_1_81' title='bbox 1009 1274 1190 1314; x_wconf 86' lang='grc' dir='ltr'>θάλασσα.</span> 
     </span>
     <span class='ocr_line' id='line_1_16' title="bbox 248 1334 1194 1391; baseline -0.002 -14"><span class='ocrx_word' id='word_1_82' title='bbox 248 1340 328 1377; x_wconf 82' lang='grc' dir='ltr'><strong>Πᾶν</strong></span> <span class='ocrx_word' id='word_1_83' title='bbox 354 1337 478 1391; x_wconf 82' lang='grc' dir='ltr'>ἐχθρὸν</span> <span class='ocrx_word' id='word_1_84' title='bbox 501 1336 568 1390; x_wconf 81' lang='grc' dir='ltr'>γὰρ</span> <span class='ocrx_word' id='word_1_85' title='bbox 589 1336 648 1384; x_wconf 86' lang='grc' dir='ltr'><strong>ἔην</strong></span> <span class='ocrx_word' id='word_1_86' title='bbox 672 1336 728 1383; x_wconf 87' lang='grc' dir='ltr'><strong>ἠδ’</strong></span> <span class='ocrx_word' id='word_1_87' title='bbox 749 1334 917 1389; x_wconf 81' lang='grc' dir='ltr'>ἄστοργον</span> <span class='ocrx_word' id='word_1_88' title='bbox 938 1334 999 1374; x_wconf 83' lang='grc' dir='ltr'><strong>καὶ</strong></span> <span class='ocrx_word' id='word_1_89' title='bbox 1024 1334 1194 1388; x_wconf 83' lang='grc' dir='ltr'>ἄκρητον.</span> 
     </span>
    </p>
   </div>
   <div class='ocr_carea' id='block_1_8' title="bbox 408 1441 1009 1459">
    <p class='ocr_par' dir='ltr' id='par_1_8' title="bbox 408 1441 1009 1459">
     <span class='ocr_line' id='line_1_17' title="bbox 408 1441 1009 1459; baseline 0 -3"><span class='ocrx_word' id='word_1_90' title='bbox 408 1443 427 1459; x_wconf 63' lang='grc' dir='ltr'><strong>«Α-</strong></span> <span class='ocrx_word' id='word_1_91' title='bbox 704 1441 720 1455; x_wconf 63' lang='lat' dir='ltr'>t</span> <span class='ocrx_word' id='word_1_92' title='bbox 993 1441 1009 1456; x_wconf 58' lang='grc' dir='ltr'>ί</span> 
     </span>
    </p>
   </div>
   <div class='ocr_carea' id='block_1_9' title="bbox 169 1511 1172 1804">
    <p class='ocr_par' dir='ltr' id='par_1_9' title="bbox 169 1511 1148 1744">
     <span class='ocr_line' id='line_1_18' title="bbox 169 1511 1063 1566; baseline -0.006 -11"><span class='ocrx_word' id='word_1_93' title='bbox 169 1529 218 1555; x_wconf 76' lang='grc'><strong>175</strong></span> <span class='ocrx_word' id='word_1_94' title='bbox 247 1513 371 1559; x_wconf 82' lang='grc' dir='ltr'>Οὕτως</span> <span class='ocrx_word' id='word_1_95' title='bbox 390 1513 560 1566; x_wconf 78' lang='grc' dir='ltr'>ἁρμονίης</span> <span class='ocrx_word' id='word_1_96' title='bbox 579 1515 714 1565; x_wconf 84' lang='grc' dir='ltr'>πυκινῷ</span> <span class='ocrx_word' id='word_1_97' title='bbox 736 1511 834 1551; x_wconf 81' lang='grc' dir='ltr'>κύτει</span> <span class='ocrx_word' id='word_1_98' title='bbox 853 1511 1063 1565; x_wconf 82' lang='grc' dir='ltr'>ἐστήρικται</span> 
     </span>
     <span class='ocr_line' id='line_1_19' title="bbox 249 1570 1087 1627; baseline 0 -15"><span class='ocrx_word' id='word_1_99' title='bbox 249 1576 395 1627; x_wconf 71' lang='grc' dir='ltr'>σφαῖρος</span> <span class='ocrx_word' id='word_1_100' title='bbox 417 1572 631 1626; x_wconf 83' lang='grc' dir='ltr'>κυκλοτερὴς</span> <span class='ocrx_word' id='word_1_101' title='bbox 654 1572 756 1626; x_wconf 87' lang='grc' dir='ltr'>μονίῃ</span> <span class='ocrx_word' id='word_1_102' title='bbox 773 1571 938 1626; x_wconf 83' lang='grc' dir='ltr'>περιηγέῖ</span> <span class='ocrx_word' id='word_1_103' title='bbox 959 1570 1087 1624; x_wconf 87' lang='grc' dir='ltr'>γαίων.</span> 
     </span>
     <span class='ocr_line' id='line_1_20' title="bbox 248 1631 1148 1686; baseline -0.003 -14"><span class='ocrx_word' id='word_1_104' title='bbox 248 1633 371 1686; x_wconf 75' lang='grc' dir='ltr'>Αὐτὰρ</span> <span class='ocrx_word' id='word_1_105' title='bbox 392 1632 468 1672; x_wconf 81' lang='grc' dir='ltr'>ἐπεὶ</span> <span class='ocrx_word' id='word_1_106' title='bbox 490 1631 582 1685; x_wconf 83' lang='grc' dir='ltr'>μέγα</span> <span class='ocrx_word' id='word_1_107' title='bbox 597 1635 708 1677; x_wconf 85' lang='grc' dir='ltr'>νεῖκος</span> <span class='ocrx_word' id='word_1_108' title='bbox 721 1631 772 1671; x_wconf 83' lang='grc' dir='ltr'><strong>ἐνὶ</strong></span> <span class='ocrx_word' id='word_1_109' title='bbox 792 1631 978 1683; x_wconf 87' lang='grc' dir='ltr'>μελέεσσιν</span> <span class='ocrx_word' id='word_1_110' title='bbox 1000 1631 1148 1684; x_wconf 75' lang='grc' dir='ltr'>ἐθρέφθη</span> 
     </span>
     <span class='ocr_line' id='line_1_21' title="bbox 251 1690 1092 1744; baseline -0.004 -12"><span class='ocrx_word' id='word_1_111' title='bbox 251 1695 285 1737; x_wconf 90' lang='grc' dir='ltr'>ἐς</span> <span class='ocrx_word' id='word_1_112' title='bbox 305 1691 410 1743; x_wconf 85' lang='grc' dir='ltr'>τιμάς</span> <span class='ocrx_word' id='word_1_113' title='bbox 437 1691 469 1730; x_wconf 87' lang='grc' dir='ltr'><strong>τ’</strong></span> <span class='ocrx_word' id='word_1_114' title='bbox 489 1690 661 1744; x_wconf 82' lang='grc' dir='ltr'>ἀνόρουσε</span> <span class='ocrx_word' id='word_1_115' title='bbox 680 1692 914 1742; x_wconf 82' lang='grc' dir='ltr'>τελειομένοιο</span> <span class='ocrx_word' id='word_1_116' title='bbox 933 1691 1092 1744; x_wconf 89' lang='grc' dir='ltr'>χρόνοιο,</span> 
     </span>
    </p>

    <p class='ocr_par' dir='ltr' id='par_1_10' title="bbox 251 1749 1172 1804">
     <span class='ocr_line' id='line_1_22' title="bbox 251 1749 1172 1804; baseline -0.003 -14"><span class='ocrx_word' id='word_1_117' title='bbox 251 1751 286 1796; x_wconf 82' lang='grc' dir='ltr'>ὅς</span> <span class='ocrx_word' id='word_1_118' title='bbox 307 1767 386 1804; x_wconf 73' lang='grc' dir='ltr'>σφιν</span> <span class='ocrx_word' id='word_1_119' title='bbox 406 1750 590 1802; x_wconf 76' lang='grc' dir='ltr'>ἀμοιὸαἷος</span> <span class='ocrx_word' id='word_1_120' title='bbox 607 1750 758 1794; x_wconf 85' lang='grc' dir='ltr'>πλατέος</span> <span class='ocrx_word' id='word_1_121' title='bbox 776 1749 1026 1804; x_wconf 81' lang='grc' dir='ltr'>παρελήλαται</span> <span class='ocrx_word' id='word_1_122' title='bbox 1045 1749 1149 1803; x_wconf 80' lang='grc' dir='ltr'>ὅρκου</span> <span class='ocrx_word' id='word_1_123' title='bbox 1162 1779 1172 1798; x_wconf 95' lang='grc'>,</span> 
     </span>
    </p>
   </div>
   <div class='ocr_carea' id='block_1_10' title="bbox 172 1811 1061 2115">
    <p class='ocr_par' dir='ltr' id='par_1_11' title="bbox 172 1811 1061 2115">
     <span class='ocr_line' id='line_1_23' title="bbox 172 1811 1061 1865; baseline -0.004 -11"><span class='ocrx_word' id='word_1_124' title='bbox 172 1829 222 1854; x_wconf 82' lang='lat'><strong>180</strong></span> <span class='ocrx_word' id='word_1_125' title='bbox 250 1814 368 1853; x_wconf 85' lang='grc' dir='ltr'>πάντα</span> <span class='ocrx_word' id='word_1_126' title='bbox 390 1813 474 1865; x_wconf 86' lang='grc' dir='ltr'>μάλ’</span> <span class='ocrx_word' id='word_1_127' title='bbox 496 1812 604 1860; x_wconf 77' lang='grc' dir='ltr'>ἑξείης</span> <span class='ocrx_word' id='word_1_128' title='bbox 625 1811 834 1863; x_wconf 85' lang='grc' dir='ltr'>πελεμίζετο</span> <span class='ocrx_word' id='word_1_129' title='bbox 854 1817 936 1864; x_wconf 81' lang='grc' dir='ltr'>γυῖα</span> <span class='ocrx_word' id='word_1_130' title='bbox 955 1815 1061 1853; x_wconf 78' lang='grc' dir='ltr'>θεοῖο.</span> 
     </span>
     <span class='ocr_line' id='line_1_24' title="bbox 416 1919 1013 1938; baseline -0.01 1"><span class='ocrx_word' id='word_1_131' title='bbox 416 1922 435 1938; x_wconf 62' lang='lat' dir='ltr'><strong>&#39;k</strong></span> <span class='ocrx_word' id='word_1_132' title='bbox 709 1921 725 1937; x_wconf 54' lang='grc' dir='ltr'><strong>ἡ</strong></span> <span class='ocrx_word' id='word_1_133' title='bbox 997 1919 1013 1933; x_wconf 52' lang='lat' dir='ltr'>st</span> 
     </span>
     <span class='ocr_line' id='line_1_25' title="bbox 255 1991 794 2046; baseline -0.004 -13"><span class='ocrx_word' id='word_1_134' title='bbox 255 1992 541 2046; x_wconf 88' lang='grc' dir='ltr'>...σωρευόμενον</span> <span class='ocrx_word' id='word_1_135' title='bbox 564 1991 707 2044; x_wconf 85' lang='grc' dir='ltr'>μέγεθος</span> <span class='ocrx_word' id='word_1_136' title='bbox 714 2020 794 2031; x_wconf 87' lang='grc'><strong>.....</strong></span> 
     </span>
     <span class='ocr_line' id='line_1_26' title="bbox 415 2095 1016 2115; baseline -0.005 -3"><span class='ocrx_word' id='word_1_137' title='bbox 415 2098 431 2112; x_wconf 59' lang='grc' dir='ltr'><strong>,ι</strong></span> <span class='ocrx_word' id='word_1_138' title='bbox 704 2099 720 2115; x_wconf 55' lang='lat' dir='ltr'><strong>‚f</strong></span> <span class='ocrx_word' id='word_1_139' title='bbox 1000 2095 1016 2109; x_wconf 49' lang='grc' dir='ltr'>κ</span> 
     </span>
    </p>
   </div>
   <div class='ocr_carea' id='block_1_11' title="bbox 253 2166 1208 2638">
    <p class='ocr_par' dir='ltr' id='par_1_12' title="bbox 253 2166 1207 2460">
     <span class='ocr_line' id='line_1_27' title="bbox 256 2166 1207 2220; baseline -0.005 -11"><span class='ocrx_word' id='word_1_140' title='bbox 256 2196 1022 2211; x_wconf 87' lang='grc'><strong>..................</strong></span> <span class='ocrx_word' id='word_1_141' title='bbox 1041 2166 1207 2220; x_wconf 81' lang='grc' dir='ltr'>(δέρκευ)</span> 
     </span>
     <span class='ocr_line' id='line_1_28' title="bbox 258 2225 1202 2282; baseline -0.005 -13"><span class='ocrx_word' id='word_1_142' title='bbox 258 2233 383 2269; x_wconf 80' lang='grc' dir='ltr'>τοῦτον</span> <span class='ocrx_word' id='word_1_143' title='bbox 405 2228 468 2281; x_wconf 83' lang='grc' dir='ltr'><strong>μὲν</strong></span> <span class='ocrx_word' id='word_1_144' title='bbox 493 2228 648 2282; x_wconf 83' lang='grc' dir='ltr'>βροτέων</span> <span class='ocrx_word' id='word_1_145' title='bbox 672 2226 807 2279; x_wconf 86' lang='grc' dir='ltr'>μελέων</span> <span class='ocrx_word' id='word_1_146' title='bbox 829 2225 1044 2280; x_wconf 83' lang='grc' dir='ltr'>ἀριδείκετον</span> <span class='ocrx_word' id='word_1_147' title='bbox 1075 2226 1202 2279; x_wconf 84' lang='grc' dir='ltr'>ὄγκον,</span> 
     </span>
     <span class='ocr_line' id='line_1_29' title="bbox 255 2285 1207 2342; baseline -0.004 -14"><span class='ocrx_word' id='word_1_148' title='bbox 255 2289 380 2328; x_wconf 86' lang='grc' dir='ltr'>ἄλλοτε</span> <span class='ocrx_word' id='word_1_149' title='bbox 403 2287 466 2341; x_wconf 79' lang='grc' dir='ltr'><strong>μὲν</strong></span> <span class='ocrx_word' id='word_1_150' title='bbox 488 2287 653 2342; x_wconf 83' lang='grc' dir='ltr'>φιλότητι</span> <span class='ocrx_word' id='word_1_151' title='bbox 674 2285 903 2340; x_wconf 84' lang='grc' dir='ltr'>συνερχόμεν’</span> <span class='ocrx_word' id='word_1_152' title='bbox 927 2288 976 2331; x_wconf 86' lang='grc' dir='ltr'><strong>εἷς</strong></span> <span class='ocrx_word' id='word_1_153' title='bbox 1004 2285 1041 2325; x_wconf 83' lang='grc' dir='ltr'><strong>ἓν</strong></span> <span class='ocrx_word' id='word_1_154' title='bbox 1065 2287 1207 2325; x_wconf 87' lang='grc' dir='ltr'>ἅπαντα</span> 
     </span>
     <span class='ocr_line' id='line_1_30' title="bbox 253 2346 1207 2401; baseline -0.004 -13"><span class='ocrx_word' id='word_1_155' title='bbox 253 2347 410 2401; x_wconf 76' lang='grc' dir='ltr'>γυῖα,τὰ</span> <span class='ocrx_word' id='word_1_156' title='bbox 430 2350 536 2397; x_wconf 81' lang='grc' dir='ltr'>σῶμα</span> <span class='ocrx_word' id='word_1_157' title='bbox 554 2348 717 2401; x_wconf 82' lang='grc' dir='ltr'>λέλογχε,</span> <span class='ocrx_word' id='word_1_158' title='bbox 730 2347 805 2399; x_wconf 90' lang='grc' dir='ltr'>βίου</span> <span class='ocrx_word' id='word_1_159' title='bbox 824 2346 1027 2385; x_wconf 87' lang='grc' dir='ltr'>θαλέθουσιν</span> <span class='ocrx_word' id='word_1_160' title='bbox 1043 2347 1077 2385; x_wconf 86' lang='grc' dir='ltr'><strong>ἐν</strong></span> <span class='ocrx_word' id='word_1_161' title='bbox 1095 2348 1207 2399; x_wconf 75' lang='grc' dir='ltr'>ἀκμῇ·</span> 
     </span>
     <span class='ocr_line' id='line_1_31' title="bbox 256 2400 1111 2460; baseline -0.005 -13"><span class='ocrx_word' id='word_1_162' title='bbox 256 2408 383 2447; x_wconf 79' lang='grc' dir='ltr'>ἄλλοτε</span> <span class='ocrx_word' id='word_1_163' title='bbox 400 2406 432 2446; x_wconf 78' lang='grc' dir='ltr'><strong>δ’</strong></span> <span class='ocrx_word' id='word_1_164' title='bbox 453 2400 538 2446; x_wconf 70' lang='grc' dir='ltr'>αῧτε</span> <span class='ocrx_word' id='word_1_165' title='bbox 558 2409 692 2460; x_wconf 80' lang='grc' dir='ltr'>κακῇσι</span> <span class='ocrx_word' id='word_1_166' title='bbox 708 2405 934 2457; x_wconf 86' lang='grc' dir='ltr'>διατμηθέντ’</span> <span class='ocrx_word' id='word_1_167' title='bbox 955 2404 1111 2458; x_wconf 88' lang='grc' dir='ltr'>ἐρίδεσσι</span> 
     </span>
    </p>

    <p class='ocr_par' dir='ltr' id='par_1_13' title="bbox 254 2464 1108 2519">
     <span class='ocr_line' id='line_1_32' title="bbox 254 2464 1108 2519; baseline 0.001 -14"><span class='ocrx_word' id='word_1_168' title='bbox 254 2467 428 2512; x_wconf 80' lang='grc' dir='ltr'>πλάζεται</span> <span class='ocrx_word' id='word_1_169' title='bbox 444 2465 558 2519; x_wconf 66' lang='grc' dir='ltr'>«ἔνδιχ’</span> <span class='ocrx_word' id='word_1_170' title='bbox 579 2464 714 2505; x_wconf 77' lang='grc' dir='ltr'>ἕκαστα</span> <span class='ocrx_word' id='word_1_171' title='bbox 734 2464 816 2517; x_wconf 77' lang='grc' dir='ltr'>περὶ</span> <span class='ocrx_word' id='word_1_172' title='bbox 837 2468 983 2518; x_wconf 79' lang='grc' dir='ltr'>ῥηγμῖνι</span> <span class='ocrx_word' id='word_1_173' title='bbox 1005 2464 1108 2518; x_wconf 85' lang='grc' dir='ltr'>βίοιο.</span> 
     </span>
    </p>

    <p class='ocr_par' dir='ltr' id='par_1_14' title="bbox 255 2524 1208 2638">
     <span class='ocr_line' id='line_1_33' title="bbox 255 2524 1208 2578; baseline -0.003 -13"><span class='ocrx_word' id='word_1_174' title='bbox 255 2525 323 2570; x_wconf 84' lang='grc' dir='ltr'>Ὣς</span> <span class='ocrx_word' id='word_1_175' title='bbox 335 2526 365 2564; x_wconf 86' lang='grc' dir='ltr'><strong>δ’</strong></span> <span class='ocrx_word' id='word_1_176' title='bbox 388 2525 502 2570; x_wconf 85' lang='grc' dir='ltr'>αὔτως</span> <span class='ocrx_word' id='word_1_177' title='bbox 521 2525 685 2576; x_wconf 82' lang='grc' dir='ltr'>θάμνοισι</span> <span class='ocrx_word' id='word_1_178' title='bbox 700 2524 760 2564; x_wconf 80' lang='grc' dir='ltr'><strong>καὶ</strong></span> <span class='ocrx_word' id='word_1_179' title='bbox 780 2524 916 2578; x_wconf 74' lang='grc' dir='ltr'>ἰχθύσιν</span> <span class='ocrx_word' id='word_1_180' title='bbox 933 2524 1208 2576; x_wconf 75' lang='grc' dir='ltr'>ὓδρομελάθροις</span> 
     </span>
     <span class='ocr_line' id='line_1_34' title="bbox 257 2582 1203 2638; baseline -0.003 -15"><span class='ocrx_word' id='word_1_181' title='bbox 257 2584 362 2638; x_wconf 85' lang='grc' dir='ltr'>θηρσί</span> <span class='ocrx_word' id='word_1_182' title='bbox 374 2585 404 2623; x_wconf 89' lang='grc' dir='ltr'><strong>τ’</strong></span> <span class='ocrx_word' id='word_1_183' title='bbox 425 2582 687 2637; x_wconf 81' lang='grc' dir='ltr'>ὄρειλεχέεσσιν</span> <span class='ocrx_word' id='word_1_184' title='bbox 705 2583 757 2622; x_wconf 82' lang='grc' dir='ltr'><strong>ἰδὲ</strong></span> <span class='ocrx_word' id='word_1_185' title='bbox 772 2582 1017 2636; x_wconf 73' lang='grc' dir='ltr'>πτεροὸήμοσι</span> <span class='ocrx_word' id='word_1_186' title='bbox 1035 2583 1203 2634; x_wconf 71' lang='grc' dir='ltr'>κύμὸαις.</span> 
     </span>
    </p>
   </div>
   <div class='ocr_carea' id='block_1_12' title="bbox 176 2422 227 2448">
    <p class='ocr_par' dir='ltr' id='par_1_15' title="bbox 176 2422 227 2448">
     <span class='ocr_line' id='line_1_35' title="bbox 176 2422 227 2448; baseline 0 0"><span class='ocrx_word' id='word_1_187' title='bbox 176 2422 227 2448; x_wconf 79' lang='lat'><strong>185</strong></span> 
     </span>
    </p>
   </div>
   <div class='ocr_carea' id='block_1_13' title="bbox 420 2687 1017 2707">
    <p class='ocr_par' dir='ltr' id='par_1_16' title="bbox 420 2687 1017 2707">
     <span class='ocr_line' id='line_1_36' title="bbox 420 2687 1017 2707; baseline 0.002 -2"><span class='ocrx_word' id='word_1_188' title='bbox 420 2689 438 2706; x_wconf 52' lang='grc' dir='ltr'><strong><em>ἡ</em></strong></span> <span class='ocrx_word' id='word_1_189' title='bbox 709 2687 727 2704; x_wconf 74' lang='lat'><strong>*</strong></span> <span class='ocrx_word' id='word_1_190' title='bbox 1001 2687 1017 2707; x_wconf 52' lang='grc' dir='ltr'><strong>ἴ</strong></span> 
     </span>
    </p>
   </div>
   <div class='ocr_carea' id='block_1_14' title="bbox 259 2755 1216 3587">
    <p class='ocr_par' dir='ltr' id='par_1_17' title="bbox 259 2755 1210 2931">
     <span class='ocr_line' id='line_1_37' title="bbox 259 2755 1210 2812; baseline -0.006 -13"><span class='ocrx_word' id='word_1_191' title='bbox 259 2758 383 2812; x_wconf 79' lang='grc' dir='ltr'>Αὐτὰρ</span> <span class='ocrx_word' id='word_1_192' title='bbox 393 2757 461 2811; x_wconf 84' lang='grc' dir='ltr'><strong>ἐγὼ</strong></span> <span class='ocrx_word' id='word_1_193' title='bbox 475 2757 685 2811; x_wconf 82' lang='grc' dir='ltr'>παλίνορσος</span> <span class='ocrx_word' id='word_1_194' title='bbox 701 2757 892 2808; x_wconf 80' lang='grc' dir='ltr'>ἐλεύσομαι</span> <span class='ocrx_word' id='word_1_195' title='bbox 912 2758 945 2801; x_wconf 89' lang='grc' dir='ltr'>ἐς</span> <span class='ocrx_word' id='word_1_196' title='bbox 958 2755 1065 2810; x_wconf 79' lang='grc' dir='ltr'>πόρον</span> <span class='ocrx_word' id='word_1_197' title='bbox 1077 2755 1210 2808; x_wconf 72' lang='grc' dir='ltr'>ὕμνων,</span> 
     </span>
     <span class='ocr_line' id='line_1_38' title="bbox 263 2815 1210 2872; baseline -0.005 -13"><span class='ocrx_word' id='word_1_198' title='bbox 263 2819 322 2859; x_wconf 81' lang='grc' dir='ltr'><strong>τὸν</strong></span> <span class='ocrx_word' id='word_1_199' title='bbox 343 2819 511 2872; x_wconf 83' lang='grc' dir='ltr'>πρότερον</span> <span class='ocrx_word' id='word_1_200' title='bbox 534 2818 720 2866; x_wconf 84' lang='grc' dir='ltr'>κατέλεξα,</span> <span class='ocrx_word' id='word_1_201' title='bbox 740 2816 836 2871; x_wconf 83' lang='grc' dir='ltr'>λόγῳ</span> <span class='ocrx_word' id='word_1_202' title='bbox 859 2816 965 2868; x_wconf 91' lang='grc' dir='ltr'>λόγον</span> <span class='ocrx_word' id='word_1_203' title='bbox 989 2815 1210 2869; x_wconf 79' lang='grc' dir='ltr'>ἐποχετεύων</span> 
     </span>
     <span class='ocr_line' id='line_1_39' title="bbox 259 2875 1185 2931; baseline -0.004 -12"><span class='ocrx_word' id='word_1_204' title='bbox 259 2882 385 2919; x_wconf 91' lang='grc' dir='ltr'>κεῖνον.</span> <span class='ocrx_word' id='word_1_205' title='bbox 405 2877 508 2918; x_wconf 82' lang='grc' dir='ltr'>Ἐπεὶ</span> <span class='ocrx_word' id='word_1_206' title='bbox 527 2881 638 2922; x_wconf 86' lang='grc' dir='ltr'>νεῖκος</span> <span class='ocrx_word' id='word_1_207' title='bbox 658 2877 721 2928; x_wconf 82' lang='grc' dir='ltr'><strong>μὲν</strong></span> <span class='ocrx_word' id='word_1_208' title='bbox 742 2877 926 2931; x_wconf 88' lang='grc' dir='ltr'>ἐνέρτατον</span> <span class='ocrx_word' id='word_1_209' title='bbox 949 2875 1045 2916; x_wconf 74' lang='grc' dir='ltr'>ἵκετο</span> <span class='ocrx_word' id='word_1_210' title='bbox 1067 2877 1185 2929; x_wconf 87' lang='grc' dir='ltr'>βένθος</span> 
     </span>
    </p>

    <p class='ocr_par' dir='ltr' id='par_1_18' title="bbox 260 2936 1216 3530">
     <span class='ocr_line' id='line_1_40' title="bbox 261 2936 1203 2993; baseline -0.006 -14"><span class='ocrx_word' id='word_1_211' title='bbox 261 2939 373 2988; x_wconf 85' lang='grc' dir='ltr'>δίνης,</span> <span class='ocrx_word' id='word_1_212' title='bbox 396 2940 430 2977; x_wconf 88' lang='grc' dir='ltr'><strong>ἐν</strong></span> <span class='ocrx_word' id='word_1_213' title='bbox 453 2938 488 2977; x_wconf 80' lang='grc' dir='ltr'><strong>δὲ</strong></span> <span class='ocrx_word' id='word_1_214' title='bbox 512 2937 605 2991; x_wconf 77' lang='grc' dir='ltr'>μέση</span> <span class='ocrx_word' id='word_1_215' title='bbox 626 2936 769 2993; x_wconf 83' lang='grc' dir='ltr'>φιλότης</span> <span class='ocrx_word' id='word_1_216' title='bbox 784 2938 1015 2991; x_wconf 76' lang='grc' dir='ltr'>στροφάλιγγι</span> <span class='ocrx_word' id='word_1_217' title='bbox 1035 2936 1203 2988; x_wconf 86' lang='grc' dir='ltr'>γένηται,</span> 
     </span>
     <span class='ocr_line' id='line_1_41' title="bbox 261 2990 1209 3050; baseline -0.003 -14"><span class='ocrx_word' id='word_1_218' title='bbox 261 2998 329 3037; x_wconf 90' lang='grc' dir='ltr'>ἔνθ’</span> <span class='ocrx_word' id='word_1_219' title='bbox 350 2997 419 3046; x_wconf 87' lang='grc' dir='ltr'>ἤδη</span> <span class='ocrx_word' id='word_1_220' title='bbox 443 2997 526 3036; x_wconf 91' lang='grc' dir='ltr'>τάδε</span> <span class='ocrx_word' id='word_1_221' title='bbox 540 2997 657 3035; x_wconf 88' lang='grc' dir='ltr'>πάντα</span> <span class='ocrx_word' id='word_1_222' title='bbox 672 2995 906 3050; x_wconf 84' lang='grc' dir='ltr'>συνέρχεται,</span> <span class='ocrx_word' id='word_1_223' title='bbox 926 2996 962 3035; x_wconf 85' lang='grc' dir='ltr'><strong>ἓν</strong></span> <span class='ocrx_word' id='word_1_224' title='bbox 982 2995 1086 3047; x_wconf 91' lang='grc' dir='ltr'>μόνον</span> <span class='ocrx_word' id='word_1_225' title='bbox 1107 2990 1209 3043; x_wconf 72' lang='grc' dir='ltr'>εἶναι,</span> 
     </span>
     <span class='ocr_line' id='line_1_42' title="bbox 261 3055 1207 3110; baseline -0.002 -12"><span class='ocrx_word' id='word_1_226' title='bbox 261 3059 325 3098; x_wconf 77' lang='grc' dir='ltr'><strong>οὐκ</strong></span> <span class='ocrx_word' id='word_1_227' title='bbox 340 3056 699 3110; x_wconf 76' lang='grc' dir='ltr'>ἄφαρ,ἀλλ’ἐθελημὰ</span> <span class='ocrx_word' id='word_1_228' title='bbox 712 3057 936 3108; x_wconf 84' lang='grc' dir='ltr'>συνιστάμεν’</span> <span class='ocrx_word' id='word_1_229' title='bbox 947 3057 1092 3096; x_wconf 81' lang='grc' dir='ltr'>ἄλλοθεν</span> <span class='ocrx_word' id='word_1_230' title='bbox 1100 3055 1207 3096; x_wconf 87' lang='grc' dir='ltr'>ἄλλα.</span> 
     </span>
     <span class='ocr_line' id='line_1_43' title="bbox 260 3116 1211 3170; baseline -0.005 -12"><span class='ocrx_word' id='word_1_231' title='bbox 260 3120 343 3158; x_wconf 82' lang='grc' dir='ltr'><strong>Τῶν</strong></span> <span class='ocrx_word' id='word_1_232' title='bbox 363 3117 399 3156; x_wconf 87' lang='grc' dir='ltr'><strong>δέ</strong></span> <span class='ocrx_word' id='word_1_233' title='bbox 416 3133 455 3156; x_wconf 81' lang='grc' dir='ltr'><strong>τε</strong></span> <span class='ocrx_word' id='word_1_234' title='bbox 473 3117 698 3169; x_wconf 88' lang='grc' dir='ltr'>μισγομένων</span> <span class='ocrx_word' id='word_1_235' title='bbox 717 3118 807 3170; x_wconf 89' lang='grc' dir='ltr'>χεῑτ’</span> <span class='ocrx_word' id='word_1_236' title='bbox 826 3116 926 3155; x_wconf 87' lang='grc' dir='ltr'>ἔθνεα</span> <span class='ocrx_word' id='word_1_237' title='bbox 936 3116 1045 3170; x_wconf 87' lang='grc' dir='ltr'>μυρία</span> <span class='ocrx_word' id='word_1_238' title='bbox 1062 3117 1211 3163; x_wconf 83' lang='grc' dir='ltr'>θνητῶν,</span> 
     </span>
     <span class='ocr_line' id='line_1_44' title="bbox 263 3174 1210 3229; baseline -0.002 -13"><span class='ocrx_word' id='word_1_239' title='bbox 263 3175 380 3216; x_wconf 78' lang='grc' dir='ltr'>πολλὰ</span> <span class='ocrx_word' id='word_1_240' title='bbox 400 3176 431 3215; x_wconf 83' lang='grc' dir='ltr'><strong>δ’</strong></span> <span class='ocrx_word' id='word_1_241' title='bbox 444 3176 570 3229; x_wconf 80' lang='grc' dir='ltr'>ἄμιχθ’</span> <span class='ocrx_word' id='word_1_242' title='bbox 585 3174 712 3225; x_wconf 80' lang='grc' dir='ltr'>ἕστηκε</span> <span class='ocrx_word' id='word_1_243' title='bbox 733 3175 1014 3229; x_wconf 86' lang='grc' dir='ltr'>κεραιομένοισιν</span> <span class='ocrx_word' id='word_1_244' title='bbox 1035 3174 1210 3223; x_wconf 85' lang='grc' dir='ltr'>ἐναλλάξ,</span> 
     </span>
     <span class='ocr_line' id='line_1_45' title="bbox 263 3233 1212 3289; baseline -0.004 -14"><span class='ocrx_word' id='word_1_245' title='bbox 263 3234 521 3280; x_wconf 80' lang='grc' dir='ltr'>ὅσσ’ἔτινεῐκος</span> <span class='ocrx_word' id='word_1_246' title='bbox 535 3235 637 3289; x_wconf 86' lang='grc' dir='ltr'>ἔρυκε</span> <span class='ocrx_word' id='word_1_247' title='bbox 657 3235 861 3289; x_wconf 87' lang='grc' dir='ltr'>μετάρσιον·</span> <span class='ocrx_word' id='word_1_248' title='bbox 878 3236 916 3274; x_wconf 84' lang='grc' dir='ltr'><strong>οὗ</strong></span> <span class='ocrx_word' id='word_1_249' title='bbox 932 3234 1001 3288; x_wconf 82' lang='grc' dir='ltr'>γὰρ</span> <span class='ocrx_word' id='word_1_250' title='bbox 1019 3233 1083 3286; x_wconf 86' lang='grc' dir='ltr'><strong>ἅμ’</strong></span> <span class='ocrx_word' id='word_1_251' title='bbox 1102 3233 1212 3287; x_wconf 79' lang='grc' dir='ltr'>ἀμφὶς</span> 
     </span>
     <span class='ocr_line' id='line_1_46' title="bbox 265 3292 1212 3348; baseline -0.003 -13"><span class='ocrx_word' id='word_1_252' title='bbox 265 3296 322 3334; x_wconf 85' lang='grc' dir='ltr'>πὼ</span> <span class='ocrx_word' id='word_1_253' title='bbox 346 3302 417 3335; x_wconf 86' lang='grc' dir='ltr'><strong>πᾶν</strong></span> <span class='ocrx_word' id='word_1_254' title='bbox 441 3295 626 3345; x_wconf 80' lang='grc' dir='ltr'>ἐξέστηκεν</span> <span class='ocrx_word' id='word_1_255' title='bbox 643 3295 699 3335; x_wconf 84' lang='grc' dir='ltr'>ἐπ’</span> <span class='ocrx_word' id='word_1_256' title='bbox 722 3295 860 3348; x_wconf 82' lang='grc' dir='ltr'>ἔσχατα</span> <span class='ocrx_word' id='word_1_257' title='bbox 876 3294 1038 3348; x_wconf 80' lang='grc' dir='ltr'>τέρματα</span> <span class='ocrx_word' id='word_1_258' title='bbox 1062 3292 1212 3342; x_wconf 83' lang='grc' dir='ltr'>κύκλου,</span> 
     </span>
     <span class='ocr_line' id='line_1_47' title="bbox 267 3352 1216 3408; baseline -0.003 -14"><span class='ocrx_word' id='word_1_259' title='bbox 267 3354 411 3396; x_wconf 78' lang='grc' dir='ltr'>ἀλλὰτὰ</span> <span class='ocrx_word' id='word_1_260' title='bbox 425 3354 488 3407; x_wconf 90' lang='grc' dir='ltr'><strong>μέν</strong></span> <span class='ocrx_word' id='word_1_261' title='bbox 496 3354 527 3395; x_wconf 87' lang='grc' dir='ltr'><strong>τ’</strong></span> <span class='ocrx_word' id='word_1_262' title='bbox 541 3354 706 3408; x_wconf 85' lang='grc' dir='ltr'>ἐνέμιμνε</span> <span class='ocrx_word' id='word_1_263' title='bbox 720 3353 927 3404; x_wconf 83' lang='grc' dir='ltr'>μελέων,τὰ</span> <span class='ocrx_word' id='word_1_264' title='bbox 945 3353 982 3392; x_wconf 84' lang='grc' dir='ltr'><strong>δέ</strong></span> <span class='ocrx_word' id='word_1_265' title='bbox 998 3355 1030 3393; x_wconf 87' lang='grc' dir='ltr'><strong>τ’</strong></span> <span class='ocrx_word' id='word_1_266' title='bbox 1047 3352 1216 3400; x_wconf 74' lang='grc' dir='ltr'>ἐξεὸεὸή-</span> 
     </span>
     <span class='ocr_line' id='line_1_48' title="bbox 268 3411 1214 3468; baseline -0.006 -13"><span class='ocrx_word' id='word_1_267' title='bbox 268 3415 372 3455; x_wconf 73' lang='grc' dir='ltr'>ὅσσον</span> <span class='ocrx_word' id='word_1_268' title='bbox 387 3416 417 3454; x_wconf 81' lang='grc' dir='ltr'><strong>δ’</strong></span> <span class='ocrx_word' id='word_1_269' title='bbox 436 3413 510 3454; x_wconf 82' lang='grc' dir='ltr'>αἷὲν</span> <span class='ocrx_word' id='word_1_270' title='bbox 530 3413 777 3468; x_wconf 78' lang='grc' dir='ltr'>ὃπεκπροθέοι,</span> <span class='ocrx_word' id='word_1_271' title='bbox 797 3413 899 3454; x_wconf 88' lang='grc' dir='ltr'>τόσον</span> <span class='ocrx_word' id='word_1_272' title='bbox 922 3413 995 3452; x_wconf 84' lang='grc' dir='ltr'>αἰὲν</span> <span class='ocrx_word' id='word_1_273' title='bbox 1016 3411 1118 3465; x_wconf 76' lang='grc' dir='ltr'>ἐπῄει</span> <span class='ocrx_word' id='word_1_274' title='bbox 1132 3412 1214 3464; x_wconf 68' lang='grc' dir='ltr'>[κεν</span> 
     </span>
     <span class='ocr_line' id='line_1_49' title="bbox 269 3471 1184 3530; baseline -0.001 -19"><span class='ocrx_word' id='word_1_275' title='bbox 269 3472 452 3528; x_wconf 83' lang='grc' dir='ltr'>ἠπιόφρων</span> <span class='ocrx_word' id='word_1_276' title='bbox 468 3472 653 3527; x_wconf 78' lang='grc' dir='ltr'>φιλότητος</span> <span class='ocrx_word' id='word_1_277' title='bbox 674 3473 857 3527; x_wconf 75' lang='grc' dir='ltr'>ἀμεμφέος</span> <span class='ocrx_word' id='word_1_278' title='bbox 877 3472 1056 3524; x_wconf 78' lang='grc' dir='ltr'>ἄμ6ροτος</span> <span class='ocrx_word' id='word_1_279' title='bbox 1075 3471 1184 3530; x_wconf 67' lang='grc' dir='ltr'>ὁρμή.</span> 
     </span>
    </p>

    <p class='ocr_par' dir='ltr' id='par_1_19' title="bbox 267 3525 1214 3587">
     <span class='ocr_line' id='line_1_50' title="bbox 267 3525 1214 3587; baseline -0.004 -13"><span class='ocrx_word' id='word_1_280' title='bbox 267 3526 369 3587; x_wconf 59' lang='grc' dir='ltr'>Αῗψα</span> <span class='ocrx_word' id='word_1_281' title='bbox 378 3533 412 3572; x_wconf 82' lang='grc' dir='ltr'><strong>δὲ</strong></span> <span class='ocrx_word' id='word_1_282' title='bbox 423 3532 678 3587; x_wconf 64' lang='grc' dir='ltr'>θνήτ’ἐρύοντο,</span> <span class='ocrx_word' id='word_1_283' title='bbox 687 3533 731 3572; x_wconf 81' lang='grc' dir='ltr'>τόι</span> <span class='ocrx_word' id='word_1_284' title='bbox 740 3533 820 3586; x_wconf 83' lang='grc' dir='ltr'>πρὶν</span> <span class='ocrx_word' id='word_1_285' title='bbox 830 3533 940 3584; x_wconf 89' lang='grc' dir='ltr'>μάθον</span> <span class='ocrx_word' id='word_1_286' title='bbox 953 3531 1098 3571; x_wconf 80' lang='grc' dir='ltr'>ἀθάνατ’</span> <span class='ocrx_word' id='word_1_287' title='bbox 1109 3525 1157 3570; x_wconf 68' lang='grc' dir='ltr'><strong>εἶν</strong></span> <span class='ocrx_word' id='word_1_288' title='bbox 1165 3547 1214 3580; x_wconf 86' lang='grc' dir='ltr'><strong>αι,</strong></span> 
     </span>
    </p>
   </div>
   <div class='ocr_carea' id='block_1_15' title="bbox 183 2835 235 2861">
    <p class='ocr_par' dir='ltr' id='par_1_20' title="bbox 183 2835 235 2861">
     <span class='ocr_line' id='line_1_51' title="bbox 183 2835 235 2861; baseline -0.019 0"><span class='ocrx_word' id='word_1_289' title='bbox 183 2835 235 2861; x_wconf 78' lang='lat'><strong>190</strong></span> 
     </span>
    </p>
   </div>
   <div class='ocr_carea' id='block_1_16' title="bbox 183 3134 234 3159">
    <p class='ocr_par' dir='ltr' id='par_1_21' title="bbox 183 3134 234 3159">
     <span class='ocr_line' id='line_1_52' title="bbox 183 3134 234 3159; baseline -0.02 0"><span class='ocrx_word' id='word_1_290' title='bbox 183 3134 234 3159; x_wconf 74' lang='lat'><strong>195</strong></span> 
     </span>
    </p>
   </div>
   <div class='ocr_carea' id='block_1_17' title="bbox 1253 383 2204 484">
    <p class='ocr_par' dir='ltr' id='par_1_22' title="bbox 1253 383 2204 484">
     <span class='ocr_line' id='line_1_53' title="bbox 1253 383 2204 426; baseline -0.002 -7"><span class='ocrx_word' id='word_1_291' title='bbox 1253 386 1397 426; x_wconf 76' lang='lat' dir='ltr'>vorticis,</span> <span class='ocrx_word' id='word_1_292' title='bbox 1422 385 1633 425; x_wconf 89' lang='lat' dir='ltr'><strong>mediumque</strong></span> <span class='ocrx_word' id='word_1_293' title='bbox 1647 383 1681 416; x_wconf 90' lang='lat' dir='ltr'><strong>in</strong></span> <span class='ocrx_word' id='word_1_294' title='bbox 1696 383 1830 425; x_wconf 84' lang='lat' dir='ltr'>globum</span> <span class='ocrx_word' id='word_1_295' title='bbox 1848 384 1992 417; x_wconf 86' lang='lat' dir='ltr'><strong>amicitia</strong></span> <span class='ocrx_word' id='word_1_296' title='bbox 2005 385 2204 426; x_wconf 86' lang='lat' dir='ltr'><strong>penetravit,</strong></span> 
     </span>
     <span class='ocr_line' id='line_1_54' title="bbox 1253 443 1966 484; baseline -0.003 -6"><span class='ocrx_word' id='word_1_297' title='bbox 1253 448 1322 478; x_wconf 89' lang='lat' dir='ltr'><strong>tum</strong></span> <span class='ocrx_word' id='word_1_298' title='bbox 1342 445 1411 477; x_wconf 83' lang='lat' dir='ltr'><strong>liaec</strong></span> <span class='ocrx_word' id='word_1_299' title='bbox 1424 445 1532 476; x_wconf 91' lang='lat' dir='ltr'><strong>omnia</strong></span> <span class='ocrx_word' id='word_1_300' title='bbox 1551 443 1586 476; x_wconf 90' lang='lat' dir='ltr'><strong>in</strong></span> <span class='ocrx_word' id='word_1_301' title='bbox 1604 452 1707 475; x_wconf 89' lang='lat' dir='ltr'><strong>unum</strong></span> <span class='ocrx_word' id='word_1_302' title='bbox 1722 443 1814 484; x_wconf 89' lang='lat' dir='ltr'><strong>plane</strong></span> <span class='ocrx_word' id='word_1_303' title='bbox 1835 444 1966 476; x_wconf 74' lang='lat' dir='ltr'><strong>coeunt.</strong></span> 
     </span>
    </p>
   </div>
   <div class='ocr_carea' id='block_1_18' title="bbox 1484 545 2080 563">
    <p class='ocr_par' dir='ltr' id='par_1_23' title="bbox 1484 545 2080 563">
     <span class='ocr_line' id='line_1_55' title="bbox 1484 545 2080 563; baseline 0 0"><span class='ocrx_word' id='word_1_304' title='bbox 1484 545 1501 563; x_wconf 56' lang='lat' dir='ltr'><strong>t</strong></span> <span class='ocrx_word' id='word_1_305' title='bbox 1773 545 1792 562; x_wconf 56' lang='grc' dir='ltr'><strong>’ἡ</strong></span> <span class='ocrx_word' id='word_1_306' title='bbox 2065 545 2080 563; x_wconf 64' lang='lat'><strong>⁴*</strong></span> 
     </span>
    </p>
   </div>
   <div class='ocr_carea' id='block_1_19' title="bbox 1253 621 2188 785">
    <p class='ocr_par' dir='ltr' id='par_1_24' title="bbox 1253 621 2188 785">
     <span class='ocr_line' id='line_1_56' title="bbox 1253 621 2166 665; baseline -0.004 -8"><span class='ocrx_word' id='word_1_307' title='bbox 1253 634 1312 657; x_wconf 92' lang='lat' dir='ltr'><strong>nec</strong></span> <span class='ocrx_word' id='word_1_308' title='bbox 1331 623 1508 665; x_wconf 82' lang='lat' dir='ltr'><strong>quidquam</strong></span> <span class='ocrx_word' id='word_1_309' title='bbox 1532 622 1671 655; x_wconf 86' lang='lat' dir='ltr'><strong>universi</strong></span> <span class='ocrx_word' id='word_1_310' title='bbox 1685 631 1824 655; x_wconf 89' lang='lat' dir='ltr'><strong>vacuum</strong></span> <span class='ocrx_word' id='word_1_311' title='bbox 1838 623 1887 655; x_wconf 90' lang='lat' dir='ltr'><strong>est</strong></span> <span class='ocrx_word' id='word_1_312' title='bbox 1909 630 1968 654; x_wconf 85' lang='lat' dir='ltr'><strong>nec</strong></span> <span class='ocrx_word' id='word_1_313' title='bbox 1981 621 2166 661; x_wconf 87' lang='lat' dir='ltr'><strong>abundans,</strong></span> 
     </span>
     <span class='ocr_line' id='line_1_57' title="bbox 1254 674 2188 724; baseline -0.003 -7"><span class='ocrx_word' id='word_1_314' title='bbox 1254 684 1310 717; x_wconf 88' lang='lat' dir='ltr'><strong>sed</strong></span> <span class='ocrx_word' id='word_1_315' title='bbox 1328 684 1382 716; x_wconf 91' lang='lat' dir='ltr'><strong>illa</strong></span> <span class='ocrx_word' id='word_1_316' title='bbox 1396 683 1524 716; x_wconf 89' lang='lat' dir='ltr'><strong>exstitit</strong></span> <span class='ocrx_word' id='word_1_317' title='bbox 1543 682 1688 724; x_wconf 91' lang='lat' dir='ltr'><strong>undique</strong></span> <span class='ocrx_word' id='word_1_318' title='bbox 1706 674 1842 724; x_wconf 82' lang='lat' dir='ltr'><strong>aequalis</strong></span> <span class='ocrx_word' id='word_1_319' title='bbox 1858 686 1890 714; x_wconf 90' lang='lat' dir='ltr'><strong>et</strong></span> <span class='ocrx_word' id='word_1_320' title='bbox 1906 682 2038 714; x_wconf 91' lang='lat' dir='ltr'><strong>omnino</strong></span> <span class='ocrx_word' id='word_1_321' title='bbox 2061 682 2188 714; x_wconf 78' lang='lat' dir='ltr'><strong>infinita</strong></span> 
     </span>
     <span class='ocr_line' id='line_1_58' title="bbox 1255 741 2122 785; baseline -0.003 -9"><span class='ocrx_word' id='word_1_322' title='bbox 1255 744 1382 785; x_wconf 82' lang='lat' dir='ltr'><strong>sphaera</strong></span> <span class='ocrx_word' id='word_1_323' title='bbox 1398 742 1555 782; x_wconf 88' lang='lat' dir='ltr'><strong>rotunda,</strong></span> <span class='ocrx_word' id='word_1_324' title='bbox 1573 742 1663 774; x_wconf 91' lang='lat' dir='ltr'><strong>omni</strong></span> <span class='ocrx_word' id='word_1_325' title='bbox 1679 751 1717 775; x_wconf 84' lang='lat' dir='ltr'><strong>ex</strong></span> <span class='ocrx_word' id='word_1_326' title='bbox 1738 746 1830 784; x_wconf 86' lang='lat' dir='ltr'><strong>parte</strong></span> <span class='ocrx_word' id='word_1_327' title='bbox 1844 742 1953 783; x_wconf 87' lang='lat' dir='ltr'><strong>quiete</strong></span> <span class='ocrx_word' id='word_1_328' title='bbox 1969 741 2122 782; x_wconf 84' lang='lat' dir='ltr'><strong>gaudens.</strong></span> 
     </span>
    </p>
   </div>
   <div class='ocr_carea' id='block_1_20' title="bbox 1485 842 2086 861">
    <p class='ocr_par' dir='ltr' id='par_1_25' title="bbox 1485 842 2086 861">
     <span class='ocr_line' id='line_1_59' title="bbox 1485 842 2086 861; baseline -0.005 0"><span class='ocrx_word' id='word_1_329' title='bbox 1485 842 1504 861; x_wconf 47' lang='grc' dir='ltr'><strong>ᾗ</strong></span> <span class='ocrx_word' id='word_1_330' title='bbox 1776 842 1794 859; x_wconf 76' lang='lat'><strong>*</strong></span> <span class='ocrx_word' id='word_1_331' title='bbox 2068 842 2086 858; x_wconf 53' lang='grc' dir='ltr'><strong>’ἡ</strong></span> 
     </span>
    </p>
   </div>
   <div class='ocr_carea' id='block_1_21' title="bbox 1256 919 2089 1040">
    <p class='ocr_par' dir='ltr' id='par_1_26' title="bbox 1256 919 2089 1040">
     <span class='ocr_line' id='line_1_60' title="bbox 1256 919 1957 961; baseline -0.004 -7"><span class='ocrx_word' id='word_1_332' title='bbox 1256 921 1305 954; x_wconf 91' lang='lat' dir='ltr'><strong>Ibi</strong></span> <span class='ocrx_word' id='word_1_333' title='bbox 1323 930 1382 954; x_wconf 87' lang='lat' dir='ltr'><strong>nec</strong></span> <span class='ocrx_word' id='word_1_334' title='bbox 1395 921 1472 953; x_wconf 85' lang='lat' dir='ltr'><strong>solis</strong></span> <span class='ocrx_word' id='word_1_335' title='bbox 1489 920 1610 953; x_wconf 91' lang='lat' dir='ltr'><strong>velocia</strong></span> <span class='ocrx_word' id='word_1_336' title='bbox 1636 920 1698 952; x_wconf 90' lang='lat' dir='ltr'><strong>tela</strong></span> <span class='ocrx_word' id='word_1_337' title='bbox 1715 919 1957 961; x_wconf 86' lang='lat' dir='ltr'><strong>dignoscuntur.</strong></span> 
     </span>
     <span class='ocr_line' id='line_1_61' title="bbox 1490 1022 2089 1040; baseline -0.005 0"><span class='ocrx_word' id='word_1_338' title='bbox 1490 1022 1508 1040; x_wconf 71' lang='lat'><em>*</em></span> <span class='ocrx_word' id='word_1_339' title='bbox 1781 1023 1798 1038; x_wconf 61' lang='lat'><strong>*⁷</strong></span> <span class='ocrx_word' id='word_1_340' title='bbox 2074 1022 2089 1040; x_wconf 60' lang='lat' dir='ltr'>st</span> 
     </span>
    </p>
   </div>
   <div class='ocr_carea' id='block_1_22' title="bbox 1259 1100 2319 1261">
    <p class='ocr_par' dir='ltr' id='par_1_27' title="bbox 1259 1100 2319 1261">
     <span class='ocr_line' id='line_1_62' title="bbox 1260 1100 1573 1142; baseline 0 -10"><span class='ocrx_word' id='word_1_341' title='bbox 1260 1100 1464 1142; x_wconf 88' lang='lat' dir='ltr'><strong>(rotundum</strong></span> <span class='ocrx_word' id='word_1_342' title='bbox 1482 1100 1573 1142; x_wconf 85' lang='lat' dir='ltr'><strong>erat)</strong></span> 
     </span>
     <span class='ocr_line' id='line_1_63' title="bbox 1259 1159 2308 1201; baseline 0 -9"><span class='ocrx_word' id='word_1_343' title='bbox 1259 1169 1407 1193; x_wconf 87' lang='lat' dir='ltr'><strong>seorsum</strong></span> <span class='ocrx_word' id='word_1_344' title='bbox 1423 1168 1520 1192; x_wconf 91' lang='lat' dir='ltr'><strong>omne</strong></span> <span class='ocrx_word' id='word_1_345' title='bbox 1534 1168 1651 1201; x_wconf 86' lang='lat' dir='ltr'><strong>grave,</strong></span> <span class='ocrx_word' id='word_1_346' title='bbox 1670 1167 1816 1191; x_wconf 89' lang='lat' dir='ltr'><strong>seorsum</strong></span> <span class='ocrx_word' id='word_1_347' title='bbox 1836 1168 1934 1191; x_wconf 89' lang='lat' dir='ltr'><strong>omne</strong></span> <span class='ocrx_word' id='word_1_348' title='bbox 1951 1159 2022 1191; x_wconf 92' lang='lat' dir='ltr'><strong>leve</strong></span> <span class='ocrx_word' id='word_1_349' title='bbox 2048 1159 2241 1201; x_wconf 82' lang='lat' dir='ltr'>(Discordia</span> <span class='ocrx_word' id='word_1_350' title='bbox 2265 1169 2308 1201; x_wconf 91' lang='lat' dir='ltr'><strong>po</strong></span> 
     </span>
     <span class='ocr_line' id='line_1_64' title="bbox 1259 1217 2319 1261; baseline -0.002 -9"><span class='ocrx_word' id='word_1_351' title='bbox 1259 1220 1302 1252; x_wconf 93' lang='lat' dir='ltr'><strong>ibi</strong></span> <span class='ocrx_word' id='word_1_352' title='bbox 1323 1228 1382 1252; x_wconf 86' lang='lat' dir='ltr'><strong>nec</strong></span> <span class='ocrx_word' id='word_1_353' title='bbox 1399 1219 1475 1252; x_wconf 90' lang='lat' dir='ltr'><strong>solis</strong></span> <span class='ocrx_word' id='word_1_354' title='bbox 1494 1217 1662 1261; x_wconf 88' lang='lat' dir='ltr'><strong>splendida</strong></span> <span class='ocrx_word' id='word_1_355' title='bbox 1681 1218 1779 1251; x_wconf 79' lang='lat' dir='ltr'><strong>facies</strong></span> <span class='ocrx_word' id='word_1_356' title='bbox 1801 1222 1957 1260; x_wconf 83' lang='lat' dir='ltr'><strong>apparet,</strong></span> <span class='ocrx_word' id='word_1_357' title='bbox 2193 1218 2319 1261; x_wconf 86' lang='lat' dir='ltr'><strong>[suit);</strong></span> 
     </span>
    </p>
   </div>
   <div class='ocr_carea' id='block_1_23' title="bbox 1260 1277 2322 1370">
    <p class='ocr_par' dir='ltr' id='par_1_28' title="bbox 1260 1277 2322 1370">
     <span class='ocr_line' id='line_1_65' title="bbox 1260 1277 2024 1319; baseline -0.001 -10"><span class='ocrx_word' id='word_1_358' title='bbox 1260 1287 1364 1319; x_wconf 88' lang='lat' dir='ltr'><strong>neque</strong></span> <span class='ocrx_word' id='word_1_359' title='bbox 1386 1277 1544 1310; x_wconf 87' lang='lat' dir='ltr'><strong>hirsutum</strong></span> <span class='ocrx_word' id='word_1_360' title='bbox 1560 1279 1653 1309; x_wconf 82' lang='lat' dir='ltr'><strong>terrae</strong></span> <span class='ocrx_word' id='word_1_361' title='bbox 1666 1285 1782 1318; x_wconf 89' lang='lat' dir='ltr'><strong>eorpus</strong></span> <span class='ocrx_word' id='word_1_362' title='bbox 1798 1285 1903 1317; x_wconf 90' lang='lat' dir='ltr'><strong>neque</strong></span> <span class='ocrx_word' id='word_1_363' title='bbox 1923 1285 2024 1308; x_wconf 87' lang='lat' dir='ltr'><strong>marc.</strong></span> 
     </span>
     <span class='ocr_line' id='line_1_66' title="bbox 1260 1328 2322 1370; baseline 0 -8"><span class='ocrx_word' id='word_1_364' title='bbox 1260 1330 1456 1363; x_wconf 84' lang='lat' dir='ltr'>Universum</span> <span class='ocrx_word' id='word_1_365' title='bbox 1477 1329 1564 1362; x_wconf 90' lang='lat' dir='ltr'><strong>enim</strong></span> <span class='ocrx_word' id='word_1_366' title='bbox 1581 1328 1759 1362; x_wconf 85' lang='lat' dir='ltr'><strong>inimicitiae</strong></span> <span class='ocrx_word' id='word_1_367' title='bbox 1774 1329 1906 1370; x_wconf 90' lang='lat' dir='ltr'><strong>plenum</strong></span> <span class='ocrx_word' id='word_1_368' title='bbox 1929 1330 2000 1361; x_wconf 90' lang='lat' dir='ltr'><strong>erat</strong></span> <span class='ocrx_word' id='word_1_369' title='bbox 2022 1329 2054 1361; x_wconf 91' lang='lat' dir='ltr'><strong>et</strong></span> <span class='ocrx_word' id='word_1_370' title='bbox 2068 1328 2186 1362; x_wconf 89' lang='lat' dir='ltr'><strong>amoris</strong></span> <span class='ocrx_word' id='word_1_371' title='bbox 2207 1338 2322 1370; x_wconf 77' lang='lat' dir='ltr'>expers</span> 
     </span>
    </p>
   </div>
   <div class='ocr_carea' id='block_1_24' title="bbox 1492 1387 2324 1466">
    <p class='ocr_par' dir='ltr' id='par_1_29' title="bbox 1492 1387 2324 1466">
     <span class='ocr_line' id='line_1_67' title="bbox 1878 1387 2324 1431; baseline 0.002 -10"><span class='ocrx_word' id='word_1_372' title='bbox 1878 1387 1923 1431; x_wconf 83' lang='lat' dir='ltr'><strong>[et</strong></span> <span class='ocrx_word' id='word_1_373' title='bbox 1941 1388 2156 1430; x_wconf 83' lang='lat' dir='ltr'><strong>permixtione</strong></span> <span class='ocrx_word' id='word_1_374' title='bbox 2173 1398 2324 1422; x_wconf 82' lang='lat' dir='ltr'><strong>vacuum.</strong></span> 
     </span>
     <span class='ocr_line' id='line_1_68' title="bbox 1492 1449 2093 1466; baseline 0 0"><span class='ocrx_word' id='word_1_375' title='bbox 1492 1449 1510 1466; x_wconf 51' lang='grc' dir='ltr'><strong><em>ἡ</em></strong></span> <span class='ocrx_word' id='word_1_376' title='bbox 1782 1449 1800 1466; x_wconf 68' lang='lat'><strong>⁴*</strong></span> <span class='ocrx_word' id='word_1_377' title='bbox 2076 1449 2093 1466; x_wconf 45' lang='grc' dir='ltr'><strong><em>ἡ</em></strong></span> 
     </span>
    </p>
   </div>
   <div class='ocr_carea' id='block_1_25' title="bbox 1262 1526 2326 1688">
    <p class='ocr_par' dir='ltr' id='par_1_30' title="bbox 1262 1526 2326 1688">
     <span class='ocr_line' id='line_1_69' title="bbox 1262 1526 1852 1560; baseline -0.003 0"><span class='ocrx_word' id='word_1_378' title='bbox 1262 1528 1314 1560; x_wconf 88' lang='lat' dir='ltr'><strong>Sic</strong></span> <span class='ocrx_word' id='word_1_379' title='bbox 1334 1536 1438 1560; x_wconf 84' lang='lat' dir='ltr'><strong>nexus</strong></span> <span class='ocrx_word' id='word_1_380' title='bbox 1451 1526 1552 1560; x_wconf 91' lang='lat' dir='ltr'><strong>densa</strong></span> <span class='ocrx_word' id='word_1_381' title='bbox 1566 1526 1652 1559; x_wconf 90' lang='lat' dir='ltr'><strong>mole</strong></span> <span class='ocrx_word' id='word_1_382' title='bbox 1667 1526 1852 1559; x_wconf 71' lang='lat' dir='ltr'>continetur</span> 
     </span>
     <span class='ocr_line' id='line_1_70' title="bbox 1262 1586 2121 1630; baseline 0.001 -10"><span class='ocrx_word' id='word_1_383' title='bbox 1262 1588 1388 1629; x_wconf 81' lang='lat' dir='ltr'><strong>sphaera</strong></span> <span class='ocrx_word' id='word_1_384' title='bbox 1405 1587 1562 1630; x_wconf 84' lang='lat' dir='ltr'><strong>rotunda,</strong></span> <span class='ocrx_word' id='word_1_385' title='bbox 1580 1586 1667 1619; x_wconf 90' lang='lat' dir='ltr'><strong>omni</strong></span> <span class='ocrx_word' id='word_1_386' title='bbox 1682 1596 1720 1620; x_wconf 88' lang='lat' dir='ltr'><strong>ex</strong></span> <span class='ocrx_word' id='word_1_387' title='bbox 1737 1590 1825 1628; x_wconf 88' lang='lat' dir='ltr'><strong>parte</strong></span> <span class='ocrx_word' id='word_1_388' title='bbox 1839 1586 1952 1628; x_wconf 89' lang='lat' dir='ltr'><strong>quiete</strong></span> <span class='ocrx_word' id='word_1_389' title='bbox 1964 1587 2121 1628; x_wconf 75' lang='lat' dir='ltr'><strong>gaudens,</strong></span> 
     </span>
     <span class='ocr_line' id='line_1_71' title="bbox 1263 1646 2326 1688; baseline -0.001 -8"><span class='ocrx_word' id='word_1_390' title='bbox 1263 1648 1305 1680; x_wconf 84' lang='lat' dir='ltr'><strong>At</strong></span> <span class='ocrx_word' id='word_1_391' title='bbox 1320 1647 1518 1688; x_wconf 77' lang='lat' dir='ltr'><strong>simulatque</strong></span> <span class='ocrx_word' id='word_1_392' title='bbox 1535 1655 1651 1688; x_wconf 85' lang='lat' dir='ltr'><strong>magna</strong></span> <span class='ocrx_word' id='word_1_393' title='bbox 1665 1646 1825 1679; x_wconf 81' lang='lat' dir='ltr'><strong>discordia</strong></span> <span class='ocrx_word' id='word_1_394' title='bbox 1840 1646 1986 1688; x_wconf 90' lang='lat' dir='ltr'><strong>(divinis)</strong></span> <span class='ocrx_word' id='word_1_395' title='bbox 2006 1647 2038 1679; x_wconf 91' lang='lat' dir='ltr'><strong>in</strong></span> <span class='ocrx_word' id='word_1_396' title='bbox 2050 1647 2205 1680; x_wconf 77' lang='lat' dir='ltr'><strong>membrIs</strong></span> <span class='ocrx_word' id='word_1_397' title='bbox 2221 1647 2326 1680; x_wconf 88' lang='lat' dir='ltr'><strong>incre·</strong></span> 
     </span>
    </p>
   </div>
   <div class='ocr_carea' id='block_1_26' title="bbox 1265 1705 2329 2219">
    <p class='ocr_par' dir='ltr' id='par_1_31' title="bbox 1265 1705 2329 2219">
     <span class='ocr_line' id='line_1_72' title="bbox 1265 1705 2324 1749; baseline -0.001 -10"><span class='ocrx_word' id='word_1_398' title='bbox 1265 1707 1508 1748; x_wconf 75' lang='lat' dir='ltr'><strong>potentiamque</strong></span> <span class='ocrx_word' id='word_1_399' title='bbox 1521 1706 1731 1739; x_wconf 77' lang='lat' dir='ltr'><strong>affectaverat</strong></span> <span class='ocrx_word' id='word_1_400' title='bbox 1744 1708 1858 1738; x_wconf 87' lang='lat' dir='ltr'><strong>exacto</strong></span> <span class='ocrx_word' id='word_1_401' title='bbox 1879 1709 2023 1747; x_wconf 88' lang='lat' dir='ltr'><strong>tempore</strong></span> <span class='ocrx_word' id='word_1_402' title='bbox 2033 1730 2043 1748; x_wconf 92' lang='lat'><strong>,</strong></span> <span class='ocrx_word' id='word_1_403' title='bbox 2195 1705 2207 1749; x_wconf 92' lang='lat'><strong>[</strong></span> <span class='ocrx_word' id='word_1_404' title='bbox 2221 1709 2324 1746; x_wconf 87' lang='lat' dir='ltr'><strong>verat,</strong></span> 
     </span>
     <span class='ocr_line' id='line_1_73' title="bbox 1267 1765 2026 1808; baseline 0 -10"><span class='ocrx_word' id='word_1_405' title='bbox 1267 1765 1355 1807; x_wconf 92' lang='lat' dir='ltr'><strong>quod</strong></span> <span class='ocrx_word' id='word_1_406' title='bbox 1371 1766 1447 1808; x_wconf 87' lang='lat' dir='ltr'><strong>ipsis</strong></span> <span class='ocrx_word' id='word_1_407' title='bbox 1462 1775 1517 1808; x_wconf 90' lang='lat' dir='ltr'><strong>per</strong></span> <span class='ocrx_word' id='word_1_408' title='bbox 1534 1766 1621 1799; x_wconf 89' lang='lat' dir='ltr'><strong>vices</strong></span> <span class='ocrx_word' id='word_1_409' title='bbox 1639 1769 1727 1799; x_wconf 87' lang='lat' dir='ltr'><strong>certo</strong></span> <span class='ocrx_word' id='word_1_410' title='bbox 1747 1766 1866 1798; x_wconf 83' lang='lat' dir='ltr'><strong>foedere</strong></span> <span class='ocrx_word' id='word_1_411' title='bbox 1887 1765 2026 1806; x_wconf 87' lang='lat' dir='ltr'><strong>transit,</strong></span> 
     </span>
     <span class='ocr_line' id='line_1_74' title="bbox 1265 1825 2038 1867; baseline 0 -9"><span class='ocrx_word' id='word_1_412' title='bbox 1265 1825 1376 1858; x_wconf 88' lang='lat' dir='ltr'><strong>omnia</strong></span> <span class='ocrx_word' id='word_1_413' title='bbox 1389 1825 1540 1867; x_wconf 86' lang='lat' dir='ltr'><strong>deinceps</strong></span> <span class='ocrx_word' id='word_1_414' title='bbox 1559 1825 1790 1867; x_wconf 82' lang='lat' dir='ltr'><strong>quatiebantur</strong></span> <span class='ocrx_word' id='word_1_415' title='bbox 1805 1825 1854 1857; x_wconf 91' lang='lat' dir='ltr'><strong>dei</strong></span> <span class='ocrx_word' id='word_1_416' title='bbox 1879 1825 2038 1858; x_wconf 88' lang='lat' dir='ltr'><strong>membra.</strong></span> 
     </span>
     <span class='ocr_line' id='line_1_75' title="bbox 1498 1924 2099 1943; baseline -0.003 0"><span class='ocrx_word' id='word_1_417' title='bbox 1498 1925 1516 1943; x_wconf 54' lang='grc' dir='ltr'><strong>’ἡ</strong></span> <span class='ocrx_word' id='word_1_418' title='bbox 1790 1924 1808 1941; x_wconf 76' lang='lat'><strong>*</strong></span> <span class='ocrx_word' id='word_1_419' title='bbox 2082 1925 2099 1941; x_wconf 62' lang='grc' dir='ltr'><strong>νε</strong></span> 
     </span>
     <span class='ocr_line' id='line_1_76' title="bbox 1306 2003 2059 2044; baseline -0.004 -5"><span class='ocrx_word' id='word_1_420' title='bbox 1306 2028 1490 2039; x_wconf 91' lang='grc'><strong>......</strong></span> <span class='ocrx_word' id='word_1_421' title='bbox 1515 2004 1704 2036; x_wconf 86' lang='lat' dir='ltr'><strong>coacervata</strong></span> <span class='ocrx_word' id='word_1_422' title='bbox 1722 2003 1919 2044; x_wconf 84' lang='lat' dir='ltr'><strong>magnitudo.</strong></span> <span class='ocrx_word' id='word_1_423' title='bbox 1949 2028 1955 2035; x_wconf 94' lang='lat'><strong>.</strong></span> <span class='ocrx_word' id='word_1_424' title='bbox 1982 2027 1990 2034; x_wconf 94' lang='lat'><strong>.</strong></span> <span class='ocrx_word' id='word_1_425' title='bbox 2018 2027 2025 2034; x_wconf 93' lang='lat'><strong>.</strong></span> <span class='ocrx_word' id='word_1_426' title='bbox 2051 2028 2059 2036; x_wconf 89' lang='lat'><strong>.</strong></span> 
     </span>
     <span class='ocr_line' id='line_1_77' title="bbox 1497 2098 1806 2117; baseline 0.003 -1"><span class='ocrx_word' id='word_1_427' title='bbox 1497 2099 1515 2116; x_wconf 51' lang='grc' dir='ltr'><strong><em>ἡ</em></strong></span> <span class='ocrx_word' id='word_1_428' title='bbox 1789 2098 1806 2117; x_wconf 57' lang='grc' dir='ltr'><strong>ἡ</strong></span> 
     </span>
     <span class='ocr_line' id='line_1_78' title="bbox 2165 2177 2329 2219; baseline 0 -9"><span class='ocrx_word' id='word_1_429' title='bbox 2165 2177 2300 2219; x_wconf 87' lang='lat' dir='ltr'><strong>(Aspice</strong></span> <span class='ocrx_word' id='word_1_430' title='bbox 2319 2178 2329 2217; x_wconf 94' lang='lat'>)</span> 
     </span>
    </p>
   </div>
   <div class='ocr_carea' id='block_1_27' title="bbox 1269 2237 2222 2636">
    <p class='ocr_par' dir='ltr' id='par_1_32' title="bbox 1269 2237 2222 2337">
     <span class='ocr_line' id='line_1_79' title="bbox 1269 2237 2222 2279; baseline -0.003 -8"><span class='ocrx_word' id='word_1_431' title='bbox 1269 2238 1425 2279; x_wconf 83' lang='lat' dir='ltr'><strong>insignem</strong></span> <span class='ocrx_word' id='word_1_432' title='bbox 1443 2237 1527 2269; x_wconf 85' lang='lat' dir='ltr'><strong>lianc</strong></span> <span class='ocrx_word' id='word_1_433' title='bbox 1537 2237 1758 2269; x_wconf 85' lang='lat' dir='ltr'><strong>humanorum</strong></span> <span class='ocrx_word' id='word_1_434' title='bbox 1775 2237 1999 2269; x_wconf 84' lang='lat' dir='ltr'><strong>membrorum</strong></span> <span class='ocrx_word' id='word_1_435' title='bbox 2013 2244 2222 2278; x_wconf 87' lang='lat' dir='ltr'><strong>compagem;</strong></span> 
     </span>
     <span class='ocr_line' id='line_1_80' title="bbox 1269 2295 2024 2337; baseline -0.004 -7"><span class='ocrx_word' id='word_1_436' title='bbox 1269 2306 1356 2330; x_wconf 86' lang='lat' dir='ltr'><strong>nunc</strong></span> <span class='ocrx_word' id='word_1_437' title='bbox 1378 2305 1489 2329; x_wconf 85' lang='lat' dir='ltr'><strong>amore</strong></span> <span class='ocrx_word' id='word_1_438' title='bbox 1504 2295 1721 2337; x_wconf 85' lang='lat' dir='ltr'><strong>conspirantia</strong></span> <span class='ocrx_word' id='word_1_439' title='bbox 1741 2295 1774 2327; x_wconf 90' lang='lat' dir='ltr'><strong>in</strong></span> <span class='ocrx_word' id='word_1_440' title='bbox 1791 2304 1890 2327; x_wconf 91' lang='lat' dir='ltr'><strong>unum</strong></span> <span class='ocrx_word' id='word_1_441' title='bbox 1907 2297 2024 2327; x_wconf 89' lang='lat' dir='ltr'><strong>cuncta</strong></span> 
     </span>
    </p>

    <p class='ocr_par' dir='ltr' id='par_1_33' title="bbox 1270 2354 2206 2456">
     <span class='ocr_line' id='line_1_81' title="bbox 1270 2354 2206 2398; baseline -0.002 -9"><span class='ocrx_word' id='word_1_442' title='bbox 1270 2367 1343 2397; x_wconf 81' lang='lat' dir='ltr'><strong>quae</strong></span> <span class='ocrx_word' id='word_1_443' title='bbox 1356 2356 1484 2398; x_wconf 83' lang='lat' dir='ltr'><strong>corpori</strong></span> <span class='ocrx_word' id='word_1_444' title='bbox 1499 2356 1663 2396; x_wconf 86' lang='lat' dir='ltr'><strong>contigere</strong></span> <span class='ocrx_word' id='word_1_445' title='bbox 1679 2354 1825 2387; x_wconf 88' lang='lat' dir='ltr'><strong>membra</strong></span> <span class='ocrx_word' id='word_1_446' title='bbox 1842 2355 1875 2386; x_wconf 89' lang='lat' dir='ltr'><strong>in</strong></span> <span class='ocrx_word' id='word_1_447' title='bbox 1892 2355 1970 2388; x_wconf 83' lang='lat' dir='ltr'><strong>vitae</strong></span> <span class='ocrx_word' id='word_1_448' title='bbox 1986 2354 2064 2388; x_wconf 84' lang='lat' dir='ltr'><strong>ilore</strong></span> <span class='ocrx_word' id='word_1_449' title='bbox 2079 2355 2206 2397; x_wconf 82' lang='lat' dir='ltr'><strong>vigent3</strong></span> 
     </span>
     <span class='ocr_line' id='line_1_82' title="bbox 1271 2413 1926 2456; baseline -0.003 -8"><span class='ocrx_word' id='word_1_450' title='bbox 1271 2426 1356 2449; x_wconf 88' lang='lat' dir='ltr'><strong>nnnc</strong></span> <span class='ocrx_word' id='word_1_451' title='bbox 1378 2424 1492 2448; x_wconf 90' lang='lat' dir='ltr'><strong>rursus</strong></span> <span class='ocrx_word' id='word_1_452' title='bbox 1515 2415 1603 2447; x_wconf 90' lang='lat' dir='ltr'><strong>malo</strong></span> <span class='ocrx_word' id='word_1_453' title='bbox 1617 2414 1777 2456; x_wconf 86' lang='lat' dir='ltr'><strong>discerpta</strong></span> <span class='ocrx_word' id='word_1_454' title='bbox 1793 2413 1926 2446; x_wconf 90' lang='lat' dir='ltr'><strong>dissidio</strong></span> 
     </span>
    </p>

    <p class='ocr_par' dir='ltr' id='par_1_34' title="bbox 1271 2473 2119 2636">
     <span class='ocr_line' id='line_1_83' title="bbox 1271 2473 2119 2515; baseline -0.004 -6"><span class='ocrx_word' id='word_1_455' title='bbox 1271 2484 1417 2509; x_wconf 88' lang='lat' dir='ltr'><strong>seorsum</strong></span> <span class='ocrx_word' id='word_1_456' title='bbox 1434 2474 1559 2515; x_wconf 87' lang='lat' dir='ltr'><strong>singula</strong></span> <span class='ocrx_word' id='word_1_457' title='bbox 1573 2473 1657 2506; x_wconf 87' lang='lat' dir='ltr'><strong>circa</strong></span> <span class='ocrx_word' id='word_1_458' title='bbox 1674 2474 1750 2507; x_wconf 82' lang='lat' dir='ltr'><strong>vitae</strong></span> <span class='ocrx_word' id='word_1_459' title='bbox 1766 2474 1943 2514; x_wconf 85' lang='lat' dir='ltr'><strong>marginem</strong></span> <span class='ocrx_word' id='word_1_460' title='bbox 1955 2473 2119 2506; x_wconf 81' lang='lat' dir='ltr'><strong>oberrant.</strong></span> 
     </span>
     <span class='ocr_line' id='line_1_84' title="bbox 1271 2532 2079 2574; baseline -0.004 -7"><span class='ocrx_word' id='word_1_461' title='bbox 1271 2534 1424 2567; x_wconf 88' lang='lat' dir='ltr'><strong>Similiter</strong></span> <span class='ocrx_word' id='word_1_462' title='bbox 1442 2534 1474 2565; x_wconf 92' lang='lat' dir='ltr'><strong>in</strong></span> <span class='ocrx_word' id='word_1_463' title='bbox 1490 2533 1638 2573; x_wconf 79' lang='lat' dir='ltr'><strong>virgultis</strong></span> <span class='ocrx_word' id='word_1_464' title='bbox 1658 2532 1865 2574; x_wconf 85' lang='lat' dir='ltr'><strong>piscibusque</strong></span> <span class='ocrx_word' id='word_1_465' title='bbox 1880 2533 2079 2574; x_wconf 88' lang='lat' dir='ltr'><strong>aquatilibus</strong></span> 
     </span>
     <span class='ocr_line' id='line_1_85' title="bbox 1273 2592 1957 2636; baseline -0.003 -10"><span class='ocrx_word' id='word_1_466' title='bbox 1273 2595 1412 2636; x_wconf 80' lang='lat' dir='ltr'><strong>ferisque</strong></span> <span class='ocrx_word' id='word_1_467' title='bbox 1431 2592 1612 2626; x_wconf 87' lang='lat' dir='ltr'><strong>monticolis</strong></span> <span class='ocrx_word' id='word_1_468' title='bbox 1631 2594 1664 2625; x_wconf 91' lang='lat' dir='ltr'><strong>et</strong></span> <span class='ocrx_word' id='word_1_469' title='bbox 1682 2592 1811 2625; x_wconf 87' lang='lat' dir='ltr'><strong>alitibus</strong></span> <span class='ocrx_word' id='word_1_470' title='bbox 1827 2592 1957 2625; x_wconf 86' lang='lat' dir='ltr'><strong>avibus.</strong></span> 
     </span>
    </p>
   </div>
   <div class='ocr_carea' id='block_1_28' title="bbox 1555 2694 2051 2712">
    <p class='ocr_par' dir='ltr' id='par_1_35' title="bbox 1555 2694 2051 2712">
     <span class='ocr_line' id='line_1_86' title="bbox 1555 2694 2051 2712; baseline 0.002 -1"><span class='ocrx_word' id='word_1_471' title='bbox 1555 2694 1572 2710; x_wconf 66' lang='grc' dir='ltr'><strong>Ά-</strong></span> <span class='ocrx_word' id='word_1_472' title='bbox 1784 2694 1803 2712; x_wconf 62' lang='grc'><strong>1·</strong></span> <span class='ocrx_word' id='word_1_473' title='bbox 2033 2694 2051 2711; x_wconf 62' lang='grc'><strong>1-</strong></span> 
     </span>
    </p>
   </div>
   <div class='ocr_carea' id='block_1_29' title="bbox 1274 2762 2335 3584">
    <p class='ocr_par' dir='ltr' id='par_1_36' title="bbox 1274 2762 2015 2812">
     <span class='ocr_line' id='line_1_87' title="bbox 1274 2762 2015 2812; baseline -0.003 -7"><span class='ocrx_word' id='word_1_474' title='bbox 1274 2776 1314 2805; x_wconf 85' lang='grc' dir='ltr'>Αι</span> <span class='ocrx_word' id='word_1_475' title='bbox 1329 2781 1388 2812; x_wconf 87' lang='lat' dir='ltr'><strong>ego</strong></span> <span class='ocrx_word' id='word_1_476' title='bbox 1406 2779 1518 2804; x_wconf 87' lang='lat' dir='ltr'><strong>rursus</strong></span> <span class='ocrx_word' id='word_1_477' title='bbox 1535 2762 1698 2812; x_wconf 79' lang='lat' dir='ltr'><strong>ingrediar</strong></span> <span class='ocrx_word' id='word_1_478' title='bbox 1717 2771 1803 2804; x_wconf 82' lang='lat' dir='ltr'><strong>viam</strong></span> <span class='ocrx_word' id='word_1_479' title='bbox 1821 2771 2015 2811; x_wconf 87' lang='lat' dir='ltr'><strong>carminum,</strong></span> 
     </span>
    </p>

    <p class='ocr_par' dir='ltr' id='par_1_37' title="bbox 1274 2829 2030 2872">
     <span class='ocr_line' id='line_1_88' title="bbox 1274 2829 2030 2872; baseline 0.001 -11"><span class='ocrx_word' id='word_1_480' title='bbox 1274 2831 1312 2862; x_wconf 81' lang='lat' dir='ltr'><strong>iis</strong></span> <span class='ocrx_word' id='word_1_481' title='bbox 1331 2839 1406 2872; x_wconf 84' lang='lat' dir='ltr'><strong>quae</strong></span> <span class='ocrx_word' id='word_1_482' title='bbox 1425 2830 1514 2872; x_wconf 92' lang='lat' dir='ltr'><strong>prius</strong></span> <span class='ocrx_word' id='word_1_483' title='bbox 1532 2829 1600 2862; x_wconf 86' lang='lat' dir='ltr'><strong>dixi</strong></span> <span class='ocrx_word' id='word_1_484' title='bbox 1617 2829 1725 2863; x_wconf 88' lang='lat' dir='ltr'><strong>verbis</strong></span> <span class='ocrx_word' id='word_1_485' title='bbox 1742 2829 1840 2862; x_wconf 86' lang='lat' dir='ltr'><strong>verba</strong></span> <span class='ocrx_word' id='word_1_486' title='bbox 1859 2830 2030 2863; x_wconf 79' lang='lat' dir='ltr'><strong>affundens</strong></span> 
     </span>
    </p>

    <p class='ocr_par' dir='ltr' id='par_1_38' title="bbox 1275 2889 2102 2931">
     <span class='ocr_line' id='line_1_89' title="bbox 1275 2889 2102 2931; baseline 0 -9"><span class='ocrx_word' id='word_1_487' title='bbox 1275 2891 1392 2923; x_wconf 81' lang='lat' dir='ltr'><strong>haecce.</strong></span> <span class='ocrx_word' id='word_1_488' title='bbox 1414 2891 1595 2931; x_wconf 87' lang='lat' dir='ltr'><strong>Postquam</strong></span> <span class='ocrx_word' id='word_1_489' title='bbox 1611 2889 1780 2922; x_wconf 88' lang='lat' dir='ltr'><strong>Discordia</strong></span> <span class='ocrx_word' id='word_1_490' title='bbox 1797 2889 1838 2922; x_wconf 92' lang='lat' dir='ltr'><strong>ad</strong></span> <span class='ocrx_word' id='word_1_491' title='bbox 1852 2890 1916 2922; x_wconf 91' lang='lat' dir='ltr'><strong>ima</strong></span> <span class='ocrx_word' id='word_1_492' title='bbox 1934 2890 2102 2923; x_wconf 86' lang='lat' dir='ltr'><strong>descendit</strong></span> 
     </span>
    </p>

    <p class='ocr_par' dir='ltr' id='par_1_39' title="bbox 1274 2948 2227 3050">
     <span class='ocr_line' id='line_1_90' title="bbox 1274 2948 2227 2991; baseline 0 -9"><span class='ocrx_word' id='word_1_493' title='bbox 1274 2949 1424 2990; x_wconf 81' lang='lat' dir='ltr'><strong>vorticis,</strong></span> <span class='ocrx_word' id='word_1_494' title='bbox 1443 2948 1652 2991; x_wconf 86' lang='lat' dir='ltr'><strong>mediumque</strong></span> <span class='ocrx_word' id='word_1_495' title='bbox 1669 2949 1700 2981; x_wconf 91' lang='lat' dir='ltr'><strong>in</strong></span> <span class='ocrx_word' id='word_1_496' title='bbox 1717 2949 1852 2991; x_wconf 85' lang='lat' dir='ltr'><strong>globum</strong></span> <span class='ocrx_word' id='word_1_497' title='bbox 1872 2950 2015 2982; x_wconf 87' lang='lat' dir='ltr'><strong>amicitia</strong></span> <span class='ocrx_word' id='word_1_498' title='bbox 2036 2951 2227 2991; x_wconf 88' lang='lat' dir='ltr'><strong>penetravit,</strong></span> 
     </span>
     <span class='ocr_line' id='line_1_91' title="bbox 1274 3008 2079 3050; baseline 0 -8"><span class='ocrx_word' id='word_1_499' title='bbox 1274 3011 1345 3042; x_wconf 89' lang='lat' dir='ltr'><strong>tum</strong></span> <span class='ocrx_word' id='word_1_500' title='bbox 1368 3009 1439 3042; x_wconf 83' lang='lat' dir='ltr'><strong>haec</strong></span> <span class='ocrx_word' id='word_1_501' title='bbox 1457 3008 1569 3041; x_wconf 87' lang='lat' dir='ltr'><strong>omnia</strong></span> <span class='ocrx_word' id='word_1_502' title='bbox 1585 3009 1619 3041; x_wconf 93' lang='lat' dir='ltr'><strong>in</strong></span> <span class='ocrx_word' id='word_1_503' title='bbox 1640 3018 1742 3041; x_wconf 90' lang='lat' dir='ltr'><strong>unum</strong></span> <span class='ocrx_word' id='word_1_504' title='bbox 1760 3009 1851 3050; x_wconf 87' lang='lat' dir='ltr'><strong>plane</strong></span> <span class='ocrx_word' id='word_1_505' title='bbox 1869 3010 2079 3049; x_wconf 89' lang='lat' dir='ltr'><strong>coalescunt,</strong></span> 
     </span>
    </p>

    <p class='ocr_par' dir='ltr' id='par_1_40' title="bbox 1274 3067 2167 3110">
     <span class='ocr_line' id='line_1_92' title="bbox 1274 3067 2167 3110; baseline 0.002 -10"><span class='ocrx_word' id='word_1_506' title='bbox 1274 3077 1338 3100; x_wconf 90' lang='lat' dir='ltr'><strong>non</strong></span> <span class='ocrx_word' id='word_1_507' title='bbox 1357 3073 1504 3110; x_wconf 88' lang='lat' dir='ltr'><strong>repente,</strong></span> <span class='ocrx_word' id='word_1_508' title='bbox 1524 3067 1579 3101; x_wconf 87' lang='lat' dir='ltr'><strong>sed</strong></span> <span class='ocrx_word' id='word_1_509' title='bbox 1600 3068 1769 3110; x_wconf 87' lang='lat' dir='ltr'><strong>paullatim</strong></span> <span class='ocrx_word' id='word_1_510' title='bbox 1786 3069 1847 3101; x_wconf 88' lang='lat' dir='ltr'><strong>alia</strong></span> <span class='ocrx_word' id='word_1_511' title='bbox 1860 3069 1989 3102; x_wconf 89' lang='lat' dir='ltr'><strong>aliunde</strong></span> <span class='ocrx_word' id='word_1_512' title='bbox 2003 3069 2167 3102; x_wconf 86' lang='lat' dir='ltr'><strong>coeuntia.</strong></span> 
     </span>
    </p>

    <p class='ocr_par' dir='ltr' id='par_1_41' title="bbox 1275 3127 2307 3229">
     <span class='ocr_line' id='line_1_93' title="bbox 1276 3127 2307 3170; baseline 0 -10"><span class='ocrx_word' id='word_1_513' title='bbox 1276 3127 1331 3161; x_wconf 82' lang='lat' dir='ltr'><strong>His</strong></span> <span class='ocrx_word' id='word_1_514' title='bbox 1350 3129 1459 3161; x_wconf 87' lang='lat' dir='ltr'><strong>autem</strong></span> <span class='ocrx_word' id='word_1_515' title='bbox 1475 3127 1586 3160; x_wconf 84' lang='lat' dir='ltr'><strong>mixtis</strong></span> <span class='ocrx_word' id='word_1_516' title='bbox 1603 3127 1784 3160; x_wconf 81' lang='lat' dir='ltr'><strong>funduntur</strong></span> <span class='ocrx_word' id='word_1_517' title='bbox 1800 3129 1954 3160; x_wconf 85' lang='lat' dir='ltr'><strong>sexcenta</strong></span> <span class='ocrx_word' id='word_1_518' title='bbox 1971 3128 2156 3161; x_wconf 89' lang='lat' dir='ltr'><strong>mortalium</strong></span> <span class='ocrx_word' id='word_1_519' title='bbox 2170 3136 2307 3170; x_wconf 85' lang='lat' dir='ltr'><strong>genera;</strong></span> 
     </span>
     <span class='ocr_line' id='line_1_94' title="bbox 1275 3186 2125 3229; baseline 0.001 -10"><span class='ocrx_word' id='word_1_520' title='bbox 1275 3187 1378 3220; x_wconf 84' lang='lat' dir='ltr'><strong>multa</strong></span> <span class='ocrx_word' id='word_1_521' title='bbox 1395 3188 1505 3220; x_wconf 86' lang='lat' dir='ltr'><strong>tamen</strong></span> <span class='ocrx_word' id='word_1_522' title='bbox 1524 3186 1675 3220; x_wconf 89' lang='lat' dir='ltr'><strong>immixta</strong></span> <span class='ocrx_word' id='word_1_523' title='bbox 1691 3188 1813 3220; x_wconf 85' lang='lat' dir='ltr'><strong>restant</strong></span> <span class='ocrx_word' id='word_1_524' title='bbox 1833 3187 1944 3220; x_wconf 86' lang='lat' dir='ltr'><strong>mixtis</strong></span> <span class='ocrx_word' id='word_1_525' title='bbox 1960 3187 2125 3229; x_wconf 87' lang='lat' dir='ltr'><strong>opposita,</strong></span> 
     </span>
    </p>

    <p class='ocr_par' dir='ltr' id='par_1_42' title="bbox 1274 3245 2335 3347">
     <span class='ocr_line' id='line_1_95' title="bbox 1278 3245 2335 3287; baseline 0 -9"><span class='ocrx_word' id='word_1_526' title='bbox 1278 3247 1439 3287; x_wconf 90' lang='lat' dir='ltr'><strong>quotquot</strong></span> <span class='ocrx_word' id='word_1_527' title='bbox 1451 3245 1620 3279; x_wconf 85' lang='lat' dir='ltr'><strong>Discordia</strong></span> <span class='ocrx_word' id='word_1_528' title='bbox 1631 3246 1782 3279; x_wconf 91' lang='lat' dir='ltr'><strong>sublimis</strong></span> <span class='ocrx_word' id='word_1_529' title='bbox 1797 3245 1905 3279; x_wconf 87' lang='lat' dir='ltr'><strong>adbuc</strong></span> <span class='ocrx_word' id='word_1_530' title='bbox 1918 3246 2051 3279; x_wconf 89' lang='lat' dir='ltr'><strong>retinuit</strong></span> <span class='ocrx_word' id='word_1_531' title='bbox 2067 3245 2233 3279; x_wconf 86' lang='lat' dir='ltr'><strong>:nondum</strong></span> <span class='ocrx_word' id='word_1_532' title='bbox 2247 3246 2335 3280; x_wconf 89' lang='lat' dir='ltr'><strong>enim</strong></span> 
     </span>
     <span class='ocr_line' id='line_1_96' title="bbox 1274 3305 2194 3347; baseline 0 -9"><span class='ocrx_word' id='word_1_533' title='bbox 1274 3306 1484 3338; x_wconf 87' lang='lat' dir='ltr'><strong>circumcirca</strong></span> <span class='ocrx_word' id='word_1_534' title='bbox 1496 3315 1626 3347; x_wconf 88' lang='lat' dir='ltr'><strong>prorsus</strong></span> <span class='ocrx_word' id='word_1_535' title='bbox 1645 3305 1777 3340; x_wconf 85' lang='lat' dir='ltr'><strong>recessit</strong></span> <span class='ocrx_word' id='word_1_536' title='bbox 1797 3305 1838 3338; x_wconf 91' lang='lat' dir='ltr'><strong>ad</strong></span> <span class='ocrx_word' id='word_1_537' title='bbox 1857 3306 1988 3339; x_wconf 82' lang='lat' dir='ltr'><strong>ultimas</strong></span> <span class='ocrx_word' id='word_1_538' title='bbox 2003 3305 2090 3340; x_wconf 88' lang='lat' dir='ltr'><strong>orbis</strong></span> <span class='ocrx_word' id='word_1_539' title='bbox 2105 3315 2194 3347; x_wconf 84' lang='lat' dir='ltr'><strong>oras,</strong></span> 
     </span>
    </p>

    <p class='ocr_par' dir='ltr' id='par_1_43' title="bbox 1275 3365 2302 3584">
     <span class='ocr_line' id='line_1_97' title="bbox 1275 3365 2202 3407; baseline 0 -10"><span class='ocrx_word' id='word_1_540' title='bbox 1275 3365 1331 3397; x_wconf 88' lang='lat' dir='ltr'><strong>sed</strong></span> <span class='ocrx_word' id='word_1_541' title='bbox 1353 3374 1427 3407; x_wconf 86' lang='lat' dir='ltr'><strong>pars</strong></span> <span class='ocrx_word' id='word_1_542' title='bbox 1439 3365 1508 3407; x_wconf 73' lang='lat' dir='ltr'><strong>eius</strong></span> <span class='ocrx_word' id='word_1_543' title='bbox 1525 3365 1749 3398; x_wconf 86' lang='lat' dir='ltr'><strong>membrorum</strong></span> <span class='ocrx_word' id='word_1_544' title='bbox 1767 3366 1944 3406; x_wconf 88' lang='lat' dir='ltr'><strong>remansit,</strong></span> <span class='ocrx_word' id='word_1_545' title='bbox 1963 3374 2036 3407; x_wconf 89' lang='lat' dir='ltr'><strong>pars</strong></span> <span class='ocrx_word' id='word_1_546' title='bbox 2051 3365 2202 3398; x_wconf 86' lang='lat' dir='ltr'><strong>excessit.</strong></span> 
     </span>
     <span class='ocr_line' id='line_1_98' title="bbox 1277 3416 2239 3466; baseline -0.003 -10"><span class='ocrx_word' id='word_1_547' title='bbox 1277 3426 1445 3463; x_wconf 90' lang='lat' dir='ltr'><strong>Quantum</strong></span> <span class='ocrx_word' id='word_1_548' title='bbox 1463 3427 1573 3457; x_wconf 88' lang='lat' dir='ltr'><strong>autern</strong></span> <span class='ocrx_word' id='word_1_549' title='bbox 1588 3423 1844 3466; x_wconf 81' lang='lat' dir='ltr'><strong>haec.ret&#39;ugeret,</strong></span> <span class='ocrx_word' id='word_1_550' title='bbox 1861 3416 1989 3456; x_wconf 76' lang='lat' dir='ltr'><strong>tantum</strong></span> <span class='ocrx_word' id='word_1_551' title='bbox 2003 3423 2239 3464; x_wconf 87' lang='lat' dir='ltr'><strong>insequebatur</strong></span> 
     </span>
     <span class='ocr_line' id='line_1_99' title="bbox 1277 3480 2177 3525; baseline -0.004 -9"><span class='ocrx_word' id='word_1_552' title='bbox 1277 3484 1420 3517; x_wconf 90' lang='lat' dir='ltr'><strong>clemens</strong></span> <span class='ocrx_word' id='word_1_553' title='bbox 1436 3485 1535 3525; x_wconf 86' lang='lat' dir='ltr'><strong>atque</strong></span> <span class='ocrx_word' id='word_1_554' title='bbox 1547 3483 1740 3516; x_wconf 89' lang='lat' dir='ltr'><strong>immortalis</strong></span> <span class='ocrx_word' id='word_1_555' title='bbox 1755 3482 1930 3524; x_wconf 86' lang='lat' dir='ltr'><strong>inculpatae</strong></span> <span class='ocrx_word' id='word_1_556' title='bbox 1944 3481 2098 3513; x_wconf 86' lang='lat' dir='ltr'><strong>amicitiae</strong></span> <span class='ocrx_word' id='word_1_557' title='bbox 2117 3480 2177 3512; x_wconf 88' lang='lat' dir='ltr'><strong>vis.</strong></span> 
     </span>
     <span class='ocr_line' id='line_1_100' title="bbox 1278 3537 2302 3584; baseline -0.006 -9"><span class='ocrx_word' id='word_1_558' title='bbox 1278 3543 1395 3575; x_wconf 90' lang='lat' dir='ltr'><strong>Statim</strong></span> <span class='ocrx_word' id='word_1_559' title='bbox 1417 3543 1564 3576; x_wconf 90' lang='lat' dir='ltr'><strong>mortalia</strong></span> <span class='ocrx_word' id='word_1_560' title='bbox 1582 3543 1665 3576; x_wconf 77' lang='lat' dir='ltr'><strong>facta</strong></span> <span class='ocrx_word' id='word_1_561' title='bbox 1681 3544 1756 3576; x_wconf 90' lang='lat' dir='ltr'><strong>sunt</strong></span> <span class='ocrx_word' id='word_1_562' title='bbox 1775 3550 1849 3584; x_wconf 87' lang='lat' dir='ltr'><strong>qnae</strong></span> <span class='ocrx_word' id='word_1_563' title='bbox 1864 3541 1951 3583; x_wconf 87' lang='lat' dir='ltr'><strong>prius</strong></span> <span class='ocrx_word' id='word_1_564' title='bbox 1971 3543 2063 3574; x_wconf 87' lang='lat' dir='ltr'><strong>erant</strong></span> <span class='ocrx_word' id='word_1_565' title='bbox 2091 3537 2302 3577; x_wconf 79' lang='lat' dir='ltr'><strong>immortalia,</strong></span> 
     </span>
    </p>
   </div>
  </div>
 </body>
</html>
