2612 3814
1055 268 1298 310 ORPHICA.

156 362 247 404 ἑπτὰ
268 362 304 402 δὲ
323 361 441 402 πάντα
459 361 538 399 κτλ.
557 359 662 412 φησὶν
679 361 697 398 ὁ
716 357 875 412 θεολόγος
888 357 968 412 περὶ
987 360 1057 398 τῶν
1073 361 1138 399 Τι-

156 423 300 477 τάνων.)

156 503 306 549 Τιτῆνες
322 500 543 549 κακομῆται,
563 494 729 548 ὖπέρὸιον
750 489 835 551 ἦτορ
857 495 1009 550 ἔχοντες.

215 577 390 630 (Proclus
405 577 444 612 in
463 576 562 614 Tim.
582 575 600 611 1
620 587 710 625 pag.
736 573 785 620 54
804 576 848 621 Β,
869 587 957 625 pag.
982 578 1054 618 124
1073 574 1137 613 ed.

158 636 377 675 Schneider.
395 648 404 669 ε
421 632 527 672 Ἐπεὶ
546 631 775 685 παράδειγμα
796 633 911 671 αὐτῶν
931 631 988 671 διὰ
1007 631 1140 672 τούτων

157 694 256 749 παρὰ
275 695 326 746 τῷ
346 692 497 746 θεολόγῳ
517 693 684 740 δηλοῦται
698 693 768 731 τῶν
783 691 979 743 ὀνομάτων·
993 693 1141 740 Τιτῆνες

158 756 361 806 κακομῆται
378 752 457 791 κτλ.
474 755 485 810 )

570 830 644 868 ΙΧ.

162 905 315 954 Μήσατο
335 905 364 943 δ’
385 905 495 951 ἄλλην
512 909 617 955 γαῖαν
635 903 831 956 ἀπείριτον,
847 901 931 950 ἥντε
945 901 1096 950 σελήνην

161 966 329 1005 ἀθάνατοι
349 965 552 1017 κλήζουσιν,
573 962 767 1016 ἐπιχθόνιοι
785 962 822 1001 δέ
841 978 880 1001 τε
897 961 1026 1014 μήνην·

159 1027 182 1074 ἢ
205 1025 307 1065 πόλλ’
329 1024 421 1078 οὔρε’
441 1024 533 1077 ἔχει,
551 1022 654 1063 πόλλ’
679 1022 806 1070 ἄστεα,
824 1021 940 1061 πολλὰ
964 1020 1138 1073 μέλαθρα.

218 1098 390 1147 (Proclus
417 1097 454 1132 in
476 1096 574 1134 Tim.
601 1096 660 1131 111
682 1106 769 1144 pag.
795 1092 867 1136 154
889 1095 938 1139 A,
959 1106 1047 1144 pag.
1065 1092 1140 1130 363

163 1161 224 1200 ed.
247 1158 472 1198 Schneider.
494 1171 503 1194 :
523 1157 570 1196 Οἱ
591 1155 626 1194 δὲ
644 1153 879 1207 Πυθαγόρειοι
896 1151 1015 1205 ἔλεγον
1039 1154 1074 1191 ἓν
1092 1155 1143 1207 τῷ

162 1221 299 1271 οὐρανῷ
318 1217 522 1271 θεωρεῖσθαι
542 1214 586 1254 τὰ
607 1219 766 1267 στοιχεῖα
790 1214 916 1267 διχῶς,
939 1214 1055 1258 ἄλλως
1079 1213 1142 1265 μὲν

161 1279 230 1331 πρὸ
249 1277 361 1327 ἡλίου,
390 1275 506 1320 ἄλλως
526 1273 562 1314 δὲ
583 1273 674 1326 μετὰ
693 1273 808 1322 ἥλιον.
831 1275 886 1321 Γῆ
915 1272 979 1325 μὲν
996 1271 1065 1327 γὰρ
1088 1275 1144 1312 αἷ-

162 1336 260 1391 θερία
288 1340 310 1385 ἡ
333 1334 477 1383 σελήνη·
501 1337 604 1374 τοῦτο
626 1332 688 1386 μὲν
717 1327 777 1373 οῧν
802 1332 862 1372 καὶ
881 1335 899 1372 ὁ
919 1331 1079 1385 θεολόγος
1101 1332 1144 1372 εἴ·

163 1412 246 1449 ρηκε
263 1398 400 1449 σαφῶς·
413 1394 571 1443 Μήσατο
594 1394 623 1432 δ’
644 1392 755 1442 ἄλλην
773 1394 852 1433 κτλ.
869 1397 976 1432 Duos
994 1395 1145 1445 priores

161 1470 290 1495 versus
308 1457 448 1507 repetit
483 1455 588 1493 idem
615 1455 655 1491 in
674 1455 773 1492 Tim.
792 1455 845 1492 IV
863 1466 954 1504 pag.
978 1454 1054 1491 283
1076 1455 1105 1491 B
1133 1467 1142 1491 t

163 1516 240 1565 Τὴν
255 1515 318 1568 μὲν
330 1515 398 1568 γὰρ
417 1514 568 1563 σελήνην
582 1516 647 1565 γ’ἧν
663 1512 804 1553 εἰώθασι
819 1514 952 1561 καλεῖν,
967 1515 1013 1557 ὣς
1023 1516 1144 1552 τοῦτον

165 1575 316 1629 ἔχουσαν
347 1573 408 1614 τὸν
435 1573 539 1626 λόγον
566 1572 652 1626 πρὸς
670 1573 729 1611 τὸν
748 1572 859 1623 ἥλιον,
883 1571 922 1611 ὃν
946 1574 1029 1624 ἡγῆ
1059 1572 1147 1626 πρὸς

164 1636 204 1675 τὸ
223 1639 307 1689 πῦρ·
333 1635 488 1682 Μήσατο
508 1633 537 1672 δ’
558 1632 669 1681 ἄλλην
689 1634 767 1672 κτλ.
787 1632 892 1687 φησὶν
907 1631 1092 1686 Ὀρφεύς.)

165 1707 272 1766 Ὄφρ’
291 1711 325 1749 ἐν
342 1710 427 1762 μηνὶ
444 1710 557 1763 τρέπῃ
574 1709 661 1763 ὅπερ
678 1709 775 1758 ἥλιος
792 1710 840 1754 εἰς
859 1708 1028 1749 ἐνιαυτόν.

219 1792 396 1844 (Proetus
425 1795 466 1830 in
493 1795 589 1832 Tim.
621 1795 671 1832 IV
699 1806 786 1844 pag.
811 1792 888 1830 256
917 1796 950 1831 A
971 1805 980 1832 :
1000 1790 1064 1832 Διὸ
1087 1792 1148 1831 καὶ

164 1850 285 1906 ὥσπερ
303 1852 362 1892 τὸν
380 1851 479 1900 ἥλιον
500 1851 592 1892 κατὰ
610 1850 705 1905 ὤραν
722 1852 781 1891 καὶ
800 1851 892 1891 κατὰ
911 1850 1034 1904 ζῴδιον
1050 1851 1149 1906 εἰρή-

165 1931 268 1955 κασιν
286 1916 447 1966 ἀμείὸειν
467 1915 529 1961 τὰς
552 1916 708 1970 μορφάς,
723 1915 815 1955 οὕτω
832 1915 892 1955 καὶ
915 1916 979 1964 τὴν
996 1916 1148 1966 σελήνην

164 1974 257 2015 κατὰ
275 1976 427 2024 ἑκάστην
447 1975 599 2030 ἡμέραν,
614 1975 692 2029 ὄφρ’
710 1978 744 2015 ἐν
763 1976 848 2027 μηνὶ
867 1976 965 2025 κτλ.)

588 2059 644 2098 X.

167 2141 292 2190 Μαῖα,
324 2143 410 2180 θεῶν
427 2182 429 2184 ,
444 2138 584 2188 ὑπάτη,
616 2139 692 2185 Νὺξ
725 2138 902 2192 ἅμόροτε,
937 2141 1033 2189 πῶς,
1065 2139 1150 2180 τάδε

649 2251 651 2253 .
999 2197 1124 2253 [φράζε
1136 2230 1148 2251 ²

169 2260 243 2303 πῶς
261 2259 313 2298 δεῖ
329 2260 367 2310 μ’
387 2259 571 2299 ἀθανάτων
589 2258 702 2312 ἀρχὴν
725 2258 989 2313 κρατερόφρονα
1011 2258 1132 2299 θέσθαι
1140 2277 1150 2309 3

170 2317 282 2372 αἰθέρι
303 2318 420 2358 πάντα
441 2317 540 2372 πέριξ
560 2318 685 2373 ἀφάτῳ
703 2317 793 2357 λαὸέ
805 2348 815 2365 ,
835 2319 886 2372 τῷ
908 2317 940 2356 δ’
957 2317 1007 2357 ἐνὶ
1028 2318 1151 2374 μέσσῳ

168 2377 328 2430 οὗρανόν.

224 2450 404 2502 (Proclus
442 2454 483 2490 in
500 2455 596 2491 Tim.
622 2455 662 2492 11
687 2466 778 2504 pag.
816 2454 866 2491 63
887 2455 937 2502 E,
957 2468 1045 2505 pag.
1077 2455 1151 2499 148

170 2510 232 2548 ed.
247 2511 469 2551 Schneider.
485 2511 598 2565 :nplv
618 2510 654 2550 δὲ
675 2511 805 2565 ἅψεται
821 2513 908 2563 (leg.
928 2511 1078 2566 ἅψηται)
1089 2516 1152 2561 τῆς

171 2566 254 2616 ὅλης
271 2570 520 2622 πραγματείας
534 2600 545 2621 ,
563 2570 622 2610 ἐπὶ
641 2572 728 2609 θεῶν
749 2570 993 2624 παρακλήσεις
1013 2571 1074 2611 καὶ
1096 2573 1151 2611 εὖ-

171 2627 239 2680 χὰς
270 2627 461 2681 τρέπεται,
497 2629 712 2682 μιμούμενος
755 2629 816 2668 καὶ
857 2630 968 2684 ταύτῃ
1000 2630 1060 2670 τὸν
1091 2635 1152 2671 τοῦ

173 2686 304 2733 παντὸς
323 2688 486 2737 ποιητήν,
507 2687 542 2733 ὃς
564 2688 633 2742 πρὸ
663 2692 726 2738 τῆς
745 2688 829 2737 ὅλης
850 2689 1078 2744 δημιουργίας
1106 2691 1154 2736 εἷς

171 2762 210 2786 τε
240 2746 281 2787 τὸ
314 2748 529 2802 χρηστήριον
559 2748 702 2788 εἰσιέναι
730 2748 873 2801 λέγεται
903 2752 967 2797 τῆς
997 2750 1152 2803 Νυκτός,

89 2962 221 2997 manes
241 2962 457 3004 fraudulenti,
474 2962 653 2996 violentum
675 2963 820 2996 animum
841 2963 1007 2997 habentes.

591 3024 649 3056 IX.

20 3083 22 3086 ’
48 3103 50 3107 ν
92 3086 218 3120 struxit
237 3087 346 3120 autem
367 3087 462 3120 aliam
482 3088 601 3121 terram
614 3088 785 3130 infinitam,
799 3097 897 3131 quam
919 3089 1047 3122 selenen
1070 3088 1103 3129 (i.
1122 3097 1151 3120 e.

91 3146 289 3180 immortales
304 3148 422 3179 vocant
434 3172 443 3187 ‚
459 3150 619 3190 terraeque
635 3148 776 3182 cultores
795 3149 923 3188 lunam,

2 3240 17 3258 μὴ,

0 3382 23 3406 '³31

0 3400 25 3439 ΕΞ

0 3649 35 3814 ἓ

1019 3147 1154 3190 [lunam)

19 3232 29 3246 ἑ
93 3214 167 3247 quae
186 3205 307 3239 multos
322 3205 420 3239 habet
438 3207 563 3240 montes
575 3232 584 3248 ‚
599 3207 702 3240 multa
716 3207 854 3250 oppida,
870 3208 990 3240 multas
1006 3206 1132 3240 domos.

91 3285 133 3293 —
149 3267 191 3299 Ut
206 3265 290 3299 intra
308 3275 452 3300 mensem
472 3268 578 3300 vertat
600 3267 686 3309 quod
701 3268 748 3300 sol
768 3276 823 3310 per
835 3276 968 3300 annum.

601 3334 645 3366 X.

95 3391 198 3423 Mater
209 3390 318 3423 nutrix
331 3416 339 3430 ,
358 3391 491 3424 dearum
507 3401 653 3435 summa,
666 3394 737 3426 Nox
754 3393 960 3433 immortaliS,
977 3392 1153 3434 quomodo,

892 3451 905 3494 [
919 3452 980 3485 hoc
996 3451 1074 3483 mihi
1088 3451 1151 3492 dic,

101 3509 263 3550 quomodo
293 3517 344 3542 me
372 3511 519 3552 oporteat
552 3511 696 3545 validum
725 3512 957 3545 immortalium
979 3511 1150 3553 imperium

980 3570 1153 3614 [fundarei’

2191 279 2264 315 173

1283 358 1445 396 κάκεῖθεν
1465 357 1686 410 πληροῦσθαι
1717 359 1786 396 τῶν
1813 357 1914 398 θείων
1934 359 2090 407 νοήσεων
2118 362 2181 401 καὶ
2206 363 2268 407 τὰς

1282 420 1344 464 τῆς
1369 417 1600 470 δημιουργίας
1620 415 1735 471 ἀρχὰς
1755 417 1990 471 ὑποδέχεσθαι
2010 421 2070 459 καὶ
2093 422 2242 475 ἀπορίας
2257 453 2267 470 ,

1286 478 1316 516 εἰ
1346 476 1444 529 θέμις
1476 478 1601 526 εἰπεῖν,
1632 477 1775 522 ἁπάσας
1801 477 1955 517 διαλύειν
1982 480 2042 518 καὶ
2064 480 2107 529 δὴ
2127 481 2188 520 καὶ
2209 482 2268 528 τὸν

1281 535 1421 591 πατέρα
1441 537 1663 589 παρακαλεῖν
1686 538 1734 581 εἰς
1754 536 1819 585 τὴν
1841 540 1903 585 τ’ἧς
1924 539 2155 594 δημιουργίας
2181 543 2270 581 σύλ-

1282 599 1403 652 ληψιν.
1422 596 1519 650 Πρὸς
1537 595 1600 648 μὲν
1619 595 1684 645 τὴν
1702 595 1828 637 Νύκτα
1845 597 2039 646 πεποίηται
2055 601 2104 652 τῷ
2119 601 2270 655 θεολόγῳ

1282 657 1410 710 λέγων·
1441 658 1569 705 Μαῖα,
1592 658 1680 695 θεῶν
1702 657 1782 696 κτλ.
1812 655 1874 696 καὶ
1898 657 2018 697 ἀκούει
2038 661 2125 712 παρ’
2146 661 2271 707 αὐτῆς·

1286 716 1409 772 Αἷθέρι
1438 716 1558 756 πάντα
1585 718 1666 757 κτλ.
1692 719 1784 768 Pag.
1822 723 1898 769 294
1928 720 1957 756 B
1989 720 2129 770 legitur
2148 721 2271 769 Μαῖα,

1284 778 1372 814 θεῶν
1404 775 1544 827 ὑπάτη,
1576 774 1652 821 Νὺξ
1684 775 1842 829 ἅμὸροτε
1856 806 1867 825 ,
1888 779 1963 822 πῶς
1990 778 2074 816 τάδε
2106 778 2270 832 φράζεις;

1283 836 1389 874 unde
1410 838 1656 875 Hermannus
1675 837 1834 887 conjicit
1865 851 1875 876 z
1903 839 1979 882 πῶς
1998 837 2083 876 τάδε
2105 838 2246 892 φράζεις
2259 869 2270 889 ,

1284 896 1346 939 ὡς.
1371 898 1463 947 Pag.
1481 897 1532 947 96
1545 898 1733 947 scriptum
1755 904 1811 934 est
1831 897 1992 949 οὐρανόν,
2018 898 2126 948 quod
2143 911 2272 937 sensus

1283 957 1465 1005 requirit,
1484 957 1651 1006 ideoque
1671 969 1694 994 a
1712 958 1826 994 nobis
1846 958 1908 995 hic
1929 958 2133 996 exhibetur
2145 967 2270 1008 spreta

1286 1016 1467 1053 codicum
1486 1018 1680 1067 scriptura
1697 1014 1863 1069 οὐρανῷ.)

1231 1103 1248 1128 5
1276 1088 1410 1143 Ὄρθου
1433 1089 1462 1128 δ’
1479 1089 1655 1144 ἡμετέρην
1676 1090 1812 1142 γενεήν,
1836 1091 2028 1144 ἀριδείκετε
2047 1093 2187 1144 δαῖμον.

1341 1166 1513 1220 (Proclus
1542 1169 1584 1205 in
1613 1170 1714 1208 Tim.
1736 1171 1774 1206 Π
1803 1182 1895 1220 pag.
1925 1170 1974 1207 63
1997 1173 2026 1208 E
2055 1183 2065 1210 :
2090 1170 2162 1210 Καὶ
2191 1171 2273 1225 περὶ

1287 1225 1407 1274 πάσης
1431 1226 1507 1275 ἑξῆς
1526 1227 1802 1266 ἀναδιδάσκεται
1823 1230 1886 1276 τ’ῆς
1907 1231 2152 1280 κοσμοποιίας.
2178 1232 2274 1285 Πρὸς

1287 1285 1324 1324 δὲ
1343 1285 1402 1325 τὸν
1426 1286 1563 1340 Κρόνον
1583 1287 1693 1327 πάλιν
1716 1288 1807 1337 μετὰ
1823 1286 1903 1332 τοὺς
1921 1289 2068 1340 δεσμοὺς
2086 1290 2190 1341 μόνον
2212 1294 2273 1330 οὐκ

1289 1345 1480 1398 εὐχόμενός
1501 1362 1620 1400 φησιν.
1644 1349 1840 1385 Sententia
1862 1357 1918 1386 est
1939 1362 1949 1388 ε
1974 1358 2182 1400 postquam
2202 1354 2272 1389 Ju·
2320 1388 2323 1391 ,

1286 1407 1403 1458 piter‚
1420 1407 1557 1444 mundi
1575 1415 1819 1458 procreator,
1835 1406 2043 1446 Saturnum
2064 1412 2103 1447 in
2118 1412 2272 1449 vincula

1290 1466 1477 1515 conjecit,
1515 1469 1622 1516 quasi
1655 1467 1816 1505 demisse
1848 1481 1893 1506 ac
1925 1470 2151 1519 suppliciter
2186 1484 2273 1508 eum

1288 1528 1470 1566 consulit.
1482 1527 1656 1565 Eundem
1667 1539 1816 1565 versum
1828 1528 1940 1565 affert
1952 1528 2112 1567 Proetus
2121 1531 2272 1571 Colum.

1288 1586 1330 1620 in
1355 1584 1501 1634 Cratyl.
1529 1585 1589 1625 Cf.
1621 1589 1718 1625 Acta
1744 1588 1882 1637 philol.
1920 1590 2078 1630 Monac.
2111 1598 2206 1630 tom.
2236 1593 2274 1629 II

1287 1657 1374 1695 pag.
1398 1646 1503 1697 122.)

1293 1722 1380 1766 Πῶς
1403 1721 1441 1762 δέ
1461 1738 1521 1774 μοι
1549 1722 1586 1762 ἔν
1602 1739 1635 1762 τι
1655 1723 1700 1764 τὰ
1721 1723 1825 1763 πάντ’
1844 1724 1944 1764 ἔσται
1958 1756 1968 1777 ,
1983 1726 2044 1766 καὶ
2057 1727 2167 1780 χωρὶς
2186 1727 2273 1766 ἕκα-

2050 1832 2051 1835 ,
2143 1787 2275 1840 [στον;

1292 1840 1404 1894 αἰθέρι
1423 1839 1539 1880 πάντα
1559 1841 1660 1895 πέριξ
1681 1843 1806 1897 ἀφάτῳ
1827 1843 1938 1883 λαὸέ·
1960 1847 2010 1899 τῷ
2028 1846 2059 1884 δ’
2081 1845 2131 1884 ἐνὶ
2152 1845 2274 1900 μέσσῳ

1291 1899 1452 1951 οὐρανόν,
1472 1901 1506 1939 ἔν
1524 1900 1561 1940 δέ
1577 1917 1614 1940 τε
1635 1907 1740 1954 γαῖαν
1757 1902 1951 1957 ἀπείριτον,
1967 1904 2004 1943 ἐν
2022 1902 2057 1943 δὲ
2073 1904 2272 1957 θάλασσαν,

1293 1960 1328 1997 ἐν
1349 1957 1386 1998 δέ
1403 1976 1440 1998 τε
1456 1959 1574 2012 τείρεα
1591 1961 1710 2000 πάντα
1721 1992 1731 2011 ,
1746 1962 1794 2001 τά
1807 1963 1837 2001 τ’
1852 1963 1996 2016 οὐρανὸς
2013 1963 2269 2018 ἐστεφάνωται.

1212 2031 1245 2057 10
1289 2017 1403 2072 αὐτὰρ
1423 2019 1499 2060 ἐπεὶ
1519 2020 1648 2072 δεσμὸν
1671 2022 1842 2076 κρατερὸν
1863 2023 1945 2076 περὶ
1967 2029 2056 2062 πᾶσι
2076 2022 2274 2078 τανύσσῃς,

1293 2077 1412 2132 σειρὴν
1431 2079 1601 2133 χρυσείην
1622 2079 1657 2127 ἐξ
1677 2081 1813 2135 αἰθέρος
1833 2081 2147 2137 ἀρτήσαντα.......

1347 2156 1537 2209 (Proclus
1570 2161 1669 2200 Tim.
1691 2161 1730 2199 ΙΙ
1764 2174 1856 2213 pag.
1883 2162 1934 2212 96
1956 2163 2011 2209 A,
2032 2175 2073 2212 p.
2098 2161 2174 2199 225
2211 2163 2274 2203 ed.

1293 2218 1517 2258 Schneider.
1538 2233 1546 2256 ε
1569 2218 1628 2258 Τὰ
1646 2218 1760 2259 τοίνυν
1777 2219 1842 2259 ὅλα
1867 2220 2042 2273 περιέχων
2058 2223 2077 2260 ὁ
2100 2220 2188 2265 Ζεὺς
2214 2221 2275 2260 καὶ

1294 2276 1413 2315 πάντα
1437 2278 1639 2329 μοναδικῶς
1668 2277 1729 2317 καὶ
1757 2282 1882 2333 νοερῶς
1902 2280 1995 2318 κατὰ
2026 2280 2170 2325 τούτους
2196 2280 2276 2326 τοὺς

1295 2336 1481 2388 χρησμοὺς
1504 2337 1596 2388 μετὰ
1615 2340 1680 2386 τῆς
1696 2338 1836 2384 Νυκτὸς
1862 2339 2051 2394 ὑφίστησι,
2071 2339 2132 2379 καὶ
2155 2356 2207 2380 πα
2230 2357 2273 2379 τα

1293 2396 1338 2433 τὰ
1359 2396 1532 2448 ἐγκόσμια
1545 2427 1555 2445 ,
1571 2396 1667 2442 θεούς
1684 2413 1722 2436 τε
1737 2396 1798 2437 καὶ
1817 2397 1880 2442 τὰς
1897 2398 2022 2453 μοίρας
2045 2402 2109 2437 τοῦ
2129 2398 2273 2443 παντός.

1295 2456 1403 2508 Λέγει
1423 2459 1505 2509 γοῦν
1529 2457 1614 2510 πρὸς
1636 2457 1739 2496 αὗτὸν
1759 2460 1781 2505 ἡ
1810 2457 1884 2503 Νὺξ
1915 2458 2145 2510 ἐρωτήσαντα
2161 2474 2168 2482 ·
2192 2461 2275 2504 Πῶς

1296 2513 1335 2552 δέ
1359 2531 1418 2567 μοι
1458 2517 1536 2556 κτλ.
1566 2539 1620 2547 —-
1639 2520 1704 2557 Vs.
1745 2531 1770 2568 9
1799 2519 1999 2569 legebatur
2033 2518 2273 2570 ἐστεφάνωτο,

1297 2576 1404 2624 quod
1439 2589 1524 2614 cum
1560 2578 1731 2616 Gesnero
1777 2591 1824 2616 ex
1861 2580 2023 2616 Homeri
2052 2579 2167 2619 Iliad.
2202 2580 2272 2619 lib.

1296 2637 1435 2684 lell,
1469 2636 1545 2682 485
1570 2638 1612 2674 in
1639 2636 1878 2692 ἐστεφάνωται
1897 2641 2056 2679 mutavi.
2079 2662 2130 2667 -
2154 2640 2275 2677 Addit

1296 2696 1455 2733 Procius
1477 2709 1486 2733 :
1509 2694 1582 2734 Καὶ
1605 2695 1647 2744 δὴ
1676 2696 1738 2736 καὶ
1764 2697 1845 2749 περὶ
1867 2699 1937 2736 τῶν
1972 2697 2088 2736 ἄλλων
2109 2697 2274 2737 ἁπάντων

1299 2754 1498 2803 ὑποθεμένη
1517 2756 1838 2810 δημιουργημάτων
1850 2757 2041 2810 ἐπήνεγκεν
2052 2773 2060 2782 ·
2072 2758 2184 2811 αὐτὰρ
2200 2759 2275 2797 ἐπεὶ

2207 2886 2260 2896 -ι

1212 2967 1343 3001 AEtliere
1369 2969 1414 3001 im
1440 2978 1552 3003 menso
1577 2971 1684 3004 omnia
1708 2972 1938 3014 complectere,
1965 2973 2022 3006 sed
2049 2973 2145 3014 hujus
2171 2971 2277 3005 medio

2142 3032 2276 3074 [gremio

1214 3087 1343 3120 coelum.

1214 3147 1308 3188 Erige
1326 3156 1426 3189 genus
1448 3149 1619 3190 nostrum,
1638 3149 1757 3191 inclyte
1775 3149 1866 3182 deus.
1887 3169 1927 3177 —

1216 3207 1388 3246 Quomodo
1404 3208 1487 3240 mihi
1508 3217 1608 3241 unum
1633 3209 1754 3250 aliquid
1781 3208 1936 3241 universa
1955 3210 2049 3241 erunt
2068 3212 2099 3241 et
2125 3216 2272 3240 seorsum

2108 3267 2120 3309 [
2133 3267 2275 3308 singula?

1215 3327 1345 3360 AEtliere
1365 3327 1523 3361 immenso
1540 3328 1648 3361 omnia
1669 3328 1900 3370 complectere,
1917 3329 1950 3360 at
1968 3328 2064 3368 hujus
2083 3326 2189 3359 medio
2206 3334 2272 3366 gre-

1216 3395 1290 3419 cum
1304 3371 1423 3419 'coelum
1435 3412 1443 3427 ‚
1460 3388 1532 3420 tum
1550 3396 1627 3421 vero
1642 3388 1761 3420 terram
1774 3387 1930 3420 infinitam
1948 3387 1981 3419 et
1997 3395 2086 3418 mare
2189 3383 2273 3426 [mio

1216 3448 1248 3478 et
1269 3445 1372 3478 sidera
1394 3448 1535 3487 cuncta,
1557 3446 1677 3488 quibus
1694 3446 1812 3479 coelum
1836 3449 1986 3478 ornatum
2003 3445 2062 3476 est.

1216 3505 1276 3538 Sed
1300 3509 1472 3547 postquam
1490 3505 1643 3538 omnibus
1658 3506 1898 3538 tenacissimum
1915 3503 2079 3537 vinculum
2099 3500 2245 3542 injeceris
2260 3525 2269 3539 ,

1216 3566 1312 3598 aurea
1330 3566 1442 3598 catena
1459 3574 1497 3599 ex
1516 3566 1636 3598 aethere
1650 3564 1805 3607 suspensa
1811 3587 1914 3597 ........
