2612 3814
290 293 368 328 ³⁴2

369 379 458 412 τοῖσι
490 372 526 411 δὲ
559 371 785 423 εὖθυμέεσθαι
816 370 947 424 χρεών,
972 370 1248 425 παραὸάλλοντα
1281 371 1339 410 τὀν

367 434 496 471 ἑωυτοῦ
515 431 588 484 βίον
606 430 690 484 πρὸς
708 431 767 469 τὸν
785 434 853 470 τῶν
868 430 1078 484 φαυλότερον
1095 430 1339 484 πρησσόντων,

368 490 428 529 καὶ
448 490 652 542 μακαρίζειν
674 489 814 538 ἑωυτόν,
832 489 1082 540 ἕνθυμεύμενον
1095 489 1140 527 τὰ
1151 489 1341 541 πάσχουσι,

368 550 456 595 ὅκως
476 550 608 589 αὐτέων
628 548 763 603 βέλτιον
778 550 920 602 πρήσσῃ
938 564 975 587 τε
990 548 1050 588 καὶ
1068 548 1183 601 διάγῃ.
1198 548 1342 594 Ταύτης

369 609 435 662 γὰρ
456 609 619 662 ἐχόμενος
640 612 702 655 τῆς
718 608 861 661 γνώμης
886 606 1112 659 εὖθυμότερόν
1133 622 1170 645 τε
1191 606 1338 652 διάξεις,

368 668 428 707 καὶ
444 669 505 707 οὐκ
521 669 640 717 ὀλίγας
654 670 763 720 κ’ἧρας
779 669 814 706 ἐν
827 669 876 720 τῷ
891 665 956 719 βίῳ
970 665 1127 714 διώσεαι,
1141 665 1261 719 φθόνον
1279 664 1339 703 καὶ

365 728 470 775 ζῆλον
490 728 548 766 καὶ
567 726 768 776 δυσμενίην.

422 786 544 838 (Stob.
567 786 666 823 Flor.
689 785 721 831 l,
742 783 817 836 4ο.)

285 857 333 884 21.
364 843 409 884 Ἥ
433 847 493 883 τοῦ
516 844 657 886 πλέονος
678 841 844 894 ἐπιθυμίη
871 840 912 880 τὸ
933 841 1062 894 παρεὸν
1088 841 1273 887 ἀπόλλυσι,
1297 856 1340 893 τῃ

364 903 530 954 Αἰσωπίῃ
547 902 622 941 κυνὶ
640 901 738 948 ἰκέλη
754 900 936 952 γινομένη.

420 963 537 1011 (Stob.
557 962 660 1000 Flor.
683 960 730 1007 X,
748 959 826 1011 69.)

283 1035 331 1062 22.
362 1022 447 1062 Τῶν
477 1021 516 1060 τὸ
543 1024 667 1068 σκῆνος
690 1018 834 1072 χρῄζει,
865 1024 953 1057 πᾶσι
984 1016 1133 1070 πάρεστι
1161 1018 1339 1071 εὐμαρέως

363 1079 447 1132 ἄτερ
476 1078 608 1132 μόχθου
640 1079 700 1117 καὶ
720 1076 981 1130 ταλαιπωρίης·
1007 1078 1115 1116 ὁκόσα
1144 1075 1180 1115 δὲ
1207 1078 1340 1130 μόχθου

361 1139 421 1178 καὶ
438 1137 680 1191 ταλαιπωρίης
697 1136 823 1190 χρῄζει
842 1136 902 1175 καὶ
930 1135 1003 1188 βίον
1023 1135 1164 1188 ἀλγύνει
1179 1167 1190 1186 ,
1209 1135 1340 1175 τούτων

364 1200 426 1238 οὐκ
445 1196 617 1251 ἱμείρεται
634 1197 673 1236 τὸ
695 1199 839 1245 σκῆνος,
860 1197 939 1236 ἀλλ’
957 1198 979 1243 ἡ
996 1199 1058 1243 τῆς
1077 1195 1218 1248 γνώμης
1236 1211 1340 1235 κακο-

362 1254 457 1312 φυΐη.

418 1316 539 1370 (Stob.
562 1316 665 1354 Flor.
687 1314 736 1364 Χ,
757 1313 840 1367 66.)

284 1389 334 1416 23.
365 1377 460 1428 Πρὸς
485 1374 624 1418 τούτους
653 1374 720 1427 γὰρ
744 1368 844 1422 οἶμαι
864 1372 1018 1423 μάλιστα
1038 1373 1095 1411 τὸν
1117 1372 1340 1425 Δημόκριτον

363 1436 494 1486 εἰπεῖν,
515 1437 560 1478 ὡς
587 1436 615 1472 εἷ
636 1434 675 1473 τὸ
696 1435 800 1484 σῶμα
831 1431 1016 1470 δικάσαιτο
1037 1435 1080 1485 τῇ
1104 1434 1201 1486 ψυχῇ
1222 1431 1340 1471 κακώ-

362 1509 469 1539 σεως,
491 1497 552 1533 οὐκ
569 1492 611 1532 ἂν
631 1492 739 1540 αὐτὴν
757 1494 960 1546 ἀποφυγεῖν.

417 1552 626 1604 (Plutarch.
648 1552 695 1590 de
716 1551 837 1591 Sanit.
856 1550 988 1590 tuend.
1015 1565 1052 1603 p.
1077 1552 1149 1589 135
1172 1551 1268 1602 (vol.
1287 1553 1337 1590 vl

357 1627 398 1665 p.
425 1613 499 1658 514
517 1612 576 1650 ed.
596 1610 736 1663 Reisk.)

278 1684 328 1712 2⁴.
359 1670 435 1711 Ἢν
467 1669 516 1722 μὴ
546 1671 686 1709 πολλῶν
708 1668 916 1722 ἐπιθυμέῃς,
935 1668 979 1709 τὰ
1005 1668 1107 1721 ὀλίγα
1139 1686 1192 1709 τοι
1222 1670 1338 1710 πολλὰ

358 1729 465 1776 δόξει·
487 1728 620 1782 σμικρὴ
637 1729 704 1782 γὰρ
723 1728 833 1782 ὄρεξις
852 1727 975 1776 πενίην
996 1728 1175 1768 ἷσοσθενέα
1194 1729 1335 1783 πλούτῳ

357 1788 482 1829 ποιέει.

412 1846 535 1898 (Stob.
553 1846 656 1886 Flor.
674 1845 828 1894 XCVII,
849 1852 897 1892 24
913 1855 951 1884 et
968 1846 1047 1898 25.)

279 1920 329 1945 25.
362 1906 482 1946 Καλὸν
499 1905 556 1944 ἐπὶ
570 1904 676 1944 παντὶ
686 1905 729 1944 τὸ’
744 1905 832 1953 ἴσον,
848 1904 1025 1958 ὓπερὸολὴ
1050 1906 1087 1945 δὲ
1105 1905 1165 1945 καὶ
1183 1906 1334 1960 ἔλλειψις

361 1963 400 2004 οὔ
422 1980 483 2015 μοι
502 1964 627 2004 δοκέει.

415 2024 606 2077 (Democr.
628 2023 746 2064 orell.
770 2037 806 2063 n.
827 2022 902 2075 68.)

278 2096 328 2123 26.
358 2084 494 2130 Πενίη,
539 2085 709 2130 πλοῦτος,
744 2082 900 2133 ὀνόματα
942 2082 1074 2130 ἐνδείης
1106 2083 1166 2121 καὶ
1208 2083 1332 2136 κόρου·

278 2264 392 2296 sarium
420 2262 506 2304 quod
540 2262 661 2303 legibus
685 2261 891 2295 interdictum
921 2263 974 2295 sit.
1004 2264 1206 2304 Quapropter
1233 2273 1334 2296 uuum

277 2331 436 2365 quemque
452 2321 545 2355 decet
560 2322 620 2354 alia
642 2322 676 2361 (i.
697 2330 727 2354 e.
745 2321 862 2363 aliena)
885 2329 949 2354 non
972 2323 1143 2363 appetere,
1159 2322 1230 2354 aliis
1247 2322 1284 2363 (i.
1304 2332 1334 2355 e.

277 2381 356 2422 suis)
377 2383 485 2413 autem
504 2380 726 2422 acquiescere,
746 2381 985 2421 comparantem
1005 2389 1098 2413 suam
1115 2381 1215 2422 ipsius
1234 2381 1335 2414 vitam

278 2449 352 2473 eum
365 2448 476 2473 eorum
489 2439 573 2480 vita,
588 2439 644 2481 qui
658 2439 816 2472 deteriore
828 2442 906 2472 sunt
918 2439 1103 2473 conditione
1113 2465 1122 2480 ‚
1137 2441 1215 2473 etse
1229 2440 1335 2482 ipsum

280 2499 410 2533 beatum
428 2499 601 2541 praedicare
614 2523 622 2539 ,
635 2500 836 2540 reputantem
850 2508 960 2533 secum
973 2525 982 2540 ,
1000 2509 1074 2542 quae
1092 2500 1136 2533 illi
1158 2502 1335 2542 perpetian-

279 2559 344 2599 tur,
361 2559 399 2592 ut
415 2559 546 2592 meliore
561 2567 657 2599 quam
671 2558 724 2591 isti
741 2560 828 2592 sorte
841 2560 874 2592 et
888 2559 956 2592 vita
975 2559 1111 2592 fruatur.
1134 2561 1225 2592 Hanc
1249 2560 1334 2592 enim

279 2617 448 2659 amplexus
467 2618 657 2650 sententiam
678 2617 780 2650 laetius
798 2619 832 2651 et
859 2619 1063 2660 tranquillius
1091 2619 1180 2652 vives
1193 2643 1202 2659 ,
1230 2628 1336 2659 neque

281 2685 401 2718 paucas
427 2676 503 2709 vitae
529 2675 707 2718 (humanae)
747 2680 854 2718 pestes
896 2678 1116 2720 propulsabis,
1160 2679 1335 2720 invidiam,

280 2734 519 2769 aemulationem
532 2758 542 2775 ,
559 2735 683 2768 odium.

324 2797 376 2827 21.
398 2793 523 2834 cupido
552 2793 643 2834 plura
658 2793 854 2836 adipiscendi
872 2795 1003 2836 AEsopei
1018 2795 1106 2828 canis
1132 2795 1232 2828 instar
1253 2804 1335 2837 prae-

282 2852 385 2885 sentia
404 2852 534 2884 amittit.

323 2917 375 2946 22.
400 2914 547 2951 Quorum
580 2920 698 2953 corpus
720 2911 860 2954 infliget,
888 2922 926 2945 ea
954 2913 1045 2946 t'acile
1063 2914 1215 2947 omuibus
1235 2914 1335 2947 obve-

282 2970 376 3003 niunt
394 2971 462 3003 sine
490 2970 598 3003 labore
625 2973 656 3002 et
672 2979 842 3004 aerumna:
864 2980 1066 3014 quaecunque
1087 2981 1165 3006 vero
1194 2973 1336 3006 lahorem

281 3031 315 3063 et
340 3038 520 3063 oerumnam
553 3028 697 3070 flagitant
727 3029 893 3071 vitamque
919 3030 1045 3063 tristem
1074 3031 1214 3064 reddunt
1234 3033 1268 3065 et
1286 3033 1337 3066 iu-

281 3098 434 3130 suavem,
453 3097 490 3122 ea
509 3097 574 3121 non
595 3097 711 3130 corpus
727 3088 905 3130 desiderat,
927 3089 982 3123 sed
1006 3090 1122 3139 ingenii
1137 3092 1170 3124 et
1181 3091 1339 3132 opinionis

282 3147 487 3191 perversitas.

326 3211 378 3242 23.
402 3210 440 3241 lu
458 3208 517 3241 hos
533 3208 619 3242 enim
636 3207 786 3241 existimo
813 3208 989 3242 Democriti
1008 3209 1131 3243 dictum
1152 3211 1339 3251 convenire,

281 3268 308 3301 si
321 3275 439 3309 eorpus
454 3275 530 3300 cum
546 3267 654 3299 animo
670 3267 711 3300 de
726 3267 845 3300 damno
860 3267 945 3301 sacto
962 3267 1121 3310 litigaret,
1139 3269 1206 3302 sore
1217 3271 1254 3302 ut
1268 3270 1339 3302 ani·

283 3335 356 3359 mus
372 3325 496 3368 iudicio
514 3335 579 3359 non
601 3326 834 3359 absolveretur.

327 3388 380 3419 24.
402 3385 471 3419 Nisi
487 3386 592 3418 multa
607 3385 789 3426 desideras,
810 3395 912 3427 pauca
930 3387 984 3420 tibi
1004 3387 1106 3420 multa
1119 3387 1313 3421 videbuntur
1328 3399 1336 3422 :

284 3453 383 3486 pauca
402 3445 487 3478 enim
505 3444 684 3488 appetendo
697 3444 870 3483 efficimus,
885 3447 922 3480 ut
938 3448 1106 3488 paupertas
1119 3456 1252 3489 magnas
1264 3457 1340 3490 opes

284 3504 469 3546 aequiparet.

1234 282 1523 320 DEMOCRITI

1488 368 1566 409 οὔτε
1593 362 1639 407 ὧν
1666 370 1828 413 πλούσιος
1847 371 1865 407 ὁ
1892 369 2033 420 ἐνδέων,
2048 367 2127 408 οὔτε
2152 368 2260 416 πένης
2279 370 2297 407 6
2325 368 2376 421 μὴ
2401 372 2459 409 ἐν·

1488 429 1589 468 δέων.

1542 486 1660 537 (stob.
1679 486 1780 526 Flor.
1797 486 1951 535 XCVII,
1971 488 2054 539 23.)

1405 561 1454 588 27.
1488 545 1650 598 Εὗτυχὴς
1669 547 1687 584 6
1716 545 1774 585 ἐπὶ
1796 545 1966 598 μετρίοισι
1994 545 2159 599 χρήμασι
2187 544 2461 596 εὖθυμεόμενος·

1486 605 1661 658 δυστυχὴς
1678 604 1713 644 δὲ
1735 606 1753 643 6
1771 605 1829 644 ἐπὶ
1845 605 2008 644 πολλοῖσι
2027 604 2317 655 δυσθυμεόμενος.

1542 665 1663 718 (Stob.
1685 665 1785 703 Flor.
1804 664 1908 712 Clll,
1932 666 2008 714 ¹7·)

1403 738 1453 763 28.
1482 723 1534 762 Τὸ
1550 725 1680 776 χρῇζον
1700 717 1771 761 οἶδε
1791 722 1913 762 ὁκόσον
1933 722 2078 776 χρῄζει,
2095 725 2114 762 6
2133 722 2169 762 δὲ
2191 721 2332 775 χρήζων
2349 722 2387 762 οὗ
2402 737 2463 774 γι-

1489 797 1629 821 νωσκει.

1539 841 1658 895 (Stob.
1684 841 1789 881 Flor.
1811 841 1844 891 l,
1868 842 1946 891 74.)

1402 914 1452 940 29.
1484 900 1690 952 Εὖγνώμων
1706 902 1724 939 6
1741 899 1790 950 μὴ
1805 900 2017 952 λυπεόμενος
2031 900 2086 938 ἐπ’
2101 893 2172 938 οἶσι
2187 900 2250 939 οὐκ
2262 899 2354 952 ἔχει,
2369 900 2462 940 ἀλλὰ

1483 959 1619 1013 χαίρων
1640 959 1696 998 ἐπ’
1711 954 1780 999 οἷσι
1799 958 1886 1012 ἔχει.

1538 1019 1657 1070 (Stob.
1678 1019 1782 1059 Flor.
1798 1018 1919 1066 xvll,
1939 1018 2019 1070 26.)

1402 1092 1450 1118 30.
1481 1077 1526 1118 ‘O
1545 1079 1710 1130 φθονέων,
1729 1077 1856 1117 ἑωυτὸν
1877 1079 1924 1121 ὡς
1941 1077 2062 1130 ἐχθρὸν
2078 1075 2215 1116 λυπέει.

1538 1137 1658 1187 (Stob.
1682 1138 1786 1178 Flor.
1809 1136 2023 1184 XXXVIII,
2045 1143 2108 1184 47.
2138 1137 2319 1175 Democr.
2337 1136 2462 1177 Orell-

1482 1210 1522 1237 n.
1543 1197 1608 1241 54.

1402 1270 1448 1295 31.
1480 1196 1686 1308 Ἀνοήμόνες
1717 1257 1785 1294 τῶν
1819 1253 1997 1294 ἀπεόντων
2029 1253 2226 1307 ὀρέγονται·
2254 1254 2298 1294 τὰ
2327 1253 2365 1294 δὲ
2389 1271 2462 1295 πα-

1486 1315 1607 1367 ρεόντα
1649 1314 1722 1366 (καὶ
1754 1312 2024 1368 παρῳχημένων
2052 1311 2316 1366 κερδαλεώτερα
2344 1312 2461 1366 ἐόντα)

1483 1373 1737 1425 ἀμαλδύνουσι.

1540 1433 1666 1485 (Stob.
1686 1433 1791 1473 Flor.
1811 1432 1878 1483 IV,
1906 1432 1985 1483 78.)

1401 1506 1449 1531 ³2.
1482 1491 1563 1536 Βίος
1583 1491 1811 1545 ἀνεόρταστος
1829 1490 1951 1545 μακρὴ
1967 1490 2043 1536 ὁδὸς
2061 1489 2327 1534 ἀπανδόκευτος.

1537 1551 1659 1601 (Stob.
1683 1551 1786 1591 Flor.
1805 1550 1908 1600 XVI,
1925 1548 2007 1603 21.)

1399 1624 1450 1650 33.
1481 1610 1602 1649 Φειδώ
1619 1626 1671 1649 τοι
1691 1611 1751 1649 καὶ
1770 1610 1871 1660 λιμὸς
1890 1607 2053 1662 χρηστή,
2074 1609 2109 1646 ἐν
2127 1609 2239 1662 καιρῷ
2265 1606 2301 1646 δὲ
2322 1607 2382 1648 καὶ
2404 1609 2464 1647 δα·

1480 1669 1575 1716 πείνη
1588 1685 1597 1693 ·
1617 1668 1801 1720 γινώσκειν
1821 1669 1857 1707 δὲ
1879 1670 2025 1720 ἀγαθοῦ.

1539 1727 1665 1779 (Stob.
1691 1728 1797 1769 Flor.
1821 1726 1931 1774 XVI,
1955 1727 2029 1778 18.)

1404 1799 1451 1826 34.
1482 1788 1565 1825 Τῶν
1596 1784 1709 1833 ἡδέων
1747 1785 1792 1824 τὰ
1830 1785 2062 1825 σπανιώτατα
2096 1784 2264 1839 γινόμενα
2305 1784 2463 1838 μάλιστα

1485 1861 1621 1899 τερπει.

1540 1905 1666 1958 (Stob.
1686 1905 1791 1945 Flor.
1813 1905 1932 1953 XVII,
1957 1905 2037 1957 38.)

1403 1981 1451 2006 as.
1485 1964 1702 2018 Σωφροσύνη
1717 1964 1762 2004 τὰ
1779 1965 1915 2018 τερπνὰ
1932 1963 2040 2016 ἀέξει,
2058 1963 2118 2003 καὶ
2132 1962 2259 2012 ἡδονὴν
2277 1963 2463 2015 ἐπιμέζονα

1485 2040 1611 2065 ποιέει.

1537 2084 1660 2136 (Stoi).
1686 2084 1790 2124 [Ἴον.
1810 2083 1858 2131 V,
1880 2084 1961 2135 49.)

1441 2269 1492 2297 25.
1510 2267 1599 2297 Bona
1615 2265 1648 2297 in
1666 2265 1816 2297 omnibus
1836 2265 2006 2306 aequalitas
2022 2266 2088 2305 est,
2108 2264 2268 2306 quidquid
2281 2273 2359 2298 vero
2378 2264 2463 2297 ultra

1398 2324 1450 2356 vel
1466 2324 1546 2357 eitra
1566 2324 1700 2356 modum
1719 2325 1790 2365 est,
1807 2324 1885 2356 milii
1903 2332 1968 2356 non
1986 2324 2100 2365 placet.

1441 2388 1492 2416 26.
1519 2385 1718 2424 Paupertas,
1738 2383 1882 2423 divitiae,
1903 2383 2035 2416 nomina
2051 2384 2127 2415 sunt
2154 2381 2339 2424 indigentia
2354 2383 2387 2415 et
2407 2391 2460 2415 sa-

1400 2443 1542 2475 turitatis
1560 2452 1569 2475 z
1589 2442 1799 2484 quamobrem
1814 2451 1919 2484 neque
1932 2443 2022 2475 dives
2032 2441 2186 2475 dicendus
2198 2445 2247 2476 est
2260 2442 2317 2484 qui
2330 2441 2462 2483 indiget,

1398 2510 1503 2543 neque
1520 2501 1576 2544 qui
1594 2511 1659 2534 non
1677 2501 1800 2542 indiget
1813 2510 1946 2542 pauper.

1442 2564 1493 2594 27.
1518 2563 1717 2594 Fortunatus
1743 2564 1811 2600 est,
1831 2561 1886 2602 qui
1906 2560 2020 2601 exigua
2044 2559 2208 2601 possidens
2229 2559 2330 2593 liilare
2350 2559 2431 2592 vivit
2451 2572 2461 2592 e

1398 2620 1634 2660 infortunatus,
1653 2621 1707 2661 qui
1722 2620 1806 2652 inter
1822 2628 1955 2660 magnas
1969 2628 2045 2660 opae
2061 2619 2091 2651 in
2110 2628 2248 2652 nuerore
2258 2619 2353 2660 jacet.

1442 2685 1493 2714 28.
1519 2682 1592 2722 lpsa
1611 2680 1785 2721 indigentia
1805 2679 1867 2712 scit
1887 2688 1951 2721 qua
1967 2688 2003 2712 re
2017 2680 2051 2712 et
2072 2682 2232 2720 quatenus
2250 2676 2456 2720 egeat,iudi·

1399 2749 1478 2782 gens
1493 2741 1604 2772 autem
1624 2739 1758 2780 ignorat.

1442 2803 1494 2832 29.
1519 2799 1654 2833 Sobrius
1680 2800 1731 2831 est
1754 2799 1786 2831 et
1805 2797 1991 2830 moderatus
2012 2796 2068 2838 qui
2091 2796 2134 2828 ob
2157 2804 2207 2828 res
2229 2795 2348 2836 quibus
2369 2797 2458 2828 earet

1398 2859 1508 2892 dolore
1527 2867 1594 2891 non
1612 2859 1750 2898 angitur,
1769 2857 1824 2889 sed
1846 2857 1886 2889 iis
1903 2864 1976 2897 quae
1997 2858 2114 2897 praesto
2134 2857 2228 2894 sunt,
2245 2853 2374 2895 gaudet.

1440 2923 1492 2952 30.
1517 2920 1625 2951 Homo
1650 2917 1778 2950 invidus
1801 2925 1835 2949 se
1858 2917 1985 2959 ipsum,
2009 2916 2046 2947 ut
2073 2914 2262 2954 inimicum,
2279 2913 2389 2947 dolore
2409 2914 2459 2947 as·

1399 2976 1476 3009 ficit.

1439 3038 1492 3069 31.
1517 3035 1614 3069 Stulti
1629 3034 1813 3067 desiderant
1827 3032 1993 3074 absentia,
2011 3031 2180 3074 praesentia
2196 3037 2295 3071 vero,
2311 3030 2373 3064 etsi
2393 3032 2458 3064 uti-

1398 3095 1478 3127 liora
1497 3094 1691 3137 proeteritis‚
1710 3093 1813 3135 pen're
1828 3092 1949 3125 sinunt.

1442 3157 1493 3186 32.
1517 3152 1593 3186 Vita
1613 3151 1700 3185 iestis
1722 3150 1837 3183 diebus
1857 3159 1969 3183 careus
1986 3150 2077 3191 longa
2098 3153 2149 3182 est
2176 3149 2229 3182 via
2245 3149 2456 3191 inhospitalis.

1441 3215 1492 3245 33.
1518 3211 1717 3245 Parsimonia
1734 3211 1766 3243 et
1785 3210 1908 3242 esuries
1930 3209 2013 3241 bona
2032 3211 2130 3250 sunt,
2154 3217 2215 3241 suo
2236 3210 2346 3242 autem
2371 3211 2456 3242 tem·

1399 3280 1476 3312 pore
1506 3272 1636 3304 sumtus
1660 3270 1737 3311 (non
1761 3269 1869 3302 minus
1891 3268 1996 3301 bonus
2019 3268 2100 3309 est);
2128 3269 2161 3300 at
2196 3267 2256 3300 viri
2292 3266 2460 3309 prudentis

1398 3333 1446 3362 est
1459 3353 1469 3370 ,
1486 3338 1579 3362 nosse
1600 3330 1745 3370 (tempus
1764 3327 1805 3360 ad
1828 3328 2000 3368 utramque
2014 3335 2080 3359 rem
2097 3324 2344 3368 opportunum).

1441 3391 1494 3422 34.
1516 3389 1700 3422 Rarissimae
1718 3395 1857 3428 qumque
1879 3386 2057 3430 voluptates
2078 3386 2220 3418 maxime
2242 3385 2413 3418 delectant.

1442 3452 1493 3481 35.
1517 3447 1755 3489 Temperantia,
1767 3454 1842 3488 quae
1854 3445 1998 3487 J'ucunda
2007 3446 2095 3486 sunt,
2108 3447 2201 3486 auget
2211 3445 2243 3477 et
2255 3444 2454 3486 voluptatem

1400 3509 1555 3549 majorem
1576 3507 1662 3540 facit.
