2612 3814
553 299 1049 366 ΑΝΩΝΥΜΟΥ
1099 304 1355 368 ΤΙΝΟΣ
1408 306 1852 374 ΔΙΑΛΕΞΕΙΣ
1903 313 2217 380 ΗΘΙΚΑΙ

866 449 1160 502 ΔΩΡΙΣΤΙ
1207 450 1886 510 ΣΥΓΓΕΓΡΑΜΜΕΝΑΙ.

401 713 732 773 INCERTI
790 711 1209 774 CUIUSDAM
1258 715 1906 782 DISPUTATIONES
1957 722 2347 786 MORALES

1021 839 1250 891 DORICE
1290 842 1712 897 CONSCRIPTAE.

642 1103 887 1143 ΔΙΑΛΕΞΙΣ
918 1105 964 1143 Α.

585 1192 675 1247 Περὶ
694 1194 813 1247 ἀγαθῶ
834 1194 896 1233 καὶ
915 1196 1026 1235 κακῶ.

327 1280 451 1320 Δισσοὶ
469 1281 567 1334 λόγοι
586 1282 748 1334 λέγονται
766 1285 800 1322 ἐν
821 1290 867 1338 τᾷ
888 1283 1037 1325 Ἑλλάδι
1058 1285 1126 1325 ὑπὸ
1145 1287 1213 1325 τῶν
1232 1289 1339 1342 φιλο-

269 1342 471 1395 σοφούντων
490 1341 571 1396 περὶ
589 1344 640 1381 τῶ
659 1344 780 1395 ἀγαθῶ
794 1344 856 1383 καὶ
871 1347 922 1384 τῶ
939 1348 1051 1385 κακῶ.
1109 1348 1143 1386 T
1144 1346 1175 1385 οὶ
1190 1346 1253 1396 μὲν
1269 1346 1337 1400 γὰρ

267 1400 429 1453 λέγοντι,
449 1404 495 1444 ὡς
513 1401 601 1442 ἄλλο
621 1402 685 1454 μέν
715 1404 791 1442 ἐστι
816 1403 856 1443 τὸ
880 1404 1010 1456 ἀγαθόν
1023 1435 1032 1453 ,
1055 1405 1142 1445 ἄλλο
1162 1405 1198 1444 δὲ
1216 1406 1254 1445 τὸ
1274 1422 1339 1445 κα·-

268 1462 329 1500 κόν
343 1477 351 1486 ·
373 1462 426 1501 τοὶ
447 1462 485 1501 δέ
499 1493 508 1512 ,
531 1465 578 1507 ὡς
593 1462 633 1502 τὸ
646 1461 733 1501 αὐτό
755 1465 849 1512 ἐστι,
864 1464 926 1502 καὶ
942 1467 1013 1508 τοῖς
1035 1464 1099 1514 μὲν
1116 1465 1247 1517 ἀγαθὸν
1268 1466 1334 1515 εἴη,

267 1528 338 1567 τοῖς
359 1523 395 1562 δὲ
415 1523 543 1571 κακόν,
563 1523 624 1562 καὶ
652 1525 702 1576 τῷ
726 1523 827 1576 αὐτῷ
855 1524 1030 1578 ἀνθρώπῳ
1051 1525 1129 1564 τότε
1152 1524 1215 1576 μὲν
1237 1527 1336 1578 ἀγα-

265 1582 325 1621 θόν
338 1582 438 1631 ,τότε
468 1582 504 1623 δὲ
524 1583 648 1624 κακόν.
709 1583 806 1636 Ἐγὼ
827 1583 864 1624 δὲ
884 1584 945 1622 καὶ
966 1583 1068 1629 αὐτὸς
1094 1586 1211 1624 τοῖσδε
1231 1601 1337 1624 ποτι·-

265 1641 425 1693 τίθεμαι·
447 1641 624 1695 σκέψομαι
644 1641 680 1681 δὲ
701 1643 742 1681 ἐκ
770 1643 1055 1696 τῶῖἀνθρωπίνω
1081 1643 1167 1697 βίω,
1190 1637 1239 1682 ὧν
1258 1645 1333 1682 ε’πι-

266 1702 376 1752 μελής
386 1731 398 1751 ,
424 1700 573 1755 βρώσιός
587 1718 626 1741 τε
642 1701 704 1740 καὶ
723 1701 846 1746 πόσιος
867 1701 928 1741 καὶ
946 1703 1172 1756 ἀφροδισίων.
1207 1706 1332 1742 Ταῦτα

264 1760 333 1815 γὰρ
353 1762 556 1800 ἀσθενοῦντι
576 1760 641 1813 μὲν
655 1762 751 1802 κακοί
765 1764 880 1811 ἐστιν,
901 1762 1092 1815 ὑγιαίνοντι
1112 1763 1149 1802 δὲ
1171 1764 1232 1802 καὶ
1253 1765 1332 1803 δεο-

265 1820 360 1874 μένῳ
391 1820 522 1873 ἀγαθά.
584 1821 657 1861 Καὶ
680 1823 835 1875 ἀκρασία
864 1822 978 1861 τοίνυν
1008 1821 1142 1862 τούτων
1169 1829 1242 1868 τοῖς
1268 1823 1332 1875 μὲν

264 1880 435 1933 ἀκρατέσι
463 1881 594 1930 κακόν,
628 1887 698 1926 τοῖς
726 1882 762 1921 δὲ
786 1884 917 1936 ἰατροῖς
945 1882 1089 1935 ἀγαθόν.
1150 1883 1196 1923 Ὁ
1217 1883 1332 1923 τοίνυν

264 1939 411 1985 θάνατος
432 1946 505 1984 τοῖς
537 1940 601 1990 μὲν
624 1943 841 1981 ἀποθανοῦσι
868 1941 997 1989 κακόν,
1017 1944 1088 1987 τοῖς
1117 1942 1147 1981 δ’
1167 1944 1332 1996 ἐνταφιο-

263 1999 399 2045 πώλαις
420 1999 480 2039 καὶ
507 1999 738 2051 τυμὸοποιοῒς
759 2001 902 2054 ἀγαθόν.
961 2001 1125 2055 Γεωργία
1145 2018 1183 2041 τε
1212 2003 1331 2047 καλῶς

264 2058 468 2105 ἕξενείκασα
506 2059 576 2104 τὼς
604 2059 751 2113 καρπὼς
786 2061 859 2105 τοῖς
884 2060 949 2112 μὲν
979 2066 1147 2115 γεωργοῖς
1176 2061 1329 2114 ἀγαθόν,

261 2123 333 2163 τοῖς
351 2117 386 2157 δὲ
413 2118 579 2173 ἐμπόροις
600 2120 722 2159 κακόν.
780 2120 856 2165 Τὰς
875 2120 991 2159 τοίνυν
1011 2120 1164 2166 ὁλκάδας
1184 2120 1329 2174 συντρί-

260 2177 382 2218 ὅεσθαι
410 2178 470 2217 καὶ
491 2178 785 2232 παραθραύεσθαι
814 2183 864 2232 τῷ
896 2179 958 2231 μὲν
986 2179 1176 2234 ναυκλήρῳ
1194 2179 1328 2229 κακόν,

261 2242 333 2282 τοῖς
352 2236 389 2275 δὲ
420 2243 613 2291 ναυπηγοῖς
647 2237 790 2290 ἀγαθόν.
851 2236 936 2279 Ἔτι
961 2239 1020 2279 τὸν
1054 2238 1195 2292 σίδηρον
1223 2237 1331 2281 κατέ-

261 2299 405 2338 σθεσθαι
432 2297 494 2337 καὶ
523 2297 766 2350 ἀμὸλύνεσθαι
799 2298 860 2338 καὶ
897 2298 1145 2352 συντρίὸεσθαι
1163 2304 1232 2343 τοῖς
1265 2299 1328 2349 μὲν

263 2355 382 2401 ἄλλοις
411 2358 542 2406 κακόν,
573 2361 626 2412 τῷ
656 2357 693 2397 δὲ
711 2359 848 2412 χαλκῆϊ
870 2359 1014 2411 ἀγαθόν.
1075 2359 1148 2399 Καὶ
1181 2359 1250 2409 μὰν
1270 2359 1329 2397 τὸν

611 2516 922 2550 DISPUTATIO
952 2519 976 2549 l.
1038 2547 1051 2555 ,

637 2595 685 2625 De
699 2592 785 2625 bono
802 2594 835 2626 et
850 2593 948 2626 malo.

273 2708 275 2710 v
302 2668 430 2710 Duplex
462 2668 562 2702 fertur
587 2670 620 2702 in
649 2671 778 2703 Graecia
799 2670 1070 2713 philosophorum
1096 2671 1256 2704 sententia
1280 2670 1321 2703 dc

262 2727 349 2760 bono
375 2729 408 2760 et
440 2728 536 2760 maio.
582 2729 712 2762 Etenim
741 2730 874 2772 quidam
902 2731 1092 2764 existimant
1115 2730 1204 2763 aliud
1232 2731 1326 2773 plane

262 2786 383 2819 bonum
397 2810 407 2826 ,
423 2786 511 2819 aliud
529 2787 649 2820 malum
667 2801 675 2821 ε
692 2789 840 2822 nonnulli
857 2798 933 2822 vero
953 2789 1040 2823 idem
1061 2791 1255 2832 utrumque,
1270 2790 1325 2822 sed

263 2845 313 2879 his
336 2845 482 2886 bonum,
511 2846 575 2878 illis
607 2847 753 2889 malum,
783 2835 1114 2900 eidemqueqlromini
1151 2849 1327 2891 aliquando

261 2905 406 2943 bonum,
425 2905 600 2947 aliquando
619 2906 757 2939 malum.
802 2909 869 2948 Ego
890 2917 967 2941 vero
984 2910 1017 2942 et
1034 2909 1103 2950 ipse
1119 2909 1207 2942 hisce
1219 2918 1325 2942 assen-

262 2965 353 2998 tior:
386 2964 600 2998 considerabo
630 2968 739 2999 autem
767 2975 818 2999 res
843 2966 916 3000 illas
946 2977 1087 3009 quarum
1110 2968 1255 3002 studiosa
1276 2971 1328 3002 est

261 3025 433 3058 hominum
471 3025 558 3066 vita,
583 3013 716 3067 cibum,
749 3027 883 3067 potum,
920 3037 1085 3061 venerem.
1132 3030 1210 3062 Haec
1239 3029 1326 3062 enim

263 3082 434 3124 aegrotanti
454 3083 587 3125 quidem
603 3083 710 3125 mala,
727 3092 806 3116 sano
820 3086 930 3118 autern
949 3087 981 3119 et
995 3086 1154 3128 indigenti
1174 3087 1270 3120 bona.
1285 3089 1327 3120 Et

263 3143 381 3176 horum
413 3152 490 3176 usus
522 3142 643 3176 nimius
671 3144 963 3184 intemperantibus
994 3146 1072 3187 ipsis
1094 3147 1242 3189 malum,
1269 3147 1326 3180 sed

264 3202 398 3235 medicis
421 3202 556 3236 bonum.
603 3205 706 3236 Porro
732 3212 820 3236 mors
840 3204 1002 3237 defunctis
1027 3205 1159 3247 quidem
1180 3207 1324 3247 malum,

265 3261 322 3295 sed
346 3262 529 3295 libitinariis
548 3264 582 3295 et
602 3263 746 3296 tumulos
769 3264 971 3297 struentibus
987 3264 1121 3298 bonum.
1167 3269 1325 3307 Agrorum

262 3319 364 3352 etiam
392 3320 475 3353 bene
493 3321 658 3354 cultorum
688 3322 834 3355 fertilitas
854 3322 1003 3363 agricolis
1023 3323 1155 3364 quidem
1183 3324 1326 3366 bonum,

266 3380 502 3412 mercatoribus
519 3389 596 3413 vero
613 3381 749 3414 malum.
796 3385 934 3420 Quassae
958 3382 1135 3424 tractaeque
1152 3392 1252 3416 naves
1268 3394 1328 3416 na-

265 3438 424 3471 viculario
441 3439 565 3472 malum
579 3464 588 3481 ‚
601 3441 634 3473 at
649 3441 782 3473 navium
801 3442 1049 3474 fabricatoribus
1063 3442 1197 3476 bonum.
1242 3445 1327 3476 Prae·

1403 1108 1559 1146 κεραμον
1577 1094 1867 1148 παραθραύεσθαι
1883 1097 1955 1142 τοῖς
1974 1097 2040 1150 μὲν
2060 1098 2179 1145 ἄλλοις
2196 1101 2306 1140 κακόν
2319 1131 2331 1154 ,
2347 1107 2419 1147 τοῖς
2431 1103 2470 1143 δὲ

1402 1157 1613 1206 κεραμεῦσιν
1647 1155 1788 1206 ἀγαθόν.
1844 1155 1902 1196 Τὰ
1931 1157 1967 1196 δὲ
2001 1158 2216 1210 ὑποδήματα
2250 1161 2468 1216 κατατρίὸε-

1402 1218 1484 1253 σθαι
1504 1215 1565 1254 καὶ
1586 1215 1865 1271 διαρῤήγνυσθαι
1886 1220 1959 1263 τοῖς
1980 1218 2046 1270 μὲν
2069 1219 2189 1264 ἄλλοις
2205 1220 2335 1271 κακόν,
2357 1225 2408 1276 τῷ
2430 1222 2468 1262 δὲ
2493 1262 2505 1276 ,

1401 1277 1527 1322 σκυτῆϊ
1547 1276 1688 1328 ἀγαθόν.
1748 1275 1813 1316 Ἐν
1827 1276 1943 1317 τοίνυν
1962 1280 2033 1323 τοῖς
2051 1280 2165 1331 ἀγῶσι
2187 1286 2259 1325 τοῖς
2277 1295 2469 1332 γυμναστι·

1399 1337 1472 1380 κοῖς
1488 1335 1549 1374 καὶ
1567 1338 1638 1380 τοῖς
1659 1337 1831 1387 μωσικοῖς
1853 1337 1913 1377 καὶ
1931 1343 2002 1383 τοῖς
2021 1340 2252 1391 πολεμικοῖς,
2277 1340 2408 1381 αὐτίκα
2428 1343 2466 1382 ἐν

1397 1398 1447 1450 τῷ
1475 1398 1636 1450 γυμνικῷ
1657 1399 1707 1450 τῷ
1737 1397 1983 1452 σταδιοδρόμῳ
2012 1399 2035 1437 ἁ
2053 1399 2134 1438 νίκα
2165 1402 2216 1453 τῷ
2237 1399 2301 1452 μὲν
2324 1403 2468 1442 νικῶντι

1399 1455 1549 1507 ἀγαθόν,
1569 1461 1640 1500 τοῖς
1658 1457 1694 1495 δὲ
1714 1457 1934 1509 ἠσσαμὲνοις
1950 1457 2074 1500 κακόν,
2135 1460 2211 1499 Καὶ
2229 1462 2334 1500 τοῦτο
2348 1459 2385 1500 δὲ
2406 1461 2468 1501 καὶ

1396 1516 1449 1555 τοὶ
1473 1516 1669 1555 παλαισταὶ
1698 1517 1759 1556 καὶ
1787 1517 1919 1557 πύκται
1939 1518 1999 1557 καὶ
2018 1518 2073 1557 τοὶ
2104 1517 2207 1557 ἄλλοι
2230 1518 2358 1564 πάντες
2387 1535 2465 1571 μω-

1397 1575 1512 1614 σικοί·
1533 1575 1662 1615 αὐτίκα
1697 1577 1720 1615 ἃ
1747 1576 1944 1631 κιθαρῳδία
1962 1579 2014 1630 τῷ
2045 1576 2109 1628 μὲν
2136 1579 2280 1617 νικῶντι
2310 1578 2466 1630 ἀγαθόν,

1395 1636 1466 1679 τοῖς
1494 1635 1531 1675 δὲ
1557 1635 1771 1686 ἧσσαμένοις
1802 1636 1925 1675 κακόν.
1983 1634 2054 1677 Ἔν
2077 1652 2116 1677 τε
2144 1639 2194 1691 τῷ
2221 1635 2370 1692 πολέμῳ
2402 1638 2466 1679 καὶ

1399 1695 1462 1747 (τὰ
1491 1695 1651 1734 νεώτατα
1675 1698 1815 1748 πρῶτον
1849 1698 1941 1750 ἐρῶ)
1961 1701 1977 1721 ³
2009 1697 2032 1736 ἆ
2057 1699 2128 1737 τῶν
2170 1698 2464 1750 Λακεδαιμονίων

1397 1755 1475 1795 νίκα
1488 1787 1497 1804 ,
1517 1757 1551 1794 ἐν
1575 1749 1598 1809 ᾆ
1619 1755 1743 1794 ἐνίκων
1763 1754 1832 1800 τὼς
1851 1755 2044 1804 Ἀθηναίως
2067 1756 2127 1796 καὶ
2146 1755 2216 1802 τὼς
2233 1758 2438 1813 συμμάχως
2450 1788 2463 1807 ,

1395 1815 1689 1867 Λακεδαιμονίοις
1727 1815 1791 1867 μὲν
1822 1815 1971 1868 ἀγαθόν,
2005 1815 2202 1865 Ἀθηναίοις
2235 1816 2272 1856 δὲ
2301 1818 2363 1858 καὶ
2393 1818 2466 1863 τοῖς

1395 1877 1601 1928 συμμάχοις
1630 1875 1757 1914 κακόν·
1779 1874 1802 1914 ἅ
1831 1891 1870 1914 τε
1893 1874 1974 1914 νίκα
1990 1907 2001 1924 ,
2018 1875 2060 1915 ἃν
2094 1875 2148 1915 τοὶ
2175 1876 2351 1922 εἙλλανες
2370 1876 2387 1901 ⁵
2403 1877 2462 1918 τὸν

1396 1935 1540 1988 Πέρσαν
1559 1934 1750 1988 ἐνίκασαν,
1770 1937 1841 1979 τοῖς
1871 1934 1934 1986 μὲν
1954 1932 2135 1975 (Ἕλλασιν
2154 1935 2285 1988 ἀγαθόν
2298 1967 2309 1986 ,
2329 1937 2402 1982 τοῖς
2426 1935 2463 1975 δὲ

1396 1995 1592 2048 βαρὸάροις
1624 1994 1748 2035 κακόν.
1810 1994 1847 2034 ‘A
1867 1995 1983 2034 τοίνυν
2007 1998 2068 2034 τοῦ
2100 1995 2206 2036 Ἰλίου
2233 1995 2368 2050 αἵρεσις
2389 1997 2463 2041 τοῖς

1394 2055 1458 2107 μὲν
1488 2055 1640 2108 Ἀχαιοῖς
1672 2054 1825 2107 ἀγαθόν,
1859 2057 1930 2099 τοῖς
1962 2054 1998 2094 δὲ
2019 2054 2141 2108 Τρωσὶ
2162 2055 2284 2095 κακόν.
2340 2055 2462 2096 Καδδὲ

1393 2116 1501 2155 ταυτὸ
1517 2115 1580 2154 καὶ
1600 2114 1644 2153 τὰ
1664 2116 1734 2153 τῶν
1754 2114 1927 2162 Θηὸαίων
1945 2114 2006 2154 καὶ
2022 2114 2067 2154 τὰ
2081 2117 2150 2154 τῶν
2167 2115 2331 2168 Ἀργείων
2349 2115 2461 2165 πάθη,

1392 2176 1454 2214 καὶ
1475 2175 1497 2213 ἁ
1529 2178 1598 2214 τῶν
1631 2174 1843 2226 Κενταύρων
1878 2174 1940 2212 καὶ
1968 2176 2139 2213 Λαπιθῶν
2175 2175 2278 2228 μοίχα
2303 2179 2375 2220 τοῖς
2394 2174 2460 2225 μὲν

1394 2234 1571 2277 Λαπίθαις
1606 2233 1754 2285 ἀγαθόν,
1781 2234 1852 2278 τοῖς
1886 2232 1922 2271 δὲ
1957 2232 2172 2287 Κενταύροις
2202 2233 2327 2274 κακόν.
2385 2234 2460 2274 Καὶ

1393 2296 1463 2347 μὰν
1479 2295 1538 2334 καὶ
1556 2294 1578 2332 ἁ
1605 2295 1674 2332 τῶν
1691 2296 1778 2332 θεῶν
1798 2293 1859 2331 καὶ
1877 2292 2059 2345 Γιγάντων
2074 2292 2255 2345 λεγομένα
2277 2293 2380 2346 μάχα
2399 2292 2462 2332 καὶ

1392 2355 1473 2395 νίκα
1508 2359 1580 2398 τοῖς
1614 2353 1677 2405 μὲν
1715 2356 1804 2397 θεοῖς
1837 2352 1990 2405 ἀγαθόν,
2021 2355 2092 2397 τοῖς
2119 2352 2154 2391 δὲ
2182 2351 2311 2405 Γίγασι
2331 2352 2458 2395 κακόν.

1390 2495 1515 2528 malum
1529 2520 1537 2534 ‚
1555 2493 1610 2526 sed
1630 2493 1721 2525 fabro
1738 2486 1904 2524 armorum
1929 2492 2066 2525 bonum.
2112 2493 2200 2531 Quin
2218 2492 2317 2526 etiam
2346 2493 2458 2526 fictilia

1391 2555 1490 2587 fracta
1507 2554 1633 2586 caeteris
1655 2552 1789 2594 quidem
1809 2552 1951 2593 malum,
1974 2551 2082 2593 figulis
2103 2560 2182 2585 vero
2198 2552 2332 2585 bonum.
2378 2552 2457 2586 Cal·

1388 2615 1436 2647 cei
1457 2613 1559 2646 attriti
1582 2615 1615 2645 et
1630 2612 1752 2654 dirupti
1772 2612 1843 2644 aliis
1863 2611 1952 2644 certe
1976 2611 2099 2644 malum
2113 2635 2123 2653 ,
2142 2614 2177 2644 at
2198 2611 2302 2645 sutori
2318 2611 2455 2647 bonum.

1388 2673 1437 2707 Ad
1463 2673 1524 2706 lioc
1541 2673 1574 2704 in
1599 2671 1685 2704 ludis
1704 2671 1866 2713 gymnicis
1885 2673 1918 2704 et
1937 2670 2070 2705 musicis
2086 2674 2119 2705 et
2134 2671 2346 2707 militaribus,
2365 2671 2457 2706 verbi

1390 2741 1486 2765 causa
1505 2733 1537 2764 in
1558 2731 1663 2764 stadio
1681 2731 1834 2772 gymnico
1852 2731 1987 2764 victoria
2007 2740 2105 2764 cursu
2129 2733 2295 2773 reportata
2314 2731 2456 2765 vincenti

1387 2792 1509 2826 bonum
1521 2817 1531 2834 ,
1547 2792 1644 2824 victis
1671 2799 1750 2824 vero
1765 2790 1902 2823 malum.
1949 2791 2138 2833 Eademque
2155 2791 2239 2823 ratio
2253 2792 2303 2824 est
2315 2790 2456 2824 luctato·

1387 2862 1459 2884 rum
1474 2856 1506 2885 et
1523 2852 1669 2894 pugilum
1690 2860 1750 2884 nec
1768 2860 1834 2883 non
1854 2852 2048 2884 caeterorum
2065 2851 2213 2888 omniurn
2228 2851 2426 2884 musicorum
2443 2859 2453 2883 ε

1387 2912 1476 2944 velut
1490 2910 1694 2943 citharoedica
1717 2909 1895 2943 modulatio
1914 2910 2053 2943 vincenti
2077 2910 2210 2952 quidem
2234 2910 2357 2942 bonum
2370 2933 2380 2950 ,
2400 2918 2456 2942 su-

1387 2970 1508 3011 peratis
1528 2972 1637 3003 antem
1668 2970 1806 3002 malum.
1854 2969 1908 3002 Sic
1928 2970 2026 3002 etiam
2057 2969 2090 3001 in
2112 2969 2196 3002 bello
2219 2969 2284 3010 (ut
2299 2969 2454 3002 recentis·

1385 3030 1467 3063 sima
1483 3030 1624 3072 primum
1644 3029 1921 3071 commemorem)
1942 3027 2263 3062 Lacedaemoniorum
2295 3028 2453 3069 victoria,

1388 3099 1487 3131 quam
1506 3099 1548 3123 ex
1564 3089 1815 3122 Atheniensibus
1832 3097 2012 3130 eorumque
2029 3087 2125 3120 sociis
2145 3088 2339 3121 rettulerunt
2351 3113 2361 3129 ‚
2373 3089 2455 3130 ipsis

1387 3149 1519 3190 quidem
1534 3148 1656 3181 bonum
1668 3172 1677 3189 ,
1693 3148 1944 3181 Atheniensibus
1957 3148 1990 3180 et
2002 3147 2097 3179 sociis
2110 3147 2233 3179 malum
2250 3156 2258 3176 :
2273 3149 2307 3180 et
2321 3147 2453 3181 victoria

1387 3218 1453 3249 qua
1473 3208 1580 3241 Graeci
1603 3209 1720 3240 Persas
1740 3207 1894 3240 fuderunt
1911 3206 1988 3248 ipsis
2005 3206 2127 3239 bonum
2139 3231 2147 3247 ‚
2163 3208 2197 3239 at
2226 3207 2372 3240 barbaris
2388 3215 2454 3240 ma-

1388 3268 1467 3300 lum.
1513 3262 1573 3300 Sic’
1586 3267 1636 3300 llii
1652 3267 1848 3309 expugnatio
1862 3266 1988 3299 Achaeis
2002 3265 2144 3307 bonum,
2156 3266 2304 3307 Troianis
2316 3266 2452 3300 maium.

1387 3328 1477 3360 Idem
1497 3328 1669 3360 dicendum
1689 3328 1730 3361 de
1751 3327 1885 3360 miseriis
1903 3335 1976 3368 quae
1992 3327 2156 3359 Thebanis
2169 3330 2202 3359 et
2218 3326 2345 3367 Argivis
2361 3326 2451 3358 acci-

1390 3387 1508 3420 derunt
1523 3396 1532 3419 :
1549 3387 1679 3428 insuper
1688 3386 1776 3429 quod
1796 3387 1880 3419 inter
1887 3386 2038 3427 Lapithas
2054 3387 2087 3419 et
2101 3387 2280 3419 Centauros
2295 3385 2449 3418 commis-

1389 3456 1461 3478 sum
1482 3448 1532 3479 est
1547 3447 1697 3488 proelium
1718 3445 1864 3487 Lapithis
1879 3445 2011 3487 quidem
2029 3445 2150 3478 bonum
2161 3469 2172 3487 ‚
2191 3444 2360 3478 Centauris
2375 3451 2452 3476 vero

270 3500 355 3530 terea
372 3498 455 3532 ensis
478 3502 671 3533 consumtus
687 3501 720 3534 et
738 3501 876 3534 obtusus
908 3504 942 3535 et
959 3501 1078 3535 fractus
1105 3502 1177 3536 aliis
1194 3503 1326 3544 quidem
1391 3507 1524 3539 malum.
1569 3507 1655 3546 Quin
1675 3506 1772 3539 etiarn
1791 3515 1896 3548 pugna
1913 3515 1978 3547 qua
2003 3506 2080 3539 deos
2103 3515 2177 3538 eum
2195 3505 2378 3546 gigantibus
2394 3504 2452 3536 de·

1335 3574 1409 3606 54⁴
