2612 3814
36 566 71 636 *Y*
105 582 128 618 6
146 591 223 632 ὅθεν
237 590 369 644 ἤρξατο
387 590 604 665 γιγνόμενον.

118 1218 121 1222 -
144 1194 328 1236 περαίνοντα
346 1195 422 1236 πρὸς
447 1193 566 1232 ἄλληλα
597 1192 684 1225 ἀΐδια
719 1192 794 1226 ὄντα
815 1191 952 1225 accedit.

1000 205 1069 246 DE
1099 204 1344 253 MELISSO,
1356 203 1470 243 ETC.

146 311 182 335 τι
203 295 299 335 καὶ’
279 294 463 347 αγένητον,
481 310 516 334 τι
508 292 703 346 ’μᾶλλον”
680 308 824 347 απειρον
842 292 1043 342 δείκνυταις
1065 294 1210 346 ἄπειρον

146 355 216 408 γὰρ
248 348 339 394 εἶναί
357 369 478 409 φησιν,
507 355 538 392 εἷ
567 351 645 392 ἔστι
676 352 755 403 μέν,
789 352 840 403 μὴ
861 352 982 404 γέγονε
1003 351 1053 391 δέ·
1073 351 1211 406 πέρατα

146 414 215 489 γὰρ
246 408 420 461 εἶναιτὴν
449 415 512 460 τ’ῆς
541 411 710 464 γενέσεως
745 411 860 465 ἀρχήν
880 427 918 450 τε
949 427 1011 451 και
1028 410 1209 458 τελευτήν·

146 474 263 514 καίτοι
291 473 327 513 τί
348 472 478 512 κωλύει
507 471 677 524 ἀγένητον
697 470 734 512 ὂν
764 471 860 525 ἔχειν
883 470 994 525 πέρας
1013 470 1112 516 ἐκτὸς
1139 473 1209 510 τῶν

146 532 365 586 εἷρημένων;
387 533 418 572 εἷ
437 530 505 585 γὰρ
523 530 681 584 ἐγένετο,
697 530 793 584 ἔχειν
809 531 925 584 ἀρχὴν
947 530 1039 577 ἀξιοῖ
1056 530 1203 581 ταύτην,

661 591 710 631 Τί
726 589 768 638 δὴ
783 590 927 640 κωλύει,
946 606 1008 629 και
1021 593 1052 629 εἰ
1065 588 1116 641 μὴ
1133 591 1211 639 ἐγέ-

145 667 222 691 νετο
232 650 353 704 ,ἔχειν
382 649 516 703 ἀρχήν,
547 651 586 689 οὐ
610 647 733 701 μέντοι
757 665 798 704 γε
818 648 852 696 ἐξ
875 655 917 699 ἧς
947 649 1109 702 ἐγένετο,
1130 650 1210 688 ἀλλ’

146 708 287 765 ἑτέραν,
302 726 363 749 και
390 703 479 749 εἶναι
495 709 707 763 περαίνοντα
727 710 815 783 πρὸς
832 709 971 758 ἄλληλα
992 706 1089 748 ἀιδια
1110 708 1208 750 ὄντα.

144 769 231 812 Ἔτι
250 769 285 809 τί
298 769 447 820 κωλύει,
464 769 580 819 τὸμὲν
595 769 675 808 ὅλον
701 769 868 822 ἀγένητον
889 767 926 809 ὂν
943 769 1087 822 ἄπειρον
1104 762 1209 820 εἰναι,

145 828 191 870 τὰ
215 829 247 870 δ’
278 831 315 869 ἐν
341 830 438 883 αὐτῶ
463 829 655 881 γιγνόμενα
689 829 927 882 πεπεράνθαι,
960 828 1073 882 ἔχοντ’
1097 826 1212 882 ἀρχὴν

2258 218 2331 251 287

1275 308 1336 331 και
1348 290 1513 340 τελευτὴν
1528 290 1716 343 γενέσεως;
1736 290 1786 330 ἔτι
1802 290 1879 339 καί,
1893 292 1938 336 ὡς
1957 293 1976 330 ὁ
1991 291 2217 344 Παρμενίδης
2233 294 2336 347 φησί,

1272 351 1306 390 τί
1322 350 1450 391 κωλύει
1470 365 1531 389 και
1546 349 1586 389 τὸ
1611 356 1682 389 πᾶν
1715 349 1752 388 ἓν
1773 349 1810 388 ὂν
1837 365 1899 389 και
1921 350 2090 402 ἀγένητον
2111 350 2207 404 ὅμως
2226 369 2338 393 πεπε-

1274 410 1413 464 ράνθαι,
1429 410 1490 449 καὶ
1507 403 1597 449 εἶναι
1612 408 1782 448 πάντοθεν
1796 409 1965 448 εὐκύκλου
1980 409 2130 463 σφαίρης
2141 412 2337 465 ἐναλίγκιον

1272 470 1388 524 ὄγκῳ,
1408 468 1577 521 μεσσόθεν
1598 468 1767 513 ἷσοπαλὲς
1786 468 1923 521 πάντῃ·
1940 469 1979 508 τὸ
1992 469 2060 522 γὰρ
2075 469 2153 509 οὔτε
2167 487 2201 509 τι
2222 474 2339 522 μεῖζον

1273 529 1351 569 οὔτε
1366 545 1399 568 τι
1415 529 1595 583 βαιότερον
1614 527 1769 581 πελέμεν
1783 528 1899 581 χρεών
1915 529 1990 568 ἐστι
2006 531 2050 582 τῇ
2068 527 2091 576 ἢ
2110 531 2169 582 τῇ.
2226 530 2338 584 ''E-Aoo
2362 543 2396 569 ιι)

1274 588 1310 628 δὲ
1332 586 1441 639 μέσον
1462 588 1523 628 καὶ
1543 586 1701 641 ἔσχατα,
1719 586 1830 640 πέρας
1853 586 1927 640 ἔχει
1947 587 2117 641 ἀγένητον
2133 587 2184 638 ὄν,
2205 588 2282 627 ἐπεὶ
2309 588 2338 627 εἷ

1273 648 1355 697 καί,
1376 651 1423 693 ὡς
1449 647 1550 693 αὐτὸς
1577 647 1694 700 λέγει,
1725 646 1760 687 ἕν
1788 649 1875 696 ἐστι,
1892 647 1954 686 καὶ
1979 652 2081 688 τοῦτο
2111 651 2232 701 σῶμα,
2266 648 2339 702 ἔχει

1275 707 1367 746 ἄλλα
1382 709 1506 747 ἑαυτοῦ
1529 706 1619 760 μέρη
1645 706 1707 746 καὶ
1726 710 1839 746 ταῦτα
1869 706 1974 759 ὅμοια
2005 707 2136 747 πάντα·
2193 708 2254 748 καὶ
2272 708 2340 760 γὰρ

1274 765 1392 819 δ’μοιον
1414 766 1506 807 οὕτω
1536 767 1631 820 λέγει
1653 766 1694 806 τὸ
1725 772 1797 806 πᾶν
1819 760 1929 816 εἶναι,
1945 767 2026 820 οὐχὶ
2045 770 2091 811 ὡς
2109 767 2210 807 ἄλλοι
2232 768 2341 822 ἑτέρῳ

1274 828 1360 881 τινί,
1374 829 1461 882 ὅπερ
1475 828 1536 868 καὶ
1553 828 1787 882 Ἀναξαγόρας
1801 828 1955 882 ἐλέγχει,
1971 827 2025 868 ὅτι
2041 828 2160 882 ὅμοιον
2173 828 2215 868 τὸ
2229 829 2339 867 ἄπει-
2363 841 2396 868 15

144 1003 204 1045 sia,
221 1002 309 1045 quod
329 1003 370 1035 sit
385 1003 545 1035 aeternum
568 1001 601 1034 id
623 1001 803 1034 necessario
817 1001 979 1033 infinitum
1002 1009 1075 1033 esse
1094 1003 1203 1041 negat.

143 1053 181 1085 ln
206 1060 271 1094 quo
288 1051 410 1092 insigne
429 1050 626 1090 conjecturae
639 1050 728 1086 ἐκτὸς
752 1052 816 1081 τῶν
833 1049 1003 1090 εἰρημένων
1025 1049 1208 1080 firmamen-

143 1100 216 1131 tum
233 1107 271 1132 ex
295 1098 334 1130 iis
352 1107 425 1140 quae
437 1097 653 1138 subjiciuntur
662 1097 691 1129 τί
705 1097 742 1136 δὴ
757 1097 886 1132 κωλύει,
899 1097 954 1129 καὶ
970 1097 997 1129 εἰ
1011 1096 1054 1138 μή
1068 1096 1204 1137 ἐγένετο,

144 1146 229 1188 ἔχειν
240 1146 357 1188 ἀρχήν,
371 1146 408 1178 οὐ
429 1146 533 1187 μέντοι
549 1156 585 1186 γε
599 1145 628 1181 ἐξ
641 1144 679 1184 ἦς
691 1145 826 1186 ἐγένετο,
841 1144 908 1176 ἀλλ’
924 1144 1044 1187 ἑτέραν,
1061 1145 1114 1176 καὶ
1129 1144 1208 1176 εἶναι

998 1192 1206 1233 Caeteroquin

143 1241 307 1275 Aristoteli
321 1240 423 1281 ipsius
441 1239 560 1273 Melissi
576 1240 815 1279 fragmentum,
838 1239 926 1281 quod
951 1239 1094 1272 servavit
1121 1240 1207 1272 Sim-

144 1288 261 1330 plicius
282 1288 314 1320 in
348 1287 446 1329 Phys.
470 1296 504 1328 p.
526 1289 566 1319 23
597 1287 618 1318 b
644 1286 701 1326 (cf.
722 1287 836 1327 fragm.
867 1288 906 1327 7)
928 1286 981 1319 liic
999 1287 1208 1320 obversatum

143 1336 286 1369 videtur.
331 1337 370 1368 In
391 1336 447 1368 illo
464 1335 551 1368 enim
569 1335 686 1377 legitur
698 1336 812 1378 ἤρξατο
826 1335 886 1378 γὰρ
899 1336 937 1368 ἄν
950 1346 1028 1369 ποτε
1043 1335 1208 1378 γινόμενον

142 1384 264 1426 pariter
282 1386 381 1425 atque
400 1393 418 1416 a
437 1383 532 1417 nobis
544 1391 620 1418 cum
641 1383 776 1425 Bergkio
791 1383 979 1416 restitutum
995 1386 1056 1417 est.

184 1441 217 1474 p.
241 1433 312 1464 976.
332 1440 364 1464 a.
390 1435 419 1465 1.
439 1433 478 1465 Τί
501 1432 539 1471 δὴ
559 1431 694 1472 κωλύει,
707 1432 765 1464 καὶ
779 1432 807 1464 εἰ
826 1432 868 1474 μή
891 1432 1034 1473 ἐγένετο,
1056 1432 1140 1473 ἔχειν
1159 1431 1210 1475 ἀρ·

141 1479 215 1521 χήν,
232 1479 270 1512 οὐ
282 1479 387 1521 μέντοι
406 1490 442 1520 γε
458 1479 488 1515 ἐξ
503 1479 540 1519 ἧς
555 1490 591 1520 γε
607 1479 743 1520 ἐγένετο,
756 1479 836 1511 ἀλλὰ
850 1480 904 1512 καὶ
920 1481 1025 1523 ἑτέραν
1035 1489 1042 1496 ·
1059 1481 1114 1512 καὶ
1128 1480 1208 1512 εἶναι

140 1525 326 1568 περαίνοντα
350 1526 426 1569 πρὸς
459 1527 578 1565 ἄλληλα
600 1526 688 1559 ἀΐδια
706 1526 793 1559 ὄντα,
839 1527 901 1559 Hic
927 1528 1101 1568 particulas
1123 1539 1160 1569 γε
1177 1530 1209 1561 et

140 1573 195 1605 καὶ
217 1576 336 1606 temere
356 1581 376 1605 a
395 1573 525 1606 librario
539 1574 683 1615 adJectas
703 1577 759 1607 aut
777 1583 795 1607 e
813 1575 1036 1616 superioribus
1050 1575 1134 1609 male
1156 1585 1208 1608 re-

141 1621 258 1662 petitas
279 1622 350 1653 loco
364 1621 543 1655 movendas
555 1630 625 1655 esse
644 1622 676 1654 in
696 1624 847 1664 promptu
867 1625 931 1656 est.
975 1624 1090 1665 Itaque
1109 1626 1207 1666 Berg-

140 1669 215 1702 kius
239 1669 358 1702 melius
378 1669 537 1703 distinctis
560 1670 686 1703 caeteris
702 1670 740 1703 οὐ
767 1671 873 1712 μέντοι
897 1671 928 1709 ἐξ
951 1671 988 1712 ἧς
1013 1683 1050 1713 γε
1066 1672 1207 1713 ἐγένετο,

141 1715 221 1749 ἀλλὰ
235 1716 341 1759 ἑτέραν
355 1716 515 1757 conjecit;
530 1717 632 1759 possis
645 1717 742 1750 etiam
758 1718 795 1751 ού
809 1718 913 1760 μέντοι
926 1730 963 1760 γε
979 1719 1009 1756 ἐξ
1025 1719 1062 1760 ἧς
1075 1719 1209 1760 ἐγένετο,

141 1764 210 1797 ἁλλ’
241 1765 347 1807 ἑτέραν
371 1773 541 1806 reponere.
583 1767 632 1798 De
658 1765 782 1807 reliquo
809 1774 847 1799 ea
877 1775 953 1807 quac
986 1766 1040 1799 liic
1056 1766 1209 1800 dicuntur

141 1813 337 1845 concinunt
339 1821 414 1845 cum
429 1812 530 1854 ipsius
546 1812 666 1846 Melissi
681 1812 899 1855 disputatione
910 1814 996 1855 apud
1011 1814 1158 1856 Simplic.
1176 1814 1210 1847 in

142 1860 243 1901 Phys.
252 1869 294 1913 p.
315 1863 355 1893 22
376 1859 409 1899 b,
432 1861 500 1900 etp
519 1859 592 1892 23b
609 1859 665 1901 (cf.
689 1860 803 1900 fragm.
822 1863 840 1893 3
858 1864 891 1893 et
914 1860 976 1902 10).

196 1910 228 1941 4.
252 1900 319 1941 Ἐτι
336 1908 367 1940 τί
385 1907 501 1940 κωλύει
526 1907 563 1940 τὸ
581 1918 636 1948 μεν
654 1907 750 1939 ὅλον’
736 1907 904 1949 αγέννητον
922 1908 957 1941 ὃν
975 1908 1101 1951 ἄπειρον
1115 1908 1208 1950 εἶναι,

142 1955 184 1988 τὰ
197 1956 227 1989 δ’
240 1957 275 1992 ’ἐν
294 1955 381 1996 αὐτῷ
394 1956 566 1998 γιγνόμενα
577 1954 780 1998 πεπεράνθαι,
799 1956 902 1998 ἔχοντ’
916 1956 1016 1999 ἀρχὴν
1034 1957 1088 1990 καὶ
1103 1957 1209 1990 τελευ-

140 2003 198 2044 τὴν
215 2005 384 2045 γενεσῒῑῖΐς;
398 2003 443 2036 ἔτι
459 2003 512 2035 καὶ
524 2004 566 2040 ὡς
578 2003 595 2035 ὁ
611 2003 808 2046 Παρμενίδης
827 2003 916 2046 φησί,
927 2004 957 2037 τί
971 2005 1086 2038 κωλύει
1103 2006 1155 2038 καὶ
1172 2005 1209 2038 τὸ

141 2054 206 2084 πᾶν
225 2052 258 2084 ἓν
274 2051 308 2084 ὃν
324 2051 379 2084 καὶ
395 2051 546 2092 ἀγένητον
559 2050 645 2092 ὅμως
664 2051 877 2094 πεπεράνθαι,
891 2052 945 2084 καὶ
960 2053 1038 2085 εἶναι
1059 2053 1209 2086 πάντοθεν

142 2100 297 2141 ἐγκύκλου
313 2099 446 2143 σφαίρας
461 2099 634 2141 ἐναλίγκιον
648 2099 747 2141 ὄγκῳ,
767 2101 918 2140 μέσσοθεν
929 2102 1078 2139 ἰσοπαλὲς
1094 2102 1208 2143 πάντῃ·

140 2147 178 2180 τὸ
194 2148 254 2192 γὰρ
269 2148 342 2181 οὔτε
352 2158 383 2180 τι
399 2150 503 2188 μεῖζον
518 2147 590 2180 οὔτε
604 2158 634 2180 τι
645 2147 806 2191 βαιὸτερον
818 2148 900 2181 εἶναι
924 2150 1014 2191 μέχρι
1029 2150 1064 2181 ὃν
1084 2149 1152 2182 ἐστι
1171 2154 1209 2191 τῇ

140 2192 164 2235 ἦ
179 2199 231 2237 τῇ.
274 2196 326 2228 Ita
350 2193 516 2228 Bekkerus
543 2195 651 2227 locum
679 2195 834 2236 vulgavit,
852 2195 884 2228 in
912 2205 979 2237 quo
1004 2196 1147 2238 primum
1176 2196 1208 2229 id

143 2243 356 2280 mirari1subit
378 2242 467 2285 quod
479 2242 529 2275 vir
541 2241 750 2276 doctissimus
775 2242 869 2276 initio
883 2243 1064 2286 ἀγέννητον,
1079 2244 1209 2285 deinde,

142 2290 308 2333 quomodo
327 2290 600 2332 hie-ponendum,
621 2290 772 2332 ἀγένητον
786 2291 926 2333 scripsit.
973 2294 1074 2325 Porro
1092 2293 1125 2326 in
1139 2301 1211 2326 ver·

143 2340 235 2371 sibus
254 2338 475 2372 Parmenideis
492 2338 547 2378 (cf.
572 2346 604 2371 V.
632 2338 809 2380 103-105)
833 2339 888 2380 qui
902 2348 920 2372 a
943 2340 1091 2381 pluribus
1105 2340 1209 2373 citan-

142 2389 198 2420 tur
214 2386 427 2429 scriptoribus
440 2386 521 2427 (vid.
538 2386 726 2427 comment.)
741 2395 779 2418 ac
799 2386 883 2419 sacili
903 2387 1032 2428 negotio
1044 2388 1209 2421 emendari

110 2432 112 2434 ’
145 2436 312 2475 poterant,
329 2442 396 2466 non
408 2433 505 2466 modo
522 2433 675 2474 ἐγκύκλου
689 2433 820 2475 reliquit
838 2443 895 2475 pro
911 2444 948 2467 eo
959 2435 1048 2476 quod
1064 2438 1111 2468 est
1121 2435 1209 2477 apud

144 2483 334 2521 Platonem,
348 2480 549 2522 Simplicium
573 2483 605 2513 et
624 2483 657 2513 in
672 2481 745 2513 cod.
770 2481 859 2522 Lips.
880 2482 1044 2522 εὐκύκλου,
1059 2483 1114 2516 sed
1134 2483 1211 2516 ulti-

146 2537 237 2561 mum
254 2537 384 2562 versum
408 2530 476 2560 tam
496 2528 654 2561 'mendose
677 2528 799 2568 edidit,
833 2531 868 2561 ut
895 2529 1027 2571 intelligi
1057 2534 1209 2572 nequeat,

145 2575 297 2618 quamvis
318 2584 377 2617 pro
395 2575 592 2619 βεὸαιότερον
608 2575 694 2617 quod
714 2575 747 2608 iu
765 2576 929 2609 veteribus
946 2577 1128 2611 Aristotelis
1144 2578 1211 2611 edi·

145 2624 288 2657 tionibus
323 2624 432 2656 exstat
458 2623 565 2656 nescio
589 2623 707 2665 ingenii
737 2633 778 2656 an
813 2624 936 2658 codicis
962 2634 1023 2667 ope
1045 2626 1210 2668 scripserit

146 2672 323 2714 βαιότερον.
367 2671 545 2713 Scripturae
564 2671 680 2704 ruenda
693 2672 770 2706 suut
786 2671 819 2705 in
835 2672 918 2705 libro
937 2673 1098 2714 Lipsiensi
1115 2674 1209 2715 ὄγκον

147 2729 205 2761 pro
215 2719 304 2762 ὄγκῳ
328 2719 425 2761 (infra
435 2721 544 2752 tamen
560 2719 661 2762 ὄγκῳ)
674 2723 706 2752 et
716 2729 789 2761 quae
799 2729 864 2753 non
878 2720 1033 2754 differunt
1047 2730 1066 2754 a
1077 2721 1211 2755 Bekkeri

146 2768 304 2801 contextu
317 2767 397 2799 εἶναι
414 2767 504 2810 μέχρι
529 2766 565 2800 ὄν
589 2767 656 2800 ἐστι
683 2771 737 2810 τῇ,
763 2768 882 2810 quibus
904 2768 1070 2810 interjecta
1090 2770 1210 2803 lacuna

145 2814 220 2856 ἔχον
240 2815 458 2856 subjungitur.
502 2815 565 2848 Sed
583 2815 671 2848 unde
689 2815 739 2848 his
760 2815 906 2849 versibus
921 2817 1082 2850 medicina
1102 2819 1210 2851 afferri

146 2863 271 2903 posset,
284 2861 352 2904 jam
367 2862 449 2895 bene
469 2864 676 2905 perspexerat
698 2862 916 2905 Spaldingius.
944 2864 1076 2906 corrige
1089 2866 1208 2907 igitur:

248 2931 399 2965 πάντοθεν
416 2932 569 2966 εὐκύκλου
591 2934 722 2977 σφαίρης
739 2934 912 2975 ἐναλίγκιον
925 2935 1013 2979 ὄγκῳ

250 2980 404 3022 μεσσόθεν
413 2981 561 3019 ἱσοπαλὲς
578 2982 697 3023 πάντῃ·
715 2983 751 3016 τὸ
770 2983 830 3026 γὰρ
847 2984 920 3017 οὔτε
931 2995 961 3016 τι
976 2987 1077 3024 μεῖζον

250 3027 323 3060 οὔτε
335 3039 365 3060 τι
380 3027 542 3072 βαιότερον
557 3030 690 3072 πελέμεν
708 3032 809 3074 χρεών
820 3031 886 3064 ἐστι
902 3035 940 3074 τῇ
951 3033 970 3070 ἢ
984 3035 1034 3074 τῇ.

147 3097 206 3129 Est
219 3105 297 3130 vero
309 3099 440 3139 πελὲμεν
455 3098 540 3140 apud
556 3099 773 3140 Simplicium,
784 3101 909 3132 πελέναι
926 3100 1010 3141 apud
1029 3100 1206 3132 Platonem.

193 3147 242 3178 10.
264 3145 364 3188 Ἐχον
377 3147 409 3179 δὲ
429 3148 524 3188 μέσον
538 3148 591 3180 καὶ
617 3149 750 3190 ἔσχατα,
773 3150 867 3190 πέρας
885 3149 949 3190 ἔχει
969 3148 1135 3189 ἀγέννητον
1160 3147 1210 3188 ὄν,

148 3192 215 3224 ἐπεὶ
228 3193 255 3224 εἰ
270 3193 338 3228 καί,
369 3195 410 3231 ὡς
440 3194 531 3231 αὐτὸς
551 3196 654 3236 λέγει,
679 3196 711 3228 ἓν
737 3196 803 3228 ἐστι
826 3196 879 3227 καὶ
907 3199 1001 3229 τοῦτο
1021 3199 1127 3235 σῶμα,
1147 3195 1211 3236 ἔχει

148 3239 227 3270 ἄλλα
243 3240 356 3272 ἑαυτοῦ
378 3242 454 3283 μέρη
466 3266 474 3281 ,
488 3242 514 3274 εἰ
526 3242 600 3275 τάδε
617 3242 712 3285 ὅμοια
727 3242 840 3275 πάντα.
886 3243 939 3275 καὶ
956 3243 1015 3285 γὰρ
1035 3243 1143 3283 ὅμοιον
1161 3243 1213 3274 οὔ·

147 3297 194 3318 τω
206 3287 288 3326 λέγει
302 3287 338 3319 τὸ
357 3291 419 3320 πᾶν
439 3289 516 3321 εἶναι
534 3289 585 3322 οὐ.
602 3314 610 3323 .
637 3313 646 3323 .
671 3313 681 3323 .
706 3291 789 3333 ἄλλῳ
806 3290 876 3328 τινί,
892 3291 908 3322 ὃ
923 3291 1109 3333 περανθῆναι
1124 3291 1210 3332 ὁρᾷς,

150 3333 198 3364 ἐ)-’
185 3345 269 3375 ;γχει
286 3345 313 3366 ει
333 3346 363 3368 τι
386 3335 496 3394 ὅμοιον
510 3338 546 3370 τὸ
563 3337 701 3394 ἀπἐιρον.
745 3338 782 3370 τό
795 3349 831 3379 γε
847 3338 967 3380 ὅμοιον,
982 3338 1030 3370 ἑτέ
1033 3349 1076 3379 ρῳ
1091 3338 1210 3379 ὅμοιον,

149 3380 234 3412 ὥστε
257 3381 312 3413 δ3ο
334 3383 353 3421 ἢ
369 3383 466 3414 πλίεω
481 3383 555 3415 ὄντα
579 3384 636 3416 οὐκ
651 3386 688 3417 ἂν
709 3385 742 3419 ἒν
767 3384 832 3418 ουδ’
851 3385 980 3426 ἄπειρον
997 3384 1022 3416 εἷ
1025 3396 1087 3416 ν.αι
1134 3383 1212 3419 Ἀλλ’

149 3425 229 3463 ῐσως
250 3429 285 3460 τὸ
305 3428 413 3469 ὅμοιον
427 3431 501 3472 πρὸς
514 3430 570 3463 αύτ
573 3432 590 3464 ὸ
612 3433 692 3473 λέγει
713 3433 766 3464 καὶ
785 3433 876 3474 φησὶν
893 3432 949 3463 αὐτ
952 3432 968 3464 ὸ
1012 3432 1083 3473 ὅμοι
1086 3443 1120 3464 ,ν
1134 3431 1160 3464 εἶ
1161 3442 1211 3463 ναι

150 3477 213 3506 πᾶν
230 3475 276 3507 ὅτι
294 3476 451 3520 ὁμοιομεζἸ
427 3489 472 3515 ἰες
492 3478 575 3522 ὕδωρ
589 3479 623 3512 ὃν
640 3479 723 3513 ἅπαν
742 3482 762 3520 ἢ
782 3485 821 3522 γῆ
840 3482 858 3519 ἢ
874 3481 899 3512 εἴ
917 3492 944 3512 τι
966 3482 1104 3512 τοιοῦτον
1122 3479 1209 3511 ἄλ.λο

1273 1001 1375 1033 Merae
1398 1000 1453 1032 liic
1471 1000 1607 1033 salebrae
1628 1001 1706 1033 sunt
1728 1001 1828 1042 atque
1846 1002 1883 1032 ut
1907 1000 2114 1042 Spaldingius
2131 1000 2176 1033 ait
2200 1000 2347 1042 βὸρὸορος

1273 1049 1396 1089 παχύς,
1414 1048 1469 1081 sed
1496 1048 1692 1090 exemplaris
1718 1048 1896 1090 Lipsiensis
1918 1048 2039 1081 auxilio
2058 1058 2100 1081 ex
2120 1049 2170 1081 his
2195 1049 2340 1080 locorum

1272 1095 1429 1136 angustiis
1441 1095 1549 1137 aliqua
1566 1105 1605 1128 ex
1624 1096 1714 1136 parte
1732 1105 1894 1137 emergere
1908 1096 2029 1129 licebit.
2075 1098 2156 1129 Post
2190 1096 2340 1138 ἀγένητον

1271 1142 1306 1174 ὄν
1326 1142 1445 1175 iterum
1458 1142 1491 1174 in
1508 1143 1564 1176 illo
1577 1142 1689 1176 codice
1705 1143 1865 1184 reperitur
1885 1143 2014 1183 lacuna,
2033 1153 2132 1185 quam
2149 1152 2204 1177 sex
2223 1146 2341 1177 octove

1273 1192 1389 1223 litterae
1415 1191 1545 1233 explere
1580 1192 1752 1233 poterant,
1780 1200 1819 1224 ac
1839 1192 1956 1224 deinde
1975 1196 2061 1225 ποιεῖ
2084 1192 2137 1225 καὶ
2163 1194 2206 1229 ὡς
2228 1191 2340 1232 aiaton

1273 1242 1345 1280 post
1365 1240 1442 1282 μέρη
1465 1239 1556 1273 deest
1570 1241 1610 1280 εἰ,
1625 1243 1696 1273 tum
1713 1239 1812 1273 habet
1831 1241 1871 1272 τὰ
1886 1240 1919 1273 δὲ
1935 1240 2032 1281 ὅμοια
2044 1241 2159 1273 πάντα.
2205 1243 2281 1274 Mox
2303 1243 2342 1274 τὸ

1270 1290 1333 1319 πᾶν
1355 1287 1447 1328 εἶναι,
1470 1288 1541 1330 οὐχὶ
1558 1289 1600 1324 ὡς
1614 1288 1739 1320 ἄλλ.....
1767 1287 1840 1327 τινί,
1866 1288 1952 1321 unde
1978 1288 2168 1329 intelligitur
2199 1291 2340 1331 spatium

1271 1334 1396 1367 lacunoe
1417 1335 1523 1375 majus
1539 1343 1624 1375 esse,
1637 1344 1736 1376 quam
1759 1335 1847 1376 quod
1871 1335 1941 1368 solo
1962 1349 1989 1378 ῳ
2005 1337 2188 1378 expleatur.
2233 1340 2343 1375 Quare

1274 1383 1411 1416 Beckius
1421 1383 1558 1424 conjecit
1578 1384 1651 1425 οὐχὶ
1668 1385 1710 1420 ὡς
1731 1383 1832 1423 ἄλλοι,
1848 1384 1943 1426 ἑτέρῳ
1959 1384 2032 1417 τινί.
2078 1385 2231 1427 Sequitur
2247 1386 2342 1419 lectio

1273 1429 1493 1463 memorabilis
1507 1429 1549 1462 ab
1565 1430 1695 1463 Oleario
1712 1430 1867 1470 neglecta.
1912 1432 1995 1463 Nam
2024 1441 2081 1472 pro
2103 1432 2221 1465 vitioso
2254 1433 2342 1465 ὃπε-

1271 1479 1417 1520 ρανθῆναι
1430 1479 1503 1521 ὁρᾷς
1520 1478 1642 1520 ἐλέγχει
1657 1477 1684 1510 εἷ
1697 1489 1727 1510 τι
1742 1478 1903 1519 reperitur
1921 1478 1997 1522 ὅπερ
2007 1479 2211 1522 Ἀθηναγόρας
2223 1480 2344 1522 ἐλέγχει

1271 1525 1317 1558 ὅτι
1332 1526 1440 1567 ὅμοιον
1451 1527 1488 1559 τὸ
1498 1526 1638 1567 ἄπειρον.
1682 1525 1899 1567 Athenagorae
1912 1535 2032 1559 nomen
2051 1527 2084 1559 in
2105 1527 2249 1570 margine
2264 1537 2343 1569 quo,-

1271 1583 1334 1615 que
1355 1574 1500 1614 Codicis,
1517 1574 1573 1606 sed
1590 1573 1769 1607 recentiore
1789 1583 1888 1607 manu
1908 1575 2050 1617 positum
2074 1584 2178 1617 quum
2199 1574 2344 1608 alienum

1271 1622 1312 1653 ab
1329 1621 1476 1654 hocloco
1499 1621 1553 1661 sit,
1571 1620 1606 1654 in
1619 1623 1819 1662 Anaxagorae
1829 1631 1949 1656 nomen
1967 1623 2162 1655 mutandum
2179 1631 2251 1656 esse
2267 1625 2342 1656 Bec-

1271 1667 1344 1700 kius
1366 1667 1547 1701 adnotavit.
1572 1668 1656 1700 Ante
1668 1667 1737 1701 ἀλλ’
1755 1668 1834 1707 ἴσως
1850 1669 1883 1702 in
1897 1670 1969 1702 cod.
1983 1670 2078 1711 plene
2097 1669 2342 1712 interpunctum

1271 1715 1342 1756 est3
1361 1716 1432 1748 tum
1454 1715 1531 1757 πρὸς
1551 1715 1589 1748 τὸ
1614 1715 1690 1748 αὐτὸ
1719 1716 1846 1757 legitur.
1897 1717 2047 1758 Denique
2072 1717 2166 1750 aliter
2193 1721 2292 1759 atque
2311 1718 2343 1750 in

1272 1763 1437 1796 veteribus
1447 1762 1657 1803 editionibus,
1667 1762 1723 1796 ubi
1737 1766 1787 1797 est
1802 1765 1858 1805 τὴν
1872 1769 1944 1806 γῆν,
1958 1765 1991 1797 ἰη
1999 1765 2111 1798 codice
2119 1765 2173 1798 illo
2183 1766 2343 1808 scriptum

1271 1813 1321 1843 est
1337 1813 1356 1849 ἡ
1375 1814 1416 1852 γῆ
1431 1811 1453 1850 ἦ
1469 1822 1498 1843 τι
1514 1813 1660 1843 τοιοῦτον
1677 1811 1763 1843 ἄλλο.
1779 1812 1884 1845 Multa
1902 1812 2034 1854 quidem
2053 1813 2259 1855 Spaldingius
2277 1823 2344 1847 nou

1271 1859 1357 1891 male
1368 1858 1537 1891 constituit
1547 1858 1594 1890 sic
1605 1858 1776 1892 scribendo
1790 1859 1908 1902 ιἜχον
1918 1861 1951 1893 δὲ
1968 1861 2064 1902 μέσον
2074 1861 2127 1894 καὶ
2139 1861 2274 1903 ἔσχατα,
2285 1863 2344 1895 πέ-

1271 1919 1324 1949 ρας
1344 1907 1409 1949 ἔχει
1421 1907 1571 1948 ἀγένητον
1588 1906 1635 1946 ὄν,
1650 1906 1717 1939 ἐπεὶ
1734 1908 1760 1940 εἶ
1783 1908 1837 1940 καὶ
1860 1909 1903 1945 ὡς
1917 1908 2008 1945 αὐτὸς
2028 1909 2122 1950 λέγει,
2145 1909 2177 1942 ἔν
2194 1910 2275 1949 ἐστι,
2288 1912 2344 1942 καὶ

1271 1957 1363 1986 τοῦτο
1391 1954 1458 1994 (vel
1484 1954 1598 1994 οὕτως)
1617 1955 1754 1996 σώματα
1776 1956 1841 1997 ἔχει
1864 1956 1944 1988 ἄλλα
1969 1957 2083 1989 ἑαυτοῦ
2109 1957 2204 1998 μέρη,
2223 1958 2250 1990 εἰ
2272 1957 2345 1991 τόδε

1271 2002 1380 2042 ὅμοιον
1393 2002 1496 2044 πάντῃ
1507 2011 1515 2018 ·
1535 2003 1589 2035 καὶ
1600 2002 1659 2044 γὰρ
1670 2002 1781 2045 ὅμοιον
1798 2004 1882 2037 οὕτω
1895 2005 1977 2046 λέγει
1990 2005 2026 2038 τὸ
2047 2008 2109 2038 πᾶν
2117 2005 2210 2045 εἶναι,
2231 2006 2291 2048 οὐχ
2301 2008 2343 2043 ὡς

1271 2050 1357 2092 ἄλλῳ
1367 2051 1425 2083 τινὶ
1436 2049 1473 2084 οὗ
1485 2051 1673 2094 περανθῆναι
1688 2052 1727 2084 ἂν
1739 2051 1821 2094 ὅροις
1835 2051 1955 2094 ἐλέγχει
1970 2052 1998 2085 εἷ
2012 2064 2072 2085 τινι
2089 2053 2200 2095 ὅμοιον
2211 2054 2247 2086 τὸ
2256 2055 2344 2086 ἀπει-

1271 2108 1337 2140 ρον·
1355 2097 1392 2130 τὸ
1405 2097 1465 2140 γὰρ
1482 2098 1591 2139 ὅμοιον
1611 2099 1707 2141 ἑτέρῳ
1724 2099 1848 2142 ὅμοιον,
1866 2100 1950 2132 ὥστε
1967 2100 2022 2133 δύο
2038 2101 2058 2140 ἢ
2080 2100 2181 2133 πλείω
2194 2100 2271 2133 ὄντα
2287 2101 2347 2133 οὐκ

1272 2146 1310 2177 ἂν
1324 2145 1356 2177 ἓν
1369 2144 1434 2178 οὐδ’
1461 2145 1588 2189 ἄπειρον
1610 2146 1702 2179 εἶναι.
1748 2146 1826 2180 Ἀλλ’
1843 2147 1921 2185 ἴσως
1934 2148 1971 2181 τὸ
1989 2148 2099 2189 ὅμοιον
2118 2148 2194 2191 πρὸς
2219 2149 2256 2181 τὸ
2268 2149 2344 2182 αὐτὸ

1270 2193 1352 2234 λέγει
1367 2193 1420 2225 καί
1433 2205 1530 2233 φησιν
1538 2194 1615 2227 αὐτὸ
1628 2195 1715 2237 αὐτῷ
1736 2195 1846 2236 ὅμοιον
1859 2195 1938 2228 εἶναι
1952 2196 1988 2229 τὸ
2001 2199 2078 2238 πᾶν,
2089 2196 2136 2228 ὅτι
2148 2197 2344 2239 ὁμοιομερές,

1271 2241 1355 2283 ὕδωρ
1371 2241 1406 2274 ὃν
1424 2241 1508 2275 ἅπαν
1521 2242 1541 2281 ἢ
1561 2246 1620 2283 γῆν
1633 2243 1653 2281 ἢ
1669 2243 1697 2275 εί
1709 2254 1740 2275 τι
1754 2246 1896 2275 τοιοῦτον
1912 2243 1999 2276 ἄλλο.
2044 2243 2107 2277 Sed
2126 2252 2229 2285 quum
2247 2244 2344 2277 Olea·

1271 2288 1310 2320 rii
1328 2288 1526 2331 indiligentia
1543 2289 1698 2331 deceptus
1718 2299 1812 2323 veras
1830 2290 1901 2323 libri
1919 2291 2095 2333 Lipsiensis
2107 2292 2262 2325 lectiones
2278 2301 2344 2325 non

1271 2340 1393 2377 nosset,
1414 2347 1479 2370 non
1495 2338 1544 2372 est
1558 2337 1740 2370 mirandum
1752 2363 1762 2379 ‚
1781 2338 1888 2371 virum
1909 2339 2219 2380 proestantissimum
2233 2341 2343 2373 tamen

1272 2395 1335 2417 non
1353 2385 1473 2427 ubique
1492 2394 1607 2419 verum
1626 2386 1798 2419 invenisse.
1844 2387 1966 2419 Contra
1983 2386 2140 2428 Bergkius
2151 2389 2263 2420 auctor
2278 2389 2341 2427 est,

1272 2436 1307 2465 ut
1329 2433 1360 2465 in
1379 2433 1465 2465 hunc
1489 2433 1624 2466 modum
1645 2435 1712 2466 tota
1735 2435 1824 2476 ῥῆσις
1848 2433 2053 2475 refingatur:
2079 2435 2179 2476 Ἐχον
2194 2435 2226 2467 δὲ
2245 2436 2343 2477 μέσον

1271 2481 1324 2513 καὶ
1339 2482 1474 2523 ἔσχατα,
1494 2481 1589 2524 πέρας
1602 2481 1681 2523 ἔχει,
1698 2481 1849 2522 ἀγένητον
1871 2481 1918 2514 ὅν.
1963 2482 2063 2524 Ἔτι,
2079 2483 2107 2515 εὶ
2121 2484 2162 2520 ὡς
2173 2484 2227 2515 καὶ
2252 2483 2344 2521 αὐτὸς

1271 2530 1366 2569 λέγει,
1380 2529 1412 2561 ἓν
1434 2529 1502 2561 ἐστι
1529 2529 1583 2561 καὶ
1605 2532 1698 2561 τοῦτο
1714 2532 1822 2570 σῶμα,
1855 2529 1921 2571 ἔχει
1941 2529 2021 2562 ἄλλα
2047 2531 2159 2563 ἑαυτοῦ
2181 2532 2271 2573 μέρη,
2298 2532 2344 2564 τὰ

1271 2577 1309 2608 δὲ
1337 2576 1412 2617 (vel
1434 2580 1554 2609 ταῦτα
1576 2576 1636 2617 δὲ)
1663 2576 1758 2618 ὅμοια
1779 2577 1901 2609 πάντα·
1921 2577 1974 2609 καὶ
1998 2577 2058 2621 γὰρ
2087 2578 2196 2618 ὅμοιον
2225 2578 2342 2616 οὗτος

1271 2624 1352 2663 λέγει
1373 2623 1409 2656 τὸ
1438 2627 1500 2656 πᾶν
1538 2622 1636 2665 εἶναι,
1672 2624 1762 2666 οὐχὶ
1798 2626 1848 2662 ὡς
1889 2624 2004 2658 ἄλλοι
2039 2626 2154 2668 ἑτέρῳ
2188 2627 2279 2667 τινὶ,
2315 2627 2345 2668 ᾧ

1270 2671 1488 2713 περανθείη
1524 2672 1586 2713 ᾰν,
1626 2671 1720 2714 ὅπερ
1755 2673 2019 2715 Ἀναξαγόρας
2063 2674 2239 2716 ἐλέγχει,
2283 2676 2342 2708 ὅτι

1270 2719 1340 2752 ἀνὸ
1352 2730 1466 2761 μοιον
1495 2719 1532 2752 τὸ
1567 2719 1711 2762 ἄπειρον·
1755 2721 1791 2754 τὸ
1825 2721 1900 2763 γὰρ
1945 2721 2055 2763 ὅμοιον
2090 2722 2186 2765 ἑτέρῳ
2218 2723 2341 2764 ὅμοιον,

1271 2767 1354 2799 ὥστε
1377 2767 1433 2800 δύο
1460 2768 1480 2806 ἢ
1503 2767 1602 2800 πλείω
1625 2767 1700 2801 ὄντα
1715 2768 1774 2801 οὐκ
1800 2770 1839 2801 ἂν
1864 2769 1896 2802 ἓν
1909 2769 1974 2802 οὐδ’
1996 2770 2124 2812 ἄπειρον
2150 2771 2239 2803 εἶναι.
2264 2770 2341 2804 Ἀλλ’

1269 2815 1348 2852 Ιἰσως
1363 2815 1399 2847 τὸ
1428 2814 1536 2856 ὅμοιον
1558 2815 1634 2857 πρὸς
1662 2816 1761 2848 αὑτὸ
1786 2816 1880 2857 λέγει,
1906 2817 1960 2848 καί
1986 2829 2080 2858 φησιν
2106 2818 2206 2858 αύτῷ
2235 2817 2343 2858 ὅμοιον

1270 2860 1350 2894 εἶναι
1365 2865 1440 2897 πᾶν,
1458 2862 1542 2894 οἷον
1556 2862 1739 2905 ὁμοιομερὲς
1753 2863 1837 2906 ὕδωρ
1851 2863 1885 2896 ὃν
1901 2864 1984 2896 ἅπαν
1997 2865 2017 2903 ἢ
2028 2868 2098 2906 γῆν
2114 2865 2133 2903 ἢ
2148 2865 2174 2896 εἶ
2193 2876 2222 2896 τι
2242 2869 2341 2897 τοιοῦ-

1269 2920 1323 2940 τον
1343 2909 1428 2942 ἄλλο.
1472 2909 1599 2950 Adjecit
1619 2910 1646 2952 ᾧ
1668 2911 1833 2952 περανθείη
1848 2913 1899 2954 ἂν,
1916 2921 2115 2953 quamquam
2128 2921 2194 2944 non
2212 2912 2341 2952 ignora·

1272 2957 1329 2995 vit,
1359 2956 1430 2989 haec
1453 2957 1550 2989 etiam
1579 2957 1694 2990 abesse
1717 2967 1824 3000 posse,
1851 2960 1908 2992 sed
1930 2960 2111 2992 necessario
2131 2960 2342 2993 scribendum

1272 3007 1361 3036 ratus
1384 3007 1432 3036 est
1452 3004 1500 3037 ὅτι
1517 3004 1665 3046 ἀνόμοιον
1678 3006 1714 3038 τὸ
1731 3007 1858 3049 ἄπειρον
1879 3009 2011 3048 propter
2025 3010 2223 3048 Anaxagorae
2235 3007 2329 3049 dispu

1271 3050 1426 3083 tationem
1448 3051 1536 3093 apud
1561 3052 1766 3094 Simplicium
1787 3053 1820 3086 in
1843 3054 1941 3095 Phys.
1972 3063 2006 3096 p.
2030 3056 2070 3087 33
2110 3055 2131 3086 b
2149 3055 2276 3095 (fragm.
2296 3056 2338 3088 Vl

1273 3107 1302 3137 μ
1319 3100 1358 3131 97
1385 3099 1437 3131 ed.
1459 3100 1615 3141 Scliaub.;
1635 3103 1679 3133 lv
1694 3111 1724 3142 p.
1750 3105 1789 3134 22
1804 3101 1855 3135 ed.
1877 3102 2027 3142 Scliorn.)
2043 3102 2230 3144 σπερμάτων
2252 3103 2335 3135 ἀπεί-

1272 3156 1333 3186 ρων
1361 3147 1475 3185 πλῆθος
1494 3147 1582 3180 οὐδὲν
1604 3148 1756 3180 ἐοικότων
1781 3149 1964 3188 ἀλλήλοισι·
1983 3150 2054 3182 οὐδὲ
2071 3149 2130 3191 γὰρ
2151 3152 2215 3182 τῶν
2238 3149 2340 3183 ἄλλων

1272 3192 1360 3225 οὐδὲν
1377 3194 1459 3226 ἔοικε
1475 3198 1519 3235 τῷ
1534 3195 1630 3237 ἑτέρῳ
1643 3195 1679 3228 τὸ
1696 3197 1809 3238 ἕτερον.
1863 3197 2008 3229 Τουτέων
2031 3197 2063 3229 δὲ
2080 3197 2179 3234 οὕτως
2203 3196 2339 3238 ἐχόντων

1273 3241 1304 3271 ἐν
1323 3244 1367 3281 τῷ
1383 3241 1540 3282 σύμπαντι
1554 3243 1614 3285 χρὴ
1632 3243 1751 3276 δοκέειν
1768 3244 1799 3276 ἓν
1815 3244 1894 3276 εἶναι
1910 3245 2012 3276 πάντα
2027 3245 2173 3286 χρήματα
2190 3248 2221 3277 et
2235 3248 2339 3278 extre-

1272 3296 1324 3319 ma
1336 3287 1434 3320 verba
1444 3288 1616 3329 fragmenti
1629 3291 1707 3322 Vlll
1719 3300 1771 3331 ap.
1785 3290 1928 3324 Schaub.
1942 3300 1974 3332 p.
1988 3293 2041 3323 101
2059 3290 2118 3332 (VI
2132 3299 2182 3332 ap.
2200 3291 2336 3325 schorn.

1273 3345 1303 3375 p.
1324 3338 1373 3377 25)
1391 3335 1460 3374 νόος
1488 3337 1521 3369 δὲ
1536 3340 1597 3374 πᾶς
1614 3338 1722 3380 ὅμοιός
1747 3339 1814 3371 ἐστι
1845 3341 1898 3372 καὶ
1916 3340 1932 3371 ὁ
1951 3340 2049 3381 μέζων
2066 3339 2119 3371 καὶ
2145 3340 2162 3370 ὁ
2175 3339 2335 3371 ἐλάσσων·

1272 3384 1372 3425 ἕτερον
1392 3384 1424 3416 δὲ
1442 3385 1530 3417 οὐδέν
1544 3386 1609 3417 ἐστι
1621 3387 1730 3428 ὅμοιον
1751 3387 1851 3419 οὐδενὶ
1865 3388 1958 3430 ἑτέρῳ
1974 3387 2108 3428 ἀπείρων
2128 3386 2253 3426 ἐόντων,
2271 3387 2336 3418 ἀλλ’

1272 3430 1361 3463 ὅτεου
1380 3430 1437 3472 (ila
1448 3432 1533 3464 enim
1551 3433 1632 3472 lege,
1648 3442 1712 3464 non
1730 3433 1820 3474 ὅτεῳ)
1835 3435 1967 3466 πλεῖστα
1983 3434 2039 3473 ἔνι,
2052 3437 2150 3465 ταῦτα
2169 3433 2335 3471 ἐνδηλὸτα-

1272 3490 1312 3511 τοι
1325 3479 1356 3511 ἓν
1371 3479 1501 3512 ἕκαστόν
1516 3480 1580 3512 ἐστι
1594 3481 1647 3512 καὶ
1666 3481 1716 3522 ἦν.
1763 3481 1853 3515 Adde
1867 3482 1952 3523 quod
1970 3480 2151 3513 Aristotelis
2167 3479 2274 3512 locum
2285 3480 2335 3512 vel
