2612 3814
1271 309 1303 349 i<
1354 308 1380 349 ri,
1413 302 2278 362 Qfflssssffitsseffilssfflffl

890 457 1014 531 DE
1078 457 1532 535 MELISSO.

186 691 354 727 Melissus
393 687 459 739 (ι),
499 690 690 739 Ithagenis
727 688 845 735 filius,
883 691 1028 728 Samius
1067 705 1181 741 quem

133 748 395 799 Apollodorus
418 748 521 798 apud
553 748 767 799 Diogenem
797 750 897 786 circa
917 750 1182 799 Olympiadem

134 808 406 859 octogesimam
426 814 601 857 quartam
621 806 794 845 floruisse
817 815 985 856 testatur,
1005 810 1055 846 ita
1079 810 1183 847 litte-

133 880 262 905 rarum
286 867 414 905 studia
437 880 525 904 cum
544 880 741 904 armorum
770 869 997 905 tractatione
1025 869 1184 917 copula-

132 927 208 973 vit,
228 933 271 962 ut
287 933 362 962 tam
381 926 607 963 eruditionis
627 933 664 962 et
679 925 863 963 doctrinae
881 927 1004 976 gloria
1022 928 1184 964 excelle-1

132 992 190 1022 ret
209 997 324 1034 quam
343 985 488 1022 bellicis
515 984 692 1022 laudibus
711 991 919 1034 praestaret.
954 985 1184 1022 Adolescens

135 1043 413 1092 parmenidem,
437 1041 609 1080 Eleaticae
625 1043 762 1080 scholae
780 1044 992 1092 principem
1008 1071 1019 1091 ‚
1038 1044 1184 1081 audivit

131 1104 302 1152 aliosque
321 1103 426 1139 viros
443 1103 645 1151 primarios
666 1102 858 1139 convenit.
878 1103 974 1139 Nam
994 1114 1082 1140 cum
1103 1104 1183 1139 He—

130 1162 265 1200 raclito
282 1162 396 1198 etiam
407 1162 678 1198 commercium
693 1160 864 1198 habuisse
878 1172 1043 1210 eumque
1057 1161 1183 1211 Ephe-

133 1222 196 1258 siis
212 1219 496 1258 commendasse
515 1220 650 1258 fertur.
679 1221 814 1256 Postea
836 1231 963 1268 quum
980 1220 1039 1255 vir
1066 1220 1183 1256 civilis

129 1287 168 1316 et
195 1278 446 1328 popularibus
478 1279 553 1315 suis
576 1285 703 1328 gratus
732 1284 845 1324 esset,
883 1278 933 1315 ad
961 1279 1182 1328 reipublicae

128 1349 261 1373 curam
283 1335 459 1374 admotus
474 1337 663 1387 egregiam
676 1336 714 1372 in
734 1336 839 1373 bello
855 1338 984 1386 patriae
999 1350 1073 1374 suae
1091 1349 1182 1386 ope-

128 1408 210 1433 ram
244 1396 413 1434 navavit.
464 1396 621 1434 Constat
666 1402 793 1432 autem
828 1395 933 1433 bello
967 1397 1183 1434 Samiorum

130 1455 378 1491 Athenienses
407 1467 574 1504 quorum
595 1454 710 1491 rebus
735 1461 816 1490 tum
840 1461 1001 1503 praeerat
1020 1455 1183 1492 Pericles

127 1526 150 1550 a
170 1514 304 1550 Samiis
317 1513 458 1550 Melissi
477 1513 597 1550 ductu
612 1521 649 1551 et
669 1513 844 1562 auspiciis
863 1512 1019 1551 duobus
1038 1514 1182 1550 navali-

129 1573 198 1610 bus
216 1574 360 1623 proeliis
379 1572 606 1623 Olympiade
622 1573 851 1622 octogesima
873 1573 1004 1621 quinta
1021 1584 1182 1621 supera-

127 1638 188 1668 tos
217 1643 307 1668 esse.
334 1632 395 1668 Sic
425 1644 447 1667 a
474 1643 605 1668 rerum
636 1631 959 1679 contemplatione
996 1630 1046 1667 ad
1073 1643 1182 1666 usum
1212 1611 1218 1690 Ι

173 1793 220 1835 (1)
235 1794 392 1833 Diogenes
411 1793 554 1825 Laertius
571 1793 626 1825 lib.
650 1794 707 1833 lx,
729 1795 770 1824 24
791 1793 971 1829 τΜελισσος
989 1792 1180 1832 Ἰθαγένους.

131 1840 378 1883 Σάμιος.·Οὖτος
400 1841 518 1879 ἤκουσε
534 1839 745 1882 Παρμενίδου·
767 1840 845 1871 ἀλλὰ
862 1840 916 1872 καὶ
939 1841 982 1877 εἷς
1003 1839 1113 1880 λόγους
1128 1839 1181 1879 ἦλ-
1207 1810 1213 1875 ί

130 1890 179 1920 θεν
200 1887 413 1930 Ἡρακλείτῳ,
442 1887 494 1919 ὅτε
518 1888 572 1919 καὶ
606 1887 796 1925 συνέστησεν
824 1887 918 1919 αὐτὸν
943 1890 1008 1924 τοῖς
1028 1886 1181 1928 Ἐφεσίοις

131 1936 278 1977 ἀγνοοῦσι
283 1959 345 1967 .....
349 1936 456 1976 γέγονε
469 1934 499 1967 δὲ
511 1935 565 1966 καὶ
583 1934 738 1970 πολιτικὸς
752 1934 840 1976 ἀνήρ,
855 1935 908 1966 καὶ
925 1934 1083 1976 ἀποδοχῆς
1099 1934 1182 1976 παρὰ

128 1986 192 2021 τοῖς
206 1982 345 2020 πολίταις
364 1982 542 2023 ἠξιωμένος.
561 1982 628 2013 ὅθεν
643 1981 798 2022 ναύαρχος
813 1982 941 2023 αἱρεθεὶς
966 1982 1011 2014 ἔτι
1031 1982 1085 2013 καὶ
1101 1982 1181 2024 μᾶλ-

129 2032 183 2063 λον
199 2030 379 2071 ἐθαυμάσθη
396 2030 448 2062 διὰ
467 2030 522 2068 τήν
537 2029 656 2062 οἰκείαν
674 2030 837 2071 ἀρετήν....
858 2030 932 2072 φησὶ
946 2029 973 2062 δ’
991 2029 1182 2063 Ἀπολλόδω-

130 2089 180 2120 ρος
203 2078 379 2120 ἠκμακέναι
404 2077 499 2109 αὐτὸν
529 2077 611 2108 κατὰ
636 2077 692 2115 τὴν
714 2076 860 2119 τετάρτην
891 2077 946 2108 καὶ
967 2076 1181 2117 ὀγδοηκοστὴν

131 2125 318 2167 ὀλυμπιάδα.
349 2123 541 2157 Plutarchus
566 2123 623 2155 vit.
657 2124 770 2156 Pericl.
798 2132 869 2165 cap.
893 2127 933 2156 2ss
957 2136 965 2155 ε
986 2123 1183 2159 Πλεύσαντος

126 2172 189 2214 γὰρ
207 2172 302 2204 αὐτοῦ
331 2171 403 2213 [τοῦ
425 2170 634 2212 Περικλέους]
648 2195 657 2210 ,
675 2171 834 2208 Μέλισσος
849 2171 867 2202 ὁ
885 2170 1059 2212 Ἰθαγένους
1072 2195 1081 2210 ,
1104 2171 1181 2212 ἀνὴρ

131 2218 314 2260 φιλόσοφος,
332 2221 514 2260 στρατηγῶν
535 2218 606 2250 τότε
634 2221 689 2257 τῆς
713 2217 840 2259 Σάμου,
865 2218 1103 2259 καταφρονήσας
1129 2221 1184 2256 τῆς

130 2265 306 2308 ὀλιγότητος
333 2269 394 2298 τῶν
418 2269 495 2297 νεῶν
519 2266 539 2304 ἢ
562 2270 616 2303 τῆς
639 2265 778 2307 ἀπειρίας
794 2268 857 2297 τῶν
873 2267 1057 2306 στρατηγῶν
1079 2264 1183 2296 ἔπεισε

130 2312 200 2350 τοὺς
215 2311 342 2348 πολίτας
357 2311 514 2344 ἐπιθέσθαι
532 2315 596 2348 τοῖς
614 2311 798 2350 Ἀθηναίοις.
818 2312 872 2344 καὶ
885 2311 1050 2353 γενομένης
1068 2310 1182 2351 μάχης,

132 2359 314 2398 νικήσαντες
334 2360 363 2391 οἱ
384 2358 517 2400 Σάμιοι,
535 2360 589 2390 καὶ
608 2359 742 2396 πολλοὺς
763 2359 818 2400 μὲν
840 2359 944 2390 αὐτῶν
968 2358 1079 2400 ἄνδρας
1097 2357 1182 2389 ἑλόν-

132 2417 181 2444 τες
193 2430 203 2445 ,
220 2405 336 2442 πολλὰς
349 2405 382 2437 δὲ
397 2409 471 2443 ναῦς
493 2406 717 2448 διαφθείραντες
728 2430 737 2447 ,
760 2407 898 2448 ἐχρῶντο
914 2409 952 2447 τῇ
969 2405 1112 2445 θαλάσσῃ
1129 2405 1182 2436 καὶ

131 2452 330 2495 παρετίθεντο
348 2455 411 2484 τῶν
432 2452 611 2491 ἀναγκαίων
633 2454 709 2494 πρὸς
722 2454 776 2485 τὸν
793 2454 949 2495 πόλεμον,
967 2453 1029 2486 ὅσα
1046 2454 1088 2495 μή
1104 2453 1183 2495 πρό-

128 2511 218 2542 τερον
232 2501 330 2542 εἶχον.
350 2500 412 2532 ὑπὸ
427 2500 459 2531 δὲ
476 2502 532 2531 τοῦ
550 2499 710 2532 Μελίσσου
729 2502 783 2533 καὶ
800 2502 959 2543 Περικλέα
980 2503 1073 2540 φησὶν
1089 2502 1183 2534 αὐτὸν

136 2547 345 2589 Ἀριστοτέλης
373 2547 562 2585 ἡττηθῆναι,
587 2551 814 2589 ναυμαχοῦντα
842 2548 1002 2589 πρότερον.
1041 2548 1091 2580 Id.
1123 2548 1181 2581 vit.

135 2593 295 2627 Themisl.
313 2601 385 2633 cap.
401 2597 418 2625 2
437 2602 446 2625 z
467 2592 579 2626 Καίτοι
599 2594 828 2636 Στησίμὸροτος
846 2593 1048 2637 Ἀναξαγόρου
1063 2606 1096 2627 τε
1114 2595 1183 2627 δια-

132 2644 247 2674 κοῦσαι
260 2641 313 2673 τὸν
329 2640 544 2682 Θεμιστοκλέα
561 2640 653 2681 φησί,
672 2642 726 2672 καὶ
743 2642 813 2683 περὶ
829 2642 987 2674 Μέλισσον
1004 2642 1183 2675 σπουδάσαι

131 2689 185 2722 τὸν
200 2687 351 2730 φυσικόν,
372 2689 430 2719 οὐκ
452 2686 486 2719 εὖ
511 2689 574 2718 τῶν
599 2686 719 2729 χρόνων
736 2687 921 2730 ἁπτόμενος.
947 2689 1098 2730 Περικλεῖ
1111 2689 1182 2731 γάρ,

132 2737 168 2773 ὃς
183 2736 263 2768 πολὺ
282 2735 429 2777 νεώτερος
442 2734 479 2775 ἦν
493 2735 758 2777 Θεμιστοκλέους,
772 2737 929 2774 Μέλισσος
944 2736 1000 2777 μὲν
1017 2736 1183 2779 ἀντεστρα-

131 2784 218 2826 τήγει
238 2783 453 2824 πολιορκοῦντι
468 2782 603 2823 Σαμίους
615 2806 624 2821 ,
640 2782 846 2826 Ἀναξαγόρας
867 2784 899 2816 δὲ
913 2784 1111 2826 συνδιέτριὸε.
1132 2784 1181 2817 Id.

134 2829 207 2862 adv.
231 2828 336 2861 colotv.
366 2836 435 2868 cap.
462 2830 502 2860 32
534 2837 543 2859 ε
564 2828 721 2866 Μέλισσος
740 2829 794 2870 δέ,
814 2833 867 2868 τῆς
883 2829 1029 2872 πατρίδος
1049 2840 1183 2872 στρατη-

131 2880 196 2917 γῶν
209 2900 218 2916 ,
233 2874 408 2914 Ἀθηναίους
420 2874 692 2917 κατεναυμάχησε.
707 2876 851 2908 AElianus
863 2878 941 2909 Var:
954 2875 1040 2909 ffist.
1055 2876 1109 2908 lib.
1122 2877 1184 2908 VII

134 2932 204 2964 cap.
223 2924 259 2956 14
280 2936 288 2956 ε
306 2923 344 2955 Τί
360 2923 394 2955 δέ
405 2947 415 2963 ,
429 2922 488 2955 οὐκ
505 2922 586 2962 ἦσαν
605 2924 658 2955 καὶ
676 2925 704 2955 οἱ
725 2923 885 2966 φιλόσοφοι
899 2924 939 2956 τὰ
952 2924 1087 2966 πολέμια
1103 2923 1182 2965 ἀγα·

129 2970 202 3010 ’θοίς
225 2969 295 3013 ἐμοὶ
328 2970 383 3011 μὲν
399 2970 562 3008 δοκοῦσιν,
580 2970 607 3003 εἴ
634 2981 671 3012 γε
690 2969 838 3013 Ἀρχύταν
858 2971 913 3013 μὲν
944 2971 1061 3004 εἵλοντο
1084 2971 1183 3009 ἑξάκις

129 3017 305 3059 στρατηγὸν
325 3018 521 3059 Ταραντῖνοι,
539 3018 696 3054 Μέλισσος
718 3018 751 3050 δὲ
770 3017 965 3059 ἐναυάρχησε
974 3018 1041 3049 κτλ.

175 3063 219 3105 (2)
239 3064 287 3097 Cf.
306 3063 421 3097 suidas
442 3073 474 3096 v.
496 3064 649 3103 Μέλιτος,
672 3064 731 3097 ubi
754 3064 869 3105 legitur
889 3065 957 3105 περὶ
971 3067 1026 3096 τοῦ
1038 3064 1136 3101 ὄντος.

174 3114 216 3151 (3)
229 3112 305 3153 Περὶ
319 3111 439 3153 φύσεως
456 3111 534 3144 citat
553 3111 696 3144 Galenus
718 3111 756 3143 ad
781 3112 932 3153 Hippocr.
947 3111 988 3143 de
1003 3113 1077 3144 Nat.
1094 3112 1181 3143 hom.

133 3159 144 3190 l
172 3167 241 3199 pag.
266 3163 284 3191 5
302 3158 352 3191 ed.
386 3158 495 3190 Kuhn.
524 3160 557 3191 et
578 3158 619 3191 de
641 3158 794 3192 clement.
825 3167 890 3191 sec.
920 3158 1071 3208 Hippocr.
1100 3159 1128 3198 I,
1162 3161 1182 3190 9

135 3214 204 3245 pag.
225 3207 284 3238 487
311 3206 363 3238 ed.
394 3205 503 3238 Kiilm.
532 3205 582 3238 liis
617 3205 722 3238 verbis
755 3218 763 3238 z
785 3206 835 3238 Τὰ
867 3205 928 3248 γὰρ
953 3209 1016 3238 τῶν
1040 3205 1182 3237 παλαιῶν

134 3252 258 3283 ἅπαντα
273 3253 340 3294 περὶ
353 3252 473 3293 φύσεως
493 3252 714 3294 ἐπιγέγραπται
727 3276 736 3292 ,
752 3252 791 3285 τὰ
807 3252 970 3284 Μελίσσου
982 3276 991 3291 ,
1005 3252 1044 3284 τὰ
1059 3253 1180 3292 Παρμε-

132 3299 217 3331 νίδου
229 3323 239 3337 ,
259 3299 299 3330 τὰ
314 3299 579 3340 Ἐμπεδοκλέους,
609 3299 817 3341 Ἀ’λκμαίωνός
836 3311 871 3332 τε
884 3299 938 3331 καὶ
960 3298 1109 3341 Γοργίου,
1127 3299 1180 3330 καὶ

134 3342 308 3384 Προδίκου,
322 3344 376 3375 καὶ
392 3347 455 3377 τῶν
478 3345 578 3377 ἄλλων
599 3345 757 3378 ἁπάντων.
772 3348 819 3378 De
835 3347 914 3378 ente
927 3348 963 3379 et
983 3347 1116 3377 natura
1132 3346 1181 3377 est

133 3389 220 3430 apud
235 3389 449 3422 Alexandrum
464 3391 744 3431 Aphrodisiensem
762 3395 794 3425 et
808 3392 976 3425 Nicolaum
1001 3393 1176 3424 Damasce-

131 3445 224 3469 num.
243 3436 317 3468 Vid.
335 3437 555 3470 Bessarionem
570 3438 602 3471 in
616 3439 766 3472 calumn.
790 3439 915 3472 Platon.
934 3441 980 3477 II,
1006 3441 1053 3471 Η.

179 3483 224 3523 (4)
241 3483 323 3517 Vide
343 3485 558 3525 praefationem
575 3487 614 3520 ad
630 3488 865 3522 parmenidem.

1153 3550 1222 3583 259

1245 695 1512 744 actionemque
1549 695 1745 733 traductus
1784 698 1930 735 civibus
1968 699 2035 747 qui
2064 707 2173 737 antea
2209 713 2301 737 eum

1247 753 1457 790 dilexerant
1488 753 1673 803 majorem
1704 756 1818 792 etiam
1837 757 1895 793 sui
1924 756 2220 796 admirationem
2237 760 2300 795 in-

1240 812 1345 860 jecit.

1299 867 1430 903 Unum
1449 868 1666 918 composuit
1691 868 1834 905 librum
1865 868 2029 906 dialecto
2049 871 2183 907 Ionica
2209 869 2300 922 Περὶ

1244 927 1305 962 τοῦ
1326 923 1440 968 ἐόντος
1456 923 1507 976 (2)
1527 927 1589 964 vel
1609 924 1699 979 Περὶ
1718 925 1836 979 φύσιος
1851 927 1902 979 (3)
1918 956 1929 975 ,
1944 929 2006 966 vel
2021 936 2066 965 ut
2085 930 2149 966 alii
2165 931 2301 966 volunt

1247 986 1303 1020 De
1320 993 1404 1021 ente
1422 994 1461 1021 et
1476 994 1614 1022 natura
1628 987 1864 1036 inscriptum.
1883 988 1930 1023 In
1946 1000 2023 1037 quo
2041 996 2198 1038 apparet
2213 1002 2301 1026 eum

1244 1057 1325 1080 non
1338 1045 1455 1094 egisse
1472 1045 1520 1082 de
1537 1044 1688 1082 infinita
1706 1058 1839 1083 eorum
1867 1059 1951 1095 quae
1971 1054 2075 1093 orta,
2099 1055 2297 1096 generata,

1245 1111 1423 1140 concreta
1441 1111 1528 1141 sunt
1556 1105 1667 1154 copia
1694 1112 1731 1142 et
1755 1105 1961 1152 varietate,
1993 1106 2062 1143 sed
2091 1107 2140 1143 de
2161 1115 2301 1145 natura

1246 1169 1383 1199 aeterna
1403 1175 1517 1211 quam
1539 1163 1586 1199 ab
1608 1164 1714 1200 omni
1739 1165 1985 1201 concretione
2004 1166 2158 1202 mortali
2173 1178 2302 1215 segre-

1244 1228 1370 1271 gatam
1407 1225 1503 1258 entis
1531 1223 1706 1268 nomine,
1742 1222 2008 1259 Parmenidem
2035 1231 2186 1261 secutus
2221 1224 2293 1272 (4),

1244 1280 1383 1320 affecit.
1405 1281 1525 1329 Hujus
1554 1281 1644 1318 libri
1669 1282 1780 1330 plura
1800 1282 2016 1330 Simplicius
2030 1283 2195 1319 servavit
2222 1283 2300 1320 fra-

1244 1347 1396 1387 gmenta
1410 1352 1493 1388 quae
1511 1339 1612 1376 infra
1625 1351 1825 1388 exponam.
1839 1339 1947 1375 Idem
1965 1351 2061 1388 opus
2079 1347 2300 1388 spectarunt

1244 1398 1351 1433 Plato
1382 1396 1434 1449 (5)
1456 1398 1496 1434 in
1522 1399 1714 1435 Theaeteto
1734 1411 1823 1448 pag.
1851 1397 1923 1434 180
1944 1399 1995 1444 E,
2022 1405 2060 1435 et
2083 1399 2300 1436 Aristoteles

1246 1456 1286 1490 in
1311 1456 1508 1493 volumine
1540 1456 1588 1493 de
1613 1457 1837 1506 Sophisticis
1868 1456 2044 1494 Elenchis
2072 1455 2151 1507 (6),
2178 1471 2301 1507 porro

1245 1514 1497 1563 Physicorum
1514 1515 1582 1553 lib.
1599 1517 1629 1563 Ι,
1655 1529 1677 1552 2
1699 1523 1736 1553 et
1752 1516 1790 1566 3,
1810 1528 1881 1553 nec
1901 1529 1983 1553 non
2011 1518 2052 1552 in
2068 1517 2300 1566 disputatio-

1244 1572 1356 1608 nibus
1384 1572 1432 1609 de
1463 1574 1634 1620 Melisso‚
1663 1575 1903 1623 Xenophane
1932 1582 1970 1611 et
2003 1576 2145 1625 Gorgia
2186 1584 2302 1625 atque

1246 1631 1350 1669 alibi.
1372 1632 1517 1680 Neque.
1535 1632 1695 1669 dubium
1722 1634 1814 1682 quin
1840 1635 2097 1683 Hippocrates
2129 1631 2200 1685 (7),
2221 1633 2300 1671 Pa-

1291 1792 1335 1833 (5)
1358 1793 1450 1825 Plato
1469 1792 1591 1825 'rhea-t.
1610 1802 1682 1834 pag.
1701 1795 1759 1826 180
1773 1796 1797 1826 E
1819 1803 1828 1822 τ
1851 1791 1978 1833 Ὀλῖγου
1993 1795 2026 1827 δὲ
2045 1795 2238 1837 ἐπελαθόμην
2251 1821 2260 1835 ,
2276 1797 2304 1828 ὦ

1248 1839 1408 1880 Θεόδωρε,
1437 1839 1484 1871 ὅτι
1518 1839 1604 1872 ἄλλοι
1624 1839 1664 1872 αὗ
1686 1840 1836 1872 τάναντία
1860 1841 1981 1877 τούτοις
2007 1842 2218 1883 ἀπεφήναντο,
2235 1843 2301 1875 οἷον

1245 1885 1390 1924 ἀκίνητον
1410 1886 1541 1917 τελέθειν
1555 1886 1581 1928 ᾧ
1597 1886 1686 1918 πάντ’
1705 1886 1792 1928 ὄνομ’
1813 1887 1910 1926 εἶναι,
1927 1888 1980 1919 καὶ
1996 1887 2076 1920 ἄλλα
2101 1889 2164 1921 ὅσα
2185 1890 2301 1922 Μέλισ-

1246 1932 1297 1965 σοί
1323 1944 1357 1965 τε
1375 1933 1428 1965 καὶ
1450 1933 1641 1974 Παρμενίδαι
1661 1933 1889 1975 ἐναντιούμενοι
1907 1937 1985 1966 πᾶσι
2008 1935 2130 1972 τούτοις
2146 1936 2299 1978 διισχυρί-

1249 1983 1351 2017 ζονται
1365 2004 1373 2019 ,
1392 1982 1433 2016 ὡς
1451 1981 1482 2012 ’έν
1499 1991 1533 2012 τε
1548 1980 1653 2012 πάντα
1671 1981 1736 2013 ἐστὶ
1755 1982 1809 2013 καὶ
1825 1982 1955 2020 ἕστηκεν
1972 1982 2047 2015 αὐτὸ
2065 1983 2096 2015 ἐν
2118 1985 2204 2024 αὑτῷ
2217 2008 2227 2024 ,
2244 1985 2302 2016 οὐκ

1244 2028 1317 2069 ἔχον
1332 2028 1438 2069 χώραν
1455 2028 1486 2059 ἐν
1502 2027 1521 2068 ἦ
1535 2031 1676 2060 κινεῖται.

1288 2074 1333 2115 (6)
1355 2075 1545 2107 Aristoteles
1563 2075 1608 2107 de
1628 2074 1821 2116 Sophisticis
1848 2075 1996 2108 Elenchis
2020 2085 2092 2118 pag.
2123 2080 2179 2110 167
2206 2077 2227 2108 b
2249 2077 2301 2111 ed.

1245 2122 1382 2154 Bekker.
1401 2131 1409 2150 :
1429 2121 1563 2164 Ὁμοίως
1584 2123 1617 2155 δὲ
1633 2123 1686 2154 καὶ
1701 2122 1732 2154 ἐν
1752 2125 1817 2160 τοῖς
1831 2123 2077 2164 συλλογιστικοῖς
2090 2149 2099 2165 ,
2112 2124 2179 2156 οἷον
2195 2125 2213 2156 ὁ
2234 2126 2302 2157 Με-

1249 2168 1361 2200 λίσσου
1379 2167 1470 2209 λόγος
1487 2168 1534 2200 ὄτι
1554 2169 1681 2210 ἄπειρον
1696 2169 1732 2201 τὸ
1749 2168 1855 2210 ἅπαν,
1870 2169 1976 2202 λαὸὼν
1993 2170 2030 2202 τὸ
2054 2171 2108 2211 μὲν
2125 2170 2209 2202 ἅπαν
2229 2171 2299 2212 ἀγέ-

1244 2226 1335 2252 νητον
1351 2214 1405 2256 (ἑκ
1421 2215 1480 2256 γὰρ
1499 2215 1542 2256 μὴ
1558 2215 1646 2253 ὄντος
1659 2215 1747 2248 οὐδὲν
1767 2217 1805 2248 ἂν
1826 2216 1989 2257 γενέσθαι)
2000 2240 2010 2256 ,
2027 2218 2064 2249 τὸ
2086 2218 2118 2249 δὲ
2135 2217 2301 2259 γενόμενον

1245 2263 1275 2299 ἐξ
1291 2262 1389 2304 ἀρχῆς
1399 2263 1553 2303 γενέσθαι.
1572 2263 1599 2294 εἰ
1618 2263 1660 2303 μὴ
1674 2262 1729 2295 οὖν
1745 2263 1871 2304 γέγονεν
1883 2288 1893 2302 ,
1910 2263 2009 2306 ἀρχὴν
2023 2264 2082 2296 οὐκ
2096 2265 2161 2306 ἔχει
2174 2265 2211 2297 τὸ
2224 2267 2301 2305 πᾶν,

1247 2308 1324 2341 ὥστ’
1352 2309 1491 2350 ἄπειρον.
1518 2311 1577 2341 οὐκ
1593 2309 1716 2350 ἀνάγκη
1745 2310 1778 2342 δὲ
1797 2313 1890 2342 τοῦτο
1910 2311 2094 2352 συμὸαίνειν
2109 2320 2117 2328 ·
2136 2312 2173 2344 οὐ
2195 2312 2255 2353 γὰρ
2272 2314 2299 2345 εἰ

1244 2356 1280 2387 τὸ
1296 2355 1461 2397 γενόμενον
1478 2355 1561 2387 ἅπαν
1575 2356 1673 2398 ἀρχὴν
1690 2357 1757 2398 ἔχει
1767 2381 1776 2397 ,
1791 2358 1844 2389 καὶ
1856 2357 1883 2389 εί
1895 2369 1925 2389 τι
1939 2358 2038 2399 ἀρχὴν
2055 2358 2120 2399 ἔχει
2132 2383 2140 2397 ,
2161 2360 2299 2400 γέγονεν,

1246 2404 1352 2445 ὥσπερ
1368 2402 1433 2435 οὐδ’
1457 2403 1484 2435 εἷ
1497 2403 1515 2435 ὁ
1527 2404 1685 2445 πυρέττων
1701 2404 1809 2446 θερμός
1821 2428 1831 2445 ,
1842 2405 1895 2436 καὶ
1913 2405 1966 2437 τὸν
1981 2405 2090 2446 θερμὸν
2105 2405 2224 2446 ἀνάγκη
2238 2417 2301 2437 πυ·

1243 2450 1367 2490 ρέττειν.
1388 2449 1438 2482 Id.
1457 2449 1533 2482 ibid.
1559 2458 1592 2490 p.
1616 2453 1672 2483 168
1695 2450 1716 2483 b
1747 2462 1755 2482 ι
1783 2451 1803 2489 ἢ
1829 2449 1942 2488 πάλιν,
1960 2452 2002 2488 ὡς
2021 2452 2052 2483 ἐν
2074 2453 2120 2492 τῷ
2138 2451 2300 2484 Μελίσσου

1243 2498 1327 2538 λόγῳ
1340 2521 1349 2537 ,
1364 2497 1400 2530 τὸ
1417 2497 1494 2530 αὐτὸ
1510 2497 1588 2530 εἶναι
1610 2497 1761 2539 λαμὸάνει
1775 2498 1811 2531 τὸ
1832 2499 1992 2538 γεγονέναι
2013 2500 2067 2530 καὶ
2080 2499 2179 2540 ἀρχὴν
2194 2499 2276 2542 ἔχειν
2289 2523 2300 2539 ,

1244 2546 1263 2583 ἢ
1285 2545 1320 2576 τὸ
1334 2544 1417 2581 ἴσοις
1432 2544 1571 2586 γίνεσθαι
1589 2546 1643 2577 καὶ
1656 2545 1753 2578 ταύτὸ
1772 2547 1898 2587 μέγεθος
1917 2546 2096 2587 λαμὸάνειν.
2114 2547 2161 2579 ὅτι
2178 2547 2238 2589 γὰρ
2263 2549 2300 2581 τὸ

1245 2592 1371 2633 γεγονὸς
1385 2591 1449 2634 ἔχει
1469 2592 1588 2634 ἀρχήν,
1600 2593 1653 2625 καὶ
1673 2593 1709 2625 τὸ
1729 2592 1803 2635 ἔχον
1827 2593 1924 2635 ἀρχὴν
1940 2594 2098 2635 γεγονέναι
2120 2594 2222 2635 ἀξιοῖ,
2253 2597 2296 2632 ὡς

1243 2639 1338 2680 ἄμφω
1356 2638 1456 2670 ταύτὰ
1481 2639 1558 2671 ὄντα
1578 2641 1624 2680 τῷ
1645 2639 1743 2681 ἀρχὴν
1757 2639 1858 2682 ἔχειν,
1876 2639 1913 2671 τό
1928 2651 1963 2672 τε
1977 2641 2103 2681 γεγονὸς
2118 2641 2171 2672 καὶ
2185 2641 2222 2673 τὸ
2244 2652 2297 2673 πε-

1244 2687 1449 2728 περασμένον.
1470 2686 1586 2729 ὁμοίως
1602 2687 1635 2719 δὲ
1648 2688 1702 2719 καὶ
1720 2687 1771 2719 ἐπὶ
1785 2690 1847 2719 τῶν
1866 2687 1946 2721 ’ίσων
1971 2688 2142 2729 γινομένων
2163 2689 2191 2721 εἰ
2206 2689 2246 2721 τὰ
2259 2690 2297 2722 τὸ

1244 2733 1320 2765 αὐτὸ
1343 2734 1471 2775 μέγεθος
1484 2734 1539 2766 καὶ
1557 2734 1589 2766 ἓν
1601 2733 1801 2776 λαμὸάνοντα
1811 2734 1871 2767 ἶσα
1886 2733 2024 2776 γίνεται,
2040 2736 2093 2768 καὶ
2113 2736 2154 2768 τὰ
2172 2735 2230 2769 ῐσα
2248 2747 2299 2777 γε·

1241 2781 1357 2822 νόμενα
1373 2781 1405 2813 ἓν
1419 2782 1545 2822 μέγεθος
1557 2781 1719 2823 λαμὸάνιι.
1737 2781 1787 2816 Id.
1807 2782 1905 2823 Phys.
1922 2782 1976 2814 lib.
1994 2784 2022 2822 1,
2039 2787 2056 2814 2
2071 2792 2141 2824 pag.
2165 2785 2222 2817 184
2246 2784 2268 2816 h
2289 2797 2298 2817 :

1245 2827 1366 2869 ἀνάγκη
1382 2827 1408 2861 δ’
1419 2828 1489 2868 ἤτοι
1508 2828 1582 2870 μίαν
1599 2829 1678 2861 εἶναι
1694 2829 1750 2876 τὴν
1771 2829 1870 2872 ἀρχὴν
1884 2830 1905 2869 ἢ
1927 2829 2051 2868 πλείους
2062 2855 2071 2871 ,
2089 2831 2144 2864 καὶ
2160 2831 2188 2863 εἰ
2204 2831 2278 2874 μίαν
2289 2854 2300 2870 ,

1245 2875 1315 2913 ἤτοι
1336 2874 1482 2913 ἀκίνητον
1492 2898 1501 2915 ,
1518 2876 1560 2912 ὥς
1580 2886 1655 2916 φησι
1670 2875 1867 2919 Παρμενίδης
1884 2876 1938 2909 καὶ
1962 2877 2122 2915 Μέλισσος
2134 2900 2144 2917 ,
2156 2878 2177 2917 ἢ
2193 2888 2300 2910 κινου-

1243 2922 1349 2962 μένην,
1370 2923 1477 2964 ὥσπερ
1493 2924 1522 2955 οί
1545 2922 1682 2964 φυσικοί.
1705 2924 1746 2955 Et
1764 2931 1835 2964 pag.
1856 2925 1914 2956 185
1949 2922 1970 2955 b
1995 2932 2003 2955 :
2027 2923 2106 2955 ἀλλὰ
2127 2925 2187 2965 μὴν
2210 2925 2236 2956 εἰ
2257 2926 2300 2962 ὡς

1243 2968 1427 3011 ἀδιαίρετον,
1442 2969 1529 3002 οὐθὲν
1549 2969 1638 3002 ἔσται
1648 2970 1748 3003 ποσὸν
1767 2970 1839 3003 οὐδὲ
1857 2970 1947 3003 ποιόν
1959 2994 1968 3011 ,
1986 2970 2057 3002 οὐδὲ
2070 2971 2107 3009 δὴ
2123 2970 2249 3014 ἄπειρον
2261 2971 2299 3004 τὸ

1244 3016 1279 3048 ὄν
1293 3040 1302 3055 ,
1324 3016 1430 3057 ὥσπερ
1443 3017 1600 3054 Μέλισσὸς
1611 3028 1703 3058 φησιν
1713 3042 1723 3058 ,
1737 3017 1809 3050 οὐδὲ
1822 3017 2055 3059 πεπερασμένον
2070 3042 2078 3058 ,
2092 3018 2199 3059 ὥσπερ
2212 3020 2298 3060 Παρ-

1243 3064 1376 3105 μενίδης.
1392 3064 1482 3096 Idem
1502 3073 1573 3106 cap.
1591 3069 1623 3106 3,
1644 3073 1714 3106 pag.
1735 3067 1793 3098 186
1814 3064 1835 3097 b
1857 3077 1866 3097 :
1884 3065 2049 3106 ἀμφότεροι
2065 3065 2124 3106 γὰρ
2138 3066 2297 3107 ἐριστικῶς

1242 3111 1490 3152 συλλογίζονται,
1509 3112 1562 3144 καὶ
1576 3113 1733 3150 Μέλισσος
1745 3113 1799 3144 καὶ
1821 3112 2015 3154 Παρμενίδης
2026 3124 2034 3132 ·
2051 3113 2106 3144 καὶ
2125 3113 2186 3154 γὰρ
2197 3114 2296 3153 ψευδῆ

1242 3157 1439 3199 λαμὸάνουσι
1456 3160 1511 3190 καὶ
1524 3158 1745 3201 ἀσυλλόγιστοί
1759 3160 1837 3192 εἰσιν
1852 3159 1955 3191 αὐτῶν
1971 3161 1999 3191 οἱ
2011 3158 2109 3199 λόγοι·
2120 3160 2234 3199 μᾶλλον
2246 3159 2298 3192 δ’ὁ

1244 3204 1405 3237 Μελίσσου
1421 3208 1563 3247 φορτικὸς
1580 3208 1634 3238 καὶ
1652 3206 1712 3239 οὐκ
1733 3206 1817 3248 ἔχων
1841 3206 1990 3248 ἀπορίαν,
2008 3206 2073 3238 ἀλλ’
2094 3208 2160 3243 ἑνὸς
2177 3207 2296 3239 ἀτόπου

1241 3249 1380 3287 δοθέντος
1399 3250 1498 3283 τᾶλλα
1516 3251 1700 3292 συμὸαίνει·
1721 3255 1814 3284 τοῦτο
1834 3250 1861 3283 δ’
1887 3252 1975 3283 οὐθὲν
1995 3251 2145 3293 χαλεπόν.
2164 3252 2210 3284 ὅτι
2237 3253 2292 3292 μὲν

1242 3297 1296 3329 οὖν
1313 3298 1553 3340 παραλογίζεται
1581 3300 1758 3339 Μέλισσος,
1775 3299 1868 3338 δῆλον
1882 3307 1891 3316 ·
1916 3298 2015 3331 οίεται
2040 3299 2101 3340 γὰρ
2116 3299 2270 3340 εἰληφέναι
2278 3317 2292 3338 ‹,

1243 3344 1269 3375 εἰ
1287 3345 1324 3376 τὸ
1343 3343 1510 3386 γενόμενον
1530 3345 1595 3387 ἔχει
1622 3346 1721 3387 ἀρχὴν
1743 3345 1844 3386 ἅπαν,
1865 3346 1912 3378 ὅτι
1928 3346 1983 3378 καὶ
2005 3346 2042 3378 τὸ
2066 3346 2109 3386 μὴ
2129 3345 2294 3387 γενόμενον

1242 3392 1301 3423 οὐκ
1316 3391 1396 3434 ἔχει,
1411 3393 1481 3425 κτλ.

1285 3439 1328 3480 (7)
1347 3439 1556 3481 Hippocrates
1567 3440 1607 3473 de
1623 3442 1697 3473 Nat.
1717 3441 1806 3474 bom.
1822 3443 1902 3472 tom.
1919 3442 1931 3472 1
1953 3449 1983 3481 p.
2008 3442 2069 3473 349
2085 3440 2135 3472 ed.
2155 3439 2264 3471 Kiihn.
2282 3451 2290 3471 ε

1241 3487 1318 3520 Ἀλλ’
1337 3487 1406 3529 έμοί
1433 3499 1469 3528 γε
1497 3488 1641 3521 δοκέουσι
1670 3490 1700 3521 οἱ
1730 3491 1866 3520 τοιοῦτοι
1888 3487 2048 3529 ἄνθρωποι
2076 3490 2153 3529 σφᾶς
2177 3487 2290 3523 αὐτοὺς
