2612 3814
1033 259 1442 303 SIMILITUDINES.

161 375 228 405 154.
244 364 318 410 Ζῆν
336 356 492 411 κρεῖττόν
508 359 600 396 ἔστιν
618 353 678 393 ἐπὶ
697 352 861 397 στιὸάδος
878 351 1130 400 κατακείμενον
1149 349 1210 390 καὶ

240 420 377 474 θαρρεῖν
393 417 417 465 ἢ
442 415 677 467 ταράττεσθαι
695 415 832 466 χρυσῆν
853 412 980 464 ἔχοντα
993 410 1130 459 κλίνην.

293 477 482 529 (Stobaeus
499 473 602 512 Flor.
613 472 665 520 V,
679 474 751 520 283
770 471 964 510 Maximus
978 486 1011 511 c.
1030 484 1076 509 21
1091 470 1212 518 ;Por·

239 538 353 590 phyr.
373 535 500 588 Epist.
524 532 573 571 ad
590 531 759 570 Marcell.
780 546 814 570 c.
839 545 904 581 29·
923 531 934 583 )

162 612 225 639 τοῦ.
244 595 458 647 Πυθαγόρας
488 591 678 646 παρηγγύα
702 610 718 626 «ι
741 591 791 641 μὴ
815 589 931 629 πυκνὰ
953 589 1013 628 τὸν
1031 589 1213 641 ἄνθρωπον

241 655 312 695 ἀπὸ
329 658 390 694 τοῦ
408 652 594 704 ἀνθρώπου
615 669 632 685 ι»
668 650 718 702 μὴ
740 651 810 690 δεῖν
832 651 988 702 συνεχῶς
1008 646 1215 702 ἀφροδισιά-

242 718 310 762 ζειν
332 712 583 763 αἰνιττόμενος.

296 773 492 827 (Stobaeus
509 770 614 809 Flor.
637 768 764 818 xvu,
787 769 877 821 13.)

472 908 909 962 ΔΗΜΟΦΙΛΟΥ

333 1039 573 1086 ΓΝΩΜΑΙ
607 1037 1037 1083 ΠΥΘΑΓΟΡΙΚΑΙ.

165 1189 197 1216 1.
240 1174 282 1214 Ἃ
305 1173 526 1225 κτησάμενος
547 1174 587 1212 οὗ
610 1171 788 1221 καθέξεις,
812 1170 863 1221 μὴ
887 1171 986 1209 αἰτοῦ
1006 1168 1106 1222 παρὰ
1122 1173 1213 1209 θεοῦ·

245 1234 354 1287 δῶρον
370 1233 439 1286 γὰρ
455 1236 532 1272 θεοῦ
548 1230 779 1286 ἀναφαίρετον
792 1243 802 1254 ·
819 1229 910 1269 ὥστε
923 1231 963 1269 οὗ
979 1229 1108 1280 δώσει,
1126 1228 1149 1267 ἃ
1166 1228 1216 1280 μὴ

244 1291 412 1338 καθέξεις.

163 1365 195 1392 a.
240 1350 433 1402 Ἄγρυπνος
454 1348 515 1388 ἔσο
536 1348 629 1389 κατὰ
647 1351 750 1388 νοῦν·
770 1346 940 1401 συγγενὴς
958 1347 1027 1401 γὰρ
1043 1351 1104 1387 τοῦ
1127 1348 1218 1396 ἀλη-

245 1418 340 1454 θινοῦ
365 1413 514 1454 θανάτου
530 1415 549 1451 ὁ
572 1414 653 1465 περὶ
672 1416 791 1452 τοῦτον
816 1411 934 1457 ὕπνος.

164 1490 196 1518 a.
248 1474 410 1515 Βλάπτει
438 1473 512 1518 θεὸς
531 1474 570 1512 οὗ
601 1472 789 1526 χολωθείς,
810 1474 887 1511 ἀλλ’
910 1472 1108 1526 ἀγνοηθείς,
1131 1472 1217 1526 ὀργὴ

244 1534 312 1587 γὰρ
333 1537 410 1574 θεοῦ
437 1533 638 1585 ἀλλότριον·
655 1534 710 1573 ἐπ’
731 1532 940 1581 ἀὸουλήτοις
962 1532 1030 1586 γὰρ
1052 1536 1074 1581 ἡ
1108 1532 1216 1586 ὀργή·

245 1596 313 1648 θεῷ
331 1595 367 1633 δὲ
388 1592 486 1632 οὐδὲν
508 1590 719 1640 ἀὸούλητον.

165 1668 195 1695 4.
244 1652 504 1703 Βουλευόμενος
538 1651 620 1703 περὶ
642 1651 751 1690 ἄλλου
785 1653 904 1696 κακῶς
924 1651 1062 1704 φθάνεις
1089 1650 1217 1691 σαυτὸν

243 1711 393 1765 πάσχων
411 1710 479 1750 ὑπὸ
495 1713 626 1750 σαυτοῦ
645 1712 776 1755 κακῶς.
794 1710 867 1750 Καὶ
887 1711 990 1755 αὐτὸς
1010 1709 1046 1749 δὲ
1064 1710 1113 1761 μὴ
1131 1710 1220 1763 βού-

246 1773 307 1810 λου
335 1771 435 1824 παρὰ
470 1773 583 1809 κακοῦ
609 1769 762 1824 πάσχειν
793 1771 930 1814 καλῶς·
972 1763 1044 1808 οἶον
1077 1769 1146 1822 γὰρ
1179 1770 1219 1810 τὸ

245 1825 327 1877 ἦθος
345 1829 511 1880 ἑκάστου,
525 1827 661 1868 τοιόσδε
679 1831 696 1867 ὃ
712 1828 783 1881 βίος
793 1827 854 1867 καὶ
875 1830 912 1867 αἱ
926 1827 1080 1880 πράξεις.
1102 1828 1219 1881 Ψυχὴ

244 1888 313 1941 γάρ
340 1889 415 1927 ἐστι
444 1890 626 1940 ταμιεῖον,
645 1888 759 1939 ἀγαθὴ
788 1887 852 1939 μὲν
885 1889 1037 1939 ἀγαθοῦ,
1068 1887 1162 1936 κακὴ
1183 1886 1219 1926 δὲ

244 1963 370 1987 κακου.

300 2006 474 2061 (Scripsi
488 2021 576 2047 cum
593 2007 796 2046 Holstenio
812 2006 951 2060 φθάνεις
967 2006 1094 2045 σαυτὸν
1106 2034 1117 2054 ,
1130 2006 1218 2046 cod.

245 2070 379 2118 φθονεῖς
397 2069 530 2119 σαυτῷ.
545 2068 556 2118 )

162 2140 196 2166 ⁶.
247 2126 530 2177 Βουλευσάμενος
552 2124 669 2164 πολλὰ
689 2119 755 2173 ἧκε
775 2125 835 2164 ἐπὶ
856 2125 895 2164 τὸ
925 2124 1039 2176 λέγειν
1061 2124 1084 2173 ἢ
1107 2124 1220 2178 πράτ-

2245 267 2323 301 497

1349 362 1440 387 τειν·
1470 349 1510 387 οὗ
1543 343 1611 399 γὰ’ρ
1643 346 1729 391 ἔξεις
1777 345 1933 392 ἐξουσίαν
1966 346 2254 387 ἀνακαλέσασθαι
2284 347 2328 386 τὰ

1351 406 1552 459 πραχθέντα
1571 405 1594 454 ἢ
1616 405 1800 458 λεχθέντα.

1276 479 1305 507 6.
1350 467 1503 506 Γλῶσσα
1525 468 1630 518 σοφοῦ
1651 466 1690 503 οὐ
1705 464 1976 516 προηγουμένως
1996 467 2111 514 τίμιον
2125 465 2224 518 παρὰ
2245 468 2326 517 θεῷ,

1358 524 1451 563 ἀλλὰ
1488 524 1533 564 τὰ
1563 523 1669 578 ἔργα·
1695 523 1798 577 σοφὸς
1818 523 1887 576 γὰρ
1923 524 1983 563 καὶ
2019 527 2126 577 σιγῶν
2158 525 2217 564 τὸν
2256 526 2331 564 θεὸν

1357 589 1459 636 τιμᾷ.
1603 595 1608 600 ’

1379 665 1382 669 «
1417 641 1504 696 (Cf.
1526 641 1634 682 Sext.
1665 641 1771 681 Sent.
1793 646 1865 686 401
1888 650 1926 679 et
1951 647 2051 690 4023
2070 642 2163 680 item
2184 641 2328 682 Meliss.

1360 702 1484 741 Serm.
1503 702 1569 752 93.
1585 701 1596 754 )

1281 773 1313 800 7.
1365 758 1600 812 Γλώσσαλγος
1615 758 1796 812 ἄνθρωπος
1815 758 1876 797 καὶ
1894 758 2052 809 ἀμαθής,
2068 759 2256 811 εὐχόμενος
2271 759 2332 797 καὶ

1360 817 1449 857 θύων
1470 818 1511 857 τὸ
1537 822 1626 858 θεῖον
1655 818 1807 870 μιαίνει·
1824 818 1927 867 μόνος
1946 812 2004 857 οῦν
2027 818 2138 870 ἱερεὺς
2158 821 2177 857 ὁ
2208 817 2331 871 σοφός,
2349 867 2357 872 ⁸

1362 877 1464 927 μόνος
1483 877 1662 930 θεοφιλής,
1686 876 1787 928 μόνος
1801 876 1897 919 εἰδὼς
1913 875 2090 928 εὔχεσθαι.

1418 937 1428 988 (
1445 936 1503 976 Cf.
1522 935 1718 988 Porphyr.
1737 935 1862 987 Epist.
1880 935 1929 973 ad
1949 935 2118 975 Marcell.
2134 934 2144 987 )

1281 1009 1313 1035 8.
1362 994 1500 1045 Γυμνὸς
1529 994 1739 1038 ἀποσταλεὶς
1771 993 1874 1047 σοφός
1888 1023 1899 1044 ,
1931 995 2158 1045 γυμνητεύων
2190 994 2334 1033 καλέσει

1365 1052 1423 1091 τὸν
1443 1052 1655 1106 πέμψαντα·
1679 1051 1786 1103 μόνου
1805 1053 1873 1105 γὰρ
1899 1056 1958 1092 τοῦ
1979 1052 2030 1104 μὴ
2050 1053 2120 1098 τοῖς
2138 1052 2335 1106 ἀλλοτρίοις

1363 1112 1638 1166 πεφορτισμένου
1659 1112 1808 1159 ἐπήκοος
1829 1114 1848 1151 ὁ
1868 1112 1955 1157 θεός.
2014 1101 2022 1112 ¹

1420 1171 1497 1224 (Cf.
1517 1171 1716 1224 Porphyr.
1733 1171 1854 1222 Epist.
1876 1171 1924 1209 ad
1940 1171 2062 1211 Marc.
2083 1185 2167 1223 cap.
2188 1171 2279 1223 33.)

1281 1243 1311 1269 ο.
1360 1231 1482 1282 Δῶρον
1512 1229 1600 1268 ἄλλο
1628 1230 1744 1282 μεῖζον
1767 1232 1895 1282 ἀρετῆς
1931 1230 1995 1267 οὐκ
2026 1229 2100 1268 ἔστι
2129 1229 2229 1283 παρὰ
2258 1232 2335 1268 θεοῦ

1363 1294 1502 1336 λαὸεἷν,

1287 1369 1330 1394 10.
1360 1356 1467 1407 Δῶρα
1483 1354 1545 1393 καὶ
1562 1353 1679 1394 θυσίαι
1698 1354 1773 1394 θεὸν
1792 1355 1831 1392 οὗ
1848 1356 2019 1405 τιμῶσιν,
2035 1351 2246 1404 ἀναθήματα
2261 1352 2336 1391 θεὸν

1363 1415 1401 1452 οὗ
1420 1418 1565 1466 κοσμεῖ,
1590 1412 1680 1452 ἀλλὰ
1700 1413 1739 1452 τὸ
1759 1413 1871 1453 ἔνθεον
1887 1411 2051 1466 φρόνημα
2078 1413 2229 1465 διαρκῶς
2256 1429 2339 1451 συν-

1364 1473 1468 1512 άπτει
1497 1478 1584 1527 θεῷ·
1604 1474 1732 1527 χωρεῖν
1752 1471 1821 1526 γὰρ
1842 1472 1979 1525 ἀνάγκη
1994 1472 2033 1511 τὸ
2055 1470 2173 1522 ὅμοιον
2193 1471 2280 1525 πρὸς
2295 1472 2334 1510 τὸ

1363 1531 1494 1583 ὅμοιον.

1421 1592 1499 1644 (Cf.
1521 1591 1722 1644 Porphyr.
1745 1590 1869 1643 Epist.
1893 1591 1942 1629 ad
1962 1589 2136 1629 Marcell.
2158 1603 2241 1641 cap.
2262 1604 2333 1641 19;

1365 1653 1456 1690 item
1475 1651 1645 1691 Hierocl.
1666 1664 1809 1690 comm.
1826 1651 1876 1688 ad
1889 1663 1973 1689 aur.
1991 1663 2112 1688 carm.
2128 1662 2189 1688 vs.
2218 1663 2251 1689 1.
2269 1649 2282 1700 )

1285 1724 1330 1751 ιι.
1361 1709 1545 1749 Δουλεύειν
1568 1710 1696 1749 πάθεσι
1711 1709 1978 1761 χαλεπώτερον,
1998 1707 2021 1755 ἢ
2042 1706 2230 1760 τυράννοις.

1421 1769 1552 1822 (ldem
1579 1769 1726 1808 dictum
1744 1768 1818 1807 sub
1837 1768 2070 1819 Pythagorae
2090 1768 2248 1805 nomine
2269 1767 2334 1805 ha-

1362 1829 1429 1867 bet
1441 1828 1616 1867 Stobaeus
1632 1828 1737 1868 Flor.
1751 1827 1802 1865 Vl
1815 1857 1825 1875 ,
1845 1833 1890 1875 47
1905 1842 1915 1875 ;
1933 1827 1982 1866 cf.
1998 1826 2192 1878 Porphyr.
2214 1826 2338 1878 Epist.

1365 1889 1412 1927 ad
1432 1889 1605 1929 Marcell.
1627 1901 1712 1940 cap.
1738 1888 1787 1934 34
1807 1896 1846 1926 et
1867 1887 2024 1926 Maxim.
2045 1899 2131 1938 cap.
2157 1884 2215 1938 3.)

1287 1961 1334 1988 12.
1364 1947 1599 2000 Διαλέγεσθαι
1635 1947 1777 1999 ἄμεινον
1834 1947 1947 1999 ἑαυτῷ
1982 1944 2087 1985 πλέον
2100 1975 2110 1994 ,
2140 1944 2233 1996 ἤπερ
2268 1946 2338 1986 τοῖς

1365 2007 1488 2052 πέλας.

1288 2078 1334 2106 [3.
1364 2065 1450 2103 Ἐὰν
1471 2064 1526 2104 ἀεὶ
1547 2063 1787 2117 μνημονεύῃς,
1804 2063 1878 2112 ὅτι,
1896 2063 1983 2104 ὅπου
2009 2062 2051 2101 ἂν
2072 2057 2095 2116 ἦ
2115 2065 2136 2109 ἡ
2159 2062 2255 2116 ψυχή
2277 2078 2337 2100 σου

1366 2124 1426 2163 καὶ
1447 2123 1485 2162 τὸ
1508 2125 1612 2174 σῶμα
1637 2121 1738 2175 ἔργον
1755 2123 1909 2174 ἀποτελῇ
1925 2152 1935 2172 ,
1954 2121 2028 2165 θεὸς
2049 2121 2234 2174 ἐφέστηκεν
2252 2119 2337 2173 ἔφο-

210 2330 279 2362 154.
303 2328 411 2361 Satius
423 2329 474 2361 est
496 2329 530 2360 in
548 2327 734 2361 stramentis
747 2327 838 2360 humi
857 2327 1030 2360 cubantem
1054 2326 1163 2360 vivere
1185 2328 1218 2360 et

166 2385 252 2418 bono
265 2385 375 2418 animo
391 2394 482 2425 esse,
497 2394 596 2427 quam
621 2386 654 2418 in
675 2394 774 2419 aureo
795 2386 879 2418 lecto
894 2387 1043 2419 aestuare.

210 2447 281 2479 155.
295 2445 492 2487 Pythagoras
502 2444 655 2478 monebat
669 2454 677 2477 :
691 2457 707 2473 α
720 2453 760 2478 ne
770 2454 860 2486 saepe
870 2445 970 2478 homo
980 2445 1025 2479 ab
1037 2445 1188 2486 homine,
1202 2458 1218 2473 υ

166 2504 328 2547 frequenti
355 2513 568 2538 venei-eorum
596 2514 658 2538 usu
685 2504 913 2538 abstinendum
932 2514 1002 2540 esse
1024 2505 1219 2546 significans.

269 2658 506 2690 DEMOPHILI
528 2659 770 2691 SENTENTIAE
791 2659 1116 2692 PYTHAGORICAE.

214 2809 240 2835 1.
266 2805 346 2842 Quae
363 2804 455 2844 parta
473 2804 554 2837 tueri
586 2813 650 2836 non
672 2805 774 2846 possis
789 2829 798 2845 ,
822 2814 858 2837 ea
873 2813 890 2837 a
910 2805 971 2838 deo
993 2814 1032 2838 ne
1053 2809 1184 2848 expetas
1210 2816 1219 2837 z

167 2862 293 2894 nullum
323 2862 411 2895 enim
430 2863 553 2895 donum
576 2864 654 2904 eripi
671 2866 796 2906 potest3
818 2864 939 2897 idcirco
969 2865 1220 2907 haudquaquam

165 2921 254 2954 dabit
276 2922 365 2963 quod
380 2931 522 2963 nequeas
537 2931 736 2957 conservare.

208 2984 239 3013 2.
265 2982 373 3014 Mente
408 2981 554 3023 pervigili
586 2983 679 3024 esto3
708 2991 781 3015 nam
823 2983 921 3015 animi
949 2984 1100 3016 veternus
1134 2993 1220 3017 verae

166 3039 262 3072 morti
276 3043 430 3080 cognatus
441 3044 502 3073 est.

210 3102 241 3131 3.
266 3099 473 3132 calamitates
496 3100 683 3134 hominibus
707 3102 803 3135 infert
824 3103 906 3136 deus
932 3111 995 3135 non
1019 3103 1138 3143 iratus,
1164 3104 1219 3136 sed

166 3156 332 3197 ignoratus
348 3167 356 3189 :
376 3157 423 3191 ira
436 3159 521 3191 enim
537 3160 640 3194 aliena
657 3164 706 3194 est
725 3170 744 3193 a
759 3161 838 3202 deo;
853 3162 972 3203 quippe
988 3171 1062 3203 quae
1078 3162 1110 3195 in
1124 3162 1221 3196 rebus

164 3215 308 3248 adversis
323 3216 430 3249 locum
452 3218 568 3251 habeat
592 3233 601 3252 ι
621 3219 681 3253 deo
701 3222 810 3254 autem
835 3221 1004 3260 niliilmali
1021 3221 1151 3255 accidit.

207 3278 240 3306 4.
266 3277 375 3313 Quum
406 3276 447 3309 de
466 3277 531 3310 alio
562 3270 646 3312 male
674 3280 838 3321 consulis,
871 3283 902 3313 te
922 3281 1027 3322 ipsum
1048 3281 1134 3314 malo
1166 3290 1220 3314 ac-

165 3334 259 3374 cepto
278 3335 459 3375 praevertiS.
476 3338 590 3378 Neque
619 3347 698 3371 vero
723 3339 801 3372 honi
822 3339 1000 3380 quidquam
1023 3348 1042 3371 a
1059 3340 1144 3373 malo
1163 3349 1219 3373 ex·

165 3390 322 3430 spectes:
354 3400 429 3423 nam
460 3393 572 3433 quales
599 3394 757 3437 cujusque
788 3405 914 3436 mores,
944 3396 1016 3428 talis
1044 3401 1076 3429 et
1102 3397 1167 3430 vita
1188 3399 1220 3430 et

163 3448 319 3482 actiones.
366 3451 425 3483 Est
445 3451 531 3484 enim
557 3453 685 3486 animus
711 3455 802 3496 quasi
833 3455 1092 3496 promtuarium,
1115 3456 1218 3489 bonus

165 3505 296 3547 quidem
311 3507 490 3550 bonorum,
517 3511 622 3544 malus
641 3515 749 3547 autem
771 3515 944 3548 malorum.

309 3572 427 3597 reims.
451 3574 545 3599 onim

1313 2331 1356 2359 5.
1380 2326 1442 2359 Diu
1472 2325 1678 2366 multumque
1701 2324 1877 2357 meditatus
1903 2323 1945 2356 ad
1974 2322 2146 2356 dicendum
2165 2323 2216 2355 vel
2242 2331 2338 2364 agen-

1285 2386 1364 2419 dum
1393 2386 1511 2419 accede
1530 2399 1538 2419 :
1560 2394 1664 2426 neque
1685 2386 1772 2418 enim
1802 2384 1935 2417 habebis
1957 2385 2152 2426 potestatem
2179 2384 2263 2415 sacta
2282 2386 2338 2415 aut

1286 2445 1370 2477 dicta
1386 2444 1568 2477 revocandi.
1590 2486 1593 2488 Ι

1325 2508 1357 2536 6.
1381 2505 1454 2536 Non
1477 2504 1585 2546 lingua
1599 2503 1753 2545 sapientis
1770 2502 1931 2544 praecipue
1946 2502 2007 2535 deo
2020 2510 2092 2534 cara
2107 2505 2157 2534 est
2169 2526 2178 2542 ,
2194 2502 2251 2535 sed
2267 2502 2339 2543 ejus

1283 2573 1382 2602 opera
1400 2572 1409 2595 ε
1427 2572 1500 2595 nam
1521 2563 1648 2604 sapiens
1660 2587 1670 2604 ‚
1691 2563 1787 2595 etiam
1805 2571 1882 2594 cum
1905 2563 2010 2602 tacet,
2031 2562 2128 2594 deum
2146 2561 2295 2594 honorat.

1325 2627 1356 2656 7.
1382 2625 1485 2655 Homo
1498 2622 1643 2663 garrulus
1659 2623 1692 2655 et
1709 2622 1876 2663 imperitus
1897 2622 1930 2654 et
1946 2619 2068 2653 orando
2081 2621 2114 2653 et
2131 2620 2339 2653 sacrificando

1283 2691 1403 2715 numen
1422 2681 1623 2714 contaminat
1655 2689 1664 2709 τ
1687 2680 1776 2713 solus
1793 2679 1888 2721 igitur
1910 2679 2037 2721 sapiens
2059 2679 2228 2721 sacerdos,
2248 2681 2338 2712 solus

1284 2741 1374 2783 pius,
1391 2741 1481 2773 solus
1500 2739 1613 2772 orandi
1638 2748 1769 2780 gnarus.

1326 2804 1356 2832 8.
1381 2799 1514 2840 Sapiens
1540 2798 1650 2830 nudus
1679 2798 1711 2830 in
1737 2796 1850 2830 orbem
1869 2796 2006 2837 missus,
2028 2797 2138 2829 nudus
2165 2806 2257 2839 eum,
2283 2798 2337 2839 qui

1283 2859 1393 2899 misit,
1417 2858 1567 2890 invocet:
1590 2857 1673 2890 deus
1691 2856 1780 2890 enim
1802 2856 1910 2889 solum
1925 2855 2057 2889 exaudit
2074 2856 2166 2888 illum
2183 2856 2239 2898 qui
2262 2856 2328 2889 alie·

1284 2918 1334 2950 nis
1356 2926 1418 2949 non
1438 2918 1488 2949 est
1503 2919 1650 2948 onustus.

1325 2981 1356 3009 9.
1381 2975 1513 3009 Nullum
1533 2975 1656 3007 donum
1673 2975 1778 3015 majus
1793 2974 1914 3007 virtute
1930 2983 1949 3006 a
1969 2974 2030 3007 deo
2053 2974 2157 3014 accipi
2175 2975 2293 3014 potest.

1328 3039 1376 3068 ιο.
1402 3037 1535 3068 Munera
1553 3036 1586 3067 et
1606 3034 1746 3067 victimae
1763 3034 1842 3066 nihil
1862 3033 1994 3066 lionoris
2007 3034 2067 3066 deo
2086 3033 2250 3073 tribuunt,
2279 3041 2323 3064 ne

1282 3103 1345 3136 que
1360 3094 1491 3126 donaria
1515 3093 1614 3126 deum
1637 3096 1776 3134 ornant,
1793 3093 1849 3126 sed
1867 3101 1959 3125 mens
1972 3101 2063 3125 sacro
2087 3092 2194 3124 surore
2216 3092 2333 3131 percita

1282 3153 1361 3186 satis
1380 3162 1440 3185 nos
1462 3153 1523 3185 deo
1551 3152 1739 3193 conjungit:
1759 3161 1833 3184 nam
1858 3151 1962 3185 simile
1983 3150 2078 3184 simili
2102 3150 2257 3183 accedere
2277 3159 2334 3182 ne-

1282 3223 1371 3246 cesse
1384 3215 1444 3253 est.

1326 3277 1374 3308 11.
1399 3274 1519 3307 Durius
1535 3277 1583 3307 est
1596 3274 1715 3314 servire
1727 3274 1914 3314 affectibus,
1935 3282 2034 3315 quam
2049 3272 2205 3314 tyrannis.

1326 3336 1374 3366 12.
1403 3334 1537 3366 Praestat
1563 3333 1680 3374 saepius
1700 3343 1773 3365 cum
1792 3343 1825 3365 se
1847 3334 1937 3374 ipso,
1963 3342 2059 3373 quam
2083 3341 2159 3364 cum
2176 3331 2245 3363 aliis
2264 3329 2331 3363 col-

1281 3393 1382 3435 loqui.

1326 3457 1373 3486 13.
1399 3453 1430 3486 Si
1458 3462 1584 3493 semper
1602 3452 1789 3485 memineris
1803 3475 1812 3492 ,
1836 3451 2022 3492 ubicunque
2042 3450 2170 3482 animus
2192 3450 2268 3482 tuus
2288 3449 2331 3481 sit

1280 3514 1336 3543 aut
1363 3520 1481 3551 corpus
1501 3510 1620 3551 aliquid
1645 3511 1824 3552 perpetret,
1845 3509 1942 3542 deum
1968 3510 2181 3550 inspectorem
2201 3508 2329 3548 adesse,

2168 3573 2204 3599 52
