2612 3814
985 259 1270 300 DEMOCRITI
1298 257 1517 298 FRAGME
1525 258 1552 296 N
1560 259 1625 296 TA
1635 287 1644 295 .

293 353 362 405 γὰρ
381 350 484 396 ὄντα,
503 348 564 388 καὶ
578 348 780 399 τυπτόμενα
799 352 868 391 τοῖς
884 347 1110 400 περιέχουσι,
1134 346 1257 399 μίγνυ·
1280 346 1288 356 ’

293 415 373 449 σθαι
394 409 437 448 ἂν
457 411 506 462 τῷ
531 407 654 447 παντί·
687 408 725 446 οὖ
754 410 950 461 περιφερῶν
971 408 1030 457 δέ,
1050 406 1102 446 ὅτι
1129 406 1170 446 τὸ
1195 406 1257 456 μὲν

292 468 448 521 ἁλμυρὸν
469 467 583 522 τραχύ
595 497 606 518 ,
622 466 661 506 τὸ
680 464 717 505 δὲ
732 467 913 520 περιφερὲς
942 468 1034 505 λεῖον
1050 481 1059 490 ·
1073 467 1258 513 σκαληνῶν
1284 495 1289 507 .

1282 458 1288 491 l

1401 522 1474 567 364
1491 535 1599 572 seqq.
1616 521 1678 559 ed.
1698 521 1836 572 Heer.)

1321 594 1368 619 ar.

1282 529 1292 970 ι
1321 830 1371 857 32.

291 528 328 567 δὲ
348 528 405 567 διὰ
431 526 471 565 τὸ
490 525 539 578 μὴ
559 524 880 580 περιπλάττεσθαι·
902 525 953 564 διὸ
972 526 1134 579 ψαφαρὸν
1155 518 1255 564 εἶναι.

224 633 227 636 ἢ
346 580 660 633 (Theophrastus
677 578 776 618 ibid.
794 580 884 630 66.)

211 655 259 680 ²9.
287 639 361 680 ,Τὸν
375 638 411 677 δὲ
433 638 587 692 δριμὺν
603 637 726 691 μικρὸν
738 638 798 676 καὶ
815 640 984 691 περιφερῆ
994 637 1053 676 καὶ
1066 638 1260 690 γωνιοειδῆ,

292 696 467 746 σκαληνὸν
488 697 524 735 δὲ
545 699 607 736 οὔκ
624 696 718 749 ἔχειν
731 711 740 720 ·
760 696 818 734 τὸν
841 696 904 747 μὲν
919 697 988 749 γὰρ
1007 696 1131 748 δριμὺν
1149 698 1260 734 πολυ-

289 756 412 808 γώνιον
431 758 543 794 ποιεῖν
570 759 615 809 τῇ
646 755 861 808 τραχύτητι,
885 754 1081 807 θερμαίνειν
1102 753 1162 792 καὶ
1185 755 1260 792 δια-

288 820 365 870 χεῖν
387 815 445 854 διὰ
473 814 513 854 τὸ
537 814 659 868 μικρὸν
692 808 781 852 εἶναι
818 814 879 852 καὶ
912 816 1081 866 περιφερῆ
1112 812 1170 851 καὶ
1195 829 1262 864 γω-

290 875 417 923 νιοειδῆ
429 890 438 900 ·
473 873 534 914 καὶ
567 874 636 926 γὰρ
671 873 711 912 τὸ
742 874 933 924 γωνιοειδὲς
965 867 1052 911 εἶναι
1090 876 1259 912 τοιοῦτον.

290 933 478 978 (Ωσαύτως
492 933 526 972 δὲ
544 932 605 972 καὶ
624 931 686 977 τὰς
701 931 811 976 ἄλλας
828 932 975 972 ἑκάστου
992 929 1154 980 δυνάμεις
1173 931 1262 969 ἀπο-

291 993 448 1041 δίδωσιν,
469 992 608 1042 ἀνάγων
622 993 669 1035 εἰς
686 989 730 1029 τὰ
746 990 936 1043 σχήματα·
955 989 1120 1028 ἁπάντων
1135 987 1171 1027 δὲ
1191 990 1261 1026 τῶν

291 1051 488 1104 σχημάτων
518 1050 614 1090 οὐδὲν
640 1050 802 1102 ἀκέραιον
831 1042 919 1088 εἶναι
950 1048 1010 1087 καὶ
1041 1045 1165 1098 ἀμιγὲς
1193 1050 1263 1090 τοῖς

293 1110 430 1158 ἄλλοις,
465 1109 542 1148 ἀλλ’
573 1109 608 1147 ἐν
629 1107 766 1160 ἑκάστῳ
787 1108 929 1161 (χυλῷ)
951 1105 1065 1158 πολλὰ
1085 1099 1174 1144 εἶναι
1201 1104 1262 1144 καὶ

290 1168 349 1209 τὸν
369 1169 472 1208 αὐτὸν
495 1167 588 1220 ἔχειν
608 1165 702 1205 λείου
728 1165 788 1205 καὶ
808 1165 955 1218 τραχέος
977 1164 1038 1204 καὶ
1058 1167 1262 1218 περιφεροῦς

291 1228 351 1267 καὶ
372 1226 464 1271 ὀξέος
482 1229 543 1266 καὶ
574 1228 643 1264 τῶν
666 1226 816 1265 λοιπῶν·
836 1224 855 1264 ὃ
874 1225 906 1263 δ’
937 1223 978 1263 ἂν
998 1227 1057 1276 ἐνῇ
1080 1225 1263 1270 πλεῖστον,

290 1291 393 1327 τοῦτο
413 1286 569 1338 μάλιστα
585 1284 756 1338 ἐνισχύειν
776 1283 863 1338 πρός
883 1300 920 1323 τε
938 1284 1001 1331 τὴν
1022 1283 1182 1332 αἴσθησιν
1202 1282 1263 1321 καὶ

289 1346 352 1393 τὴν
371 1347 534 1397 δύναμιν.
591 1343 674 1384 Ἔτι
695 1341 731 1382 δὲ
748 1345 795 1388 εἷς
817 1344 939 1383 ὁποίαν
957 1344 1026 1390 ἕξιν
1049 1343 1089 1382 ἂν
1107 1342 1261 1394 εἰσέλθῃ,

289 1404 465 1460 διαφέρειν
485 1406 548 1444 οὔκ
561 1403 692 1456 ὀλίγον·
710 1403 772 1444 καὶ
789 1402 845 1443 διὰ
860 1407 962 1443 τοῦτο
980 1403 1020 1443 τὸ
1037 1403 1121 1442 αὐτὸ
1136 1405 1264 1442 τάναν-

288 1466 370 1516 τία,
387 1464 448 1504 καὶ
472 1463 639 1504 τάναντία
661 1463 701 1502 τὸ
719 1462 804 1502 αὐτὸ
824 1463 933 1508 πάθος
953 1469 1064 1503 ποιεῖν
1085 1462 1206 1502 ἐνίοτε.

345 1526 356 1575 (
376 1523 669 1576 Theophrastus
690 1522 788 1562 ibid.
807 1524 871 1571 67.
888 1523 899 1574 )

550 1641 655 1703 Περὶ
683 1641 935 1704 χρωμάτων.

212 1777 262 1804 30.
293 1762 520 1815 Δημόκριτος
533 1762 635 1815 φύσιν
653 1761 716 1814 μὲν
735 1761 844 1812 μηδὲν
861 1755 950 1800 εἶναι
964 1763 1094 1814 χρῶμα
1111 1760 1181 1813 ,τὰ
1202 1760 1264 1812 μὲν

292 1822 361 1876 γὰρ
378 1828 535 1875 στοιχεῖα
554 1822 682 1873 ἄποια,
699 1821 744 1859 τά
759 1836 797 1859 τε
818 1819 931 1872 μεστὰ
956 1820 1016 1860 καὶ
1036 1820 1075 1859 τὸ
1088 1819 1185 1859 κενόν
1197 1835 1205 1843 ·
1221 1819 1264 1858 τὰ

293 1882 322 1920 δ’
341 1881 374 1926 ἐξ
396 1882 511 1919 αὐτῶν
532 1879 758 1933 συγκρίματα
775 1883 975 1933 κεχρῶσθαι
989 1880 1137 1932 διαταγῇ
1151 1895 1191 1918 τε
1206 1879 1266 1917 καὶ

296 1943 417 1995 ῥυθμῷ
437 1939 498 1978 καὶ
526 1941 735 1993 προτροπῇ,
757 1933 806 1978 ῶν
828 1942 848 1984 ἡ
872 1938 935 1989 μέν
957 1940 1032 1977 ἔστι
1051 1939 1166 1986 τάξις,
1186 1942 1208 1986 ἡ
1229 1938 1264 1977 δὲ

293 2002 437 2053 σχῆμα,
458 2002 480 2046 ἡ
497 1998 533 2038 δὲ
547 1998 653 2042 θέσις·
671 1997 768 2051 παρὰ
787 2001 899 2036 ταῦτα
914 1998 983 2049 γὰρ
1005 2000 1040 2037 αἱ
1060 1997 1264 2051 φαντασίαι.

294 2059 440 2098 Τούτων
461 2058 497 2098 δὲ
528 2061 598 2097 τῶν
627 2057 712 2110 πρὸς
741 2057 804 2104 τὴν
833 2056 1027 2111 φαντασίαν
1065 2055 1266 2109 χρωμάτων

214 2192 263 2225 dis
278 2201 375 2232 vcro,
391 2192 468 2233 qnia
483 2192 604 2224 salsum
621 2200 769 2232 asperum
782 2215 790 2231 ,
806 2190 983 2223 rotundum
997 2193 1106 2223 autem
1125 2191 1270 2231 glabrum

214 2253 267 2286 sit.
310 2253 359 2284 Ex
372 2251 586 2292 inaequalibus
610 2251 767 2292 denique,
783 2250 871 2292 qnod
889 2249 976 2292 (aliis
997 2250 1187 2292 saporibus)
1205 2260 1270 2282 non

214 2301 369 2344 obruatur
385 2309 522 2351 ideoque
539 2309 640 2342 durus
653 2310 707 2343 sil.

261 2374 313 2402 29.
335 2370 502 2402 Postremo
518 2377 636 2401 acrem
652 2376 799 2409 saporem
819 2376 955 2408 parvum
982 2369 1014 2399 et
1037 2366 1212 2399 rotundum
1239 2368 1272 2398 et

217 2427 424 2468 angularem,
439 2426 496 2459 sed
515 2435 580 2458 non
605 2426 801 2466 inaequalem
829 2435 838 2457 ι
866 2434 974 2458 acrem
993 2425 1078 2457 enim
1099 2426 1271 2465 asperitate

218 2495 276 2519 sua
301 2485 490 2526 angulosum
516 2484 596 2526 quid
622 2484 768 2524 efficere,
803 2484 981 2517 calefacere
1007 2487 1039 2517 et
1063 2484 1270 2526 perfundere,

219 2546 373 2588 quoniam
393 2554 516 2588 parvus
533 2547 566 2578 et
582 2545 742 2578 rotundus
759 2547 791 2578 et
806 2545 970 2586 angularis
984 2546 1026 2577 sit
1045 2554 1204 2586 omneque
1217 2554 1273 2576 an-

214 2605 327 2646 gulare
347 2605 390 2637 ita
403 2613 438 2637 se
454 2604 582 2636 babeat.
627 2603 699 2636 Pari
715 2606 824 2635 autem
841 2603 939 2635 modo
959 2603 1097 2643 reliquas
1113 2602 1272 2643 cujusque

220 2664 308 2696 vires
327 2654 482 2704 exponit,
504 2662 545 2695 ad
565 2663 683 2702 figuras
698 2662 859 2702 referens;
881 2669 996 2693 verum
1021 2661 1168 2692 omnium
1190 2660 1272 2700 sigu-

223 2731 332 2755 rarum
350 2722 472 2755 nullam
483 2730 553 2754 esse
565 2721 722 2754 sinceram
732 2722 830 2762 atque
845 2729 863 2752 a
877 2719 1276 2753 oaeterarunradmixtione

225 2782 380 2822 liberam,
396 2781 452 2814 sed
479 2780 513 2813 in
542 2789 741 2822 unoquoque
758 2784 768 2818 (
785 2779 919 2822 sapore)
942 2780 1061 2812 multas
1086 2787 1176 2819 esse,
1194 2787 1274 2811 eun-

224 2843 363 2884 demque
382 2841 500 2874 babere
528 2841 711 2883 (figuram)
733 2841 834 2882 glabri
857 2843 889 2872 et
904 2840 1008 2881 asperi
1034 2842 1066 2872 et
1094 2838 1224 2871 rotundi
1244 2840 1276 2871 et

224 2903 311 2936 acuti
343 2904 376 2935 et
410 2902 627 2943 reliquorum,
653 2910 727 2942 quae
759 2903 867 2933 autem
896 2900 1038 2932 maxima
1065 2899 1163 2939 insit,
1194 2899 1278 2930 hanc

226 2963 368 2995 maxime
376 2962 415 2994 ad
424 2970 554 2994 sensum
562 2960 766 2994 efficiendum
777 2960 909 3001 vimque
919 2959 1149 2996 ostendendam
1160 2958 1276 2990 valere.

225 3023 386 3054 Proeterea
404 3021 437 3053 in
451 3029 548 3063 quem
567 3019 749 3061 (corporis)
765 3019 910 3052 habitum
928 3018 1048 3051 incidat
1066 3027 1172 3059 sapor,
1192 3017 1277 3049 mul-

225 3082 296 3118 tum
317 3079 488 3120 interesse,
506 3079 642 3120 ideoque
660 3078 745 3119 lieri,
760 3078 797 3110 ut
812 3077 924 3110 eadem
945 3077 955 3118 (
971 3076 1115 3117 corporis
1145 3075 1247 3108 nostri
1262 3076 1272 3116 )

226 3138 353 3171 affectio
369 3139 549 3177 contraria,
575 3126 608 3170 et
633 3137 794 3170 contraria
822 3136 957 3170 eandem
976 3136 1179 3169 affectionem
1197 3143 1275 3167 non-

228 3205 395 3239 nunquam
407 3196 594 3232 exhibeant.

590 3290 651 3330 De
669 3285 909 3330 coloribus.

276 3404 327 3434 30.
351 3400 556 3433 Democritus
575 3400 653 3432 nibil
671 3409 726 3442 per
755 3409 788 3432 se
815 3399 956 3431 colorem
986 3406 1054 3430 esse
1080 3395 1184 3435 dixit,
1207 3403 1282 3426 nam

235 3459 392 3492 elementa
415 3459 568 3500 quidem,
597 3459 732 3500 plenum
757 3460 787 3491 et
808 3458 920 3497 inane,
953 3456 1075 3489 nullam
1096 3454 1283 3496 qualitatem

233 3517 376 3559 babere,
403 3526 475 3559 quae
505 3519 613 3561 autem
641 3526 682 3550 ex
710 3516 761 3549 liis
785 3518 1034 3557 componantur,
1060 3512 1284 3551 ordinatione,

2295 264 2370 299 363

1398 345 1561 397 τέτταρες
1581 346 1618 383 αἱ
1639 343 1817 397 διαφοραί,
1837 346 1982 392 λευκοῦ,
2001 346 2150 396 μέλανος
2164 374 2174 393 ,
2196 347 2343 399 ἐρυθροῦ
2357 378 2369 395 ,

1397 406 1655 514 Αλῖὲῑᾏῶεευε
1674 463 1808 513 Eclog.
1833 462 1948 514 phys.
1968 462 2076 502 lib.l
2100 476 2185 514 cap.
2218 477 2261 511 17
2284 478 2371 515 pag.

1399 579 1462 619 Διὸ
1479 581 1615 631 μᾶλλον
1633 578 1793 630 εὔλογον,
1812 578 1965 631 σώματα
1980 573 2067 617 εἶναι
2086 577 2374 630 ἀδιαίρετα--

1399 638 1485 692 ὅπερ
1507 645 1598 678 ποιεῖ
1619 638 1860 692 Δημόκριτος·
1887 637 1940 677 διὸ
1970 637 2031 676 καὶ
2052 637 2176 691 χροιὴν
2211 637 2250 676 οὔ
2271 653 2375 690 φησιν

1402 691 1506 745 εἶναι,
1521 700 1633 750 τροπῇ
1654 697 1721 749 γὰρ
1735 696 2036 750 χρωματίζεσθαι.

1457 757 1468 811 (
1485 757 1713 795 Aristoteles
1731 757 1779 795 de
1794 759 1935 796 Gener.
1956 765 1994 794 et
2011 770 2113 795 corr.
2132 754 2163 802 l,
2180 768 2218 793 2.
2235 754 2248 804 )

1402 818 1485 856 Τῶν
1502 815 1538 854 δὲ
1555 815 1756 869 χρωμάτων
1775 815 1872 854 ἁπλᾶ
1897 815 1959 866 μὲν
1980 815 2075 867 λέγει
2094 813 2247 865 τέτταρα
2261 828 2269 836 ·
2289 814 2379 852 λευ-

1401 875 1463 914 κὸν
1483 874 1546 926 μὲν
1571 869 1629 914 οὖν
1651 869 1740 914 εἶναι
1761 874 1800 913 τὸ
1820 875 1935 914 λεῖον·
1953 872 1972 913 ὃ
2002 874 2072 927 γὰρ
2093 872 2136 912 ἂν
2165 872 2214 922 μὴ
2239 873 2376 926 τραχύ,

1404 934 1487 984 μηδ’
1507 934 1696 987 ἐπισκιάζῃ
1719 933 1807 985 μηδὲ
1846 932 2024 972 δυσδίοδόν
2045 950 2099 981 τι,
2124 937 2277 971 τοιοῦτον
2306 939 2378 971 πᾶν

1402 993 1565 1046 λαμπρὸν
1587 986 1690 1033 εἶναι.
1749 995 1811 1032 Δεῖ
1825 992 1861 1031 δὲ
1881 992 1942 1031 καὶ
1959 992 2157 1047 εὖθύτρυπα
2176 991 2237 1030 καὶ
2252 991 2381 1043 διαυγῆ

1403 1051 1450 1090 τὰ
1470 1051 1620 1104 λαμπρὰ
1644 1046 1751 1091 εἶναι.
1809 1051 1868 1091 Τὰ
1899 1051 1962 1102 μὲν
1981 1046 2039 1090 οῧν
2058 1050 2196 1102 σκληρὰ
2210 1052 2279 1088 τῶν
2295 1051 2381 1089 λευ-

1404 1113 1474 1148 κῶν
1511 1112 1551 1149 ἐκ
1583 1109 1750 1149 τοιούτων
1773 1111 1972 1164 σχημάτων
1998 1114 2221 1162 συγκεῖσθαι,
2256 1102 2325 1148 οἷον
2355 1114 2379 1157 ἦ

1407 1169 1498 1214 ἐντὸς
1528 1168 1621 1214 πλὰξ
1646 1172 1715 1208 τῶν
1740 1169 1957 1222 κογχυλίων·
1978 1173 2089 1208 ταῦτα
2119 1169 2187 1221 γὰρ
2209 1169 2251 1207 ἂν
2273 1168 2381 1207 ἄσκια

1404 1228 1465 1267 καὶ
1481 1229 1590 1280 εὐαγῆ
1609 1228 1669 1267 καὶ
1689 1229 1863 1280 εὐθύπορα
1888 1222 1997 1267 εἶναι·
2016 1226 2060 1266 τὰ
2084 1227 2120 1266 δὲ
2150 1226 2291 1280 ψαθυρὰ
2320 1227 2382 1265 καὶ

1406 1286 1581 1340 εὔθρυπτα
1604 1288 1643 1326 ἐκ
1671 1290 1869 1340 περιφερῶν
1905 1286 1967 1337 μὲν
1997 1286 2106 1331 λοξῶν
2139 1286 2176 1325 δὲ
2215 1289 2259 1339 τῇ
2289 1285 2384 1325 θέσει

1404 1346 1490 1399 πρὸς
1516 1347 1655 1394 ἄλληλα
1670 1376 1680 1394 ,
1700 1346 1760 1385 καὶ
1778 1346 1840 1390 τὰς
1862 1346 1924 1386 δύο
1943 1345 2140 1393 συζεύξεις,
2161 1344 2225 1391 τήν
2251 1343 2281 1383 θ’
2296 1344 2380 1390 ὅλην

1405 1407 1501 1452 τάξιν
1531 1406 1625 1459 ἔχειν
1662 1406 1716 1445 ὅτι
1753 1407 1911 1458 μάλιστα
1942 1405 2081 1458 ὁμοίαν.
2139 1403 2318 1444 Τοιούτων
2353 1405 2384 1441 δ’

1406 1466 1526 1514 ὄντων,
1541 1465 1680 1519 ψαθυρὰ
1702 1466 1765 1517 μὲν
1780 1461 1884 1514 εἶναι,
1901 1465 1988 1505 διότι
2003 1463 2096 1503 κατὰ
2117 1463 2240 1515 μικρὸν
2261 1466 2282 1511 ἦ
2300 1462 2384 1501 σύν-

1407 1528 1505 1579 αψις·
1549 1525 1726 1577 εὔθρυπτα
1755 1524 1817 1574 δέ,
1848 1525 1901 1564 ὅτι
1933 1524 2064 1575 ὁμοίως
2093 1529 2246 1563 κεῖνται·
2276 1522 2383 1561 ἄσκια

1408 1584 1466 1632 δέ,
1488 1585 1574 1623 διότι
1603 1586 1681 1623 λεῖα
1710 1584 1771 1623 καὶ
1796 1583 1955 1623 πλατέα·
1980 1582 2170 1636 λευκότερα
2193 1580 2228 1620 δὲ
2261 1583 2311 1634 τῷ
2337 1582 2383 1620 τὰ

1408 1643 1579 1696 σχήματα
1595 1643 1638 1681 τὰ
1656 1643 1823 1697 εἰρημένα
1843 1642 1903 1682 καὶ
1924 1641 2158 1695 ἀκριὸέστερα
2178 1640 2238 1679 καὶ
2258 1640 2384 1691 ἆμιγέ·

1408 1719 1514 1756 στερα
1543 1696 1659 1751 εἶναι,
1700 1703 1760 1741 καὶ
1790 1702 1852 1750 τὴν
1881 1701 1977 1747 τάξιν
1997 1701 2057 1740 καὶ
2093 1699 2158 1748 τὴν
2184 1699 2276 1739 θέσιν
2302 1699 2387 1751 πρὸς

1409 1762 1548 1810 ἄλληλα
1570 1761 1663 1813 ἔχειν
1681 1762 1816 1811 μᾶλλον
1832 1761 1895 1807 τὴν
1916 1759 2120 1812 εἰρημένην.

1464 1821 1773 1874 (Theophrastus
1790 1821 1838 1859 de
1857 1820 1981 1858 Sensu
2002 1828 2039 1857 et
2059 1818 2195 1858 sensil.
2218 1818 2239 1868 §
2265 1818 2328 1865 73.

1330 1893 1380 1920 33.
1411 1879 1463 1919 Τὸ
1484 1879 1548 1930 μὲν
1569 1874 1630 1918 οὖν
1660 1878 1783 1917 λευκὸν
1813 1881 1853 1917 ἐκ
1879 1877 2042 1917 τοιούτων
2063 1871 2152 1915 εἶναι
2173 1876 2383 1929 σχημάτων,

1413 1939 1467 1978 Τὸ
1489 1939 1524 1978 δὲ
1547 1939 1658 1990 μέλαν
1691 1939 1731 1976 ἐκ
1758 1939 1827 1976 τῶν
1862 1936 2051 1985 ἐναντίων,
2080 1937 2119 1975 ἐκ
2148 1934 2308 1987 τραχέων
2328 1933 2387 1971 καὶ

1413 1999 1599 2044 σκαληνῶν
1619 1998 1678 2036 καὶ
1699 1996 1872 2046 ἀνομοίων
1883 2012 1891 2020 ·
1907 1995 1996 2036 οὕτω
2013 1995 2081 2047 γὰρ
2097 1993 2138 2033 ἂν
2153 1994 2308 2040 σκιάζειν
2324 1993 2386 2031 καὶ

1410 2057 1473 2095 οὐκ
1490 2057 1598 2100 εὖθεῖς
1614 2050 1702 2094 εἶναι
1724 2055 1802 2099 τοὺς
1817 2055 1943 2107 πόρους
1968 2054 2041 2092 οὐδ’
2058 2052 2245 2096 εὐδιόδους.
2303 2050 2389 2091 Ἔτι

1339 2193 1442 2224 forma
1461 2193 1494 2224 et
1525 2191 1756 2231 collocatione,
1777 2190 1807 2222 id
1830 2191 1878 2222 est
1896 2189 2028 2229 ordine,
2054 2189 2154 2229 figura
2170 2189 2201 2220 et
2219 2187 2282 2219 situ
2301 2187 2389 2219 colo-

1333 2253 1416 2293 ¹·ari;
1439 2251 1513 2284 inde
1526 2251 1610 2284 enim
1626 2251 1691 2283 lieri
1705 2249 1925 2292 perceptiones
1943 2249 2066 2289 (visa).
2111 2248 2262 2280 Colorum
2282 2248 2389 2279 antem

1334 2309 1403 2342 visu
1427 2310 1651 2351 perceptorum
1677 2310 1827 2349 quattuor
1844 2317 1914 2340 esse
1942 2316 2057 2348 genera
2077 2307 2160 2339 inter
2176 2314 2210 2339 se
2229 2305 2359 2338 diversa
2380 2316 2387 2335 =
2431 2317 2433 2320 ¹

1335 2369 1464 2408 album,
1487 2369 1631 2409 nigrum,
1650 2367 1785 2399 rubrum
1797 2390 1808 2406 ,
1826 2365 1960 2398 viridem
1981 2364 2132 2397 colorem.

1377 2429 1429 2460 31.
1465 2428 1667 2468 Quapropter
1700 2425 1802 2466 magis
1826 2425 2075 2457 consentaneum
2105 2422 2218 2461 fuerit,
2254 2429 2389 2461 corpora

1334 2495 1402 2519 esse
1419 2485 1713 2526 individua—quod
1730 2484 1933 2517 Democritus
1951 2482 2084 2522 statuit3
2102 2481 2256 2522 quocirca
2278 2483 2310 2513 et
2329 2488 2385 2512 co-

1335 2546 1436 2579 lorem
1452 2555 1517 2578 non
1534 2545 1613 2578 dicit
1628 2553 1696 2577 esse
1708 2568 1718 2584 ,
1731 2543 1941 2576 collocatione
1957 2544 2042 2575 enim
2062 2540 2208 2574 colorari.

1377 2609 1429 2638 32.
1451 2605 1606 2637 Golorum
1626 2604 1779 2645 quattuor
1792 2610 1905 2643 genera
1919 2600 2078 2643 simplicia
2090 2608 2160 2632 esse
2176 2598 2273 2639 dicit;
2289 2598 2389 2637 atque

1335 2652 1444 2685 album
1465 2651 1596 2693 quidem
1615 2659 1682 2683 esse
1698 2650 1780 2683 laeve
1798 2659 1807 2679 τ
1829 2648 1914 2691 quod
1932 2648 2017 2680 enim
2034 2656 2141 2688 neque
2160 2654 2310 2686 asperum
2331 2643 2386 2682 sit,

1336 2709 1440 2741 neque
1457 2699 1648 2738 obumbret,
1675 2706 1780 2738 neque
1796 2695 1969 2729 difficulter
1991 2695 2034 2727 sit
2053 2695 2198 2736 pervium
2212 2717 2222 2733 ‚
2246 2693 2277 2724 id
2295 2700 2390 2724 omne

1336 2747 1510 2780 candidum
1528 2755 1608 2779 esse.
1654 2744 1798 2777 Candida
1815 2752 1893 2776 vero
1908 2744 1941 2775 et
1956 2743 2042 2774 recte
2057 2742 2216 2782 perforata
2239 2743 2270 2772 et
2285 2740 2392 2771 trans-

1336 2794 1440 2826 lucida
1454 2802 1524 2826 esse
1547 2794 1705 2834 oportere.
1751 2791 1905 2824 Alborum
1922 2790 2021 2831 igitur
2034 2789 2114 2821 dura
2134 2797 2152 2820 e
2177 2787 2296 2820 talibus
2312 2795 2390 2818 con-

1336 2843 1420 2874 stare
1441 2841 1574 2882 figuris,
1598 2840 1703 2881 qualis
1731 2839 1774 2871 sit
1800 2838 1996 2871 concharum
2014 2840 2123 2869 crusta
2146 2835 2293 2874 interna;
2320 2834 2389 2866 haec

1336 2889 1421 2922 enim
1439 2897 1507 2921 esse
1524 2897 1627 2920 vacua
1654 2887 1779 2920 umbrae
1808 2888 1841 2919 et
1861 2885 2022 2928 pellucida
2038 2888 2072 2917 et
2100 2886 2187 2916 recte
2209 2882 2388 2925 perforata;

1338 2935 1471 2968 friabilia
1487 2937 1596 2967 autem
1625 2936 1658 2967 et
1685 2934 1805 2976 fragilia
1827 2943 1845 2966 e
1874 2932 2023 2966 rotundis
2042 2931 2196 2972 quidem,
2225 2929 2280 2962 sed
2306 2929 2391 2965 situ,

1337 2991 1434 3023 quem
1458 2981 1595 3015 habeant
1624 2982 1706 3015 inter
1739 2991 1791 3023 se,
1822 2981 1963 3023 obliquis
1994 2979 2193 3021 (composita
2219 2974 2332 3016 csse),
2356 2983 2394 3007 ac

1338 3033 1417 3065 duas
1445 3031 1691 3072 conjunctiones
1707 3034 1877 3073 totumque
1899 3030 2043 3063 ordinem
2066 3037 2164 3070 quam
2193 3025 2393 3058 simillimum

1340 3083 1466 3116 habere.
1513 3085 1627 3123 ltaque
1644 3083 1780 3115 friabilia
1809 3091 1895 3122 esse,
1921 3080 1996 3122 quia
2013 3079 2102 3112 brevi
2125 3076 2295 3110 intervallo
2324 3082 2395 3106 sese

1339 3136 1491 3176 tangant,
1523 3134 1645 3174 fragilia
1675 3138 1801 3174 autem,
1831 3133 1907 3174 quia
1927 3131 2064 3164 similem
2101 3128 2238 3161 habeant
2272 3125 2392 3163 situm,

1282 3189 1287 3195 ·
1340 3192 1434 3224 porro
1454 3183 1578 3215 umbl'oe
1607 3192 1709 3215 vacua
1722 3207 1731 3224 ‚
1754 3183 1829 3224 quia
1853 3181 1945 3213 laevia
1961 3181 2025 3212 sint
2043 3181 2076 3212 et
2096 3179 2159 3211 lata
2175 3201 2184 3217 ,
2198 3175 2319 3208 albiora
2336 3173 2391 3205 de-

1339 3232 1456 3273 nique,
1473 3232 1603 3274 quando
1626 3232 1733 3273 figurae
1759 3240 1855 3273 supra
1882 3233 2067 3262 memorata}
2085 3229 2117 3261 et
2133 3224 2347 3260 accuratiores
2363 3224 2396 3254 et

1340 3280 1448 3312 minus
1468 3280 1578 3312 mixtae
1597 3281 1679 3320 sint,
1705 3280 1916 3320 ordinemque
1941 3281 1975 3311 et
2006 3276 2125 3316 situm,
2146 3275 2186 3307 de
2208 3282 2272 3315 quo
2296 3269 2396 3302 locuti

1342 3336 1455 3361 sumus
1468 3352 1476 3367 ,
1495 3328 1595 3368 magis
1609 3328 1744 3360 invicem
1762 3327 1915 3359 habeant.

1385 3389 1437 3420 33.
1461 3386 1579 3419 Album
1607 3386 1703 3427 igitur
1733 3385 1873 3417 colorem
1905 3394 1922 3416 e
1949 3383 2068 3415 talibus
2097 3381 2240 3413 constare
2270 3375 2395 3424 figuris,

1342 3428 1475 3468 Nigrum
1500 3437 1577 3460 vero
1605 3437 1622 3459 e
1655 3427 1840 3464 contrariis,
1869 3435 1909 3458 ex
1932 3424 2052 3465 asperis
2073 3423 2106 3455 et
2127 3418 2341 3461 ina‘qnalibus
2365 3420 2396 3447 et

1343 3469 1550 3502 dissimilibus
1566 3478 1573 3497 ι
1592 3468 1636 3500 ita
1653 3469 1738 3501 enim
1760 3468 1850 3499 illum
1870 3466 2076 3503 obumbrare,
2095 3471 2200 3502 neque
2219 3462 2304 3492 recta
2327 3466 2396 3489 csse

1344 3511 1412 3552 ejus
1426 3511 1582 3543 foramina
1599 3519 1659 3543 nec
1677 3510 1780 3542 facilia
1801 3508 1953 3540 transitu.
1998 3505 2134 3538 Effluvia
2150 3503 2248 3536 etiarn
2267 3502 2351 3533 lenta
2365 3499 2396 3531 et
