2612 3814
509 371 842 435 ΣΕΚΟΥΝ
854 370 1019 433 ΔΟΥ
1069 366 1235 431 ΤΟΥ
1288 360 1740 428 ΑΘΗΝΑΙΟΥ
1799 358 2082 424 ΣΟΦΟΥ

1134 522 1356 577 ΓΝΩΜ
1370 523 1466 574 ΑΙ.

1215 689 1388 698 ...-
1402 686 1403 689 ¹

639 905 951 969 SECUNDI
1000 898 1449 986 PHILOSOPHI
1498 895 1982 958 ATHENIENSIS

1085 1046 1163 1097 SE
1174 1046 1214 1096 N
1224 1043 1358 1095 TEN
1370 1044 1409 1094 T
1421 1043 1442 1094 1
1452 1043 1531 1093 AE.

552 1332 599 1373 α’.
629 1332 677 1374 Τί
695 1334 769 1372 ἐστι
794 1330 949 1382 Κόσμος;

275 1395 543 1442 Ἀκατάληπτος
562 1391 712 1446 περιοχή
720 1396 748 1439 ⁸,
765 1388 941 1444 θεωρητὸν
964 1386 1249 1436 κατασκεύασμα
1257 1383 1288 1434 b,

224 1456 418 1496 ἀσύνοπτον
434 1459 449 1479 ⁰
469 1453 602 1507 ὕψωμα
613 1482 623 1501 ,
639 1450 891 1503 αὖτογὲννητον
914 1447 1106 1501 θεώρημα,
1123 1445 1291 1499 πολυχά-

229 1530 354 1570 ρακτον
383 1513 562 1568 μόρφωμα
576 1543 586 1561 ,
622 1510 764 1550 αἰώνιον
797 1507 1047 1561 διακρατημα,
1079 1505 1184 1558 αἰθὴρ
1212 1508 1291 1557 θρε-

227 1573 349 1618 πτικός
365 1571 671 1622 ᾱ,πολυδιοίκητον
686 1572 827 1620 πνεῦμα
841 1572 870 1617 ⁰,
881 1566 1037 1611 ἀπλανὲς
1048 1565 1061 1590 ¹
1075 1565 1249 1616 κύκλωμα
1261 1567 1291 1612 ⁸,

224 1634 343 1684 ἥλιος,
368 1635 441 1688 φῶς
461 1631 494 1679 ¹¹,
515 1629 637 1683 ἡμέρα
652 1661 661 1675 ,
686 1627 818 1677 σελήνη
835 1627 859 1679 ¹,
886 1627 1024 1682 ἄστρα,
1045 1625 1189 1675 σκότος,
1209 1624 1291 1672 νὺξ,

226 1698 272 1746 ’γῆ
288 1723 298 1741 ,
317 1696 389 1744 πῦρ
406 1691 438 1743 ¹,
457 1691 566 1743 ὕδωρ,
587 1689 655 1743 ἀήρ
670 1687 696 1730 ¹.

284 1753 323 1807 (⁸
344 1752 410 1791 Sic
428 1752 515 1791 cod.
532 1749 784 1789 Parisiensis.
808 1748 858 1786 At
876 1756 1029 1786 veteres
1062 1747 1296 1799 interpretes

230 1813 335 1866 apud
366 1811 616 1851 vincentium
648 1809 965 1848 Bellovacensem
999 1816 1040 1846 et
1068 1807 1111 1846 in
1143 1804 1296 1844 Barthii

231 1871 482 1911 Adversariis
499 1870 681 1921 legerunt
707 1867 956 1914 ἀκατάληκτος
984 1866 1145 1920 περίοδος
1171 1879 1181 1905 t
1207 1878 1298 1904 ver-

233 1941 319 1971 tunt
338 1931 444 1970 enim
475 1931 710 1968 incessabilis
736 1931 920 1967 circuitus.
940 1928 999 1965 Ab
1029 1926 1092 1965 his
1118 1924 1300 1964 dissentit

237 1993 385 2031 Auctor
399 1988 674 2030 Altercationis
689 1986 878 2026 Hadriani
899 1985 1114 2035 ineffabilis
1123 1990 1301 2023 circuitus

235 2052 517 2103 interpretans,
534 2058 577 2088 ut
599 2046 839 2102 ἀνέκφραστος
853 2047 916 2087 vel
933 2046 1123 2098 ἀδιήγητος
1137 2043 1300 2099 περίοδος

236 2111 378 2162 legisse
411 2109 605 2148 videatur.
624 2106 640 2131 ¹²
660 2105 871 2161 Θεωρητικὸν
892 2105 1178 2157 κατασκεύασμα
1211 2105 1300 2144 cod.

239 2172 378 2217 Paris,
396 2167 609 2222 θεωρητικὸν
623 2165 960 2218 κατασκευασμένον
970 2166 1056 2206 cod.
1072 2165 1302 2213 Gudianus;

238 2231 306 2270 sed
333 2230 551 2282 requiritur
582 2226 756 2280 θεωρητὸν
780 2224 1061 2276 κατασκεύασμα
1089 2224 1197 2277 quod
1226 2238 1306 2276 po-

239 2291 314 2330 sui.
330 2294 345 2314 ⁶
365 2290 420 2329 ita
436 2289 524 2328 cod.
545 2287 678 2336 Paris3
701 2285 911 2326 εὐσύνοπτον
937 2285 1026 2325 cod.
1046 2284 1149 2323 Gud.
1169 2282 1186 2304 ‘²
1205 2284 1305 2323 male

242 2350 326 2391 cod.
354 2348 458 2391 Gud.
485 2352 696 2400 θρεπτηκος.
714 2349 730 2368 ⁰
751 2343 1021 2394 πολυδιοίκητον
1049 2347 1193 2395 πνεῦμα
1215 2343 1305 2383 cod.

243 2409 352 2457 Par.;
369 2408 510 2447 desunt
521 2407 604 2445 haec
614 2405 736 2445 verba
750 2405 793 2444 in
807 2404 895 2444 cod.
907 2403 1011 2444 Gud.
1029 2402 1205 2447 ῐἀπλανὲς
1221 2402 1307 2441 cod.

243 2468 364 2516 Gud.;
392 2467 485 2505 item
515 2475 628 2505 vetus
658 2465 852 2516 interpres
872 2464 977 2516 apud
999 2463 1248 2502 Vincentium
1272 2471 1310 2501 et

247 2530 395 2566 Auctor
406 2525 683 2564 Altercationis
701 2523 912 2575 Hadriani,
926 2532 1122 2562 vertentes
1138 2527 1311 2560 circuitus

246 2591 327 2623 sine
360 2599 499 2623 errore.
541 2582 619 2622 Sed
657 2581 880 2627 ἑπταπλανὲς
925 2583 1149 2635 exemplum
1191 2582 1312 2621 Pari-

250 2646 392 2685 siense.
403 2647 420 2673 ⁸
437 2643 610 2692 κύκλωμα
626 2643 714 2683 cod.
733 2643 883 2691 Paris.;
900 2641 1085 2693 κύκλευμα
1099 2642 1186 2682 cod.
1203 2641 1307 2682 Gud.

251 2702 269 2726 ¹¹
282 2703 401 2751 ἥλιος,
420 2703 490 2755 φῶς
505 2701 590 2740 cod.
609 2702 714 2748 Par-3
738 2700 838 2748 ἡλίου
860 2703 932 2752 φῶς
947 2701 1036 2741 cod.
1054 2702 1161 2742 Gud.
1181 2704 1187 2724 ³
1203 2701 1315 2741 abest

251 2763 294 2801 in
326 2761 411 2801 cod.
446 2761 546 2800 Gud.
562 2759 578 2783 ¹¹
595 2761 841 2800 desideratur
861 2762 904 2800 in
924 2762 1011 2801 cod.
1042 2763 1146 2802 Gud.
1166 2764 1175 2788 ¹
1194 2762 1288 2816 ὕδωρ
1302 2792 1312 2811 ,

255 2821 322 2874 ἀήρ
339 2821 428 2860 cod.
444 2820 553 2872 Par.;
572 2820 662 2873 ἀήρ,
683 2820 776 2874 ὕδωρ
794 2822 879 2860 cod.
894 2821 1016 2875 Gud.)

1652 1320 1700 1373 β’.
1731 1319 1779 1360 Τί
1809 1321 1902 1359 ἐστιν
1923 1316 2117 1369 Ὠκεανός;

1408 1394 1555 1444 Κόσμου
1591 1391 1837 1444 ἐναγκάλισμα
1850 1419 1861 1437 ,
1898 1387 2088 1428 θαλάσσιον
2121 1391 2150 1410 ¹¹¹
2178 1387 2417 1441 στεφάνωμα,

1351 1452 1508 1507 ἁλμυρὸς
1527 1451 1674 1503 δεσμός,
1695 1448 1900 1494 ἀτλαντικὸς
1923 1447 2062 1502 ζωστήρ
2086 1452 2121 1499 ¹¹,
2142 1446 2262 1496 πάσης
2281 1445 2418 1501 φύσεως

1351 1513 1562 1567 περίδρομος
1576 1521 1615 1561 0,
1638 1508 1846 1562 οἰκουμένης
1862 1507 2034 1560 κάτοχος.

1408 1573 1449 1623 (¹¹¹
1465 1573 1523 1611 sic
1539 1571 1626 1610 cod.
1645 1571 1793 1618 Paris.;
1807 1583 1830 1608 a
1848 1582 1928 1620 quo
1941 1567 2108 1606 multum
2122 1566 2321 1618 discrepat
2338 1564 2420 1604 Gu-

1354 1633 1496 1671 dianus
1520 1631 1700 1670 hocloco
1720 1627 1987 1683 στεφανωμένον
2008 1626 2121 1680 ὁρίον,
2138 1625 2330 1679 περίαμμα
2349 1624 2420 1663 ἄλ·-

1356 1698 1505 1745 μυραῖον
1520 1721 1531 1742 ,
1547 1689 1673 1741 δεσμὸς
1687 1688 1896 1733 ἀτλαντικός
1906 1686 2112 1727 exhibens.
2127 1690 2146 1709 ¹¹
2160 1684 2301 1738 ζωστήρ
2314 1684 2421 1737 quod

1356 1753 1473 1791 habet
1493 1752 1722 1790 membrana
1743 1748 2006 1796 parisiensis,
2023 1747 2134 1786 deest
2153 1747 2196 1786 in
2219 1745 2421 1784 Gudiana.

1356 1815 1373 1834 ⁰
1390 1809 1535 1860 ἡλιακὸς
1555 1808 1727 1862 λαμπτήρ
1745 1808 1906 1847 additur
1920 1807 1984 1846 hic
2007 1809 2050 1846 in
2069 1805 2174 1845 libro
2194 1804 2393 1845 Gudiano.
2409 1802 2421 1856 l

1713 1881 1761 1934 γ’.
1789 1879 1837 1921 Τί
1862 1880 1938 1919 ἔστι
1964 1877 2073 1927 Θεός;

1414 1951 1659 1991 Ἰδιόπλαστον
1671 1951 1801 2003 ἀγαθόν
1815 1957 1846 1998 ⁰,
1857 1948 2086 2003 πολύμορφον
2106 1948 2261 1996 εἴκασμα
2275 1948 2309 1996 ⁹,
2326 1943 2429 1984 ἄσύν·

1363 2026 1469 2051 οπτον
1498 2011 1655 2064 ὕψωμα,
1678 2009 1950 2063 πολυχάρακτον
1981 2008 2161 2061 μόρφωμα
2176 2037 2188 2056 ,
2210 2004 2428 2056 δυσ-νοούμε-

1363 2089 1420 2113 νον
1453 2071 1614 2123 ζήτημα,
1635 2069 1808 2114 ἀθάνατος
1827 2072 1932 2116 νοῦς,
1966 2065 2236 2114 πολυδιοίκητον
2265 2066 2428 2116 πνεῦμα,

1366 2131 1557 2183 ἅκοίμητος
1576 2131 1775 2184 ὀφθαλμός,
1791 2128 1862 2168 ἰδία
1881 2128 2024 2168 πάντων
2041 2126 2144 2166 οὐσία
2157 2131 2187 2173 ⁸,
2203 2123 2432 2175 πολυώνυμος

1367 2194 1514 2244 δύναμις
1529 2220 1539 2239 ,
1564 2189 1773 2243 παγκρατὴς
1795 2187 1875 2242 χείρ
1891 2187 1922 2236 ¹³,
1945 2190 2036 2241 φῶς,
2057 2188 2157 2237 νοῦς,
2176 2184 2332 2235 δύναμις.

1424 2267 1453 2310 [0
1474 2256 1699 2296 ἷδιόπλαστον
1730 2254 1861 2307 ἀγαθόν
1898 2253 1987 2294 cod.
2011 2252 2160 2300 Pa1·is.;
2195 2250 2431 2291 vocabulum

1369 2317 1595 2356 ἷδιόπλαστον
1618 2329 1698 2354 non
1719 2314 1897 2365 agnoscit
1924 2312 2027 2351 liber
2047 2311 2268 2350 Gudianus.
2291 2314 2308 2338 Ρ
2326 2308 2432 2348 εἴκα-

1371 2393 1445 2428 σμα
1463 2376 1551 2416 eod.
1568 2376 1716 2423 Paris.;
1738 2374 1879 2425 ἴκασμα
1899 2372 2003 2412 Gud.
2020 2375 2037 2394 ⁸
2055 2370 2184 2413 Verba
2202 2369 2274 2409 ἰδία
2288 2368 2432 2408 πάντων

1370 2435 1473 2476 οὐσία
1505 2449 1592 2487 quae
1622 2436 1806 2485 leguntur
1831 2434 1874 2472 in
1899 2431 2081 2484 exemplo
2110 2429 2326 2469 Parisiensi
2356 2441 2437 2467 non

1372 2504 1526 2535 exstant
1540 2495 1582 2534 in
1601 2494 1796 2533 Gudiano.
1814 2491 1831 2516 ¹³
1848 2492 1931 2531 haec
1948 2490 2187 2530 membranae
2201 2487 2437 2528 Parisiensis

1373 2556 1572 2608 scriptura
1602 2563 1685 2606 est,
1709 2553 1826 2605 cujus
1844 2553 1933 2591 loco
1960 2550 2064 2590 liber
2091 2549 2299 2589 Gudianus
2323 2547 2439 2586 habet

1374 2615 1577 2669 παγκρατὲς
1597 2618 1669 2669 φῶς
1688 2615 1835 2653 omisso
1856 2613 2017 2651 nomine
2033 2611 2152 2664 χείρ.)

1696 2685 1739 2725 δ’.
1771 2683 1820 2724 Τί
1839 2685 1933 2723 ἐστιν
1954 2681 2121 2735 Ἡμέρας

1434 2757 1584 2797 Στάδιον
1629 2755 1889 2804 κακοπαθείας,
1929 2753 2156 2807 δωδεκάωρος
2192 2757 2207 2776 ⁰
2241 2750 2440 2804 διαδρομή,

1381 2816 1475 2870 ἀρχὴ
1498 2815 1740 2869 καθημερινή,
1762 2814 1961 2866 ὑπόμνησις
1978 2812 2127 2866 βιωτική
2147 2811 2182 2863 ⁶,
2201 2809 2332 2859 δειλινὴ
2352 2811 2442 2851 ἀπό·

594 3004 624 3034 1.
651 3001 737 3041 Quid
751 3005 800 3034 est
816 3003 979 3036 Mundus?

300 3060 646 3103 incomprehensibilis
673 3061 879 3102 complexio,
900 3063 1098 3104 aspectabile
1125 3063 1319 3106 aedilicium,

260 3120 399 3153 altitudo
413 3120 514 3153 oculis
527 3120 691 3152 inaccessa
705 3143 715 3160 ,
731 3128 773 3153 ex
791 3129 826 3152 se
845 3121 958 3152 natum
977 3122 1221 3164 spectaculum,
1234 3124 1320 3157 mul·

262 3179 400 3213 tisormis
419 3179 587 3220 figuratio,
606 3182 749 3212 aeternus
776 3183 881 3220 tenor,
898 3178 1002 3213 almus
1014 3182 1130 3223 oetlier,
1149 3183 1321 3225 multipar-

264 3239 342 3271 titus
361 3238 515 3280 spiritus,
537 3238 692 3271 circuitus
709 3238 826 3271 erroris
842 3247 959 3280 expers
972 3264 981 3279 ‚
994 3239 1062 3280 sol,
1085 3240 1196 3274 lumen
1209 3265 1219 3282 ‚
1239 3242 1321 3283 dies,

265 3299 356 3339 luna,
375 3297 498 3337 sidera,
516 3298 677 3338 tenebrae,
694 3307 779 3339 nox,
795 3302 902 3339 terra,
922 3298 1021 3341 ignis,
1040 3308 1137 3341 aqua,
1159 3309 1225 3334 aer.

592 3361 627 3390 2.
653 3357 739 3396 Quid
757 3359 807 3391 est
824 3359 995 3392 Oceanus?

307 3416 422 3449 Mundi
448 3416 615 3458 amplexus
629 3441 638 3458 ,
657 3426 779 3450 corona
798 3417 979 3459 maritima,
996 3418 1119 3453 salsum
1143 3419 1325 3463 vinculum,

1740 3007 1772 3037 3.
1799 3002 1886 3042 Quid
1908 3003 1958 3035 est
1979 3003 2086 3034 Deus?

1426 3067 1553 3098 Bonum
1570 3065 1737 3103 nativum,
1751 3062 1962 3096 multiformis
1984 3062 2110 3101 imago,
2132 3058 2271 3092 altitudo
2295 3057 2446 3091 invisibi-

1391 3124 1451 3164 lis,
1481 3123 1570 3157 varie
1602 3124 1740 3165 figurata
1771 3122 1888 3163 facies,
1918 3121 2056 3163 quaestio
2085 3120 2251 3153 intellectu
2283 3118 2447 3160 difficilis,

1384 3192 1479 3216 mens
1510 3183 1723 3223 immortalis,
1751 3181 1886 3224 spiritus
1928 3182 2047 3213 cuncta
2081 3179 2279 3222 pervadens,
2311 3177 2446 3220 pervigil

1383 3242 1517 3283 oculus,
1530 3242 1660 3285 propria
1678 3241 1827 3275 omnium
1843 3242 1982 3274 essentia
1994 3264 2005 3281 ,
2023 3239 2260 3272 multinominis
2279 3238 2442 3281 potestas,

1385 3310 1504 3335 manus
1522 3301 1748 3344 omnipotens,
1768 3300 1898 3340 lumen,
1916 3307 2011 3332 mens
2025 3322 2034 3338 ‚
2058 3298 2212 3340 potentia.

1743 3361 1776 3394 4.
1800 3358 1885 3397 Quid
1909 3360 1959 3391 est
1987 3358 2084 3391 Dies?

1433 3419 1581 3453 Stadium
1611 3419 1752 3459 laboris,
1771 3417 1943 3451 duodecim
1964 3417 2119 3450 horarum
2141 3417 2318 3457 decursus,
2341 3415 2449 3457 quoli-

266 3474 429 3516 cingulum
450 3475 666 3517 Atlanticum,
692 3477 794 3510 totius
812 3479 936 3511 naturae
957 3479 1095 3520 rotatio,
1110 3479 1200 3513 orbis
1216 3479 1325 3514 fascia.
1362 3500 1365 3502 -
1393 3479 1526 3513 dianum
1539 3479 1738 3523 principium
1750 3502 1760 3520 ,
1777 3477 1956 3512 admonitio
1973 3477 2158 3518 victitandi,
2170 3476 2353 3518 vespertina
2369 3475 2451 3508 lucis

1321 3541 1392 3576 512
