2612 3814
327 260 401 294 220
1156 257 1363 299 SEPTEM
1401 259 1698 302 SAPIENTUM

405 359 468 397 ρην
486 344 628 397 ἔχοντος
647 344 858 399 ὀλὸιώτερός
881 346 976 395 ἐστι,
999 347 1030 386 εἷ
1053 347 1102 399 μή
1124 350 1155 387 οἱ
1179 348 1271 402 τύχη
1301 348 1384 388 {iti-

403 420 527 444 σποιτο
542 405 659 445 πάντα
678 404 772 445 καλὰ
790 405 918 460 ἔχοντα
940 407 1150 455 τελευτῆσαι
1167 403 1204 447 εὗ
1219 408 1276 448 τὸν
1297 409 1385 462 βίον.

457 476 468 528 (
490 475 598 516 Idem
613 475 734 529 ibid.)

347 561 377 586 ο.
405 546 579 587 Σκοπέειν
599 547 670 601 χρὴ
687 547 818 593 παντὸς
836 547 1021 602 χρήματος
1044 548 1107 596 τὴν
1127 549 1316 599 τελευτήν,
1336 554 1383 604 κῇ

402 607 641 655 ἀποὸήσεται.

458 678 587 729 (ldem
603 677 704 718 ibid.
721 677 733 732 )

347 752 379 779 ο.
403 740 579 779 Πολλοῖσι
596 737 657 778 καὶ
678 737 720 787 δὴ
743 738 912 784 ὑποδέξας
928 737 1065 778 ὅλὸονὸ
1088 738 1161 784 θεὸς
1181 739 1387 795 προῤῥίζους

401 798 581 852 ἀνέτρεψε.

455 870 465 923 (
482 869 589 908 ldem
607 869 708 908 ibid.
729 868 743 921 )

345 956 378 983 7.
406 943 452 982 Ὀ
474 940 536 993 μὲν
567 940 669 994 λόγος
704 939 847 979 εἴδωλον
872 941 942 978 τῶν
976 938 1112 994 ἔργων,
1151 938 1315 992 βασιλεὺς
1349 939 1384 979 δὲ

399 1000 630 1054 ἰσχυρότατος
649 1002 693 1053 τῇ
717 998 879 1051 δυνάμει.

398 1111 400 1114 .
454 1073 669 1124 (Diogenes
686 1070 817 1109 Laeimt
837 1069 909 1110 lib.
926 1070 960 1123 1,
985 1070 1077 1122 58.)

343 1158 373 1183 e.
397 1141 486 1183 Tb*
473 1158 546 1182 ισον
565 1141 721 1194 πόλεμον
741 1142 780 1181 οὗ
800 1146 906 1180 ποιεῖ.

344 1218 375 1244 9.
401 1202 446 1244 ‘O
465 1201 529 1254 μὲν
533 1202 652 1276 mxdpoq
671 1201 738 1241 ὑπὸ
758 1205 820 1241 τοῦ
841 1200 996 1240 πλούτου
1015 1206 1205 1253 γεννᾶται,
1227 1198 1327 1253 ύὸρις
1350 1198 1385 1238 δὲ

399 1264 467 1303 ὑπὸ
494 1266 555 1303 τοῦ
581 1263 698 1315 κόρου.

455 1335 668 1386 (Diogenes
686 1332 869 1372 Laertius
890 1330 963 1370 lib.
986 1331 1019 1379 Ι,
1043 1332 1109 1384 59.
1128 1333 1139 1384 )

317 1418 366 1446 10.
398 1403 542 1452 'Exest-r,
563 1407 585 1452 ἡ
617 1402 717 1449 πόλις
746 1404 875 1457 ἄριστα
896 1403 1064 1450 οἰκεῖται,
1086 1404 1121 1440 ἐν
1141 1406 1163 1454 ᾐ
1193 1417 1274 1445 τους
1296 1402 1383 1453 ἀγα-

399 1463 478 1508 θους
500 1463 630 1517 ανδρας
650 1462 840 1514 συμὸαίνει
856 1465 1053 1512 τιμᾶσθαι,
1070 1477 1130 1500 και
1151 1460 1190 1499 τὸ
1213 1462 1313 1499 ἕναντ
1318 1461 1382 1508 ίον,

399 1525 434 1563 ἓν
449 1518 473 1576 ᾗ
489 1522 569 1569 τους
589 1522 717 1566 κακους
738 1522 946 1573 ἀμύνεσθαι.

455 1591 657 1646 (Stobaeus
672 1593 779 1632 Flor.
797 1592 943 1640 XLIII,
967 1592 1056 1645 76.)

320 1680 365 1706 11.
400 1665 522 1706 Καλὸν
552 1666 615 1717 μέν
638 1668 731 1706 ἐστιν
753 1667 776 1713 ἡ
799 1664 960 1718 τυραννὶς
989 1664 1141 1718 χωρίον,
1161 1665 1224 1703 οὐκ
1245 1662 1319 1716 ἔχει
1349 1663 1384 1702 δὲ

398 1725 588 1766 ἀπόέασιν.

454 1796 714 1848 (Plutarchus
732 1797 808 1836 Vit.
837 1797 973 1836 Solon.
1003 1810 1089 1849 cap.
1120 1803 1165 1843 14
1197 1810 1237 1849 p.
1263 1795 1384 1848 214.)

319 1880 366 1906 12.
397 1864 605 1921 Ἔργμασιν
626 1870 660 1907 ἐν
682 1868 850 1921 μεγάλοις
869 1873 976 1906 πᾶσιν
1008 1867 1101 1905 ἁδεῖν
1123 1867 1306 1920 χαλεπόν.’

458 1940 720 1992 (Plutarchus
741 1939 819 1980 Vit.
842 1939 977 1978 Solon.
999 1952 1085 1991 cap.
1113 1938 1161 1976 25
1193 1952 1232 1990 p.
1260 1939 1352 1976 231.
1374 1936 1384 1991 )
1413 1994 1415 1997 y

320 2023 365 2049 13.
398 2010 447 2050 Οἱ
478 2008 580 2060 νόμοι
609 2011 681 2053 τοῖς
705 2007 886 2062 ἀραχνίοις
908 2007 1042 2060 ὅμοιοι·
1073 2007 1134 2047 καὶ
1160 2006 1228 2062 γὰρ
1252 2009 1387 2055 ἐκεῖνα,

400 2068 461 2108 ἐὰν
497 2067 560 2119 μὲν
594 2068 735 2120 ἐμπέσῃ
762 2084 796 2107 τι
824 2071 955 2121 κοῦφον
977 2067 1038 2106 καὶ
1065 2068 1224 2120 ἀσθενές,
1247 2067 1385 2121 στέγει,

401 2127 462 2168 ἐὰν
484 2128 519 2174 δὲ
542 2130 660 2179 μεῖζον
675 2159 685 2178 ,
706 2128 882 2181 διακόψαν
902 2126 1054 2180 οἴχεται.

456 2197 673 2252 (Diogenes
695 2197 874 2237 Laertius
890 2196 962 2236 lib.
985 2197 1020 2248 1,
1044 2196 1137 2249 58.)

319 2281 366 2308 14.
397 2268 451 2308 Τὸ
469 2273 559 2307 θεῖον
579 2268 640 2306 καὶ
658 2269 690 2307 οἱ
709 2266 897 2318 νομοθέται
923 2268 962 2306 οὖ
990 2267 1069 2306 καθ’
1087 2266 1196 2306 ἑαυτὰ
1217 2266 1384 2305 δύνανται
1412 2311 1418 2316 ,

318 2397 374 2439 qui
395 2397 519 2430 victum
537 2397 763 2439 quotidianum
789 2397 887 2430 habet
899 2420 908 2436 ,
929 2396 990 2429 nisi
1005 2396 1110 2429 eidem
1129 2397 1257 2429 fortuna
1276 2405 1386 2429 comes

319 2457 363 2490 ita
380 2457 574 2498 contigerit,
593 2456 680 2490 utin
700 2456 863 2490 bonorum
882 2456 1030 2489 omnium
1048 2457 1140 2498 copia
1159 2456 1261 2489 vitam
1281 2455 1384 2488 1111131.

364 2521 394 2549 5.
417 2516 699 2550 considerandum
716 2519 786 2557 est,
807 2516 913 2558 qualis
934 2515 1096 2558 cuiusque
1111 2515 1155 2549 rei
1172 2515 1279 2549 exitus
1297 2515 1386 2548 tutu-

320 2585 378 2608 rus
398 2575 452 2609 sit.

368 2641 398 2670 6.
418 2636 539 2670 Multos
553 2637 621 2679 jam
632 2637 713 2671 deus
733 2637 852 2680 quibus
869 2637 1056 2671 felicitatem
1072 2636 1259 2670 ostenderat
1283 2635 1404 2668 fundi--

319 2697 375 2729 tus
391 2697 519 2729 evertit.

364 2759 395 2790 7.
417 2757 532 2788 Sermo
553 2755 765 2789 simulacrum
780 2756 915 2798 quidem
930 2755 1092 2789 factorum
1106 2756 1174 2797 est,
1195 2755 1250 2789 sed
1276 2755 1387 2788 tamen

321 2824 381 2848 rex
399 2815 524 2847 viribus
543 2815 839 2857 praestantissimus.

364 2876 394 2908 8.
414 2875 599 2916 AEqualitas
612 2864 733 2908 bellum
749 2885 813 2908 non
829 2875 915 2908 facit.

363 2938 395 2967 9.
421 2934 560 2968 satietas
576 2942 615 2967 ex
633 2933 753 2972 divitiis
769 2934 921 2973 nascitur.
939 2943 977 2967 ex
999 2935 1147 2967 satietate
1168 2929 1279 2967 autem'
1310 2942 1387 2966 con-

323 2995 470 3028 tumelia.
887 3029 889 3031 ,

369 3063 418 3092 10.
438 3058 499 3091 1113
521 3057 636 3090 civitas
663 3057 786 3099 optime
807 3057 1069 3096 administratur,
1100 3057 1130 3090 in
1153 3066 1216 3098 qua
1238 3059 1276 3090 ut
1295 3056 1390 3089 bonis

325 3118 403 3151 viris
420 3117 526 3150 honor
542 3116 718 3159 contingit,
735 3116 781 3149 sic
796 3118 907 3149 contra
926 3115 1083 3158 improbis
1103 3125 1198 3157 poena
1215 3101 1386 3156 irrogatur.

367 3181 418 3210 11.
438 3177 599 3219 Tyn-annis
621 3176 758 3219 pulcher
771 3175 904 3218 quidem
918 3176 1008 3208 loeus
1027 3176 1096 3216 est,
1110 3175 1165 3208 sed
1183 3175 1307 3208 exitum
1322 3183 1389 3207 non

324 3235 434 3268 habet.

370 3297 421 3327 12.
443 3296 479 3327 ln
500 3291 625 3335 magnis
640 3294 736 3327 rebus
752 3293 878 3335 placere
896 3293 1048 3326 omnibus
1065 3292 1196 3325 difficile
1220 3292 1282 3326 est.

373 3355 424 3386 13.
450 3354 549 3393 Leges
576 3351 699 3384 similes
724 3351 802 3383 sunt
831 3358 1022 3382 aranearum
1045 3349 1135 3389 telis,
1159 3357 1233 3390 quae
1258 3349 1330 3381 leve
1358 3350 1391 3381 et

324 3412 529 3445 imbecillum
552 3410 639 3453 quod
658 3410 773 3443 incidit
794 3409 965 3442 involvunt
994 3410 1026 3442 et
1046 3410 1245 3450 contegunt,
1263 3407 1289 3440 si
1311 3404 1406 3449 quid*

325 3479 403 3505 vero
422 3471 528 3512 majus
543 3469 698 3511 illabitur,
722 3469 756 3502 tit
780 3470 816 3502 nt
834 3468 936 3511 ruptis
953 3467 1024 3501 telIs
1037 3468 1166 3501 evadat.

371 3533 421 3565 14.
439 3531 566 3576 Numen
587 3529 736 3563 divinum
760 3530 792 3562 et
812 3527 1038 3570 legumlatores
1051 3527 1168 3568 iuvare
1184 3535 1289 3570 perse
1308 3524 1390 3558 civi-

1530 353 1655 399 ὀνῆσαι
1677 350 1739 396 τὰς
1757 352 1842 392 πόλε
1828 368 1896 398 εις·
1917 355 1949 393 οἱ
1976 352 2010 392 δὲ
2032 353 2087 394 ἀει
2112 354 2152 394 τὸ
2180 357 2312 405 πλῆθος
2349 359 2515 411 ἄγοντας,
2554 379 2557 397 ι

1531 408 1624 454 ὅπως
1645 409 1687 450 ἂν
1708 410 1851 462 γνώμης
1872 411 2020 466 ἔχωσιν·
2042 412 2135 453 οὕτω
2149 414 2185 453 δὲ
2205 415 2266 454 καὶ
2285 415 2326 455 τὸ
2342 418 2432 457 θεῖον
2452 419 2516 459 καὶ

1532 471 1563 508 οἱ
1585 468 1686 522 νόμοι
1706 486 1743 510 ευ
1723 464 1824 522 τμὲν
1845 472 2001 525 ἀγόντων
2016 472 2102 512 εἰσὶν
2118 474 2315 529 ὠφέλιμοι,
2333 480 2454 524 κακῶς
2475 477 2515 519 δᾶ
2550 475 2558 522 J

1533 528 1688 579 ἀγόντων
1703 530 1800 569 οὐδὲν
1820 531 2026 584 ὠρελουσιν.

1590 600 1811 652 (Diogenes
1827 605 1927 642 Lae1
1930 604 2006 643 tius
2023 603 2096 645 lib.
2118 605 2150 655 1,
2171 607 2238 652 64.
2258 606 2269 659 )

1454 671 1571 710 15.οἱ
1593 670 1694 724 παρὰ
1727 677 1799 717 τοῖς
1832 673 2013 727 τυράννοις
2052 675 2240 727 δυνάμενοι
2267 677 2517 730 παραπλήσια(

1532 732 1601 770 εἰσι
1619 736 1698 776 ταῖς
1717 733 1847 786 ψήφοις
1866 739 1944 778 ταῖς
1970 734 2030 774 ἐπι
2049 739 2121 776 τῶν
2140 738 2345 790 λογισμῶν·
2365 754 2428 778 και
2446 737 2516 794 γὰρ
2554 763 2555 766 ¹

1532 790 1673 829 ἐκείνων
1694 791 1828 841 ἑκάστη
1850 794 1936 832 ποτὲ
1955 793 2018 844 μὲν
2035 795 2147 834 πλείω
2164 796 2355 848 σημαίνει,
2375 798 2462 839 ποτὲ
2478 799 2517 840 δὲ

1530 851 1646 899 ἥττω·
1666 853 1726 891 καὶ
1747 851 1880 892 τούτων
1907 855 1939 893 οἱ
1971 854 2137 908 τύραννοι
2156 855 2242 895 ποτὲ
2271 856 2335 908 μὲν
2363 856 2514 899 ἕκαστον
2564 891 2565 906 2

1532 911 1643 964 μέγαν
1669 911 1794 964 ἄγουσι
1808 929 1870 951 και
1884 913 2068 967 λαμπρόν,
2086 913 2172 954 ποτὲ
2194 914 2230 955 δὲ
2251 916 2392 968 ἄτιμον.

1583 987 1800 1039 (Diogenes
1819 987 2001 1028 Laertius
2017 989 2090 1030 lib.
2113 989 2144 1038 l,
2165 990 2229 1042 59.
2248 992 2259 1044 )

1451 1072 1497 1099 16.
1533 1057 1812 1113 Πεφυλαγμένος
1830 1058 1947 1112 ἄνδρα
1964 1058 2115 1098 ἕκαστον
2137 1059 2223 1114 ὅρα,
2562 1087 2563 1090 =

1531 1119 1580 1168 μὴ
1607 1117 1761 1171 κρυπτὸν
1783 1117 1886 1171 ἔγχος
1911 1120 2003 1172 ἔχων
2033 1119 2159 1173 κραδίῃ
2173 1152 2183 1170 ,
2206 1121 2344 1177 φαιδρῶ
2362 1138 2514 1178 προσεν-
2553 1144 2563 1159 1

2165 1177 2282 1235 [νέπῃ
2312 1181 2513 1237 προσώπῳ,
2565 1223 2567 1225 .

1528 1238 1713 1290 γλῶσσα
1695 1247 1731 1276 οε
1723 1236 1814 1276 '⁵01
1795 1236 2012 1290 οιχόμυθος’
1996 1255 2035 1278 εκ
2048 1239 2217 1290 μελαίνης
2230 1239 2351 1295 φρενὸς
2361 1241 2515 1296 γεγώνῃ

1587 1315 1805 1367 (Diogenes
1822 1314 2002 1355 Laenius
2022 1316 2094 1357 lib.
2112 1316 2146 1365 1,
2171 1317 2265 1368 61.)

1450 1411 1497 1437 17.
1531 1396 1710 1450 Γηράσκω
1736 1397 1765 1435 δ’
1788 1395 1857 1435 αἰεὶ
1877 1395 1993 1437 πολλὰ
2014 1397 2278 1450 διδασκόμενος.

1585 1468 1720 1520 (Plato
1746 1468 1789 1507 in
1815 1468 2070 1508 Amatoribus
2097 1484 2136 1522 p.
2173 1472 2245 1509 133
2269 1469 2324 1519 C;
2353 1471 2514 1511 Plutar-
2563 1437 2567 1439 λ

1641 1528 1736 1567 chus
1752 1527 1830 1568 Vit.
1870 1527 2004 1567 Solon.
2027 1543 2112 1581 cap.
2137 1531 2182 1568 31
2201 1545 2212 1578 3
2235 1529 2366 1571 Schol.
2388 1531 2511 1584 soph.

1639 1588 1732 1627 Ant.
1753 1602 1823 1637 711
1848 1588 1972 1626 etalii
1996 1589 2148 1640 multi.)

1450 1674 1496 1698 13.
1527 1658 1695 1711 Τοσούτῳ
1723 1657 1880 1712 διαφέρει
1908 1661 1930 1707 ἡ
1960 1659 2127 1712 φρόνησις
2151 1662 2220 1700 τῶν
2257 1662 2414 1715 ἀρετῶν,
2441 1662 2515 1718 ὅσῳ
2563 1707 2567 1709 Α

1528 1719 1645 1771 ὅρασις
1665 1721 1735 1758 τῶν
1754 1719 1872 1758 ἄλλων
1892 1720 2105 1768 αἰσθήσεων.

1585 1790 1596 1841 (
1608 1789 1754 1828 Anton.
1776 1789 1924 1829 Meliss.
1947 1790 2071 1832 Serm.
2091 1790 2171 1845 περὶ
2190 1791 2354 1846 σοφίας.)

1447 1873 1496 1901 19.
1529 1859 1574 1901 ‘O
1594 1861 1736 1905 πολλοῖς
1753 1860 1899 1915 φοὸερὸς
1920 1859 1969 1900 ὢν
1989 1860 2141 1907 πολλοὺς
2158 1861 2348 1916 φοὸείσθω.
2395 1879 2399 1886 ·

1585 1932 1748 1984 (Anton.
1770 1933 1918 1973 Meliss.
1943 1933 2068 1973 Semi
2090 1932 2171 1985 περὶ
2191 1933 2402 1997 βασιλέως.)

1411 2005 1416 2091 Ι
1449 2019 1499 2046 20.
1530 2003 1644 2045 Ὅσον
1680 2021 1715 2043 εν
1742 2004 1889 2066 πολέμῳ
1920 2004 2067 2044 δύναται
2087 2004 2247 2059 σίδηρος,
2281 2020 2446 2045 τοσουτον
2475 2006 2513 2045 ἐν
2571 2013 2573 2015 ’

1529 2063 1692 2103 πολιτεία
1707 2062 1807 2115 λόγος
1828 2067 1865 2102 εὖ
1887 2062 1979 2118 ἔχων
1999 2064 2132 2119 ἰσχύει.

1586 2135 1724 2187 (Stob.
1747 2136 1852 2177 Flor.
1875 2136 2056 2186 LXXXI,
2081 2138 2167 2188 12.)

1449 2220 1498 2246 2¹.
1531 2205 1584 2246 Τὸ
1607 2209 1718 2260 γ’ἧρας
1746 2207 1853 2258 ὅρμος
1879 2207 1954 2246 ἐστὶ
1981 2209 2051 2246 τῶν
2073 2209 2212 2256 κακῶν,
2247 2208 2295 2252 εἰς
2315 2206 2401 2245 αὐτὸ
2431 2210 2514 2259 γοῦν
2568 2203 2569 2206 “

1529 2266 1647 2305 πάντα
1662 2266 1889 2320 καταφεύγει.

1452 2400 1537 2432 tates
1554 2407 1618 2431 11011
1634 2397 1787 2439 possunt,
1807 2395 1863 2428 sed
1887 2395 1943 2437 qui
1962 2394 2204 2427 multitudinem
2223 2393 2264 2426 ad
2283 2401 2515 2435 quamcunque
2568 2403 2569 2406 ¹

1450 2459 1565 2491 volunt
1585 2457 1779 2491 sententiam
1802 2455 1970 2489 deducunt
2002 2468 2010 2488 ι
2033 2455 2081 2487 sic
2104 2454 2185 2487 deus
2218 2461 2348 2496 quoque
2376 2453 2410 2486 et
2428 2452 2515 2495 leges
2564 2451 2568 2480 J

1449 2518 1590 2559 juvant,
1611 2517 1639 2550 si
1656 2516 1808 2549 ductores
1835 2515 1912 2549 boni
1930 2516 2024 2556 sunt,
2044 2514 2093 2547 sin
2109 2514 2206 2554 mali,
2222 2513 2301 2546 nihil
2320 2514 2484 2555 prosunt..
2563 2553 2566 2555 Α

1494 2582 1544 2611 15.
1570 2577 1634 2616 Qui
1655 2576 1742 2618 apud
1771 2579 1928 2617 tyrannos
1946 2574 2143 2607 auctoritate
2167 2573 2279 2607 valent
2300 2572 2420 2606 similes
2436 2572 2514 2605 sunt
2568 2593 2570 2598 f

1450 2637 1614 2669 rationum
1636 2635 1783 2669 calculis.
1805 2636 1848 2668 Ut
1864 2635 1951 2668 enim
1969 2634 2087 2666 horum
2111 2633 2249 2675 quilibet
2267 2640 2356 2665 nunc
2371 2631 2445 2674 plus
2465 2630 2535 2680 siz·

1449 2696 1599 2738 gnificat,
1621 2704 1708 2729 nunc
1727 2695 1835 2728 minus
1854 2707 1862 2727 :
1883 2695 1928 2727 ita
1944 2692 2076 2736 tyranni
2094 2692 2245 2735 quemvis
2266 2692 2395 2725 illorum
2415 2689 2516 2724 modo

1449 2767 1604 2800 magnum
1624 2757 1765 2791 reddunt
1782 2758 1814 2790 et
1832 2755 2060 2798 splendidum,
2076 2754 2175 2788 modo
2193 2753 2358 2796 abiectum
2371 2756 2403 2786 et
2433 2760 2513 2785 con-

1420 2826 1423 2836 '
1448 2821 1588 2852 temtum
1607 2827 1675 2851 esse
1694 2817 1824 2850 volunt.

1494 2883 1542 2914 16.
1565 2881 1692 2913 cavens
1708 2879 1749 2912 ab
1767 2886 1964 2920 unoquoque
1981 2875 2114 2909 homine
2135 2874 2229 2915 vide,
2245 2883 2288 2907 ne
2309 2873 2384 2915 quis
2399 2873 2516 2907 occul·
2566 2911 2569 2919 Ἃ

1449 2942 1521 2973 1υ111
1555 2939 1656 2973 telum
1677 2938 1799 2972 habens
1821 2938 1852 2970 in
1879 2936 2010 2977 animo,
2034 2934 2129 2968 hilari
2155 2936 2186 2967 te
2215 2932 2389 2975 compellet
2415 2931 2515 2966 vultu
2569 2922 2577 2960 ζ

1450 3001 1624 3043 linguaque
1666 2997 1852 3039 ambiguam
1893 2995 2089 3029 sententiam
2133 2993 2236 3035 nigrae
2276 2992 2396 3025 mentis
2435 2999 2513 3034 pro·
2564 3015 2568 3020 .

1449 3060 1588 3093 nuntiet.

1495 3124 1545 3155 17.
1567 3121 1707 3153 Senesco
1724 3117 1826 3150 multa
1842 3123 1971 3156 semper
1991 3112 2174 3147 addiscens.

1495 3183 1544 3214 18.
1567 3180 1733 3218 Quantum
1757 3177 1848 3209 visus
1874 3174 2008 3216 reliquis
2030 3172 2200 3211 sensibus,
2219 3171 2349 3204 tantum
2369 3168 2513 3212 pruden-
2535 3198 2538 3200 .
2563 3166 2566 3172 “

1450 3241 1494 3273 113
1511 3239 1636 3273 caeteris
1652 3236 1826 3270 virtutibus
1842 3237 1987 3277 praestat.

1496 3304 1546 3334 19.
1571 3299 1634 3339 Qui
1653 3297 1765 3331 multis
1781 3294 1933 3329 terribilis
1953 3294 2021 3333 est,
2043 3291 2166 3325 multos
2182 3290 2321 3323 metuat.
2348 3324 2354 3328 ,

1493 3365 1546 3394 20.
1568 3359 1735 3399 Quantum
1754 3346 1877 3390 serrum
1891 3353 1998 3396 potest
2015 3352 2047 3385 111
2063 3351 2166 3391 bello,
2182 3351 2311 3384 tantum
2326 3348 2412 3381 bona
2424 3345 2512 3379 valet
2561 3355 2563 3358 ⁴

1451 3421 1556 3454 oratio
1574 3420 1606 3453 in
1624 3418 1766 3452 civitate.

1495 3485 1545 3514 21.
1569 3479 1727 3514 Senectus
1741 3476 1901 3510 malorum
1919 3474 2031 3517 portus
2043 3475 2092 3507 est
2103 3497 2114 3513 ,
2135 3471 2168 3504 in
2186 3477 2284 3512 quem
2297 3466 2418 3501 cuncte
2432 3467 2526 3498 0011·’

1453 3541 1591 3583 fugiunt.
