2612 3814
978 259 1265 300 DEMOGRITI
1293 261 1632 302 FRAGMENTA.

300 341 391 387 λέξιν
410 344 471 380 τοῦ
498 342 656 404 ἀνδρός,”
661 344 696 382 ἐν
725 348 748 397 ᾑ
769 345 977 399 διορίζεται,
1000 348 1050 398 μὴ
1076 350 1210 399 μᾶλλον
1233 349 1273 388 τὸ

252 417 254 421 ’
301 399 380 448 δέν,
401 399 424 449 ἢ
441 401 480 439 τὸ
500 401 609 473 μηδὲν
624 405 731 441 εἶναι·
746 402 801 442 δὲν
819 403 882 454 μὲν
898 406 1077 455 ὀνομάζων
1093 406 1133 446 τὸ
1149 409 1270 459 σῶμα,

300 459 409 509 μηδὲν
425 460 460 499 δὲ
481 460 520 498 τὸ
550 461 671 510 κενόν,
697 463 744 506 ὥς
766 463 826 502 καὶ
853 465 976 504 τούτου
997 466 1100 519 φύσιν
1118 466 1196 505 τινὰ
1213 467 1272 506 και

299 517 492 557 ὑπόστασιν
513 519 602 558 ἰδίαν
619 535 635 557 ε
639 536 770 572 lov-ro<

355 577 572 628 (Plutarch.
594 580 686 619 adv.
718 581 846 622 Colot.
876 597 966 635 pag.
1002 586 1115 623 1108.
1133 585 1216 625 vol.
1238 585 1270 623 X

296 649 386 688 pag.
410 637 483 676 561
503 639 566 678 ed.
591 639 717 681 Reisk.
736 642 747 692 )

245 708 276 735 9.
300 694 521 749 Δημόκριτος
535 698 570 737 δὲ
586 700 603 736 ὁ
619 701 663 751 τῇ
682 699 762 744 Διὸς
780 703 878 754 φωνῇ
900 701 1196 753 παρεικαζόμενος
1210 703 1270 742 καὶ

296 754 435 807 λέγων
463 756 571 796 τάδε
590 758 696 810 περὶ
719 762 806 798 τῶν
837 759 1114 812 ξυμπάντων
1134 761 1272 813 ἐπεχεί-

298 829 383 868 ρησε
405 814 469 867 μὲν
489 814 552 863 τὴν
570 816 724 856 ἐπίνοιαν
741 817 924 867 ἐκθέσθαι,
946 820 1067 859 πλεῖον
1082 819 1117 858 δὲ
1143 821 1272 859 ἰδιωτι-

295 876 359 920 κῆς
374 874 585 928 ἀποφάσεως
599 876 696 915 οὐδὲν
711 877 871 930 ἴσχυσεν,
884 878 1003 917 εἰπών·
1014 877 1056 918 'A
1069 894 1087 917 ν
1098 882 1115 917 θ
1127 894 1144 931 ρ
1154 894 1183 916 ω
1193 894 1220 916 π
1232 878 1272 924 ός

296 932 459 980 ε’στι,ὃ
488 933 652 979 πάντες
679 934 830 986 ἴδμεν.

351 990 509 1045 (Sextus
530 993 716 1046 EmpiriC.
737 995 826 1036 adv.
845 996 962 1035 Math.
977 996 1047 1035 lib.
1065 996 1137 1034 Vll
1157 997 1269 1047 §265

295 1062 336 1102 p.
361 1052 435 1095 423
455 1065 564 1103 seqq.
582 1053 642 1092 ed.
664 1053 818 1094 Fabric.
838 1055 850 1105 )

216 1122 261 1148 to.
290 1108 338 1149 ‘O
357 1109 424 1163 γὰρ
443 1111 602 1164 ὀμφαλὸς
621 1114 762 1163 πρῶτον
781 1114 816 1151 ἐν
839 1113 1016 1166 μήτρῃσι,
1036 1112 1082 1158 ὥς
1102 1129 1187 1167 φησι
1202 1117 1272 1162 Δη-

293 1168 455 1221 μόκριτος
469 1199 480 1218 ,
504 1170 760 1223 ἀγκυρηὸόλιον
782 1171 891 1211 σάλου
906 1172 967 1211 καὶ
986 1172 1090 1211 πλάν·
1081 1189 1122 1221 ης
1139 1174 1269 1227 ἐμφύε-

295 1242 376 1276 ται,
401 1243 538 1280 πεισμα
569 1229 630 1268 και
654 1231 777 1282 κλημα
800 1233 851 1270 τῶ
870 1231 1044 1285 γινομένω
1062 1235 1190 1287 καρπῶ
1208 1234 1269 1273 και

295 1286 473 1337 μέλλοντι.

349 1346 573 1396 (Plutarch.
588 1349 637 1388 de
651 1349 796 1388 Amore
810 1351 935 1402 prolis
959 1365 1050 1403 pag.
1071 1352 1146 1402 495
1168 1352 1266 1404 [vol.

291 1404 363 1443 Vll
380 1420 471 1458 pag.
491 1409 569 1459 928
585 1409 645 1447 ed.
663 1409 814 1462 tteisk.]
834 1409 844 1463 )

216 1477 261 1504 ΙΙ.
292 1463 345 1503 Τὸ
364 1466 543 1519 κεραύνιον
559 1471 628 1522 πῦρ
649 1468 812 1523 ἀκριὸείᾳ
837 1469 898 1509 καὶ
916 1469 1109 1518 λεπτότητι
1130 1474 1270 1519 θαυμα-

289 1523 372 1562 στόν
391 1526 484 1564 ἔστιν
499 1555 510 1574 ,
533 1526 678 1567 αὐτόθεν
703 1528 786 1581 περὶ
808 1528 871 1577 τὴν
898 1528 1033 1580 γένεσιν
1054 1530 1094 1567 ἐκ
1113 1532 1269 1581 καθαρᾶς

291 1581 352 1620 καὶ
377 1582 486 1635 ἇγνῆς
507 1583 587 1638 ἔχον
607 1585 750 1637 οὐσίας,
775 1587 836 1626 καὶ
855 1594 948 1637 πᾶν,
962 1587 995 1626 εἴ
1017 1603 1050 1625 τι
1076 1587 1270 1638 συμμίγνυ-

292 1657 352 1681 ται
365 1644 524 1695 νοτερόν,
547 1644 570 1692 ἢ
590 1646 717 1696 γεῶδες
731 1647 839 1699 αὐτῶ,
861 1664 924 1695 της
949 1647 1029 1699 περὶ
1050 1646 1112 1695 τὴν
1131 1648 1265 1695 κίνησιν

290 1699 489 1749 ὀξύτητος’
470 1704 725 1754 αποσειομένης
741 1721 800 1744 και
815 1705 1123 1759 διακαθαιρούσης.
1181 1706 1270 1745 Διό-

292 1758 420 1808 ὅλητον
449 1761 512 1812 μὲν
544 1761 663 1812 οὐδέν,
689 1763 736 1809 ὥς
754 1779 840 1818 φησι
864 1764 1138 1839 Δημόκριτος,ὃ
1159 1764 1208 1816 μὴ
1229 1765 1269 1804 τὸ

290 1821 377 1871 παρ’
409 1820 544 1872 αἰθρίης
579 1821 693 1873 στέγει
725 1824 844 1868 σέλας.
903 1824 961 1864 Ιὰ
991 1823 1067 1875 μὲν·
1062 1817 1133 1862 ·ουν
1154 1824 1270 1862 πυκνὰ

293 1879 361 1916 τῶν
377 1878 572 1930 σωμάτιον,
588 1881 776 1934 χαλκός,”
753 1898 901 1935 αργυρος
912 1913 923 1932 ,
941 1898 1070 1936 χρυσος
1082 1882 1268 1934 ἀποστέγει

291 1935 351 1974 και
374 1938 571 1991 φθείρεται,
593 1940 654 1979 καὶ
674 1941 820 1989 τήκεται
836 1942 1024 1994 πάσχοντα
1039 1944 1089 1980 τῶ
1111 1942 1270 1994 προσμά·

291 2000 418 2046 χεσθαι
437 2012 497 2035 και
512 1999 741 2051 ἀντερείδειν·
758 2016 827 2039 τυν
847 2001 876 2039 δ’
894 2003 1026 2054 ἀραιῶν
1041 2001 1100 2040 καὶ
1114 2000 1267 2040 πολυπό-

291 2054 438 2105 ρωννκαὶ
453 2056 645 2107 χαλώντων
660 2058 726 2097 ὑπὸ
743 2059 936 2108 μανότητος
954 2060 1107 2113 ἀψαυστὶ
1125 2060 1264 2107 διεκθεῖ,

290 2113 452 2168 καθάπερ
471 2115 621 2167 ἱματίων
642 2118 703 2157 καὶ
722 2117 832 2163 ξύλων
853 2118 961 2158 αὔων.

213 2306 324 2348 lapsus
333 2309 383 2340 est
395 2308 429 2340 in
444 2309 551 2342 verbis
565 2310 633 2350 eius
646 2335 655 2351 ‚
671 2311 791 2352 quibus
803 2312 912 2345 definit
924 2336 934 2353 ‚
949 2322 1012 2345 non
1024 2313 1123 2353 magis
1139 2313 1188 2345 δὲν
1202 2321 1270 2345 esse

208 2375 313 2408 ,quam
343 2367 459 2409 μηδέν;
478 2369 528 2401 δὲν
559 2371 732 2404 nominans
766 2381 881 2413 corpus
893 2397 902 2411 ,
923 2373 1018 2414 μηδὲν
1039 2373 1150 2413 inane,
1180 2372 1270 2414 quasi

213 2424 277 2456 hoc
309 2433 439 2466 quoque
471 2434 564 2458 suam
601 2427 764 2468 quandam
795 2430 945 2461 naturam
982 2431 1014 2462 et
1055 2430 1268 2462 substantiam

214 2482 342 2517 habeat.

255 2546 287 2574 9.
306 2541 511 2574 Democritus
526 2545 652 2583 autem,
673 2543 729 2584 qui
749 2543 841 2576 ,lovis
864 2544 934 2576 voci
957 2544 1153 2577 assimilatur
1171 2548 1269 2586 atque

214 2599 286 2633 haec
301 2599 344 2633 de
371 2602 543 2633 universis
562 2601 717 2641 disserit,
738 2604 873 2635 conatus
889 2603 1019 2644 quidem
1042 2607 1089 2635 est
1107 2612 1269 2644 exponere

211 2659 399 2699 notionem,
425 2661 479 2692 sed
502 2660 542 2693 de
571 2669 608 2693 ea
638 2660 716 2693 nihil
750 2662 889 2703 amplius
920 2663 1024 2703 potuit
1057 2663 1269 2703 pronunciare

214 2727 313 2759 quam
330 2718 517 2760 imperitum
535 2720 668 2761 vulgus,
682 2720 791 2753 dicens
807 2730 814 2750 :
831 2724 941 2754 Homo
965 2723 1015 2754 est
1038 2721 1130 2763 quod
1152 2730 1268 2754 omnes

212 2778 351 2810 scimus.

259 2839 307 2868 to.
332 2836 476 2869 Primum
494 2836 580 2870 enim
605 2836 639 2869 in
666 2840 759 2870 utero
790 2838 964 2870 umbilicus
992 2839 1147 2878 nascitur,
1164 2839 1201 2871 ut
1225 2839 1269 2871 ait

213 2895 439 2934 Democritus,
457 2898 613 2938 tanquam
627 2905 756 2938 ancora,
772 2906 835 2939 qua
852 2897 950 2930 soetus
966 2898 1117 2944 adversus
1133 2898 1269 2930 fluctua-

212 2955 318 2987 tiones
333 2955 468 2996 nitatur,
499 2957 531 2988 et
551 2957 706 2998 tanquam
730 2957 947 2988 retinaculum
978 2965 1015 2988 ac
1039 2957 1266 2998 pedamentum

214 3001 380 3054 conceptae
397 3014 530 3047 sobolis.

258 3075 307 3105 ¹1.
331 3072 488 3106 Fulminis
513 3072 597 3113 ignis
618 3072 761 3105 mirabili
779 3074 826 3106 est
845 3073 1023 3105 subtilitate
1039 3074 1070 3104 et
1090 3072 1266 3111 tenuitate,

215 3138 315 3170 quam
337 3130 445 3163 statim
473 3139 492 3162 a
521 3132 627 3172 prima
654 3131 775 3172 origine
797 3131 893 3164 habet
922 3140 962 3164 ex
985 3140 1064 3172 pura
1093 3134 1125 3162 et
1146 3129 1269 3162 sincera

215 3188 393 3222 substantia
418 3199 427 3221 ι
449 3192 483 3223 et
501 3189 657 3232 quidquid
678 3191 707 3223 ei
727 3190 898 3223 humidum
923 3193 980 3223 aut
996 3191 1147 3223 terrestre
1165 3189 1268 3222 admi-

215 3249 338 3289 scetur,
359 3249 393 3282 id
415 3249 466 3282 sui
494 3251 604 3283 motus
632 3250 798 3284 celeritate
823 3251 946 3284 excutit
979 3252 1076 3291 atque
1101 3252 1267 3291 expurgat.

215 3308 300 3341 Nihil
319 3308 413 3342 icitur
433 3309 584 3351 fulmine,
601 3313 637 3343 ut
659 3310 704 3343 ait
720 3312 942 3352 Democritus,
961 3310 1047 3352 quod
1065 3319 1128 3342 non
1147 3310 1269 3343 fulmen

216 3377 234 3399 e
249 3367 331 3400 coelo
349 3367 487 3400 missum
506 3368 660 3410 impediat
687 3370 786 3412 atque
814 3372 961 3402 retineat.
1007 3373 1114 3408 Quare
1135 3378 1269 3410 corpora

217 3427 333 3468 densa,
351 3428 448 3475 utkaes
461 3452 469 3468 ,
488 3430 673 3469 argentum,
695 3437 809 3462 aurum
822 3453 834 3470 ‚
853 3429 978 3462 fulmen·
1003 3428 1178 3469 retardant,
1196 3437 1268 3460 cor-

218 3487 479 3527 rumpunturque
508 3488 542 3519 et
563 3487 744 3528 liquescunt
764 3497 822 3528 eo,
852 3487 937 3529 quod
971 3489 1150 3528 repugnant
1170 3488 1268 3528 atque

220 3545 385 3578 resistunt.
429 3547 472 3579 At
494 3554 549 3587 per
566 3555 636 3579 rara
663 3546 839 3588 multisque
858 3547 1066 3580 foraminibus
1083 3546 1200 3579 hiantia
1225 3546 1268 3579 ob

2311 274 2389 307 359

1472 351 1693 403 (Plutarch.
1715 352 1884 393 Conviv.
1916 353 2016 405 disp.
2050 355 2118 393 lib.
2150 355 2198 393 Ν
2229 370 2267 407 p.
2290 357 2387 408 665)

1671 489 1774 551 Περὶ
1806 491 2029 539 αἰσθήσεων
2038 527 2046 536 .

1337 648 1383 674 12.
1414 633 1637 688 Δημόκριτος
1665 634 1702 673 δὲ
1721 650 1837 688 περι
1831 634 1894 673 μὲν
1926 635 2120 682 αἰσθήσεως
2149 637 2187 674 οὗ
2217 637 2385 698 διορίζει,

1413 693 1544 746 πότερα
1567 699 1638 738 τοῖς
1657 694 1823 738 ἐναντίοις
1850 692 1873 741 ἢ
1894 699 1964 738 τοῖς
1985 695 2113 744 ὁμοίοις
2142 694 2254 734 ἐστίν·
2277 700 2299 748 ᾗ
2325 698 2388 748 μὲν

1415 752 1483 806 γὰρ
1501 754 1553 806 τῶ
1574 753 1798 792 ἀλλοιουσθαι
1816 755 1911 793 ποιεῖ
1925 753 1964 792 τὸ
1993 753 2242 804 αἰσθάνεσθαι,
2262 755 2388 801 δόξειεν

1415 812 1457 851 ἂν
1477 818 1547 857 τοῖς
1565 813 1756 867 διαφόροις·
1772 815 1810 867 οὐ
1827 812 1896 864 γὰρ
1914 814 2115 852 ἀλλοιοῦται
2133 814 2172 852 τὸ
2187 812 2306 865 ὅμοιον
2321 817 2389 856 ὑπὸ

1414 877 1475 912 τοῦ
1505 873 1641 924 ὁμοίου.
1700 872 1817 911 Πάλιν
1847 872 1942 912 δὲτὸ
1975 871 2037 924 μὲν
2073 873 2299 913 αἰσθάνεσθαι
2326 877 2387 915 καὶ

1415 933 1535 975 ἁπλῶς
1555 931 1594 969 τὸ
1617 932 1842 970 ἀλλοιοῦσθαι
1873 933 1924 984 τῷ
1944 931 2116 985 πάσχειν·
2142 931 2311 972 ἀδύνατον
2332 934 2387 982 δέ,

1413 990 1518 1044 φησί,
1539 990 1579 1028 τὸ
1601 989 1650 1041 μὴ
1666 989 1778 1030 ταύτὰ
1791 988 1943 1044 πάσχειν
1955 1020 1966 1039 ,
1979 991 2040 1030 καὶ
2057 990 2158 1043 ἕτερα
2176 991 2258 1030 ὄντα
2275 998 2390 1031 ποιεῖν

1414 1049 1514 1103 ἕτερα
1526 1081 1536 1098 ,
1561 1049 1652 1089 ἀλλὰ
1671 1048 1797 1089 ταύτόν
1814 1066 1848 1088 τι
1874 1049 2025 1103 πάσχειν
2043 1056 2114 1094 τοῖς
2133 1050 2279 1101 ὁμοίοις.
2323 1052 2391 1091 Διὸ

1411 1109 1494 1161 περὶ
1515 1108 1580 1160 μὲν
1609 1108 1741 1147 τούτων
1762 1108 1966 1162 ἀμφοτέρως
1990 1110 2084 1148 ἔστιν
2104 1109 2387 1161 ὑπολαμὸάνειν.

1467 1169 1753 1221 (Theophrast.
1773 1168 1843 1208 lib.
1866 1168 1956 1221 Περὶ
1973 1168 2166 1215 αἰσθήσεως
2186 1170 2246 1209 καὶ
2263 1171 2387 1217 αἰσθη·

1410 1229 1478 1265 τῶν
1502 1234 1564 1277 49.
1581 1228 1591 1278 )

1332 1300 1380 1328 1³.
1413 1286 1505 1340 Περὶ
1524 1286 1676 1333 ἑκάστης
1700 1287 1728 1325 δ’
1747 1286 1816 1334 ἤδη
1835 1287 1952 1326 αὐτῶν
1970 1287 2005 1325 ἐν
2023 1286 2123 1338 μέρει
2149 1294 2315 1340 πειρᾶται
2330 1288 2389 1328 λε’-

1411 1362 1497 1398 γειν.
1554 1345 1666 1399 Ὁρᾷν
1701 1345 1763 1399 μὲν
1785 1340 1843 1385 οῧν
1865 1351 1957 1385 ποιεῖ
1982 1348 2026 1399 τῇ
2061 1346 2234 1400 ἐμφάσει·
2255 1347 2385 1395 ταύτην

1413 1407 1443 1445 δ’
1464 1406 1558 1452 ἰδίως
1576 1407 1693 1459 λέγει·
1714 1405 1778 1453 τὴν
1798 1406 1866 1460 γὰρ
1898 1406 2051 1460 ἔμφασιν
2073 1408 2137 1445 οὐκ
2170 1406 2267 1452 εὐθὺς
2288 1409 2323 1446 ἐν
2343 1411 2388 1459 τῇ

1412 1463 1500 1518 κόρῃ
1535 1464 1711 1517 γίνεσθαι,
1739 1464 1830 1504 ἀλλὰ
1853 1464 1913 1503 τὸν
1951 1463 2039 1516 ἀέρα
2073 1464 2131 1504 τὸν
2162 1465 2292 1517 μεταξὺ
2325 1469 2392 1513 τῆς

1410 1524 1521 1577 ὄψεως
1548 1523 1609 1563 καὶ
1627 1528 1688 1563 τοῦ
1717 1523 1895 1574 ὁρωμένου
1915 1526 2130 1575 τυποῦσθαι,
2153 1524 2392 1576 συστελλόμε-

1411 1598 1466 1622 νον
1486 1583 1554 1622 ὖπὸ
1577 1586 1638 1622 τοῦ
1667 1582 1847 1636 ὁρωμένου
1871 1582 1932 1622 καὶ
1960 1587 2020 1623 τοῦ
2051 1586 2216 1636 ὁρῶντος·
2234 1582 2392 1629 ἅπαντος

1411 1642 1480 1695 γὰρ
1519 1642 1574 1681 ἀεὶ
1604 1641 1761 1693 γίνεσθαί
1785 1658 1862 1682 τινα
1890 1642 2086 1697 ἀποῤῥοήν·
2120 1642 2243 1682 ἔπειτα
2264 1646 2384 1683 τοῦτον

1411 1701 1551 1755 στερεὸν
1572 1701 1658 1741 ὄντα
1677 1702 1737 1740 καὶ
1764 1702 1949 1756 ἀλλόχρων
1975 1701 2206 1756 ἐμφαίνεσθαι
2236 1705 2306 1748 τοῖς
2322 1702 2387 1758 ἅμ.-

1411 1777 1518 1812 μασιν
1535 1763 1668 1814 ὑγροῖς·
1688 1761 1748 1800 καὶ
1765 1761 1805 1800 τὸ
1825 1761 1887 1812 μὲν
1912 1761 2043 1800 πυκνὸν
2063 1763 2102 1801 οὗ
2120 1760 2308 1813 δέχεσθαι,
2344 1763 2386 1800 τὸ

1415 1822 1444 1859 δ’
1465 1820 1568 1874 ὑγρὸν
1594 1820 1731 1860 διῖέναι.
1789 1820 1853 1860 Διὸ
1870 1821 1931 1860 καὶ
1951 1821 2029 1865 τοὺς
2043 1821 2167 1874 ὓγροὺς
2184 1824 2254 1860 τῶν
2277 1823 2386 1869 σκλη-

1413 1882 1480 1932 ρῶν
1502 1882 1693 1933 ὀφθαλμῶν
1716 1879 1877 1931 ἀμείνους
1897 1874 1987 1919 εἶναι
2007 1880 2095 1933 πρὸς
2114 1880 2153 1919 τὸ
2175 1883 2258 1934 ὁρᾷν
2272 1911 2281 1929 ,
2310 1882 2340 1919 εἷ
2369 1884 2390 1920 ὁ

1411 1940 1473 1990 μὲν
1494 1939 1560 1984 ἔξω
1578 1938 1687 1991 χιτὼν
1704 1941 1751 1984 ὡς
1769 1939 1983 1984 λεπτότατος
2000 1939 2060 1978 καὶ
2080 1939 2296 1985 πυκνότατος
2315 1939 2385 1988 εἴη,

1409 1998 1453 2036 τὰ
1482 1999 1513 2037 δ’
1536 2000 1629 2043 ἐντὸς
1649 2001 1695 2043 ὡς
1728 2000 1885 2049 μάλιστα
1910 1998 2031 2052 σομφὰ
2058 1999 2118 2038 καὶ
2150 1999 2234 2038 κενὰ
2254 2002 2390 2047 πυκνῆς

1410 2060 1470 2098 καὶ
1504 2060 1652 2112 ἰσχυρᾶς
1683 2058 1834 2111 σαρκός,
1857 2058 1909 2098 ἔτι
1942 2058 1977 2097 δὲ
2004 2059 2151 2110 ἰκμάδος
2170 2059 2325 2112 παχείας
2350 2076 2387 2098 τε

1413 2118 1473 2156 καὶ
1495 2119 1668 2171 λιπαρᾶς,
1696 2119 1757 2157 καὶ
1778 2120 1813 2157 αἱ
1835 2117 1957 2171 φλέὸες
1976 2117 2069 2157 κατὰ
2087 2117 2166 2162 τοὺς
2187 2118 2393 2172 ὀφθαλμοὺς

1330 2312 1495 2344 laxitatem
1520 2320 1631 2359 eorum
1653 2311 1723 2343 sine
1741 2312 1829 2344 tactu
1854 2312 2004 2344 discurrit
2026 2313 2147 2344 fulmen
2161 2337 2169 2352 ‚
2193 2314 2227 2345 ut
2252 2322 2307 2353 per
2328 2321 2388 2346 ve-

1329 2372 1394 2404 stes
1407 2373 1439 2403 et
1454 2370 1542 2402 arida
1559 2369 1654 2411 ligna.

1699 2454 1759 2496 De
1779 2452 1996 2495 sensibus.

1372 2555 1420 2584 12.
1442 2551 1647 2585 Democritus
1664 2551 1705 2584 de
1724 2560 1818 2584 sensu
1842 2560 1907 2583 non
1932 2550 2042 2583 definit
2059 2574 2068 2590 ,
2085 2553 2193 2582 utrum
2218 2550 2387 2583 contrariis

1327 2621 1368 2644 an
1385 2611 1545 2644 similibus
1563 2611 1629 2644 siat.
1675 2614 1842 2650 Quatenus
1859 2611 1945 2644 onim
1962 2619 2095 2643 sensum
2113 2610 2290 2643 mutatione
2314 2610 2385 2643 fieri

1328 2671 1424 2710 dicit,
1441 2671 1588 2703 videatur
1604 2670 1741 2703 diversis
1755 2694 1765 2712 ‚
1785 2679 1888 2712 quum
1904 2669 2020 2703 similia
2037 2670 2196 2703 similibus
2214 2679 2279 2703 non
2311 2679 2385 2703 mu·

1329 2732 1446 2763 tentur.
1494 2732 1619 2763 Rursus
1645 2734 1754 2764 autem
1786 2739 1844 2762 nos
1882 2729 2002 2762 sentire
2041 2729 2238 2771 omninoque
2266 2729 2387 2762 mutari

1329 2789 1495 2822 contendit
1515 2789 1594 2821 dum
1616 2790 1799 2831 patiamur,
1821 2788 1988 2821 dissimilia
2008 2797 2085 2822 vero
2114 2788 2179 2830 pati
2200 2790 2232 2821 et
2260 2788 2386 2821 diversa

1328 2848 1460 2890 quidem
1480 2848 1610 2881 diversa
1634 2848 1738 2881 facere
1758 2857 1851 2890 posse
1870 2850 1985 2890 negat,
2012 2848 2068 2880 sed
2086 2848 2189 2880 simile
2203 2848 2323 2889 aliquid
2340 2847 2383 2880 si·

1328 2909 1460 2941 milibus
1492 2908 1569 2949 pati.
1614 2909 1817 2958 Quapropter
1842 2908 1911 2940 haec
1949 2910 2088 2949 utroque
2116 2908 2214 2940 modo
2253 2907 2387 2948 intelligi

1326 2967 1411 3000 licet.

1374 3031 1420 3061 13.
1440 3030 1487 3060 De
1500 3027 1633 3068 singulis
1647 3030 1756 3060 autem
1772 3027 1920 3060 sensibus
1938 3027 2090 3068 deinceps
2111 3027 2218 3058 dicere
2236 3027 2382 3058 conatur.

1326 3075 1444 3108 Videre
1459 3085 1518 3108 nos
1536 3075 1581 3107 ait
1601 3074 1775 3115 imaginum
1793 3076 1915 3115 'illapsu
1933 3084 2029 3116 quem
2050 3074 2252 3116 peculiariter
2265 3074 2384 3106 descri-

1330 3122 1397 3162 bit;
1424 3123 1596 3164 imaginem
1625 3124 1711 3156 enim
1745 3132 1810 3155 non
1833 3124 1942 3155 statim
1962 3123 1993 3154 iu
2016 3122 2170 3163 pupillam
2189 3122 2294 3161 illabi,
2329 3121 2384 3153 sed

1329 3179 1436 3202 aerem
1450 3171 1532 3202 inter
1548 3171 1679 3202 oculum
1694 3172 1727 3203 et
1744 3170 1823 3203 illud
1845 3170 1932 3211 quod
1949 3171 2102 3209 cernitur,
2119 3169 2259 3201 medium
2273 3193 2281 3209 ‚
2304 3177 2382 3201 con-

1331 3219 1471 3249 tractum
1490 3217 1530 3249 ab
1548 3217 1603 3249 illo
1624 3217 1713 3258 quod
1736 3218 1879 3249 cernitur
1895 3221 1928 3249 et
1947 3217 2000 3257 qui
2021 3217 2141 3257 cernit,
2167 3215 2314 3255 sormari5
2343 3215 2386 3246 al)

1327 3264 1415 3296 omni
1443 3265 1528 3296 enim
1551 3273 1584 3296 re
1614 3264 1681 3297 tieri
1708 3273 1835 3305 semper
1866 3264 2031 3296 etlluvium
2058 3262 2240 3304 quoddam3
2268 3260 2386 3292 deinde

1327 3312 1413 3344 hunc
1430 3320 1536 3344 aerem
1557 3311 1704 3344 solidum
1717 3314 1749 3344 et
1771 3311 1962 3343 discolorem
1976 3311 2076 3343 oculis
2094 3309 2231 3341 humidis
2248 3309 2285 3340 ut
2299 3308 2382 3340 ima-

1328 3359 1433 3400 ginem
1453 3358 1563 3398 illabi,
1584 3359 1628 3391 ita
1646 3361 1682 3391 ut
1695 3359 1837 3391 densum
1858 3367 1921 3390 non
1942 3358 2095 3398 accipiat,
2115 3355 2284 3387 humidum
2307 3363 2380 3394 per·

1327 3409 1427 3446 agret.
1489 3406 1615 3438 Idcirco
1635 3405 1786 3438 humidos
1814 3405 1925 3437 oculos
1953 3404 2043 3436 duris
2070 3403 2216 3435 meliores
2244 3410 2313 3433 esse
2341 3401 2384 3433 ad

1328 3452 1523 3494 videndum,
1546 3453 1574 3486 si
1597 3452 1784 3485 membrana
1805 3454 1936 3483 externa
1958 3460 2052 3492 quam
2075 3448 2262 3481 tenuissima
2279 3448 2312 3480 et
2327 3456 2382 3481 so-

1329 3499 1484 3532 lidissima
1516 3501 1576 3540 sit,
1604 3499 1728 3532 interna
1751 3499 1858 3530 autem
1885 3507 1982 3538 quam
2015 3496 2153 3528 maxime
2183 3496 2316 3535 fungosa
2351 3497 2383 3527 et

1330 3548 1436 3580 inania
1455 3556 1550 3580 carue
1571 3547 1673 3579 solida
1689 3547 1721 3579 et
1742 3546 1863 3586 valida,
1882 3549 1979 3586 atque
1999 3545 2135 3576 hutnore
2154 3551 2262 3575 crasso
2279 3544 2312 3575 et
2330 3541 2381 3574 ni-
