2612 3814
1174 251 1453 300 RELIQUIAE.

215 340 384 386 τοιαύτας
403 340 464 381 καὶ
483 342 515 380 οἱ
533 340 604 380 θεοὶ
632 339 693 379 καὶ
713 339 872 414 μάλιστα
909 343 927 380 ὁ
947 339 1106 394 κρατέων
1134 340 1279 379 πάντων

218 400 330 446 Ζεύς·
343 400 404 440 καὶ
420 399 488 453 γὰρ
509 393 605 444 οὗτος
622 399 748 450 σεμνὸς
770 415 813 450 με
804 398 835 438 ’ν
857 401 929 439 ε’ντι
945 400 1006 439 καὶ
1033 399 1148 450 τίμιος
1169 399 1227 439 διά
1242 415 1282 438 τε

219 460 284 499 τὰν
305 459 484 514 ὑπεροχὰν
505 476 565 499 και
583 460 624 499 τὸ
647 459 790 512 μέγεθος
816 466 879 505 τᾶς
900 461 1025 514 ἀρετᾶς
1040 491 1049 508 ,
1074 460 1228 513 χραστὸς
1245 458 1282 499 δὲ

221 520 279 560 διὰ
298 520 338 559 τὸ
367 518 582 574 εὐεργετικός
602 535 640 559 τε
660 514 750 571 ἦμεν
770 519 832 558 καὶ
854 519 1069 572 ἀγαθοδότας
1085 551 1096 571 ‚
1128 519 1218 565 ὅκως
1238 517 1280 567 δὴ

217 580 281 619 καὶ
301 579 440 632 λέγεται
464 578 533 618 ὑπὸ
547 582 597 618 τῶ
612 579 757 619 Ἰωνικῶ
780 585 911 627 ποιητᾶ
934 579 982 624 ὥς
998 579 1030 618 κ’
1046 578 1099 628 εἴη
1115 597 1132 614 α
1162 578 1282 632 πατὴρ

220 642 356 694 ἀνδρῶν
377 656 415 680 τε
429 642 515 679 θεῶν
535 656 594 679 τε·
612 658 627 674 ν
645 640 753 684 δεινὸς
774 640 810 679 δὲ
831 639 889 678 διὰ
906 640 945 679 τὸ
962 639 1108 686 κολάζεν
1123 638 1192 684 τὼς
1212 640 1284 678 ἀδι-

218 701 364 745 κέοντας
380 700 440 739 καὶ
458 699 584 753 κρατὲν
606 700 667 740 καὶ
688 700 844 753 κυριεύεν
865 700 1028 739 πάντων·
1053 699 1127 752 ἔχει
1157 699 1193 738 δὲ
1223 699 1283 738 καὶ

216 763 279 803 τὸν
300 761 467 815 κεραυνὸν
495 760 586 813 μετὰ
615 767 757 814 χεῖρας,
783 760 962 812 σύμὸολον
981 765 1044 803 τᾶς
1071 758 1279 803 δεινότατος.

219 820 306 871 Ἐπὶ
325 828 414 861 πᾶσι
435 822 471 860 δὲ
492 820 625 866 τούτοις
645 821 864 873 μναμονεύεν
884 821 936 860 δεῖ
951 820 1004 859 ὅτι
1021 818 1189 871 θεόμιμόν
1211 820 1283 858 ἐντι

218 873 371 936 πρᾶγμα,
391 881 562 935 βασιλῇα.

276 943 286 993 (
303 942 478 981 Stobaeus
500 968 503 971 -
527 941 633 982 Flor.
666 940 844 988 XLVIII,
876 941 1000 978 61-62
1047 937 1284 989 Διωτογένους

218 1001 466 1055 Πυθαγορείου
487 1003 526 1040 ἐκ
542 1004 601 1039 τοῦ
620 1000 702 1053 περὶ
720 999 946 1052 βασιλείας.)

272 1074 303 1102 8.
329 1062 446 1101 Καλὸν
470 1065 485 1083 ¹³
509 1059 545 1099 δὲ
583 1059 644 1099 καὶ
666 1061 704 1099 τὸ
722 1060 780 1100 τὸν
801 1059 876 1099 θεὸν
896 1060 931 1098 ἐν
958 1060 1055 1113 ἀρχᾷ
1083 1059 1134 1096 τῶ
1155 1057 1283 1096 δείπνω

223 1121 280 1161 ταὶ
300 1123 350 1160 τῶ
375 1120 510 1173 ἀρίστω
542 1118 816 1168 ἐπικαλέεσθαι,
839 1121 906 1171 οὐχ
924 1121 970 1162 ὡς
1001 1117 1164 1168 δεόμενον
1193 1116 1284 1162 τινὸς

217 1185 290 1221 τῶν
312 1180 506 1228 τοιούτων,
535 1179 614 1219 ἀλλ’
633 1181 681 1225 εἷς
701 1195 740 1219 το
762 1178 980 1231 μνασθέντας
997 1180 1281 1228 κατακοσμηθῆ·

217 1258 284 1293 μεν
316 1242 380 1280 τὰν
412 1239 553 1295 ψυχαν·
584 1239 706 1287 ἐπειδὴ
725 1239 793 1293 γὰρ
825 1238 885 1278 ἀπ’
917 1240 1012 1277 αὐτῶ
1039 1236 1055 1261 b
1084 1239 1188 1289 ἐσμεν
1222 1236 1283 1277 καὶ

221 1301 531 1353 κεκοινωνήκαμεν
556 1316 607 1339 τω
630 1299 713 1340 θείω
735 1305 771 1349 ⁰,
796 1302 952 1338 ποθᾶκον
976 1298 1139 1351 κρίνομεν
1171 1304 1278 1350 τιμᾶν

405 1360 536 1401 Δίκαια
555 1358 573 1383 ‘¹
605 1360 641 1399 δὲ
670 1358 936 1413 βουλευομένω,
957 1358 1082 1403 ἷκέλως
1107 1360 1203 1412 αὐτῷ
1233 1358 1286 1396 δεῖ

1093 1416 1252 1458 Ἔπειτα
1269 1420 1284 1439 ‘³

1201 1476 1212 1501 ¹
1229 1476 1285 1515 τέ-

215 1365 344 1403 ἐκεῖνο.

216 1422 364 1460 ἅπαντα
393 1424 492 1472 ἡμᾶς
512 1419 670 1460 ἐπιτελὲν
688 1418 1036 1472 δικαιοπραγέοντας.

218 1481 357 1533 τέτορες
377 1479 490 1519 αἰτίαι
511 1479 555 1518 τὰ
571 1479 766 1531 σύμπαντα
781 1479 988 1533 περαίνοντι
1007 1478 1069 1517 καὶ
1093 1484 1183 1517 πᾶσι

213 1543 277 1586 λος
293 1540 483 1579 ἔπιτίθεντι
500 1569 510 1587 ,
548 1540 650 1594 φύσις
670 1538 731 1578 καὶ
750 1538 856 1590 νόμος
876 1538 937 1578 καὶ
957 1537 1066 1590 τέχνα
1086 1536 1147 1576 καὶ
1168 1536 1262 1589 τύχα
1275 1552 1283 1561 ·

215 1602 279 1639 καὶ
296 1601 396 1639 ετῶν
419 1598 481 1650 μὲν
511 1597 621 1638 ὅντων
641 1598 664 1637 ἃ
685 1597 785 1651 φύσις
801 1597 941 1637 καθόλω
958 1597 1053 1650 ἀρχά
1068 1627 1079 1645 ,
1098 1599 1168 1636 τῶν
1191 1596 1227 1635 δὲ
1249 1594 1283 1641 ἐξ

213 1662 318 1709 Δ’ᾔθεος
334 1658 418 1699 ποτὶ
442 1658 651 1711 συμφωνίαν
678 1657 865 1697 πολιτικὰν
887 1657 1064 1711 φερόντων
1085 1656 1190 1708 νόμος
1208 1657 1284 1694 ε’πι-

215 1720 352 1765 στάτας
362 1719 422 1759 καὶ
443 1717 671 1771 δαμιουργός·
687 1720 757 1757 τῶν
775 1717 811 1755 δὲ
830 1716 889 1756 διὰ
906 1716 1090 1771 φρονοίσιος
1108 1716 1286 1769 ἀνθρωπί-

214 1796 280 1824 νας
294 1778 504 1819 τελεθόντων
524 1777 634 1832 τέχνα
654 1776 794 1829 λέγοιτό
811 1792 857 1815 κα
876 1775 1020 1820 δικαίως
1035 1776 1155 1830 μάτηρ
1170 1791 1208 1814 τε
1225 1775 1286 1815 καὶ

214 1839 365 1892 ἁγεμὼν
382 1834 473 1891 ἦμεν
489 1853 498 1862 ·
516 1840 587 1877 τῶν
607 1836 643 1875 δὲ
671 1839 749 1890 εἷκᾷ
766 1852 805 1875 τε
836 1835 898 1875 καὶ
916 1837 963 1880 ὥς
990 1834 1116 1888 ἔτυχεν
1141 1834 1211 1875 ἀπὸ
1234 1837 1285 1874 τῶ

217 1898 412 1950 ἀὐτομάτω
430 1896 559 1950 ὁμοίιος
583 1896 868 1936 ποτιπιπτόντων
889 1901 961 1941 τοῖς
981 1900 1151 1948 χρηστοῖς
1168 1911 1206 1934 τε
1222 1894 1283 1934 καὶ

220 1963 384 2010 πονηροῖς
397 1986 405 2002 ,
428 1955 540 2009 τύχαν
557 1957 627 1994 τῶν
647 1954 813 1994 τοιούτων
837 1954 953 1994 αἰτίαν
971 1957 1170 2009 φασοῧμες·
1190 1952 1286 1993 ταύ-

215 2034 283 2057 ταν
302 2020 332 2057 δ’
347 2017 417 2058 οὔτ’
435 2018 470 2055 ἐν
488 2016 607 2069 μέτρῳ
627 2014 700 2054 οὔτ’
718 2017 753 2054 ἓν
765 2014 1065 2078 ορωτεταγμέναν
1080 2015 1141 2054 καὶ
1156 2013 1174 2037 ¹¹
1190 2013 1285 2053 κακὰ

217 2078 481 2132 πεφρονηκυῒαν
503 2075 638 2114 ἕκαστα
657 2074 754 2114 ποιέν
778 2079 806 2123 ¹,
829 2074 850 2113 ἃ
871 2075 1083 2127 γενναθέντα
1102 2073 1164 2114 καὶ
1183 2073 1228 2114 τὰ
1248 2073 1283 2119 ἐξ

218 2138 335 2176 αὐτων
356 2139 407 2176 τῶ
426 2136 541 2187 γένεος
558 2133 746 2188 ἀμφιδονέε
750 2150 822 2174 ται.

219 2267 345 2301 nullam
372 2276 450 2300 eum
472 2275 548 2299 cum
573 2265 701 2298 caeteris
725 2264 916 2297 mortalibus
932 2263 1085 2297 exhibere
1104 2263 1277 2305 convenit,

177 2345 180 2348 ·
218 2333 292 2361 tum
313 2327 457 2360 maxime
474 2325 681 2359 inferioribus
701 2326 734 2358 et
760 2324 885 2357 vilioris
910 2324 1052 2357 fortunae
1073 2323 1282 2357 hominibus:

217 2389 254 2422 tn
270 2388 358 2422 enim
386 2384 663 2428 quemadmodum
686 2384 877 2426 corporibus
897 2384 974 2425 aegri
992 2383 1071 2416 nihil
1094 2392 1190 2424 grave
1211 2392 1283 2424 pos·

218 2448 298 2481 sunt
318 2447 470 2480 tolerare.
517 2445 647 2479 Habent
660 2444 749 2477 enim
773 2444 818 2476 dii
841 2442 980 2485 quoque
992 2443 1073 2475 tales
1097 2442 1288 2475 affectiones

220 2512 255 2543 et
280 2511 448 2551 praecipue
471 2505 618 2538 omnium
651 2505 830 2546 imperator
856 2505 984 2546 Jupiter
1012 2517 1020 2536 ε
1054 2503 1215 2545 siquidem
1236 2502 1289 2535 hic

221 2567 417 2602 venerabilis
443 2565 574 2608 quidem
603 2566 655 2598 es't
684 2567 717 2597 et
737 2563 949 2596 honorandus
973 2565 1105 2605 propter
1130 2562 1289 2595 excellen-

222 2630 304 2662 tiam
322 2628 355 2661 ot
383 2624 644 2666 magnitudinem
662 2624 816 2662 virtutis,
836 2623 995 2664 benignus
1015 2630 1095 2655 vero
1119 2623 1288 2664 propterea

222 2687 312 2730 quod
329 2685 494 2720 beneficus
509 2685 551 2717 sit
565 2686 597 2717 et
617 2684 780 2715 honorum
796 2683 943 2724 largitor,
959 2683 996 2715 ut
1009 2682 1106 2714 etiam
1122 2680 1164 2713 ab
1177 2680 1288 2713 Ionico

223 2750 319 2789 poeta
335 2746 456 2778 dicitur
472 2753 545 2777 esse
572 2757 589 2772 «ι
609 2742 793 2776 hominum
812 2743 918 2784 pater
939 2743 1047 2784 atque
1072 2740 1220 2774 deorum
1247 2753 1263 2769 »
1277 2765 1287 2782 ,

223 2805 438 2840 formidabilis
461 2804 600 2846 denique
615 2827 624 2844 ,
643 2802 799 2844 quoniam
826 2801 963 2843 injustos
991 2801 1104 2842 puniat
1123 2801 1286 2842 omnium-

215 2876 286 2910 que
305 2875 362 2899 rex
381 2875 420 2898 ac
443 2865 594 2898 dominus
611 2862 652 2896 sit
674 2875 682 2895 ι
712 2862 833 2895 fulmen
859 2862 958 2894 etiam
979 2860 1128 2893 manibus
1155 2862 1280 2902 gestat,

218 2925 355 2960 terroris
371 2923 567 2965 symbolum.
613 2924 652 2956 In
665 2920 817 2954 omnibus
830 2920 926 2961 igitur
939 2919 1029 2952 hisce
1041 2919 1288 2952 considerandis

218 2985 408 3020 meminisse
433 2983 581 3024 oportet,
607 2982 752 3014 divinam
771 2979 935 3020 quandam
958 2988 1025 3011 rem
1041 2987 1112 3012 esse
1136 2988 1286 3020 regnum.

266 3049 299 3079 3.
323 3045 503 3078 Honestum
525 3043 624 3075 etiam
651 3045 701 3074 est
721 3040 819 3073 deum
845 3037 939 3072 initio
965 3047 1070 3071 ooenae
1098 3039 1132 3071 et
1163 3038 1289 3080 prandii

220 3104 391 3145 invocari,
405 3112 471 3135 non
488 3102 579 3144 quasi
597 3102 666 3142 ipse
682 3099 803 3133 talibus
820 3098 971 3140 precibus
988 3098 1152 3139 indigeat,
1181 3098 1236 3130 sed
1252 3099 1289 3131 ut

220 3164 355 3197 animus
389 3163 461 3204 ejus
489 3160 712 3194 recordatione
743 3160 878 3192 ornetur
912 3170 921 3191 :
953 3167 1029 3199 cum
1057 3157 1144 3190 enim
1183 3157 1226 3190 ab
1250 3167 1289 3190 eo

219 3224 289 3257 orti
301 3223 405 3256 simus
418 3224 451 3255 et
467 3221 609 3254 numinis
629 3219 703 3253 sacti
721 3218 914 3262 participes,
930 3217 1183 3249 consentaneum
1201 3216 1288 3257 judi-

225 3291 340 3316 camus
355 3291 414 3315 nos
431 3280 511 3314 illud
537 3280 660 3313 honore
685 3277 847 3321 prosequi.
892 3277 935 3310 At
949 3275 1079 3317 quando
1095 3275 1177 3308 deus
1200 3276 1289 3317 Justa

227 3342 374 3382 molitur,
410 3340 506 3373 decet
536 3349 596 3373 nos
627 3339 697 3381 eius
735 3337 884 3379 exemplo
918 3335 1027 3369 omnia
1066 3335 1154 3377 juste
1182 3343 1287 3376 agere.

227 3402 350 3436 Deinde
366 3402 505 3443 quatuor
519 3390 627 3433 causae
650 3400 804 3433 universa
827 3399 1058 3430 consummant
1070 3395 1289 3436 omnibusque

227 3462 327 3495 tinem
344 3462 536 3502 imponunt,
555 3462 690 3501 natura,
707 3459 780 3499 lex,
797 3467 849 3491 ars
876 3458 908 3490 et
931 3456 1085 3489 fortuna:
1109 3464 1147 3488 ac
1175 3456 1289 3488 natura

226 3521 362 3563 quidem
396 3520 530 3553 omnino
573 3528 682 3553 rerum
717 3519 945 3559 generaturum
980 3515 1175 3558 principium
1216 3516 1285 3557 est,

2329 265 2405 297 :235

1402 340 1608 394 (Stobaens
1628 342 1763 387 florii.
1795 343 1949 394 XLIII,
1977 346 2050 383 130
2072 345 2306 397 Διωτογένεος
2327 347 2403 385 Πυ-

1346 400 1527 453 θαγορείου
1564 402 1604 439 ἐκ
1637 405 1697 440 τοῦ
1732 403 1813 455 περὶ
1832 403 2028 451 ὁσιότητος.
2057 405 2179 443 Multa
2213 405 2278 443 hic
2319 420 2407 457 quae

1347 468 1535 512 corrupta
1561 470 1671 499 erant
1702 462 1875 502 correxi.
1902 462 2053 515 Scripsi
2080 474 2208 503 autem
2231 470 2247 488 ὃ
2273 466 2404 518 καλὸν;

1346 519 1461 559 codd.
1483 521 1615 565 καλῶς.
1634 520 1650 544 ¹³
1666 522 1786 569 αὐτῶ;
1818 522 1931 561 codd.
1955 523 2110 562 αι’)τι’ὖν.(3
2132 527 2183 562 τῶ
2208 524 2309 573 θείω,
2336 541 2409 565 πο-

1347 583 1452 620 θᾶκον
1473 580 1637 632 κρίνομεν
1668 588 1776 632 τιμᾶν
1808 583 1942 631 ἐκεῖνο;
1979 583 2094 621 codd.
2116 586 2166 622 τῶ
2195 586 2278 623 θείω
2312 584 2410 624 πόθω

1348 639 1469 678 ἄκοντϊ
1489 639 1648 693 κρίναντι
1666 640 1780 693 ἄμμε.
1804 640 1820 664 ‘¹
1838 640 1971 680 Δίκαια
1991 641 2027 680 δὲ
2057 642 2317 694 βουλευομένω,
2335 644 2408 683 ἰκέ-

1346 700 1416 745 λως
1438 702 1534 754 αὐτῷ
1557 702 1608 739 δεῖ
1636 699 1780 740 ἅπαντα
1808 704 1903 753 ἡμᾶς
1931 700 2088 740 ἐπιτελὲν
2120 702 2412 756 δικαιοπραγέον-

1346 775 1427 808 τας;
1445 760 1561 801 codd.
1585 760 1638 800 διὸ
1658 760 1720 800 καὶ
1749 760 1978 814 βουλεύονται
1999 762 2124 805 ἳκελῶς
2142 761 2221 814 [vel
2245 761 2403 815 δικαίως]

1348 819 1387 858 ἂν
1402 819 1543 858 ἅπαντα
1561 823 1655 873 ἡμᾶς
1675 821 1866 860 ἐπιτελέειν
1878 820 2228 874 δικαιοπραγέοντας.
2241 821 2408 869 Εέπειτα;

1348 878 1463 919 codd.
1487 878 1612 918 ἔπειτα
1634 880 1714 933 γὰρ.
1736 879 1748 903 ¹
1767 888 1879 930 πᾶσις
1902 880 2016 919 codd.
2035 881 2105 919 ἐπὶ.
2125 885 2143 910 8
2168 882 2229 920 καὶ
2251 884 2319 920 τῶν
2344 883 2407 931 μὲν

1347 936 1457 977 ὄντων
1477 938 1499 976 ἆ
1517 938 1618 992 φύσις
1645 939 1785 979 καθόλω
1806 939 1925 994 ἀρχαί,
1939 942 2008 979 τῶν
2029 939 2065 979 δὲ
2088 939 2122 986 ἐξ
2144 940 2267 990 ἤθεος;
2293 942 2409 982 codd.

1347 997 1407 1036 καὶ
1421 1000 1489 1036 τῶν
1503 1000 1566 1049 μὲν
1579 998 1613 1045 ἐξ
1626 998 1726 1044 ἄθεος
1746 1001 1787 1039 in
1800 1013 1879 1052 qua
1892 1002 2093 1053 scriptura
2107 1001 2241 1040 deesse
2255 1002 2411 1053 aliquid

1348 1070 1463 1095 nemo
1486 1071 1565 1097 non
1584 1059 1705 1099 videt.
1730 1058 1749 1082 ¹¹
1769 1060 1831 1099 καὶ
1860 1058 1957 1099 κακὰ
1990 1063 2273 1114 πεφρονηκυῖαν;
2295 1062 2430 1102 codd.-

1347 1117 1408 1155 καὶ
1435 1121 1695 1171 πεφρονηκυῒαν
1715 1120 1788 1171 ινεὶ
1820 1119 1882 1159 καὶ
1909 1120 2199 1174 πεφρονημένως.
2222 1120 2230 1143 ¹
2250 1123 2367 1170 ποιέν,
2391 1122 2412 1161 ἃ

1349 1176 1559 1227 γενναθέντα
1579 1177 1640 1216 καὶ
1669 1177 1711 1216 τὰ
1731 1177 1765 1224 ἐξ
1786 1179 1904 1217 αὐτῶν
1933 1181 1984 1218 τῶ
2004 1181 2118 1231 γένεος
2137 1180 2410 1233 ἀμφιδονέεται;

1349 1237 1462 1277 codd.
1492 1240 1612 1276 ποιεῧν
1645 1242 1854 1291 γενναθεῖσα
1873 1237 1910 1278 δὲ
1932 1239 1954 1278 ἃ
1989 1239 2023 1286 ἐξ
2057 1241 2172 1279 αὐτῶν
2212 1243 2262 1279 τῶ
2295 1242 2412 1293 γένεος

1349 1296 1458 1350 ἄμφω
1479 1299 1641 1336 κινεῖται.
1659 1300 1669 1348 )

1404 1371 1432 1396 4.
1450 1357 1542 1410 Περὶ
1564 1356 1631 1410 βίω
1649 1358 1860 1410 ἐκλογισμὸς
1877 1358 1958 1398 καθ’
1976 1358 2013 1398 ὅν
2033 1359 2065 1397 κ’
2087 1358 2141 1407 εἴη
2162 1362 2180 1398 ὃ
2198 1359 2412 1413 ἀνθρώπινος

1352 1416 1424 1468 βίος
1462 1416 1655 1461 ὁσιώτατός
1686 1433 1722 1456 τε
1756 1418 1818 1457 καὶ
1852 1418 2111 1471 νομιμώτατος.
2169 1421 2314 1471 Πρᾶτον
2349 1419 2412 1470 μὲν

1351 1475 1435 1515 αἴκα
1457 1493 1509 1520 τις
1530 1476 1579 1527 μὴ
1602 1478 1919 1530 πολυπραγμονοίη
1935 1483 1950 1501 ‘¹
1975 1478 2066 1529 μηδὲ
2086 1477 2178 1531 ταχὺ
2196 1478 2254 1517 ἐπὶ
2287 1478 2348 1523 τὰς
2366 1480 2412 1518 δι’·

1352 1552 1415 1581 κας
1445 1535 1589 1590 ὁρμῴη,
1615 1536 1707 1575 ἀλλὰ
1731 1536 1841 1576 πολὺν
1872 1537 1998 1591 χρόνον
2020 1537 2291 1591 ἀμὸαλλόμενος
2311 1539 2414 1584 αὗτός

1350 1612 1389 1635 τε
1408 1596 1669 1649 προκαλέσαιτο
1684 1595 1738 1620 b*
1716 1611 1797 1635 ανευ
1812 1596 1966 1649 δίκας,“’
1940 1614 2033 1636 ωστε
2051 1598 2108 1638 τὸν
2128 1597 2305 1638 ἀντίδικον
2321 1606 2409 1651 προ·

1349 1656 1468 1708 θύμως
1489 1659 1533 1708 τῇ
1554 1655 1710 1722 συνθηκῃ
1741 1656 1893 1709 ἐμμένεν
1922 1662 1951 1681 ⁰·
1985 1657 2045 1696 καὶ
2078 1657 2164 1697 αἴκα
2185 1657 2203 1681 ‘¹
2228 1659 2271 1697 τὰ
2297 1660 2414 1699 πολλὰ

1350 1707 1589 1769 ἐξαγορεύων
1586 1719 1636 1755 τῶ
1650 1716 1858 1791 πράγματος
1880 1716 1930 1768 μὴ
1949 1717 2041 1756 ἄλλα
2057 1717 2145 1771 λέγῃ
2167 1717 2245 1756 &W
2264 1719 2350 1758 αὐτὸ
2370 1719 2410 1758 τὸ

1349 1781 1501 1827 πρᾶγμα
1514 1806 1524 1824 ,
1546 1775 1638 1815 καὶ’
1622 1776 1681 1815 επὶ
1699 1778 1762 1828 μὲν
1777 1782 1839 1821 τᾶς
1857 1776 2044 1829 ἀλλοτρίας
2064 1776 2194 1828 ζαμίας
2207 1776 2248 1816 τὸ
2269 1778 2413 1831 ἀκριὸὲς

1350 1838 1448 1886 μῷτο
1462 1865 1471 1883 ,
1494 1835 1552 1874 ἐπὶ
1574 1835 1610 1874 δὲ
1629 1841 1691 1880 τᾶς
1710 1836 1802 1882 ἰδίας
1818 1836 1858 1875 τὸ
1879 1836 2039 1890 μέτριον·
2057 1836 2096 1875 τὸ
2119 1835 2187 1890 γὰρ
2209 1836 2315 1876 αὐτὸν
2329 1840 2423 1892 παρὛ

1354 1896 1450 1934 αὐτῶ
1477 1897 1679 1949 διαιτᾶσθαι
1699 1899 1714 1918 ⁸
1742 1896 1968 1950 μετριωτέρω
1997 1896 2116 1944 ἤθεος·
2139 1897 2200 1935 καὶ
2218 1896 2268 1948 μὴ
2290 1897 2348 1936 ἐπὶ
2369 1905 2415 1952 τᾷ

1351 1955 1463 2008 ζημίᾳ
1478 1954 1586 2001 οὕτως
1606 1957 1654 2000 ὥς
1670 1955 1730 1995 ἐπὶ
1748 1961 1794 2010 τᾷ
1822 1957 1974 2009 αἰσχύνᾳ
1995 1957 2143 1995 λυποῖτο
2156 1968 2165 1977 ·
2191 1956 2230 1995 τὸ
2261 1956 2324 2007 μὲν
2347 1956 2414 2010 γὰρ

1354 2015 1409 2052 ἐπ’
1432 2014 1587 2068 ἀργυρίῳ
1609 2015 1800 2054 ὀδυνᾶσθαι
1832 2016 1957 2069 φαύλω
1993 2015 2112 2064 ἤθεος,
2132 2014 2172 2054 τὸ
2211 2014 2247 2053 δὲ
2282 2016 2340 2055 ἐπὶ
2369 2023 2417 2071 τᾷ

1353 2073 1506 2127 αἰσχύνᾳ
1521 2074 1582 2112 καὶ
1602 2080 1647 2128 τᾷ
1666 2074 1793 2128 ἀτιμίᾳ
1807 2074 2060 2127 καλοκαγάθω.

1408 2136 1419 2189 (
1437 2135 1616 2174 Stobaeus
1636 2135 1769 2173 Floril.
1783 2135 1830 2183 V,
1850 2137 1900 2186 69
1922 2135 2155 2187 Διωτογένεος
2171 2136 2415 2190 Πυθαγορείου

1349 2272 1465 2297 eorum
1498 2273 1580 2297 vero
1606 2273 1681 2307 quoe
1715 2273 1757 2298 ex
1787 2264 1935 2297 moribus
1971 2264 2012 2297 ad
2043 2265 2252 2298 concordiam
2284 2267 2413 2300 civilem

1349 2324 1517 2356 adducunt
1535 2323 1584 2357 lex
1605 2332 1726 2365 praeses
1740 2325 1791 2357 est
1805 2325 1838 2357 et
1852 2324 2000 2357 effectrix
2021 2334 2030 2356 :
2045 2325 2078 2357 at
2097 2333 2237 2366 operum
2257 2334 2333 2367 quae
2349 2326 2414 2358 hu·

1351 2392 1447 2416 mana
1475 2383 1646 2425 prudentia
1676 2383 1886 2425 perficiuntur
1914 2393 1967 2416 ars
1985 2384 2101 2417 merito
2120 2386 2224 2418 mater
2241 2385 2274 2418 et
2300 2386 2414 2418 auctor

1351 2441 1535 2474 nominetur
1556 2449 1564 2469 =
1587 2449 1700 2473 eorum
1718 2441 1860 2484 denique
1877 2451 1952 2483 quae
1971 2444 2094 2476 temere
2106 2452 2144 2476 ac
2159 2445 2258 2485 prout
2279 2444 2414 2486 contigit

1351 2501 1485 2533 fortuito
1507 2500 1657 2534 similiter
1685 2501 1797 2542 probis
1812 2503 1846 2535 et
1865 2502 2022 2543 improbis
2041 2503 2219 2545 accidunt,
2247 2503 2412 2538 fortunam

1350 2570 1480 2594 causam
1500 2569 1572 2593 esse
1594 2560 1744 2593 dicemus
1769 2572 1778 2594 ι
1805 2561 1891 2594 hanc
1912 2563 2023 2595 autem
2046 2571 2152 2603 neque
2182 2562 2281 2595 modo
2306 2572 2412 2605 neque

1351 2620 1496 2653 terminis
1513 2608 1795 2661 circumscriptam
1811 2623 1912 2662 atque
1939 2621 2037 2654 etiam
2054 2621 2190 2655 hostiles
2207 2622 2342 2664 spiritus
2354 2632 2410 2666 ge-

1353 2682 1477 2712 rentem
1505 2679 1630 2719 singula
1662 2678 1784 2720 faeere,
1813 2687 1888 2721 quae
1917 2680 2028 2722 genita
2055 2689 2118 2713 una
2139 2690 2215 2714 cum
2236 2682 2325 2722 prole
2353 2691 2413 2716 sua

1349 2739 1562 2772 circumcirca
1575 2739 1756 2779 agitantur.

1391 2802 1423 2832 4.
1445 2799 1531 2832 Vitae
1544 2799 1624 2831 ratio
1647 2806 1711 2839 qua
1724 2797 1868 2832 humana
1887 2799 1954 2832 vita
1966 2799 2168 2833 sanctissima
2188 2804 2221 2834 et
2233 2801 2412 2842 justissima

1351 2859 1460 2892 fuerit.
1506 2859 1652 2892 Primum
1669 2860 1801 2901 quidem
1817 2859 1845 2892 si
1860 2858 1935 2900 quis
1948 2868 2014 2891 non
2031 2860 2143 2893 multis
2156 2861 2294 2901 negotiis
2309 2860 2410 2902 impli-

1350 2919 1442 2949 cetur
1457 2925 1562 2958 neque
1576 2917 1727 2950 celeriter
1746 2918 1836 2951 litem
1857 2918 1911 2951 alii
1935 2918 2101 2952 intendere
2113 2920 2327 2962 aggrediatur,
2355 2921 2411 2954 sed

1351 2977 1405 3009 diu
1427 2975 1527 3010 dilato
1544 2978 1721 3010 certamine
1736 2978 1803 3019 ipse
1818 2987 1949 3011 causam
1968 2979 2125 3020 privatam
2145 2980 2272 3013 evitans
2290 2980 2334 3013 ita
2351 2981 2409 3013 ad-

1351 3037 1529 3070 versarium
1560 3038 1733 3079 provocet,
1757 3040 1795 3070 ut
1823 3038 1962 3071 libenter
1994 3039 2125 3080 pactum
2157 3041 2262 3071 servet
2289 3048 2297 3071 :
2322 3049 2360 3073 ac
2384 3041 2411 3073 si

1352 3096 1506 3139 pleraque
1525 3095 1571 3128 rei
1587 3097 1697 3138 capita
1728 3097 1904 3130 enuntians
1929 3106 1992 3130 non
2012 3097 2075 3130 alia
2099 3097 2208 3138 dicat,
2227 3098 2283 3131 sed
2307 3099 2410 3140 ipsam

1352 3166 1439 3197 rem,
1464 3157 1564 3198 atque
1580 3156 1673 3189 alieni
1697 3157 1829 3198 quidem
1852 3156 1962 3189 damni
1983 3165 2148 3201 summam
2167 3160 2318 3191 accurate
2335 3159 2411 3191 sub·

1351 3216 1467 3259 ducat,
1490 3226 1586 3249 suum
1615 3224 1692 3250 vero
1715 3216 1949 3249 detrimentum
1970 3215 2098 3249 modica
2120 3217 2348 3258 supputatione
2370 3219 2409 3251 ad

1350 3276 1491 3309 calculos
1509 3278 1606 3309 vocet
1624 3289 1632 3309 ι
1654 3284 1728 3308 nam
1751 3284 1810 3309 suo
1833 3275 1942 3308 labore
1955 3275 2007 3308 vic
2016 3276 2088 3308 tum
2112 3285 2258 3318 quaerere
2272 3285 2411 3310 summae

1352 3335 1519 3370 modestiae
1533 3337 1582 3369 est
1599 3350 1608 3370 :
1628 3336 1769 3377 denique
1783 3335 1807 3368 si
1826 3343 1890 3367 non
1908 3334 1952 3368 ita
1971 3334 2107 3376 damno,
2125 3337 2162 3368 ut
2175 3335 2332 3369 dedecore
2354 3327 2413 3369 do-

1354 3395 1416 3428 leat
1440 3402 1545 3428 :nam
1572 3395 1718 3437 pecuniae
1734 3395 1859 3436 jactura
1878 3394 1951 3435 angi
1978 3393 2067 3436 pravi
2083 3394 2199 3436 ingenii
2224 3396 2294 3433 est,
2318 3394 2413 3429 dede-

1351 3463 1427 3487 core
1459 3458 1569 3488 autem
1603 3456 1637 3488 et
1670 3454 1803 3487 infamia
1820 3454 1955 3486 cruciari
1998 3453 2138 3486 hominis
2176 3453 2302 3487 honesti
2340 3464 2413 3493 esse

1353 3515 1493 3548 videtur.
