2612 3814
285 248 338 276 xx
1115 220 1182 261 DE
1210 220 1534 263 EMPEDOCLE.

262 332 344 371 vque
361 331 409 359 ex
429 320 548 370 hujus
565 319 697 358 schola
716 318 963 369 prodierunt,
978 316 1171 356 videntur.
1195 314 1313 354 Multi

270 396 360 424 vero
379 385 567 424 Herodoti
590 388 705 423 aetate
722 385 764 422 in
796 384 942 434 Magna
959 381 1108 421 Graecia
1124 380 1316 432 degebant

270 449 529 500 Pythagorei,
554 459 719 498 quorum
739 447 851 486 famae
869 446 1070 486 consulere
1089 456 1210 495 quam
1229 444 1314 482 lau-

270 514 384 554 dibus
406 514 623 553 obtrectare
641 515 761 552 satius
778 512 956 551 ducebat.
980 511 1066 549 Huc
1086 509 1234 549 accedit
1251 508 1314 546 do·

271 580 404 618 ctrinae
426 579 631 618 diversitas
658 588 745 628 quae
771 577 975 615 Brinkium
1003 576 1119 626 fugit.
1159 574 1314 613 Etenim

272 643 430 693 expleto
459 644 722 681 mutationum
753 641 801 680 de
819 640 960 690 quibus
990 638 1210 678 Herodotus
1236 639 1317 687 agit

273 707 368 746 orbe
386 708 505 747 animi
524 708 563 744 in
584 705 755 744 humana
771 714 932 753 corpora
944 702 1123 750 redeunt,
1142 701 1213 741 sed
1233 701 1318 740 Em·

273 771 444 822 pedoclei
463 772 565 821 genii
583 770 693 808 finita
716 770 947 819 migratione
966 772 1004 806 et
1023 768 1132 817 quasi
1149 767 1318 817 peregri-

273 835 432 873 natione
450 834 490 871 in
506 833 667 871 deorum
688 830 925 869 domicilium
945 834 1135 879 tanquam
1151 831 1317 879 patriam

277 898 421 936 reversi
442 898 647 947 pristinum
667 896 767 933 inter
797 893 889 932 deos
922 893 1049 932 locum
1075 897 1315 943 recuperant.

275 960 453 1010 Denique
484 959 711 998 Karstenius
741 961 853 1007 putat
879 956 928 995 ab
956 956 1188 1006 Empedocle
1226 954 1318 1007 ὥρας

277 1027 351 1065 dici
366 1025 562 1063 infinitum
581 1026 765 1073 temporis
781 1025 950 1074 spatium
965 1033 1035 1072 pro
1054 1021 1179 1069 finito,
1197 1022 1318 1061 videri

277 1094 406 1128 autem
425 1099 548 1127 annos
562 1087 771 1138 designari.
791 1087 867 1127 Sed
885 1088 959 1126 loci
979 1088 1100 1137 ipsius
1113 1087 1318 1125 exordium

277 1153 390 1191 docet
407 1156 555 1191 certum
570 1151 729 1201 aliquod
748 1151 947 1191 decretum
967 1151 1094 1199 tradi,
1113 1151 1218 1200 quod
1230 1162 1313 1200 pro·

277 1219 377 1257 fecto
399 1218 515 1267 friget
528 1246 538 1263 ,
559 1219 591 1255 si
606 1219 824 1256 constitutae
842 1227 964 1267 poenae
984 1219 1174 1255 incertum
1193 1216 1320 1266 quod-

278 1283 368 1322 dam
384 1287 537 1331 tempus
557 1281 806 1331 significetur.

331 1347 469 1396 Itaque
490 1357 568 1384 non
587 1346 743 1395 dubito,
765 1347 860 1396 quin
878 1338 968 1397 ὧραι
997 1345 1222 1395 Empedocli
1241 1347 1322 1384 sint

278 1411 392 1458 anni,
415 1411 624 1459 praesertim
642 1420 767 1459 quum
792 1414 959 1460 cognata
977 1420 1055 1448 vox
1070 1402 1158 1460 ἔαρος
1176 1410 1225 1448 ab
1242 1409 1321 1448 He·

278 1475 411 1524 sychio
431 1478 468 1513 et
496 1474 617 1514 Suida
645 1479 861 1525 exponatur
887 1472 1055 1517 ἐνιαυτός.
1080 1475 1171 1513 Fuit
1191 1479 1321 1514 autem

279 1542 471 1579 ternarius
498 1551 680 1579 numerus
698 1541 915 1590 antiquitus
932 1539 1038 1578 velut
1055 1544 1317 1578 consecratus.

280 1604 339 1643 Cf.
364 1604 549 1642 Rittcrsh.
590 1605 631 1641 in
661 1603 852 1653 Porphyr.
890 1604 963 1642 vit.
996 1603 1166 1653 Pythag.
1199 1614 1240 1642 n.
1273 1610 1321 1642 38

279 1679 318 1716 p.
331 1661 407 1706 ’55.
432 1666 495 1705 Sic
514 1668 582 1716 qui
603 1670 662 1705 ter
677 1668 894 1716 utrimque,
910 1668 948 1705 in
966 1669 1079 1706 terris
1097 1672 1135 1706 et
1154 1669 1194 1706 in
1219 1679 1322 1715 orco,

280 1733 362 1769 sine
381 1731 467 1769 labe
488 1733 698 1781 vixissent,
724 1730 784 1769 his
804 1731 955 1770 aditum
982 1733 1023 1770 in
1041 1731 1243 1770 beatorum
1262 1744 1323 1771 se-

280 1796 368 1834 dem
389 1800 520 1845 patere
546 1795 740 1834 Pindarus
764 1795 918 1847 Olymp.
945 1796 1000 1843 ΙΙ,
1025 1802 1072 1836 75
1100 1799 1238 1836 cecinit
1264 1798 1323 1837 his

280 1859 410 1898 Verbis
432 1871 441 1897 2
459 1857 533 1896 ὅσοι
553 1859 582 1896 δ’
604 1858 802 1908 ἐτόλμασαν
821 1860 855 1902 ἐς
876 1858 948 1911 τρὶς
967 1857 1164 1914 ἑκατέρωθι
1181 1860 1321 1908 μείναν·

281 1938 336 1966 τες
365 1922 433 1961 ἀπὸ
460 1923 609 1973 πάμπαν
637 1923 765 1962 ἀδίκων
788 1921 881 1976 ἔχειν
910 1923 1051 1977 ψυχάν,
1081 1923 1216 1963 ἔτειλαν
1244 1925 1324 1970 Διὸς

282 1985 358 2024 ὁδὸν
379 1985 475 2037 παρὰ
493 1986 627 2039 Κρόνου
643 1985 760 2039 τύρσιν
773 2002 781 2011 ·
804 1986 884 2025 ἔνθα
903 1987 1073 2040 μακάρων
1091 1993 1194 2026 νᾶσον
1209 1989 1324 2027 ὠκεα-

283 2049 371 2094 νίδες
395 2044 500 2103 αὖραι
525 2050 765 2104 περιπνέουσιν
796 2052 905 2092 κ.τ.λ.
920 2051 1136 2092 Enimvero
1164 2055 1325 2104 triginta

283 2116 402 2154 millia
420 2117 598 2155 universe
616 2128 686 2166 pro
717 2119 866 2167 ingenti
885 2118 1139 2157 multitudine
1169 2119 1243 2157 dici
1263 2130 1326 2158 so-

285 2178 364 2218 lere
392 2179 553 2228 probare
584 2181 734 2219 studuit
757 2180 946 2231 Bergkius
972 2183 1014 2219 in
1042 2182 1207 2232 Ephem.
1230 2185 1325 2221 anti-

284 2253 394 2291 quar.
419 2247 516 2282 1831
535 2243 602 2282 Nr.
624 2249 671 2282 55
696 2248 735 2283 et
753 2249 818 2283 61.
839 2244 1073 2294 Appositum
1091 2250 1151 2284 est
1167 2246 1217 2284 ad
1246 2249 1326 2296 ejus

286 2308 504 2356 opinionem
520 2307 750 2347 firmandam
769 2309 866 2348 illud
884 2309 1061 2361 AEschyli
1079 2311 1301 2360 exemplum
1315 2341 1326 2362 ,

288 2373 357 2420 qui
375 2375 474 2410 teste
493 2372 649 2423 Hygino
670 2373 828 2413 Astron.
844 2374 899 2422 11,
926 2380 971 2414 15
997 2387 1037 2425 p.
1057 2381 1135 2414 456
1155 2376 1327 2414 0180110-

288 2435 400 2474 liasta
427 2437 478 2474 ad
508 2437 684 2488 AEschyli
716 2440 847 2478 Prom.
875 2439 1006 2479 Vinct.
1032 2452 1092 2479 vs.
1121 2447 1170 2479 94
1200 2439 1255 2493 (l)
1285 2442 1327 2479 in

291 2499 521 2538 Prometheo
542 2501 707 2550 ignifero
727 2502 842 2542 finxit
860 2503 964 2542 hunc
984 2515 1053 2555 per
1079 2506 1240 2555 triginta
1255 2516 1327 2543 an·

289 2573 429 2601 norum
445 2564 566 2603 millia
579 2566 619 2603 in
638 2565 807 2605 Caucaso
830 2573 962 2607 monte
979 2568 1181 2619 alligatum
1197 2569 1325 2610 fuisse.

290 2625 354 2664 Cf.
377 2626 590 2667 Hermanni
609 2640 741 2678 opusc.
763 2631 833 2678 IV,
860 2643 901 2682 p.
926 2638 999 2672 257
1027 2645 1107 2684 seq.
1138 2634 1329 2673 Hesiodus

294 2689 367 2739 Op.
387 2695 425 2729 et
441 2691 491 2730 D.
512 2703 565 2731 VS.
593 2699 668 2733 250
688 2699 822 2735 auctor
840 2701 895 2736 est
915 2696 986 2748 τρὶς
1007 2697 1148 2748 μυρίους
1164 2698 1330 2748 δαίμονας

295 2756 333 2791 111
349 2756 462 2793 terris
476 2758 631 2794 versari.
647 2756 804 2807 Reliqui
819 2761 937 2798 etiam
952 2771 1049 2810 quos
1067 2761 1257 2812 Bergkius
1276 2763 1331 2801 af-

295 2817 368 2856 fert
395 2817 468 2856 loci
487 2830 509 2856 e
526 2819 680 2858 Melisso
699 2832 765 2871 ap.
783 2821 953 2872 Simplic.
970 2826 1008 2862 in
1028 2824 1187 2864 Aristot.
1206 2825 1327 2877 Phys.

1373 313 1518 352 indicio
1550 311 1710 361 quidem
1740 315 1834 350 sunt
1855 311 1946 363 τρεῖς
1979 308 2152 363 μυριάδας
2177 320 2249 360 pro
2269 308 2426 349 infinito

1373 387 1537 415 numero
1552 376 1751 427 usurpari,
1772 375 1841 414 sed
1858 374 1957 414 nihil
1974 374 2024 414 ad
2049 373 2325 424 Empedoclem
2340 384 2429 424 per-

1373 444 1514 480 tinent.
1533 440 1629 488 Quis
1648 442 1776 488 enim,
1797 444 1844 479 ut
1871 440 1988 490 paulo
2008 442 2100 478 ante
2121 438 2218 486 dixi,
2239 438 2430 490 ejusmodi

1374 507 1476 545 ferat
1496 506 1620 556 legem
1638 533 1650 552 ,
1667 516 1746 555 qua
1764 509 1872 544 certo
1893 504 2029 544 sceleri
2048 505 2196 542 incerta
2214 513 2332 554 poena
2349 505 2430 542 sta·

1375 575 1508 610 tuatur
1538 570 1600 609 vel
1634 569 1807 608 edictum
1839 580 1918 619 quo
1941 568 2094 607 luendae
2123 578 2246 618 poenae
2274 571 2432 618 tempus

1375 637 1572 675 infinitum
1599 634 1871 684 relinquatur?
1891 634 2040 681 Quodsi
2060 635 2312 683 antiquorum
2335 643 2432 683 my-

1376 702 1503 740 steriis
1522 701 1623 738 inter
1643 698 1720 738 alia
1739 698 1779 737 id
1798 700 2042 748 propositum
2066 697 2167 747 fuit,
2194 701 2239 736 ut
2265 697 2432 736 homici-

1378 766 1438 804 dis
1458 765 1707 804 lustrationes
1736 765 2006 804 invenirentur
2032 767 2153 812 atque
2179 773 2226 802 ea
2245 773 2333 812 quae
2357 762 2434 801 hac

1377 831 1425 870 de
1445 841 1486 869 re
1516 842 1540 869 a
1571 829 1824 880 scriptoribus
1845 828 1968 867 relata
1987 833 2079 867 sunt
2107 832 2299 878 tanquam
2326 827 2434 868 illius

1378 896 1564 935 doctrinae
1576 898 1766 946 praecepta
1784 894 1915 944 legum
1928 894 2010 932 vim
2025 893 2339 943 brevitatemque
2353 903 2434 943 proe

1378 971 1419 999 se
1439 959 1573 998 ferunt
1586 957 1654 1012 (2),
1667 957 1839 998 dubitari
1849 959 1986 1008 nequit
2003 958 2101 1007 quin
2118 958 2162 996 in
2179 958 2297 996 simili
2315 966 2433 1007 argu-

1380 1028 1512 1063 mento
1521 1023 1768 1074 Empedoclis
1786 1022 1906 1061 verba
1923 1019 1997 1074 τρὶς
2015 1020 2141 1073 μυρίας
2158 1017 2253 1073 ὥρας
2265 1020 2315 1060 110
2328 1026 2435 1060 certo

1380 1089 1621 1140 definitoque
1645 1099 1840 1128 annorum
1870 1098 2036 1126 numero
2067 1086 2291 1137 accipienda
2310 1087 2404 1126 sint.

1433 1153 1556 1192 Porro
1575 1153 1763 1203 quaeritur
1789 1162 1877 1201 quae
1897 1149 2016 1190 fuerit
2042 1152 2218 1201 priorum
2242 1154 2281 1189 et
2299 1154 2435 1200 poeta·

1380 1228 1466 1255 rum
1483 1221 1523 1255 et
1538 1215 1857 1267 philosophorum
1875 1215 1924 1253 de
1938 1216 2059 1266 geniis
2072 1215 2268 1254 sententia
2283 1217 2322 1253 et
2340 1213 2436 1264 quid

1380 1282 1431 1320 ab
1454 1282 1688 1332 Empedocle
1706 1281 1780 1320 hac
1797 1282 1839 1319 in
1858 1291 1900 1319 re
1915 1285 2105 1319 novatum
2133 1281 2197 1320 sit.
2220 1279 2434 1330 Antiquis-

1380 1348 1480 1386 sima
1500 1351 1614 1386 aetate
1632 1347 1736 1397 apud
1755 1346 1910 1385 Graecos
1943 1344 2079 1395 δαίμων
2099 1345 2197 1384 1111111
2217 1344 2326 1385 aliud
2351 1347 2437 1384 erat

1381 1422 1497 1462 quam
1517 1412 1628 1450 deus.
1648 1410 1914 1459 Quamobrem
1933 1408 1954 1448 J
1961 1411 2127 1460 uppiter,
2141 1409 2275 1450 Venus
2293 1409 2437 1459 aliique

1381 1487 1642 1526 saepenumero
1671 1476 1722 1514 ab
1743 1475 1915 1514 Homero
1946 1471 2108 1523 δαίμονες
2136 1477 2340 1512 vocantur.
2374 1471 2432 1512 Cf.

1381 1541 1454 1580 Od.
1476 1541 1525 1592 V,
1552 1547 1655 1587 166;
1682 1539 1798 1579 iliad.
1820 1539 1872 1590 V,
1900 1544 1977 1578 420
2000 1536 2053 1591 (a)
2073 1542 2148 1578 etc.
2171 1538 2281 1577 Inter
2299 1541 2431 1589 poste-

1382 1608 1501 1643 riores
1521 1604 1637 1643 multi
1655 1603 1763 1643 hunc
1784 1614 1898 1642 usum
1925 1604 2069 1642 imitati
2087 1606 2180 1641 sunt
2191 1631 2204 1652 ,
2226 1613 2326 1653 quos
2344 1602 2438 1641 lon-

1382 1680 1477 1720 gum
1502 1673 1561 1708 est
1580 1679 1829 1716 enumerare;
1853 1678 1977 1707 unum
1998 1679 2020 1706 e
2042 1666 2283 1718 philosophis
2307 1667 2438 1706 nomi-

1381 1733 1483 1771 nabo
1505 1732 1778 1771 Parmenidem
1797 1732 1924 1781 quiin
1944 1732 2129 1770 carminis
2149 1731 2310 1769 exordio
2329 1742 2387 1770 vs.
2414 1736 2436 1770 3

1382 1797 1486 1847 apud
1505 1795 1667 1835 Sextum
1697 1795 1938 1845 Empiricum
1969 1794 2060 1834 adv.
2087 1793 2324 1842 Math.V11,
2362 1799 2433 1834 111
2489 1835 2493 1842 ,

1384 1873 1422 1911 p.
1450 1866 1525 1900 213
1562 1861 1625 1900 ed.
1653 1860 1822 1899 Bekker.
1854 1860 1970 1899 deam
2002 1860 2203 1910 sapientiai
2233 1859 2438 1910 praesidem

1383 1926 1458 1964 hoc
1485 1927 1569 1975 ipso
1589 1926 1750 1964 nomine
1770 1929 1898 1964 ornat.
1927 1923 2045 1974 Apud
2066 1923 2281 1962 Hesiodum
2301 1921 2437 1974 δαίμων

1383 1991 1424 2027 111
1444 1990 1671 2027 universum
1699 1989 1749 2028 de
1776 1989 1849 2027 deo
1870 1989 2076 2038 aliquoties
2099 1988 2303 2038 accipitur,
2330 1987 2440 2028 velut

1384 2052 1492 2091 Scut.
1516 2053 1632 2091 Herc.
1654 2063 1714 2091 vs.
1740 2058 1809 2103 94,
1835 2051 1905 2091 sed
1925 2053 2122 2090 minorum
2143 2052 2320 2102 gentium
2347 2051 2440 2091 deos

1385 2116 1603 2165 significare
1635 2116 1790 2155 videtur
1810 2116 2012 2166 Theogon.
2045 2125 2102 2154 vs.
2124 2120 2216 2154 991.
2247 2115 2440 2164 Quattuor

1385 2183 1516 2218 autem
1553 2179 1774 2218 divinarum
1809 2183 2043 2218 naturarum
2078 2188 2222 2229 genera
2260 2178 2440 2219 Ascroeus

1386 2247 1499 2292 poeta
1517 2242 1713 2281 discernit.
1735 2243 1780 2281 In
1798 2242 1859 2282 his
1878 2244 2003 2292 primo
2021 2242 2106 2281 loco
2127 2245 2221 2281 sunt
2237 2242 2292 2281 dii
2306 2242 2440 2295 Olym—

1387 2309 1462 2357 pii,
1501 2307 1671 2345 secundo
1713 2309 1835 2346 animi
1871 2307 2077 2347 hominum
2112 2309 2227 2358 primi
2267 2311 2307 2348 et
2333 2310 2438 2349 aurei

1386 2372 1538 2420 saeculi,
1557 2383 1655 2422 quos
1670 2370 1838 2422 δαίμονας
1858 2383 1940 2411 0550
1956 2373 2052 2412 dicit
2072 2373 2145 2423 Op.
2166 2377 2206 2412 et
2225 2372 2272 2413 D.
2287 2384 2344 2412 vs.
2365 2377 2439 2413 120

1386 2449 1482 2488 seq,
1504 2449 1570 2487 per
1582 2442 1724 2477 terram
1745 2437 1924 2477 oberrare
1943 2442 1982 2477 et
2006 2438 2229 2477 mortalium
2246 2449 2307 2478 res
2323 2440 2439 2491 tueri,

1390 2504 1503 2540 tertio
1520 2505 1715 2552 argenteae
1730 2503 1855 2541 aetatis
1878 2501 2054 2541 homines
2070 2502 2118 2541 de
2137 2502 2282 2552 quibus
2301 2514 2341 2544 v.
2365 2509 2439 2543 139

1388 2565 1469 2604 haec
1489 2563 1676 2615 praedicat
1694 2576 1704 2603 t

1443 2660 1553 2714 αὐτὰρ
1568 2661 1643 2700 ἐπεὶ
1662 2661 1722 2700 καὶ
1741 2665 1843 2700 τοῦτο
1863 2661 1958 2715 γένος
1973 2661 2064 2701 κατὰ
2085 2669 2168 2713 γαῖα
2188 2663 2346 2718 κάλυψε,

1443 2726 1496 2764 τοὶ
1513 2725 1576 2775 μὲν
1601 2725 1801 2778 ὑποχθόνιοι
1819 2726 1973 2780 μάκαρες
1990 2726 2104 2774 θνητοὶ
2123 2726 2332 2780 καλέονται,

1444 2788 1612 2842 δεύτεροι,
1638 2791 1716 2829 ἀλλ’
1731 2790 1846 2841 ἔμπης
1863 2789 1949 2840 τιμὴ
1965 2790 2024 2829 καὶ
2037 2796 2146 2829 τοῖσιν
2167 2791 2306 2839 ὀπηδεῖ.

297 2879 323 2917 f.
347 2886 417 2927 24;
440 2881 635 2921 Herodoto
654 2883 703 2935 V,
735 2890 803 2932 973
836 2885 1001 2925 Platone
1020 2887 1156 2938 Symp.
1188 2900 1223 2939 p.
1255 2895 1327 2928 175
1392 2889 1538 2937 Quarto
1555 2890 1639 2928 loco
1659 2894 1753 2928 sunt
1778 2889 1915 2929 heroes
1941 2891 2004 2929 vel
2024 2894 2211 2940 quartum
2237 2890 2440 2931 hominum

296 2942 346 2991 E3
364 2943 558 2994 Aristoph.
583 2946 726 2986 Eccles.
747 2953 862 2999 1133,
902 2946 1003 2989 Avv.
1026 2956 1124 2989 1136
1151 2956 1189 2990 et
1212 2958 1328 3001 1179,
1392 2964 1516 3004 genus
1532 2956 1646 2992 tertio
1657 2956 1801 3004 justius
1814 2959 1852 2993 et
1871 2955 2034 2993 melius:

347 3095 372 3122 il
391 3094 534 3134 Hyginus
548 3094 567 3127 l.
583 3103 613 3127 0.
633 3105 641 3127 :
656 3097 882 3130 Prometheum
900 3102 1009 3133 autem
1023 3100 1055 3132 in
1071 3103 1180 3134 monte
1195 3104 1332 3143 Scythiae

301 3139 427 3172 nomine
443 3141 587 3174 Caucaso
606 3143 708 3175 ferrea
722 3146 833 3176 eatena
850 3146 954 3179 vinxit
977 3156 985 3178 :
1004 3157 1100 3188 quem
1115 3149 1279 3189 alligatum
1293 3153 1334 3184 ad

300 3185 430 3237 triginta
455 3187 554 3219 millia
576 3197 731 3222 annorum
754 3193 926 3233 AEschyius
947 3195 1176 3235 tragoediarum
1195 3199 1333 3240 scriptor

301 3235 356 3263 ait.
372 3232 547 3266 Scholiasta
569 3243 577 3263 ε
596 3236 627 3268 ἐν
642 3238 699 3278 γὰρ
717 3242 762 3279 τῷ
785 3239 930 3281 πυρφόρῳ
952 3244 1030 3281 τρεῖς
1054 3242 1201 3285 μυριάδας
1225 3245 1332 3285 (ἐτῶν)

301 3278 372 3316 φησὶ
385 3278 523 3312 δεδέσθαι
537 3281 640 3315 αὐτόν.

343 3324 375 3365 2)
405 3328 510 3357 Unum
540 3330 696 3368 proferam
715 3331 857 3364 Platonis
889 3332 995 3365 locum
1024 3335 1065 3366 de
1089 3336 1184 3376 Legg.
1213 3338 1277 3376 ΙΧ,
1299 3340 1335 3370 10

302 3380 334 3411 p.
355 3375 414 3405 870
439 3373 467 3404 D
495 3383 504 3405 ε
526 3375 559 3407 ὃν
584 3377 690 3409 πολλοὶ
710 3377 801 3419 λόγον
830 3383 892 3411 τῶν
914 3381 944 3412 ἐν
970 3385 1036 3418 ταῖς
1056 3383 1190 3421 τελεταῖς
1212 3385 1280 3426 περὶ
1296 3386 1335 3417 τὰ

302 3423 430 3452 τοιαῦτα
448 3421 686 3456 ἐσπουδακότων
703 3425 865 3464 ἀκούοντες
889 3428 1007 3470 σφόδρα
1027 3429 1203 3470 πείθονται,
1219 3432 1254 3464 τὸ
1273 3437 1334 3464 τῶν

303 3466 449 3498 τοιούτων
471 3468 551 3501 τίσιν
581 3471 612 3502 ἐν
637 3472 711 3512 ᾅδου
744 3472 921 3514 γίγνεσθαι,
951 3476 1003 3507 καὶ
1033 3477 1124 3508 πάλιν
1141 3477 1336 3519 ἀφικομένοις

1391 3105 1481 3146 δεῦρο
1498 3106 1668 3147 ἀναγκαῖον
1690 3106 1768 3139 εἶναι
1783 3107 1838 3145 τὴν
1854 3107 1935 3139 κατὰ
1955 3107 2045 3148 φύσιν
2067 3107 2156 3147 δίκην
2172 3109 2294 3142 ἐκτῖσαι
2315 3109 2370 3148 τὴν
2385 3112 2442 3142 τοῦ

1390 3153 1560 3191 παθόντος,
1584 3153 1662 3195 ἅπερ
1681 3154 1773 3190 αὐτὸς
1786 3154 1912 3196 ἔδρασεν
1923 3179 1933 3196 ,
1947 3156 2001 3187 ὑπ’
2019 3156 2113 3188 ἄλλου
2127 3156 2255 3198 τοιαύτῃ
2278 3156 2373 3198 μοίρᾳ
2388 3167 2439 3189 τε·

1391 3201 1538 3239 λευτῆσαι
1557 3201 1610 3232 τὸν
1623 3200 1694 3232 τότε
1712 3200 1791 3242 βίον.

1434 3248 1466 3287 3)
1497 3250 1605 3288 Neque
1635 3248 1817 3280 mirandum
1831 3272 1840 3287 ,
1861 3249 1981 3290 δαίμων
2005 3252 2038 3282 et
2063 3251 2128 3288 θεὸς
2147 3251 2329 3292 promiscue
2347 3259 2441 3283 usur·

1394 3295 1472 3334 pari.
1491 3295 1617 3327 Etenim
1638 3295 1726 3336 quod
1745 3296 1789 3328 ait
1809 3297 1902 3336 poeta
1918 3296 2035 3337 Odyss.
2057 3308 2089 3338 κ,
2108 3307 2154 3330 vs.
2173 3301 2226 3339 64,
2247 3302 2316 3335 πῶς
2339 3298 2440 3340 ἦλθες,

1393 3340 1541 3380 Ὀδυσεῦς
1559 3341 1604 3378 τίς
1619 3352 1666 3374 τοι
1683 3342 1779 3380 κακὸς
1799 3343 1892 3384 ἔχραε
1908 3343 2047 3384 δαίμων;
2073 3344 2103 3375 id
2123 3346 2297 3386 exponitur
2325 3355 2373 3378 VS.
2399 3350 2440 3381 7³

1393 3391 1422 3419 el
1438 3391 1473 3421 74
1494 3401 1501 3420 :
1514 3388 1551 3421 οὗ
1564 3389 1622 3430 γάρ
1636 3400 1688 3430 μοι
1699 3390 1782 3431 θέμις
1796 3391 1860 3422 ἐστὶ
1875 3391 2038 3432 κομιζέμεν
2053 3392 2118 3424 οὐδ’
2136 3393 2333 3435 ἀποπέμπειν
2346 3394 2441 3436 ἄνδρα

1393 3437 1445 3467 τὸν
1466 3437 1498 3474 ὃς
1515 3447 1551 3469 κε
1571 3438 1684 3470 θεοῖσιν
1704 3437 1877 3479 ἀπέχθηται
1892 3438 2095 3481 μακάρεσσιν.
2120 3441 2170 3473 Cf.
2193 3441 2314 3482 odyss.
2330 3443 2371 3483 E,
2389 3450 2437 3475 vs.

1395 3485 1466 3515 395.
