2612 3814
710 290 764 329 ΙΝ
801 286 1136 328 EMPEDOCLIS
1164 286 1453 327 CARMINUM
1485 286 1790 334 RELIQUIAS.
2293 291 2340 326 61

172 381 309 435 δένδρα.
336 378 570 433 παραπλησία
603 377 670 430 γὰρ
705 379 775 417 τῶν
811 376 1027 429 σπερμάτων
1064 379 1087 424 ἡ
1122 374 1224 429 φύσις

169 446 241 486 τοῖς
259 441 353 485 ὢοῖς.
381 438 474 487 πλὴν
496 439 565 478 ἔδει
579 437 662 490 περὶ
681 437 823 476 πάντων
843 437 991 489 (intell.
1010 437 1127 490 φυτῶν
1143 437 1154 487 )
1176 437 1224 474 εἰ·

169 506 248 539 πεῖν
259 530 270 550 ,
284 498 344 539 καὶ
358 498 408 550 μὴ
426 497 529 548 μόνον
550 499 618 536 τῶν
634 495 801 550 δένδρων.
820 496 901 535 Pro
916 495 1036 539 ἐλαίας
1052 495 1224 544 Scaliger

169 559 270 598 male
296 557 466 609 conjecit
496 556 631 604 ἐλαίης.
660 555 917 608 Comparasse
947 554 1221 607 Empedoclem

169 617 352 656 arborum
389 615 527 655 baccas
561 629 648 654 cum
689 615 808 654 olivis
839 628 888 653 ex
923 614 1146 653 Aristotelis
1187 620 1224 650 et

168 675 428 727 Theophrasti
459 675 593 714 verbis
613 674 868 725 intelligitur,
894 673 1038 726 quibus
1055 672 1223 725 jungen-

167 734 240 773 dus
254 734 500 787 Philoponus
516 734 559 773 in
578 733 800 772 Aristotelis
814 733 843 773 l.
862 747 896 775 c.
916 734 971 771 ita
987 739 1223 771 commenta-

169 802 231 832 tus
252 807 262 834 ε
285 792 380 845 λέγει
401 792 436 832 δὲ
459 792 570 846 μικρὰ
588 792 733 846 δένδρεα
753 792 813 831 καὶ
834 791 954 836 ἐλαίας
973 791 1034 836 τὰς
1057 789 1213 843 πυρίνας,

167 845 218 891 ῶν
238 851 276 891 τὸ
295 851 528 905 περικάρπιον
544 851 719 903 ἐσθίομεν.
736 850 812 890 ἀντὶ
826 845 884 889 οὖν
904 855 964 890 τοῦ
980 852 1111 898 εἰπεῖν,
1131 848 1223 888 οὕτω

169 909 214 950 τὰ
233 910 377 965 δένδρεα
399 912 435 949 αἱ
455 912 573 950 ἐλαῖαι
590 912 755 963 γεννῶσιν
780 909 920 962 ἐλαίας,
939 903 988 949 ῶν
1002 912 1037 949 ἐν
1056 912 1100 963 τῇ
1120 912 1166 962 γῇ
1188 910 1223 947 αἱ

169 969 311 1023 πυρίναι
342 972 553 1023 σπαρεῖσαι,
584 973 724 1023 πρῶτον
759 969 821 1021 μὲν
849 969 1005 1019 γίνονται
1038 967 1072 1013 ἐξ
1109 969 1222 1007 αὐτῶν

169 1029 279 1083 μικρὰ
299 1031 425 1083 δένδρα
439 1060 450 1082 ,
473 1027 536 1068 εἶθ’
556 1029 664 1074 οὕτως
687 1031 818 1080 ἐλαῖαι,
838 1021 947 1078 εἶπεν,
968 1027 1060 1067 οὕτω
1076 1028 1107 1066 δ’
1120 1028 1225 1066 ὠοτο-

169 1094 238 1129 κεῖ.
261 1088 319 1128 διὰ
341 1087 411 1143 γὰρ
434 1088 473 1128 τὸ
493 1083 582 1127 εἶναι
599 1088 638 1127 τὸ
657 1089 747 1139 ὠὸν,
769 1090 807 1127 οὗ
826 1087 866 1127 τὸ
886 1087 1080 1139 ὑπηνέμιον
1095 1117 1106 1136 ,
1129 1086 1223 1126 ἀλλὰ

166 1147 207 1187 τὸ
232 1147 266 1194 ἐξ
283 1148 402 1202 ὀχείας
417 1148 569 1200 γεγονός,
584 1147 706 1199 κύημα
720 1178 732 1201 ,
749 1140 838 1186 εἶναι
852 1146 888 1186 δὲ
905 1147 964 1186 καὶ
982 1146 1135 1195 ἑκάστην
1154 1149 1222 1186 τῶν

166 1210 320 1260 πυρινῶν
341 1206 486 1258 κύημα,
511 1210 624 1260 τροπῇ
646 1207 873 1260 χρησάμενος
894 1210 942 1251 ὣς
962 1206 1134 1255 ποιητής,
1165 1206 1222 1245 εἴ-

168 1281 255 1319 ρηκε
279 1265 342 1310 τὰς
359 1266 479 1311 ἐλαίας
493 1296 503 1314 ,
527 1267 618 1305 αὐτά
635 1281 728 1319 φημι
751 1265 795 1304 τὰ
814 1266 882 1314 ἤδη
899 1273 1136 1320 καρποφορεῖν
1158 1267 1220 1304 δυ-

166 1323 303 1376 νάμενα
319 1325 462 1378 δένδρα,
479 1325 618 1378 ὄρνιθας
633 1324 866 1373 ὠοτοκούσας,
888 1324 1074 1370 τικτούσας
1089 1324 1126 1364 δὲ
1143 1324 1222 1377 οὐχὶ

163 1381 244 1430 ὠά,
267 1382 359 1421 ἀλλὰ
380 1382 513 1428 ἐλαίας.
530 1383 653 1438 δένδρα
673 1383 709 1421 δὲ
725 1384 835 1437 μικρὰ
850 1384 1013 1423 ἐκάλεσεν
1031 1384 1148 1432 αὗτοίς,
1170 1384 1222 1422 ὅτι

164 1441 312 1492 δυνάμει
333 1442 457 1496 δένδρα
479 1442 583 1483 εἰσίν.
613 1442 733 1496 ὥσπερ
753 1442 810 1493 δὲ,
829 1443 934 1497 φησὶν
958 1442 1003 1498 [ὃ
1020 1443 1222 1498 Ἀριστοτέ-

164 1499 276 1555 λης],
298 1500 403 1554 μέρος
424 1501 488 1553 μέν
508 1519 545 1541 τι
564 1506 624 1541 τοῦ
641 1503 712 1541 ὠοῦ
732 1502 866 1555 γίνεται
885 1502 1046 1554 νεοττός,
1067 1502 1170 1555 μέρος
1186 1501 1222 1540 δέ

165 1573 200 1598 τι
216 1560 526 1610 καταλιμπάνεται
556 1563 602 1606 εἷς
624 1560 758 1615 τροφὴν
783 1564 845 1600 τοῦ
873 1560 1143 1613 νεοττοῦ,οὕτω
1163 1560 1223 1599 καὶ

166 1617 227 1657 ἐπὶ
254 1621 323 1658 τῶν
344 1622 491 1672 καρπῶν
514 1619 618 1674 μέρος
638 1620 703 1672 μέν
723 1636 759 1660 τι
774 1620 908 1673 γίνεται
930 1621 1069 1674 βλάστη
1083 1652 1094 1674 ,
1120 1620 1222 1674 μέρος

165 1676 204 1716 δέ
223 1693 258 1716 τι
275 1678 386 1731 τροφὴ
408 1682 470 1727 τῆς
489 1680 647 1732 βλάστης
661 1710 672 1730 ,
690 1674 784 1731 ᾗτινι
809 1680 919 1736 τροφὴ
950 1681 1145 1733 ἐπιγίνεται
1162 1679 1222 1719 καὶ

163 1736 257 1784 ἄλλη
273 1738 354 1777 καθ’
374 1738 530 1787 ἑκάστην
550 1741 589 1778 ἐκ
605 1742 669 1787 τῆς
688 1743 771 1791 γῆς,
794 1739 855 1778 καὶ
875 1739 967 1779 οὕτω
988 1740 1080 1779 κατὰ
1107 1739 1222 1794 βραχὺ

167 1794 312 1839 αὔξεται
336 1800 358 1845 ἡ
392 1798 548 1850 βλάστη.
571 1798 663 1837 ὥστε
687 1799 747 1838 καὶ
767 1797 825 1837 διὰ
843 1803 945 1838 τοῦτο
972 1798 1049 1851 (εἴη
1077 1799 1144 1851 ἂν)
1165 1799 1222 1838 τὸν

166 1853 417 1906 Ἐμπεδοκλέα
433 1858 543 1895 εἰπεῖν
561 1856 622 1902 τὰς
638 1857 758 1903 ἐλαίας
774 1858 952 1898 ὠοτοκεῒν.
970 1858 1073 1910 Ergo
1092 1859 1223 1898 Philo-

165 1927 273 1966 pono
287 1917 501 1968 interprete
515 1916 677 1957 arbores
691 1918 901 1970 (proceras)
918 1919 1089 1971 appellat
1100 1919 1220 1967 oleas,

150 1987 262 2025 >quas
284 1989 372 2014 cum
396 1976 535 2015 avibus
559 1977 736 2029 oviparis
755 1978 975 2026 contendit,
997 1991 1136 2030 parere
1155 1992 1222 2017 au-

164 2041 239 2072 tem
264 2047 328 2074 eas
355 2049 430 2087 pro
454 2036 542 2075 ovis
573 2034 711 2076 baccas
736 2037 822 2076 sive
850 2038 977 2076 olivas
1011 2038 1220 2089 significat.

163 2093 245 2132 Cur
269 2108 364 2133 vero
387 2096 511 2133 oleam
546 2097 717 2147 primum
743 2098 878 2137 tulisse
908 2098 1057 2136 fructus
1077 2098 1223 2136 dixerit

164 2152 435 2205 Empedocles,
453 2155 615 2194 minime
635 2155 846 2195 obscurum
866 2165 937 2196 est.
960 2156 1117 2209 Quippe
1137 2159 1222 2196 olea

164 2213 294 2264 prima
322 2215 501 2253 omnium
529 2215 719 2254 arborum
750 2217 846 2255 olim
879 2216 1013 2255 habita
1033 2225 1104 2256 est.
1127 2217 1214 2257 Vid.

164 2271 319 2313 Colum.
339 2273 386 2322 V,
415 2275 454 2321 8,
488 2289 503 2312 1
528 2283 565 2312 et
591 2276 804 2326 scriptores
824 2275 1003 2315 laudatos
1032 2289 1053 2314 a
1075 2275 1217 2315 Niclas.

156 2331 211 2369 ad
229 2331 409 2384 Geopon.
427 2333 495 2381 IX,
521 2348 535 2371 ι
554 2347 646 2385 pag.
670 2334 759 2372 568.
779 2337 783 2340 ”

220 2390 283 2430 Vs.
309 2392 400 2440 287.
423 2391 560 2431 οὕνεκεν
580 2393 690 2445 κτλ.]
713 2393 946 2432 Plutarchus
969 2394 1150 2446 Sympos.
1170 2393 1216 2441 V,

163 2449 187 2486 8
208 2464 246 2500 p.
269 2451 363 2501 683,
382 2452 463 2490 vol.
486 2451 576 2490 VIII
597 2466 636 2504 p.
657 2467 727 2500 721
752 2466 812 2504 sq.
831 2452 894 2491 ed.
918 2453 1049 2493 Reisk.
1070 2467 1078 2491 :
1099 2451 1156 2492 διὰ
1185 2453 1220 2491 τί

162 2507 226 2555 τὴν
260 2509 394 2559 μηλέαν
423 2510 676 2564 ἀγλαόκαρπον
703 2514 722 2550 ὁ
740 2511 888 2560 ποιητὴς
911 2513 1053 2564 (Hom.
1078 2512 1216 2564 Odyss.

163 2566 235 2605 lib.
256 2568 344 2620 Vll,
367 2570 463 2618 1153
485 2570 560 2611 lib.
591 2570 660 2619 XI,
685 2571 792 2624 588)
824 2565 940 2619 εἶπεν,
971 2571 1219 2622 Ἐμπεδοκλῆς

165 2624 202 2665 δὲ
235 2626 429 2681 ὑπέρφλοια
467 2628 512 2668 τὰ
547 2632 644 2681 μῆλα
657 2644 732 2682 3....
769 2633 830 2669 τοῦ
867 2629 902 2668 δὲ
936 2630 1218 2681 Ἐμπεδοκλέους

162 2685 343 2738 εἰρηκότος
363 2705 378 2722 «
404 2687 544 2727 οὕνεκεν
576 2689 732 2743 ὀψίγονοί
752 2705 789 2728 τε
817 2689 911 2728 σίδαι
935 2689 995 2728 καὶ
1022 2689 1216 2743 ὑπέρφλοια

162 2745 263 2793 μῆλα
282 2762 296 2780 u
317 2745 356 2784 τὸ
379 2746 442 2796 μὲν
462 2750 532 2787 τῶν
560 2750 666 2788 σιδῶν
697 2748 852 2788 ἐπίθετον
873 2755 961 2788 νοεῖν
989 2748 1121 2802 ἔφαμεν
1134 2779 1144 2798 ,
1165 2748 1218 2787 ὅτι

159 2806 221 2841 τοῦ
239 2805 458 2860 φθινοπώρου
476 2807 643 2859 λήγοντος
670 2807 738 2856 ἤδη
755 2808 816 2847 καὶ
832 2811 901 2847 τῶν
922 2808 1115 2857 καυμάτων
1140 2824 1217 2859 μα-

162 2864 378 2915 ραινομένων
389 2896 399 2915 ,
414 2868 622 2907 ἐκπέττουσι
637 2868 695 2907 τὸν
710 2868 860 2922 καρπόν.
878 2870 1005 2915 ἇσθενῆ
1017 2868 1086 2921 γὰρ
1101 2870 1214 2907 αὐτῶν

159 2921 223 2971 τὴν
241 2924 418 2977 ὑγρότητα
432 2927 492 2966 καὶ
505 2928 679 2982 γλίσχραν
697 2923 803 2968 οὖσαν
818 2931 881 2968 οὐκ
898 2931 939 2983 ἐᾷ’
952 2929 1074 2967 λαὸεῖν
1093 2927 1215 2967 σύστα-

159 2996 215 3020 σιν
235 2985 252 3021 ὁ
267 2983 366 3032 ἥλιος
380 3017 391 3038 ,
405 2986 446 3025 ἂν
463 2986 512 3038 μὴ
535 2987 770 3040 μεταὸάλλειν
787 2991 805 3028 ὃ
823 2989 891 3041 ἀὴρ
910 2988 967 3028 ἐπὶ
983 2988 1022 3028 τὸ
1039 2986 1216 3042 ψυχρότε-

161 3055 219 3094 ρον
241 3042 410 3096 ἄρχηται.
433 3046 485 3085 διὸ
502 3047 562 3085 καὶ
583 3047 687 3098 μόνον
707 3047 807 3087 τοῦτό
827 3063 914 3101 φησι
932 3047 1159 3101 Θεόφραστος
1175 3046 1214 3085 τὸ

162 3099 298 3153 δένδρον
321 3105 357 3143 ἐν
376 3108 419 3157 τῇ
442 3112 525 3159 σκιᾷ·
551 3106 690 3159 βέλτιον
712 3106 894 3146 ἐκπέττειν
919 3106 977 3146 τὸν
998 3105 1135 3160 καρπὸν
1154 3106 1214 3145 καὶ

159 3158 301 3212 τάχιον·
337 3161 381 3201 τὰ
411 3163 447 3202 δὲ
485 3166 583 3215 μῆλα
615 3166 695 3205 καθ’
714 3166 838 3214 ἥντινα
872 3166 1026 3205 διάνοιαν
1057 3168 1075 3205 ὃ
1111 3165 1215 3218 σοφὸς

158 3220 409 3272 προσειρήκει,
433 3224 613 3278 διαπορεῖν
620 3254 710 3266 ......
732 3226 888 3269 εἰπόντος
911 3220 969 3264 oliv
991 3227 1080 3276 ἐμοῦ
1100 3228 1213 3262 ταῦτα

158 3281 407 3330 γραμματικοί
438 3299 531 3327 τινες
560 3283 714 3337 ἔφασαν,
746 3284 940 3338 ὑπέρφλοια
972 3283 1139 3336 λελέχθαι
1169 3282 1214 3321 τὰ

159 3337 260 3386 μῆλα
280 3339 338 3379 διὰ
358 3340 421 3389 τὴν
443 3342 580 3394 ἀκμήν·
601 3343 723 3397 τὸγὰρ
739 3344 828 3396 ἄγαν
850 3344 1017 3395 ἀκμάζειν
1036 3342 1096 3382 καὶ
1112 3346 1212 3390 τεθη-

160 3394 261 3435 λέναι
290 3399 422 3452 φλοίειν
456 3400 524 3439 ὑπὸ
559 3403 630 3442 τῶν
661 3405 817 3451 ποιητῶν
856 3403 1039 3455 λέγεσθαι,
1066 3401 1211 3442 καὶτὸν

161 3450 372 3510 Ἀντίμαχον
389 3458 480 3499 οὕτω
495 3476 571 3505 πως
603 3462 856 3514 φλοίουσαν
889 3461 1073 3515 ὀπώραις
1111 3462 1211 3514 εἰρη-

159 3510 258 3552 κέναι
291 3517 354 3564 τὴν
386 3521 452 3560 τῶν
495 3521 684 3572 Καδμείων
716 3521 816 3560 πόλιν
847 3521 954 3574 (vid.
988 3521 1208 3560 Antimach.

1286 389 1312 427 p
1339 388 1408 412 101
1432 373 1678 424 Schellenb.)
1702 372 1830 423 ὁμοίως
1847 371 1905 411 τὸν
1925 371 2075 425 Ἄρατον
2103 374 2160 412 ἐπὶ
2177 378 2235 412 τοῦ
2255 375 2345 414 Σει-

1286 433 1359 487 ρίου
1376 434 1525 486 λέγοντα
1547 434 1559 487 (
1581 433 1785 490 Phaenom.
1808 446 1866 471 vs.
1888 433 1964 471 335
1982 432 1992 484 )

1386 520 1395 536 x
1569 520 1600 535 ν)
1786 522 1808 531 ω
1874 519 1882 534 ι
1962 518 1971 532 t
2034 518 2049 532 ν
2125 535 2135 540 -
2194 519 2203 532 ι

1338 537 1400 561 και
1418 520 1462 560 τὰ
1480 519 1544 573 μὲν
1566 521 1717 575 ερρωσεν
1731 551 1741 570 ,
1762 535 1831 559 των
1850 520 1886 558 δε
1906 520 2008 572 φλοον
2026 520 2137 557 ωλεσε
2154 535 2286 572 παντα,

1283 609 1348 659 τὴν
1369 608 1582 663 χλωρότητα
1597 607 1659 647 καὶ
1677 607 1716 646 τὸ
1735 608 1836 652 ἄνθος
1850 609 1918 646 τῶν
1939 609 2087 660 καρπῶν
2109 607 2214 659 φλόον
2229 624 2340 660 προσ-

1285 667 1464 722 αγορεύειν
1476 684 1485 693 ·
1506 661 1594 706 εἶναι
1614 666 1649 706 δὲ
1667 666 1729 706 καὶ
1747 670 1817 706 τῶν
1835 665 2020 713 Ἑλλήνων
2049 665 2144 710 τινὰς
2160 665 2194 704 οἳ
2215 667 2340 720 Φλοίῳ

1284 727 1446 782 Διονύσῳ
1466 726 1624 768 θύουσιν.
1645 726 1723 765 ἐπεὶ
1743 726 1860 765 τοίνυν
1883 726 2043 777 μάλιστα
2061 726 2130 763 τῶν
2149 727 2293 777 καρπῶν
2321 730 2343 773 ἡ

1284 788 1469 842 χλωρότης
1499 789 1560 827 καὶ
1591 787 1630 827 τὸ
1669 788 1856 836 τεθηλέναι
1889 788 1940 839 τῷ
1978 785 2082 838 μήλῳ
2117 784 2341 838 παραμένει,

1285 847 1496 901 ὑπέρφλοιον
1521 847 1607 886 αὐτὸ
1629 847 1690 886 τὸν
1722 846 1911 901 φιλόσοφον
1945 848 2243 899 προσαγορεῦσαι.
2269 846 2345 896 Ap-

1286 917 1396 960 paret
1433 921 1484 947 ex
1510 907 1573 947 his
1608 907 1811 946 Plutarchi
1831 905 1966 944 verbis
1996 904 2272 956 Empedoclem
2296 918 2343 943 eo

1285 968 1372 1006 loco
1389 997 1398 1015 ,
1417 967 1522 1006 unde
1542 979 1680 1005 versus
1697 967 1841 1018 petitus
1862 974 1940 1014 est,
1963 965 2011 1003 de
2030 965 2140 1003 varia
2154 964 2342 1002 arborum

1285 1026 1529 1077 quarundam
1542 1034 1680 1064 natura
1690 1025 1940 1064 disseruisse.
1958 1022 2049 1071 Σίδη
2064 1023 2215 1075 duplici
2226 1036 2344 1062 sensu

1284 1085 1444 1133 dicitur,
1464 1094 1507 1123 ut
1527 1099 1606 1123 non
1635 1084 1751 1123 modo
1769 1087 1911 1134 punica
1930 1085 2053 1121 malus
2072 1085 2121 1120 sit
2139 1082 2344 1133 ipsamque

1283 1143 1465 1182 arborem
1484 1144 1683 1193 designet,
1704 1143 1772 1182 sed
1786 1143 1901 1180 etiam
1921 1145 2063 1180 malum
2080 1146 2275 1191 punicum,
2301 1142 2343 1179 id

1283 1210 1341 1240 est
1361 1202 1528 1241 fructum
1563 1202 1770 1252 significet.
1794 1200 1920 1251 Vulgo
1942 1200 2005 1253 ῥοά
2024 1201 2085 1239 vel
2109 1200 2187 1254 ῥοιά
2207 1200 2340 1238 eadem

1284 1269 1473 1312 potestate
1505 1261 1703 1299 dicuntur.
1741 1259 1876 1298 Serius
1913 1269 2040 1298 autem
2077 1267 2340 1299 maturescere

1284 1326 1346 1370 τὰς
1373 1327 1473 1371 σίδας
1495 1339 1617 1378 quum
1638 1325 1766 1364 allatis
1787 1325 2010 1363 rationibus
2033 1326 2169 1363 doceat
2188 1325 2343 1364 Plutar-

1284 1386 1393 1435 chus,
1408 1396 1489 1425 tum
1507 1386 1655 1438 optime
1667 1385 1918 1437 Empedoclei
1931 1384 2117 1423 vocabuli
2132 1384 2341 1439 ὑπέρφλοιον

1287 1445 1365 1484 vim
1397 1454 1435 1485 et
1455 1446 1656 1484 notionem
1677 1445 1970 1495 interpretatur.
1992 1443 2125 1494 Neque
2142 1444 2248 1482 enim
2275 1457 2343 1483 au-

1284 1504 1453 1545 diendus
1474 1506 1542 1556 qui
1562 1505 1710 1543 ibidem
1732 1513 1972 1543 memoratur
2002 1503 2206 1555 Lamprias
2236 1505 2342 1557 ὑπέρ-

1285 1566 1402 1614 φλοιος
1422 1579 1445 1604 a
1471 1563 1589 1618 φλοιός
1610 1573 1741 1602 cortex
1767 1563 1987 1602 ducendum
2022 1576 2106 1601 esse
2138 1563 2338 1615 opinatus.

1286 1624 1387 1675 Ergo
1408 1623 1620 1663 Plutarcho
1634 1624 1848 1674 interprete
1864 1622 1965 1660 mala
1984 1622 2130 1674 punica
2149 1621 2342 1675 ὑπέρφλοια

1284 1683 1350 1721 hic
1375 1691 1583 1729 vocantur,
1615 1682 1709 1733 quia
1728 1681 1878 1720 diutius
1908 1681 2085 1732 vigorem
2103 1690 2141 1719 et
2160 1681 2340 1720 viridita-

1285 1750 1363 1779 tem
1397 1743 1585 1787 retinent,
1622 1740 1686 1779 vel
1707 1739 1824 1778 etiam
1857 1740 1951 1790 quia
1984 1748 2140 1792 turgent
2160 1749 2198 1778 et
2228 1754 2342 1778 succo

1271 1799 1509 1852 abundant,
1539 1799 1733 1850 siquidem
1759 1807 1926 1849 utraque
1951 1807 2121 1850 potestas
2143 1799 2186 1837 in
2218 1798 2341 1837 verbo

1285 1858 1416 1912 φλοίειν
1436 1862 1550 1899 inest.
1575 1858 1769 1897 Caeterum
1798 1871 1872 1910 pro
1898 1858 2095 1910 ὑπέρφλοια
2125 1871 2213 1897 cum
2244 1857 2344 1896 Kar-

1285 1918 1412 1957 stenio
1443 1919 1558 1956 metri
1580 1930 1695 1956 causa
1716 1918 1832 1968 posui
1852 1915 2046 1970 ὗπέρφλοα.

1339 1977 1401 2017 Vs.
1432 1979 1526 2017 288.
1561 1971 1652 2021 οἶνος
1680 1975 1791 2028 κτλ.]
1825 1975 2059 2014 Plutarchus
2087 1975 2233 2022 Quaest.
2258 1976 2342 2016 Nat.

1283 2049 1373 2087 pag.
1397 2050 1475 2088 912
1499 2036 1593 2087 (vol.
1614 2035 1668 2074 IX
1682 2049 1722 2087 p.
1745 2035 1848 2086 613)
1868 2049 1877 2073 z
1904 2037 1923 2082 ἡ
1945 2033 1980 2072 δὲ
2001 2033 2105 2086 πέψις
2118 2033 2231 2073 ἔοικεν
2253 2028 2342 2073 εἶναι

1283 2098 1411 2149 σῆψις,
1433 2097 1480 2140 ὡς
1512 2094 1761 2146 Ἐμπεδοκλῆς
1793 2095 1969 2146 μαρτυρεῖ
1985 2093 2113 2145 λέγων·
2144 2087 2235 2137 οἶνος
2258 2096 2338 2134 κτλ.

1284 2153 1388 2192 Idem
1420 2167 1559 2193 versus
1591 2153 1782 2205 repetitur
1806 2151 1955 2190 ibidem
1981 2164 2021 2203 p.
2045 2164 2124 2201 919
2158 2152 2263 2203 (vol.
2287 2151 2339 2190 lx

1282 2227 1322 2263 p.
1340 2214 1417 2251 638
1435 2213 1483 2251 ed
1506 2211 1635 2252 Reisk.
1654 2213 1679 2263 ).
1699 2211 1925 2250 Aristoteles
1942 2209 2083 2261 Topic.
2104 2209 2169 2258 IV,
2193 2210 2214 2248 5
2242 2220 2339 2249 extr.

1283 2285 1323 2323 p.
1351 2286 1441 2321 127.
1465 2284 1501 2311 a.
1525 2271 1587 2310 ed.
1614 2270 1778 2308 Bekker.
1810 2268 2068 2320 posteriorem
2089 2281 2225 2307 versus
2254 2283 2343 2319 par-

1283 2339 1358 2369 tem
1380 2332 1423 2370 in
1455 2331 1560 2369 hunc
1588 2330 1749 2368 modum
1771 2329 1865 2367 citat
1888 2342 1897 2366 ε
1924 2328 2053 2379 ὁμοίως
2072 2329 2101 2366 δ’
2121 2328 2194 2366 οὐδ’
2214 2331 2230 2366 ὃ
2252 2323 2341 2374 οἶνός

1283 2391 1377 2428 ἐστιν
1412 2389 1504 2443 ὕδωρ
1543 2388 1721 2439 σεσηπός,
1753 2387 1913 2439 καθάπερ
1959 2387 2207 2437 Ἐμπεδοκλῆς
2253 2382 2339 2441 φησι

1281 2449 1394 2488 σαπὲν
1422 2451 1456 2488 ἐν
1495 2449 1586 2503 ξύλῳ
1613 2449 1725 2501 ὕδωρ·
1761 2448 1882 2491 ἁπλῶς
1905 2446 1973 2500 γὰρ
2002 2448 2066 2486 οὐκ
2097 2446 2193 2487 ἔστιν
2232 2447 2338 2502 ὕδωρ,

1282 2509 1331 2547 ad
1358 2522 1472 2561 quem
1502 2510 1633 2548 locum
1665 2508 1887 2547 Alexander
1908 2507 2228 2559 Aphrodisiensis
2258 2508 2339 2547 haec

1281 2577 1389 2607 notat
1409 2583 1497 2621 pag.
1525 2583 1598 2620 179
1621 2583 1629 2607 :
1656 2569 1835 2620 ἀναιροῖτο
1863 2567 1895 2606 δ’
1915 2567 1956 2605 ἂν
1977 2566 2037 2605 καὶ
2056 2566 2096 2606 τὸ
2113 2566 2179 2606 ὑπὸ
2199 2566 2338 2619 Ἐμπε-

1281 2630 1443 2674 δοκλέους
1457 2628 1539 2682 περὶ
1555 2634 1616 2669 τοῦ
1628 2628 1720 2668 οἴνου
1735 2627 1941 2682 λεγόμενον,
1959 2625 2013 2665 ὅτι
2028 2619 2117 2670 οἶνός
2131 2627 2206 2664 ἐστι
2225 2626 2335 2664 σαπὲν

1282 2690 1316 2726 ἐν
1332 2687 1424 2742 ξύλῳ
1441 2688 1553 2740 ὕδωρ·
1569 2689 1607 2727 οὐ
1622 2687 1690 2741 γάρ
1708 2689 1802 2727 ἐστιν
1827 2689 1846 2726 ὃ
1866 2681 1955 2730 οἶνος
1972 2685 2078 2738 ὕδωρ,
2092 2687 2126 2723 ἐν
2145 2679 2173 2738 ᾧ
2189 2686 2235 2729 ὡς
2246 2686 2337 2736 γένει

1279 2746 1399 2795 ἔθηκεν
1421 2747 1525 2787 αὐτὸν
1545 2749 1562 2786 ὁ
1580 2746 1688 2791 οὕτως
1710 2745 1906 2790 ἀποδιδούς.
1924 2745 2011 2784 Non
2032 2753 2136 2783 recte
2162 2744 2336 2795 Scaliger

1277 2819 1351 2857 pro
1371 2800 1458 2849 οἶνος
1479 2806 1582 2858 apud
1599 2806 1729 2857 Steph.
1752 2807 1863 2844 Poes.
1883 2805 1982 2856 phil.
2005 2818 2048 2855 p.
2067 2804 2143 2842 216
2165 2796 2234 2842 οἷον
2258 2804 2333 2854 legi

1277 2866 1422 2904 voluit.
1439 2866 1639 2904 Plutarchi
1651 2866 1806 2904 codices
1823 2865 1943 2915 vulgo
1956 2863 2101 2902 habent
2115 2862 2184 2901 ἀπὸ
2199 2864 2332 2917 φλοιοῦ,

1277 2926 1384 2977 quod
1395 2925 1623 2965 Karstenius
1637 2926 1679 2964 in
1691 2927 1882 2979 ἀποφλοῖον
1898 2923 2174 2963 convertithoc
2188 2935 2304 2961 sensu
2322 2938 2328 2960 :

1282 3003 1299 3019 α
1320 2986 1457 3024 vinum
1480 2994 1538 3024 est
1556 2995 1775 3023 exaestuans
1796 2984 1938 3023 humor
1956 2985 1998 3021 in
2019 2982 2113 3021 vitis
2133 2982 2241 3032 ligno
2258 2995 2330 3033 pu-

1276 3045 1474 3085 trefactus.
1498 3061 1515 3079 υ
1538 3044 1693 3083 Rectius
1712 3043 1944 3082 Meziriacus
1963 3041 2033 3080 ὑπὸ
2053 3041 2163 3094 φλοιῷ
2175 3042 2244 3078 sub
2258 3054 2332 3078 cor-

1275 3108 1344 3142 tice
1374 3103 1424 3142 ab
1457 3103 1691 3156 Empedocle
1723 3111 1922 3141 exaratum
1953 3114 2037 3140 esse
2059 3098 2242 3151 conjecit.
2282 3099 2333 3137 At

1275 3163 1349 3201 hoc
1365 3164 1494 3215 ipsum
1512 3163 1595 3214 jam
1612 3161 1813 3213 Xylander
1833 3169 1899 3200 aut
1915 3161 1957 3199 in
1977 3158 2216 3198 membranis
2240 3171 2333 3197 scri-

1274 3230 1383 3273 ptum
1404 3222 1603 3274 repperit,
1633 3229 1699 3259 aut
1723 3233 1745 3258 a
1763 3228 1881 3272 poeta
1904 3220 2077 3271 positum
2105 3230 2188 3256 esse
2205 3218 2330 3268 suspi-

1275 3289 1382 3320 catus
1402 3289 1472 3319 est.
1497 3280 1674 3332 Utroque
1692 3280 1795 3318 enim
1830 3278 1919 3317 loco
1941 3290 2096 3316 versum
2127 3277 2184 3314 sic
2203 3276 2331 3326 expri-

1275 3340 1346 3378 mit
1370 3354 1378 3377 :
1406 3358 1422 3375 a
1458 3340 1504 3378 In
1527 3340 1637 3390 ligno
1656 3338 1874 3390 putrefacta
1893 3350 1992 3388 aqua
2021 3337 2064 3374 fit
2084 3334 2157 3374 sub
2185 3333 2329 3372 cortice

1274 3399 1426 3439 vinum.
1461 3417 1478 3434 »
1499 3400 1629 3445 Quum
1651 3407 1778 3437 autem
1801 3397 2004 3436 concoctio
2030 3393 2256 3446 Empedocli
2278 3402 2330 3430 ta-

1272 3456 1342 3495 bes
1363 3457 1556 3503 videatur‚
1585 3465 1628 3495 ut
1650 3470 1672 3495 e
1691 3455 1893 3494 Plutarchi
1917 3454 2048 3494 verbis
2065 3461 2188 3504 patet,
2219 3465 2329 3502 aquae

1274 3517 1376 3555 vivae
1399 3526 1592 3562 mustum,
1622 3517 1849 3568 putrefactae
1870 3515 2006 3553 vinum
2033 3521 2144 3551 vetus
2175 3523 2332 3561 compa-
