<?xml version="1.0" encoding="UTF-8"?>
<!DOCTYPE html PUBLIC "-//W3C//DTD XHTML 1.0 Transitional//EN"
    "http://www.w3.org/TR/xhtml1/DTD/xhtml1-transitional.dtd">
<html xmlns="http://www.w3.org/1999/xhtml" xml:lang="en" lang="en">
 <head>
  <title>
</title>
<meta http-equiv="Content-Type" content="text/html;charset=utf-8" />
  <meta name='ocr-system' content='tesseract 3.04.00' />
  <meta name='ocr-capabilities' content='ocr_page ocr_carea ocr_par ocr_line ocrx_word'/>
</head>
<body>
  <div class='ocr_page' id='page_1' title='image "./fragmentaphiloso01mulluoft_0284.png"; bbox 0 0 2612 3814; ppageno 0'>
   <div class='ocr_carea' id='block_1_1' title="bbox 317 226 1622 278">
    <p class='ocr_par' dir='ltr' id='par_1_1' title="bbox 317 226 1622 278">
     <span class='ocr_line' id='line_1_1' title="bbox 317 226 1622 278; baseline -0.009 0"><span class='ocrx_word' id='word_1_1' title='bbox 317 245 394 278; x_wconf 64' lang='grc'><strong>244</strong></span> <span class='ocrx_word' id='word_1_2' title='bbox 1184 229 1252 268; x_wconf 84' lang='lat' dir='ltr'><strong>DE</strong></span> <span class='ocrx_word' id='word_1_3' title='bbox 1282 226 1622 267; x_wconf 77' lang='lat' dir='ltr'><strong>ANAXAGORA.</strong></span> 
     </span>
    </p>
   </div>
   <div class='ocr_carea' id='block_1_2' title="bbox 306 317 1370 1732">
    <p class='ocr_par' dir='ltr' id='par_1_2' title="bbox 306 317 1370 1614">
     <span class='ocr_line' id='line_1_2' title="bbox 306 317 1357 372; baseline -0.01 -6"><span class='ocrx_word' id='word_1_4' title='bbox 306 327 429 367; x_wconf 74' lang='lat' dir='ltr'><strong>tentiae</strong></span> <span class='ocrx_word' id='word_1_5' title='bbox 466 322 689 364; x_wconf 78' lang='lat' dir='ltr'>inviderent</span> <span class='ocrx_word' id='word_1_6' title='bbox 716 334 880 372; x_wconf 87' lang='lat' dir='ltr'><strong>eamque</strong></span> <span class='ocrx_word' id='word_1_7' title='bbox 912 333 1072 372; x_wconf 90' lang='lat' dir='ltr'><strong>quoquo</strong></span> <span class='ocrx_word' id='word_1_8' title='bbox 1107 319 1221 357; x_wconf 90' lang='lat' dir='ltr'><strong>modo</strong></span> <span class='ocrx_word' id='word_1_9' title='bbox 1251 317 1357 358; x_wconf 84' lang='lat' dir='ltr'><strong>labe-</strong></span> 
     </span>
     <span class='ocr_line' id='line_1_3' title="bbox 307 377 1359 435; baseline -0.01 -11"><span class='ocrx_word' id='word_1_10' title='bbox 307 387 445 424; x_wconf 84' lang='lat' dir='ltr'><strong>factare</strong></span> <span class='ocrx_word' id='word_1_11' title='bbox 468 383 669 435; x_wconf 85' lang='lat' dir='ltr'><strong>cupientes</strong></span> <span class='ocrx_word' id='word_1_12' title='bbox 695 381 824 420; x_wconf 87' lang='lat' dir='ltr'><strong>virum</strong></span> <span class='ocrx_word' id='word_1_13' title='bbox 849 382 948 418; x_wconf 89' lang='lat' dir='ltr'><strong>bene</strong></span> <span class='ocrx_word' id='word_1_14' title='bbox 971 379 1018 417; x_wconf 91' lang='lat' dir='ltr'><strong>de</strong></span> <span class='ocrx_word' id='word_1_15' title='bbox 1038 378 1164 430; x_wconf 89' lang='lat' dir='ltr'><strong>patria</strong></span> <span class='ocrx_word' id='word_1_16' title='bbox 1182 377 1359 415; x_wconf 89' lang='lat' dir='ltr'><strong>meritum</strong></span> 
     </span>
     <span class='ocr_line' id='line_1_4' title="bbox 308 435 1360 496; baseline -0.011 -13"><span class='ocrx_word' id='word_1_17' title='bbox 308 443 516 496; x_wconf 88' lang='lat' dir='ltr'><strong>impietatis</strong></span> <span class='ocrx_word' id='word_1_18' title='bbox 537 449 781 488; x_wconf 72' lang='lat' dir='ltr'>accusarent,</span> <span class='ocrx_word' id='word_1_19' title='bbox 807 438 912 492; x_wconf 86' lang='lat' dir='ltr'><strong>quod</strong></span> <span class='ocrx_word' id='word_1_20' title='bbox 943 438 1108 488; x_wconf 86' lang='lat' dir='ltr'><strong>patriam</strong></span> <span class='ocrx_word' id='word_1_21' title='bbox 1132 435 1360 486; x_wconf 82' lang='lat' dir='ltr'><strong>religionem</strong></span> 
     </span>
     <span class='ocr_line' id='line_1_5' title="bbox 309 494 1362 555; baseline -0.012 -12"><span class='ocrx_word' id='word_1_22' title='bbox 309 514 345 543; x_wconf 90' lang='lat' dir='ltr'><strong>ct</strong></span> <span class='ocrx_word' id='word_1_23' title='bbox 364 503 558 555; x_wconf 84' lang='lat' dir='ltr'><strong>majorum</strong></span> <span class='ocrx_word' id='word_1_24' title='bbox 580 514 687 540; x_wconf 87' lang='lat' dir='ltr'><strong>sacra</strong></span> <span class='ocrx_word' id='word_1_25' title='bbox 714 506 998 546; x_wconf 89' lang='lat' dir='ltr'><strong>contemneret,</strong></span> <span class='ocrx_word' id='word_1_26' title='bbox 1019 510 1106 535; x_wconf 91' lang='lat' dir='ltr'><strong>cum</strong></span> <span class='ocrx_word' id='word_1_27' title='bbox 1138 496 1265 546; x_wconf 89' lang='lat' dir='ltr'><strong>iisque</strong></span> <span class='ocrx_word' id='word_1_28' title='bbox 1293 494 1362 531; x_wconf 88' lang='lat' dir='ltr'><strong>ho-</strong></span> 
     </span>
     <span class='ocr_line' id='line_1_6' title="bbox 311 554 1365 609; baseline -0.01 -7"><span class='ocrx_word' id='word_1_29' title='bbox 311 562 485 601; x_wconf 87' lang='lat' dir='ltr'><strong>minibus</strong></span> <span class='ocrx_word' id='word_1_30' title='bbox 507 561 781 600; x_wconf 81' lang='lat' dir='ltr'>commercium</span> <span class='ocrx_word' id='word_1_31' title='bbox 796 558 955 597; x_wconf 78' lang='lat' dir='ltr'><strong>liaberet</strong></span> <span class='ocrx_word' id='word_1_32' title='bbox 971 557 1039 609; x_wconf 90' lang='lat' dir='ltr'><strong>qui</strong></span> <span class='ocrx_word' id='word_1_33' title='bbox 1057 568 1178 595; x_wconf 84' lang='lat' dir='ltr'><strong>novos</strong></span> <span class='ocrx_word' id='word_1_34' title='bbox 1197 554 1290 593; x_wconf 92' lang='lat' dir='ltr'><strong>deos</strong></span> <span class='ocrx_word' id='word_1_35' title='bbox 1308 554 1365 591; x_wconf 92' lang='lat' dir='ltr'><strong>in-</strong></span> 
     </span>
     <span class='ocr_line' id='line_1_7' title="bbox 311 615 1363 668; baseline -0.01 -8"><span class='ocrx_word' id='word_1_36' title='bbox 311 622 518 668; x_wconf 82' lang='lat' dir='ltr'><strong>ducerent,</strong></span> <span class='ocrx_word' id='word_1_37' title='bbox 542 619 744 657; x_wconf 81' lang='lat' dir='ltr'><strong>manifesto</strong></span> <span class='ocrx_word' id='word_1_38' title='bbox 761 618 836 656; x_wconf 90' lang='lat' dir='ltr'><strong>hoc</strong></span> <span class='ocrx_word' id='word_1_39' title='bbox 856 617 1002 655; x_wconf 78' lang='lat' dir='ltr'>crimen</span> <span class='ocrx_word' id='word_1_40' title='bbox 1023 615 1071 653; x_wconf 91' lang='lat' dir='ltr'><strong>ad</strong></span> <span class='ocrx_word' id='word_1_41' title='bbox 1094 615 1363 662; x_wconf 80' lang='lat' dir='ltr'>Anaxagoram</span> 
     </span>
     <span class='ocr_line' id='line_1_8' title="bbox 312 671 1364 728; baseline -0.011 -8"><span class='ocrx_word' id='word_1_42' title='bbox 312 694 440 720; x_wconf 83' lang='lat' dir='ltr'><strong>rerum</strong></span> <span class='ocrx_word' id='word_1_43' title='bbox 475 688 621 718; x_wconf 84' lang='lat' dir='ltr'><strong>naturae</strong></span> <span class='ocrx_word' id='word_1_44' title='bbox 662 678 910 728; x_wconf 79' lang='lat' dir='ltr'><strong>interpretem</strong></span> <span class='ocrx_word' id='word_1_45' title='bbox 958 673 1193 726; x_wconf 84' lang='lat' dir='ltr'><strong>pertinebat.</strong></span> <span class='ocrx_word' id='word_1_46' title='bbox 1232 671 1364 722; x_wconf 86' lang='lat' dir='ltr'><strong>Neque</strong></span> 
     </span>
     <span class='ocr_line' id='line_1_9' title="bbox 313 733 1366 789; baseline -0.01 -11"><span class='ocrx_word' id='word_1_47' title='bbox 313 740 415 779; x_wconf 89' lang='lat' dir='ltr'><strong>enim</strong></span> <span class='ocrx_word' id='word_1_48' title='bbox 446 739 649 789; x_wconf 87' lang='lat' dir='ltr'><strong>ignoscere</strong></span> <span class='ocrx_word' id='word_1_49' title='bbox 671 735 827 774; x_wconf 80' lang='lat' dir='ltr'><strong>volebat</strong></span> <span class='ocrx_word' id='word_1_50' title='bbox 852 734 1051 772; x_wconf 86' lang='lat' dir='ltr'><strong>hominum</strong></span> <span class='ocrx_word' id='word_1_51' title='bbox 1083 733 1246 771; x_wconf 91' lang='lat' dir='ltr'><strong>istorum</strong></span> <span class='ocrx_word' id='word_1_52' title='bbox 1275 743 1366 782; x_wconf 89' lang='lat' dir='ltr'><strong>pra-</strong></span> 
     </span>
     <span class='ocr_line' id='line_1_10' title="bbox 313 791 1364 846; baseline -0.009 -11"><span class='ocrx_word' id='word_1_53' title='bbox 313 800 413 842; x_wconf 77' lang='lat' dir='ltr'><strong>vitas</strong></span> <span class='ocrx_word' id='word_1_54' title='bbox 426 798 665 846; x_wconf 62' lang='lat' dir='ltr'><strong>Anaxagora?</strong></span> <span class='ocrx_word' id='word_1_55' title='bbox 677 795 857 834; x_wconf 79' lang='lat' dir='ltr'><strong>statuenti</strong></span> <span class='ocrx_word' id='word_1_56' title='bbox 873 794 924 844; x_wconf 88' lang='lat'><strong>(8)</strong></span> <span class='ocrx_word' id='word_1_57' title='bbox 939 802 975 831; x_wconf 93' lang='lat' dir='ltr'><strong>et</strong></span> <span class='ocrx_word' id='word_1_58' title='bbox 989 792 1107 831; x_wconf 88' lang='lat' dir='ltr'><strong>solem</strong></span> <span class='ocrx_word' id='word_1_59' title='bbox 1117 804 1199 830; x_wconf 91' lang='lat' dir='ltr'><strong>esse</strong></span> <span class='ocrx_word' id='word_1_60' title='bbox 1214 791 1364 841; x_wconf 84' lang='lat' dir='ltr'><strong>igneam</strong></span> 
     </span>
     <span class='ocr_line' id='line_1_11' title="bbox 315 854 1367 902; baseline -0.008 -7"><span class='ocrx_word' id='word_1_61' title='bbox 315 858 408 895; x_wconf 83' lang='lat' dir='ltr'><strong>scrri</strong></span> <span class='ocrx_word' id='word_1_62' title='bbox 447 869 608 895; x_wconf 84' lang='lat' dir='ltr'><strong>massam</strong></span> <span class='ocrx_word' id='word_1_63' title='bbox 639 863 676 892; x_wconf 92' lang='lat' dir='ltr'><strong>et</strong></span> <span class='ocrx_word' id='word_1_64' title='bbox 706 854 805 892; x_wconf 88' lang='lat' dir='ltr'><strong>hanc</strong></span> <span class='ocrx_word' id='word_1_65' title='bbox 831 866 960 891; x_wconf 90' lang='lat' dir='ltr'><strong>rerum</strong></span> <span class='ocrx_word' id='word_1_66' title='bbox 992 863 1214 902; x_wconf 83' lang='lat' dir='ltr'><strong>compagem</strong></span> <span class='ocrx_word' id='word_1_67' title='bbox 1253 857 1367 900; x_wconf 89' lang='lat' dir='ltr'><strong>atque</strong></span> 
     </span>
     <span class='ocr_line' id='line_1_12' title="bbox 313 908 1364 962; baseline -0.009 -8"><span class='ocrx_word' id='word_1_68' title='bbox 313 916 603 954; x_wconf 83' lang='lat' dir='ltr'><strong>universitatem</strong></span> <span class='ocrx_word' id='word_1_69' title='bbox 636 913 729 951; x_wconf 88' lang='lat' dir='ltr'><strong>olim</strong></span> <span class='ocrx_word' id='word_1_70' title='bbox 765 925 884 950; x_wconf 90' lang='lat' dir='ltr'><strong>unum</strong></span> <span class='ocrx_word' id='word_1_71' title='bbox 917 911 958 949; x_wconf 93' lang='lat' dir='ltr'><strong>in</strong></span> <span class='ocrx_word' id='word_1_72' title='bbox 992 923 1134 962; x_wconf 86' lang='lat' dir='ltr'><strong>corpus</strong></span> <span class='ocrx_word' id='word_1_73' title='bbox 1167 908 1364 947; x_wconf 82' lang='lat' dir='ltr'><strong>confusam</strong></span> 
     </span>
     <span class='ocr_line' id='line_1_13' title="bbox 316 967 1365 1022; baseline -0.01 -8"><span class='ocrx_word' id='word_1_74' title='bbox 316 975 435 1013; x_wconf 84' lang='lat' dir='ltr'><strong>fuisse</strong></span> <span class='ocrx_word' id='word_1_75' title='bbox 465 987 534 1012; x_wconf 87' lang='lat' dir='ltr'><strong>nec</strong></span> <span class='ocrx_word' id='word_1_76' title='bbox 565 973 640 1010; x_wconf 92' lang='lat' dir='ltr'><strong>nisi</strong></span> <span class='ocrx_word' id='word_1_77' title='bbox 674 980 800 1009; x_wconf 89' lang='lat' dir='ltr'><strong>mente</strong></span> <span class='ocrx_word' id='word_1_78' title='bbox 832 969 1034 1022; x_wconf 82' lang='lat' dir='ltr'><strong>paullatim</strong></span> <span class='ocrx_word' id='word_1_79' title='bbox 1071 968 1288 1006; x_wconf 79' lang='lat' dir='ltr'><strong>ordinatam</strong></span> <span class='ocrx_word' id='word_1_80' title='bbox 1319 967 1365 1005; x_wconf 88' lang='lat' dir='ltr'><strong>ad</strong></span> 
     </span>
     <span class='ocr_line' id='line_1_14' title="bbox 315 1027 1367 1084; baseline -0.009 -13"><span class='ocrx_word' id='word_1_81' title='bbox 315 1046 397 1072; x_wconf 88' lang='lat' dir='ltr'><strong>eam</strong></span> <span class='ocrx_word' id='word_1_82' title='bbox 433 1046 547 1084; x_wconf 88' lang='lat' dir='ltr'><strong>quam</strong></span> <span class='ocrx_word' id='word_1_83' title='bbox 585 1031 822 1069; x_wconf 88' lang='lat' dir='ltr'><strong>admiramur</strong></span> <span class='ocrx_word' id='word_1_84' title='bbox 855 1027 1187 1080; x_wconf 86' lang='lat' dir='ltr'><strong>pulchritudinem</strong></span> <span class='ocrx_word' id='word_1_85' title='bbox 1228 1039 1367 1077; x_wconf 81' lang='lat' dir='ltr'><strong>perve-</strong></span> 
     </span>
     <span class='ocr_line' id='line_1_15' title="bbox 314 1086 1366 1143; baseline -0.008 -13"><span class='ocrx_word' id='word_1_86' title='bbox 314 1094 430 1132; x_wconf 84' lang='lat' dir='ltr'><strong>nisse.</strong></span> <span class='ocrx_word' id='word_1_87' title='bbox 460 1091 706 1143; x_wconf 87' lang='lat' dir='ltr'><strong>Quapropter</strong></span> <span class='ocrx_word' id='word_1_88' title='bbox 736 1088 969 1139; x_wconf 89' lang='lat' dir='ltr'><strong>simulatque</strong></span> <span class='ocrx_word' id='word_1_89' title='bbox 999 1086 1171 1125; x_wconf 86' lang='lat' dir='ltr'><strong>Pericles</strong></span> <span class='ocrx_word' id='word_1_90' title='bbox 1204 1099 1245 1123; x_wconf 84' lang='lat' dir='ltr'><strong>se</strong></span> <span class='ocrx_word' id='word_1_91' title='bbox 1279 1099 1366 1123; x_wconf 92' lang='lat' dir='ltr'><strong>cum</strong></span> 
     </span>
     <span class='ocr_line' id='line_1_16' title="bbox 315 1145 1368 1200; baseline -0.007 -12"><span class='ocrx_word' id='word_1_92' title='bbox 315 1153 544 1200; x_wconf 75' lang='lat' dir='ltr'><strong>Anaxagora</strong></span> <span class='ocrx_word' id='word_1_93' title='bbox 559 1149 599 1187; x_wconf 92' lang='lat' dir='ltr'><strong>in</strong></span> <span class='ocrx_word' id='word_1_94' title='bbox 617 1148 790 1199; x_wconf 86' lang='lat' dir='ltr'><strong>periculo</strong></span> <span class='ocrx_word' id='word_1_95' title='bbox 807 1146 956 1185; x_wconf 87' lang='lat' dir='ltr'><strong>versari</strong></span> <span class='ocrx_word' id='word_1_96' title='bbox 976 1145 1266 1193; x_wconf 90' lang='lat' dir='ltr'><strong>animadvertit,</strong></span> <span class='ocrx_word' id='word_1_97' title='bbox 1283 1145 1368 1196; x_wconf 86' lang='lat' dir='ltr'><strong>ipse</strong></span> 
     </span>
     <span class='ocr_line' id='line_1_17' title="bbox 315 1205 1368 1261; baseline -0.007 -14"><span class='ocrx_word' id='word_1_98' title='bbox 315 1209 470 1261; x_wconf 90' lang='lat' dir='ltr'><strong>quidem</strong></span> <span class='ocrx_word' id='word_1_99' title='bbox 501 1208 752 1246; x_wconf 90' lang='lat' dir='ltr'><strong>inimicorum</strong></span> <span class='ocrx_word' id='word_1_100' title='bbox 783 1206 947 1244; x_wconf 86' lang='lat' dir='ltr'><strong>insidias</strong></span> <span class='ocrx_word' id='word_1_101' title='bbox 978 1205 1135 1255; x_wconf 80' lang='lat' dir='ltr'><strong>effugit,</strong></span> <span class='ocrx_word' id='word_1_102' title='bbox 1159 1206 1368 1253; x_wconf 88' lang='lat' dir='ltr'><strong>Anaxago-</strong></span> 
     </span>
     <span class='ocr_line' id='line_1_18' title="bbox 316 1264 1367 1317; baseline -0.007 -10"><span class='ocrx_word' id='word_1_103' title='bbox 316 1282 396 1307; x_wconf 86' lang='lat' dir='ltr'><strong>ram</strong></span> <span class='ocrx_word' id='word_1_104' title='bbox 429 1281 523 1306; x_wconf 76' lang='grc' dir='ltr'>νει-ο</span> <span class='ocrx_word' id='word_1_105' title='bbox 543 1267 597 1305; x_wconf 88' lang='lat' dir='ltr'><strong>ita</strong></span> <span class='ocrx_word' id='word_1_106' title='bbox 618 1275 765 1304; x_wconf 89' lang='lat' dir='ltr'><strong>tantum</strong></span> <span class='ocrx_word' id='word_1_107' title='bbox 788 1266 924 1317; x_wconf 89' lang='lat' dir='ltr'><strong>capitis</strong></span> <span class='ocrx_word' id='word_1_108' title='bbox 945 1265 1173 1303; x_wconf 89' lang='lat' dir='ltr'><strong>discrimine</strong></span> <span class='ocrx_word' id='word_1_109' title='bbox 1193 1277 1241 1302; x_wconf 92' lang='lat' dir='ltr'><strong>ex</strong></span> <span class='ocrx_word' id='word_1_110' title='bbox 1261 1264 1367 1301; x_wconf 84' lang='lat' dir='ltr'><strong>iratae</strong></span> 
     </span>
     <span class='ocr_line' id='line_1_19' title="bbox 315 1322 1368 1380; baseline -0.005 -15"><span class='ocrx_word' id='word_1_111' title='bbox 315 1326 442 1380; x_wconf 85' lang='lat' dir='ltr'><strong>plebis</strong></span> <span class='ocrx_word' id='word_1_112' title='bbox 453 1326 603 1365; x_wconf 90' lang='lat' dir='ltr'><strong>invidia</strong></span> <span class='ocrx_word' id='word_1_113' title='bbox 616 1334 703 1364; x_wconf 88' lang='lat' dir='ltr'><strong>orto</strong></span> <span class='ocrx_word' id='word_1_114' title='bbox 715 1324 914 1373; x_wconf 86' lang='lat' dir='ltr'><strong>liberavit,</strong></span> <span class='ocrx_word' id='word_1_115' title='bbox 924 1333 966 1363; x_wconf 91' lang='lat' dir='ltr'><strong>ut</strong></span> <span class='ocrx_word' id='word_1_116' title='bbox 976 1324 1062 1375; x_wconf 77' lang='lat' dir='ltr'><strong>ejus</strong></span> <span class='ocrx_word' id='word_1_117' title='bbox 1073 1322 1368 1362; x_wconf 90' lang='lat' dir='ltr'><strong>consuetudinis</strong></span> 
     </span>
     <span class='ocr_line' id='line_1_20' title="bbox 317 1384 1370 1436; baseline -0.005 -11"><span class='ocrx_word' id='word_1_118' title='bbox 317 1387 506 1425; x_wconf 90' lang='lat' dir='ltr'><strong>suavitate</strong></span> <span class='ocrx_word' id='word_1_119' title='bbox 526 1387 567 1424; x_wconf 89' lang='lat' dir='ltr'><strong>in</strong></span> <span class='ocrx_word' id='word_1_120' title='bbox 588 1398 665 1436; x_wconf 91' lang='lat' dir='ltr'><strong>qua</strong></span> <span class='ocrx_word' id='word_1_121' title='bbox 682 1398 750 1435; x_wconf 89' lang='lat' dir='ltr'><strong>per</strong></span> <span class='ocrx_word' id='word_1_122' title='bbox 770 1385 911 1423; x_wconf 89' lang='lat' dir='ltr'><strong>multos</strong></span> <span class='ocrx_word' id='word_1_123' title='bbox 926 1384 1173 1435; x_wconf 80' lang='lat' dir='ltr'><strong>acquieverat</strong></span> <span class='ocrx_word' id='word_1_124' title='bbox 1188 1396 1309 1421; x_wconf 86' lang='lat' dir='ltr'><strong>annos</strong></span> <span class='ocrx_word' id='word_1_125' title='bbox 1330 1396 1370 1420; x_wconf 94' lang='lat' dir='ltr'><strong>se</strong></span> 
     </span>
     <span class='ocr_line' id='line_1_21' title="bbox 319 1442 1368 1497; baseline -0.004 -13"><span class='ocrx_word' id='word_1_126' title='bbox 319 1448 402 1497; x_wconf 83' lang='lat' dir='ltr'><strong>ipse</strong></span> <span class='ocrx_word' id='word_1_127' title='bbox 428 1446 603 1497; x_wconf 89' lang='lat' dir='ltr'><strong>privaret</strong></span> <span class='ocrx_word' id='word_1_128' title='bbox 623 1458 788 1495; x_wconf 87' lang='lat' dir='ltr'><strong>eumque</strong></span> <span class='ocrx_word' id='word_1_129' title='bbox 824 1444 920 1482; x_wconf 84' lang='lat' dir='ltr'><strong>clam</strong></span> <span class='ocrx_word' id='word_1_130' title='bbox 954 1443 1115 1482; x_wconf 82' lang='lat' dir='ltr'><strong>Athenis</strong></span> <span class='ocrx_word' id='word_1_131' title='bbox 1146 1442 1368 1481; x_wconf 86' lang='lat' dir='ltr'><strong>abduceret.</strong></span> 
     </span>
     <span class='ocr_line' id='line_1_22' title="bbox 317 1501 1370 1554; baseline -0.003 -11"><span class='ocrx_word' id='word_1_132' title='bbox 317 1504 403 1550; x_wconf 81' lang='lat' dir='ltr'><strong>Quo</strong></span> <span class='ocrx_word' id='word_1_133' title='bbox 422 1504 520 1542; x_wconf 83' lang='lat' dir='ltr'><strong>sacto</strong></span> <span class='ocrx_word' id='word_1_134' title='bbox 540 1504 789 1553; x_wconf 79' lang='lat' dir='ltr'><strong>Anaxagoras</strong></span> <span class='ocrx_word' id='word_1_135' title='bbox 810 1502 1061 1554; x_wconf 90' lang='lat' dir='ltr'><strong>Lampsacum</strong></span> <span class='ocrx_word' id='word_1_136' title='bbox 1089 1502 1286 1554; x_wconf 84' lang='lat' dir='ltr'><strong>profectus</strong></span> <span class='ocrx_word' id='word_1_137' title='bbox 1312 1501 1370 1540; x_wconf 88' lang='lat' dir='ltr'><strong>ibi</strong></span> 
     </span>
     <span class='ocr_line' id='line_1_23' title="bbox 318 1562 770 1614; baseline -0.004 -12"><span class='ocrx_word' id='word_1_138' title='bbox 318 1564 420 1602; x_wconf 91' lang='lat' dir='ltr'><strong>diem</strong></span> <span class='ocrx_word' id='word_1_139' title='bbox 441 1577 555 1602; x_wconf 91' lang='lat' dir='ltr'><strong>suum</strong></span> <span class='ocrx_word' id='word_1_140' title='bbox 579 1562 678 1601; x_wconf 88' lang='lat' dir='ltr'><strong>obiit</strong></span> <span class='ocrx_word' id='word_1_141' title='bbox 701 1563 770 1614; x_wconf 78' lang='lat'><strong>(9).</strong></span> 
     </span>
    </p>

    <p class='ocr_par' dir='ltr' id='par_1_3' title="bbox 318 1622 1370 1732">
     <span class='ocr_line' id='line_1_24' title="bbox 371 1622 1370 1674; baseline -0.004 -13"><span class='ocrx_word' id='word_1_142' title='bbox 371 1623 544 1662; x_wconf 84' lang='lat' dir='ltr'><strong>Transeo</strong></span> <span class='ocrx_word' id='word_1_143' title='bbox 572 1623 619 1661; x_wconf 88' lang='lat' dir='ltr'><strong>ad</strong></span> <span class='ocrx_word' id='word_1_144' title='bbox 650 1622 734 1673; x_wconf 90' lang='lat' dir='ltr'><strong>ejus</strong></span> <span class='ocrx_word' id='word_1_145' title='bbox 769 1623 912 1674; x_wconf 85' lang='lat' dir='ltr'><strong>scripta</strong></span> <span class='ocrx_word' id='word_1_146' title='bbox 933 1636 1099 1673; x_wconf 88' lang='lat' dir='ltr'><strong>quorum</strong></span> <span class='ocrx_word' id='word_1_147' title='bbox 1129 1622 1176 1660; x_wconf 90' lang='lat' dir='ltr'><strong>de</strong></span> <span class='ocrx_word' id='word_1_148' title='bbox 1207 1635 1370 1660; x_wconf 82' lang='lat' dir='ltr'><strong>numero</strong></span> 
     </span>
     <span class='ocr_line' id='line_1_25' title="bbox 318 1681 1370 1732; baseline -0.003 -12"><span class='ocrx_word' id='word_1_149' title='bbox 318 1684 418 1720; x_wconf 90' lang='lat' dir='ltr'><strong>inter</strong></span> <span class='ocrx_word' id='word_1_150' title='bbox 437 1695 478 1720; x_wconf 87' lang='lat' dir='ltr'><strong>se</strong></span> <span class='ocrx_word' id='word_1_151' title='bbox 500 1682 736 1720; x_wconf 92' lang='lat' dir='ltr'><strong>dissentiunt</strong></span> <span class='ocrx_word' id='word_1_152' title='bbox 760 1691 924 1720; x_wconf 89' lang='lat' dir='ltr'><strong>veteres.</strong></span> <span class='ocrx_word' id='word_1_153' title='bbox 946 1682 1001 1718; x_wconf 87' lang='lat' dir='ltr'><strong>Ac</strong></span> <span class='ocrx_word' id='word_1_154' title='bbox 1019 1681 1188 1732; x_wconf 86' lang='lat' dir='ltr'><strong>primum</strong></span> <span class='ocrx_word' id='word_1_155' title='bbox 1213 1681 1370 1731; x_wconf 88' lang='lat' dir='ltr'><strong>quidem</strong></span> 
     </span>
    </p>
   </div>
   <div class='ocr_carea' id='block_1_3' title="bbox 303 1739 1372 1791">
    <p class='ocr_par' dir='ltr' id='par_1_4' title="bbox 303 1739 1372 1791">
     <span class='ocr_line' id='line_1_26' title="bbox 303 1739 1372 1791; baseline 0 -13"><span class='ocrx_word' id='word_1_156' title='bbox 303 1740 459 1780; x_wconf 87' lang='lat' dir='ltr'><strong>·librum</strong></span> <span class='ocrx_word' id='word_1_157' title='bbox 476 1741 523 1779; x_wconf 89' lang='lat' dir='ltr'><strong>de</strong></span> <span class='ocrx_word' id='word_1_158' title='bbox 535 1754 661 1779; x_wconf 88' lang='lat' dir='ltr'><strong>rerum</strong></span> <span class='ocrx_word' id='word_1_159' title='bbox 678 1749 814 1778; x_wconf 89' lang='lat' dir='ltr'><strong>natura</strong></span> <span class='ocrx_word' id='word_1_160' title='bbox 829 1740 1084 1791; x_wconf 87' lang='lat' dir='ltr'><strong>compositum</strong></span> <span class='ocrx_word' id='word_1_161' title='bbox 1102 1739 1238 1787; x_wconf 88' lang='lat' dir='ltr'><strong>edidit,</strong></span> <span class='ocrx_word' id='word_1_162' title='bbox 1259 1739 1321 1790; x_wconf 85' lang='lat' dir='ltr'><strong>cuj</strong></span> <span class='ocrx_word' id='word_1_163' title='bbox 1330 1752 1372 1778; x_wconf 89' lang='lat' dir='ltr'><strong>us</strong></span> 
     </span>
    </p>
   </div>
   <div class='ocr_carea' id='block_1_4' title="bbox 317 1925 1376 3527">
    <p class='ocr_par' dir='ltr' id='par_1_5' title="bbox 317 1925 1376 3527">
     <span class='ocr_line' id='line_1_27' title="bbox 361 1925 1373 1966; baseline -0.002 -8"><span class='ocrx_word' id='word_1_164' title='bbox 361 1925 405 1964; x_wconf 92' lang='lat'><strong>(8)</strong></span> <span class='ocrx_word' id='word_1_165' title='bbox 426 1925 581 1966; x_wconf 80' lang='lat' dir='ltr'><strong>Diogenes</strong></span> <span class='ocrx_word' id='word_1_166' title='bbox 606 1925 751 1957; x_wconf 79' lang='lat' dir='ltr'><strong>Laertius</strong></span> <span class='ocrx_word' id='word_1_167' title='bbox 776 1925 832 1958; x_wconf 81' lang='lat' dir='ltr'><strong>lib.</strong></span> <span class='ocrx_word' id='word_1_168' title='bbox 860 1926 912 1964; x_wconf 94' lang='lat'><strong>11,</strong></span> <span class='ocrx_word' id='word_1_169' title='bbox 944 1927 1042 1957; x_wconf 72' lang='lat'><strong>12-34</strong></span> <span class='ocrx_word' id='word_1_170' title='bbox 1065 1938 1072 1956; x_wconf 72' lang='grc' dir='ltr'><strong>τ</strong></span> <span class='ocrx_word' id='word_1_171' title='bbox 1096 1925 1224 1957; x_wconf 84' lang='grc' dir='ltr'>Σωτίων</span> <span class='ocrx_word' id='word_1_172' title='bbox 1244 1925 1298 1965; x_wconf 85' lang='grc' dir='ltr'><strong>μὲν</strong></span> <span class='ocrx_word' id='word_1_173' title='bbox 1314 1925 1373 1966; x_wconf 75' lang='grc' dir='ltr'><strong>γάρ</strong></span> 
     </span>
     <span class='ocr_line' id='line_1_28' title="bbox 318 1971 1373 2015; baseline 0 -11"><span class='ocrx_word' id='word_1_174' title='bbox 318 1983 410 2015; x_wconf 80' lang='grc' dir='ltr'>φησιν</span> <span class='ocrx_word' id='word_1_175' title='bbox 427 1972 457 2003; x_wconf 87' lang='grc' dir='ltr'><strong>ἐν</strong></span> <span class='ocrx_word' id='word_1_176' title='bbox 473 1975 511 2013; x_wconf 80' lang='grc' dir='ltr'><strong>τῇ</strong></span> <span class='ocrx_word' id='word_1_177' title='bbox 528 1972 658 2013; x_wconf 78' lang='grc' dir='ltr'>διαδοχῇ</span> <span class='ocrx_word' id='word_1_178' title='bbox 676 1975 738 2003; x_wconf 84' lang='grc' dir='ltr'><strong>τῶν</strong></span> <span class='ocrx_word' id='word_1_179' title='bbox 755 1971 945 2014; x_wconf 68' lang='grc' dir='ltr'>φιλοσόφων,</span> <span class='ocrx_word' id='word_1_180' title='bbox 959 1973 1021 2005; x_wconf 81' lang='grc' dir='ltr'>ὑπὸ</span> <span class='ocrx_word' id='word_1_181' title='bbox 1039 1972 1180 2008; x_wconf 83' lang='grc' dir='ltr'>Κλέωνος</span> <span class='ocrx_word' id='word_1_182' title='bbox 1196 1972 1288 2005; x_wconf 80' lang='grc' dir='ltr'>αὐτὸν</span> <span class='ocrx_word' id='word_1_183' title='bbox 1304 1972 1373 2004; x_wconf 74' lang='lat' dir='ltr'><strong>&amp;os-</strong></span> 
     </span>
     <span class='ocr_line' id='line_1_29' title="bbox 320 2019 1374 2061; baseline 0 -10"><span class='ocrx_word' id='word_1_184' title='bbox 320 2020 404 2056; x_wconf 76' lang='grc' dir='ltr'>δείας</span> <span class='ocrx_word' id='word_1_185' title='bbox 417 2021 557 2060; x_wconf 76' lang='grc' dir='ltr'>κριθῆναι</span> <span class='ocrx_word' id='word_1_186' title='bbox 570 2043 579 2057; x_wconf 94' lang='grc'>,</span> <span class='ocrx_word' id='word_1_187' title='bbox 597 2020 675 2052; x_wconf 86' lang='grc' dir='ltr'>διότι</span> <span class='ocrx_word' id='word_1_188' title='bbox 688 2020 740 2052; x_wconf 72' lang='grc' dir='ltr'><strong>τὸν</strong></span> <span class='ocrx_word' id='word_1_189' title='bbox 757 2020 844 2057; x_wconf 83' lang='grc' dir='ltr'>ἥλιον</span> <span class='ocrx_word' id='word_1_190' title='bbox 861 2019 975 2061; x_wconf 81' lang='grc' dir='ltr'>μύδρον</span> <span class='ocrx_word' id='word_1_191' title='bbox 990 2019 1076 2061; x_wconf 75' lang='grc' dir='ltr'>ἔλεγε</span> <span class='ocrx_word' id='word_1_192' title='bbox 1089 2020 1246 2060; x_wconf 80' lang='grc' dir='ltr'>διάπυρον·</span> <span class='ocrx_word' id='word_1_193' title='bbox 1264 2019 1374 2051; x_wconf 78' lang='grc' dir='ltr'>ἀπολο-</span> 
     </span>
     <span class='ocr_line' id='line_1_30' title="bbox 317 2067 1373 2110; baseline -0.002 -10"><span class='ocrx_word' id='word_1_194' title='bbox 317 2070 495 2110; x_wconf 86' lang='grc' dir='ltr'>γησαμένου</span> <span class='ocrx_word' id='word_1_195' title='bbox 515 2067 546 2100; x_wconf 84' lang='grc' dir='ltr'><strong>δὲ</strong></span> <span class='ocrx_word' id='word_1_196' title='bbox 559 2067 637 2109; x_wconf 71' lang='grc' dir='ltr'>ὑπὲρ</span> <span class='ocrx_word' id='word_1_197' title='bbox 651 2068 747 2100; x_wconf 80' lang='grc' dir='ltr'>αὐτοῦ</span> <span class='ocrx_word' id='word_1_198' title='bbox 762 2068 947 2110; x_wconf 69' lang='grc' dir='ltr'>Περικλέους</span> <span class='ocrx_word' id='word_1_199' title='bbox 959 2070 1015 2099; x_wconf 82' lang='grc' dir='ltr'><strong>τοῦ</strong></span> <span class='ocrx_word' id='word_1_200' title='bbox 1035 2068 1173 2107; x_wconf 83' lang='grc' dir='ltr'><strong>μαθητοῦ</strong></span> <span class='ocrx_word' id='word_1_201' title='bbox 1186 2092 1195 2106; x_wconf 91' lang='grc'>,</span> <span class='ocrx_word' id='word_1_202' title='bbox 1212 2067 1303 2100; x_wconf 83' lang='grc' dir='ltr'>πέντε</span> <span class='ocrx_word' id='word_1_203' title='bbox 1318 2078 1373 2099; x_wconf 73' lang='grc' dir='ltr'><strong>τα·</strong></span> 
     </span>
     <span class='ocr_line' id='line_1_31' title="bbox 317 2113 1373 2156; baseline -0.003 -10"><span class='ocrx_word' id='word_1_204' title='bbox 317 2115 436 2151; x_wconf 79' lang='grc' dir='ltr'>λάντοις</span> <span class='ocrx_word' id='word_1_205' title='bbox 452 2116 642 2156; x_wconf 77' lang='grc' dir='ltr'>ζημιωθῆναι</span> <span class='ocrx_word' id='word_1_206' title='bbox 658 2115 711 2147; x_wconf 86' lang='grc' dir='ltr'><strong>καὶ</strong></span> <span class='ocrx_word' id='word_1_207' title='bbox 727 2115 964 2156; x_wconf 78' lang='grc' dir='ltr'>φυγαδευθῆναι.</span> <span class='ocrx_word' id='word_1_208' title='bbox 981 2113 1115 2155; x_wconf 88' lang='grc' dir='ltr'>Σάτυρος</span> <span class='ocrx_word' id='word_1_209' title='bbox 1129 2113 1158 2145; x_wconf 85' lang='grc' dir='ltr'><strong>δ’</strong></span> <span class='ocrx_word' id='word_1_210' title='bbox 1171 2114 1202 2145; x_wconf 78' lang='grc' dir='ltr'><strong>ἐν</strong></span> <span class='ocrx_word' id='word_1_211' title='bbox 1214 2117 1278 2149; x_wconf 87' lang='grc' dir='ltr'>τοῖς</span> <span class='ocrx_word' id='word_1_212' title='bbox 1295 2113 1373 2154; x_wconf 76' lang='grc' dir='ltr'>βίοις</span> 
     </span>
     <span class='ocr_line' id='line_1_32' title="bbox 317 2160 1373 2203; baseline -0.003 -10"><span class='ocrx_word' id='word_1_213' title='bbox 317 2162 378 2194; x_wconf 82' lang='grc' dir='ltr'><strong>ὑπὸ</strong></span> <span class='ocrx_word' id='word_1_214' title='bbox 398 2161 592 2195; x_wconf 78' lang='grc' dir='ltr'>Θουκυδίδου</span> <span class='ocrx_word' id='word_1_215' title='bbox 610 2161 702 2201; x_wconf 85' lang='grc' dir='ltr'>φησὶν</span> <span class='ocrx_word' id='word_1_216' title='bbox 719 2162 902 2203; x_wconf 76' lang='grc' dir='ltr'>εἰσαχθῆναι</span> <span class='ocrx_word' id='word_1_217' title='bbox 927 2161 983 2200; x_wconf 83' lang='grc' dir='ltr'><strong>τήν</strong></span> <span class='ocrx_word' id='word_1_218' title='bbox 999 2161 1099 2198; x_wconf 82' lang='grc' dir='ltr'>δίκην,</span> <span class='ocrx_word' id='word_1_219' title='bbox 1120 2160 1373 2192; x_wconf 85' lang='grc' dir='ltr'>ἀντιπολιτευσα-</span> 
     </span>
     <span class='ocr_line' id='line_1_33' title="bbox 319 2207 1375 2251; baseline -0.002 -11"><span class='ocrx_word' id='word_1_220' title='bbox 319 2210 411 2250; x_wconf 86' lang='grc' dir='ltr'>μένου</span> <span class='ocrx_word' id='word_1_221' title='bbox 443 2211 488 2249; x_wconf 84' lang='grc' dir='ltr'><strong>τῷ</strong></span> <span class='ocrx_word' id='word_1_222' title='bbox 501 2209 662 2251; x_wconf 76' lang='grc' dir='ltr'>Περικλεῖ,</span> <span class='ocrx_word' id='word_1_223' title='bbox 682 2209 735 2241; x_wconf 87' lang='grc' dir='ltr'><strong>καὶ</strong></span> <span class='ocrx_word' id='word_1_224' title='bbox 761 2209 796 2241; x_wconf 78' lang='grc' dir='ltr'><strong>οὗ</strong></span> <span class='ocrx_word' id='word_1_225' title='bbox 825 2208 918 2251; x_wconf 88' lang='grc' dir='ltr'>μόνον</span> <span class='ocrx_word' id='word_1_226' title='bbox 934 2208 1099 2249; x_wconf 79' lang='grc' dir='ltr'>ἀσεόείας,</span> <span class='ocrx_word' id='word_1_227' title='bbox 1115 2207 1194 2239; x_wconf 80' lang='grc' dir='ltr'>ἀλλὰ</span> <span class='ocrx_word' id='word_1_228' title='bbox 1212 2207 1265 2239; x_wconf 87' lang='grc' dir='ltr'><strong>καὶ</strong></span> <span class='ocrx_word' id='word_1_229' title='bbox 1286 2208 1375 2248; x_wconf 80' lang='grc' dir='ltr'>μηδι·</span> 
     </span>
     <span class='ocr_line' id='line_1_34' title="bbox 319 2254 1373 2298; baseline -0.002 -10"><span class='ocrx_word' id='word_1_230' title='bbox 319 2259 418 2298; x_wconf 81' lang='grc' dir='ltr'><strong>σμοῦ,</strong></span> <span class='ocrx_word' id='word_1_231' title='bbox 433 2257 485 2288; x_wconf 90' lang='grc' dir='ltr'><strong>καὶ</strong></span> <span class='ocrx_word' id='word_1_232' title='bbox 499 2255 616 2289; x_wconf 74' lang='grc' dir='ltr'>ἀπόντα</span> <span class='ocrx_word' id='word_1_233' title='bbox 634 2257 898 2295; x_wconf 78' lang='grc' dir='ltr'>καταδικασθῆναι</span> <span class='ocrx_word' id='word_1_234' title='bbox 915 2255 1048 2288; x_wconf 82' lang='grc' dir='ltr'>θανάτου</span> <span class='ocrx_word' id='word_1_235' title='bbox 1065 2280 1074 2289; x_wconf 94' lang='grc'>.</span> <span class='ocrx_word' id='word_1_236' title='bbox 1091 2278 1098 2286; x_wconf 93' lang='grc'>.</span> <span class='ocrx_word' id='word_1_237' title='bbox 1117 2278 1125 2286; x_wconf 92' lang='grc'>.</span> <span class='ocrx_word' id='word_1_238' title='bbox 1146 2254 1326 2297; x_wconf 83' lang='grc' dir='ltr'>Ἕρμιππος</span> <span class='ocrx_word' id='word_1_239' title='bbox 1347 2254 1373 2286; x_wconf 84' lang='grc' dir='ltr'><strong>δ’</strong></span> 
     </span>
     <span class='ocr_line' id='line_1_35' title="bbox 318 2301 1375 2345; baseline 0.001 -11"><span class='ocrx_word' id='word_1_240' title='bbox 318 2303 349 2334; x_wconf 84' lang='grc' dir='ltr'><strong>έν</strong></span> <span class='ocrx_word' id='word_1_241' title='bbox 365 2306 427 2339; x_wconf 87' lang='grc' dir='ltr'>τοῖς</span> <span class='ocrx_word' id='word_1_242' title='bbox 448 2302 526 2344; x_wconf 82' lang='grc' dir='ltr'>βίοις</span> <span class='ocrx_word' id='word_1_243' title='bbox 539 2301 646 2343; x_wconf 84' lang='grc' dir='ltr'>φησίν,</span> <span class='ocrx_word' id='word_1_244' title='bbox 661 2303 708 2334; x_wconf 85' lang='grc' dir='ltr'><strong>ὅτι</strong></span> <span class='ocrx_word' id='word_1_245' title='bbox 723 2301 890 2344; x_wconf 72' lang='grc' dir='ltr'>καθείρχθη</span> <span class='ocrx_word' id='word_1_246' title='bbox 904 2302 991 2344; x_wconf 85' lang='grc' dir='ltr'>ἐντῷ</span> <span class='ocrx_word' id='word_1_247' title='bbox 1008 2302 1214 2345; x_wconf 76' lang='grc' dir='ltr'>δεσμωτηρίῳ</span> <span class='ocrx_word' id='word_1_248' title='bbox 1232 2303 1375 2342; x_wconf 81' lang='grc' dir='ltr'>τεθνηξό-</span> 
     </span>
     <span class='ocr_line' id='line_1_36' title="bbox 319 2349 1375 2392; baseline 0.001 -10"><span class='ocrx_word' id='word_1_249' title='bbox 319 2360 419 2390; x_wconf 82' lang='grc' dir='ltr'>μενος.</span> <span class='ocrx_word' id='word_1_250' title='bbox 445 2351 594 2392; x_wconf 74' lang='grc' dir='ltr'>Περικλῆς</span> <span class='ocrx_word' id='word_1_251' title='bbox 610 2349 644 2382; x_wconf 87' lang='grc' dir='ltr'><strong>δὲ</strong></span> <span class='ocrx_word' id='word_1_252' title='bbox 665 2350 827 2390; x_wconf 87' lang='grc' dir='ltr'>παρελθὼν</span> <span class='ocrx_word' id='word_1_253' title='bbox 852 2350 950 2390; x_wconf 82' lang='grc' dir='ltr'>εἶπεν,</span> <span class='ocrx_word' id='word_1_254' title='bbox 974 2350 1003 2383; x_wconf 79' lang='grc' dir='ltr'>εἷ</span> <span class='ocrx_word' id='word_1_255' title='bbox 1025 2361 1054 2382; x_wconf 89' lang='grc' dir='ltr'><strong>τι</strong></span> <span class='ocrx_word' id='word_1_256' title='bbox 1079 2349 1208 2392; x_wconf 79' lang='grc' dir='ltr'>ἔχουσιν</span> <span class='ocrx_word' id='word_1_257' title='bbox 1235 2351 1375 2390; x_wconf 81' lang='grc' dir='ltr'>ἐγκαλεῖν</span> 
     </span>
     <span class='ocr_line' id='line_1_37' title="bbox 318 2396 1373 2440; baseline 0.003 -13"><span class='ocrx_word' id='word_1_258' title='bbox 318 2397 403 2437; x_wconf 78' lang='grc' dir='ltr'>αὐτῷ</span> <span class='ocrx_word' id='word_1_259' title='bbox 419 2396 500 2428; x_wconf 76' lang='grc' dir='ltr'>κατὰ.</span> <span class='ocrx_word' id='word_1_260' title='bbox 515 2396 567 2428; x_wconf 85' lang='grc' dir='ltr'><strong>τὸν</strong></span> <span class='ocrx_word' id='word_1_261' title='bbox 584 2397 663 2438; x_wconf 78' lang='grc' dir='ltr'>βίονς</span> <span class='ocrx_word' id='word_1_262' title='bbox 689 2396 777 2429; x_wconf 82' lang='grc' dir='ltr'>οὐδὲν</span> <span class='ocrx_word' id='word_1_263' title='bbox 797 2396 832 2429; x_wconf 83' lang='grc' dir='ltr'><strong>δὲ</strong></span> <span class='ocrx_word' id='word_1_264' title='bbox 853 2396 1017 2437; x_wconf 82' lang='grc' dir='ltr'>εἰπόντων,</span> <span class='ocrx_word' id='word_1_265' title='bbox 1035 2397 1099 2430; x_wconf 87' lang='grc' dir='ltr'><strong>Καὶ</strong></span> <span class='ocrx_word' id='word_1_266' title='bbox 1122 2398 1182 2438; x_wconf 81' lang='grc' dir='ltr'><strong>μὴν</strong></span> <span class='ocrx_word' id='word_1_267' title='bbox 1206 2397 1288 2439; x_wconf 80' lang='grc' dir='ltr'>ἐγώ,</span> <span class='ocrx_word' id='word_1_268' title='bbox 1304 2398 1373 2440; x_wconf 84' lang='grc' dir='ltr'>ἔφη,</span> 
     </span>
     <span class='ocr_line' id='line_1_38' title="bbox 317 2443 1376 2487; baseline 0.005 -13"><span class='ocrx_word' id='word_1_269' title='bbox 317 2443 429 2475; x_wconf 78' lang='grc' dir='ltr'>τούτου</span> <span class='ocrx_word' id='word_1_270' title='bbox 442 2443 577 2483; x_wconf 82' lang='grc' dir='ltr'>μαθητής</span> <span class='ocrx_word' id='word_1_271' title='bbox 591 2444 667 2484; x_wconf 79' lang='grc' dir='ltr'>εἶμι.</span> <span class='ocrx_word' id='word_1_272' title='bbox 682 2445 725 2484; x_wconf 87' lang='grc' dir='ltr'><strong>μὴ</strong></span> <span class='ocrx_word' id='word_1_273' title='bbox 737 2443 791 2476; x_wconf 80' lang='grc' dir='ltr'><strong>οὖν</strong></span> <span class='ocrx_word' id='word_1_274' title='bbox 806 2443 964 2482; x_wconf 72' lang='grc' dir='ltr'>διαὸολαῖς</span> <span class='ocrx_word' id='word_1_275' title='bbox 974 2444 1154 2487; x_wconf 82' lang='grc' dir='ltr'>ἐπαρθέντες</span> <span class='ocrx_word' id='word_1_276' title='bbox 1171 2444 1376 2484; x_wconf 84' lang='grc' dir='ltr'>ἀποκτείνητε</span> 
     </span>
     <span class='ocr_line' id='line_1_39' title="bbox 318 2489 1376 2535; baseline 0.004 -13"><span class='ocrx_word' id='word_1_277' title='bbox 318 2490 371 2522; x_wconf 80' lang='grc' dir='ltr'><strong>τὸν</strong></span> <span class='ocrx_word' id='word_1_278' title='bbox 387 2491 558 2531; x_wconf 80' lang='grc' dir='ltr'>ἄνθρωπον,</span> <span class='ocrx_word' id='word_1_279' title='bbox 583 2489 649 2523; x_wconf 79' lang='grc' dir='ltr'>ἀλλ’</span> <span class='ocrx_word' id='word_1_280' title='bbox 668 2491 736 2532; x_wconf 87' lang='grc' dir='ltr'>ἐμοὶ</span> <span class='ocrx_word' id='word_1_281' title='bbox 753 2491 928 2528; x_wconf 77' lang='grc' dir='ltr'>πεισθέντες</span> <span class='ocrx_word' id='word_1_282' title='bbox 954 2492 1056 2533; x_wconf 74' lang='grc' dir='ltr'>ἄφετε.</span> <span class='ocrx_word' id='word_1_283' title='bbox 1091 2492 1145 2524; x_wconf 87' lang='grc' dir='ltr'><strong>καὶ</strong></span> <span class='ocrx_word' id='word_1_284' title='bbox 1168 2492 1292 2535; x_wconf 77' lang='grc' dir='ltr'>ἀφείθη.</span> <span class='ocrx_word' id='word_1_285' title='bbox 1316 2494 1376 2526; x_wconf 82' lang='grc' dir='ltr'><strong>οὐκ</strong></span> 
     </span>
     <span class='ocr_line' id='line_1_40' title="bbox 320 2536 1375 2582; baseline 0.006 -15"><span class='ocrx_word' id='word_1_286' title='bbox 320 2536 451 2575; x_wconf 83' lang='grc' dir='ltr'>ἐνεγκὼν</span> <span class='ocrx_word' id='word_1_287' title='bbox 467 2537 499 2568; x_wconf 88' lang='grc' dir='ltr'><strong>δὲ</strong></span> <span class='ocrx_word' id='word_1_288' title='bbox 517 2537 573 2575; x_wconf 84' lang='grc' dir='ltr'><strong>τὴν</strong></span> <span class='ocrx_word' id='word_1_289' title='bbox 591 2537 677 2580; x_wconf 79' lang='grc' dir='ltr'>ὕὸριν</span> <span class='ocrx_word' id='word_1_290' title='bbox 701 2538 812 2571; x_wconf 72' lang='grc' dir='ltr'>ἑαυτὸν</span> <span class='ocrx_word' id='word_1_291' title='bbox 838 2539 996 2578; x_wconf 77' lang='grc' dir='ltr'>ἐξήγαγεν.</span> <span class='ocrx_word' id='word_1_292' title='bbox 1015 2539 1136 2580; x_wconf 84' lang='lat' dir='ltr'><strong>(Immo</strong></span> <span class='ocrx_word' id='word_1_293' title='bbox 1161 2541 1375 2582; x_wconf 79' lang='lat' dir='ltr'><strong>Lampsacum</strong></span> 
     </span>
     <span class='ocr_line' id='line_1_41' title="bbox 320 2583 1376 2631; baseline 0.007 -16"><span class='ocrx_word' id='word_1_294' title='bbox 320 2583 407 2615; x_wconf 83' lang='lat' dir='ltr'><strong>abiit.</strong></span> <span class='ocrx_word' id='word_1_295' title='bbox 430 2583 502 2615; x_wconf 82' lang='lat' dir='ltr'><strong>Vid.</strong></span> <span class='ocrx_word' id='word_1_296' title='bbox 518 2586 583 2616; x_wconf 77' lang='lat' dir='ltr'><strong>not.</strong></span> <span class='ocrx_word' id='word_1_297' title='bbox 602 2585 647 2626; x_wconf 89' lang='grc'><strong>9.)</strong></span> <span class='ocrx_word' id='word_1_298' title='bbox 665 2585 848 2626; x_wconf 82' lang='grc' dir='ltr'>Ἱερώνυμος</span> <span class='ocrx_word' id='word_1_299' title='bbox 866 2586 900 2618; x_wconf 83' lang='grc' dir='ltr'><strong>δὲ</strong></span> <span class='ocrx_word' id='word_1_300' title='bbox 918 2586 949 2619; x_wconf 86' lang='grc' dir='ltr'><strong>ἐν</strong></span> <span class='ocrx_word' id='word_1_301' title='bbox 968 2590 1014 2628; x_wconf 88' lang='grc' dir='ltr'><strong>τῷ</strong></span> <span class='ocrx_word' id='word_1_302' title='bbox 1032 2587 1165 2629; x_wconf 82' lang='grc' dir='ltr'>δευτέρῳ</span> <span class='ocrx_word' id='word_1_303' title='bbox 1180 2591 1243 2620; x_wconf 88' lang='grc' dir='ltr'><strong>τῶν</strong></span> <span class='ocrx_word' id='word_1_304' title='bbox 1259 2588 1376 2631; x_wconf 87' lang='grc' dir='ltr'>σπορά-</span> 
     </span>
     <span class='ocr_line' id='line_1_42' title="bbox 323 2631 1375 2677; baseline 0.006 -15"><span class='ocrx_word' id='word_1_305' title='bbox 323 2631 378 2669; x_wconf 86' lang='grc' dir='ltr'><strong>δην</strong></span> <span class='ocrx_word' id='word_1_306' title='bbox 391 2631 623 2672; x_wconf 82' lang='grc' dir='ltr'>ὑπομνημάτων</span> <span class='ocrx_word' id='word_1_307' title='bbox 638 2632 742 2672; x_wconf 80' lang='grc' dir='ltr'>φησίν,</span> <span class='ocrx_word' id='word_1_308' title='bbox 757 2633 804 2665; x_wconf 84' lang='grc' dir='ltr'><strong>ὅτι</strong></span> <span class='ocrx_word' id='word_1_309' title='bbox 818 2634 835 2665; x_wconf 83' lang='grc' dir='ltr'><strong>ὁ</strong></span> <span class='ocrx_word' id='word_1_310' title='bbox 853 2635 1003 2675; x_wconf 86' lang='grc' dir='ltr'>Περικλῆς</span> <span class='ocrx_word' id='word_1_311' title='bbox 1019 2635 1198 2677; x_wconf 82' lang='grc' dir='ltr'>παρήγαγεν</span> <span class='ocrx_word' id='word_1_312' title='bbox 1214 2635 1308 2668; x_wconf 79' lang='grc' dir='ltr'>αὐτὸν</span> <span class='ocrx_word' id='word_1_313' title='bbox 1325 2635 1375 2668; x_wconf 83' lang='grc' dir='ltr'><strong>ἐπὶ</strong></span> 
     </span>
     <span class='ocr_line' id='line_1_43' title="bbox 320 2678 1375 2725; baseline 0.006 -16"><span class='ocrx_word' id='word_1_314' title='bbox 320 2678 356 2710; x_wconf 76' lang='grc' dir='ltr'><strong>τὸ</strong></span> <span class='ocrx_word' id='word_1_315' title='bbox 370 2678 580 2719; x_wconf 79' lang='grc' dir='ltr'>δικαστήριον,</span> <span class='ocrx_word' id='word_1_316' title='bbox 594 2678 797 2722; x_wconf 83' lang='grc' dir='ltr'>διεῤῥυηκότα</span> <span class='ocrx_word' id='word_1_317' title='bbox 809 2681 862 2712; x_wconf 89' lang='grc' dir='ltr'><strong>καὶ</strong></span> <span class='ocrx_word' id='word_1_318' title='bbox 875 2682 986 2714; x_wconf 89' lang='grc' dir='ltr'>λεπτὸν</span> <span class='ocrx_word' id='word_1_319' title='bbox 1001 2683 1063 2715; x_wconf 76' lang='grc' dir='ltr'><strong>ὑπὸ</strong></span> <span class='ocrx_word' id='word_1_320' title='bbox 1078 2681 1188 2722; x_wconf 82' lang='grc' dir='ltr'>νόσου,</span> <span class='ocrx_word' id='word_1_321' title='bbox 1202 2683 1285 2715; x_wconf 85' lang='grc' dir='ltr'>ὥστε</span> <span class='ocrx_word' id='word_1_322' title='bbox 1299 2683 1375 2725; x_wconf 83' lang='grc' dir='ltr'>ἐλέῳ</span> 
     </span>
     <span class='ocr_line' id='line_1_44' title="bbox 323 2723 1374 2770; baseline 0.006 -15"><span class='ocrx_word' id='word_1_323' title='bbox 323 2725 437 2765; x_wconf 76' lang='grc' dir='ltr'>μᾶλλον</span> <span class='ocrx_word' id='word_1_324' title='bbox 453 2725 473 2763; x_wconf 85' lang='grc' dir='ltr'>ἢ</span> <span class='ocrx_word' id='word_1_325' title='bbox 489 2723 588 2766; x_wconf 83' lang='grc' dir='ltr'>κρίσει</span> <span class='ocrx_word' id='word_1_326' title='bbox 605 2724 763 2766; x_wconf 77' lang='grc' dir='ltr'>ἀφεθῆναι.</span> <span class='ocrx_word' id='word_1_327' title='bbox 783 2727 971 2759; x_wconf 81' lang='lat' dir='ltr'><strong>Plutarchus</strong></span> <span class='ocrx_word' id='word_1_328' title='bbox 989 2728 1048 2760; x_wconf 85' lang='lat' dir='ltr'><strong>vit.</strong></span> <span class='ocrx_word' id='word_1_329' title='bbox 1071 2727 1185 2760; x_wconf 87' lang='lat' dir='ltr'><strong>Pericl.</strong></span> <span class='ocrx_word' id='word_1_330' title='bbox 1209 2737 1278 2770; x_wconf 86' lang='lat' dir='ltr'><strong>cap.</strong></span> <span class='ocrx_word' id='word_1_331' title='bbox 1306 2731 1346 2761; x_wconf 86' lang='lat'><strong>32</strong></span> <span class='ocrx_word' id='word_1_332' title='bbox 1366 2742 1374 2762; x_wconf 88' lang='lat'><strong>:</strong></span> 
     </span>
     <span class='ocr_line' id='line_1_45' title="bbox 320 2771 1375 2816; baseline 0.007 -14"><span class='ocrx_word' id='word_1_333' title='bbox 320 2771 382 2803; x_wconf 86' lang='grc' dir='ltr'><strong>Καὶ</strong></span> <span class='ocrx_word' id='word_1_334' title='bbox 397 2771 544 2813; x_wconf 70' lang='grc' dir='ltr'>ψήφισμα</span> <span class='ocrx_word' id='word_1_335' title='bbox 559 2772 722 2811; x_wconf 76' lang='grc' dir='ltr'>Διοπείθης</span> <span class='ocrx_word' id='word_1_336' title='bbox 739 2772 883 2816; x_wconf 79' lang='grc' dir='ltr'>ἔγραψεν,</span> <span class='ocrx_word' id='word_1_337' title='bbox 898 2774 1150 2816; x_wconf 75' lang='grc' dir='ltr'>εἰσαγγέλλεσθαι</span> <span class='ocrx_word' id='word_1_338' title='bbox 1166 2776 1238 2813; x_wconf 74' lang='grc' dir='ltr'>τοὺς</span> <span class='ocrx_word' id='word_1_339' title='bbox 1253 2775 1294 2808; x_wconf 87' lang='grc' dir='ltr'><strong>τὰ</strong></span> <span class='ocrx_word' id='word_1_340' title='bbox 1308 2777 1375 2809; x_wconf 86' lang='grc' dir='ltr'>θεῖα</span> 
     </span>
     <span class='ocr_line' id='line_1_46' title="bbox 322 2817 1373 2863; baseline 0.009 -16"><span class='ocrx_word' id='word_1_341' title='bbox 322 2817 365 2856; x_wconf 84' lang='grc' dir='ltr'>μή</span> <span class='ocrx_word' id='word_1_342' title='bbox 380 2817 574 2858; x_wconf 75' lang='grc' dir='ltr'>νομίζοντας,</span> <span class='ocrx_word' id='word_1_343' title='bbox 590 2818 610 2856; x_wconf 86' lang='grc' dir='ltr'>ἢ</span> <span class='ocrx_word' id='word_1_344' title='bbox 634 2817 746 2859; x_wconf 79' lang='grc' dir='ltr'>λόγους</span> <span class='ocrx_word' id='word_1_345' title='bbox 772 2820 841 2861; x_wconf 85' lang='grc' dir='ltr'>περὶ</span> <span class='ocrx_word' id='word_1_346' title='bbox 866 2823 928 2852; x_wconf 83' lang='grc' dir='ltr'><strong>τῶν</strong></span> <span class='ocrx_word' id='word_1_347' title='bbox 954 2821 1128 2863; x_wconf 83' lang='grc' dir='ltr'>μεταρσίων</span> <span class='ocrx_word' id='word_1_348' title='bbox 1150 2822 1373 2861; x_wconf 78' lang='grc' dir='ltr'>διδάσκοντας·</span> 
     </span>
     <span class='ocr_line' id='line_1_47' title="bbox 322 2863 1373 2910; baseline 0.009 -15"><span class='ocrx_word' id='word_1_349' title='bbox 322 2863 556 2906; x_wconf 83' lang='grc' dir='ltr'>ἀπερειδόμενος</span> <span class='ocrx_word' id='word_1_350' title='bbox 574 2865 616 2902; x_wconf 77' lang='grc' dir='ltr'><strong>εἰς</strong></span> <span class='ocrx_word' id='word_1_351' title='bbox 633 2866 788 2908; x_wconf 86' lang='grc' dir='ltr'>Περικλέα</span> <span class='ocrx_word' id='word_1_352' title='bbox 806 2866 845 2899; x_wconf 83' lang='grc' dir='ltr'><strong>δι’</strong></span> <span class='ocrx_word' id='word_1_353' title='bbox 861 2865 1064 2910; x_wconf 75' lang='grc' dir='ltr'>Ἀναξαγόρου</span> <span class='ocrx_word' id='word_1_354' title='bbox 1079 2869 1134 2908; x_wconf 84' lang='grc' dir='ltr'><strong>τὴν</strong></span> <span class='ocrx_word' id='word_1_355' title='bbox 1149 2869 1298 2903; x_wconf 77' lang='grc' dir='ltr'>ὑπόνοιαν</span> <span class='ocrx_word' id='word_1_356' title='bbox 1314 2894 1323 2903; x_wconf 90' lang='grc'>.</span> <span class='ocrx_word' id='word_1_357' title='bbox 1340 2896 1348 2904; x_wconf 95' lang='grc'>.</span> <span class='ocrx_word' id='word_1_358' title='bbox 1365 2895 1373 2903; x_wconf 93' lang='grc'>.</span> 
     </span>
     <span class='ocr_line' id='line_1_48' title="bbox 321 2911 1374 2959; baseline 0.007 -15"><span class='ocrx_word' id='word_1_359' title='bbox 321 2911 525 2954; x_wconf 77' lang='grc' dir='ltr'>Ἀναξαγόραν</span> <span class='ocrx_word' id='word_1_360' title='bbox 539 2912 571 2945; x_wconf 83' lang='grc' dir='ltr'><strong>δὲ</strong></span> <span class='ocrx_word' id='word_1_361' title='bbox 588 2913 728 2954; x_wconf 78' lang='grc' dir='ltr'>φοὸηθεὶς</span> <span class='ocrx_word' id='word_1_362' title='bbox 741 2914 891 2956; x_wconf 82' lang='grc' dir='ltr'>ἐξέπεμψε</span> <span class='ocrx_word' id='word_1_363' title='bbox 903 2915 956 2948; x_wconf 80' lang='grc' dir='ltr'><strong>καὶ</strong></span> <span class='ocrx_word' id='word_1_364' title='bbox 971 2916 1171 2959; x_wconf 81' lang='grc' dir='ltr'>προῦπεμψεν</span> <span class='ocrx_word' id='word_1_365' title='bbox 1189 2918 1224 2950; x_wconf 78' lang='grc' dir='ltr'><strong>ἐκ</strong></span> <span class='ocrx_word' id='word_1_366' title='bbox 1245 2922 1298 2958; x_wconf 90' lang='grc' dir='ltr'><strong>τῆς</strong></span> <span class='ocrx_word' id='word_1_367' title='bbox 1313 2919 1374 2951; x_wconf 83' lang='grc' dir='ltr'><strong>πό-</strong></span> 
     </span>
     <span class='ocr_line' id='line_1_49' title="bbox 320 2959 1373 3008; baseline 0.008 -18"><span class='ocrx_word' id='word_1_368' title='bbox 320 2959 408 2995; x_wconf 86' lang='grc' dir='ltr'>λεως.</span> <span class='ocrx_word' id='word_1_369' title='bbox 424 2959 471 2991; x_wconf 88' lang='lat' dir='ltr'><strong>ld.</strong></span> <span class='ocrx_word' id='word_1_370' title='bbox 484 2959 554 2993; x_wconf 70' lang='lat' dir='ltr'><strong>Nic.</strong></span> <span class='ocrx_word' id='word_1_371' title='bbox 579 2968 649 3001; x_wconf 82' lang='lat' dir='ltr'><strong>cap.</strong></span> <span class='ocrx_word' id='word_1_372' title='bbox 669 2965 708 2993; x_wconf 80' lang='lat'><strong>23</strong></span> <span class='ocrx_word' id='word_1_373' title='bbox 727 2973 734 2993; x_wconf 88' lang='lat'>=</span> <span class='ocrx_word' id='word_1_374' title='bbox 751 2961 953 3005; x_wconf 68' lang='grc' dir='ltr'>Ἀναξαγόραν</span> <span class='ocrx_word' id='word_1_375' title='bbox 970 2965 1128 3004; x_wconf 72' lang='grc' dir='ltr'>εἱρχθέντα</span> <span class='ocrx_word' id='word_1_376' title='bbox 1155 2964 1241 3007; x_wconf 84' lang='grc' dir='ltr'>μόλις</span> <span class='ocrx_word' id='word_1_377' title='bbox 1270 2977 1373 3008; x_wconf 86' lang='grc' dir='ltr'>περιε·</span> 
     </span>
     <span class='ocr_line' id='line_1_50' title="bbox 320 3005 1373 3055; baseline 0.01 -19"><span class='ocrx_word' id='word_1_378' title='bbox 320 3005 475 3043; x_wconf 84' lang='grc' dir='ltr'>ποιήσατο</span> <span class='ocrx_word' id='word_1_379' title='bbox 490 3008 651 3048; x_wconf 79' lang='grc' dir='ltr'>Περικλῆς.</span> <span class='ocrx_word' id='word_1_380' title='bbox 667 3007 826 3052; x_wconf 85' lang='lat' dir='ltr'><strong>Diodorus</strong></span> <span class='ocrx_word' id='word_1_381' title='bbox 843 3010 969 3043; x_wconf 86' lang='lat' dir='ltr'><strong>Siculus</strong></span> <span class='ocrx_word' id='word_1_382' title='bbox 987 3012 1063 3050; x_wconf 75' lang='lat' dir='ltr'><strong>xli,</strong></span> <span class='ocrx_word' id='word_1_383' title='bbox 1081 3015 1120 3045; x_wconf 85' lang='lat'><strong>39</strong></span> <span class='ocrx_word' id='word_1_384' title='bbox 1135 3025 1143 3045; x_wconf 86' lang='lat'>:</span> <span class='ocrx_word' id='word_1_385' title='bbox 1161 3013 1241 3055; x_wconf 85' lang='grc' dir='ltr'>Πρὸς</span> <span class='ocrx_word' id='word_1_386' title='bbox 1253 3014 1373 3052; x_wconf 81' lang='grc' dir='ltr'>τούτοις</span> 
     </span>
     <span class='ocr_line' id='line_1_51' title="bbox 320 3052 1372 3103; baseline 0.01 -20"><span class='ocrx_word' id='word_1_387' title='bbox 320 3052 354 3084; x_wconf 83' lang='grc' dir='ltr'><strong>δὲ</strong></span> <span class='ocrx_word' id='word_1_388' title='bbox 366 3052 568 3095; x_wconf 81' lang='grc' dir='ltr'>Ἀναξαγόραν</span> <span class='ocrx_word' id='word_1_389' title='bbox 590 3055 642 3086; x_wconf 87' lang='grc' dir='ltr'><strong>τὸν</strong></span> <span class='ocrx_word' id='word_1_390' title='bbox 661 3056 809 3096; x_wconf 80' lang='grc' dir='ltr'>σοφιστὴν</span> <span class='ocrx_word' id='word_1_391' title='bbox 827 3057 1012 3089; x_wconf 81' lang='grc' dir='ltr'>διδάσκαλον</span> <span class='ocrx_word' id='word_1_392' title='bbox 1036 3058 1110 3091; x_wconf 76' lang='grc' dir='ltr'>ὄντα</span> <span class='ocrx_word' id='word_1_393' title='bbox 1123 3061 1307 3103; x_wconf 78' lang='grc' dir='ltr'>Περικλέους</span> <span class='ocrx_word' id='word_1_394' title='bbox 1330 3064 1372 3100; x_wconf 90' lang='grc' dir='ltr'><strong>ὡς</strong></span> 
     </span>
     <span class='ocr_line' id='line_1_52' title="bbox 320 3099 1371 3148; baseline 0.01 -17"><span class='ocrx_word' id='word_1_395' title='bbox 320 3099 494 3132; x_wconf 77' lang='grc' dir='ltr'>ἀσεόοῦντα</span> <span class='ocrx_word' id='word_1_396' title='bbox 516 3101 559 3139; x_wconf 84' lang='grc' dir='ltr'><strong>εἰς</strong></span> <span class='ocrx_word' id='word_1_397' title='bbox 591 3101 662 3139; x_wconf 78' lang='grc' dir='ltr'>τοὺς</span> <span class='ocrx_word' id='word_1_398' title='bbox 690 3102 776 3140; x_wconf 81' lang='grc' dir='ltr'>Θεοὺς</span> <span class='ocrx_word' id='word_1_399' title='bbox 806 3103 1047 3146; x_wconf 82' lang='grc' dir='ltr'>ἐσυκοφάντουν.</span> <span class='ocrx_word' id='word_1_400' title='bbox 1075 3107 1233 3148; x_wconf 81' lang='lat' dir='ltr'><strong>Josephus</strong></span> <span class='ocrx_word' id='word_1_401' title='bbox 1260 3111 1371 3141; x_wconf 87' lang='lat' dir='ltr'><strong>contra</strong></span> 
     </span>
     <span class='ocr_line' id='line_1_53' title="bbox 320 3147 1372 3196; baseline 0.01 -18"><span class='ocrx_word' id='word_1_402' title='bbox 320 3147 434 3187; x_wconf 78' lang='lat' dir='ltr'><strong>Apion.</strong></span> <span class='ocrx_word' id='word_1_403' title='bbox 446 3149 472 3180; x_wconf 88' lang='lat' dir='ltr'><strong>t.</strong></span> <span class='ocrx_word' id='word_1_404' title='bbox 487 3149 517 3181; x_wconf 90' lang='lat'><strong>11</strong></span> <span class='ocrx_word' id='word_1_405' title='bbox 536 3157 566 3189; x_wconf 79' lang='lat' dir='ltr'><strong>p.</strong></span> <span class='ocrx_word' id='word_1_406' title='bbox 587 3151 650 3182; x_wconf 72' lang='lat'><strong>492</strong></span> <span class='ocrx_word' id='word_1_407' title='bbox 666 3149 717 3183; x_wconf 79' lang='lat' dir='ltr'><strong>ed.</strong></span> <span class='ocrx_word' id='word_1_408' title='bbox 738 3147 949 3192; x_wconf 79' lang='lat' dir='ltr'><strong>Haverkamp.</strong></span> <span class='ocrx_word' id='word_1_409' title='bbox 967 3151 1189 3196; x_wconf 74' lang='grc' dir='ltr'>ιἈναξαγόρας</span> <span class='ocrx_word' id='word_1_410' title='bbox 1208 3155 1240 3187; x_wconf 85' lang='grc' dir='ltr'><strong>δὲ</strong></span> <span class='ocrx_word' id='word_1_411' title='bbox 1257 3158 1372 3194; x_wconf 85' lang='grc' dir='ltr'>Κλαζο-</span> 
     </span>
     <span class='ocr_line' id='line_1_54' title="bbox 321 3193 1374 3244; baseline 0.009 -21"><span class='ocrx_word' id='word_1_412' title='bbox 321 3195 422 3233; x_wconf 73' lang='grc' dir='ltr'>μένιος</span> <span class='ocrx_word' id='word_1_413' title='bbox 437 3193 486 3232; x_wconf 85' lang='grc' dir='ltr'><strong>ἦν·</strong></span> <span class='ocrx_word' id='word_1_414' title='bbox 500 3195 564 3226; x_wconf 83' lang='grc' dir='ltr'>ἀλλ’</span> <span class='ocrx_word' id='word_1_415' title='bbox 579 3195 631 3227; x_wconf 86' lang='grc' dir='ltr'><strong>ὅτε</strong></span> <span class='ocrx_word' id='word_1_416' title='bbox 640 3219 649 3235; x_wconf 89' lang='grc'>,</span> <span class='ocrx_word' id='word_1_417' title='bbox 662 3197 848 3238; x_wconf 82' lang='grc' dir='ltr'>νομιζόντων</span> <span class='ocrx_word' id='word_1_418' title='bbox 859 3197 1027 3238; x_wconf 73' lang='grc' dir='ltr'>Ἀθηναίων</span> <span class='ocrx_word' id='word_1_419' title='bbox 1040 3200 1092 3231; x_wconf 90' lang='grc' dir='ltr'><strong>τὸν</strong></span> <span class='ocrx_word' id='word_1_420' title='bbox 1104 3200 1190 3238; x_wconf 83' lang='grc' dir='ltr'>ἥλιον</span> <span class='ocrx_word' id='word_1_421' title='bbox 1204 3200 1280 3232; x_wconf 85' lang='grc' dir='ltr'>εἶναι</span> <span class='ocrx_word' id='word_1_422' title='bbox 1292 3202 1374 3244; x_wconf 72' lang='grc' dir='ltr'>θεόν,</span> 
     </span>
     <span class='ocr_line' id='line_1_55' title="bbox 321 3239 1373 3292; baseline 0.01 -20"><span class='ocrx_word' id='word_1_423' title='bbox 321 3239 365 3272; x_wconf 82' lang='grc' dir='ltr'><strong>ὅδ’</strong></span> <span class='ocrx_word' id='word_1_424' title='bbox 382 3240 475 3273; x_wconf 78' lang='grc' dir='ltr'>αὐτὸν</span> <span class='ocrx_word' id='word_1_425' title='bbox 493 3242 551 3282; x_wconf 71' lang='grc' dir='ltr'>ἔφη</span> <span class='ocrx_word' id='word_1_426' title='bbox 576 3242 689 3285; x_wconf 78' lang='grc' dir='ltr'>μύδρον</span> <span class='ocrx_word' id='word_1_427' title='bbox 711 3244 873 3292; x_wconf 74' lang='grc' dir='ltr'>διάπυρον,</span> <span class='ocrx_word' id='word_1_428' title='bbox 899 3245 1035 3279; x_wconf 83' lang='grc' dir='ltr'>θανάτου</span> <span class='ocrx_word' id='word_1_429' title='bbox 1060 3247 1154 3280; x_wconf 86' lang='grc' dir='ltr'>αὐτὸν</span> <span class='ocrx_word' id='word_1_430' title='bbox 1172 3247 1243 3290; x_wconf 88' lang='grc' dir='ltr'>παρ’</span> <span class='ocrx_word' id='word_1_431' title='bbox 1269 3249 1373 3291; x_wconf 82' lang='grc' dir='ltr'>ὀλίγας</span> 
     </span>
     <span class='ocr_line' id='line_1_56' title="bbox 318 3288 1371 3332; baseline 0.01 -13"><span class='ocrx_word' id='word_1_432' title='bbox 318 3288 438 3328; x_wconf 75' lang='grc' dir='ltr'>ψήφους</span> <span class='ocrx_word' id='word_1_433' title='bbox 454 3289 671 3330; x_wconf 81' lang='grc' dir='ltr'>κατέγνωσαν.</span> <span class='ocrx_word' id='word_1_434' title='bbox 688 3291 937 3332; x_wconf 80' lang='lat' dir='ltr'><strong>Olympiodorus</strong></span> <span class='ocrx_word' id='word_1_435' title='bbox 956 3293 1055 3326; x_wconf 90' lang='lat' dir='ltr'><strong>schol.</strong></span> <span class='ocrx_word' id='word_1_436' title='bbox 1072 3295 1103 3326; x_wconf 88' lang='lat' dir='ltr'><strong>in</strong></span> <span class='ocrx_word' id='word_1_437' title='bbox 1121 3294 1218 3328; x_wconf 75' lang='lat' dir='ltr'><strong>Arist.</strong></span> <span class='ocrx_word' id='word_1_438' title='bbox 1240 3298 1371 3331; x_wconf 85' lang='lat' dir='ltr'><strong>Meteor.</strong></span> 
     </span>
     <span class='ocr_line' id='line_1_57' title="bbox 319 3336 1373 3383; baseline 0.009 -16"><span class='ocrx_word' id='word_1_439' title='bbox 319 3343 350 3375; x_wconf 74' lang='grc' dir='ltr'><strong>Ι).</strong></span> <span class='ocrx_word' id='word_1_440' title='bbox 369 3340 387 3368; x_wconf 81' lang='lat'><strong>5</strong></span> <span class='ocrx_word' id='word_1_441' title='bbox 409 3344 428 3367; x_wconf 85' lang='lat' dir='ltr'><strong>a</strong></span> <span class='ocrx_word' id='word_1_442' title='bbox 442 3348 451 3368; x_wconf 70' lang='grc' dir='ltr'><strong>ς</strong></span> <span class='ocrx_word' id='word_1_443' title='bbox 471 3337 513 3374; x_wconf 87' lang='grc' dir='ltr'><strong>ὡς</strong></span> <span class='ocrx_word' id='word_1_444' title='bbox 529 3337 583 3369; x_wconf 88' lang='grc' dir='ltr'><strong>καὶ</strong></span> <span class='ocrx_word' id='word_1_445' title='bbox 600 3337 653 3370; x_wconf 85' lang='grc' dir='ltr'><strong>τὸν</strong></span> <span class='ocrx_word' id='word_1_446' title='bbox 668 3336 871 3382; x_wconf 75' lang='grc' dir='ltr'>Ἀναξαγόραν</span> <span class='ocrx_word' id='word_1_447' title='bbox 885 3340 997 3382; x_wconf 72' lang='grc' dir='ltr'>μύδρον</span> <span class='ocrx_word' id='word_1_448' title='bbox 1013 3342 1143 3374; x_wconf 83' lang='grc' dir='ltr'>καλέσαι</span> <span class='ocrx_word' id='word_1_449' title='bbox 1155 3343 1208 3376; x_wconf 84' lang='grc' dir='ltr'><strong>τὸν</strong></span> <span class='ocrx_word' id='word_1_450' title='bbox 1222 3343 1308 3383; x_wconf 82' lang='grc' dir='ltr'>ἣλιον</span> <span class='ocrx_word' id='word_1_451' title='bbox 1322 3345 1373 3378; x_wconf 83' lang='grc' dir='ltr'><strong>διὰ</strong></span> 
     </span>
     <span class='ocr_line' id='line_1_58' title="bbox 318 3382 1369 3436; baseline 0.01 -23"><span class='ocrx_word' id='word_1_452' title='bbox 318 3382 354 3436; x_wconf 70' lang='grc' dir='ltr'><strong>τό</strong></span> <span class='ocrx_word' id='word_1_453' title='bbox 373 3382 505 3424; x_wconf 82' lang='grc' dir='ltr'>ἄμετρον</span> <span class='ocrx_word' id='word_1_454' title='bbox 526 3387 580 3422; x_wconf 87' lang='grc' dir='ltr'><strong>τῆς</strong></span> <span class='ocrx_word' id='word_1_455' title='bbox 595 3387 780 3427; x_wconf 84' lang='grc' dir='ltr'>πυρώσεως.</span> <span class='ocrx_word' id='word_1_456' title='bbox 801 3388 910 3428; x_wconf 78' lang='grc' dir='ltr'>μύδρος</span> <span class='ocrx_word' id='word_1_457' title='bbox 936 3387 995 3431; x_wconf 89' lang='grc' dir='ltr'><strong>γάρ</strong></span> <span class='ocrx_word' id='word_1_458' title='bbox 1013 3388 1096 3421; x_wconf 89' lang='grc' dir='ltr'>ἐστιν</span> <span class='ocrx_word' id='word_1_459' title='bbox 1118 3391 1135 3422; x_wconf 88' lang='grc' dir='ltr'><strong>ὁ</strong></span> <span class='ocrx_word' id='word_1_460' title='bbox 1148 3393 1369 3433; x_wconf 81' lang='grc' dir='ltr'>πεπυρωμένος</span> 
     </span>
     <span class='ocr_line' id='line_1_59' title="bbox 319 3430 1371 3481; baseline 0.009 -19"><span class='ocrx_word' id='word_1_461' title='bbox 319 3430 453 3473; x_wconf 88' lang='grc' dir='ltr'>σιδηρος.</span> <span class='ocrx_word' id='word_1_462' title='bbox 467 3431 514 3464; x_wconf 87' lang='grc' dir='ltr'><strong>διὸ</strong></span> <span class='ocrx_word' id='word_1_463' title='bbox 524 3433 577 3464; x_wconf 88' lang='grc' dir='ltr'><strong>καὶ</strong></span> <span class='ocrx_word' id='word_1_464' title='bbox 590 3434 607 3465; x_wconf 88' lang='grc' dir='ltr'><strong>ὁ</strong></span> <span class='ocrx_word' id='word_1_465' title='bbox 617 3431 817 3476; x_wconf 75' lang='grc' dir='ltr'>Ἀναξαγόρας</span> <span class='ocrx_word' id='word_1_466' title='bbox 833 3435 1062 3477; x_wconf 70' lang='grc' dir='ltr'>ἐξωστρακίσθη</span> <span class='ocrx_word' id='word_1_467' title='bbox 1075 3437 1111 3469; x_wconf 90' lang='grc' dir='ltr'><strong>ἐκ</strong></span> <span class='ocrx_word' id='word_1_468' title='bbox 1120 3441 1182 3470; x_wconf 85' lang='grc' dir='ltr'><strong>τῶν</strong></span> <span class='ocrx_word' id='word_1_469' title='bbox 1194 3432 1371 3481; x_wconf 75' lang='grc' dir='ltr'>Ἀθηναίων,</span> 
     </span>
     <span class='ocr_line' id='line_1_60' title="bbox 319 3478 1371 3527; baseline 0.011 -19"><span class='ocrx_word' id='word_1_470' title='bbox 319 3478 361 3513; x_wconf 81' lang='grc' dir='ltr'><strong>ὡς</strong></span> <span class='ocrx_word' id='word_1_471' title='bbox 380 3479 519 3510; x_wconf 79' lang='grc' dir='ltr'>τοιοῦτον</span> <span class='ocrx_word' id='word_1_472' title='bbox 537 3491 565 3511; x_wconf 91' lang='grc' dir='ltr'><strong>τι</strong></span> <span class='ocrx_word' id='word_1_473' title='bbox 583 3481 739 3521; x_wconf 73' lang='grc' dir='ltr'>τολμήσας</span> <span class='ocrx_word' id='word_1_474' title='bbox 756 3482 863 3515; x_wconf 87' lang='grc' dir='ltr'>εἰπεῖν.</span> <span class='ocrx_word' id='word_1_475' title='bbox 881 3483 1009 3525; x_wconf 77' lang='grc' dir='ltr'>ὕστερον</span> <span class='ocrx_word' id='word_1_476' title='bbox 1026 3483 1053 3516; x_wconf 80' lang='grc' dir='ltr'><strong>δ’</strong></span> <span class='ocrx_word' id='word_1_477' title='bbox 1074 3484 1225 3525; x_wconf 82' lang='grc' dir='ltr'>ἀνεκλήθη</span> <span class='ocrx_word' id='word_1_478' title='bbox 1250 3487 1301 3519; x_wconf 79' lang='grc' dir='ltr'><strong>διὰ</strong></span> <span class='ocrx_word' id='word_1_479' title='bbox 1317 3491 1371 3527; x_wconf 85' lang='grc' dir='ltr'><strong>τῆς</strong></span> 
     </span>
    </p>
   </div>
   <div class='ocr_carea' id='block_1_5' title="bbox 1423 311 2500 1791">
    <p class='ocr_par' dir='ltr' id='par_1_6' title="bbox 1423 311 2500 1791">
     <span class='ocr_line' id='line_1_61' title="bbox 1425 311 2483 366; baseline -0.001 -12"><span class='ocrx_word' id='word_1_480' title='bbox 1425 317 1639 366; x_wconf 83' lang='lat' dir='ltr'><strong>fragmenta</strong></span> <span class='ocrx_word' id='word_1_481' title='bbox 1661 313 1738 364; x_wconf 78' lang='grc' dir='ltr'>(ιο)</span> <span class='ocrx_word' id='word_1_482' title='bbox 1761 322 1838 351; x_wconf 89' lang='lat' dir='ltr'><strong>tam</strong></span> <span class='ocrx_word' id='word_1_483' title='bbox 1860 321 2040 351; x_wconf 89' lang='lat' dir='ltr'><strong>accurate</strong></span> <span class='ocrx_word' id='word_1_484' title='bbox 2068 312 2260 352; x_wconf 84' lang='lat' dir='ltr'><strong>recensita</strong></span> <span class='ocrx_word' id='word_1_485' title='bbox 2280 325 2396 364; x_wconf 83' lang='lat' dir='ltr'><strong>quam</strong></span> <span class='ocrx_word' id='word_1_486' title='bbox 2418 311 2483 353; x_wconf 86' lang='lat' dir='ltr'><strong>di-</strong></span> 
     </span>
     <span class='ocr_line' id='line_1_62' title="bbox 1423 371 2483 424; baseline -0.001 -11"><span class='ocrx_word' id='word_1_487' title='bbox 1423 375 1587 424; x_wconf 84' lang='lat' dir='ltr'><strong>ligenter</strong></span> <span class='ocrx_word' id='word_1_488' title='bbox 1619 385 1811 411; x_wconf 86' lang='lat' dir='ltr'><strong>conversa</strong></span> <span class='ocrx_word' id='word_1_489' title='bbox 1837 385 1859 411; x_wconf 93' lang='lat' dir='ltr'><strong>e</strong></span> <span class='ocrx_word' id='word_1_490' title='bbox 1892 372 2099 424; x_wconf 87' lang='lat' dir='ltr'><strong>Simplicio</strong></span> <span class='ocrx_word' id='word_1_491' title='bbox 2129 372 2234 411; x_wconf 79' lang='lat' dir='ltr'><strong>infra</strong></span> <span class='ocrx_word' id='word_1_492' title='bbox 2261 371 2483 413; x_wconf 82' lang='lat' dir='ltr'><strong>afferemus.</strong></span> 
     </span>
     <span class='ocr_line' id='line_1_63' title="bbox 1423 429 2485 484; baseline -0.001 -13"><span class='ocrx_word' id='word_1_493' title='bbox 1423 433 1532 472; x_wconf 85' lang='lat' dir='ltr'><strong>Talis</strong></span> <span class='ocrx_word' id='word_1_494' title='bbox 1565 432 1698 484; x_wconf 87' lang='lat' dir='ltr'><strong>operis</strong></span> <span class='ocrx_word' id='word_1_495' title='bbox 1731 430 1878 470; x_wconf 91' lang='lat' dir='ltr'><strong>mentio</strong></span> <span class='ocrx_word' id='word_1_496' title='bbox 1910 431 1955 470; x_wconf 81' lang='lat' dir='ltr'><strong>fit</strong></span> <span class='ocrx_word' id='word_1_497' title='bbox 1983 430 2100 470; x_wconf 86' lang='lat' dir='ltr'><strong>etiam</strong></span> <span class='ocrx_word' id='word_1_498' title='bbox 2133 429 2238 483; x_wconf 89' lang='lat' dir='ltr'><strong>apud</strong></span> <span class='ocrx_word' id='word_1_499' title='bbox 2270 429 2485 481; x_wconf 83' lang='lat' dir='ltr'><strong>Diogenem</strong></span> 
     </span>
     <span class='ocr_line' id='line_1_64' title="bbox 1427 489 2488 543; baseline 0.001 -13"><span class='ocrx_word' id='word_1_500' title='bbox 1427 491 1623 530; x_wconf 89' lang='lat' dir='ltr'><strong>Laertium</strong></span> <span class='ocrx_word' id='word_1_501' title='bbox 1644 490 1717 530; x_wconf 91' lang='lat' dir='ltr'><strong>lib.</strong></span> <span class='ocrx_word' id='word_1_502' title='bbox 1738 489 1794 538; x_wconf 87' lang='lat'><strong>11,</strong></span> <span class='ocrx_word' id='word_1_503' title='bbox 1813 490 1837 528; x_wconf 92' lang='grc'>6</span> <span class='ocrx_word' id='word_1_504' title='bbox 1854 490 1950 543; x_wconf 63' lang='lat'><strong>(11),</strong></span> <span class='ocrx_word' id='word_1_505' title='bbox 1973 490 2042 542; x_wconf 90' lang='lat' dir='ltr'><strong>qui</strong></span> <span class='ocrx_word' id='word_1_506' title='bbox 2058 503 2147 530; x_wconf 87' lang='lat' dir='ltr'><strong>eum</strong></span> <span class='ocrx_word' id='word_1_507' title='bbox 2162 503 2284 529; x_wconf 91' lang='lat' dir='ltr'><strong>unum</strong></span> <span class='ocrx_word' id='word_1_508' title='bbox 2299 489 2488 531; x_wconf 73' lang='lat' dir='ltr'><strong>duntaxat</strong></span> 
     </span>
     <span class='ocr_line' id='line_1_65' title="bbox 1426 547 2488 602; baseline 0.001 -13"><span class='ocrx_word' id='word_1_509' title='bbox 1426 551 1610 590; x_wconf 85' lang='lat' dir='ltr'><strong>volumen</strong></span> <span class='ocrx_word' id='word_1_510' title='bbox 1630 549 1703 589; x_wconf 90' lang='lat' dir='ltr'><strong>lib.</strong></span> <span class='ocrx_word' id='word_1_511' title='bbox 1726 549 1760 596; x_wconf 88' lang='lat'><strong>1,</strong></span> <span class='ocrx_word' id='word_1_512' title='bbox 1787 550 1833 588; x_wconf 87' lang='lat'><strong>16</strong></span> <span class='ocrx_word' id='word_1_513' title='bbox 1853 549 2077 600; x_wconf 83' lang='lat' dir='ltr'><strong>divulgasse</strong></span> <span class='ocrx_word' id='word_1_514' title='bbox 2105 557 2241 589; x_wconf 89' lang='lat' dir='ltr'><strong>auctor</strong></span> <span class='ocrx_word' id='word_1_515' title='bbox 2259 557 2330 589; x_wconf 86' lang='lat' dir='ltr'><strong>est.</strong></span> <span class='ocrx_word' id='word_1_516' title='bbox 2351 547 2488 602; x_wconf 82' lang='lat' dir='ltr'><strong>Neque</strong></span> 
     </span>
     <span class='ocr_line' id='line_1_66' title="bbox 1426 607 2489 661; baseline -0.001 -12"><span class='ocrx_word' id='word_1_517' title='bbox 1426 610 1590 650; x_wconf 88' lang='lat' dir='ltr'><strong>dubium</strong></span> <span class='ocrx_word' id='word_1_518' title='bbox 1611 610 1708 661; x_wconf 92' lang='lat' dir='ltr'><strong>quin</strong></span> <span class='ocrx_word' id='word_1_519' title='bbox 1729 610 1770 648; x_wconf 91' lang='lat' dir='ltr'><strong>in</strong></span> <span class='ocrx_word' id='word_1_520' title='bbox 1794 609 1870 648; x_wconf 93' lang='lat' dir='ltr'><strong>hoc</strong></span> <span class='ocrx_word' id='word_1_521' title='bbox 1896 609 1945 648; x_wconf 89' lang='lat' dir='ltr'><strong>de</strong></span> <span class='ocrx_word' id='word_1_522' title='bbox 1977 608 2095 648; x_wconf 87' lang='lat' dir='ltr'><strong>rebus</strong></span> <span class='ocrx_word' id='word_1_523' title='bbox 2116 607 2363 649; x_wconf 87' lang='lat' dir='ltr'><strong>naturalibus</strong></span> <span class='ocrx_word' id='word_1_524' title='bbox 2382 622 2489 648; x_wconf 90' lang='lat' dir='ltr'><strong>com·</strong></span> 
     </span>
     <span class='ocr_line' id='line_1_67' title="bbox 1429 668 2489 708; baseline 0 0"><span class='ocrx_word' id='word_1_525' title='bbox 1429 670 1618 708; x_wconf 87' lang='lat' dir='ltr'><strong>mentario</strong></span> <span class='ocrx_word' id='word_1_526' title='bbox 1639 682 1775 708; x_wconf 81' lang='lat' dir='ltr'><strong>causas</strong></span> <span class='ocrx_word' id='word_1_527' title='bbox 1796 669 2031 708; x_wconf 79' lang='lat' dir='ltr'><strong>collustratae</strong></span> <span class='ocrx_word' id='word_1_528' title='bbox 2050 678 2088 708; x_wconf 89' lang='lat' dir='ltr'><strong>et</strong></span> <span class='ocrx_word' id='word_1_529' title='bbox 2125 668 2367 708; x_wconf 73' lang='lat' dir='ltr'><strong>obumbratae</strong></span> <span class='ocrx_word' id='word_1_530' title='bbox 2386 668 2489 708; x_wconf 83' lang='lat' dir='ltr'><strong>lunae</strong></span> 
     </span>
     <span class='ocr_line' id='line_1_68' title="bbox 1428 727 2490 781; baseline -0.001 -13"><span class='ocrx_word' id='word_1_531' title='bbox 1428 729 1664 777; x_wconf 85' lang='lat' dir='ltr'><strong>reddiderit,</strong></span> <span class='ocrx_word' id='word_1_532' title='bbox 1692 728 1889 781; x_wconf 85' lang='lat' dir='ltr'><strong>siquidem</strong></span> <span class='ocrx_word' id='word_1_533' title='bbox 1921 727 1964 767; x_wconf 90' lang='lat' dir='ltr'><strong>id</strong></span> <span class='ocrx_word' id='word_1_534' title='bbox 1994 737 2266 779; x_wconf 82' lang='lat' dir='ltr'><strong>argumentum</strong></span> <span class='ocrx_word' id='word_1_535' title='bbox 2295 736 2430 781; x_wconf 87' lang='lat' dir='ltr'><strong>aperte</strong></span> <span class='ocrx_word' id='word_1_536' title='bbox 2451 737 2490 767; x_wconf 91' lang='lat' dir='ltr'><strong>et</strong></span> 
     </span>
     <span class='ocr_line' id='line_1_69' title="bbox 1429 788 2488 839; baseline -0.002 -11"><span class='ocrx_word' id='word_1_537' title='bbox 1429 789 1612 828; x_wconf 88' lang='lat' dir='ltr'><strong>audacter</strong></span> <span class='ocrx_word' id='word_1_538' title='bbox 1643 788 1693 828; x_wconf 89' lang='lat' dir='ltr'><strong>ab</strong></span> <span class='ocrx_word' id='word_1_539' title='bbox 1723 802 1770 827; x_wconf 94' lang='lat' dir='ltr'><strong>eo</strong></span> <span class='ocrx_word' id='word_1_540' title='bbox 1799 796 2003 827; x_wconf 89' lang='lat' dir='ltr'><strong>tractatum</strong></span> <span class='ocrx_word' id='word_1_541' title='bbox 2039 801 2124 827; x_wconf 82' lang='lat' dir='ltr'><strong>esse</strong></span> <span class='ocrx_word' id='word_1_542' title='bbox 2153 788 2390 828; x_wconf 85' lang='lat' dir='ltr'><strong>Plutarchus</strong></span> <span class='ocrx_word' id='word_1_543' title='bbox 2411 788 2488 839; x_wconf 73' lang='lat' dir='ltr'><strong>(xa)</strong></span> 
     </span>
     <span class='ocr_line' id='line_1_70' title="bbox 1429 847 2493 901; baseline 0 -15"><span class='ocrx_word' id='word_1_544' title='bbox 1429 849 1627 887; x_wconf 82' lang='lat' dir='ltr'><strong>memoriae</strong></span> <span class='ocrx_word' id='word_1_545' title='bbox 1660 849 1809 901; x_wconf 88' lang='lat' dir='ltr'><strong>prodit.</strong></span> <span class='ocrx_word' id='word_1_546' title='bbox 1838 850 1887 887; x_wconf 89' lang='lat' dir='ltr'><strong>At</strong></span> <span class='ocrx_word' id='word_1_547' title='bbox 1907 861 1930 887; x_wconf 87' lang='lat' dir='ltr'><strong>a</strong></span> <span class='ocrx_word' id='word_1_548' title='bbox 1951 847 2114 901; x_wconf 84' lang='lat' dir='ltr'><strong>physica</strong></span> <span class='ocrx_word' id='word_1_549' title='bbox 2133 848 2285 888; x_wconf 85' lang='lat' dir='ltr'><strong>ratione</strong></span> <span class='ocrx_word' id='word_1_550' title='bbox 2305 847 2493 887; x_wconf 83' lang='lat' dir='ltr'><strong>abhorret</strong></span> 
     </span>
     <span class='ocr_line' id='line_1_71' title="bbox 1429 907 2492 961; baseline 0.001 -14"><span class='ocrx_word' id='word_1_551' title='bbox 1429 908 1586 948; x_wconf 90' lang='lat' dir='ltr'><strong>libellus</strong></span> <span class='ocrx_word' id='word_1_552' title='bbox 1622 909 1670 948; x_wconf 92' lang='lat' dir='ltr'><strong>de</strong></span> <span class='ocrx_word' id='word_1_553' title='bbox 1695 909 1933 961; x_wconf 89' lang='lat' dir='ltr'><strong>quadratura</strong></span> <span class='ocrx_word' id='word_1_554' title='bbox 1965 908 2106 947; x_wconf 91' lang='lat' dir='ltr'><strong>circuli</strong></span> <span class='ocrx_word' id='word_1_555' title='bbox 2134 921 2251 960; x_wconf 87' lang='lat' dir='ltr'><strong>quem</strong></span> <span class='ocrx_word' id='word_1_556' title='bbox 2280 909 2318 947; x_wconf 88' lang='lat' dir='ltr'><strong>ei</strong></span> <span class='ocrx_word' id='word_1_557' title='bbox 2349 907 2492 948; x_wconf 85' lang='lat' dir='ltr'><strong>tribuit</strong></span> 
     </span>
     <span class='ocr_line' id='line_1_72' title="bbox 1428 967 2493 1020; baseline 0.001 -14"><span class='ocrx_word' id='word_1_558' title='bbox 1428 968 1661 1007; x_wconf 80' lang='lat' dir='ltr'><strong>Plutarchus</strong></span> <span class='ocrx_word' id='word_1_559' title='bbox 1685 969 1763 1020; x_wconf 81' lang='lat'>(13)</span> <span class='ocrx_word' id='word_1_560' title='bbox 1790 968 1847 1007; x_wconf 91' lang='lat' dir='ltr'><strong>De</strong></span> <span class='ocrx_word' id='word_1_561' title='bbox 1872 967 2013 1007; x_wconf 80' lang='lat' dir='ltr'><strong>exsilio</strong></span> <span class='ocrx_word' id='word_1_562' title='bbox 2042 980 2126 1019; x_wconf 86' lang='lat' dir='ltr'><strong>cap.</strong></span> <span class='ocrx_word' id='word_1_563' title='bbox 2151 982 2215 1019; x_wconf 81' lang='lat'><strong>17,</strong></span> <span class='ocrx_word' id='word_1_564' title='bbox 2233 967 2276 1006; x_wconf 88' lang='lat' dir='ltr'><strong>in</strong></span> <span class='ocrx_word' id='word_1_565' title='bbox 2296 980 2452 1007; x_wconf 83' lang='lat' dir='ltr'><strong>carcere</strong></span> <span class='ocrx_word' id='word_1_566' title='bbox 2471 981 2493 1007; x_wconf 84' lang='lat' dir='ltr'><strong>a</strong></span> 
     </span>
     <span class='ocr_line' id='line_1_73' title="bbox 1429 1025 2491 1087; baseline -0.002 -22"><span class='ocrx_word' id='word_1_567' title='bbox 1429 1027 1678 1066; x_wconf 89' lang='lat' dir='ltr'><strong>Clazomenio</strong></span> <span class='ocrx_word' id='word_1_568' title='bbox 1698 1026 1935 1079; x_wconf 87' lang='lat' dir='ltr'><strong>philosopho</strong></span> <span class='ocrx_word' id='word_1_569' title='bbox 1956 1026 2223 1087; x_wconf 58' lang='lat' dir='ltr'><strong>conscgiptum</strong></span> <span class='ocrx_word' id='word_1_570' title='bbox 2243 1038 2328 1065; x_wconf 85' lang='lat' dir='ltr'><strong>esse</strong></span> <span class='ocrx_word' id='word_1_571' title='bbox 2344 1025 2491 1066; x_wconf 84' lang='lat' dir='ltr'><strong>dicens.</strong></span> 
     </span>
     <span class='ocr_line' id='line_1_74' title="bbox 1430 1084 2491 1138; baseline -0.002 -13"><span class='ocrx_word' id='word_1_572' title='bbox 1430 1087 1606 1126; x_wconf 88' lang='lat' dir='ltr'><strong>Tertium</strong></span> <span class='ocrx_word' id='word_1_573' title='bbox 1629 1088 1867 1137; x_wconf 78' lang='lat' dir='ltr'><strong>Anaxagorae</strong></span> <span class='ocrx_word' id='word_1_574' title='bbox 1887 1098 1987 1138; x_wconf 86' lang='lat' dir='ltr'><strong>opus</strong></span> <span class='ocrx_word' id='word_1_575' title='bbox 2014 1094 2204 1124; x_wconf 88' lang='lat' dir='ltr'><strong>memorat</strong></span> <span class='ocrx_word' id='word_1_576' title='bbox 2225 1084 2428 1124; x_wconf 85' lang='lat' dir='ltr'><strong>Vitruvius</strong></span> <span class='ocrx_word' id='word_1_577' title='bbox 2450 1085 2491 1123; x_wconf 91' lang='lat' dir='ltr'><strong>in</strong></span> 
     </span>
     <span class='ocr_line' id='line_1_75' title="bbox 1432 1137 2490 1198; baseline -0.003 -13"><span class='ocrx_word' id='word_1_578' title='bbox 1432 1146 1661 1198; x_wconf 73' lang='lat' dir='ltr'><strong>praefatione</strong></span> <span class='ocrx_word' id='word_1_579' title='bbox 1681 1146 1729 1185; x_wconf 92' lang='lat' dir='ltr'><strong>ad</strong></span> <span class='ocrx_word' id='word_1_580' title='bbox 1746 1145 1818 1186; x_wconf 89' lang='lat' dir='ltr'><strong>lib.</strong></span> <span class='ocrx_word' id='word_1_581' title='bbox 1833 1137 1903 1183; x_wconf 88' lang='lat' dir='ltr'><strong>Vll</strong></span> <span class='ocrx_word' id='word_1_582' title='bbox 1919 1145 1967 1183; x_wconf 93' lang='lat' dir='ltr'><strong>de</strong></span> <span class='ocrx_word' id='word_1_583' title='bbox 1982 1144 2240 1184; x_wconf 86' lang='lat' dir='ltr'><strong>architectura</strong></span> <span class='ocrx_word' id='word_1_584' title='bbox 2253 1143 2317 1183; x_wconf 84' lang='lat' dir='ltr'><strong>his</strong></span> <span class='ocrx_word' id='word_1_585' title='bbox 2332 1143 2467 1183; x_wconf 82' lang='lat' dir='ltr'><strong>verbis</strong></span> <span class='ocrx_word' id='word_1_586' title='bbox 2480 1157 2490 1182; x_wconf 88' lang='lat'>:</span> 
     </span>
     <span class='ocr_line' id='line_1_76' title="bbox 1436 1202 2494 1258; baseline -0.001 -15"><span class='ocrx_word' id='word_1_587' title='bbox 1436 1223 1452 1238; x_wconf 87' lang='lat'>«</span> <span class='ocrx_word' id='word_1_588' title='bbox 1475 1208 1650 1257; x_wconf 81' lang='lat' dir='ltr'><strong>Namque</strong></span> <span class='ocrx_word' id='word_1_589' title='bbox 1677 1205 1850 1258; x_wconf 88' lang='lat' dir='ltr'><strong>primum</strong></span> <span class='ocrx_word' id='word_1_590' title='bbox 1884 1204 2173 1255; x_wconf 81' lang='lat' dir='ltr'><strong>Agatharchus,</strong></span> <span class='ocrx_word' id='word_1_591' title='bbox 2208 1202 2391 1255; x_wconf 83' lang='lat' dir='ltr'><strong>AEschylo</strong></span> <span class='ocrx_word' id='word_1_592' title='bbox 2421 1202 2494 1242; x_wconf 89' lang='lat' dir='ltr'><strong>do·</strong></span> 
     </span>
     <span class='ocr_line' id='line_1_77' title="bbox 1433 1262 2495 1314; baseline -0.002 -12"><span class='ocrx_word' id='word_1_593' title='bbox 1433 1272 1542 1302; x_wconf 87' lang='lat' dir='ltr'><strong>cente</strong></span> <span class='ocrx_word' id='word_1_594' title='bbox 1562 1264 1791 1314; x_wconf 88' lang='lat' dir='ltr'><strong>tragoediam</strong></span> <span class='ocrx_word' id='word_1_595' title='bbox 1804 1293 1814 1312; x_wconf 91' lang='lat'><strong>,</strong></span> <span class='ocrx_word' id='word_1_596' title='bbox 1837 1276 1991 1302; x_wconf 90' lang='lat' dir='ltr'><strong>scenam</strong></span> <span class='ocrx_word' id='word_1_597' title='bbox 2011 1263 2101 1302; x_wconf 89' lang='lat' dir='ltr'><strong>fecit</strong></span> <span class='ocrx_word' id='word_1_598' title='bbox 2118 1272 2156 1301; x_wconf 87' lang='lat' dir='ltr'><strong>et</strong></span> <span class='ocrx_word' id='word_1_599' title='bbox 2172 1262 2220 1301; x_wconf 89' lang='lat' dir='ltr'><strong>de</strong></span> <span class='ocrx_word' id='word_1_600' title='bbox 2235 1275 2281 1302; x_wconf 90' lang='lat' dir='ltr'><strong>ea</strong></span> <span class='ocrx_word' id='word_1_601' title='bbox 2297 1274 2495 1314; x_wconf 84' lang='lat' dir='ltr'><strong>commen·</strong></span> 
     </span>
     <span class='ocr_line' id='line_1_78' title="bbox 1433 1321 2495 1375; baseline -0.002 -13"><span class='ocrx_word' id='word_1_602' title='bbox 1433 1324 1575 1362; x_wconf 91' lang='lat' dir='ltr'><strong>tarium</strong></span> <span class='ocrx_word' id='word_1_603' title='bbox 1611 1324 1784 1375; x_wconf 87' lang='lat' dir='ltr'><strong>reliquit.</strong></span> <span class='ocrx_word' id='word_1_604' title='bbox 1832 1323 1889 1361; x_wconf 88' lang='lat' dir='ltr'><strong>Ex</strong></span> <span class='ocrx_word' id='word_1_605' title='bbox 1921 1336 1967 1362; x_wconf 93' lang='lat' dir='ltr'><strong>eo</strong></span> <span class='ocrx_word' id='word_1_606' title='bbox 2004 1322 2143 1362; x_wconf 90' lang='lat' dir='ltr'><strong>moniti</strong></span> <span class='ocrx_word' id='word_1_607' title='bbox 2175 1321 2423 1365; x_wconf 83' lang='lat' dir='ltr'><strong>Democritus</strong></span> <span class='ocrx_word' id='word_1_608' title='bbox 2457 1330 2495 1360; x_wconf 89' lang='lat' dir='ltr'><strong>et</strong></span> 
     </span>
     <span class='ocr_line' id='line_1_79' title="bbox 1434 1380 2496 1436; baseline -0.002 -14"><span class='ocrx_word' id='word_1_609' title='bbox 1434 1385 1687 1435; x_wconf 85' lang='lat' dir='ltr'><strong>Anaxagoras</strong></span> <span class='ocrx_word' id='word_1_610' title='bbox 1720 1384 1768 1423; x_wconf 89' lang='lat' dir='ltr'><strong>de</strong></span> <span class='ocrx_word' id='word_1_611' title='bbox 1794 1384 1927 1423; x_wconf 90' lang='lat' dir='ltr'><strong>eadem</strong></span> <span class='ocrx_word' id='word_1_612' title='bbox 1948 1397 1990 1422; x_wconf 88' lang='lat' dir='ltr'><strong>re</strong></span> <span class='ocrx_word' id='word_1_613' title='bbox 2022 1384 2283 1436; x_wconf 86' lang='lat' dir='ltr'><strong>scripserunt,</strong></span> <span class='ocrx_word' id='word_1_614' title='bbox 2308 1380 2496 1434; x_wconf 83' lang='lat' dir='ltr'><strong>quemad·</strong></span> 
     </span>
     <span class='ocr_line' id='line_1_80' title="bbox 1434 1441 2496 1496; baseline -0.002 -15"><span class='ocrx_word' id='word_1_615' title='bbox 1434 1443 1592 1482; x_wconf 90' lang='lat' dir='ltr'><strong>modum</strong></span> <span class='ocrx_word' id='word_1_616' title='bbox 1631 1452 1809 1496; x_wconf 83' lang='lat' dir='ltr'><strong>oporteat</strong></span> <span class='ocrx_word' id='word_1_617' title='bbox 1847 1443 1894 1482; x_wconf 89' lang='lat' dir='ltr'><strong>ad</strong></span> <span class='ocrx_word' id='word_1_618' title='bbox 1945 1444 2066 1482; x_wconf 90' lang='lat' dir='ltr'><strong>aciem</strong></span> <span class='ocrx_word' id='word_1_619' title='bbox 2114 1442 2318 1482; x_wconf 92' lang='lat' dir='ltr'><strong>oculorum</strong></span> <span class='ocrx_word' id='word_1_620' title='bbox 2357 1441 2496 1480; x_wconf 85' lang='lat' dir='ltr'><strong>radio—</strong></span> 
     </span>
     <span class='ocr_line' id='line_1_81' title="bbox 1432 1500 2493 1554; baseline -0.001 -14"><span class='ocrx_word' id='word_1_621' title='bbox 1432 1515 1599 1554; x_wconf 88' lang='lat' dir='ltr'><strong>rumque</strong></span> <span class='ocrx_word' id='word_1_622' title='bbox 1632 1503 1903 1542; x_wconf 88' lang='lat' dir='ltr'><strong>extensionem</strong></span> <span class='ocrx_word' id='word_1_623' title='bbox 1928 1511 2031 1540; x_wconf 85' lang='lat' dir='ltr'><strong>certo</strong></span> <span class='ocrx_word' id='word_1_624' title='bbox 2060 1503 2148 1541; x_wconf 93' lang='lat' dir='ltr'><strong>loco</strong></span> <span class='ocrx_word' id='word_1_625' title='bbox 2177 1510 2311 1541; x_wconf 90' lang='lat' dir='ltr'><strong>centro</strong></span> <span class='ocrx_word' id='word_1_626' title='bbox 2347 1500 2493 1539; x_wconf 90' lang='lat' dir='ltr'><strong>consti-</strong></span> 
     </span>
     <span class='ocr_line' id='line_1_82' title="bbox 1434 1559 2497 1615; baseline 0 -16"><span class='ocrx_word' id='word_1_627' title='bbox 1434 1570 1516 1600; x_wconf 85' lang='lat' dir='ltr'><strong>tuto</strong></span> <span class='ocrx_word' id='word_1_628' title='bbox 1530 1592 1540 1609; x_wconf 96' lang='lat'><strong>,</strong></span> <span class='ocrx_word' id='word_1_629' title='bbox 1562 1562 1687 1600; x_wconf 89' lang='lat' dir='ltr'><strong>lineas</strong></span> <span class='ocrx_word' id='word_1_630' title='bbox 1708 1563 1861 1601; x_wconf 87' lang='lat' dir='ltr'><strong>ratione</strong></span> <span class='ocrx_word' id='word_1_631' title='bbox 1889 1562 2058 1601; x_wconf 84' lang='lat' dir='ltr'><strong>naturali</strong></span> <span class='ocrx_word' id='word_1_632' title='bbox 2079 1561 2339 1615; x_wconf 86' lang='lat' dir='ltr'><strong>respondere,</strong></span> <span class='ocrx_word' id='word_1_633' title='bbox 2361 1561 2421 1600; x_wconf 91' lang='lat' dir='ltr'><strong>uti</strong></span> <span class='ocrx_word' id='word_1_634' title='bbox 2447 1559 2497 1599; x_wconf 89' lang='lat' dir='ltr'><strong>de</strong></span> 
     </span>
     <span class='ocr_line' id='line_1_83' title="bbox 1433 1621 2494 1672; baseline 0 -13"><span class='ocrx_word' id='word_1_635' title='bbox 1433 1622 1581 1660; x_wconf 88' lang='lat' dir='ltr'><strong>incerta</strong></span> <span class='ocrx_word' id='word_1_636' title='bbox 1596 1635 1637 1660; x_wconf 93' lang='lat' dir='ltr'><strong>re</strong></span> <span class='ocrx_word' id='word_1_637' title='bbox 1648 1631 1759 1660; x_wconf 81' lang='lat' dir='ltr'><strong>certae</strong></span> <span class='ocrx_word' id='word_1_638' title='bbox 1770 1622 1960 1672; x_wconf 82' lang='lat' dir='ltr'><strong>imagines</strong></span> <span class='ocrx_word' id='word_1_639' title='bbox 1970 1621 2224 1660; x_wconf 80' lang='lat' dir='ltr'><strong>aedificiorum</strong></span> <span class='ocrx_word' id='word_1_640' title='bbox 2237 1622 2278 1660; x_wconf 91' lang='lat' dir='ltr'><strong>in</strong></span> <span class='ocrx_word' id='word_1_641' title='bbox 2292 1633 2494 1660; x_wconf 76' lang='lat' dir='ltr'><strong>scenarum</strong></span> 
     </span>
     <span class='ocr_line' id='line_1_84' title="bbox 1433 1672 2498 1732; baseline 0.001 -15"><span class='ocrx_word' id='word_1_642' title='bbox 1433 1680 1599 1732; x_wconf 87' lang='lat' dir='ltr'><strong>picturis</strong></span> <span class='ocrx_word' id='word_1_643' title='bbox 1622 1672 1832 1718; x_wconf 84' lang='lat' dir='ltr'><strong>redderent</strong></span> <span class='ocrx_word' id='word_1_644' title='bbox 1866 1680 2060 1732; x_wconf 87' lang='lat' dir='ltr'><strong>speciem,</strong></span> <span class='ocrx_word' id='word_1_645' title='bbox 2084 1689 2122 1718; x_wconf 89' lang='lat' dir='ltr'><strong>et</strong></span> <span class='ocrx_word' id='word_1_646' title='bbox 2151 1694 2237 1732; x_wconf 79' lang='lat' dir='ltr'><strong>quae</strong></span> <span class='ocrx_word' id='word_1_647' title='bbox 2266 1680 2310 1718; x_wconf 89' lang='lat' dir='ltr'><strong>in</strong></span> <span class='ocrx_word' id='word_1_648' title='bbox 2338 1679 2498 1719; x_wconf 85' lang='lat' dir='ltr'><strong>directis</strong></span> 
     </span>
     <span class='ocr_line' id='line_1_85' title="bbox 1434 1738 2500 1791; baseline 0.001 -15"><span class='ocrx_word' id='word_1_649' title='bbox 1434 1740 1641 1791; x_wconf 86' lang='lat' dir='ltr'><strong>planisque</strong></span> <span class='ocrx_word' id='word_1_650' title='bbox 1679 1739 1876 1778; x_wconf 87' lang='lat' dir='ltr'><strong>frontibus</strong></span> <span class='ocrx_word' id='word_1_651' title='bbox 1912 1747 2004 1777; x_wconf 91' lang='lat' dir='ltr'><strong>sunt</strong></span> <span class='ocrx_word' id='word_1_652' title='bbox 2041 1740 2227 1790; x_wconf 84' lang='lat' dir='ltr'><strong>figurata,</strong></span> <span class='ocrx_word' id='word_1_653' title='bbox 2259 1739 2336 1777; x_wconf 88' lang='lat' dir='ltr'><strong>alia</strong></span> <span class='ocrx_word' id='word_1_654' title='bbox 2363 1738 2500 1778; x_wconf 84' lang='lat' dir='ltr'><strong>absce-</strong></span> 
     </span>
    </p>
   </div>
   <div class='ocr_carea' id='block_1_6' title="bbox 1419 1927 2501 1970">
    <p class='ocr_par' dir='ltr' id='par_1_7' title="bbox 1419 1927 2501 1970">
     <span class='ocr_line' id='line_1_86' title="bbox 1419 1927 2501 1970; baseline 0.003 -12"><span class='ocrx_word' id='word_1_655' title='bbox 1419 1927 1620 1969; x_wconf 66' lang='grc' dir='ltr'>“Περικλέους</span> <span class='ocrx_word' id='word_1_656' title='bbox 1641 1927 1813 1970; x_wconf 77' lang='grc' dir='ltr'>ῥητορείας.</span> <span class='ocrx_word' id='word_1_657' title='bbox 1831 1927 1881 1960; x_wconf 79' lang='lat' dir='ltr'><strong>Cf.</strong></span> <span class='ocrx_word' id='word_1_658' title='bbox 1901 1927 2033 1959; x_wconf 82' lang='lat' dir='ltr'><strong>Lucian.</strong></span> <span class='ocrx_word' id='word_1_659' title='bbox 2052 1927 2136 1960; x_wconf 86' lang='lat' dir='ltr'><strong>Tim.</strong></span> <span class='ocrx_word' id='word_1_660' title='bbox 2158 1928 2173 1959; x_wconf 91' lang='lat'>1</span> <span class='ocrx_word' id='word_1_661' title='bbox 2187 1936 2218 1968; x_wconf 82' lang='lat' dir='ltr'><strong>p.</strong></span> <span class='ocrx_word' id='word_1_662' title='bbox 2249 1930 2307 1960; x_wconf 74' lang='lat'><strong>11⁸</strong></span> <span class='ocrx_word' id='word_1_663' title='bbox 2327 1927 2379 1960; x_wconf 80' lang='lat' dir='ltr'><strong>ed.</strong></span> <span class='ocrx_word' id='word_1_664' title='bbox 2399 1929 2501 1962; x_wconf 76' lang='lat' dir='ltr'><strong>Hem·</strong></span> 
     </span>
    </p>
   </div>
   <div class='ocr_carea' id='block_1_7' title="bbox 1435 1974 2501 2152">
    <p class='ocr_par' dir='ltr' id='par_1_8' title="bbox 1435 1974 2501 2152">
     <span class='ocr_line' id='line_1_87' title="bbox 1435 1974 2501 2064; baseline -0.001 -9"><span class='ocrx_word' id='word_1_665' title='bbox 1435 1974 1705 2063; x_wconf 44' lang='lat' dir='ltr'><strong>stqfflugiogenes</strong></span> <span class='ocrx_word' id='word_1_666' title='bbox 1728 2023 1877 2055; x_wconf 83' lang='lat' dir='ltr'><strong>Laertius</strong></span> <span class='ocrx_word' id='word_1_667' title='bbox 1897 2022 1952 2055; x_wconf 82' lang='lat' dir='ltr'><strong>lib.</strong></span> <span class='ocrx_word' id='word_1_668' title='bbox 1970 2023 2014 2062; x_wconf 84' lang='grc' dir='ltr'><strong>ΙΙ,</strong></span> <span class='ocrx_word' id='word_1_669' title='bbox 2032 2024 2066 2054; x_wconf 77' lang='grc'><strong>14</strong></span> <span class='ocrx_word' id='word_1_670' title='bbox 2084 2031 2092 2054; x_wconf 72' lang='lat' dir='ltr'><strong>t</strong></span> <span class='ocrx_word' id='word_1_671' title='bbox 2107 2021 2161 2054; x_wconf 88' lang='grc' dir='ltr'><strong>καὶ</strong></span> <span class='ocrx_word' id='word_1_672' title='bbox 2176 2022 2263 2059; x_wconf 84' lang='grc' dir='ltr'>τέλος</span> <span class='ocrx_word' id='word_1_673' title='bbox 2287 2021 2501 2064; x_wconf 74' lang='grc' dir='ltr'>ἀποχωρήσας</span> 
     </span>
     <span class='ocr_line' id='line_1_88' title="bbox 1435 2069 2050 2110; baseline 0 -9"><span class='ocrx_word' id='word_1_674' title='bbox 1435 2069 1477 2105; x_wconf 83' lang='grc' dir='ltr'><strong>εἷς</strong></span> <span class='ocrx_word' id='word_1_675' title='bbox 1495 2069 1685 2109; x_wconf 78' lang='grc' dir='ltr'>Λάμψακον,</span> <span class='ocrx_word' id='word_1_676' title='bbox 1703 2069 1811 2102; x_wconf 81' lang='grc' dir='ltr'>αὐτόθι</span> <span class='ocrx_word' id='word_1_677' title='bbox 1828 2069 2050 2110; x_wconf 79' lang='grc' dir='ltr'>κατέστρεψεν.</span> 
     </span>
     <span class='ocr_line' id='line_1_89' title="bbox 1477 2109 2501 2152; baseline 0.002 -10"><span class='ocrx_word' id='word_1_678' title='bbox 1477 2110 1543 2152; x_wconf 89' lang='grc'>(10)</span> <span class='ocrx_word' id='word_1_679' title='bbox 1555 2111 1649 2143; x_wconf 86' lang='lat' dir='ltr'><strong>Prius</strong></span> <span class='ocrx_word' id='word_1_680' title='bbox 1661 2113 1859 2151; x_wconf 63' lang='lat' dir='ltr'><strong>Anaxagorae</strong></span> <span class='ocrx_word' id='word_1_681' title='bbox 1873 2109 2070 2143; x_wconf 85' lang='lat' dir='ltr'><strong>Clazomenii</strong></span> <span class='ocrx_word' id='word_1_682' title='bbox 2083 2109 2259 2151; x_wconf 78' lang='lat' dir='ltr'><strong>fragmenta</strong></span> <span class='ocrx_word' id='word_1_683' title='bbox 2269 2109 2320 2143; x_wconf 83' lang='lat' dir='ltr'><strong>ed.</strong></span> <span class='ocrx_word' id='word_1_684' title='bbox 2330 2111 2367 2144; x_wconf 88' lang='lat' dir='ltr'><strong>E.</strong></span> <span class='ocrx_word' id='word_1_685' title='bbox 2377 2111 2501 2144; x_wconf 71' lang='lat' dir='ltr'><strong>Scimu-</strong></span> 
     </span>
    </p>
   </div>
   <div class='ocr_carea' id='block_1_8' title="bbox 1433 2157 2503 3530">
    <p class='ocr_par' dir='ltr' id='par_1_9' title="bbox 1436 2157 2503 2247">
     <span class='ocr_line' id='line_1_90' title="bbox 1436 2157 2503 2199; baseline 0.004 -11"><span class='ocrx_word' id='word_1_686' title='bbox 1436 2157 1528 2190; x_wconf 84' lang='lat' dir='ltr'><strong>bach.</strong></span> <span class='ocrx_word' id='word_1_687' title='bbox 1559 2158 1677 2199; x_wconf 81' lang='lat' dir='ltr'><strong>Lipsiae</strong></span> <span class='ocrx_word' id='word_1_688' title='bbox 1702 2162 1794 2198; x_wconf 80' lang='grc' dir='ltr'>1827ς</span> <span class='ocrx_word' id='word_1_689' title='bbox 1822 2162 2025 2199; x_wconf 76' lang='lat' dir='ltr'><strong>Anaxagorae</strong></span> <span class='ocrx_word' id='word_1_690' title='bbox 2060 2157 2256 2190; x_wconf 84' lang='lat' dir='ltr'><strong>Clazomenii</strong></span> <span class='ocrx_word' id='word_1_691' title='bbox 2287 2159 2322 2191; x_wconf 84' lang='lat' dir='ltr'><strong>et</strong></span> <span class='ocrx_word' id='word_1_692' title='bbox 2348 2157 2503 2198; x_wconf 72' lang='lat' dir='ltr'><strong>Diogenis</strong></span> 
     </span>
     <span class='ocr_line' id='line_1_91' title="bbox 1437 2205 2500 2247; baseline 0.002 -9"><span class='ocrx_word' id='word_1_693' title='bbox 1437 2206 1647 2247; x_wconf 80' lang='lat' dir='ltr'><strong>Apolloniatae</strong></span> <span class='ocrx_word' id='word_1_694' title='bbox 1665 2206 1842 2247; x_wconf 77' lang='lat' dir='ltr'><strong>fragmenta</strong></span> <span class='ocrx_word' id='word_1_695' title='bbox 1856 2206 2017 2240; x_wconf 83' lang='lat' dir='ltr'><strong>recensuit</strong></span> <span class='ocrx_word' id='word_1_696' title='bbox 2027 2205 2113 2239; x_wconf 84' lang='lat' dir='ltr'><strong>Guil.</strong></span> <span class='ocrx_word' id='word_1_697' title='bbox 2130 2205 2267 2239; x_wconf 79' lang='lat' dir='ltr'><strong>schem.</strong></span> <span class='ocrx_word' id='word_1_698' title='bbox 2281 2205 2500 2240; x_wconf 74' lang='lat' dir='ltr'><strong>Bonnae1829.</strong></span> 
     </span>
    </p>

    <p class='ocr_par' dir='ltr' id='par_1_10' title="bbox 1436 2252 2503 2438">
     <span class='ocr_line' id='line_1_92' title="bbox 1480 2252 2502 2296; baseline 0 -10"><span class='ocrx_word' id='word_1_699' title='bbox 1480 2252 1546 2294; x_wconf 82' lang='grc'>(11)</span> <span class='ocrx_word' id='word_1_700' title='bbox 1563 2254 1654 2295; x_wconf 82' lang='lat' dir='ltr'><strong>Diog.</strong></span> <span class='ocrx_word' id='word_1_701' title='bbox 1670 2255 1774 2286; x_wconf 85' lang='lat' dir='ltr'><strong>Laert.</strong></span> <span class='ocrx_word' id='word_1_702' title='bbox 1787 2255 1831 2295; x_wconf 90' lang='grc' dir='ltr'><strong>ΙΙ,</strong></span> <span class='ocrx_word' id='word_1_703' title='bbox 1846 2258 1865 2287; x_wconf 88' lang='grc'>6</span> <span class='ocrx_word' id='word_1_704' title='bbox 1881 2266 1890 2286; x_wconf 86' lang='lat'>:</span> <span class='ocrx_word' id='word_1_705' title='bbox 1904 2252 2071 2296; x_wconf 81' lang='grc' dir='ltr'>ἀρξάμενος</span> <span class='ocrx_word' id='word_1_706' title='bbox 2085 2252 2168 2284; x_wconf 77' lang='grc' dir='ltr'>οὕτω</span> <span class='ocrx_word' id='word_1_707' title='bbox 2178 2256 2233 2285; x_wconf 86' lang='grc' dir='ltr'><strong>τοῦ</strong></span> <span class='ocrx_word' id='word_1_708' title='bbox 2246 2252 2502 2295; x_wconf 83' lang='grc' dir='ltr'>συγγράμματος,</span> 
     </span>
     <span class='ocr_line' id='line_1_93' title="bbox 1436 2300 2501 2344; baseline 0 -10"><span class='ocrx_word' id='word_1_709' title='bbox 1436 2301 1454 2333; x_wconf 89' lang='grc' dir='ltr'><strong>ὅ</strong></span> <span class='ocrx_word' id='word_1_710' title='bbox 1479 2301 1564 2334; x_wconf 85' lang='grc' dir='ltr'>ἐστιν</span> <span class='ocrx_word' id='word_1_711' title='bbox 1585 2302 1684 2341; x_wconf 85' lang='grc' dir='ltr'>ἡδέως</span> <span class='ocrx_word' id='word_1_712' title='bbox 1707 2302 1761 2333; x_wconf 86' lang='grc' dir='ltr'><strong>καὶ</strong></span> <span class='ocrx_word' id='word_1_713' title='bbox 1788 2300 2024 2344; x_wconf 84' lang='grc' dir='ltr'>μεγαλοφρόνως</span> <span class='ocrx_word' id='word_1_714' title='bbox 2048 2300 2293 2342; x_wconf 82' lang='grc' dir='ltr'>ἡρμηνευμένον.</span> <span class='ocrx_word' id='word_1_715' title='bbox 2312 2300 2363 2333; x_wconf 83' lang='lat' dir='ltr'><strong>ld.</strong></span> <span class='ocrx_word' id='word_1_716' title='bbox 2386 2300 2448 2334; x_wconf 81' lang='lat' dir='ltr'><strong>lib.</strong></span> <span class='ocrx_word' id='word_1_717' title='bbox 2472 2302 2501 2343; x_wconf 84' lang='lat'><strong>1,</strong></span> 
     </span>
     <span class='ocr_line' id='line_1_94' title="bbox 1439 2345 2503 2391; baseline 0 -11"><span class='ocrx_word' id='word_1_718' title='bbox 1439 2351 1476 2381; x_wconf 85' lang='grc'><strong>16</strong></span> <span class='ocrx_word' id='word_1_719' title='bbox 1499 2358 1507 2380; x_wconf 92' lang='lat'><strong>:</strong></span> <span class='ocrx_word' id='word_1_720' title='bbox 1528 2349 1557 2380; x_wconf 78' lang='grc' dir='ltr'><strong>οἱ</strong></span> <span class='ocrx_word' id='word_1_721' title='bbox 1572 2347 1605 2380; x_wconf 84' lang='grc' dir='ltr'><strong>δὲ</strong></span> <span class='ocrx_word' id='word_1_722' title='bbox 1617 2347 1677 2381; x_wconf 85' lang='grc' dir='ltr'><strong>ἀνὰ</strong></span> <span class='ocrx_word' id='word_1_723' title='bbox 1690 2348 1722 2381; x_wconf 81' lang='grc' dir='ltr'><strong>ἓν</strong></span> <span class='ocrx_word' id='word_1_724' title='bbox 1745 2347 1980 2391; x_wconf 77' lang='grc' dir='ltr'>συγγράψαντες</span> <span class='ocrx_word' id='word_1_725' title='bbox 1995 2346 2152 2383; x_wconf 87' lang='grc' dir='ltr'>Μέλισσος</span> <span class='ocrx_word' id='word_1_726' title='bbox 2162 2370 2171 2387; x_wconf 87' lang='grc'>,</span> <span class='ocrx_word' id='word_1_727' title='bbox 2191 2347 2404 2391; x_wconf 66' lang='grc' dir='ltr'>Παρμενίδης,</span> <span class='ocrx_word' id='word_1_728' title='bbox 2419 2345 2503 2380; x_wconf 75' lang='grc' dir='ltr'>Ἀνα-</span> 
     </span>
     <span class='ocr_line' id='line_1_95' title="bbox 1438 2397 1582 2438; baseline -0.014 -4"><span class='ocrx_word' id='word_1_729' title='bbox 1438 2397 1514 2438; x_wconf 80' lang='grc' dir='ltr'><strong>ξαγὸ</strong></span> <span class='ocrx_word' id='word_1_730' title='bbox 1533 2409 1582 2434; x_wconf 77' lang='grc' dir='ltr'><strong>ας.</strong></span> 
     </span>
    </p>

    <p class='ocr_par' dir='ltr' id='par_1_11' title="bbox 1435 2409 2502 2861">
     <span class='ocr_line' id='line_1_96' title="bbox 1479 2409 2501 2485; baseline -0.004 -9"><span class='ocrx_word' id='word_1_731' title='bbox 1479 2409 1546 2484; x_wconf 55' lang='grc' dir='ltr'>(ις)</span> <span class='ocrx_word' id='word_1_732' title='bbox 1571 2443 1763 2476; x_wconf 83' lang='lat' dir='ltr'><strong>Plutarchus</strong></span> <span class='ocrx_word' id='word_1_733' title='bbox 1781 2442 1851 2476; x_wconf 82' lang='lat' dir='ltr'><strong>Nic.</strong></span> <span class='ocrx_word' id='word_1_734' title='bbox 1868 2451 1938 2483; x_wconf 87' lang='lat' dir='ltr'><strong>cap.</strong></span> <span class='ocrx_word' id='word_1_735' title='bbox 1958 2443 1997 2474; x_wconf 72' lang='lat'><strong>23</strong></span> <span class='ocrx_word' id='word_1_736' title='bbox 2014 2455 2022 2475; x_wconf 73' lang='grc' dir='ltr'>ι</span> <span class='ocrx_word' id='word_1_737' title='bbox 2038 2442 2078 2474; x_wconf 85' lang='grc' dir='ltr'>Ὁ</span> <span class='ocrx_word' id='word_1_738' title='bbox 2094 2442 2154 2485; x_wconf 80' lang='grc' dir='ltr'><strong>γὰρ</strong></span> <span class='ocrx_word' id='word_1_739' title='bbox 2168 2443 2292 2484; x_wconf 82' lang='grc' dir='ltr'>πρῶτος</span> <span class='ocrx_word' id='word_1_740' title='bbox 2305 2439 2501 2483; x_wconf 74' lang='grc' dir='ltr'>σαφέστατόν</span> 
     </span>
     <span class='ocr_line' id='line_1_97' title="bbox 1436 2489 2502 2534; baseline -0.002 -11"><span class='ocrx_word' id='word_1_741' title='bbox 1436 2502 1470 2524; x_wconf 85' lang='grc' dir='ltr'><strong>τε</strong></span> <span class='ocrx_word' id='word_1_742' title='bbox 1484 2491 1612 2525; x_wconf 88' lang='grc' dir='ltr'>πάντων</span> <span class='ocrx_word' id='word_1_743' title='bbox 1626 2492 1678 2524; x_wconf 70' lang='grc' dir='ltr'><strong>καὶ</strong></span> <span class='ocrx_word' id='word_1_744' title='bbox 1696 2490 1951 2534; x_wconf 67' lang='grc' dir='ltr'>θαρραλεώτατον</span> <span class='ocrx_word' id='word_1_745' title='bbox 1966 2490 2037 2531; x_wconf 88' lang='grc' dir='ltr'>περὶ</span> <span class='ocrx_word' id='word_1_746' title='bbox 2050 2490 2182 2529; x_wconf 88' lang='grc' dir='ltr'>σελήνης</span> <span class='ocrx_word' id='word_1_747' title='bbox 2198 2492 2434 2531; x_wconf 77' lang='grc' dir='ltr'>καταυγασμῶν</span> <span class='ocrx_word' id='word_1_748' title='bbox 2445 2489 2502 2521; x_wconf 77' lang='grc' dir='ltr'><strong>καὶ</strong></span> 
     </span>
     <span class='ocr_line' id='line_1_98' title="bbox 1437 2536 2502 2581; baseline 0 -10"><span class='ocrx_word' id='word_1_749' title='bbox 1437 2541 1529 2576; x_wconf 72' lang='grc' dir='ltr'>σκιᾶς</span> <span class='ocrx_word' id='word_1_750' title='bbox 1547 2538 1641 2579; x_wconf 87' lang='grc' dir='ltr'>λόγον</span> <span class='ocrx_word' id='word_1_751' title='bbox 1659 2539 1703 2576; x_wconf 84' lang='grc' dir='ltr'><strong>εἷς</strong></span> <span class='ocrx_word' id='word_1_752' title='bbox 1721 2539 1839 2581; x_wconf 64' lang='grc' dir='ltr'>γραφὴν</span> <span class='ocrx_word' id='word_1_753' title='bbox 1857 2538 2068 2578; x_wconf 84' lang='grc' dir='ltr'>καταθέμενος</span> <span class='ocrx_word' id='word_1_754' title='bbox 2095 2537 2298 2578; x_wconf 77' lang='grc' dir='ltr'>Ἀναξαγόρας</span> <span class='ocrx_word' id='word_1_755' title='bbox 2324 2536 2390 2570; x_wconf 76' lang='grc' dir='ltr'>οὔτ’</span> <span class='ocrx_word' id='word_1_756' title='bbox 2409 2538 2502 2576; x_wconf 75' lang='grc' dir='ltr'>αὐτὸς</span> 
     </span>
     <span class='ocr_line' id='line_1_99' title="bbox 1435 2583 2501 2628; baseline 0.001 -10"><span class='ocrx_word' id='word_1_757' title='bbox 1435 2585 1474 2626; x_wconf 84' lang='grc' dir='ltr'><strong>ἦν</strong></span> <span class='ocrx_word' id='word_1_758' title='bbox 1501 2586 1653 2628; x_wconf 84' lang='grc' dir='ltr'>παλαιός,</span> <span class='ocrx_word' id='word_1_759' title='bbox 1670 2587 1742 2619; x_wconf 82' lang='grc' dir='ltr'>οὔτε</span> <span class='ocrx_word' id='word_1_760' title='bbox 1767 2587 1785 2619; x_wconf 89' lang='grc' dir='ltr'><strong>ὁ</strong></span> <span class='ocrx_word' id='word_1_761' title='bbox 1812 2585 1903 2628; x_wconf 88' lang='grc' dir='ltr'>λόγος</span> <span class='ocrx_word' id='word_1_762' title='bbox 1929 2585 2067 2625; x_wconf 82' lang='grc' dir='ltr'>ἔνδοξος,</span> <span class='ocrx_word' id='word_1_763' title='bbox 2091 2584 2158 2617; x_wconf 73' lang='grc' dir='ltr'>ἀλλ’</span> <span class='ocrx_word' id='word_1_764' title='bbox 2175 2583 2351 2628; x_wconf 69' lang='grc' dir='ltr'>ἀπόρρητος</span> <span class='ocrx_word' id='word_1_765' title='bbox 2367 2584 2434 2627; x_wconf 79' lang='grc' dir='ltr'>ἔτι,</span> <span class='ocrx_word' id='word_1_766' title='bbox 2447 2586 2501 2619; x_wconf 75' lang='grc' dir='ltr'><strong>καὶ</strong></span> 
     </span>
     <span class='ocr_line' id='line_1_100' title="bbox 1436 2632 2501 2675; baseline 0 -8"><span class='ocrx_word' id='word_1_767' title='bbox 1436 2633 1476 2667; x_wconf 89' lang='grc' dir='ltr'><strong>δι’</strong></span> <span class='ocrx_word' id='word_1_768' title='bbox 1490 2634 1604 2675; x_wconf 83' lang='grc' dir='ltr'>ὀλίγων</span> <span class='ocrx_word' id='word_1_769' title='bbox 1623 2634 1677 2667; x_wconf 86' lang='grc' dir='ltr'><strong>καὶ</strong></span> <span class='ocrx_word' id='word_1_770' title='bbox 1706 2635 1773 2674; x_wconf 90' lang='grc' dir='ltr'>μετ’</span> <span class='ocrx_word' id='word_1_771' title='bbox 1793 2633 1955 2671; x_wconf 76' lang='grc' dir='ltr'>εὐλαὸείας</span> <span class='ocrx_word' id='word_1_772' title='bbox 1976 2634 2061 2671; x_wconf 88' lang='grc' dir='ltr'>τινὸς</span> <span class='ocrx_word' id='word_1_773' title='bbox 2077 2634 2097 2673; x_wconf 84' lang='grc' dir='ltr'>ἢ</span> <span class='ocrx_word' id='word_1_774' title='bbox 2121 2632 2259 2670; x_wconf 76' lang='grc' dir='ltr'>πίστεως</span> <span class='ocrx_word' id='word_1_775' title='bbox 2286 2633 2433 2675; x_wconf 80' lang='grc' dir='ltr'>βαδίζων.</span> <span class='ocrx_word' id='word_1_776' title='bbox 2463 2634 2501 2667; x_wconf 76' lang='grc' dir='ltr'><strong>οὐ</strong></span> 
     </span>
     <span class='ocr_line' id='line_1_101' title="bbox 1436 2681 2500 2725; baseline -0.001 -10"><span class='ocrx_word' id='word_1_777' title='bbox 1436 2682 1496 2725; x_wconf 78' lang='grc' dir='ltr'><strong>γὰρ</strong></span> <span class='ocrx_word' id='word_1_778' title='bbox 1510 2683 1670 2724; x_wconf 84' lang='grc' dir='ltr'>ἠνείχοντο</span> <span class='ocrx_word' id='word_1_779' title='bbox 1686 2683 1758 2719; x_wconf 83' lang='grc' dir='ltr'>τοὺς</span> <span class='ocrx_word' id='word_1_780' title='bbox 1774 2681 1924 2723; x_wconf 80' lang='grc' dir='ltr'>φυσικοὺς</span> <span class='ocrx_word' id='word_1_781' title='bbox 1939 2682 1994 2714; x_wconf 84' lang='grc' dir='ltr'><strong>καὶ</strong></span> <span class='ocrx_word' id='word_1_782' title='bbox 2019 2681 2274 2723; x_wconf 85' lang='grc' dir='ltr'>μετεωρολέσχας</span> <span class='ocrx_word' id='word_1_783' title='bbox 2297 2681 2370 2713; x_wconf 84' lang='grc' dir='ltr'>τότε</span> <span class='ocrx_word' id='word_1_784' title='bbox 2387 2682 2500 2714; x_wconf 83' lang='grc' dir='ltr'>καλου-</span> 
     </span>
     <span class='ocr_line' id='line_1_102' title="bbox 1437 2728 2501 2772; baseline 0 -10"><span class='ocrx_word' id='word_1_785' title='bbox 1437 2731 1564 2772; x_wconf 87' lang='grc' dir='ltr'>μένους,</span> <span class='ocrx_word' id='word_1_786' title='bbox 1584 2732 1628 2768; x_wconf 88' lang='grc' dir='ltr'><strong>ὡς</strong></span> <span class='ocrx_word' id='word_1_787' title='bbox 1644 2730 1687 2766; x_wconf 77' lang='grc' dir='ltr'>ε’ἰς</span> <span class='ocrx_word' id='word_1_788' title='bbox 1704 2729 1806 2766; x_wconf 83' lang='grc' dir='ltr'>αἰτίας</span> <span class='ocrx_word' id='word_1_789' title='bbox 1823 2728 1957 2769; x_wconf 82' lang='grc' dir='ltr'>ἀλόγους</span> <span class='ocrx_word' id='word_1_790' title='bbox 1975 2729 2030 2761; x_wconf 88' lang='grc' dir='ltr'><strong>καὶ</strong></span> <span class='ocrx_word' id='word_1_791' title='bbox 2047 2728 2195 2769; x_wconf 84' lang='grc' dir='ltr'>δυνάμεις</span> <span class='ocrx_word' id='word_1_792' title='bbox 2212 2728 2426 2771; x_wconf 80' lang='grc' dir='ltr'>ἀπρονοήτους</span> <span class='ocrx_word' id='word_1_793' title='bbox 2445 2729 2501 2762; x_wconf 83' lang='grc' dir='ltr'><strong>καὶ</strong></span> 
     </span>
     <span class='ocr_line' id='line_1_103' title="bbox 1435 2774 2502 2820; baseline -0.002 -10"><span class='ocrx_word' id='word_1_794' title='bbox 1435 2778 1720 2819; x_wconf 64' lang='grc' dir='ltr'>κατηναγκασμένα</span> <span class='ocrx_word' id='word_1_795' title='bbox 1745 2776 1830 2816; x_wconf 80' lang='grc' dir='ltr'>πάθη</span> <span class='ocrx_word' id='word_1_796' title='bbox 1863 2776 2077 2820; x_wconf 83' lang='grc' dir='ltr'>διατρίὸοντας</span> <span class='ocrx_word' id='word_1_797' title='bbox 2105 2775 2180 2817; x_wconf 84' lang='lat' dir='ltr'><strong>(leg.</strong></span> <span class='ocrx_word' id='word_1_798' title='bbox 2213 2774 2434 2818; x_wconf 78' lang='grc' dir='ltr'>ἀναφέροντας)</span> <span class='ocrx_word' id='word_1_799' title='bbox 2465 2777 2502 2815; x_wconf 81' lang='grc' dir='ltr'><strong>τὸ</strong></span> 
     </span>
     <span class='ocr_line' id='line_1_104' title="bbox 1437 2828 1530 2861; baseline 0.011 -1"><span class='ocrx_word' id='word_1_800' title='bbox 1437 2828 1530 2861; x_wconf 84' lang='grc' dir='ltr'>Θεῖον.</span> 
     </span>
    </p>

    <p class='ocr_par' dir='ltr' id='par_1_12' title="bbox 1433 2870 2502 3530">
     <span class='ocr_line' id='line_1_105' title="bbox 1480 2870 2501 2914; baseline -0.003 -7"><span class='ocrx_word' id='word_1_801' title='bbox 1480 2875 1545 2914; x_wconf 84' lang='grc'>(13)</span> <span class='ocrx_word' id='word_1_802' title='bbox 1569 2873 1764 2906; x_wconf 81' lang='lat' dir='ltr'><strong>Plutarchus</strong></span> <span class='ocrx_word' id='word_1_803' title='bbox 1780 2872 1820 2905; x_wconf 86' lang='lat' dir='ltr'><strong>de</strong></span> <span class='ocrx_word' id='word_1_804' title='bbox 1834 2872 1957 2905; x_wconf 87' lang='lat' dir='ltr'><strong>Exsilio</strong></span> <span class='ocrx_word' id='word_1_805' title='bbox 1967 2881 2037 2914; x_wconf 85' lang='lat' dir='ltr'><strong>oap.</strong></span> <span class='ocrx_word' id='word_1_806' title='bbox 2058 2874 2093 2906; x_wconf 85' lang='lat'><strong>17</strong></span> <span class='ocrx_word' id='word_1_807' title='bbox 2111 2884 2120 2904; x_wconf 76' lang='lat' dir='ltr'><em>z</em></span> <span class='ocrx_word' id='word_1_808' title='bbox 2135 2870 2202 2904; x_wconf 80' lang='grc' dir='ltr'>ἀλλ’</span> <span class='ocrx_word' id='word_1_809' title='bbox 2217 2871 2419 2913; x_wconf 80' lang='grc' dir='ltr'>Ἀναξαγόρας</span> <span class='ocrx_word' id='word_1_810' title='bbox 2446 2873 2501 2913; x_wconf 82' lang='grc' dir='ltr'><strong>μὲν</strong></span> 
     </span>
     <span class='ocr_line' id='line_1_106' title="bbox 1435 2919 2498 2964; baseline -0.002 -10"><span class='ocrx_word' id='word_1_811' title='bbox 1435 2922 1467 2955; x_wconf 86' lang='grc' dir='ltr'><strong>ἐν</strong></span> <span class='ocrx_word' id='word_1_812' title='bbox 1483 2925 1528 2963; x_wconf 88' lang='grc' dir='ltr'><strong>τῷ</strong></span> <span class='ocrx_word' id='word_1_813' title='bbox 1542 2921 1747 2964; x_wconf 77' lang='grc' dir='ltr'>δεσμωτηρίῳ</span> <span class='ocrx_word' id='word_1_814' title='bbox 1756 2921 1809 2953; x_wconf 88' lang='grc' dir='ltr'><strong>τὸν</strong></span> <span class='ocrx_word' id='word_1_815' title='bbox 1823 2922 1878 2953; x_wconf 81' lang='grc' dir='ltr'><strong>τοῦ</strong></span> <span class='ocrx_word' id='word_1_816' title='bbox 1891 2919 2008 2953; x_wconf 78' lang='grc' dir='ltr'>κύκλου</span> <span class='ocrx_word' id='word_1_817' title='bbox 2024 2919 2276 2962; x_wconf 79' lang='grc' dir='ltr'>τετραγωνισμὸν</span> <span class='ocrx_word' id='word_1_818' title='bbox 2288 2919 2415 2962; x_wconf 75' lang='grc' dir='ltr'>ἔγραφε,</span> <span class='ocrx_word' id='word_1_819' title='bbox 2431 2919 2453 2952; x_wconf 87' lang='lat' dir='ltr'><strong>i.</strong></span> <span class='ocrx_word' id='word_1_820' title='bbox 2470 2929 2498 2953; x_wconf 87' lang='lat' dir='ltr'><strong>e.</strong></span> 
     </span>
     <span class='ocr_line' id='line_1_107' title="bbox 1434 2965 2502 3010; baseline -0.003 -9"><span class='ocrx_word' id='word_1_821' title='bbox 1434 2968 1560 3002; x_wconf 78' lang='lat' dir='ltr'><strong>circuli</strong></span> <span class='ocrx_word' id='word_1_822' title='bbox 1581 2967 1847 3010; x_wconf 79' lang='lat' dir='ltr'><strong>quadraturam</strong></span> <span class='ocrx_word' id='word_1_823' title='bbox 1866 2966 2096 3007; x_wconf 76' lang='lat' dir='ltr'><strong>describebat,</strong></span> <span class='ocrx_word' id='word_1_824' title='bbox 2119 2965 2207 3006; x_wconf 86' lang='lat' dir='ltr'><strong>quod</strong></span> <span class='ocrx_word' id='word_1_825' title='bbox 2225 2966 2281 2998; x_wconf 80' lang='lat' dir='ltr'><strong>alil</strong></span> <span class='ocrx_word' id='word_1_826' title='bbox 2306 2974 2372 2999; x_wconf 87' lang='lat' dir='ltr'><strong>non</strong></span> <span class='ocrx_word' id='word_1_827' title='bbox 2391 2966 2434 3000; x_wconf 84' lang='lat' dir='ltr'><strong>de</strong></span> <span class='ocrx_word' id='word_1_828' title='bbox 2461 2966 2502 2999; x_wconf 83' lang='lat' dir='ltr'><strong>li·</strong></span> 
     </span>
     <span class='ocr_line' id='line_1_108' title="bbox 1435 3012 2502 3057; baseline -0.002 -9"><span class='ocrx_word' id='word_1_829' title='bbox 1435 3015 1521 3049; x_wconf 89' lang='lat' dir='ltr'><strong>bello</strong></span> <span class='ocrx_word' id='word_1_830' title='bbox 1533 3040 1543 3057; x_wconf 90' lang='lat'>‚</span> <span class='ocrx_word' id='word_1_831' title='bbox 1562 3015 1619 3048; x_wconf 83' lang='lat' dir='ltr'><strong>sed</strong></span> <span class='ocrx_word' id='word_1_832' title='bbox 1635 3014 1677 3048; x_wconf 87' lang='lat' dir='ltr'><strong>de</strong></span> <span class='ocrx_word' id='word_1_833' title='bbox 1695 3014 1807 3047; x_wconf 79' lang='lat' dir='ltr'><strong>formis</strong></span> <span class='ocrx_word' id='word_1_834' title='bbox 1822 3013 2023 3055; x_wconf 69' lang='lat' dir='ltr'><strong>geometricis</strong></span> <span class='ocrx_word' id='word_1_835' title='bbox 2036 3012 2209 3053; x_wconf 84' lang='lat' dir='ltr'><strong>accipiunt.</strong></span> <span class='ocrx_word' id='word_1_836' title='bbox 2223 3012 2320 3045; x_wconf 81' lang='lat' dir='ltr'><strong>Conl&#39;.</strong></span> <span class='ocrx_word' id='word_1_837' title='bbox 2339 3014 2502 3047; x_wconf 84' lang='lat' dir='ltr'><strong>Montucla</strong></span> 
     </span>
     <span class='ocr_line' id='line_1_109' title="bbox 1438 3058 2500 3103; baseline -0.002 -8"><span class='ocrx_word' id='word_1_838' title='bbox 1438 3064 1528 3096; x_wconf 75' lang='lat' dir='ltr'><strong>Hist.</strong></span> <span class='ocrx_word' id='word_1_839' title='bbox 1543 3061 1655 3095; x_wconf 75' lang='lat' dir='ltr'><strong>math.</strong></span> <span class='ocrx_word' id='word_1_840' title='bbox 1674 3062 1735 3103; x_wconf 83' lang='lat' dir='ltr'><strong>lp.</strong></span> <span class='ocrx_word' id='word_1_841' title='bbox 1756 3065 1815 3094; x_wconf 82' lang='lat'><strong>105</strong></span> <span class='ocrx_word' id='word_1_842' title='bbox 1830 3070 1839 3093; x_wconf 76' lang='grc' dir='ltr'><strong>ι</strong></span> <span class='ocrx_word' id='word_1_843' title='bbox 1859 3073 1876 3089; x_wconf 75' lang='grc' dir='ltr'>«ι</span> <span class='ocrx_word' id='word_1_844' title='bbox 1893 3060 1920 3093; x_wconf 91' lang='lat' dir='ltr'><strong>ll</strong></span> <span class='ocrx_word' id='word_1_845' title='bbox 1937 3062 1986 3093; x_wconf 81' lang='lat' dir='ltr'><strong>est</strong></span> <span class='ocrx_word' id='word_1_846' title='bbox 2003 3058 2157 3101; x_wconf 74' lang='lat' dir='ltr'><strong>probable</strong></span> <span class='ocrx_word' id='word_1_847' title='bbox 2170 3059 2431 3101; x_wconf 70' lang='lat' dir='ltr'><strong>qu&#39;Anaxagore,</strong></span> <span class='ocrx_word' id='word_1_848' title='bbox 2443 3061 2500 3102; x_wconf 87' lang='lat' dir='ltr'><strong>qui</strong></span> 
     </span>
     <span class='ocr_line' id='line_1_110' title="bbox 1435 3106 2499 3152; baseline -0.002 -10"><span class='ocrx_word' id='word_1_849' title='bbox 1435 3109 1512 3143; x_wconf 78' lang='lat' dir='ltr'><strong>etait</strong></span> <span class='ocrx_word' id='word_1_850' title='bbox 1529 3109 1634 3142; x_wconf 85' lang='lat' dir='ltr'><strong>habile</strong></span> <span class='ocrx_word' id='word_1_851' title='bbox 1651 3106 1836 3150; x_wconf 71' lang='lat' dir='ltr'><strong>geometre‚</strong></span> <span class='ocrx_word' id='word_1_852' title='bbox 1860 3108 1916 3140; x_wconf 80' lang='lat' dir='ltr'><strong>sut</strong></span> <span class='ocrx_word' id='word_1_853' title='bbox 1937 3115 1972 3139; x_wconf 86' lang='lat' dir='ltr'><strong>se</strong></span> <span class='ocrx_word' id='word_1_854' title='bbox 1989 3106 2158 3148; x_wconf 74' lang='lat' dir='ltr'><strong>preserver</strong></span> <span class='ocrx_word' id='word_1_855' title='bbox 2177 3107 2231 3152; x_wconf 61' lang='grc' dir='ltr'><strong>α’]</strong></span> <span class='ocrx_word' id='word_1_856' title='bbox 2261 3106 2340 3140; x_wconf 73' lang='lat' dir='ltr'><strong>faire</strong></span> <span class='ocrx_word' id='word_1_857' title='bbox 2357 3116 2400 3140; x_wconf 88' lang='lat' dir='ltr'><strong>un</strong></span> <span class='ocrx_word' id='word_1_858' title='bbox 2419 3107 2499 3141; x_wconf 81' lang='lat' dir='ltr'><strong>hou-</strong></span> 
     </span>
     <span class='ocr_line' id='line_1_111' title="bbox 1435 3153 2501 3198; baseline 0 -9"><span class='ocrx_word' id='word_1_859' title='bbox 1435 3159 1513 3189; x_wconf 86' lang='lat' dir='ltr'><strong>teux</strong></span> <span class='ocrx_word' id='word_1_860' title='bbox 1533 3157 1704 3198; x_wconf 77' lang='lat' dir='ltr'><strong>naul&#39;rage3</strong></span> <span class='ocrx_word' id='word_1_861' title='bbox 1722 3156 1754 3196; x_wconf 84' lang='lat' dir='ltr'><strong>je</strong></span> <span class='ocrx_word' id='word_1_862' title='bbox 1775 3164 1860 3188; x_wconf 87' lang='lat' dir='ltr'><strong>veux</strong></span> <span class='ocrx_word' id='word_1_863' title='bbox 1880 3154 1950 3187; x_wconf 88' lang='lat' dir='ltr'><strong>dire</strong></span> <span class='ocrx_word' id='word_1_864' title='bbox 1969 3153 2047 3196; x_wconf 86' lang='lat' dir='ltr'><strong>qu’il</strong></span> <span class='ocrx_word' id='word_1_865' title='bbox 2065 3155 2120 3186; x_wconf 77' lang='lat' dir='ltr'><strong>sut</strong></span> <span class='ocrx_word' id='word_1_866' title='bbox 2134 3153 2238 3187; x_wconf 72' lang='lat' dir='ltr'><strong>evitet</strong></span> <span class='ocrx_word' id='word_1_867' title='bbox 2252 3154 2406 3187; x_wconf 77' lang='lat' dir='ltr'><strong>l&#39;illusion</strong></span> <span class='ocrx_word' id='word_1_868' title='bbox 2419 3154 2501 3189; x_wconf 79' lang='lat' dir='ltr'><strong>dont</strong></span> 
     </span>
     <span class='ocr_line' id='line_1_112' title="bbox 1435 3201 2500 3244; baseline -0.001 -7"><span class='ocrx_word' id='word_1_869' title='bbox 1435 3213 1518 3237; x_wconf 87' lang='lat' dir='ltr'><strong>nous</strong></span> <span class='ocrx_word' id='word_1_870' title='bbox 1543 3213 1643 3236; x_wconf 86' lang='lat' dir='ltr'><strong>avons</strong></span> <span class='ocrx_word' id='word_1_871' title='bbox 1659 3205 1729 3236; x_wconf 66' lang='lat' dir='ltr'><strong>tant</strong></span> <span class='ocrx_word' id='word_1_872' title='bbox 1753 3202 1970 3243; x_wconf 79' lang='lat' dir='ltr'><strong>d&#39;exemples‚</strong></span> <span class='ocrx_word' id='word_1_873' title='bbox 1990 3201 2121 3234; x_wconf 85' lang='lat' dir='ltr'><strong>anciens</strong></span> <span class='ocrx_word' id='word_1_874' title='bbox 2141 3204 2174 3234; x_wconf 84' lang='lat' dir='ltr'><strong>et</strong></span> <span class='ocrx_word' id='word_1_875' title='bbox 2202 3201 2347 3243; x_wconf 72' lang='lat' dir='ltr'><strong>recents,</strong></span> <span class='ocrx_word' id='word_1_876' title='bbox 2368 3205 2403 3236; x_wconf 79' lang='lat' dir='ltr'><strong>et</strong></span> <span class='ocrx_word' id='word_1_877' title='bbox 2421 3201 2500 3244; x_wconf 76' lang='lat' dir='ltr'><strong>qu&#39;ll</strong></span> 
     </span>
     <span class='ocr_line' id='line_1_113' title="bbox 1435 3248 2499 3292; baseline 0 -9"><span class='ocrx_word' id='word_1_878' title='bbox 1435 3260 1476 3283; x_wconf 92' lang='lat' dir='ltr'><strong>ne</strong></span> <span class='ocrx_word' id='word_1_879' title='bbox 1495 3252 1603 3283; x_wconf 90' lang='lat' dir='ltr'><strong>donna</strong></span> <span class='ocrx_word' id='word_1_880' title='bbox 1625 3259 1682 3292; x_wconf 79' lang='lat' dir='ltr'><strong>pas</strong></span> <span class='ocrx_word' id='word_1_881' title='bbox 1701 3250 1780 3282; x_wconf 87' lang='lat' dir='ltr'><strong>dans</strong></span> <span class='ocrx_word' id='word_1_882' title='bbox 1799 3250 1830 3282; x_wconf 88' lang='lat' dir='ltr'><strong>le</strong></span> <span class='ocrx_word' id='word_1_883' title='bbox 1848 3248 1987 3282; x_wconf 84' lang='lat' dir='ltr'><strong>ridicule</strong></span> <span class='ocrx_word' id='word_1_884' title='bbox 2014 3249 2055 3282; x_wconf 89' lang='lat' dir='ltr'><strong>de</strong></span> <span class='ocrx_word' id='word_1_885' title='bbox 2082 3258 2235 3291; x_wconf 80' lang='lat' dir='ltr'><strong>proposer</strong></span> <span class='ocrx_word' id='word_1_886' title='bbox 2257 3249 2298 3282; x_wconf 89' lang='lat' dir='ltr'><strong>de</strong></span> <span class='ocrx_word' id='word_1_887' title='bbox 2327 3250 2419 3283; x_wconf 82' lang='lat' dir='ltr'><strong>vains</strong></span> <span class='ocrx_word' id='word_1_888' title='bbox 2440 3258 2499 3292; x_wconf 68' lang='lat' dir='ltr'><strong>pa-</strong></span> 
     </span>
     <span class='ocr_line' id='line_1_114' title="bbox 1436 3296 2500 3339; baseline 0 -9"><span class='ocrx_word' id='word_1_889' title='bbox 1436 3298 1623 3339; x_wconf 81' lang='lat' dir='ltr'><strong>ralogismes</strong></span> <span class='ocrx_word' id='word_1_890' title='bbox 1650 3305 1777 3330; x_wconf 88' lang='lat' dir='ltr'><strong>comme</strong></span> <span class='ocrx_word' id='word_1_891' title='bbox 1815 3305 1879 3329; x_wconf 86' lang='lat' dir='ltr'><strong>une</strong></span> <span class='ocrx_word' id='word_1_892' title='bbox 1926 3296 2081 3328; x_wconf 71' lang='lat' dir='ltr'><strong>ver-itable</strong></span> <span class='ocrx_word' id='word_1_893' title='bbox 2110 3296 2251 3329; x_wconf 84' lang='lat' dir='ltr'><strong>solution</strong></span> <span class='ocrx_word' id='word_1_894' title='bbox 2283 3296 2324 3330; x_wconf 79' lang='lat' dir='ltr'><strong>de</strong></span> <span class='ocrx_word' id='word_1_895' title='bbox 2358 3305 2397 3330; x_wconf 79' lang='lat'><strong>00</strong></span> <span class='ocrx_word' id='word_1_896' title='bbox 2423 3305 2500 3339; x_wconf 84' lang='lat' dir='ltr'><strong>pro·</strong></span> 
     </span>
     <span class='ocr_line' id='line_1_115' title="bbox 1435 3342 2500 3386; baseline -0.001 -8"><span class='ocrx_word' id='word_1_897' title='bbox 1435 3345 1552 3378; x_wconf 77' lang='lat' dir='ltr'><strong>bleme.</strong></span> <span class='ocrx_word' id='word_1_898' title='bbox 1563 3358 1579 3374; x_wconf 77' lang='lat' dir='ltr'><strong>u</strong></span> <span class='ocrx_word' id='word_1_899' title='bbox 1593 3344 1683 3377; x_wconf 83' lang='lat' dir='ltr'><strong>Idem</strong></span> <span class='ocrx_word' id='word_1_900' title='bbox 1694 3353 1725 3385; x_wconf 89' lang='lat' dir='ltr'><strong>p.</strong></span> <span class='ocrx_word' id='word_1_901' title='bbox 1741 3348 1843 3377; x_wconf 74' lang='lat'>1131«</span> <span class='ocrx_word' id='word_1_902' title='bbox 1855 3346 1908 3376; x_wconf 92' lang='lat' dir='ltr'><strong>On</strong></span> <span class='ocrx_word' id='word_1_903' title='bbox 1919 3342 1968 3375; x_wconf 87' lang='lat' dir='ltr'><strong>dit</strong></span> <span class='ocrx_word' id='word_1_904' title='bbox 1982 3343 2059 3384; x_wconf 83' lang='lat' dir='ltr'><strong>qu‘il</strong></span> <span class='ocrx_word' id='word_1_905' title='bbox 2074 3343 2123 3385; x_wconf 83' lang='lat' dir='ltr'><strong>s&#39;y</strong></span> <span class='ocrx_word' id='word_1_906' title='bbox 2140 3352 2260 3384; x_wconf 80' lang='lat' dir='ltr'><strong>oacupa</strong></span> <span class='ocrx_word' id='word_1_907' title='bbox 2269 3343 2349 3377; x_wconf 89' lang='lat' dir='ltr'><strong>dela</strong></span> <span class='ocrx_word' id='word_1_908' title='bbox 2362 3342 2500 3386; x_wconf 70' lang='lat' dir='ltr'><strong>quadra·</strong></span> 
     </span>
     <span class='ocr_line' id='line_1_116' title="bbox 1434 3390 2497 3432; baseline -0.001 -7"><span class='ocrx_word' id='word_1_909' title='bbox 1434 3395 1506 3426; x_wconf 81' lang='lat' dir='ltr'><strong>ture</strong></span> <span class='ocrx_word' id='word_1_910' title='bbox 1523 3392 1566 3424; x_wconf 90' lang='lat' dir='ltr'><strong>du</strong></span> <span class='ocrx_word' id='word_1_911' title='bbox 1587 3392 1710 3431; x_wconf 80' lang='lat' dir='ltr'><strong>cercle3</strong></span> <span class='ocrx_word' id='word_1_912' title='bbox 1725 3401 1766 3424; x_wconf 88' lang='lat' dir='ltr'><strong>on</strong></span> <span class='ocrx_word' id='word_1_913' title='bbox 1789 3391 1929 3431; x_wconf 78' lang='lat' dir='ltr'><strong>n’ajoute</strong></span> <span class='ocrx_word' id='word_1_914' title='bbox 1952 3399 2008 3431; x_wconf 85' lang='lat' dir='ltr'><strong>pas</strong></span> <span class='ocrx_word' id='word_1_915' title='bbox 2024 3390 2100 3432; x_wconf 84' lang='lat' dir='ltr'><strong>qu&#39;il</strong></span> <span class='ocrx_word' id='word_1_916' title='bbox 2119 3394 2192 3424; x_wconf 83' lang='lat' dir='ltr'><strong>erut</strong></span> <span class='ocrx_word' id='word_1_917' title='bbox 2210 3391 2324 3424; x_wconf 86' lang='lat' dir='ltr'><strong>l&#39;avoir</strong></span> <span class='ocrx_word' id='word_1_918' title='bbox 2345 3391 2497 3431; x_wconf 51' lang='lat' dir='ltr'><strong>trouva,</strong></span> 
     </span>
     <span class='ocr_line' id='line_1_117' title="bbox 1433 3439 2497 3481; baseline -0.001 -8"><span class='ocrx_word' id='word_1_919' title='bbox 1433 3444 1465 3473; x_wconf 82' lang='lat' dir='ltr'><strong>et</strong></span> <span class='ocrx_word' id='word_1_920' title='bbox 1484 3441 1506 3473; x_wconf 94' lang='lat' dir='ltr'><strong>il</strong></span> <span class='ocrx_word' id='word_1_921' title='bbox 1526 3439 1748 3481; x_wconf 73' lang='lat' dir='ltr'><strong>estprobable</strong></span> <span class='ocrx_word' id='word_1_922' title='bbox 1775 3448 1840 3481; x_wconf 87' lang='lat' dir='ltr'><strong>que</strong></span> <span class='ocrx_word' id='word_1_923' title='bbox 1859 3439 1927 3472; x_wconf 87' lang='lat' dir='ltr'><strong>cela</strong></span> <span class='ocrx_word' id='word_1_924' title='bbox 1950 3439 2039 3470; x_wconf 89' lang='lat' dir='ltr'><strong>valut</strong></span> <span class='ocrx_word' id='word_1_925' title='bbox 2055 3439 2073 3471; x_wconf 74' lang='lat' dir='ltr'><strong>a</strong></span> <span class='ocrx_word' id='word_1_926' title='bbox 2093 3439 2123 3471; x_wconf 90' lang='lat' dir='ltr'><strong>la</strong></span> <span class='ocrx_word' id='word_1_927' title='bbox 2143 3439 2318 3480; x_wconf 69' lang='lat' dir='ltr'><strong>geometria</strong></span> <span class='ocrx_word' id='word_1_928' title='bbox 2333 3439 2364 3472; x_wconf 86' lang='lat' dir='ltr'><strong>la</strong></span> <span class='ocrx_word' id='word_1_929' title='bbox 2380 3439 2497 3472; x_wconf 73' lang='lat' dir='ltr'><strong>deuou-</strong></span> 
     </span>
     <span class='ocr_line' id='line_1_118' title="bbox 1435 3485 2452 3530; baseline -0.002 -9"><span class='ocrx_word' id='word_1_930' title='bbox 1435 3491 1524 3522; x_wconf 66' lang='grc' dir='ltr'>ναῖε</span> <span class='ocrx_word' id='word_1_931' title='bbox 1538 3488 1577 3521; x_wconf 89' lang='lat' dir='ltr'><strong>de</strong></span> <span class='ocrx_word' id='word_1_932' title='bbox 1597 3488 1754 3530; x_wconf 84' lang='lat' dir='ltr'><strong>quelques</strong></span> <span class='ocrx_word' id='word_1_933' title='bbox 1766 3487 1932 3521; x_wconf 84' lang='lat' dir='ltr'><strong>nouvelles</strong></span> <span class='ocrx_word' id='word_1_934' title='bbox 1950 3485 2127 3528; x_wconf 68' lang='lat' dir='ltr'><strong>propriotes</strong></span> <span class='ocrx_word' id='word_1_935' title='bbox 2144 3487 2185 3520; x_wconf 88' lang='lat' dir='ltr'><strong>de</strong></span> <span class='ocrx_word' id='word_1_936' title='bbox 2203 3488 2287 3520; x_wconf 85' lang='lat' dir='ltr'><strong>cette</strong></span> <span class='ocrx_word' id='word_1_937' title='bbox 2304 3486 2418 3529; x_wconf 77' lang='lat' dir='ltr'><strong>figure.</strong></span> <span class='ocrx_word' id='word_1_938' title='bbox 2434 3499 2452 3516; x_wconf 76' lang='grc' dir='ltr'><strong>ι-</strong></span> 
     </span>
    </p>
   </div>
   <div class='ocr_carea' id='block_1_9' title="bbox 2564 0 2612 771">
    <p class='ocr_par' dir='ltr' id='par_1_13' title="bbox 2564 0 2612 771">
     <span class='ocr_line' id='line_1_119' title="bbox 2564 0 2612 771; baseline 0 3043"><span class='ocrx_word' id='word_1_939' title='bbox 2564 0 2612 771; x_wconf 95' lang='lat' dir='ltr'><strong> </strong></span> 
     </span>
    </p>
   </div>
   <div class='ocr_carea' id='block_1_10' title="bbox 2584 127 2612 978">
    <p class='ocr_par' dir='ltr' id='par_1_14' title="bbox 2579 74 2612 978">
     <span class='ocr_line' id='line_1_120' title="bbox 2584 127 2612 978; textangle 90"><span class='ocrx_word' id='word_1_940' title='bbox 2587 685 2612 978; x_wconf 42' lang='grc' dir='ltr'>Ᾱυμψ,νςῂη“</span> <span class='ocrx_word' id='word_1_941' title='bbox 2597 578 2609 586; x_wconf 61' lang='grc'><strong>,«</strong></span> <span class='ocrx_word' id='word_1_942' title='bbox 2584 396 2609 451; x_wconf 48' lang='lat' dir='ltr'><strong>firm«</strong></span> <span class='ocrx_word' id='word_1_943' title='bbox 2597 346 2610 377; x_wconf 37' lang='grc' dir='ltr'><strong>μ</strong></span> <span class='ocrx_word' id='word_1_944' title='bbox 2589 127 2592 128; x_wconf 70' lang='grc'>’</span> 
     </span>
    </p>
   </div>
   <div class='ocr_carea' id='block_1_11' title="bbox 2585 2008 2612 3814">
    <p class='ocr_par' dir='ltr' id='par_1_15' title="bbox 2585 2008 2612 3814">
     <span class='ocr_line' id='line_1_121' title="bbox 2585 2008 2612 3814; baseline 0 0"><span class='ocrx_word' id='word_1_945' title='bbox 2585 2008 2612 3814; x_wconf 95' lang='lat' dir='ltr'><strong> </strong></span> 
     </span>
    </p>
   </div>
  </div>
 </body>
</html>
