2612 3814
7 2860 8 2864 „
0 2351 8 2822 mmw-—w-m
0 2336 4 2347 <
0 2304 5 2322 a<

309 261 381 295 312
1180 254 1248 294 DE
1278 252 1592 293 HERACLATO.

305 354 412 389 nem,
436 341 627 392 siquidem
649 342 707 380 illi
735 342 803 393 qui
836 342 973 380 miram
1002 341 1102 380 hanc
1125 354 1205 379 rem
1232 341 1349 392 primi
1381 342 1387 386 l

301 401 511 451 vulgarunt
545 415 623 439 non
657 410 731 439 tam
762 402 910 439 Socrati
941 414 1056 451 quam
1092 400 1168 439 sibi
1203 400 1350 449 ingenii
1380 395 1384 426 ¹

301 473 462 499 acumen
487 460 749 499 detraxerunt.
768 461 895 506 Quum
920 461 1023 498 enim
1046 459 1173 506 Plato,
1203 460 1350 496 Aristo-

301 518 418 567 teles,
437 518 666 556 Plutarchus
686 518 832 568 aliique
860 517 1093 555 Heraclitum
1116 529 1195 554 non
1224 517 1347 553 solum

300 577 486 627 legerint,
522 578 587 615 sed
608 578 722 615 etiam
752 577 904 614 decreta
932 578 1015 626 ejus
1046 575 1347 626 explicaverint,

299 639 495 675 Socratem
532 637 572 673 in
603 636 687 686 ejus
718 634 823 673 libro
859 634 1014 672 haesisse
1047 647 1160 671 nemo
1204 632 1347 670 credat.

297 695 425 740 Quid?
454 696 558 745 quod
585 695 754 732 Socratis
780 701 816 731 et
846 693 1018 731 Platonis
1052 701 1224 743 tempore
1256 693 1348 730 satis

297 754 499 791 emendata
525 762 862 791 monumentorum
884 752 1186 789 lleracliteorum
1214 765 1347 790 exem-

297 812 422 861 plaria
437 813 476 850 in
498 812 696 849 hominum
713 810 893 848 manibus
915 811 1034 848 fuisse
1052 810 1257 860 probabile
1273 820 1341 852 est.

297 871 443 923 Nempe
464 872 606 923 posteri
630 871 696 921 qui
718 870 879 908 multum
904 870 951 907 de
971 869 1195 921 philosophi
1212 869 1349 908 obscu-

297 932 408 971 ritate
428 938 719 981 conqueruntur
736 928 1051 980 corruptioribus
1073 929 1263 980 exemplis
1280 931 1348 969 vi—

296 992 436 1030 dentur
455 992 527 1029 usi.
550 989 679 1027 Jacuit
701 997 825 1026 autem
864 989 941 1026 sere
969 987 1125 1026 silentio
1146 997 1234 1039 post
1256 989 1347 1027 Pla-

297 1051 398 1088 tonis
431 1059 468 1088 et
500 1049 721 1087 Aristotelis
752 1057 927 1099 tempora
962 1048 1145 1086 Heracliti
1179 1048 1277 1086 illud
1298 1049 1347 1088 de

294 1122 419 1147 rerum
446 1117 584 1147 natura
612 1108 816 1157 volumen,
836 1108 913 1146 nisi
935 1107 1038 1159 quod
1067 1107 1227 1158 Ephesii
1258 1107 1346 1159 phi-

295 1167 445 1219 losophi
476 1168 626 1218 aliquot
655 1175 860 1204 sectatores
892 1166 1048 1210 fuerunt
1076 1166 1144 1216 qui
1175 1166 1345 1205 Heracli-

293 1227 342 1264 tei
367 1228 447 1277 (17)
468 1225 699 1264 dicebantur
717 1235 752 1264 et
773 1225 876 1277 quod
898 1226 1017 1264 Stoici
1041 1226 1119 1277 (18)
1134 1227 1174 1265 in
1192 1227 1346 1278 placitis

293 1284 378 1335 ejus
397 1284 660 1323 dilucidandis
680 1292 718 1323 et
746 1285 794 1323 ad
821 1297 890 1323 sua
918 1285 1097 1335 dogmata
1128 1298 1346 1324 accommo-

291 1343 431 1382 dandis
451 1356 606 1395 operam
634 1351 944 1382 consumserunt.
969 1343 1102 1382 Secuti
1128 1353 1217 1382 sunt
1248 1345 1343 1383 Plu-

292 1404 467 1448 tan-chus,
491 1403 628 1440 Sextus
657 1402 902 1453 Empiricus,
924 1402 974 1440 M.
996 1404 1233 1451 Antoninus,
1256 1404 1345 1442 Cle-

293 1473 400 1499 mens
436 1461 725 1499 Alexandrinus
759 1462 826 1511 qui
860 1461 1096 1499 Heraclitum
1124 1462 1346 1501 lectitarunt

291 1519 487 1571 multaque
515 1520 599 1570 ejus
628 1519 731 1557 dicta
750 1528 787 1557 et
814 1528 1005 1570 praecepta
1030 1518 1340 1559 celebraverunt.

289 1577 481 1615 Praeterea
500 1578 547 1615 ad
580 1576 734 1628 Ephesii
755 1577 854 1615 civis
886 1577 1038 1615 chartas
1070 1577 1118 1615 ab
1139 1577 1341 1618 hominum

288 1636 490 1674 oblivione
526 1635 780 1673 vindicandas
826 1638 986 1674 accessit
1030 1636 1266 1688 Hippolytus
1301 1640 1342 1677 in

291 1693 499 1731 Haeresium
532 1693 706 1731 omnium
749 1694 1004 1743 refutatione,
1037 1695 1165 1734 editus
1194 1696 1341 1737 Oxonii

287 1764 389 1790 anno
413 1752 508 1790 1851
533 1751 606 1790 sub
625 1752 803 1802 Origenis
830 1754 989 1792 nomine
1017 1752 1065 1791 ab
1092 1754 1342 1795 Emmanuele

288 1810 455 1848 Millero.
480 1811 551 1849 Hic
571 1811 684 1849 Noeti
702 1812 874 1850 haeretici
900 1812 1115 1851 doctrinam
1145 1826 1194 1851 ex
1213 1815 1342 1853 Hera-—

288 1868 403 1907 cliteo
438 1869 542 1907 fonte
567 1883 745 1908 manasse
764 1879 990 1918 ostensurus
1016 1871 1104 1909 data
1137 1874 1343 1914 occasione

287 1927 398 1965 varia
426 1929 568 1966 veteris
603 1929 712 1967 illius
743 1931 945 1980 sapientiae
974 1930 1145 1970 doctoris
1179 1934 1276 1971 scita
1304 1943 1343 1972 et

289 1986 614 2037 apophthegmata
646 1989 848 2039 proponit.
880 1989 1146 2029 Theodoretus
1178 2004 1271 2030 vero
1304 2002 1342 2031 et

287 2046 485 2095 Stobaeus‚
510 2047 599 2084 licet
622 2047 756 2098 plures
776 2047 968 2086 Heracliti
1001 2049 1210 2087 sententias
1239 2064 1343 2088 com·-

288 2114 523 2151 memorent‚
559 2119 639 2144 non
673 2115 799 2144 tamen
826 2119 890 2145 eas
913 2119 962 2145 ex
993 2107 1092 2159 ipsis
1124 2108 1340 2148 doctissimi

288 2164 461 2202 hominis
493 2165 807 2212 commentariis,
826 2166 892 2204 sed
919 2178 968 2204 ex
996 2166 1162 2205 aliorum
1184 2169 1341 2220 scriptis

287 2221 474 2273 petivisse
493 2222 690 2261 videntur.
715 2223 801 2261 Jam
828 2225 861 2262 si
883 2224 1089 2264 Heraclitei
1108 2224 1234 2264 libelli
1266 2227 1337 2266 sra-

286 2290 439 2331 gmenta
454 2283 562 2320 exiis
571 2296 669 2334 quos
682 2283 882 2322 nominavi
899 2283 1159 2335 scriptoribus
1175 2285 1337 2325 collecta

286 2340 596 2387 consideramus,
617 2341 802 2379 fateamur
836 2354 991 2380 necesse
1021 2351 1078 2381 est
1100 2343 1234 2381 omnia
1255 2356 1340 2382 esse

287 2407 419 2448 aperta
435 2407 472 2436 et
492 2399 622 2437 lucida
636 2400 808 2451 exceptis
835 2400 984 2438 mendis
999 2401 1149 2452 aliquot
1168 2401 1341 2453 locisque

287 2455 504 2506 depravatis
516 2457 657 2507 quibus
671 2458 898 2496 medicinam
913 2459 1036 2498 facere
1044 2474 1122 2498 non
1132 2460 1339 2499 admodum

288 2513 446 2552 difficile
476 2524 546 2553 est.
581 2515 656 2554 Sed
689 2517 771 2555 haec
802 2517 851 2556 de
883 2521 1072 2558 sermonis
1106 2519 1341 2559 obscuritate

291 2572 393 2609 dicta
407 2573 615 2614 sufficiant.

333 2735 398 2784 (17)
423 2736 579 2777 Diogenes
611 2739 753 2771 Laertius
773 2741 829 2772 lil).
857 2743 912 2780 lx,
937 2747 955 2774 o
978 2753 986 2774 ε
1013 2745 1177 2782 Τοσαύτην
1200 2745 1232 2775 δὲ
1249 2743 1338 2780 δόξαν

290 2782 366 2823 ἔσχε
380 2783 416 2814 τὸ
434 2783 639 2825 σύγγραμμα,
660 2787 700 2822 ὡς
719 2787 772 2818 καὶ
797 2789 970 2828 αἱρετιστὰς
997 2790 1053 2821 ἀπ’
1078 2791 1174 2823 αὐτοῦ
1198 2792 1339 2832 γενέσθαι

289 2829 360 2866 τοὺς
371 2830 801 2873 κληθένταςἩρακλειτείους.
821 2835 870 2867 Cf.
889 2837 973 2869 Plat.
993 2838 1116 2870 Theaet.
1132 2847 1163 2878 p.
1194 2842 1252 2872 179
1269 2848 1337 2879 set!-

333 2875 402 2916 (18)
426 2877 596 2909 Cleanthes
607 2902 617 2917 ‚
631 2879 754 2919 Aristo,
769 2881 938 2922 Sphaerus,
954 2885 1160 2925 Chrysippus.
1178 2886 1251 2918 Vid.
1269 2888 1341 2919 Dio-

291 2930 387 2962 genes
413 2923 557 2955 Laertius
582 2924 638 2955 lib.
658 2927 733 2964 Vll,
757 2929 812 2959 174
835 2929 869 2960 et
892 2932 960 2970 ¹783
983 2930 1037 2962 lib.
1059 2933 1113 2971 tx,
1135 2936 1153 2964 5
1173 2932 1205 2964 et
1224 2935 1271 2965 15.
1289 2933 1338 2965 Cf.

294 2969 423 3002 rtiaedr.
438 2969 564 3010 Epicur.
581 2971 703 3003 dentis
723 2973 786 3005 col.
804 2975 860 3014 IV,
877 2978 912 3008 12
928 2985 977 3016 sq.

333 3015 398 3055 (19)
423 3015 579 3056 Diogenes
604 3018 748 3050 Laertius
770 3020 823 3052 tib.
844 3022 902 3062 IX,
920 3027 962 3054 8:
985 3025 1052 3065 Πῦρ
1068 3024 1146 3056 εἶναι
1171 3029 1339 3067 στοιχεῖον,

292 3063 344 3094 καὶ
362 3063 457 3104 πυρὸς
471 3063 604 3104 ἆμοιὸἡν
619 3065 657 3096 τὰ
675 3066 777 3098 πάντα
790 3067 939 3110 ἀραιώσει
955 3071 1007 3101 καὶ
1029 3072 1186 3108 πυκνώσει
1202 3073 1241 3104 τὰ
1256 3074 1341 3114 γινό-

294 3120 382 3149 μενοι.

336 3155 401 3195 (20)
423 3155 497 3187 Via.
517 3156 627 3196 fragm.
647 3160 699 3190 46.
800 3185 802 3188 ,

299 3247 307 3256 ·
337 3202 410 3257 (21),
427 3203 584 3242 Diogenes
610 3206 754 3237 Laertius
778 3206 830 3238 lib.
850 3209 905 3248 lx,
925 3213 942 3241 8
963 3210 1127 3243 εΓίνεο-θαι
1152 3212 1254 3246 πάντα
1270 3216 1340 3247 κατ’

294 3258 503 3285 εναντιοτητα.

338 3294 403 3335 (22)
426 3296 581 3337 Diogenes
600 3299 744 3331 Laertius
765 3299 820 3332 lib.
842 3302 898 3341 tx,
918 3306 936 3334 8
959 3311 966 3334 :
987 3304 1046 3335 Καὶ
1064 3304 1127 3346 ῥεῖν
1145 3306 1185 3338 τὰ
1201 3307 1258 3338 ὅλα
1283 3319 1341 3340 πο·

295 3345 396 3384 ταμοῦ
413 3342 512 3381 δίκην.
530 3344 578 3377 Of.
595 3345 707 3386 fragm.
721 3349 834 3379 21-22.
854 3349 946 3381 Plato
969 3351 1091 3392 cratyl.
1107 3360 1139 3392 p.
1154 3355 1213 3386 402
1229 3358 1253 3387 Α
1272 3368 1280 3387 :
1298 3357 1344 3387 λέ-

297 3399 343 3427 γει
368 3401 430 3422 που
446 3391 644 3432 Ἡράκλειτος
670 3394 717 3425 ὅτι
742 3395 843 3427 πάντα
866 3400 964 3438 χωρεῖ
985 3398 1038 3428 καὶ
1054 3398 1141 3430 οὐδὲν
1166 3400 1267 3440 μένει,
1289 3402 1342 3433 καὶ

297 3442 438 3478 ποταμοῦ
456 3439 511 3480 ῥοῇ
526 3440 698 3477 ἀπεικάζων
711 3441 749 3473 τὰ
765 3441 840 3474 ὄντα
855 3444 933 3484 λέγει
947 3446 989 3481 ὡς
1003 3445 1046 3482 δὶς
1059 3445 1087 3481 ἐς
1106 3447 1159 3478 τὸν
1171 3447 1263 3480 αὐτὸν
1286 3460 1343 3482 πο-

296 3485 395 3526 ταμὸν
409 3485 466 3518 οὐκ
481 3488 518 3518 ἂν
537 3487 675 3527 ἐμῧαίης.

1465 340 1594 378 Restat
1627 348 1669 377 ut
1701 339 1841 390 placita
1871 342 2019 390 egregii
2051 341 2127 377 viri
2161 340 2456 383 adumbremus.

1412 400 1551 437 Rerum
1572 400 1657 449 (¹9)
1676 399 1908 437 elementum
1930 399 2058 449 ignem
2076 411 2161 437 esse
2179 399 2281 438 dixit
2298 400 2463 453 ejusque

1410 458 1564 497 vicibus
1595 457 1780 495 universa
1810 457 1903 496 cieri
1935 466 2050 508 atque
2077 457 2232 507 agitari.
2262 456 2339 503 Qui
2367 458 2460 497 dum

1409 516 1669 554 condensatur
1695 515 1758 554 vel
1805 516 1987 563 rarescit,
2032 516 2170 566 ingens
2203 516 2429 555 animalium
2446 546 2459 565 ‚

1409 588 1616 626 corporum
1640 574 1931 626 formarumque
1949 575 2116 613 varietas
2144 575 2261 613 modo
2289 575 2462 615 nascitur

1409 634 1525 671 modo
1555 633 1713 671 occidit.
1748 634 1799 671 At
1831 646 1990 673 occasus
2024 634 2099 687 (20)
2134 633 2231 672 nihil
2260 633 2394 672 differt
2411 634 2462 674 ab

1407 700 1493 729 ortu
1508 721 1518 739 ‚
1540 692 1735 743 siquidem
1752 694 1932 730 vivorum
1953 705 2038 731 sors
2057 705 2078 731 a
2101 701 2345 732 mortuorum
2366 706 2460 737 con-

1406 750 1556 789 ditione
1581 765 1658 789 non
1678 751 1834 789 diversa
1861 759 1930 789 est.
1961 751 2109 790 Cuncta
2135 751 2240 790 enim
2271 761 2461 804 perpetuo

1406 818 1612 847 moventur
1632 818 1671 847 et
1699 810 1833 861 priore
1854 818 1953 848 statu
1980 810 2117 849 relicto
2147 811 2189 849 in
2221 811 2459 850 contrarium

1406 876 1631 916 transeunt,
1653 881 1779 920 neque
1796 869 2009 919 quidquam
2033 869 2199 920 quiescit
2217 869 2313 923 (αι).
2334 872 2462 919 Quare

1405 925 1503 963 nihil
1524 935 1667 978 praeter
1692 927 1844 977 igneam
1865 927 1946 965 vim
1967 935 2024 965 est
2052 928 2286 968 immortale.
2306 929 2462 981 Quippe

1407 993 1543 1023 caetera
1558 999 1638 1024 non
1654 994 1758 1034 sunt,
1772 986 1839 1025 sed
1862 986 1959 1024 fiunt
1971 995 2008 1025 et
2024 987 2135 1038 quasi
2153 986 2327 1027 fluminis
2340 988 2462 1028 instar

1406 1043 1592 1083 labuntur
1620 1044 1715 1096 (22).
1748 1045 1856 1097 ignis
1887 1058 1983 1084 vero
2014 1054 2185 1084 mutatur
2219 1046 2389 1098 primum
2416 1049 2460 1087 in

1404 1116 1540 1149 aerem,
1560 1103 1700 1142 deinde
1714 1117 1780 1143 aer
1795 1105 1834 1143 in
1844 1117 1999 1156 aquam,
2011 1118 2098 1156 quae
2108 1106 2304 1157 partimin
2318 1113 2459 1145 terram

1404 1162 1507 1209 abit,
1530 1163 1673 1214 partim
1691 1164 1731 1201 in
1749 1163 1878 1213 ignem
1897 1164 2117 1202 revolvitur
2134 1163 2230 1218 (23).
2252 1163 2320 1204 Est
2332 1174 2459 1205 autem

1404 1221 1472 1259 ille
1490 1221 1594 1271 ignis
1614 1222 1798 1261 omnibus
1820 1236 1906 1274 quae
1925 1223 2119 1273 agitantur
2141 1223 2324 1263 movendi
2347 1225 2460 1277 prin·

1403 1279 1565 1331 cipium.
1586 1279 1719 1331 ltaque
1737 1280 1855 1332 hujus
1870 1280 2062 1319 beneficio
2082 1281 2292 1328 sentimus,
2314 1283 2461 1333 cogita-

1404 1352 1510 1387 mus,
1527 1341 1694 1378 animam
1711 1340 1758 1378 de
1777 1341 1878 1379 coelo
1894 1340 2086 1381 ducimus,
2105 1341 2230 1380 Porro
2245 1354 2324 1381 non
2338 1342 2458 1382 alium

1404 1399 1494 1436 vitae
1510 1407 1652 1437 nostrae
1671 1408 1867 1438 auctorem
1884 1408 1922 1438 et
1935 1402 2133 1439 custodem
2158 1400 2346 1441 habemus
2364 1403 2459 1454 (24).

1404 1457 1509 1495 Idem
1534 1458 1709 1497 fulminis
1737 1460 1867 1509 specie
1895 1472 2023 1497 rerum
2046 1461 2338 1500 universitatem
2361 1463 2462 1514 regit

1402 1530 1445 1555 ac
1473 1525 1603 1555 tuetur
1626 1518 1720 1568 (25).
1742 1518 1876 1568 Neque
1907 1526 2034 1557 tamen
2060 1519 2273 1570 quidquam
2301 1522 2403 1559 forte
2422 1530 2461 1560 et

1402 1588 1491 1614 casu
1508 1576 1660 1622 evenit,
1679 1576 1745 1614 sed
1763 1577 1895 1615 omnia
1912 1577 2139 1616 necessitate
2159 1578 2273 1618 fiunt.
2303 1578 2456 1618 Etenim

1403 1636 1588 1673 mundum
1608 1648 1734 1685 neque
1750 1635 1807 1674 dii
1828 1648 1954 1686 neque
1976 1635 2155 1675 homines
2177 1646 2458 1689 procrearunt,

1402 1695 1467 1732 sed
1490 1694 1562 1732 fuit
1578 1707 1626 1732 ex
1646 1695 1753 1733 omni
1773 1695 1986 1733 aeternitate
2012 1694 2090 1747 (26)
2113 1704 2228 1747 atque
2250 1705 2310 1735 est
2332 1705 2370 1735 et
2386 1698 2461 1737 erit

1401 1755 1503 1804 ignis
1523 1754 1796 1806 sempiternus.
1818 1754 1947 1800 Quum
1971 1756 2076 1793 enim
2093 1769 2114 1794 e
2135 1756 2296 1795 flammae
2319 1757 2462 1798 ardore

1399 1822 1603 1864 generatus
1615 1813 1685 1861 sit,
1703 1822 1808 1851 certo
1823 1822 1997 1866 tempore
2010 1828 2097 1853 eum
2111 1815 2289 1855 comburi
2304 1829 2460 1857 necesse

1401 1881 1472 1911 est.
1504 1874 1554 1912 At
1585 1873 1772 1924 quamdiu
1793 1875 1982 1913 'exuritur
2018 1876 2285 1915 universitatis
2316 1891 2460 1930 corpus

1402 1940 1617 1983 cunctaque
1636 1931 1742 1970 fumo
1767 1933 2028 1985 complentur,
2047 1934 2195 1973 tamdiu
2217 1935 2344 1974 offusa
2369 1935 2459 1975 orbi

1401 1991 1570 2040 caligine
1588 1991 1686 2029 nihil
1707 1991 1781 2030 sub
1800 2002 1995 2044 aspectum
2015 1995 2134 2032 cadit.
2154 1993 2216 2032 lbi
2233 1995 2461 2045 contingere

1402 2051 1518 2101 solet,
1542 2060 1585 2088 ut
1601 2059 1706 2088 terra
1723 2051 1772 2088 ad
1795 2052 1878 2090 orci
1898 2052 2197 2092 similitudinem
2219 2053 2387 2091 accedat.
2407 2053 2460 2092 Ut

1401 2109 1503 2147 enim
1525 2109 1566 2148 in
1587 2123 1682 2147 orco
1702 2110 1974 2148 defunctorum
1994 2112 2133 2150 animae
2149 2112 2364 2150 odorantur
2378 2127 2388 2150 ε
2404 2113 2460 2152 ita

1399 2169 1484 2207 vivi
1505 2178 1585 2207 tum
1607 2168 1749 2207 olfactu
1767 2183 1840 2222 pro
1857 2171 1947 2209 visu
1968 2161 2147 2219 utuntur,
2163 2171 2288 2211 donec
2307 2172 2459 2212 reddita

1400 2228 1485 2266 luce
1502 2228 1631 2267 denuo
1647 2228 1783 2267 videre
1801 2230 1953 2280 possint
1977 2230 2072 2281 (27).
2088 2231 2205 2269 Ortus
2221 2244 2460 2283 occasusque

1399 2286 1662 2325 vicissitudini
1678 2296 1851 2337 praesunt
1865 2289 2072 2326 contrariae
2091 2297 2257 2336 naturae,
2271 2302 2294 2328 e
2311 2289 2458 2340 quibus

1399 2345 1572 2381 omnium
1581 2357 1721 2396 parens
1729 2355 1891 2384 vocatur
1898 2346 2045 2384 Bellum
2055 2347 2139 2385 sive
2149 2347 2354 2385 Discordia
2363 2348 2454 2399 (28),

1401 2404 1575 2440 omnium
1591 2404 1806 2442 confectrix
1817 2405 2042 2443 nominatur
2050 2406 2131 2443 Pax
2141 2406 2226 2444 sive
2234 2406 2457 2447 Concordia

1402 2460 1496 2513 (29).
1523 2462 1702 2513 Denique
1731 2463 1894 2501 mutatio
1928 2477 2005 2515 qua
2037 2465 2268 2503 universum
2304 2466 2458 2505 exsistit

1400 2521 1465 2558 via
1488 2534 1640 2559 sursum
1666 2535 1710 2560 ac
1738 2523 1920 2561 deorsum
1943 2523 2089 2562 ducens
2116 2523 2335 2575 appellatur
2359 2524 2456 2578 (30).

1400 2580 1593 2618 Nimirum
1612 2593 1776 2632 vapores
1792 2582 1859 2632 qui
1874 2595 1923 2620 ex
1938 2582 2042 2632 agris
2058 2591 2096 2621 et
2116 2583 2229 2634 aquis
2241 2583 2459 2623 excitantur

1444 2747 1509 2788 (23)
1533 2748 1609 2779 Vid.
1634 2748 1734 2788 fragm
1766 2752 1804 2781 28
1831 2752 1863 2781 et
1891 2752 1943 2781 31.
1976 2750 2135 2789 Diogenes
2155 2751 2299 2783 Laertius
2323 2751 2378 2785 lib.
2398 2753 2456 2790 ΙΧ,

1400 2796 1419 2825 9
1445 2806 1453 2825 :
1488 2796 1705 2836 Πυκνούμενον
1729 2796 1788 2837 γὰρ
1812 2797 1848 2828 τὸ
1869 2801 1934 2837 πῦρ
1959 2798 2204 2838 ἐξυγραίνεσθαι,
2233 2799 2456 2839 συνιστάμενόν

1398 2851 1432 2872 τε
1456 2842 1594 2882 γίνεσθαι
1619 2843 1702 2884 ὕδωρ
1714 2865 1723 2881 ,
1739 2844 1932 2883 πηγνύμενον
1954 2844 1987 2875 δὲ
1998 2846 2034 2876 τὸ
2047 2845 2130 2885 ὕδωρ
2142 2845 2185 2881 εἰς
2199 2849 2257 2885 γῆν
2276 2846 2452 2887 τρέπεσθαι.

1443 2888 1508 2929 (24)
1532 2889 1605 2920 Vid.
1627 2889 1738 2929 fragm.
1753 2891 1794 2921 49
1811 2891 1842 2921 et
1858 2889 1969 2922 adnot.
1986 2890 2026 2922 ad
2041 2890 2154 2931 fragm.
2172 2893 2226 2923 46.

1443 2931 1510 2976 (25)
1532 2935 1607 2967 vid.
1630 2936 1740 2975 fragm.
1760 2941 1811 2968 50.

1441 2982 1510 3022 (26)
1536 2982 1610 3014 Vid.
1626 2982 1740 3022 fragm.
1759 2986 1809 3015 27.
1829 2983 1987 3023 Diogenes
2006 2983 2150 3016 Laertius
2169 2983 2222 3015 lib.
2238 2985 2299 3024 IX,
2314 2990 2332 3017 8
2348 2998 2357 3017 2
2374 2985 2454 3018 Ἕνα

1401 3029 1479 3061 εἶναι
1495 3029 1627 3070 κόσμον,
1644 3030 1808 3070 γεννᾶσθαί
1825 3042 1857 3062 τε
1874 3031 1967 3062 αὐτὸν
1988 3031 2024 3062 ἐκ
2039 3031 2153 3072 πυρός,
2168 3033 2220 3063 καὶ
2237 3033 2331 3065 πάλιν
2356 3033 2453 3070 ἐκπυ-

1400 3077 1528 3117 ροῦσθαι
1549 3077 1630 3108 κατὰ
1644 3087 1728 3114 τινας
1753 3078 1912 3118 περιόδους
1931 3077 2056 3114 ἐναλλὰξ
2078 3078 2133 3110 τὸν
2153 3079 2320 3119 σύμπαντα
2339 3081 2451 3112 αἰῶνα·

1399 3126 1491 3155 τοῦτο
1503 3123 1537 3155 δὲ
1553 3123 1690 3163 γίνεσθαι
1707 3123 1776 3156 καθ’
1788 3125 1983 3166 εἱμαρμένην.

1444 3170 1509 3211 (27)
1533 3170 1608 3202 Vid.
1631 3170 1743 3211 fragm.
1767 3174 1877 3204 25·26.

1443 3218 1508 3257 (28)
1531 3218 1606 3251 vid.
1622 3219 1732 3259 fragm.
1752 3220 1804 3252 43.

1444 3265 1509 3306 (29)
1533 3266 1688 3306 Diogenes
1713 3265 1856 3298 Laertius
1876 3265 1930 3298 lib.
1953 3268 2008 3306 lx,
2027 3269 2071 3299 8:
2092 3269 2164 3299 Τῶν
2187 3267 2220 3299 δὲ
2248 3267 2392 3300 ἐναντίων
2415 3268 2452 3300 τὸ

1402 3311 1457 3352 μὲν
1472 3313 1522 3344 ἐπὶ
1538 3314 1594 3350 τὴν
1610 3313 1728 3354 γένεσιν
1744 3313 1819 3352 ἄγον
1834 3314 1996 3345 καλεῖσθαι
2012 3314 2147 3355 πόλεμον
2159 3315 2212 3346 καὶ
2227 3316 2300 3357 ἔριν·
2310 3315 2347 3348 τὸ
2358 3315 2387 3347 δ’
2399 3315 2451 3347 ἐπὶ

1401 3360 1456 3398 τήν
1470 3360 1659 3402 ἐκπύρωσιν,
1676 3359 1842 3401 ὁμολογίαν
1856 3361 1908 3391 καὶ
1921 3362 2054 3402 εἰρήνην.
2460 3359 2485 3381 ⁶

1444 3406 1510 3446 (30)
1535 3406 1690 3446 Diogenes
1702 3406 1843 3439 Laertius
1855 3406 1909 3439 lib.
1924 3409 1982 3444 lX,
1997 3413 2015 3440 8
2029 3420 2038 3440 ε
2054 3408 2113 3440 Καὶ
2126 3409 2182 3446 τὴν
2196 3409 2367 3448 μεταὸολῂν
2379 3407 2451 3440 ὁδὸν

1401 3452 1466 3484 ἄνω
1482 3453 1586 3485 κάτω·
1599 3454 1653 3486 τόν
1667 3465 1701 3486 τε
1716 3453 1835 3495 κόσμον
1851 3453 1987 3494 γίνεσθαι
2002 3456 2082 3487 κατὰ
2098 3456 2224 3494 ταύτην.
2240 3455 2322 3488 Vide
2335 3455 2450 3496 fragm.

1401 3502 1440 3531 32
1457 3501 1489 3532 et
1508 3503 1559 3532 91.
