2612 3814
950 282 1019 321 DE
1047 277 1338 319 CLEANTHE.
1898 307 1904 313 .
2210 281 2281 312 149

110 383 217 420 locus
236 393 255 416 a
276 378 392 416 Sexto
412 375 608 426 EmpirIco
626 379 795 410 servatus
835 369 885 422 (9)
906 371 1047 420 probat
1069 368 1165 420 (10).

113 443 198 478 Huc
236 438 384 476 accedit
418 435 524 485 quod
556 434 610 472 M.
650 431 796 469 Tullius
830 429 913 480 (11)
948 436 1085 466 auctor
1117 435 1171 465 est

114 499 335 540 Cleanthem
365 503 518 545 putasse
552 499 736 542 quattuor
766 490 891 527 modis
918 489 1102 526 formatas
1131 488 1170 523 in

114 559 249 596 animis
275 556 478 593 hominum
509 553 672 590 deorum
704 563 782 588 esse
810 550 1002 586 notiones.
1042 548 1170 584 Unum

115 629 192 654 esse
224 614 388 653 credidit
417 625 503 650 eum
528 611 689 648 modum
715 609 782 658 qui
813 616 869 645 est
895 614 1092 656 susceptus
1126 617 1173 641 ex

114 676 367 726 praesensione
379 686 510 711 rerum
523 672 754 709 futurarum.
772 668 943 706 Alterum
961 680 1008 705 ex
1023 674 1174 716 pertur-

116 735 338 772 bationibus
357 739 624 782 tempestatum
645 737 683 767 et
700 729 858 778 reliquis
876 727 1044 764 motibus
1076 726 1176 762 exsi—

117 802 229 831 stere.
248 795 417 830 Tertium
439 805 485 829 ex
504 791 777 829 commoditate
792 801 922 826 rerum
942 800 1036 837 quas
1049 787 1174 836 perci-

119 855 280 904 cipimus
318 861 354 890 et
387 854 502 902 copia
535 853 642 890 oriri.
684 852 873 900 Quartum
906 861 952 886 ex
986 856 1177 885 astrorum

121 913 255 950 ordine
276 914 440 961 coelique
462 911 675 949 constantia
693 910 812 948 nasci.
829 907 956 945 Porro
976 907 1079 944 idem
1091 908 1177 943 scri·

120 978 211 1022 ptor
241 970 320 1022 (ια)
351 971 545 1007 memoriae
579 969 736 1019 prodit,
759 967 978 1004 Cleanthem
1012 965 1179 1003 duorum

122 1042 317 1075 sensuum,
340 1028 462 1065 tactus
482 1036 520 1065 et
542 1028 761 1071 oculorum,
790 1025 1009 1062 testimonio
1041 1032 1179 1062 osten-

124 1089 214 1126 dere
233 1089 420 1134 voluisse,
442 1088 567 1124 sidera
590 1094 673 1123 tota
699 1098 777 1122 esse
802 1086 928 1134 ignea.
959 1083 1021 1121 Sic
1053 1092 1180 1121 autem

124 1149 177 1185 ait
195 1161 205 1185 :
226 1149 346 1185 «Solis
365 1147 509 1184 candor
522 1147 707 1183 illustrior
723 1152 797 1190 est,
813 1157 927 1193 quam
942 1144 1056 1179 ullius
1069 1145 1180 1193 ignis,

125 1208 194 1256 qui
212 1207 252 1243 in
271 1208 456 1244 immenso
473 1205 621 1242 mundo
647 1212 724 1240 tam
741 1204 854 1253 longe
877 1204 1030 1251 lateque
1062 1204 1181 1239 collu-

126 1273 213 1302 ceat
229 1277 239 1303 :
257 1272 295 1302 et
305 1266 335 1301 is
355 1264 436 1312 ejus
454 1272 577 1300 tactus
586 1270 654 1311 est,
669 1275 748 1299 non
762 1269 806 1298 ut
822 1261 1025 1311 tepefaciat
1043 1261 1182 1310 solum,

125 1323 193 1361 sed
218 1325 331 1361 etiam
349 1336 447 1373 saepe
467 1323 685 1360 comburat.
714 1321 890 1369 Quorum
918 1328 1097 1357 neutrum
1129 1321 1184 1357 fa-

126 1389 252 1429 ceret,
273 1384 345 1419 nisi
365 1390 459 1419 esset
477 1383 623 1432 igneus.
646 1382 747 1431 Ergo
768 1393 888 1429 quum
908 1380 966 1416 sol
985 1380 1119 1429 igneus
1140 1382 1187 1416 sit

128 1444 338 1491 oceanique
377 1443 500 1478 alatur
527 1441 775 1487 humoribus,
806 1440 897 1489 quia
926 1440 1054 1476 nullus
1090 1441 1187 1489 ignis

126 1503 206 1540 sine
225 1510 336 1552 pastu
371 1503 503 1551 aliquo
529 1502 650 1551 possit
677 1511 927 1550 permanere,
957 1511 1104 1536 necesse
1134 1507 1189 1536 est

128 1569 194 1599 aut
217 1562 348 1598 similis
378 1562 427 1598 sit
458 1561 556 1611 igni,
589 1573 704 1609 quern
737 1559 962 1596 adhibemus
990 1558 1041 1596 ad
1077 1572 1187 1595 usum

129 1629 244 1670 atque
261 1621 426 1667 victum,
447 1628 513 1657 aut
539 1621 574 1657 ei
601 1620 667 1669 qui
685 1619 917 1669 corporibus
939 1619 1188 1656 animantium

130 1681 361 1718 continetur.
382 1683 508 1729 Atque
525 1680 588 1716 hic
603 1686 735 1716 noster
753 1679 849 1728 ignis
866 1691 979 1727 quem
1000 1691 1090 1715 usus
1104 1679 1189 1714 vitae

130 1740 294 1789 requirit
334 1740 533 1776 confector
567 1746 624 1776 est
664 1745 702 1775 et
734 1745 959 1775 consumtor
991 1739 1187 1787 omnium,

131 1800 323 1848 idemque,
345 1811 593 1848 quocumque
608 1799 758 1845 invasit,
778 1804 916 1834 cuncta
936 1797 1127 1834 disturbat
1145 1810 1189 1834 ac

132 1859 300 1908 dissipat.
316 1859 458 1896 Contra
478 1859 543 1896 ille
560 1870 785 1908 corporeus,
797 1858 924 1893 vitalis
944 1864 982 1894 et
997 1858 1188 1903 salutaris,

133 1920 266 1956 omnia
291 1925 515 1964 conservat,
538 1918 627 1966 alit,
652 1924 784 1967 auget,
815 1917 975 1954 sustinet
1004 1929 1192 1966 sensuque

132 1976 260 2015 afficit.
281 1979 404 2026 Negat
435 1989 528 2026 ergo
558 1989 635 2013 esse
667 1977 851 2022 dubium,
873 1977 1014 2013 horum
1044 1977 1190 2027 ignium

131 2039 190 2075 sol
216 2038 295 2074 utri
324 2038 455 2074 similis
483 2038 552 2086 sit,
572 2050 691 2086 quum
714 2037 745 2073 is
774 2049 930 2085 quoque
958 2036 1117 2078 efficiat.
1151 2046 1194 2074 ut

134 2098 264 2134 omnia
283 2095 448 2133 floreant
477 2104 516 2134 et
541 2097 583 2132 in
611 2109 681 2133 suo
710 2108 873 2145 quaeque
894 2109 1033 2146 genere
1066 2097 1192 2146 pube-

132 2164 251 2194 scant.
270 2173 286 2191 »
305 2155 497 2194 Praeterea
524 2154 606 2203 ejus
636 2155 685 2192 de
709 2155 788 2192 fato
821 2156 1007 2207 sententia
1025 2157 1194 2206 perspici

132 2224 259 2267 potest
275 2229 296 2254 e
309 2217 482 2254 versibus
492 2217 560 2265 qui
579 2222 668 2252 sunt
685 2215 789 2264 apud
807 2215 1020 2264 Epictetum
1035 2217 1192 2255 Enchir.

135 2289 170 2315 c.
192 2275 241 2314 52
262 2276 356 2326 (vid.
373 2289 430 2315 vs.
447 2273 595 2327 67-70)
621 2282 659 2311 et
689 2288 786 2324 quos
802 2276 946 2312 Seneca
967 2276 1088 2326 Epist.
1123 2289 1193 2324 107

134 2336 175 2372 in
190 2336 292 2373 hunc
310 2336 472 2372 modum
491 2336 608 2372 latine
626 2335 743 2371 vertit
760 2346 770 2372 :

219 2421 292 2453 Duc
307 2428 359 2452 me
376 2427 493 2461 parens
513 2418 652 2460 celsique
667 2418 849 2451 dominator
867 2418 950 2459 poli,

220 2475 427 2508 quocumque
444 2466 575 2508 placuit.
589 2465 683 2499 Nulla
700 2466 830 2507 parendi
845 2475 936 2499 mora
953 2467 1021 2506 est;

221 2522 331 2547 assum
346 2514 492 2555 impiger.
510 2515 575 2546 Fac
589 2513 674 2545 nolle
692 2523 701 2545 :
719 2513 898 2546 comitabor
915 2522 1045 2555 gemens
1064 2526 1073 2546 ι

223 2561 349 2594 ducunt
365 2561 527 2595 volentem
545 2561 624 2601 fata,
643 2561 806 2593 nolentem
821 2561 974 2601 trahunt,

222 2609 392 2650 malusque
410 2610 522 2649 patiar,
540 2608 628 2650 quod
648 2609 714 2649 pati
729 2609 819 2641 licuit
839 2608 935 2641 bono.

144 2690 160 2707 ι
185 2672 248 2711 Sic
269 2675 461 2722 vivamus,
485 2673 593 2711 addit
615 2672 760 2711 Seneca
774 2702 785 2724 ,
806 2674 859 2710 sic
887 2675 1106 2723 loquamur.
1126 2673 1203 2711 Pa-

184 2845 228 2886 (9)
253 2845 334 2878 Vide
347 2845 431 2878 inter
444 2846 532 2878 locos
545 2847 650 2879 soluta
663 2846 809 2879 oratione
825 2847 976 2887 scriptos.

185 2891 251 2934 (10)
288 2892 379 2925 Unde
406 2895 523 2935 spiras
561 2894 741 2927 Cleanthis
765 2896 799 2927 et
823 2897 985 2928 contorta
1016 2895 1202 2937 Chrysippi

140 2938 242 2981 jungit
259 2941 291 2973 S.
311 2940 527 2982 Hieronymus
541 2943 555 2973 Ι
568 2942 600 2974 in
615 2941 722 2975 Rufin.

184 2988 254 3069 (ιίὲ
272 2988 384 3021 Cicero
405 2989 444 3022 de
463 2991 578 3022 Natur.
600 2989 689 3023 deor.
709 2990 764 3023 lib.
782 2991 841 3032 III,
862 2999 933 3032 cap.
957 2992 988 3024 7.
1010 2991 1061 3024 cr.
1083 2991 1139 3024 lib.
1159 2993 1201 3031 ΙΙ,

143 3043 214 3076 cap.
258 3061 266 3069 .

187 3082 254 3124 (12)
277 3082 328 3116 Id.
347 3082 387 3116 de
399 3085 473 3117 Nat.
486 3084 575 3118 deor.
594 3084 650 3117 lib.
667 3086 711 3127 II,
723 3094 794 3127 cap.
819 3087 868 3118 15.

189 3129 255 3171 (13)
280 3130 393 3163 Cicero
405 3131 445 3164 de
461 3132 596 3165 Finibus
612 3132 690 3166 bon.
710 3135 743 3166 et
759 3133 835 3165 mal.
851 3132 906 3165 lib.
929 3133 972 3173 11,
985 3136 1036 3166 21.
1054 3133 1204 3174 Augusti-

145 3183 208 3209 nus
223 3176 265 3209 de
285 3178 381 3210 Civit.
398 3179 456 3211 Dei
470 3181 512 3220 V,
530 3183 581 3213 20.

189 3224 255 3266 (14)
271 3226 430 3267 Diogenes
451 3227 598 3260 Laertius
617 3227 672 3259 lib.
690 3228 768 3269 vll,
786 3230 844 3260 176
863 3237 871 3259 ε
893 3227 953 3260 Καὶ
972 3228 1101 3270 τελευτᾷ
1115 3227 1203 3260 τόνδε

146 3272 200 3305 τὸν
217 3272 343 3314 τρόπον·
358 3274 512 3315 διῴδησεν
529 3274 615 3315 αὐτῷ
626 3275 664 3307 τὸ
681 3274 783 3307 οὖλον·
799 3274 1082 3317 ἀπαγορευσάντων
1097 3275 1130 3307 δὲ
1142 3279 1204 3308 τῶν

147 3322 276 3363 ἰατρῶν,
293 3323 349 3355 δύο
372 3324 488 3366 ἡμέρας
505 3324 663 3367 ἀπέσχετο
681 3329 795 3367 τροφῆς
822 3325 877 3358 καί
899 3337 966 3362 πως
986 3325 1061 3367 ἔσχε
1083 3327 1205 3365 καλῶς,

149 3371 234 3402 ὥστι
256 3370 329 3407 τοὺς
347 3371 471 3412 ἰατροὺς
500 3371 588 3414 αὐτῷ
610 3371 713 3404 πάντα
743 3374 783 3405 τὰ
804 3373 921 3411 συνήθη
945 3376 1133 3414 συγχωρεῖν,
1155 3374 1206 3406 τὸν

149 3415 181 3448 δὲ
200 3417 244 3457 μὴ
264 3416 475 3458 ἀνασχέσθαι,
493 3418 559 3451 ἀλλ’
573 3419 700 3452 εἰπόντα
718 3420 778 3459 ἤδη
798 3420 883 3462 αὐτῷ
899 3421 1206 3462 προωδοιπορῆσθαι,

149 3464 203 3496 καὶ
219 3464 273 3500 τὰς
288 3465 399 3501 λοιπὰς
413 3465 629 3507 ἀνασχόμενον
644 3468 827 3507 τελευτῆσαι
837 3493 846 3507 ,
857 3468 956 3500 ταύτὰ
968 3468 1085 3506 Ζήνωνι
1102 3470 1113 3509 (
1125 3470 1206 3501 καθά

1228 373 1331 403 ratos
1350 377 1420 400 nos
1443 364 1613 400 inveniat
1632 370 1746 411 atque
1770 363 1952 411 impigros
1975 362 2109 401 fatum.
2133 363 2205 399 Hic
2231 369 2286 399 cst

1228 435 1388 473 magnus
1406 423 1576 467 animus,
1597 421 1663 469 qui
1688 433 1728 456 se
1747 422 1830 457 Deo
1857 419 2015 456 tradidit
2048 433 2057 455 t
2088 427 2127 456 at
2154 428 2286 457 contra

1230 484 1294 519 ille
1313 481 1471 531 pusillus
1499 493 1543 517 ac
1569 480 1745 529 degener,
1768 480 1835 527 qui
1857 479 2076 514 obluctatur
2100 486 2137 514 et
2157 479 2203 515 de
2223 492 2286 516 or-

1234 542 1322 578 dine
1340 539 1477 577 mundi
1502 539 1599 575 male
1623 538 1835 583 existimat,
1852 544 1890 573 et
1911 536 2115 572 emendare
2145 539 2290 574 mavult

1234 600 1327 636 deos
1347 611 1462 648 quam
1481 610 1532 634 se.
1555 614 1569 630 ιι
1588 599 1714 646 Quum
1735 604 1861 633 autem
1890 594 2010 632 Stoici
2030 594 2145 632 finem
2165 595 2289 632 bono·

1233 672 1319 695 rum
1349 659 1530 695 virtutem
1562 670 1640 694 esse
1665 655 1963 701 contenderent,
1984 655 2131 691 solebat
2155 653 2292 692 Clean-

1237 719 1318 754 thes
1350 717 1399 753 ad
1428 716 1695 753 incutiendum
1732 716 1930 764 Epicureis
1959 714 2149 763 pudorem
2179 716 2292 751 talem

1238 777 1316 814 fere
1337 776 1507 813 tabulam
1528 775 1653 811 verbis
1674 774 1828 824 pingere
1847 773 1947 824 (13).
1972 772 2090 810 Sedet
2118 775 2294 824 voluptas

1238 835 1499 885 pulcherrimo
1531 834 1670 870 vestitu
1698 840 1734 870 et
1757 840 1895 869 ornatu
1926 833 2046 881 regali
2077 833 2233 883 insignis
2257 835 2296 870 in

1239 895 1336 931 solio
1360 907 1369 929 :
1395 901 1533 943 praesto
1554 899 1641 929 sunt
1659 893 1838 940 virtutes,
1856 899 1899 927 ut
1920 891 2127 938 ancillulae,
2146 905 2229 941 quae
2244 895 2298 929 ni-

1238 955 1293 990 hil
1316 954 1422 990 aliud
1444 961 1562 1003 agunt
1579 965 1691 1001 quam
1714 959 1758 988 ut
1775 952 1964 1004 voluptati
1987 952 2226 1002 ministrent,
2249 953 2299 988 ad

1240 1025 1372 1049 aurem
1389 1019 1537 1049 tantum
1554 1024 1636 1048 eam
1653 1011 1913 1057 admonentes,
1926 1018 1970 1047 ut
1987 1019 2121 1048 caveat
2138 1024 2187 1049 ne
2205 1012 2300 1061 quid

1242 1073 1358 1109 faciat
1372 1072 1595 1122 imprudens
1612 1072 1718 1120 quod
1732 1072 1933 1107 hominum
1948 1071 2096 1109 animos
2111 1070 2298 1115 offendat,

1242 1140 1308 1170 aut
1339 1133 1550 1182 quidquam
1573 1144 1593 1167 e
1616 1143 1695 1179 quo
1720 1130 1835 1166 dolor
1864 1130 2002 1179 aliquis
2027 1131 2189 1167 oriatur.
2215 1131 2302 1168 Huc

1243 1194 1356 1229 etiam
1375 1191 1598 1228 referendus
1620 1188 1761 1226 Stobaei
1778 1189 1888 1225 locus
1903 1189 2033 1226 Floril.
2053 1190 2119 1235 VI,
2139 1187 2186 1235 37
2208 1188 2300 1238 (vid.

1244 1251 1397 1300 fragm.)
1425 1250 1493 1286 ubi
1526 1249 1686 1298 legimus
1714 1247 1934 1286 Cleanthem
1963 1247 2124 1293 dixisse,
2158 1247 2188 1283 si
2218 1246 2304 1284 finis

1246 1318 1340 1347 esset
1372 1310 1574 1358 voluptas,
1600 1315 1782 1356 tanquam
1818 1307 1961 1343 malum
1990 1306 2212 1343 hominibus
2240 1306 2307 1344 da-

1247 1377 1324 1406 tam
1342 1381 1421 1405 esse
1437 1368 1697 1417 prudentiam.
1721 1366 1824 1414 Quid
1838 1378 1931 1402 vero
1950 1365 1997 1403 de
2014 1365 2153 1403 ardore
2169 1367 2307 1404 mentis

1246 1430 1293 1466 ad
1315 1429 1477 1479 gloriam
1500 1425 1584 1479 (vss.
1608 1426 1758 1475 39-42)
1773 1454 1783 1472 ,
1803 1425 1852 1462 de
1870 1426 2045 1476 corporis
2064 1425 2214 1474 gaudiis
2236 1425 2305 1475 (vs,

1249 1488 1403 1537 43-44),
1426 1487 1472 1524 de
1492 1488 1597 1523 bono
1614 1486 1683 1536 (vs.
1705 1484 1866 1535 45—55),
1883 1486 1930 1522 de
1942 1485 2154 1535 cupiditate
2168 1486 2308 1522 rationi

1249 1547 1443 1585 contraria
1465 1547 1551 1596 (VSS.
1574 1543 1732 1594 56-59)‚
1756 1544 1804 1581 de
1827 1545 2018 1583 calumnia
2037 1543 2119 1593 (vss.
2142 1544 2307 1595 60-62),

1251 1607 1299 1644 de
1315 1607 1489 1656 turpium
1510 1617 1640 1642 rerum
1657 1605 1831 1653 appetitu
1849 1608 1933 1654 (vss.
1954 1603 2104 1655 63·64),
2122 1604 2169 1642 de
2195 1606 2310 1642 silen-

1251 1666 1304 1702 tio
1327 1663 1452 1718 (Stob.
1468 1665 1574 1702 Flor.
1592 1664 1785 1713 XXXIII,
1806 1662 1862 1714 8),
1879 1663 1927 1701 de
1953 1663 2171 1700 eruditione
2189 1662 2309 1713 (Stob.

1249 1725 1355 1762 Flor.
1383 1722 1448 1770 lv,
1473 1723 1552 1773 90),
1569 1722 1616 1759 de
1625 1721 1883 1770 jurejurando
1899 1723 2149 1773 praeceperit,
2168 1722 2311 1759 indicio

1251 1790 1340 1820 sunt
1360 1795 1406 1819 ea
1429 1794 1513 1831 quae
1540 1780 1723 1829 subjunxi
1742 1781 1965 1830 fragmenta.
1999 1781 2104 1830 Quid
2130 1789 2311 1831 praeterea

1251 1842 1446 1888 docuerit,
1464 1841 1506 1878 id
1520 1848 1596 1887 est,
1615 1854 1699 1890 quae
1717 1841 1752 1877 ei
1771 1853 1860 1879 cum
1876 1841 2035 1889 reliquis
2055 1842 2193 1879 Stoicis
2213 1854 2314 1878 com-

1249 1903 1382 1939 munia
1401 1902 1546 1938 fuerint
1566 1901 1771 1951 dogmata,
1798 1901 1916 1938 fusius
1935 1913 2130 1950 exponere
2162 1902 2210 1937 ab
2238 1901 2314 1938 hoc

1252 1962 1342 1998 loco
1367 1962 1533 1998 alienum
1554 1968 1623 1997 est.
1646 1961 1773 1997 Vitam
1792 1961 2060 2010 octogenarius
2078 1960 2206 1996 inedia
2222 1959 2316 1997 fini-

1253 2021 1310 2056 vit
1331 2017 1427 2072 (14).
1450 2019 1536 2068 Qua
1550 2019 1599 2056 de
1617 2032 1659 2056 re
1678 2019 1792 2056 etiam
1812 2032 1914 2056 nunc
1934 2027 2053 2057 exstat
2068 2020 2318 2060 memorabile

1255 2078 1337 2126 ejus
1353 2079 1499 2116 dictum
1517 2076 1610 2130 (15),
1625 2078 1732 2127 quod
1746 2079 1978 2127 scriptorum
1993 2079 2164 2128 reliquiis
2176 2078 2315 2126 adjeci.

1308 2146 1505 2194 Hymnum
1520 2158 1598 2193 quo
1610 2146 1630 2181 J
1635 2145 1716 2180 ovis
1727 2145 1942 2193 potentiam
1959 2145 2168 2181 celebravit
2183 2144 2318 2184 Clean-

1255 2204 1337 2240 thes
1366 2205 1515 2252 primus
1546 2203 1693 2252 publici
1717 2202 1817 2252 juris
1851 2202 1944 2240 fecit
1977 2204 2133 2241 Fulvius
2158 2204 2320 2241 Ursinus

1254 2269 1343 2312 post
1363 2264 1589 2312 Fragmenta
1616 2274 1755 2299 novem
1777 2262 2007 2301 feminarum
2027 2268 2065 2299 et
2089 2263 2319 2312 Lyricorum

1258 2321 1478 2370 Antverpiae
1506 2332 1608 2356 anno
1634 2318 1751 2364 1568,
1771 2319 1911 2357 deinde
1932 2333 2019 2357 cum
2055 2321 2138 2357 aliis
2165 2321 2321 2370 quibus-

1259 2381 1347 2417 dam
1375 2380 1494 2417 Stoici
1523 2379 1773 2429 fragminibus
1803 2380 1921 2417 Henr.
1943 2377 2159 2428 Stephanus
2200 2380 2322 2417 edidit

1259 2440 1297 2475 in
1312 2439 1421 2475 Poesi
1434 2438 1700 2488 philosophica
1712 2450 1802 2488 pag.
1822 2436 1953 2488 49-52
1973 2446 2011 2475 et
2022 2451 2110 2489 pag.
2134 2445 2318 2487 124-127.

1261 2498 1445 2537 Eumdem
1464 2498 1653 2547 hymnum
1672 2498 1773 2535 inter
1792 2497 2001 2535 Gnomicos
2016 2505 2152 2549 poetas
2171 2499 2323 2537 Graecos

1260 2558 1453 2595 recensuit
1465 2558 1577 2596 Rich.
1594 2557 1691 2596 Phil.
1707 2557 1925 2595 Brunckius
1937 2558 2182 2608 Argentorati
2205 2558 2320 2606 1784,

1263 2617 1438 2666 apposita
1458 2616 1601 2665 triplici
1627 2616 1965 2665 interpretatione,
1988 2618 2109 2655 latina
2130 2619 2212 2656 Jac.
2238 2620 2322 2656 Du-

1266 2677 1393 2725 porti,
1416 2676 1554 2725 gallica
1579 2675 1869 2726 Bougainvillii‚
1901 2677 2028 2714 italica
2055 2677 2242 2728 Pompeji.
2274 2678 2323 2714 Hi

1266 2849 1375 2881 scribit
1402 2850 1563 2882 Lucianus
1583 2850 1617 2883 in
1640 2852 1806 2893 Longaevis
1836 2851 1886 2884 liis
1914 2852 2019 2884 verbis
2043 2865 2050 2883 ε
2075 2852 2230 2890 Κλεάνθης
2257 2853 2290 2884 δὲ
2310 2863 2327 2882 ο

1266 2898 1407 2935 Ζήνωνος
1423 2899 1559 2939 μαθητής
1579 2900 1632 2930 καὶ
1650 2899 1806 2943 διάδοχος.
1828 2899 1936 2932 Ἐννέα
1951 2901 2005 2933 καὶ
2029 2900 2212 2939 ἐνενήκοντα
2238 2901 2329 2936 οὗτος

1265 2946 1401 2985 γεγονὼς
1421 2945 1475 2984 ἐτη
1487 2969 1495 2984 ,
1513 2946 1599 2987 φῦμα
1615 2946 1707 2989 ἔσχεν
1727 2948 1777 2980 ἐπὶ
1792 2950 1848 2979 τοῦ
1864 2948 1987 2990 χείλους
1998 2958 2005 2965 ·
2020 2949 2074 2979 καὶ
2092 2948 2328 2990 ἀποκαρτερῶν,

1266 2992 1458 3025 ἐπελθόντων
1474 2993 1560 3035 αὐτῷ
1580 2994 1652 3036 παρ’
1675 2994 1806 3038 ἑταίρων
1824 2998 1916 3027 τινῶν
1935 2995 2140 3037 γραμμάτων,
2162 3006 2329 3038 προσενεγ-

1266 3039 1399 3081 κάμενος
1417 3041 1542 3083 τροφήν,
1565 3042 1619 3073 καὶ
1648 3042 1763 3081 mih<
1782 3043 1850 3083 περὶ
1872 3043 1929 3074 ὧν,
1947 3043 2051 3083 ἠξίουν
2074 3045 2103 3075 οἱ
2126 3043 2221 3084 φίλοι,
2249 3043 2328 3075 ἀπο-

1267 3087 1420 3129 σχόμενος
1439 3087 1524 3126 αὖθις
1541 3092 1653 3131 τροφῆς
1681 3090 1798 3127 ἐξέλιπε
1817 3090 1870 3122 τὸν
1893 3090 1972 3132 βίον.
1999 3091 2152 3123 Similiter
2181 3090 2332 3124 Valerius

1267 3135 1429 3167 Maximus
1450 3135 1506 3168 lib.
1525 3138 1602 3169 VIII
1619 3145 1689 3178 cap.
1714 3139 1732 3173 7
1755 3150 1764 3170 2
1786 3139 1831 3170 Te
1846 3146 1996 3179 quoque,
2015 3137 2138 3178 inquit,
2153 3137 2326 3177 Cleanthe,

1267 3184 1333 3214 tam
1357 3183 1512 3215 laboriose
1531 3183 1751 3225 haurientem,
1775 3187 1808 3217 et
1828 3186 1896 3217 tam
1919 3184 2124 3226 pertinaciter
2145 3185 2326 3218 tradentem

1268 3229 1457 3270 sapientiam
1478 3239 1599 3263 numen
1620 3231 1722 3272 ipsius
1739 3231 1909 3264 industriae
1930 3232 2074 3272 suspexit
2092 3242 2100 3263 ε
2123 3241 2226 3273 quum
2249 3232 2325 3264 ado-

1271 3276 1443 3310 lescentem
1475 3280 1605 3319 qiioestu
1636 3279 1847 3311 extrahendae
1877 3288 1972 3320 aquae
2004 3282 2164 3312 nocturno
2186 3283 2330 3320 tempore

1269 3327 1409 3368 inopiam
1426 3329 1518 3360 tuam
1543 3331 1798 3371 sustentantem,
1819 3329 1935 3362 diurno
1963 3329 2134 3371 Chrysippi
2161 3330 2328 3370 praeceptis

1269 3375 1479 3417 percipiendis
1509 3378 1699 3415 vacantem,
1730 3377 1947 3419 eumdemque
1967 3377 2006 3410 ad
2030 3377 2327 3409 undecentesimum

1268 3432 1387 3454 annum
1402 3424 1524 3455 attenta
1538 3433 1614 3455 cura
1625 3423 1823 3457 erudientem
1839 3426 2002 3458 auditores
2016 3427 2090 3457 tuos
2105 3423 2239 3456 videret.
2262 3425 2328 3456 Du·

1269 3470 1341 3511 plici
1355 3471 1439 3503 enim
1455 3471 1563 3503 labore
1579 3472 1674 3504 unius
1687 3472 1797 3504 sacculi
1812 3472 1953 3513 spatium
1971 3472 2152 3513 occupasti,
2170 3472 2325 3504 incertum

124 3545 126 3547 ,
146 3510 226 3553 φασί
254 3513 346 3549 τινες)
367 3511 400 3544 π’
418 3513 472 3552 ἔτη
500 3515 680 3556 βιώσαντα,
699 3515 753 3547 καὶ
782 3515 963 3547 ἀκούσαντα
989 3516 1129 3554 Ζήνωνος
1151 3516 1204 3555 ἔτη
1269 3518 1449 3559 reddendo,
1470 3518 1689 3559 discipulusne
1708 3528 1747 3552 an
1768 3523 1944 3560 proeceptor
1957 3529 2044 3552 esses
2067 3519 2265 3552 laudabilior.

151 3556 379 3591 ἐννεακαίδεκα.
399 3560 445 3591 Ad
467 3560 764 3594 undecentesimum
785 3571 905 3594 annum
925 3562 1110 3604 pervenisse
1129 3573 1202 3596 eum

1312 3566 1377 3605 (15)
1401 3566 1493 3606 Apud
1515 3566 1681 3598 Stobaeum
1704 3567 1813 3599 Floril.
1835 3568 1909 3606 Vll,
1931 3570 1982 3600 54.
