2612 3814
347 221 421 260 194

357 323 388 348 ir,
411 305 502 347 ἀλλὰ
522 310 628 360 γνῶθι
643 305 707 358 μὲν
734 309 779 351 ὡς
796 306 926 346 θανέειν
947 306 1134 361 πέπρωται
1157 305 1285 345 ἅπασι.

419 368 602 422 Χρήματα
632 367 661 406 δ’
697 366 823 406 ἄλλοτε
857 366 919 419 μὲν
941 371 1092 406 κτᾶσθαι
1125 366 1242 421 φίλει,
1277 365 1397 404 ἄλλοτ’

1211 424 1395 478 [ὀλέσσαι.

419 487 543 528 “Ocea
563 503 598 526 τε
619 486 822 539 δαιμονίῃσι
842 486 965 540 τύχαις
985 485 1102 539 βροτοὶ
1123 484 1220 537 ἄλγε’
1241 485 1394 538 ἔχουσιν,

418 548 461 597 ἣν
481 546 523 586 ἂν
540 549 665 600 μοῖραν
687 546 790 600 ἔχῃς,
816 546 948 593 ταύτην
966 544 1067 599 φέρε,
1089 545 1172 596 μηδ’
1195 544 1397 597 ἀγανάκτει.

416 610 537 647 ἰᾶσθαι
553 607 587 647 δὲ
609 607 756 662 πρέπει,
775 607 923 646 καθόσον
945 606 1042 658 δύνῃ·
1063 600 1130 644 ὧδε
1149 604 1183 644 δὲ
1203 604 1345 658 φράζευ·

355 681 392 708 20
413 670 450 707 οὗ
472 667 564 707 πάνυ
586 673 656 712 τοῖς
677 670 819 719 ἀγαθοῖς
838 665 968 705 τούτων
991 665 1081 705 πολὺ
1103 667 1210 718 μοῖρα
1232 664 1367 703 δίδωσι.

422 727 554 770 Πολλοὶ
579 728 612 766 δ’
629 726 843 779 ἀνθρώποισι
860 726 957 776 λόγοι
979 724 1087 764 δειλοί
1103 740 1140 763 τε
1157 724 1218 763 καὶ
1236 725 1354 764 ἐσθλοὶ

418 787 694 842 προσπίπτουσ’,
710 780 757 825 ὧν
778 786 862 837 μήτ’
883 784 1098 836 ἐκπλήσσεο,
1119 784 1201 836 μήτ’
1216 783 1272 837 ἄρ’
1291 785 1398 837 ἐάσῃς

420 849 594 900 εἴργεσθαι
619 847 756 886 σαυτόν·
778 847 901 896 ψεῦδος
919 846 949 884 δ’
966 844 1078 898 ἤνπερ
1094 860 1128 884 τι
1147 845 1313 896 λέγηται,

419 910 540 963 πράως
567 903 646 961 εἶχ’.
665 907 715 947 Ὃ
735 906 771 946 δέ
791 923 844 946 τοι
872 906 977 960 ἐρέω,
1003 906 1060 944 ἐπὶ
1082 904 1189 945 παντὶ
1215 905 1395 945 τελείσθω·

379 1075 420 1105 V.
442 1077 490 1105 15.
505 1070 684 1114 πέπρωται]
701 1074 728 1104 O
743 1082 751 1112 ;
766 1071 919 1113 πέπροται
933 1072 967 1103 S.

380 1124 421 1154 V.
447 1125 493 1153 16.
514 1119 614 1162 φίλει]
627 1120 700 1152 Ald.
718 1118 845 1152 Marcil.
865 1119 999 1151 Salmas.
1020 1118 1052 1150 in
1070 1118 1184 1157 textu,
1206 1117 1259 1150 ed.
1282 1117 1405 1149 Veneta

338 1171 369 1202 et
391 1169 550 1210 interpres
572 1167 692 1207 Arabs,
716 1167 810 1208 cujus
838 1166 938 1198 verba
960 1166 1005 1198 sic
1025 1164 1123 1198 latine
1141 1164 1278 1196 reddidit
1298 1163 1404 1196 Elich·

338 1226 499 1250 mannus:
523 1230 537 1245 *ι
559 1215 666 1258 quoad
683 1224 761 1257 opes
781 1217 910 1254 autem,
933 1223 970 1246 ex
986 1222 1083 1255 aequo
1104 1212 1242 1245 modum
1260 1213 1297 1245 iis
1313 1212 1406 1244 adhi-

339 1266 435 1307 beto,
455 1264 635 1305 colligendo
654 1273 709 1296 eas
728 1272 787 1296 suo
811 1265 957 1303 tempore
985 1264 1018 1293 et
1040 1259 1242 1293 absumendo
1265 1269 1318 1292 eas
1348 1269 1407 1292 suo

341 1317 498 1354 tempore.
520 1325 535 1340 »
555 1329 597 1335 —
618 1311 748 1344 ὀλέσσαι
773 1309 911 1350 conjecit
927 1309 1143 1349 Hieronymus
1163 1307 1302 1341 Wolfius
1321 1307 1406 1349 apud

339 1359 548 1393 Theodorum
576 1358 770 1391 Marcilium.
804 1357 893 1391 Idem
921 1359 1034 1398 postea
1058 1355 1242 1397 suspicatus
1264 1356 1314 1387 est
1350 1356 1405 1387 Jo.

342 1406 485 1440 Wolfius
507 1405 592 1448 apud
612 1406 812 1444 Ashtonum,
839 1407 875 1437 ut
893 1403 1068 1436 verborum
1088 1403 1237 1445 χρήματα
1256 1402 1281 1435 δ’
1298 1402 1407 1434 ἄλλοτε

345 1461 400 1497 μεν
422 1454 557 1486 κτᾶσθαι
578 1453 678 1496 φίλει,
698 1452 802 1485 ἄλλοτ’
818 1452 948 1484 ὀλέσσαι
965 1459 1079 1484 sensus
1096 1453 1182 1483 esset
1201 1462 1209 1483 ι
1237 1462 1252 1478 «
1275 1449 1404 1482 divitias

345 1501 443 1534 modo
464 1509 610 1542 quaerere
634 1508 726 1539 ama,
752 1499 850 1532 modo
873 1499 1022 1532 amittere
1042 1512 1057 1527 »
1079 1497 1316 1539 (consumere,
1336 1506 1405 1529 ero·
1422 1512 1428 1520 ‹

341 1548 455 1590 gare).
475 1550 657 1588 Utramque
671 1547 841 1579 lectionem
855 1545 1036 1588 probarunt
1051 1545 1215 1577 Ashtonus
1228 1544 1309 1586 (nisi
1320 1543 1405 1585 quod

345 1597 425 1629 falso
445 1595 585 1636 explicat
605 1595 636 1626 in
662 1594 738 1626 adn.
763 1603 793 1635 p.
819 1596 869 1633 11,
892 1593 1023 1626 divitias
1045 1594 1154 1625 autem
1175 1593 1271 1625 modo
1298 1594 1407 1634 possi-

340 1644 422 1677 dere
438 1653 511 1675 ama
535 1643 631 1675 modo
651 1643 833 1684 amittere),
856 1642 1057 1682 Brunckius‚
1079 1641 1219 1674 OrcIIIus
1234 1666 1242 1682 ,
1262 1641 1407 1673 Gaisfor-

341 1693 414 1724 dius
429 1692 461 1724 in
483 1692 572 1724 l‘oet.
590 1690 668 1722 min.
694 1699 742 1730 gr.
762 1691 826 1722 vol.
848 1692 890 1722 lll
909 1699 939 1731 p.
960 1691 1032 1722 281.
1053 1689 1113 1721 sed
1131 1690 1212 1731 φιλεῖ
1232 1692 1264 1721 et
1280 1688 1406 1720 ὀλέσθαι

342 1739 460 1771 habent
478 1741 516 1771 O.
541 1739 574 1770 et
592 1739 624 1770 S.
645 1746 682 1769 ac
699 1737 848 1769 Stobaeus
869 1737 890 1769 l.
908 1746 937 1770 c.
954 1736 1050 1778 idque
1069 1736 1209 1777 poemati
1230 1735 1408 1768 intulerunt

341 1787 543 1829 Stephanus,
558 1786 794 1823 Needhamius,
812 1784 1015 1818 Gaisfordius
1030 1785 1060 1816 in
1079 1784 1238 1817 Hieroclis
1248 1783 1403 1816 editione.

344 1838 437 1868 Tunc
454 1836 588 1867 κτᾶσθαι
606 1833 735 1874 passiva
759 1832 994 1873 significatione
1015 1832 1239 1873 accipiendum
1266 1834 1302 1864 ut
1321 1830 1406 1872 apud

342 1883 510 1924 synesium
529 1891 560 1923 p.
586 1886 655 1920 125,
677 1881 769 1922 ἀρετὴ
795 1882 851 1913 σὺν
873 1880 960 1923 πόνῳ
978 1884 1103 1921 κτᾶται,
1126 1883 1157 1913 et
1177 1881 1311 1913 Dionem
1327 1883 1402 1914 Cas-

342 1933 427 1964 sYum
440 1932 620 1969 XXXVIII,
643 1933 694 1969 39,
710 1930 745 1960 ἐκ
758 1933 821 1961 τῶν
840 1930 943 1961 αὐτῶν
959 1927 1212 1971 ἐπιτηδευμάτων
1226 1929 1281 1961 καὶ
1295 1933 1407 1963 κτᾶται

342 1980 381 2011 τὰ
406 1979 508 2019 ἀγαθὰ
537 1978 591 2010 καὶ
616 1977 761 2014 σώζεται.
784 1977 859 2008 Vid.
883 1976 1038 2009 Scharfer.
1058 1977 1096 2008 ail
1118 1975 1226 2009 Schol.
1246 1977 1406 2018 Apollonii

344 2026 458 2059 Rhodii
478 2035 508 2067 p.
536 2029 574 2058 53
598 2027 630 2057 et
650 2025 690 2056 ad
715 2024 895 2057 Memnonis
912 2025 1071 2064 Excerpta
1096 2033 1126 2065 p.
1147 2026 1206 2057 234
1230 2024 1282 2056 ed.
1305 2025 1406 2057 Ort-ll.

344 2074 433 2106 Adde
457 2073 605 2114 exempla
636 2071 769 2113 perfecti
795 2075 826 2103 et
847 2071 956 2104 aoristi
980 2071 1114 2103 collecta
1133 2071 1164 2103 in
1193 2071 1288 2104 Thes.
1318 2074 1407 2104 Pari-

345 2121 440 2154 siens.
466 2121 528 2152 vol.
551 2123 594 2153 lv
614 2129 645 2161 p.
669 2124 764 2152 2026.
792 2119 882 2151 Licet
903 2127 980 2151 vero
1003 2119 1197 2160 scripturam
1226 2127 1301 2160 quae
1323 2121 1406 2160 apud

344 2167 511 2201 Stobaeum
533 2168 583 2199 est
606 2176 681 2198 cum
703 2166 805 2198 Grolii
823 2165 1037 2206 explicatione
1060 2168 1215 2199 tueantur
1234 2166 1408 2199 Salmasius

353 2218 383 2251 in
407 2214 597 2256 praefatione
626 2213 666 2245 ad
697 2214 906 2255 interpretem
938 2213 1089 2254 Arabem‚
1124 2214 1343 2247 Needliamius
1375 2218 1408 2247 ct

350 2262 564 2301 Gaisfordius,
583 2261 676 2293 uobis
694 2261 1021 2302 tamenvpraeferenda
1045 2261 1174 2294 videtur
1193 2262 1294 2294 altera
1315 2262 1409 2295 lectio

349 2319 411 2342 non
431 2310 527 2342 modo
552 2311 723 2350 propterea
751 2308 840 2350 quod
866 2308 989 2349 Arabs,
1008 2308 1248 2350 antiquioribus
1278 2310 1409 2350 procul-

349 2358 445 2391 dubio
466 2358 532 2398 (cf.
567 2357 704 2390 Salmas.
728 2357 820 2398 praef.
844 2366 874 2398 p.
905 2358 934 2388 V
955 2366 1022 2398 seq.
1050 2359 1082 2390 et
1110 2358 1209 2397 XIX)
1242 2366 1342 2398 quam
1362 2359 1410 2389 est

349 2405 446 2437 sodex
461 2404 722 2436 Vindobonensis
736 2403 934 2435 membranis
958 2412 1048 2445 usus,
1066 2403 1234 2435 manifesto
1257 2403 1410 2444 exprimit

347 2453 575 2493 imperativum
591 2451 669 2491 φίλει
690 2452 722 2484 et
745 2451 940 2483 infinitivum
960 2450 1110 2493 ὀλέσσαι,
1127 2451 1183 2484 sed
1204 2450 1302 2484 etiam
1322 2451 1408 2491 quod

348 2501 513 2533 Hierocles
530 2509 562 2541 p.
588 2502 627 2532 74
649 2508 706 2530 sua
732 2498 933 2540 expositione
957 2500 993 2532 τὸ
1025 2499 1083 2541 γὰρ
1114 2499 1207 2541 μόνον
1231 2499 1302 2532 τότε
1331 2500 1410 2531 αὐτὰ

349 2549 484 2581 κτᾶσθαι
501 2549 555 2580 καὶ
578 2548 777 2580 ἆποκτᾶσθαι
790 2572 798 2587 ,
817 2546 868 2579 ὅτε
885 2547 1013 2580 δίδωσιν
1032 2549 1049 2580 ὁ
1074 2548 1185 2589 λόγος,
1211 2548 1411 2590 μικρολογίας

349 2597 401 2628 καὶ
424 2595 562 2633 ἀσωτίας
580 2598 761 2638 προαναιρεῖ
783 2595 838 2632 τὰς
859 2595 1001 2638 ἀφορμὰς
1021 2595 1164 2628 declarat
1185 2595 1411 2637 expellendum

349 2653 416 2676 esse
435 2643 560 2676 ὀλέσθαι
585 2642 617 2674 in
637 2642 674 2674 iis
697 2651 770 2683 quae
791 2643 976 2683 praecedunt
996 2652 1030 2685 p.
1051 2645 1090 2676 74
1115 2644 1148 2676 et
1179 2652 1211 2684 p.
1240 2645 1279 2676 64
1308 2645 1412 2685 poetae

351 2692 456 2724 verbis
480 2690 792 2732 rescribendumque
817 2690 960 2723 ὀλέσσαι.
984 2693 1058 2724 Huc
1077 2691 1201 2724 accedit
1215 2691 1300 2733 quod
1327 2701 1412 2734 prae-

349 2748 422 2772 sens
440 2740 573 2771 κτᾶσθαι
598 2746 762 2779 nunquam
781 2737 867 2779 apud
895 2740 1025 2771 Graecos
1051 2738 1242 2780 scriptores,
1262 2739 1315 2781 qui
1338 2740 1412 2771 ante

352 2786 573 2819 Alexandrum
594 2787 746 2825 Magnum
765 2784 940 2825 vixerunt,
969 2786 1305 2828 passiveusurpatum
1335 2787 1408 2828 legi·

350 2837 414 2874 tur,
440 2833 619 2875 perfectum
637 2837 669 2865 et
685 2832 824 2865 aoristus
837 2833 955 2874 saepius
974 2834 1061 2867 hunc
1081 2844 1177 2867 usum
1196 2834 1326 2867 liabent.

391 2884 433 2915 V.
458 2882 578 2913 17-18
612 2880 714 2912 citant
739 2880 888 2912 Stobaeus
909 2881 994 2913 Flor.
1010 2883 1078 2914 CVI
1104 2891 1135 2923 p.
1159 2885 1216 2915 567
1241 2883 1292 2914 ed.
1314 2885 1411 2916 Gesn.

350 2928 454 2960 CVIII
477 2937 506 2969 p.
523 2930 579 2960 451
609 2927 658 2959 ed.
680 2928 772 2959 Grot.
794 2927 878 2968 (vol.
904 2929 953 2960 111
969 2937 1000 2969 p.
1022 2932 1083 2961 378
1104 2930 1155 2962 ed.
1171 2929 1272 2962 Gaisf.
1288 2929 1314 2972 ),
1334 2930 1411 2962 Plu-

351 2973 484 3006 tarchus
506 2973 537 3005 in
563 2973 727 3006 consolat.
750 2974 789 3005 ad
813 2974 919 3014 Apoll.
939 2983 970 3016 p.
990 2978 1047 3007 116
1062 2975 1147 3016 (vol.
1166 2978 1210 3008 VI
1230 2986 1262 3018 p.
1283 2979 1343 3010 443
1360 2978 1411 3010 ed.

353 3021 461 3055 Reisk.
477 3023 502 3064 )‚
527 3022 663 3063 scriptor
682 3021 781 3054 libelli
799 3022 839 3054 de
856 3023 1021 3064 Homero,
1045 3033 1140 3064 quem
1165 3024 1312 3056 nonnulli
1334 3027 1413 3058 Por-

353 3070 467 3112 phyrio
491 3070 661 3109 tribuunt,
694 3078 747 3112 ap.
779 3072 905 3103 Ernest.
933 3071 965 3103 in
1001 3071 1079 3103 edit.
1117 3072 1251 3105 Homeri
1275 3074 1355 3105 tom.
1384 3075 1414 3106 V

353 3127 385 3159 p.
405 3120 476 3150 230.

393 3167 436 3197 V.
465 3167 514 3198 17.
538 3165 623 3197 ὅσσα
642 3164 697 3207 τε]
714 3166 762 3206 G;
784 3166 860 3198 item
885 3165 959 3198 edd.
983 3166 1144 3207 pleraeque
1165 3169 1197 3200 et
1222 3167 1359 3210 scriptor
1376 3169 1415 3201 Ii-

354 3212 430 3245 helli
447 3213 486 3245 de
505 3214 617 3253 Hom.;
641 3213 725 3245 ὅσσα
741 3214 774 3246 δὲ
795 3213 876 3246 Cod.
895 3214 1086 3246 oxoniensis
1101 3216 1136 3247 B.
1155 3216 1188 3247 et
1208 3215 1412 3249 Plutarchus.

356 3263 446 3292 Ilanc
465 3260 637 3293 lectionem
655 3262 837 3301 sequuntur
854 3260 977 3293 Marcil.
997 3262 1029 3293 et
1050 3261 1218 3294 Glaudorf.
1243 3282 1284 3289 -
1306 3265 1416 3307 δαιμο-

354 3307 456 3351 νίῃσι]
487 3310 535 3349 G;
566 3308 640 3340 edd.
670 3317 784 3341 omnes
806 3309 839 3341 et
866 3309 1042 3350 Plutarch.;
1070 3310 1263 3351 δαιμονίαισι
1283 3313 1317 3344 S.
1338 3312 1415 3344 item

355 3356 504 3389 Stobaeus
516 3357 550 3389 et
563 3356 700 3398 scriptor
714 3356 813 3389 libelli
827 3356 867 3389 de
883 3358 1037 3390 Homero.

935 216 1161 259 AUREUM
1194 214 1674 257 PY'I‘HAGOREORUM
1706 216 1917 257 CARMEN

1463 310 1518 343 sed
1542 311 1624 344 scito
1639 310 1792 344 omnibus
1810 310 1896 344 fatali
1917 310 1985 352 lege
2004 308 2209 343 moriendum
2225 318 2305 344 esee.
2351 310 2353 312 ’
2370 309 2527 354 [amitte.

1463 358 1595 391 Divitias
1632 360 1744 392 autem
1798 359 1934 392 libenter
1970 358 2144 400 aliquando
2182 367 2316 400 quaere,
2353 358 2530 402 anquando
2587 362 2590 370 ’

1463 407 1589 444 Quibus
1609 415 1704 449 porro
1720 406 1908 440 infortuniis
1921 406 2076 439 divinitus
2091 407 2254 447 anguntur
2268 405 2418 440 homines
2431 431 2442 449 ‚

1463 455 1578 488 horum
1603 458 1727 497 partem
1749 455 1879 489 fatalem
1909 463 2145 498 quamcunque
2173 454 2311 488 sortitus
2330 464 2378 497 es,
2410 456 2530 490 leniter

2053 502 2122 545 [fer
2138 506 2172 535 et
2191 503 2262 536 sine
2280 502 2527 546 indignatione;

1463 554 1520 588 sed
1538 554 1719 588 remedium
1742 554 1898 588 adhibere
1916 554 2010 589 decet
2030 556 2194 597 quantum
2212 556 2306 597 potes
2324 564 2333 585 t
2357 556 2407 589 sic
2418 558 2530 590 autem

2243 602 2255 647 [
2270 605 2378 637 tecum
2393 607 2528 647 reputa,

1464 654 1551 687 haud
1567 653 1746 686 admodum
1769 653 1870 686 multa
1889 654 1982 687 bonis
2001 654 2079 687 talia
2097 654 2203 688 fatum
2219 655 2385 689 invehere.
2401 654 2530 699 [mones

1462 706 1556 739 Multi
1579 710 1690 738 aulem
1716 705 1756 738 ad
1775 705 1944 737 hominum
1975 713 2070 739 aures
2089 706 2160 738 tum
2187 705 2264 738 niati
2278 707 2352 738 tum
2371 705 2448 738 boni
2465 714 2532 739 ser·

1461 756 1633 795 accidunt,
1651 765 1734 798 quos
1748 764 1789 788 ne
1802 764 1878 788 cum
1893 757 2028 797 stupore
2042 756 2196 798 accipias,
2210 764 2294 790 neve
2309 756 2398 789 sinas
2416 755 2476 798 (ab
2493 755 2533 789 iis

1462 808 1494 839 te
1516 807 1645 840 avocari
1666 815 1674 835 ε
1690 807 1717 839 si
1733 805 1812 848 quid
1829 808 1940 839 autem
1958 805 2031 838 falsi
2048 806 2188 847 dicatur,
2315 805 2535 850 [audiendis)

1462 858 1575 892 leniter
1596 859 1687 892 cede.
1709 857 1806 898 Quod
1828 866 1904 890 vero
1931 857 1990 890 tibi
2009 866 2097 890 nunc
2122 857 2252 897 dicam,
2273 859 2304 890 in
2321 858 2411 891 omni
2434 867 2532 900 nego-
2590 887 2595 890 .

2221 908 2289 951 [tio
2309 909 2502 944 observetur
2524 931 2532 951 =

1471 1080 1526 1111 ραν
1542 1069 1636 1110 ἔχῃς,
1657 1067 1746 1109 quod
1765 1066 1930 1108 vulgatum
1951 1067 2001 1100 est
2015 1075 2032 1099 a
2054 1066 2202 1100 curterio
2222 1066 2253 1099 in
2267 1067 2427 1102 Hieroclis
2447 1076 2535 1102 onm-

1469 1117 1631 1150 mentario
1645 1140 1653 1155 ,
1674 1123 1875 1156 quamquam
1900 1114 1932 1147 in
1951 1114 2097 1156 margine
2113 1114 2264 1148 codicum
2288 1115 2422 1156 quidam
2438 1121 2534 1150 nota·

1469 1166 1514 1198 vit
1540 1166 1583 1197 ὧν
1604 1166 1636 1197 et
1654 1166 1704 1203 ἥν.
1722 1164 1919 1197 Plutarchus
1935 1163 1979 1197 ὧν
2001 1164 2041 1196 ἂν
2062 1166 2176 1205 μοῖραν
2202 1164 2286 1206 ἔχοις
2302 1163 2317 1206 (
2333 1173 2419 1198 corr.
2437 1165 2533 1208 ἔχῃς)

1467 1214 1581 1253 ταύτην
1602 1213 1655 1255 ἔχε
1668 1238 1677 1253 ,
1695 1212 1751 1245 sed
1771 1212 1917 1244 nonnulli
1937 1211 2009 1245 libri
2028 1212 2066 1251 ἣν
2084 1213 2122 1244 ἂν
2153 1212 2240 1254 quod
2266 1213 2366 1246 etiam
2382 1214 2534 1247 Reisliius

1468 1259 1554 1302 conj.
1572 1260 1654 1293 Cod.
1674 1261 1755 1292 Ven.
1781 1261 1823 1298 ὡς
1850 1268 1924 1291 cum
1957 1268 2069 1291 rasura
2094 1259 2127 1291 in
2141 1270 2160 1291 σ
2178 1260 2211 1291 et
2226 1258 2342 1299 ταύτην
2362 1268 2421 1303 pro
2442 1261 2533 1302 vulg.

1468 1309 1585 1352 πρᾴως.
1602 1307 1754 1341 stobaeus
1772 1320 1780 1340 ε
1799 1307 1843 1339 ὧν
1858 1308 1897 1339 ἂν
1913 1310 2026 1350 μοῖραν
2047 1307 2137 1348 ἕλῃς,
2151 1306 2268 1346 ταύτην
2286 1307 2371 1350 φέρι.
2389 1307 2535 1350 scriptor

1468 1357 1566 1389 libelli
1588 1356 1628 1388 de
1645 1358 1786 1389 Homero
1815 1364 1824 1387 t
1853 1355 1892 1394 ἢν
1920 1355 1960 1387 ἂν
1994 1357 2104 1397 μοῖραν
2127 1354 2224 1395 ἔχῃς,
2239 1354 2348 1397 πρᾴως
2369 1355 2458 1398 φέρε,
2477 1356 2535 1390 sed
2594 1387 2596 1390 ,

1467 1403 1538 1437 cod.
1551 1404 1641 1438 flor.
1663 1403 1780 1442 ταύτην
1791 1403 1872 1446 φέρε.
1891 1402 1942 1436 Cf.
1959 1404 2071 1435 Ernest
2086 1402 2197 1435 adnot.
2215 1410 2250 1444 p.
2271 1403 2346 1436 230.
2363 1419 2405 1426 -—
2419 1403 2535 1442 ταύτην

1467 1450 1558 1494 φέρε]
1574 1451 1713 1484 Brunck.
1733 1451 1833 1484 Orell.
1851 1451 1953 1484 Gaisf.
1975 1459 1992 1483 e
2011 1451 2086 1483 cod.
2103 1450 2204 1492 Med.;
2224 1449 2330 1494 πρᾴως
2343 1450 2415 1494 φέρε
2430 1452 2533 1485 codd.

1467 1499 1550 1531 Gall.
1572 1499 1657 1541 ἔχοις
1667 1498 1783 1536 ταύτην
1805 1497 1886 1531 Cod-
1905 1497 2098 1531 oxoniensis
2116 1499 2153 1531 B.

1509 1549 1550 1579 V.
1575 1549 1623 1579 19.
1639 1545 1719 1589 ωδε]
1735 1545 1838 1579 Codd.
1862 1545 1948 1579 Gall.
1973 1545 2035 1578 ὡδὲ
2059 1545 2146 1578 male
2166 1545 2344 1578 carterius.

1509 1595 1548 1626 V.
1571 1596 1695 1627 21-26
1725 1593 1834 1627 laudat
1860 1593 2010 1626 Stoboeus
2030 1595 2074 1625 111
2101 1602 2133 1634 p.
2153 1595 2194 1626 36
2220 1592 2272 1626 ed.
2307 1595 2422 1634 Gesn.;
2440 1601 2471 1634 p.
2497 1597 2534 1628 19
2596 1617 2599 1619 »

1467 1641 1517 1674 ed.
1547 1643 1640 1675 Grot.
1667 1641 1758 1684 (vol.
1782 1643 1843 1683 lp.
1868 1644 1908 1673 9ο
1938 1640 1989 1673 ed.
2013 1640 2174 1673 Gaisford.
2190 1642 2222 1681 ),
2243 1640 2354 1673 addito
2383 1641 2537 1677 lemmate
2573 1643 2579 1647 ”

1469 1689 1658 1732 Πυθαγόρου
1673 1690 1708 1722 ἐκ
1730 1691 1794 1722 τῶν
1813 1692 1940 1732 χρυσῶν
1958 1688 2061 1729 ἐπῶν,
2078 1697 2153 1730 quae
2175 1691 2224 1720 est
2238 1687 2335 1720 lectis)
2357 1688 2438 1722 cod.
2460 1691 2532 1724 Par.

1467 1740 1507 1770 A.
1530 1737 1591 1770 Sed
1607 1737 1829 1770 TrIncavellus
1849 1735 2039 1778 simpliciter
2059 1735 2158 1769 habet
2174 1734 2375 1778 Πυθαγόρου.

1511 1786 1554 1818 V.
1573 1787 1623 1817 21.
1652 1785 1761 1817 πολλοὶ
1782 1782 1832 1826 δ’]
1851 1786 1889 1816 O.
1922 1784 1963 1816 G.
1987 1785 2021 1816 et
2039 1782 2115 1816 edd.
2132 1791 2265 1824 omnes;
2286 1782 2396 1826 πολλοί
2418 1783 2446 1816 τ’
2463 1785 2535 1818 Sto·

1468 1833 1530 1866 boei
1553 1832 1635 1865 cod.
1660 1834 1732 1865 Par.
1757 1834 1792 1865 B.
1815 1848 1855 1855 —
1872 1830 1959 1871 λόγοι
1980 1840 2045 1864 om.
2066 1832 2098 1864 S.
2379 1831 2382 1834 ’

1509 1883 1551 1913 V.
1572 1885 1622 1913 22.
1643 1881 1686 1913 ὧν
1713 1880 1784 1921 μήτ’
1815 1877 2014 1921 ἐκπλήσσεο]
2033 1878 2078 1910 ὧν
2095 1878 2215 1911 multos
2238 1877 2386 1912 offendit.
2405 1879 2487 1921 Num
2508 1879 2536 1912 si
2572 1893 2576 1896 ·

1469 1929 1623 1962 reseratur
1638 1928 1677 1961 ad
1696 1926 2058 1967 exma'lccsmsoloecum
2074 1926 2148 1968 est,
2172 1926 2198 1958 si
2221 1926 2354 1967 quidem
2380 1927 2534 1969 graecitas

1469 1977 1589 2018 flagitat
1606 1976 1656 2009 vel
1672 1976 1717 2013 οῖς
1736 1975 1787 2008 vel
1808 1975 1853 2017 ἐρ’
1869 1973 1914 2012 οἷς
1939 1973 1991 2007 vel
2018 1975 2068 2016 ὑφ’
2085 1974 2130 2007 ὧν
2158 1973 2211 2007 vel
2229 1973 2272 2006 δι’
2284 1974 2337 2012 οὓς
2350 1973 2415 2018 (cf.
2437 1975 2534 2008 Thes.
2596 1968 2598 1970 ’

1469 2025 1637 2058 Parisiens.
1653 2024 1662 2064 )
1681 2024 1731 2057 vel
1751 2023 1891 2064 denique
1904 2022 1955 2060 οὓς
1969 2023 2009 2055 ut
2027 2021 2113 2063 apud
2135 2021 2329 2063 Sophoclem
2350 2020 2403 2063 AI.
2421 2031 2455 2056 v·
2481 2024 2534 2064 33,

1469 2074 1508 2105 τὰ
1523 2072 1550 2105 δ’
1565 2072 1782 2112 ἐκπέπληγμαι
1797 2095 1807 2112 ,
1824 2070 1904 2102 κούκ
1917 2069 1982 2111 ἔχω
1996 2070 2102 2110 μαθεῖν
2121 2068 2209 2102 ὅτου.
2227 2070 2277 2102 ita
2292 2069 2402 2102 autem
2419 2070 2533 2103 Hiero·
2598 2099 2599 2102 ,

1470 2122 1536 2154 cles
1554 2119 1694 2161 accepit,
1714 2119 1770 2160 qui
1785 2128 1816 2160 p.
1844 2120 1902 2150 106
1921 2118 1975 2150 καὶ
1992 2117 2076 2150 οὕτω
2089 2141 2099 2158 ,
2119 2116 2244 2159 inquit,
2266 2117 2303 2150 τὸ
2320 2118 2537 2160 Πυθαγορικὸν

1469 2170 1644 2212 τηρήσομεν
1669 2168 1895 2210 παράγγελμα,
1926 2166 2004 2208 μήτε
2027 2165 2272 2208 ἐκπληττόμενοι
2289 2166 2362 2205 τοὺς
2383 2166 2537 2209 πονηροὺς

1470 2219 1532 2249 τῶν
1547 2216 1667 2257 λόγων,
1683 2215 1738 2248 καὶ
1754 2215 1794 2247 δι’
1813 2214 1891 2246 αὐτὸ
1911 2216 2004 2246 τοῦτο
2013 2238 2022 2254 ,
2040 2212 2088 2245 ὅτι
2106 2212 2196 2254 λόγοι
2212 2213 2293 2246 εἰσίν
2302 2238 2312 2255 ,
2329 2213 2465 2256 ἀκρίτως
2479 2213 2537 2246 αὖ·

1469 2265 1541 2301 τοὺς
1560 2263 1773 2305 εἷσδεχὸμενοι
1785 2286 1794 2302 ,
1816 2261 1893 2303 μήτε
1912 2264 1975 2293 τῶν
1992 2260 2120 2301 ἀγαθῶν
2143 2259 2337 2302 εἰργόμενοι,
2354 2259 2433 2294 διότι
2449 2260 2534 2301 λόγα

1469 2313 1550 2353 ἦσαν
1568 2311 1683 2354 ὁμοίως
1701 2313 1764 2347 τοῖς
1785 2309 1918 2352 χείροσι.
1949 2307 2141 2341 Theodorus
2163 2306 2328 2340 Marcffius
2349 2316 2408 2350 pro
2427 2308 2472 2341 ὧν
2490 2308 2537 2341 Ie·
2599 2347 2601 2349 ι

1471 2368 1545 2401 gere
1559 2358 1702 2391 malebat
1718 2358 1761 2390 ὧν
1781 2358 1885 2389 ionice
1904 2365 1962 2398 pro
1975 2354 2049 2396 οὖν,
2069 2354 2156 2397 quod
2174 2354 2318 2396 ineptum
2331 2356 2393 2388 est.
2411 2355 2538 2389 Salma-

1472 2408 1541 2440 sius
1573 2410 1681 2439 autem
1714 2405 1869 2438 Hieroclis
1889 2403 2115 2444 explanatione
2134 2402 2296 2435 adductus
2322 2411 2331 2435 ι
2357 2415 2375 2431 α
2393 2402 2455 2436 nisi
2485 2403 2538 2442 οὓς

1472 2457 1632 2497 legamus,
1656 2453 1759 2495 inquit
1770 2477 1778 2492 ‚
1791 2454 1903 2484 contra
1922 2451 2022 2484 libros
2035 2459 2147 2483 omnes
2159 2450 2215 2491 qui
2230 2450 2274 2482 ὧν
2290 2450 2449 2491 retinent,
2466 2450 2537 2493 ipsa

1471 2502 1670 2537 constructio
1696 2501 1744 2534 sic
1767 2500 1930 2542 procedit,
1959 2501 1995 2532 ut
2017 2499 2103 2532 istud
2136 2499 2181 2531 ὧν
2203 2497 2408 2531 referendum
2439 2497 2481 2532 sit
2495 2499 2538 2532 ad
2599 2518 2602 2520 v

1471 2560 1610 2593 sequeus
1632 2549 1834 2584 membrum,
1861 2547 1952 2589 quasi
1972 2547 2035 2580 hoc
2060 2546 2174 2579 ordine
2190 2545 2369 2587 scripsisset
2389 2547 2505 2579 auctor
2526 2559 2536 2580 ε

1473 2598 1517 2630 ὧν
1536 2597 1613 2641 μήτε
1632 2597 1727 2638 ἐάσῃς
1745 2595 1901 2638 εἴργεσθαι
1925 2595 2042 2628 σαυτὸν
2062 2595 2141 2637 μήτε
2157 2593 2348 2633 ἑκπλὴσσεο.
2367 2595 2391 2627 Δ
2411 2593 2538 2636 quibu-5

1473 2655 1583 2688 neque
1600 2647 1632 2678 te
1645 2646 1741 2677 sinas
1760 2643 1953 2684 abstineri,
1974 2651 2086 2686 neque
2105 2650 2234 2675 rursus
2250 2649 2306 2674 eos
2326 2649 2406 2676 cum
2422 2641 2537 2676 admi·

1471 2694 1612 2726 ratione
1637 2692 1797 2732 recipias.
1822 2692 1874 2723 Ita
1893 2699 1968 2732 ergo
1995 2688 2280 2731 distinguendum,
2303 2689 2370 2728 ὧν,
2401 2688 2474 2731 μήτ’
2491 2689 2539 2722 ἐκ·

1471 2741 1630 2779 πλήσσεο,
1666 2739 1738 2781 μήτ’
1765 2737 1813 2781 ἄρ’
1851 2738 1945 2780 ἐάσῃς
1976 2737 2133 2779 εἴργεσθαι
2164 2736 2298 2770 σαυτόν.
2340 2737 2539 2778 Huiusmodi
2571 2763 2574 2766 ⁴
2601 2746 2603 2751 ¹

1472 2786 1735 2828 transpositiones
1760 2785 1879 2826 saepius
1898 2786 1929 2817 in
1948 2784 2088 2826 pedestri
2104 2784 2251 2816 oratione
2269 2782 2538 2824 observavimus,
2603 2789 2607 2792 ·

1474 2835 1592 2868 nedum
1612 2834 1715 2876 poetis
1727 2833 1791 2866 siut
1810 2832 1995 2866 familiares.
2013 2832 2260 2870 Ἐκπλήττεσθαι
2275 2829 2371 2872 igitur
2382 2829 2446 2864 hoc
2465 2830 2537 2865 1000

1473 2885 1522 2916 est
1540 2891 1616 2915 cum
1645 2881 1858 2914 admiratione
1878 2879 2000 2921 aliquid
2023 2879 2167 2921 accipere
2185 2882 2217 2911 et
2246 2877 2394 2920 probare.
2418 2891 2436 2908 ι
2458 2879 2540 2912 Haec

1474 2929 1528 2962 ille
1546 2928 1729 2961 verissime.
1752 2928 1866 2969 Neque
1880 2927 1966 2959 enim
1983 2925 2209 2965 Glandorfius,
2224 2924 2286 2957 etsi
2309 2924 2456 2964 volebat,
2471 2924 2540 2958 Sal-

1475 2977 1614 3011 masium
1642 2975 1808 3009 refutavit.
1830 2976 1894 3007 Pro
1921 2973 1994 3016 μήτ’
2006 2971 2055 3016 ἄρ’
2074 2973 2178 3006 codd.
2196 2972 2280 3006 Gall.
2305 2972 2379 3014 μηδ’
2405 2971 2464 3016 ἄρ’.
2497 2989 2541 2996 -

1475 3023 1590 3067 ἐάσῃς]
1609 3026 1647 3058 G.
1667 3025 1707 3056 O.
1725 3026 1758 3056 et
1772 3023 1934 3065 pleraeque
1949 3021 2037 3062 edd,
2053 3020 2130 3054 item
2147 3021 2313 3062 Stobaeu53
2325 3019 2444 3062 ἐάσσῃς
2457 3019 2540 3054 male
2601 3024 2612 3055 ⁴}

1475 3076 1637 3107 Camerar.
1652 3071 1776 3106 Marcil.
1791 3071 1879 3112 sylb.

1517 3124 1557 3154 V.
1577 3121 1743 3164 23.ψεῦδος
1756 3119 1784 3152 δ’
1798 3119 1836 3158 ἣν
1866 3129 1924 3161 περ
1949 3129 1978 3150 τι
2000 3115 2147 3158 λέγηται]
2166 3115 2260 3150 codd.
2283 3115 2379 3157 Gall.;
2408 3117 2537 3150 curter.
2603 3137 2612 3142 -

1476 3170 1629 3212 ψεύδουςς
1649 3167 1801 3201 stobaeus
1820 3167 1934 3208 ψεῦδος
1950 3165 1975 3197 δ’
1992 3165 2030 3203 ἢν
2045 3164 2097 3196 σοί
2121 3176 2150 3196 τι
2166 3165 2306 3205 γένηται.

1517 3218 1558 3249 V.
1577 3217 1629 3248 24.
1645 3214 1752 3257 πράως
1770 3213 1830 3255 εἶχ’
1844 3212 1856 3256 ]
1871 3213 1998 3245 Curler.
2015 3215 2130 3245 Dacer.
2148 3213 2260 3254 Steph.
2275 3214 2312 3245 in
2335 3221 2437 3254 marg.
2453 3210 2539 3247 Ashss

1476 3266 1546 3297 ton.
1564 3262 1707 3296 Eandem
1730 3261 1901 3295 lectionem
1921 3260 2066 3302 praebent
2094 3269 2159 3292 non
2187 3260 2285 3292 modo
2307 3259 2457 3293 stoboeus
2481 3259 2539 3293 sed

1477 3312 1575 3346 etiam
1596 3309 1701 3344 codd.
1721 3311 1743 3342 S
1773 3310 1872 3350 atque
1893 3311 1920 3342 N
1941 3309 1975 3341 et
1999 3308 2061 3340 hoc
2079 3308 2152 3340 loco
2171 3308 2248 3340 etin
2269 3309 2398 3341 Comm.
2426 3316 2459 3350 p.
2479 3311 2538 3345 106

1477 3361 1510 3392 et
1529 3362 1607 3398 108,
1627 3358 1690 3390 nisi
1709 3356 1795 3399 quod
1815 3356 1847 3388 hi
1869 3355 2014 3397 neglecta
2036 3356 2232 3397 aspiratione
2252 3354 2309 3388 εἷκ“
2323 3355 2374 3388 vel
2397 3355 2465 3388 εἶκε
2486 3363 2540 3388 ex·

398 3405 438 3436 V.
465 3406 516 3437 18.
541 3404 579 3443 ἣν
601 3404 639 3436 ἂν
656 3407 765 3446 μοῖραν
782 3403 873 3446 ἔχῃς,
889 3404 1024 3447 ταύτην]
1050 3406 1082 3438 S.
1101 3405 1133 3438 et
1147 3404 1226 3438 Cod.
1246 3406 1347 3448 Med.;
1379 3408 1417 3447 ἣν
1479 3407 1602 3440 hibent.
1620 3407 1732 3448 Neque
1746 3413 1823 3438 vero
1837 3404 2011 3444 rejicienda
2026 3405 2126 3437 altera
2149 3404 2244 3436 lectio
2258 3402 2455 3445 πράωςῖσχ”,
2474 3410 2540 3443 qua
2607 3449 2612 3452 ῃ

356 3453 394 3484 ἂν
424 3455 534 3494 μοῖραν
564 3453 632 3494 ἕλῃς
652 3452 794 3485 Brunck.
820 3453 920 3485 Orell.
940 3452 1039 3485 Gaisf.
1062 3452 1094 3484 in
1123 3454 1213 3486 Poet.
1238 3454 1315 3486 Min.
1346 3457 1416 3496 Gr.;

357 3500 400 3532 ὧν
417 3501 455 3532 ἂν
479 3500 611 3541 reliquae
634 3500 708 3534 edd.
738 3501 780 3534 At
805 3500 898 3533 codd.
920 3500 1003 3534 Gall.
1035 3501 1190 3534 exhibent
1215 3503 1257 3540 ὡς
1286 3503 1324 3535 ἂν
1350 3507 1414 3544 μοῖ·

1479 3463 1580 3497 prope
1605 3455 1691 3487 idem
1710 3461 1825 3486 sensns
1845 3452 1996 3485 eflicitur.
2025 3455 2116 3485 uano
2140 3454 2273 3485 tuentur
2306 3450 2381 3484 Ald.
2409 3449 2535 3484 uei-tel.
2608 3481 2612 3492 .

1480 3502 1591 3544 Steph.
1619 3502 1742 3534 Marcil.
1765 3500 1854 3543 Sylb.
1883 3500 2052 3533 Glandorf.
2083 3499 2225 3532 Bruuck.
2258 3498 2373 3539 Orell.;
2403 3496 2540 3531 eandem
2603 3510 2612 3559 {¹
