2612 3814
298 234 369 267 :si-⁸

294 315 391 354 ἄλλοι
405 315 561 358 κάκεῖνος
580 313 688 365 λε’γει,
704 313 801 353 οὐδὲν
819 315 858 353 ἐκ
873 315 940 353 τῶν
957 314 1147 366 εἰρημένων
1161 314 1255 366 αὐτῷ
1271 330 1339 352 κω-

291 373 363 414 λύει
384 376 552 413 κινεῖσθαι
571 372 615 412 τὰ
635 372 853 425 πράγματα,
877 371 960 412 ὅταν
981 375 1019 412 ἐκ
1038 374 1163 412 λευκοῦ
1185 374 1294 423 μέλαν
1319 372 1340 420 ἢ

292 434 330 472 ἔκ
347 436 471 486 πικροῦ
489 432 634 485 γένηται
654 431 782 484 γλυκύ·
803 432 900 471 οὐδὲν
921 431 988 485 γὰρ
1007 431 1045 470 τὸ
1068 430 1117 482 μὴ
1135 424 1222 470 εἶναι
1242 431 1340 470 κενὸν

291 489 313 538 ἢ
334 489 383 542 μὴ
409 490 572 544 δέχεσθαι
599 490 637 529 τὸ
658 492 787 544 πλῆρες
816 492 1040 529 ἀλλοιοῦσθαι
1059 490 1198 529 κωλύει.
1228 489 1340 529 ’Ώστε

292 551 369 590 οὔτε
392 551 531 590 ἅπαντα
553 552 663 600 ἀΐδια,
685 551 755 591 οὔθ’
772 551 820 599 ἓν,
837 551 906 590 οὔτ’
922 551 1066 603 ἄπειρον
1086 550 1222 602 ἀνάγκη
1239 545 1338 589 εἶναι·

293 613 368 651 ἀλλ’
391 611 468 650 οὔτε
492 611 619 664 ἄπειρα
638 612 769 658 πολλοί,
788 611 864 650 οὔτε
889 611 922 650 ἔν
932 610 1063 660 ὅμοιον,
1082 610 1153 650 οὔτ’
1178 610 1339 658 ἀκίνητον

291 671 363 710 οὔτ’
384 673 413 710 εἰ
440 670 475 710 ἓν
495 670 566 710 οὔτ’
587 673 615 710 εἰ
636 670 736 709 πόλλ’
766 670 870 710 ἅττα.
927 669 1071 709 Τούτων
1094 668 1129 707 δὲ
1150 667 1336 719 κειμένων,

289 730 349 769 καὶ
372 730 670 781 μετακοσμεῖσθαι
704 728 764 767 καὶ
785 730 1017 781 ἑτεροιοῦσθαι
1047 727 1092 765 τὰ
1123 730 1207 766 ὄντα
1239 725 1337 765 οὐδὲν

201 791 269 825 977
289 789 417 828 κωλύει
439 793 477 827 ἐκ
504 791 573 827 τῶν
602 788 659 826 ὑπ’
680 787 808 826 ἐκείνου
830 787 1036 838 εἰρημένων,
1068 786 1127 825 καὶ
1150 786 1222 831 ἑνὸς
1242 786 1338 830 ὄντος

289 852 350 887 τοῦ
374 847 502 891 παντὸς
522 846 688 892 κινήσεως
713 845 838 896 οὔσης,
857 846 917 884 καὶ
937 844 1062 892 πλήθει
1081 844 1141 884 καὶ
1160 844 1338 896 ὀλιγότητι

289 906 525 961 διαφέροντος,
552 905 611 944 καὶ
632 903 895 955 ἀλλοιουμένου,
917 903 1052 948 οὐδενὸς
1080 903 1336 957 προσγιγνομέ-

284 1074 338 1103 τοῦ
356 1070 466 1112 χρόνου
483 1069 536 1100 καὶ
553 1068 700 1108 γενέσεως
715 1067 757 1107 μή
767 1070 820 1106 τῆς
833 1067 944 1106 ἁπλῆς,
963 1066 1042 1099 ἀλλὰ
1055 1067 1108 1099 καὶ
1122 1067 1335 1109 ἀλλοιώσεως,

284 1120 388 1160 ὥσπερ
405 1117 460 1150 οὐκ
471 1115 582 1158 ἀθρόας
604 1111 784 1157 γιγνομένης
801 1115 984 1156 μεταὸολής.

324 1169 375 1198 35.
393 1165 491 1198 Ὥστε
507 1163 578 1196 οὔτε
598 1162 721 1195 ἅπαντα
741 1162 826 1195 ἀΐδια
847 1161 911 1195 οὔθ’
924 1161 956 1195 ἒν
975 1159 1042 1195 οὔτ’
1067 1160 1195 1206 ἄπειρον
1213 1160 1334 1204 ἀνάγκη

283 1215 372 1253 εἶναι,
393 1213 458 1246 ἀλλ’
478 1213 589 1254 ἄπειρα
603 1211 716 1244 πολλά.
760 1211 842 1244 Οὔτε
858 1211 890 1244 ἔν
910 1212 936 1244 θ’
956 1211 1077 1255 ὅμοιον,
1094 1211 1158 1245 οὔτ’
1175 1212 1333 1253 ἀκίνητον,

282 1261 346 1294 οὔτ’
363 1261 430 1293 ιίἓν
450 1259 516 1292 οὔτ’
534 1261 561 1292 εἰ
576 1258 665 1292 πόλλ’
686 1258 779 1293 ἄττα.
821 1261 871 1291 Ita
888 1259 1062 1293 Bekkerus.
1106 1261 1146 1293 In
1163 1260 1232 1293 cod.
1248 1260 1332 1302 Lips.

281 1311 328 1342 est
347 1309 411 1341 οὐθ’
443 1308 578 1340 ἅπαντα.
623 1306 718 1346 Quod
745 1307 890 1348 sequitur
915 1307 981 1340 οὔτ’
1009 1308 1086 1341 ante
1102 1307 1229 1350 ἄπειρον
1257 1316 1333 1340 cum

281 1356 409 1397 reliquis
424 1355 511 1388 libris
528 1354 696 1396 Lipsiensis
709 1356 828 1388 servat.
874 1356 985 1397 Neque
1006 1357 1112 1388 tamen
1136 1355 1333 1396 reprobanda

283 1404 387 1438 Beckii
415 1402 534 1445 opinio,
551 1401 607 1444 qui
628 1401 705 1434 illud
723 1401 787 1434 οὔτ’
803 1401 903 1435 deleri
931 1403 1072 1435 volebat.
1118 1404 1242 1436 Caetera
1258 1411 1332 1443 quoe

280 1452 311 1484 in
334 1449 519 1483 membrana
536 1447 689 1489 Lipsiensi
708 1450 744 1481 ut
764 1457 783 1481 a
808 1449 952 1482 Bekkero
977 1445 1105 1491 vulgata
1131 1452 1207 1482 sunt
1226 1450 1333 1490 legun-

280 1501 331 1532 tur
345 1498 388 1530 ila
401 1496 537 1531 emendo
553 1508 561 1528 ι
576 1495 788 1539 Οὔτ”ἅπειρον
807 1496 926 1539 ἀνάγκη
939 1498 1017 1530 εἶναι
1027 1507 1035 1515 ·
1056 1497 1121 1529 ἀλλ’
1135 1497 1206 1529 οὔτε
1219 1497 1332 1538 ἄπειρα

278 1545 391 1587 πολλά,
414 1544 485 1577 οὔτε
502 1543 533 1576 ’ἐν
549 1543 669 1584 ὅμοιον,
696 1542 760 1575 οὔτ’
773 1543 918 1582 ἀκίνητον
941 1545 1005 1577 οὔτ’
1025 1545 1051 1577 εἰ
1068 1544 1099 1576 ἓν
1115 1543 1180 1576 οὔτ’
1197 1545 1223 1576 εἰ
1243 1543 1331 1576 πόλλ’

278 1594 367 1627 ἄττα,
422 1591 544 1637 βοάσω
582 1590 615 1623 in
642 1599 701 1623 suo
740 1591 914 1632 exemplari
948 1591 1114 1624 invenerat
1140 1591 1330 1632 Felicianus,

278 1641 369 1682 cujus
383 1641 452 1674 liaec
469 1640 544 1673 sunt
557 1639 655 1672 verba
670 1649 679 1672 z
699 1653 714 1668 «
727 1639 946 1678 Quamobrem
961 1649 1063 1681 neque
1077 1639 1184 1672 omnia
1197 1641 1331 1680 aeterna,

278 1698 380 1731 neque
396 1697 509 1729 unum,
524 1696 628 1729 neque
642 1687 801 1720 inlinitum
815 1696 885 1719 esse
900 1697 1031 1720 necesse
1047 1688 1109 1720 est.
1155 1687 1215 1720 Sed
1226 1697 1331 1729 neque

278 1736 400 1769 infinita
415 1736 529 1776 multa,
554 1743 659 1775 neque
677 1744 778 1767 unum
808 1735 923 1775 simile,
942 1744 1048 1777 neque
1075 1735 1239 1768 immobile
1264 1736 1332 1768 sive

277 1792 377 1815 unum
402 1782 443 1816 sit
461 1782 528 1815 sive
550 1782 652 1814 multa
666 1782 827 1823 quaedam.
846 1795 863 1811 »

319 1834 371 1864 38.
394 1830 522 1863 Τούτων
535 1829 567 1862 δὲ
581 1830 732 1870 κειμένων
751 1831 803 1862 καὶ
825 1830 1089 1872 μετακοσμεῖσθαι
1106 1830 1159 1863 καὶ
1176 1830 1331 1872 ἑτεροιοῦ-

277 1879 349 1911 σθαι
363 1877 402 1909 τὰ
415 1877 490 1909 ὄντα
512 1876 599 1908 οὐδὲν
619 1876 732 1908 κωλύει
746 1877 782 1909 ἐκ
797 1880 860 1908 τῶν
876 1875 929 1909 ὑπ’
943 1876 1051 1918 ἐκείνῳ
1076 1877 1257 1920 εἰρημένων,
1277 1877 1331 1909 καὶ

278 1925 344 1963 ἑνὸς
358 1925 444 1962 ὄντος
456 1926 512 1956 τοῦ
525 1923 638 1961 παντὸς
648 1923 800 1961 κινήσεως
814 1923 921 1962 οὔσης,
939 1924 992 1956 καὶ
1009 1925 1117 1962 πλήθει
1127 1925 1179 1957 καὶ
1189 1923 1331 1965 ὀλιγότη-

278 1982 306 2005 τι
320 1972 525 2014 διαφέροντος,
542 1971 596 2003 καὶ
605 1970 825 2012 ἀλλοιουμένου
838 1970 960 2008 οὐδενὸς
971 1971 1247 2014 προσγιγνομένου.
1293 1972 1330 2003 Εἰ

277 2018 304 2052 δ’
317 2019 376 2062 ἄρα
388 2019 481 2060 τινος,
495 2018 532 2051 οὗ
542 2021 596 2050 τοῦ
610 2018 767 2060 σώματος,
783 2018 835 2050 καὶ
846 2019 872 2051 εἰ
885 2018 986 2051 πολλὰ
1000 2019 1263 2061 συμμισγομένων
1277 2020 1330 2052 καὶ

277 2066 573 2110 συνδιακρινομένων
598 2065 751 2104 ἀλλήλοις.
796 2065 902 2098 Minus
923 2067 1010 2099 recte
1041 2067 1112 2099 haec
1143 2075 1162 2099 a
1188 2067 1331 2100 Bekkero

276 2114 425 2148 distincta
452 2115 539 2146 sunt.
584 2115 745 2146 Praeterea
766 2113 839 2146 cod.
874 2113 958 2155 Lips.
1002 2114 1124 2155 praebet
1140 2123 1148 2146 ε
1178 2115 1329 2156 ἑτεροιοῦ-

276 2163 348 2195 σθαι
370 2162 410 2195 τὰ
432 2161 511 2195 ὄντα
526 2161 635 2194 οὐδένα
658 2161 771 2193 κωλύει
793 2161 829 2194 ἐκ
848 2164 911 2194 τῶν
935 2162 988 2195 ὑπ’
1012 2161 1131 2195 ἐκείνου
1148 2162 1329 2204 εἰρημένων,

275 2211 395 2253 quibus
412 2209 543 2251 quidem
561 2208 669 2242 verbis
680 2208 794 2241 vitium
808 2208 894 2242 istud
916 2208 970 2243 ὑπ’
989 2210 1099 2253 ἐκείνῳ
1117 2210 1252 2248 tollitur,
1274 2210 1330 2242 sed

275 2260 383 2291 tamen
403 2256 480 2289 illud
495 2255 583 2289 οῦδὲν
602 2255 745 2296 vulgatae
759 2256 903 2299 lectionis
915 2258 1037 2290 servari
1050 2260 1188 2299 oportet.
1209 2259 1330 2292 Ultima

276 2304 308 2338 in
326 2304 404 2337 libi-0
418 2303 571 2345 Lipsiensi
584 2303 645 2336 hoc
658 2302 755 2335 modo
776 2306 950 2337 exarantur
968 2316 977 2337 ε
996 2306 1258 2348 συμμισγομένων
1277 2308 1329 2339 καὶ

277 2352 525 2394 διακρινομένων.
582 2350 714 2384 Beckius
737 2352 808 2392 post
828 2351 927 2385 ποὶλά
949 2352 1160 2386 distinctionis
1173 2354 1330 2395 virgulam

277 2399 454 2441 ponendam
474 2398 600 2441 putavit
615 2399 648 2432 et
662 2398 880 2441 προσγίγνεται
891 2399 939 2432 vel
952 2399 1014 2433 εἰσί
1029 2400 1194 2433 subaudiri
1214 2401 1326 2433 voluit.

276 2447 373 2480 Nobis
388 2447 414 2479 εἰ
425 2448 548 2480 πολλῶν
566 2446 588 2479 i.
609 2455 639 2479 e.
660 2446 934 2489 προσγιγνομένων
957 2447 1074 2489 requiri
1093 2447 1232 2482 videtur.
1278 2449 1330 2481 Sic

277 2497 384 2526 autem
407 2494 594 2527 scribimust
619 2494 747 2526 Τούτων
763 2494 796 2526 δὲ
808 2495 972 2536 κειμένων,
996 2495 1047 2528 καὶ
1062 2497 1329 2538 μετακοσμεῖσθαι

276 2541 329 2573 καὶ
343 2542 550 2583 ἐτεροιοῦσθαι
562 2541 603 2574 τὰ
617 2540 692 2574 ὄντα
705 2541 791 2574 οὐδὲν
803 2543 917 2575 κωλύει
929 2543 964 2575 ἐκ
973 2546 1036 2575 τῶν
1049 2543 1103 2575 ὑπ’
1116 2543 1236 2577 ἐκείνου
1249 2546 1329 2588 εἰρη-

278 2588 388 2629 μένων,
403 2589 454 2620 καὶ
474 2589 538 2625 ἐνὸς
548 2588 633 2626 ὄντος
647 2592 703 2621 τοῦ
719 2589 833 2627 παντὸς
848 2591 999 2629 κινήσεως
1013 2591 1121 2631 οὔσης,
1146 2592 1199 2624 καὶ
1219 2594 1328 2632 πλήθει

276 2636 329 2668 καὶ
342 2635 497 2677 ὀλιγότητι
512 2636 715 2679 διαφέροντος,
729 2637 783 2669 καὶ
803 2638 1037 2680 ἀλλοιουμένου,
1059 2639 1182 2677 οὐδενὸς
1194 2652 1329 2683 προσγι-

276 2684 438 2726 γνομένου,
453 2684 479 2716 εἰ
491 2682 518 2717 δ’
532 2683 592 2726 ἄρα
601 2684 694 2725 τινὸς,
712 2684 749 2717 οὗ
763 2685 921 2726 σώματος,
941 2686 995 2718 καὶ
1012 2686 1038 2719 εἰ
1052 2688 1187 2728 πολλῶν,
1211 2700 1329 2732 συμμι-

277 2731 437 2773 σγομένων
446 2731 499 2763 καὶ
512 2731 749 2773 διακρινομένων
762 2731 915 2771 ἀλλήλοις.
960 2733 1141 2767 Felicianus
1154 2735 1283 2769 videtur
1301 2738 1329 2770 εἰ

276 2778 338 2820 γάρ
360 2775 440 2815 τινος
458 2777 588 2819 legisse;
621 2778 717 2811 vertit
737 2779 822 2812 enim
847 2783 991 2813 extrema
1018 2790 1027 2812 :
1059 2794 1076 2811 ιι
1097 2783 1190 2815 Nulla
1210 2793 1243 2817 re
1268 2785 1330 2818 alia

279 2825 463 2867 accedente,
479 2834 555 2858 nam
574 2825 603 2858 si
630 2827 728 2859 modo
743 2827 918 2868 quidquam
947 2828 979 2860 id
1001 2831 1061 2868 est,
1079 2830 1166 2871 quod
1190 2833 1327 2873 accedit,

278 2879 397 2912 corpus
422 2880 487 2904 non
514 2873 575 2913 est,
594 2873 628 2905 et
655 2873 683 2905 si
704 2874 806 2917 multa
824 2875 901 2915 sint,
929 2875 1006 2908 dum
1026 2885 1064 2909 ea
1082 2877 1166 2910 inter
1179 2887 1214 2911 se
1233 2880 1328 2913 simul

278 2918 528 2952 commiscentur
543 2921 576 2952 et
591 2923 811 2955 secernuntur.
826 2935 842 2950 ι»

320 2975 350 3007 p.
366 2968 440 3000 977.
457 2974 488 2999 a.
506 2969 538 3000 4.
558 2967 622 3007 Τὴν
632 2967 692 3009 γὰρ
709 2969 788 3010 μῖξιν
807 2969 871 3002 οὔτ’
888 2970 1107 3010 ἑπιπρόσθεσιν
1124 2974 1270 3014 τοιαύτην
1287 2976 1330 3008 εἶ-

276 3024 326 3046 ναι
350 3014 423 3046 οὔτε
453 3014 594 3047 σύνθεσιν
616 3015 699 3052 εἰκὸς
722 3017 789 3048 οἵαν
814 3017 925 3058 λέγειν.
968 3018 1069 3051 ’Ώστε
1088 3021 1108 3059 ἢ
1125 3021 1219 3063 χωρὶς
1242 3023 1328 3061 εὐθὺς

277 3060 367 3100 εἶναι,
384 3062 405 3100 ἢ
421 3062 475 3094 καὶ
495 3061 755 3105 ἀποστρεφθέντος
767 3064 950 3106 ἐπίπροσθεν
967 3065 1056 3107 ἔτερα
1067 3067 1177 3109 ἑτέρων
1186 3069 1328 3112 φέρεσθαι

277 3107 371 3151 χωρὶς
390 3109 530 3148 ἀλλήλων
547 3112 659 3149 ταῦτα,
683 3110 749 3142 &DC
771 3110 853 3143 οὕτω
878 3114 1062 3153 συγκεῖσθαι
1077 3115 1229 3157 ταχθέντα
1246 3117 1329 3150 ὥστε

277 3157 381 3189 ὁτιοῦν
401 3156 586 3198 μιγνυμένου
603 3156 675 3198 παρ’
691 3158 794 3190 ὁτιοῦν
814 3158 841 3200 ᾧ
861 3158 1026 3200 μίγνυσθαι
1052 3160 1153 3205 μέρος,
1170 3163 1267 3201 οὕτως
1286 3166 1328 3202 ὡς

278 3204 322 3246 μὴ
338 3204 546 3246 ἀναληφθῆναι
564 3205 752 3246 συγκείμενα
763 3230 771 3245 ,
787 3205 866 3238 ἀλλὰ
879 3207 1051 3248 μεμιγμένα
1062 3232 1072 3248 ,
1092 3209 1162 3251 μηδ’
1180 3211 1328 3244 ὁποιαοῦν

278 3252 364 3294 αὐτῷ
389 3251 480 3293 μέρη.
526 3251 614 3284 Ἐπεὶ
631 3252 691 3293 γὰρ
714 3253 772 3285 οὐκ
785 3253 851 3286 ἔστι
875 3256 970 3295 σῶμα
987 3254 1024 3286 τὸ
1048 3255 1226 3298 ἐλάχιστον,
1246 3258 1328 3293 ἅπαν

277 3298 390 3333 ἅπαντι
401 3299 492 3342 μέρος
507 3298 652 3341 μέμικται
668 3300 783 3342 ὁμοίως
798 3301 898 3333 καὶτὸ
914 3300 996 3334 ὅλον.
1041 3303 1146 3336 Locus
1159 3309 1329 3347 corruptus

278 3346 318 3379 ad
337 3355 434 3388 quem
449 3346 628 3379 sanandum
652 3355 765 3389 parum
784 3348 923 3389 praesidii
952 3357 972 3382 e
995 3350 1068 3382 cod.
1095 3350 1179 3392 Lips.
1197 3355 1295 3394 atque
1310 3363 1328 3387 e

278 3394 426 3427 Feliciani
454 3394 716 3436 interpretatione
738 3397 803 3437 peti
831 3397 947 3438 potest.
1003 3399 1041 3430 ln
1063 3398 1144 3431 libro
1175 3399 1327 3440 Lipsieusi

280 3450 444 3484 perperam
460 3442 578 3483 legitur
607 3441 673 3476 οὔτ’
693 3443 744 3477 ἐπὶ
767 3443 953 3487 πρόσθησιν,
969 3445 1055 3487 quod
1079 3446 1147 3487 jam
1170 3448 1329 3482 Bekkerus

267 3489 428 3529 'cor-rexit,
449 3489 564 3524 deinde
583 3490 844 3535 ἀποοτρεφθέντος
859 3501 917 3535 pro
931 3494 1062 3537 vulgato
1081 3494 1329 3539 ἀποστραφέντος

1109 196 1447 265 Anis‘roreus
1478 225 1626 264 Liui-:n

1404 329 1477 361 νου,
1491 313 1562 351 εἶδ’
1581 312 1650 365 ἄρα
1665 313 1769 361 τινός,
1783 313 1822 352 οὗ
1834 311 2012 364 σώματος,
2031 312 2091 352 καὶ
2106 314 2136 352 εἰ
2153 315 2308 362 πολλῶν,
2325 329 2459 368 συμμι·
2491 315 2494 317 Α

1403 371 1583 424 σγομένων
1602 371 1663 410 καὶ
1682 371 1956 426 διακρινομένων
1979 372 2158 420 ἀλλήλοις.

2217 372 2294 421 Τὴν
2311 372 2381 427 γὰρ
2402 381 2461 427 μὶ·

1403 430 1451 476 ξιν
1483 429 1556 470 οὔτ’
1582 429 1831 483 ἑπιπρόσθεσιν
1865 431 2031 480 τοιαύτην
2069 425 2161 472 εἶναι
2189 431 2269 472 οὔτε
2302 433 2460 475 σύνθεσιν
2480 448 2498 475 ⁶

1402 489 1492 534 εἰκὸς
1513 487 1590 529 οἵαν
1613 489 1727 542 λέγει,
1758 489 1850 530 ὥστε
1887 488 1910 539 ἢ
1939 491 2049 545 χωρὶς
2087 491 2185 536 εὐθὺς
2216 485 2317 542 εἶναι,
2339 491 2457 542 ἢκαί,

1403 547 1714 602 ἀποστρεφθέντων
1738 548 1946 602 ἐπίπροσθεν
1969 550 2088 606 ἑτέρου
2116 551 2259 605 ἑτέρων,
2277 552 2460 607 φαίνεσθαι

1399 606 1507 660 χωρὶς
1527 607 1691 656 ἀλλήλων
1711 611 1836 658 ταῦτα,
1853 609 1931 649 ἀλλ’
1942 609 2035 650 οὕτω
2051 615 2254 663 συγκεῖσθαι
2265 611 2457 666 ταχθέντα,

1402 666 1494 706 ὥστε
1515 668 1631 707 ὁτιοῦν
1651 670 1712 707 τοῦ
1743 667 1957 721 μιγνυμένου
1973 669 2059 723 παρ’
2078 673 2192 711 ὁτιοῦν
2223 670 2326 724 μέρος
2347 676 2457 723 μεμῖ-

1398 729 1484 779 χθαι
1505 725 1615 772 οὕτως
1632 728 1678 772 ὡς
1699 725 1750 778 μὴ
1766 728 2011 782 ἀναληφθῆναι
2027 729 2240 783 συγκείμενα
2252 759 2263 779 ,
2282 731 2375 770 ἀλλὰ
2397 746 2456 784 με·

1400 784 1555 837 μιγμένα
1572 785 1759 837 ἁρμόττειν
1780 788 1947 826 ὁποιαοῦν
1973 789 2024 841 τῷ
2051 788 2159 828 παντὶ
2186 788 2292 842 μέρη.
2351 788 2458 830 Ἐπεὶ

1398 844 1465 898 γὰρ
1486 846 1549 884 οὐκ
1569 844 1649 884 ἔστι
1663 847 1767 898 σῶμα
1788 845 1827 885 τὸ
1847 845 2049 899 ἐλάχιστον,
2070 847 2164 888 ἅπαν
2193 846 2325 889 ἅπαντι
2352 849 2456 903 μέρός

1399 904 1570 956 μέμικται
1591 905 1719 958 ὁμοίως
1735 905 1797 945 καὶ
1817 905 1856 945 τὸ
1877 905 1969 947 ὅλον.

1395 1069 1632 1110 permutatione
1647 1069 1816 1112 utriusque
1826 1069 1935 1105 acrisii
1954 1079 2019 1104 non
2037 1070 2179 1114 insolita,
2193 1073 2265 1107 tum
2283 1073 2374 1116 ἔτερα
2393 1074 2455 1108 ἐτέ-

1395 1128 1458 1160 ρων
1475 1117 1637 1161 φαίνεσθαι
1650 1117 1757 1161 χωρίς,
1779 1129 1853 1152 mox
1886 1120 1970 1153 ὥστε
1989 1121 2093 1153 ὁτιοῦν
2108 1123 2164 1154 τοῦ
2181 1122 2368 1163 μιγνυμένου
2383 1121 2457 1164 παρ’

1395 1166 1515 1199 ὁτοιοῦν
1533 1167 1550 1199 ὁ
1567 1166 1639 1208 (sic)
1659 1166 1824 1208 μίγνυσθαι
1843 1168 1946 1209 μέρος,
1962 1168 2117 1209 practerea
2135 1168 2178 1210 μὴ
2191 1168 2224 1201 δὲ
2233 1179 2313 1201 ποια
2330 1167 2385 1202 οὖν
2399 1169 2456 1202 αὖ·

1393 1217 1439 1256 τῷ
1457 1215 1554 1257 μέρη,
1572 1213 1713 1255 denique
1732 1215 1984 1257 ροεῑ”ἐλάχιστον
1998 1215 2029 1248 id
2050 1215 2138 1257 quod
2161 1215 2321 1250 Bekkerus
2337 1217 2457 1259 recepit

1393 1263 1477 1295 ἅπαν
1489 1262 1603 1295 ἅπαντι
1617 1262 1707 1304 μέρος
1724 1271 1781 1304 pro
1795 1262 1927 1304 vulgato
1940 1262 2023 1295 ἅπαν
2033 1274 2062 1295 τι
2074 1264 2175 1305 μέρος.
2196 1262 2376 1298 Felicianus
2387 1273 2456 1296 ver·

1394 1311 1460 1343 lit:
1484 1322 1500 1339 α
1518 1309 1708 1343 Mixtionem
1734 1309 1820 1342 enim
1846 1319 1952 1352 neque
1976 1310 2269 1352 superadditionem
2293 1310 2456 1350 ejusmodi

1393 1366 1461 1390 esse
1476 1365 1580 1399 neque
1597 1357 1876 1399 compositionem,
1902 1358 2032 1400 qualem
2051 1357 2170 1400 inquit,
2187 1357 2360 1392 verisimile
2376 1362 2426 1393 ent
2443 1369 2454 1392 ι

1394 1406 1430 1437 ut
1453 1404 1503 1438 vel
1521 1404 1631 1438 statim
1648 1405 1795 1446 separata
1813 1404 1896 1438 inter
1914 1414 1948 1438 se
1970 1404 2049 1446 sint,
2069 1405 2120 1438 vel
2140 1405 2173 1438 in
2186 1404 2454 1440 aversionedum

1392 1451 1454 1484 alia
1475 1451 1544 1484 aliis
1557 1452 1840 1494 superoccurrunt,
1862 1461 1881 1485 a
1893 1461 1962 1486 sese
1980 1453 2096 1486 mutuo
2113 1461 2263 1487 seorsum
2279 1453 2424 1487 serantur
2441 1465 2453 1489 ε

1393 1498 1449 1531 sed
1466 1507 1501 1531 ea
1519 1507 1593 1540 quae
1616 1499 1718 1531 mixta
1742 1501 1832 1541 sunt,
1850 1499 1894 1533 ita
1917 1508 1988 1532 esse
2012 1500 2206 1542 composita,
2237 1503 2275 1535 ut
2302 1501 2456 1542 quaelibet

1394 1554 1464 1585 pars
1485 1554 1560 1578 cum
1580 1546 1725 1587 qualibet
1738 1548 1871 1581 confusa
1892 1547 1936 1580 ita
1963 1548 2018 1588 sit,
2043 1547 2160 1581 utnon
2181 1544 2376 1591 composita,
2396 1549 2455 1583 sed

1392 1592 1494 1625 mixta
1507 1602 1576 1626 esse
1602 1593 1782 1636 videantur,
1800 1604 1904 1637 neque
1925 1594 2122 1637 deprehendi
2141 1595 2328 1637 qualesnam
2348 1599 2455 1638 partes

1391 1648 1502 1671 eorum
1518 1640 1580 1672 sint
1602 1641 1712 1682 possit.
1731 1642 1816 1680 Quia
1830 1642 1918 1675 enim
1932 1651 1996 1675 non
2012 1642 2061 1675 est
2076 1651 2193 1683 corpus
2205 1642 2351 1685 aliquod,
2365 1644 2452 1686 quod

1393 1687 1563 1720 minimum
1585 1689 1639 1728 sit,
1655 1698 1858 1730 unaquaeque
1875 1698 1947 1730 pars
1964 1689 2060 1722 simili
2083 1689 2181 1722 modo
2191 1691 2350 1724 aetolum
2365 1699 2453 1724 com·

1393 1734 1493 1767 mixta
1510 1736 1570 1768 est.
1589 1747 1606 1764 »
1618 1737 1698 1773 Quae
1709 1737 1825 1777 partim
1835 1737 1970 1769 obscura
1984 1738 2102 1778 partim
2113 1738 2224 1777 aperte
2240 1736 2357 1771 vitiosa
2364 1741 2453 1772 eunt.

1387 1784 1471 1814 Nam
1490 1792 1529 1815 ne
1546 1782 1586 1816 de
1606 1784 1733 1816 caeteris
1752 1783 1879 1825 loquar,
1901 1786 2046 1818 extrema
2065 1785 2121 1818 illa
2138 1796 2155 1814 ι
2175 1793 2244 1818 non
2257 1786 2310 1819 est
2329 1794 2454 1829 corpus

1393 1830 1538 1872 aliquod
1561 1830 1655 1873 quod
1685 1833 1872 1865 minimum
1894 1834 1941 1866 sit
1969 1845 1985 1861 n
2013 1841 2032 1866 a
2050 1841 2148 1867 sensu
2176 1832 2239 1866 loci
2267 1833 2452 1868 abhorrent.

1391 1878 1470 1916 Quis
1486 1878 1571 1911 enim
1582 1879 1708 1919 ignorat
1723 1879 1759 1911 τὸ
1783 1879 1947 1921 ἐλάχιστον
1958 1881 2145 1923 σῶμαοριιᾱ
2163 1880 2372 1923 philosophos
2383 1891 2454 1916 esse

1391 1925 1563 1959 minimum
1578 1927 1627 1958 vel
1642 1927 1848 1960 individuum
1856 1929 2098 1970 corpusculum,
2109 1928 2198 1971 quod
2211 1929 2310 1962 atomi
2323 1929 2455 1969 nomine

1392 1973 1486 2015 vulgo
1497 1975 1642 2007 vocatur.
1657 1973 1737 2006 Vide
1753 1976 1902 2007 Democr.
1923 1983 1957 2016 p.
1968 1977 2038 2009 135.
2050 1976 2158 2010 verba
2170 1985 2276 2017 groeca
2286 1976 2333 2010 sic
2346 1985 2454 2011 emen·

1391 2021 1530 2054 damus:
1544 2021 1608 2061 Τὴν
1622 2021 1681 2063 γὰρ
1698 2022 1777 2063 μῖξιν
1802 2023 1867 2055 οὔτ’
1888 2023 2109 2065 ἐπιπρὸσθεσιν
2120 2024 2267 2063 τοιαύτην
2284 2025 2364 2058 εἶναι
2377 2025 2450 2059 οὔτε

1392 2070 1535 2102 σύνθεσιν
1552 2069 1634 2106 εἰκὸς
1654 2069 1722 2101 οἵαν
1735 2069 1854 2111 λέγει,
1879 2068 1996 2110 ὥστεῆ
2013 2072 2109 2114 χωρὶς
2127 2071 2214 2110 εὐθὺς
2228 2071 2321 2113 εἶναι,
2344 2074 2364 2112 ἢ
2385 2074 2452 2112 καί,

1392 2117 1744 2159 ἀποστρεφθέντων
1758 2117 1942 2161 ἐπίπροσθεν
1956 2119 2214 2164 ἑτέρουὲτέρων
2226 2120 2451 2163 φαίνεσθαι

1391 2165 1487 2206 χωρὶς
1497 2165 1638 2203 ἀλλήλων
1650 2167 1763 2204 ταῦτα,
1783 2165 1851 2198 ἀλλ’
1871 2166 1955 2198 οὕτω
1975 2167 2160 2208 συγκεῖσθαι
2179 2168 2344 2208 ταχθέντα,
2363 2169 2450 2202 ὥστε

1391 2212 1494 2245 ὁτιοῦν
1515 2214 1570 2244 τοῦ
1587 2212 1774 2254 μιγνυμένου
1793 2211 1866 2256 παρ’
1887 2213 1991 2247 ὁτιοῦν
2012 2215 2103 2256 μέρος
2136 2216 2329 2256 μεμῖχθαι
2354 2216 2452 2252 οὕτως

1392 2260 1434 2295 ὡς
1455 2259 1498 2300 μὴ
1511 2259 1719 2301 ἀναὶηφθῆναι
1736 2260 1926 2302 συγκείμενα
1944 2261 2023 2294 ἀλλὰ
2036 2263 2212 2304 μεμιγμένα
2238 2263 2452 2305 ἁρμόττειν

1391 2307 1540 2339 ὁποιαοῦν
1560 2309 1606 2348 τῷ
1623 2307 1742 2339 παντὶ
1761 2308 1849 2350 μέρη.
1886 2309 1974 2341 Ἐπεὶ
1991 2308 2054 2351 γὰρ
2070 2309 2129 2342 οὐκ
2143 2309 2210 2342 ἐστι
2225 2313 2320 2348 σῶμα
2331 2311 2367 2343 τὸ
2386 2311 2453 2343 ἐλά·

1391 2365 1510 2395 χισ-τον,
1536 2354 1619 2386 ἅπαν
1648 2354 1761 2387 ἅπαντι
1789 2356 1881 2397 μέρος
1904 2357 2051 2398 μέμικται
2079 2356 2195 2398 ὁμοίως
2220 2358 2276 2391 καὶ
2302 2358 2339 2390 τὸ
2366 2358 2449 2391 ὅλον.

1391 2403 1537 2440 Quorum
1555 2402 1729 2434 verborum
1750 2403 1822 2435 haec
1837 2405 1886 2436 est
1910 2404 2071 2438 sententia
2091 2416 2100 2437 z
2123 2417 2138 2432 «ι
2158 2406 2240 2438 Nam
2260 2405 2451 2439 mixtionem

2481 866 2578 897 10,

1390 2449 1542 2481 convenit
1572 2458 1676 2490 neque
1705 2449 1901 2492 additionem
1937 2460 2017 2490 esse,
2048 2460 2154 2493 neque
2184 2453 2451 2495 compositionem
2486 2492 2488 2494 v

1390 2494 1518 2536 qualem
1533 2496 1599 2537 ipse
1614 2497 1703 2539 dicit,
1721 2506 1785 2538 qua
1804 2498 1855 2530 vel
1873 2498 1959 2531 illico
1975 2499 2119 2539 sejuncta
2140 2508 2209 2533 csse
2230 2499 2283 2543 (ea
2309 2509 2385 2542 quae
2395 2509 2451 2533 ac-

1391 2543 1525 2584 cedunt,
1540 2541 1585 2576 ’τὰ
1605 2544 1865 2586 προσγιγνόμενα)
1886 2545 1938 2578 vel
1962 2546 2083 2578 aversis
2104 2547 2178 2579 ante
2193 2547 2256 2580 alia
2275 2547 2452 2589 aliissepo·

1389 2591 1451 2623 sita
1476 2590 1548 2624 haec
1572 2600 1590 2623 a
1606 2600 1640 2624 se
1663 2592 1804 2625 invicem
1830 2601 1983 2634 apparere
2005 2594 2171 2636 statuitur,
2192 2594 2249 2628 sed
2278 2595 2452 2629 itaordine

1389 2647 1458 2672 esse
1477 2639 1660 2682 coniuncta,
1697 2642 1734 2674 ut
1766 2650 1968 2684 unaquaeque
1995 2642 2090 2675 mixti
2124 2643 2284 2684 partfeula
2315 2643 2451 2677 cuilibet

1391 2689 1473 2728 parti
1490 2688 1636 2721 admixta
1656 2688 1708 2730 sit,
1733 2698 1772 2722 eo
1794 2689 1904 2730 modo,
1923 2691 1960 2722 ut
1983 2692 2167 2730 conjunctae
2185 2691 2249 2724 illoe
2265 2694 2371 2733 partes
2383 2699 2451 2725 non

1390 2735 1593 2777 excipiantur
1609 2736 1774 2778 deinceps,
1792 2737 1848 2770 sed
1865 2738 1968 2770 mixta
1988 2738 2114 2779 quaevis
2134 2737 2280 2772 membra
2301 2739 2451 2772 universo

1390 2785 1581 2825 congruant.
1626 2785 1788 2823 Quoniam
1805 2784 1893 2818 enim
1911 2793 1977 2818 non
1996 2786 2104 2818 exstat
2127 2785 2298 2819 minimum
2319 2789 2353 2820 et
2366 2785 2450 2819 indi·

1390 2831 1524 2864 viduum
1541 2831 1788 2872 corpusculum,
1808 2840 2015 2873 unaquaeque
2036 2841 2110 2872 pars
2127 2832 2262 2865 cuilibet
2277 2833 2380 2865 mixta
2401 2837 2450 2866 est

1389 2879 1534 2912 similiter
1553 2880 1650 2920 atque
1665 2880 1769 2912 totum
1783 2880 1832 2912 est
1847 2879 2001 2912 mixtum.
2021 2893 2037 2908 ι»
2056 2879 2152 2918 Quod
2166 2879 2257 2912 initio
2273 2887 2349 2912 cum
2364 2881 2449 2914 Bek-

1388 2925 1466 2959 kero
1479 2927 1571 2968 posui
1588 2926 1808 2970 ἑπιπρὸσθεσιν
1831 2927 2019 2968 neutiquam
2037 2926 2232 2960 mutandum
2251 2926 2284 2959 in
2300 2927 2450 2971 ἐπιπρόσ-

1389 2975 1491 3015 θησιν,
1505 2983 1572 3016 quo
1585 2974 1752 3016 scripturae
1774 2975 1960 3015 depravatae
1985 2974 2118 3016 vestigia
2137 2974 2171 3007 in
2190 2974 2264 3008 cod.
2286 2975 2371 3017 Lips.
2385 2975 2449 3008 du-

1389 3023 1478 3056 cunt.
1522 3024 1668 3064 Namque
1693 3021 1910 3065 ἐπιπρόσθεσις
1932 3023 1973 3055 ab
2001 3023 2251 3065 ἑπιπροστιθέναι
2271 3022 2449 3057 deductum

1391 3071 1446 3113 (ct'.
1465 3070 1561 3104 Dion.
1585 3070 1657 3104 Hal.
1679 3071 1739 3110 VI,
1768 3069 1800 3112 9)
1822 3069 2018 3102 additionem
2038 3073 2070 3102 et
2092 3069 2352 3103 additamentum
2368 3070 2450 3105 desi-

1388 3120 1476 3161 gnat,
1494 3128 1598 3161 quum
1619 3117 1842 3160 ἐπιπρόσθησις
1871 3117 2126 3150 obstructionem
2151 3119 2185 3150 et
2206 3117 2448 3159 impeditionem

1389 3165 1718 3207 potissimumvaleat.
1730 3165 1782 3198 Cf.
1804 3164 1970 3197 Plutarch.
1987 3164 2027 3197 de
2041 3165 2122 3197 facie
2139 3164 2172 3197 in
2185 3165 2254 3198 orb.
2274 3164 2342 3198 lun.
2362 3165 2390 3200 t.
2404 3168 2450 3200 lx

1390 3222 1420 3255 p.
1441 3215 1504 3246 684
1527 3213 1578 3247 ed.
1600 3212 1707 3246 Reisk.
1726 3214 1911 3254 Utrumque
1938 3212 2134 3245 vocabulum
2154 3221 2242 3255 soepe
2266 3221 2285 3245 a
2310 3212 2448 3246 librariis

1389 3260 1562 3293 confusum
1583 3261 1651 3301 est,
1665 3263 1702 3292 ut
1721 3259 1777 3292 illo
1800 3259 1883 3300 loco,
1902 3259 1996 3300 cujus
2023 3259 2160 3293 Beckius
2183 3260 2340 3302 meminit,
2362 3261 2447 3303 apud

1389 3309 1553 3342 Plutarch.
1570 3308 1791 3342 consolation.
1822 3307 1864 3340 ad
1895 3308 2044 3349 Apollon.
2082 3309 2163 3342 tom.
2182 3309 2229 3341 VI
2251 3317 2284 3350 p.
2309 3310 2370 3343 4⁶1
2394 3308 2446 3342 ed.

1388 3356 1485 3389 Reisk
1490 3377 1498 3385 -
1509 3369 1518 3390 z
1525 3358 1626 3390 ταῦτα
1632 3356 1671 3396 δὴ
1678 3355 1781 3392 αὐτοῖς
1788 3355 1890 3388 πάντα
1900 3355 2118 3398 ἐπιπρόσθεσις
2125 3355 2252 3397 γίνεται.
2261 3355 2448 3397 Reprobata

1388 3404 1508 3437 Reiskii
1534 3404 1737 3445 conjectura,
1762 3404 1819 3445 qui
1846 3403 2032 3447 ἐπίπροσθεν
2060 3404 2177 3444 γίνεται
2198 3404 2447 3445 impedimento

1387 3452 1479 3488 fiunt
1504 3453 1602 3485 scribi
1618 3451 1760 3492 volebat,
1785 3451 1909 3493 corrige
1938 3451 2175 3495 ἐπιπρόσθησις.
2219 3453 2385 3485 Caeterum
2412 3451 2446 3485 in

1389 3499 1551 3542 plerisque
1563 3499 1675 3533 lexicis
1691 3499 1910 3542 ἐπιπρόσθεσις
1925 3498 2138 3533 desideratur.
