2612 3814
972 251 1027 290 JN
1055 250 1277 290 AUREUM
1295 240 1536 290 cARMEN.

181 345 327 393 δύναμιν
345 341 563 390 κτήσασθαι,
585 339 673 387 αὕτη
693 340 724 378 δ’
746 339 787 378 ἂν
810 339 862 387 εἴη
884 343 905 387 ἠ
924 338 1168 393 χορηγουμένη
1191 342 1230 379 ἐκ

181 404 243 449 τῆς
260 402 403 452 λογικῆς
419 399 616 448 ἐπιστήμης
633 400 679 442 εἷς
697 394 868 471 δῖάκρισιν
890 398 1053 445 ἀληθείας
1069 397 1130 437 καὶ
1147 397 1231 452 ψεύ-

182 462 277 511 δους
297 459 506 511 δυναμένους
525 457 561 496 δὲ
581 458 642 496 καὶ
662 457 869 508 ἀνατρέπειν
888 457 934 496 τὰ
962 457 1100 510 ψεύδη
1112 486 1123 505 ,
1142 457 1231 509 μήτε

182 520 359 574 σφοδρῶς,
390 517 480 568 μήτε
515 516 723 567 ὓδριστικῶς
753 520 858 556 τοῦτο
891 524 1015 557 ποιεῖν·
1048 516 1139 557 ἀλλὰ
1171 532 1232 556 συν

186 576 356 630 πραότητι
389 575 453 621 τὴν
489 573 653 621 ἀλήθειαν
681 574 832 623 διώκειν,
865 574 925 613 καὶ
959 574 1048 627 μετὰ
1079 576 1231 625 εὐμενῶν

183 635 334 688 ἐλέγχων
354 633 393 672 τὸ
413 634 609 686 ψεῦδος’
591 633 810 686 ανατρέπειν,
830 649 889 672 και
906 635 952 678 ὡς
980 633 1066 674 αὐτό
1081 648 1166 705 φησι
1193 632 1234 672 τὸ

183 694 286 743 ἔπος,
307 693 463 746 ψεῦδος
483 693 522 730 δ’
542 691 684 745 ἤνπερ
705 707 749 730 τι
774 690 987 758 λέγηται,
1009 691 1160 757 πράως
1181 690 1235 729 ε’ί-

181 761 366 793 κοντας,
382 747 420 784 οὖ
442 748 706 797 συγχωροῦντας
733 743 842 788 ούτως
871 742 980 796 ἔχειν,
999 746 1045 788 ὡς
1069 743 1229 796 λέγεται,

183 804 274 844 ἀλλὰ
294 803 473 858 ἀοργήτως
501 802 794 848 ἀκούοντας.οὒ
823 802 891 855 γὰρ
922 803 1235 856 συγκατατίθεσθαι

183 864 253 902 δεῖν
273 860 369 914 λέγει
389 865 439 915 τῷ
459 861 610 915 ψεύδει
632 862 672 900 τὸ
696 862 854 915 πράως
873 854 981 911 εἷκε,
1002 860 1080 901 ἀλλ’
1101 862 1237 899 ἀνεκτι-

182 925 252 966 κῶς
287 923 499 974 ἀκροᾶσθαι,
518 936 579 958 και
609 920 658 971 μὴ
686 919 963 971 ἐκπλήττεσθαι,
995 922 1025 959 εἷ
1057 918 1235 971 ἄνθρωποι

183 980 280 1025 ὄντες
304 979 391 1024 τινὲς
411 983 473 1027 τῆς
496 979 660 1027 ἀληθείας
689 978 988 1019 ἀποπεπτώκασιν
1010 979 1236 1021 ἀλυσιτελῶς.

185 1041 215 1079 Γ
217 1039 334 1090 όνιμος
349 1038 416 1091 γὰρ
433 1042 455 1086 ἡ
477 1036 660 1090 ἀνθρώπου
675 1037 775 1091 φύσις
793 1039 933 1076 πολλῶν
949 1035 1164 1089 διαστρόφων
1182 1036 1239 1074 δο-

187 1097 388 1149 ξασμάτων,
405 1097 488 1135 ὅταν
511 1096 560 1147 μὴ
577 1103 652 1140 ταῖς
670 1101 801 1139 κοιναῖς
815 1095 959 1140 ἐννοίαις
973 1096 1080 1147 ὀρθῶς
1092 1094 1236 1142 ἕπηται.

187 1156 299 1197 Οὐδὲν
319 1160 392 1204 οὖν,
426 1155 530 1208 φησὶν
560 1158 578 1194 ὁ
607 1155 726 1206 λόγος,
755 1153 971 1206 θαυμαστόν,
1002 1154 1032 1192 εἷ
1057 1153 1238 1205 ἄνθρωπος

187 1214 296 1268 μηδὲν
315 1218 385 1254 τῶν
405 1216 544 1261 ἀληθων
561 1214 650 1265 μήτε
671 1213 806 1265 μαθών,
825 1212 914 1264 μήτε
936 1212 1057 1266 εὑρών,
1072 1215 1118 1258 εἷς
1138 1215 1238 1251 τοῦτο

185 1291 248 1322 της
280 1273 443 1316 ἀπονοίας
474 1267 557 1320 ἠλθε
569 1302 580 1322 ,
617 1271 676 1325 καὶ
710 1271 806 1310 ἔθετο
834 1270 933 1317 δόξας
964 1271 1170 1315 ὑπεναντίας
1196 1274 1238 1324 τῇ

187 1332 345 1386 ἀληθεία.
381 1332 449 1371 Γ
416 1330 591 1369 ουναντιον
610 1331 678 1383 γὰρ
709 1329 750 1369 ἃν
778 1325 821 1378 ην
855 1330 1069 1381 θαυμαστόν,
1100 1331 1129 1368 εἰ
1152 1330 1241 1381 μήτε

188 1390 373 1443 μανθάνειν
392 1390 482 1441 μήτε
498 1391 611 1436 ζητεῖν
633 1388 759 1428 ἐθέλων
775 1405 847 1439 τις,
866 1389 1072 1440 αὐτομάτως
1091 1391 1134 1441 τῇ
1155 1390 1240 1436 ἀλη-

186 1450 262 1490 θεία
280 1449 496 1512 περιέτυχεν,
521 1447 641 1502 ὥσπερ
664 1450 703 1487 ἐκ
718 1447 915 1502 τραγῳδίας
933 1451 999 1486 θεῶ
1013 1463 1080 1486 τινι
1101 1449 1240 1501 ἀναφα-

187 1510 293 1550 νέντι.
310 1511 375 1548 Δει
386 1512 443 1548 οὐν
458 1509 747 1559 συγγνωμονικῶς
767 1506 905 1546 ἀκούειν
926 1509 994 1545 τῶν
1007 1506 1242 1560 ψευδομένων,

188 1569 248 1608 καὶ
277 1567 384 1622 πείρα
413 1566 597 1619 μανθάνειν
618 1564 699 1605 οἵων
728 1568 829 1618 ἡμεῖς
849 1566 1091 1618 ἔκαθάρθημεν
1110 1567 1242 1613 κακῶν,

187 1630 231 1680 τῇ
253 1625 314 1676 μὲν
335 1626 498 1678 κοινωνία
518 1628 579 1664 τοῦ
596 1630 777 1676 συγγενοῦς
797 1626 1017 1674 ὑποκείμενοι
1039 1631 1109 1668 τοῖς
1126 1625 1243 1669 αὐτοῖς

188 1685 340 1735 πάθεσι,
358 1686 408 1737 τῷ
426 1683 462 1722 δὲ
492 1683 688 1736 ἀλεξικάκῳ
715 1686 776 1730 τῆς
797 1683 994 1734 ἐπιστήμης
1025 1682 1058 1728 ἐξ
1088 1683 1244 1727 ἐναντίας

192 1745 303 1782 αὐτῶν
323 1743 518 1794 γενόμενοι.
537 1742 641 1792 Μέγα
657 1741 693 1780 δὲ
714 1742 870 1780 συντελεῖ
885 1742 970 1794 πρὸς
986 1742 1173 1794 πραότητα
1183 1741 1245 1780 καὶ

190 1801 230 1841 τὸ
250 1805 312 1848 τ’ἧς
338 1801 534 1850 ἐπιστήμης
561 1800 704 1852 θάρσος·
730 1803 751 1847 ἡ
772 1800 840 1852 γὰρ
871 1801 997 1844 ἱκανῶς
1019 1815 1240 1851 παρεσκευα-

193 1948 295 1984 cium
325 1946 513 1994 refutare,
534 1953 577 1983 ut
606 1947 730 1995 ipsum
762 1957 916 1982 carmen
944 1945 1086 1991 dictat,
1114 1945 1249 1981 leniter

193 2004 367 2042 cedentes
379 2032 391 2052 ,
409 2005 439 2041 si
457 2003 551 2052 quid
566 2011 693 2040 autem
714 2003 794 2040 falsi
815 2003 977 2051 dicatur,
1000 2017 1078 2040 non
1100 2016 1247 2040 conce-

193 2063 325 2100 dentes
343 2064 398 2099 ita
414 2075 495 2099 rem
514 2075 553 2099 se
571 2063 733 2108 habere,
752 2069 794 2098 ut
821 2062 971 2109 dicitur,
1003 2062 1069 2099 sed
1097 2063 1175 2099 sine
1194 2063 1250 2099 ira

193 2122 403 2159 audientes.
423 2122 520 2158 Nam
540 2122 635 2158 illud
649 2150 659 2170 ,
682 2123 819 2158 leniter
836 2122 948 2168 cede,
965 2120 1250 2170 nonsignificat

194 2194 265 2218 nos
287 2181 329 2217 id
363 2181 471 2229 quod
501 2181 638 2217 falsum
668 2187 723 2217 est
754 2180 893 2216 debere
924 2179 1159 2229 approbare,
1187 2179 1248 2215 sed

194 2240 330 2277 audire
347 2241 555 2289 patienter,
574 2252 699 2288 neque
714 2239 863 2285 mirari,
874 2239 903 2274 si
919 2238 1115 2284 nonnulli,
1129 2250 1247 2286 quum

194 2298 368 2356 homines
397 2299 491 2344 sint,
517 2309 539 2334 a
567 2299 726 2334 veritate
755 2297 1015 2333 aberraverint
1042 2297 1149 2332 nullo
1179 2308 1247 2332 suo

195 2369 283 2394 cum
303 2357 524 2394 commodo.
546 2357 726 2394 Fecunda
754 2357 854 2392 enim
886 2363 942 2392 est
959 2356 1157 2392 hominum
1180 2368 1249 2392 na-

160 2434 167 2440 ·
196 2422 284 2453 tura
315 2416 522 2452 multarum
560 2416 787 2464 opinionum
820 2427 1106 2463 perversarum,
1133 2427 1248 2463 quum

198 2476 376 2511 notiones
389 2487 608 2512 communes
623 2487 703 2511 non
718 2481 821 2511 recte
836 2474 1022 2523 sequitur.
1036 2474 1097 2511 Nil
1111 2474 1251 2509 mirum

196 2535 327 2584 igitur,
348 2535 473 2581 inquit
493 2546 644 2570 carmen
656 2562 667 2580 ‚
691 2534 722 2569 si
738 2533 878 2579 homo,
896 2533 962 2581 qui
980 2532 1075 2568 nihil
1093 2532 1174 2568 veri
1190 2532 1253 2568 vel

198 2593 245 2629 ab
263 2593 338 2629 alio
356 2592 533 2629 didicerit
547 2593 607 2628 vel
618 2593 699 2642 ipse
714 2592 995 2640 investigaverit
1007 2619 1018 2638 ,
1028 2604 1073 2628 eo
1085 2591 1253 2627 amentiae

199 2651 416 2697 devenerit,
436 2659 479 2688 ut
499 2652 650 2688 veritati
670 2651 880 2688 contrarias
900 2651 1100 2699 opiniones
1127 2651 1252 2686 animo

198 2711 373 2748 imbibat.
398 2712 495 2748 Nam
515 2723 535 2747 e
557 2709 751 2747 contrario
779 2709 997 2746 mirandum
1017 2716 1130 2755 esset,
1149 2710 1180 2745 si
1198 2710 1252 2755 is,

199 2771 266 2819 qui
286 2782 410 2819 neque
430 2770 573 2807 discere
593 2781 717 2818 neque
737 2781 906 2818 quaerere
930 2769 1034 2817 vult,
1055 2769 1094 2804 in
1112 2769 1255 2805 verita-

201 2837 277 2867 tem
307 2829 405 2866 forte
440 2829 594 2866 fortuna
624 2829 832 2875 incideret,
863 2835 1042 2876 tanquam
1074 2829 1114 2864 in
1143 2828 1254 2865 deum

201 2889 366 2938 aliquem
385 2889 424 2924 in
441 2889 624 2938 tragoedia
641 2894 900 2937 apparentem.
933 2887 1124 2924 Debemus
1139 2887 1255 2936 igitur

203 2960 288 2984 cum
318 2948 429 2984 venia
461 2947 625 2996 quadam
655 2947 878 2983 mentientes
911 2945 1044 2982 audire
1073 2952 1110 2982 et
1140 2957 1256 2993 expe-

202 3007 340 3044 rientia
360 3007 524 3056 discere,
543 3007 694 3056 quantis
713 3019 733 3042 a
753 3006 858 3042 malis
873 3006 1100 3054 purgatione
1121 3017 1191 3040 nos
1210 3005 1258 3039 li-

202 3066 325 3102 berati
345 3068 477 3113 simus,
497 3067 562 3115 qui
583 3079 700 3114 quum
721 3065 888 3113 ejusdem
907 3065 1052 3113 generis
1079 3076 1253 3100 commu-

204 3125 318 3161 nione
329 3126 472 3172 iisdem,
485 3125 622 3174 quibus
633 3125 701 3171 illi,
712 3124 908 3160 affectibus
917 3123 1073 3159 obnoxii
1083 3135 1255 3167 essemus,

206 3195 276 3232 per
305 3185 497 3221 scientiam
531 3185 638 3221 malis
671 3183 900 3233 propulsatis
931 3182 1157 3218 contrariam
1182 3181 1255 3216 illis

206 3243 292 3280 vitae
303 3255 530 3292 morumque
544 3243 801 3280 conditionem
814 3242 931 3279 secuti
948 3253 1087 3279 sumus.
1098 3241 1257 3276 Multum

209 3308 334 3338 autem
360 3302 409 3338 ad
440 3303 630 3339 lenitatem
663 3302 811 3338 confert
848 3301 928 3350 ipsa
960 3301 1071 3336 etiarn
1096 3299 1257 3335 scientiae

209 3359 351 3397 fiducia
386 3374 395 3398 z
424 3363 569 3398 animus
589 3364 688 3398 enim
715 3362 800 3398 satis
814 3367 1047 3410 praeparatus
1066 3359 1113 3395 ad
1133 3359 1259 3395 devias

212 3432 233 3456 a
265 3422 420 3458 veritate
453 3422 698 3471 digressiones
728 3419 951 3457 refellendas
983 3417 1134 3467 placide
1164 3417 1258 3453 feret

215 3478 318 3517 salsas
342 3482 561 3529 opiniones,
582 3492 700 3528 quum
719 3480 843 3516 omnia
865 3491 883 3514 a
901 3490 991 3513 vcro
1013 3477 1256 3513 abhorrentia
1284 3477 1290 3512 ἶ

2211 293 2214 297 ,
2260 261 2337 294 447

1292 339 1403 390 σμένη
1424 338 1521 392 ψυχὴ
1539 338 1623 391 πρὸς
1633 338 1672 378 τὸ
1692 339 2001 392 καταγωνίσασθαι
2019 339 2106 386 τὰς’
2091 341 2263 417 εκτροπὰς
2281 360 2344 390 της

1293 399 1455 445 ἀληθείας
1470 397 1647 450 ἀθορύὸως
1667 397 1753 436 οἴσει
1773 399 1835 443 τὰς
1852 401 1990 452 ψευδεῖς
2006 400 2164 448 δόξας,ε
2145 418 2192 446 ως
2210 418 2343 456 προεκ-

1292 457 1522 528 λελογισμένη
1546 455 1661 495 πάντα
1692 456 1736 495 τὰ
1761 459 1859 509 παρὰ
1888 458 1927 496 τὸ
1962 458 2086 506 ἀληθὲς
2119 462 2153 499 ἐν
2178 462 2267 513 αὐτῇ
2299 465 2342 514 τῇ

1291 519 1352 554 τοῦ
1382 517 1528 563 ἀληθοῦς
1561 515 1783 562 κατανοήσω..
1803 516 1849 556 Τί
1877 511 1934 555 ουν
1963 517 2103 571 ταράξει
2134 523 2274 567 τοῦτον,
2299 522 2347 563 ὡς

1295 573 1460 613 ἄλυτον”
1439 590 1496 623 ον,
1512 574 1546 613 τί
1565 574 1633 612 δὲ’
1624 578 1766 628 ισχυροῦ
1786 575 1981 628 φαντασίαν
2002 577 2145 628 παρέξει
2164 578 2294 630 τούτῳ,
2310 579 2347 622 ὃς

1294 633 1623 686 προκατηγώνισται
1637 640 1706 672 πᾶν
1724 633 1764 673 τὸ
1783 635 1927 687 ψεῦδοςς
1943 637 1997 675 Οὐ
2019 635 2123 686 μόνον
2147 629 2204 674 οὖν
2222 637 2260 674 ἐκ
2283 641 2347 683 τῆς

1294 696 1419 742 ἠθικῆς
1440 696 1563 747 ἀρετῆς
1589 693 1651 742 τὴν
1675 693 1865 747 ἀταραξίαν
1886 693 1953 740 ἕξει
1972 698 1990 734 ὁ
2012 695 2233 746 ἐπιστήμων,
2255 695 2347 734 ἀλλὰ

1295 753 1355 792 καὶ
1375 755 1414 792 ἐκ
1429 757 1490 793 τοῦ
1509 755 1647 805 θαρσεῖν
1667 751 1746 797 τοὺς
1765 753 1938 799 τοιούτους
1954 755 2103 803 ἀγῶνας.
2127 756 2251 794 Ταῦτα
2283 754 2345 804 μὲν

1295 812 1376 865 περὶ
1405 815 1467 859 τῆς
1489 814 1762 861 ἐπιστημονικῆς
1783 814 1852 851 τῶν
1873 812 1986 864 λόγων
2015 812 2234 864 διακρίσεως.
2257 813 2349 864 Περὶ

1297 871 1333 910 δὲ
1351 874 1413 920 τῆς
1433 870 1490 910 διὰ
1508 871 1649 911 πάντων
1667 870 1931 919 ἀνεξαπατήτου
1950 871 2069 920 ἕξεως,
2083 872 2125 920 ἣν
2155 873 2207 911 δεῖ
2220 875 2348 918 κεκτῆ-

1298 933 1377 968 σθαι
1398 930 1457 969 τὸν
1477 929 1713 980 ἐπιστήμονα,
1733 928 1830 973 εὐθὺς
1849 930 2091 969 ἐπισυνάπτει.

1663 1032 1775 1072 ΧΙΙΙ.
1807 1038 1980 1072 24-26.

1383 1155 1424 1161 -
1437 1138 1479 1170 Ὃ
1496 1138 1529 1170 δέ
1542 1149 1590 1171 τοι
1608 1139 1684 1180 ἐρέω
1696 1163 1705 1179 ,
1723 1138 1773 1171 ἐπὶ
1787 1138 1880 1170 παντὶ
1893 1138 2040 1170 τελείσθω
2051 1149 2059 1157 ·

1384 1186 1487 1226 μηδεὶς
1505 1186 1583 1227 μήτε
1601 1185 1686 1226 λόγῳ
1700 1197 1737 1218 σε
1751 1185 1887 1227 παρείπῃ
1897 1210 1905 1226 ,
1923 1187 1999 1227 μήτε
2012 1197 2041 1217 τι
2055 1185 2153 1226 ἔργῳ,

1382 1234 1510 1274 πρῆξαι,
1525 1233 1596 1273 μηδ’
1613 1234 1723 1273 εἰπεῖν,
1737 1233 1772 1271 ὅ,
1790 1243 1819 1264 τι
1835 1244 1883 1265 τοι
1899 1234 1941 1273 μὴ
1957 1232 2095 1275 βέλτερόν
2114 1232 2192 1264 ἐστι.

1354 1321 1469 1359 Τοῦτο
1492 1319 1548 1359 διὰ
1567 1319 1706 1359 πάντων
1726 1319 1831 1359 τείνει
1856 1320 1896 1359 τὸ
1915 1319 2172 1374 παράγγελμα,
2193 1319 2356 1358 ἰσοδυνα-

1303 1381 1387 1430 μοῦν
1407 1380 1456 1432 τῷ
1475 1378 1546 1417 ἄνω
1566 1394 1632 1418 που
1649 1378 1843 1433 εἰρημένῳ,

1386 1480 1515 1521 Πρὴἕεις
1533 1480 1560 1512 δ’
1576 1479 1707 1521 αἰσχρόν
1720 1490 1796 1512 ποτε
1815 1479 1892 1520 μήτε
1908 1479 1976 1520 μετ’
1990 1479 2100 1518 ἄλλου,

1387 1528 1457 1567 μήτ’
1472 1527 1535 1568 ἰδίῃ
1545 1538 1553 1547 ·
1568 1527 1692 1560 πάντων
1709 1528 1741 1560 δὲ
1755 1527 1879 1570 μάλιστ’
1899 1528 2045 1569 αἰσχύνεο
2061 1527 2189 1560 σαυτόν.

1305 1620 1350 1661 Ὁ
1367 1619 1435 1674 γὰρ
1455 1620 1575 1659 ἑαυτὸν
1598 1621 1768 1660 αἰδεῖσθαι
1789 1622 2022 1674 μεμαθηκώς,
2043 1621 2103 1661 καὶ
2124 1620 2213 1673 μήτε
2231 1622 2266 1660 ἐν
2291 1636 2359 1672 μο·

1304 1679 1407 1718 νώσει
1420 1708 1430 1727 ,
1451 1679 1540 1731 μήτε
1556 1681 1590 1718 ἐν
1607 1680 1788 1734 κοινωνία,
1806 1681 1869 1729 τὴν
1889 1686 1949 1722 τοῦ
1965 1683 2112 1734 αἰσχροῦ
2133 1679 2256 1733 πρᾶξιν
2276 1683 2359 1719 ἀνεκ

1305 1739 1469 1791 χόμενος,
1492 1739 1582 1778 ἀλλὰ
1603 1740 1663 1779 καὶ
1681 1739 1743 1787 τὴν
1771 1740 1967 1793 φαντασίαν
1988 1740 2097 1788 αὖτὴν
2124 1743 2185 1780 τοῦ
2204 1739 2360 1780 τοιούτου

1304 1799 1580 1851 παραιτούμενος
1600 1799 1657 1838 διὰ
1678 1799 1735 1839 τὸν
1756 1799 1839 1839 εἴσω
1858 1800 1998 1853 φύλακα
2017 1798 2132 1852 λόγον,
2151 1793 2249 1843 οὗτός
2263 1801 2354 1839 ἐστιν

1306 1960 1432 1985 secum
1459 1953 1544 1984 ante
1564 1948 1603 1983 in
1625 1948 1705 1996 ipsa
1723 1948 1805 1984 veri
1823 1948 2125 1984 consideratione
2144 1948 2354 1996 agitaverit.

1307 2007 1408 2054 Quid
1423 2007 1539 2057 igitur
1559 2007 1660 2042 hunc
1678 2006 1922 2042 conturbabit
1939 2013 2115 2055 tanquam
2133 2006 2358 2042 insolubile?

1309 2066 1403 2114 quid
1422 2079 1513 2103 vero
1541 2065 1692 2102 firmum
1712 2067 1747 2103 ei
1766 2065 1988 2115 apparebit,
2011 2066 2077 2114 qui
2096 2078 2208 2102 omne
2226 2065 2357 2102 falsum

1307 2125 1384 2172 jam
1401 2125 1702 2176 expugnaverit?
1720 2125 1845 2173 Quare
1869 2137 1949 2161 non
1967 2123 2085 2160 modo
2107 2135 2260 2159 morum
2278 2124 2358 2159 vir-

1310 2197 1389 2226 tute
1423 2189 1729 2226 conturbationis
1755 2200 1888 2237 expers
1911 2187 1982 2224 erit
2004 2187 2063 2223 vir
2080 2186 2271 2235 prudens,
2292 2186 2360 2222 sed

1310 2261 1355 2284 eo
1371 2249 1511 2297 ⁸etiam,
1533 2247 1639 2296 quod
1659 2246 1843 2294 ejusmodi
1864 2246 2069 2282 certamina
2087 2258 2164 2281 non
2183 2245 2360 2281 reformi-

1311 2308 1428 2346 dabit.
1465 2309 1653 2345 Hactenus
1693 2307 1741 2343 de
1773 2306 1952 2355 prudenti
1984 2318 2196 2343 sermonum
2228 2305 2362 2341 distin·

1313 2364 1453 2403 ctione.
1476 2369 1533 2403 De
1548 2366 1683 2403 habitu
1703 2373 1829 2402 autem
1850 2366 1988 2401 erroris
2006 2377 2159 2413 prorsus
2180 2364 2362 2410 immuni,

1312 2427 1377 2474 qui
1409 2427 1447 2462 in
1479 2426 1561 2462 viro
1591 2425 1773 2475 prudenti
1803 2426 1920 2461 inesse
1949 2424 2080 2471 debet,
2113 2424 2238 2461 statim
2269 2423 2362 2460 sub-

1307 2486 1446 2535 jungit.

1694 2598 1804 2635 XIII.
1838 2596 1978 2641 24-26.

1395 2697 1683 2737 ———-Quod
1698 2706 1774 2731 vero
1790 2696 1849 2731 tibi
1868 2697 1970 2730 dicam
1981 2721 1991 2738 ,
2012 2696 2044 2729 in
2059 2695 2145 2729 omni
2160 2696 2285 2736 negotio
2301 2695 2363 2728 ob-

1397 2803 1491 2826 nemo
1506 2794 1538 2826 te
1553 2795 1610 2825 aut
1625 2793 1720 2827 dictis
1733 2794 1788 2826 aut
1803 2792 1895 2825 factis
1909 2792 2069 2833 adducat,
2089 2794 2124 2825 ut
2138 2744 2338 2834 quitsi‘iiiizirtrilr
2351 2767 2360 2776 ι

1395 2845 1451 2875 aut
1466 2842 1560 2874 facias
1573 2842 1629 2874 aut
1641 2841 1745 2883 dicas,
1761 2841 1847 2883 quod
1863 2841 1919 2874 tibi
1933 2850 1995 2874 non
2009 2841 2049 2874 sit
2064 2841 2282 2873 commodum.

1368 2935 1453 2970 Hoc
1493 2939 1726 2981 praeceptum
1762 2931 1812 2968 ad
1847 2932 1976 2967 omnia
2000 2930 2167 2980 pertinet
2198 2937 2235 2966 et
2261 2929 2362 2966 idem

1316 2995 1416 3030 valet
1436 2991 1544 3042 quod
1562 2991 1658 3028 illud
1677 2992 1850 3042 superius
1870 2991 2031 3037 dictum,

1399 3094 1445 3125 Ne
1458 3090 1534 3132 quid
1550 3098 1692 3131 unquam
1707 3093 1799 3129 turpe
1812 3087 1995 3120 committas
2007 3085 2076 3118 sive
2089 3093 2162 3117 cum
2176 3084 2239 3116 alio

1399 3139 1466 3172 sive
1478 3147 1645 3179 seorsum,
1658 3137 1712 3170 sed
1730 3137 1870 3169 maxime
1881 3135 2025 3168 omnium
2040 3141 2147 3166 verere
2161 3131 2320 3173 teipsum

1315 3236 1354 3271 Js
1371 3234 1468 3270 enim
1496 3233 1561 3282 qui
1583 3244 1620 3268 se
1642 3232 1765 3279 ipsum
1784 3228 1905 3265 vereri
1921 3225 2057 3263 didicit
2075 3231 2112 3261 et
2125 3234 2249 3271 neque
2264 3220 2366 3257 solus

1315 3305 1440 3343 neque
1470 3293 1510 3328 in
1535 3292 1712 3328 societate
1741 3297 1852 3337 turpe
1884 3286 1979 3335 quid
2006 3283 2192 3328 admittit,
2214 3280 2279 3317 sed
2304 3280 2364 3315 vel

1316 3355 1434 3403 ipsam
1461 3353 1540 3400 ejus
1570 3352 1625 3388 rei
1657 3349 1923 3399 cogitationem
1943 3358 1986 3383 ac
2015 3344 2177 3393 speciem
2207 3346 2365 3389 propter

1317 3414 1523 3458 rationem,
1544 3412 1730 3447 internam
1752 3406 1971 3454 custodem,
1991 3409 2195 3445 aversatur,
2210 3398 2365 3445 illeipse

1316 3479 1369 3509 est
1387 3474 1451 3522 qui
1470 3485 1569 3508 nunc
1588 3477 1711 3520 potest
1731 3468 1881 3513 audire,
1901 3477 2009 3501 nemo
2026 3471 2060 3498 te
2079 3462 2144 3498 vel
2166 3458 2279 3495 verbo
2304 3456 2369 3491 vel
