2612 3814
993 218 1146 259 SEXTI
1174 219 1365 260 ENCHIR
1375 220 1535 261 lDlON.

239 306 329 345 180.
361 305 455 347 Cole
478 297 692 356 sapientem
721 305 851 344 virum
885 314 1071 358 tanquam
1101 307 1239 358 imagi-

180 377 268 403 nem
296 365 366 403 Dei
385 364 568 404 viventis.

239 424 329 463 181.
361 423 526 475 Sapiens
551 423 615 461 vir
634 423 787 462 etiamsi
822 425 951 464 nudus
983 426 1055 473 sit,
1085 426 1241 478 sapiens

180 483 285 534 apud
305 491 342 521 te
359 482 563 520 habeatur.

239 542 327 582 182.
359 542 560 582 Neminem
577 551 784 595 propterea
798 544 927 595 magni
939 545 1120 594 aestimes,
1137 545 1242 597 quod

181 601 349 653 pecunia
367 601 598 652 divitiisque
618 601 802 644 abundet,

243 661 333 699 183.
366 660 540 699 Difficile
561 670 619 699 est
635 661 798 700 divitem
820 663 979 707 salvari.

241 720 330 764 184.
362 720 560 770 Derogare
594 721 681 759 viro
717 721 884 773 sapienti
916 735 960 760 ac
983 722 1066 761 Deo
1095 721 1243 773 aequale

182 778 317 817 ducito
337 787 551 831 peccatum.

242 837 329 878 185.
359 837 529 876 Verbum
551 841 599 877 de
616 838 697 877 Deo
709 839 874 890 loquens
888 839 1108 893 depositum
1126 848 1162 878 te
1176 853 1246 892 pu-

185 907 264 937 tato
285 898 482 949 accepisse
499 899 649 937 animas
670 899 907 939 auditorum.

245 958 334 998 186.
367 957 482 1004 Quod
511 957 661 997 bonum
697 968 778 1007 est,
800 958 876 998 hoc
904 959 1032 999 solum
1057 968 1093 998 te
1110 959 1248 998 decere

185 1021 292 1070 puta.
314 1016 444 1069 (Conf.
463 1026 560 1057 sent.
577 1017 744 1069 Pythag.
770 1019 826 1070 7.)

244 1077 333 1124 187.
367 1077 452 1127 Age
478 1090 636 1128 magna,
662 1091 741 1115 non
761 1090 902 1129 magna
931 1077 1137 1130 pollicens.
1169 1077 1245 1128 (Cf.

186 1134 409 1187 Demophil.
433 1145 533 1175 sent.
558 1135 635 1188 37.)

247 1196 333 1233 188.
362 1194 449 1235 Non
469 1196 549 1234 eris
579 1196 751 1248 sapiens,
782 1195 816 1234 si
840 1204 883 1234 ·te
912 1196 1156 1248 reputaveris
1188 1209 1248 1234 sa-

186 1262 372 1305 plentem.

249 1316 340 1366 189.
371 1315 458 1354 Non
477 1323 604 1367 potest
618 1315 719 1354 bene
738 1316 893 1363 vivere,
910 1315 979 1366 qui
1002 1328 1081 1354 non
1101 1317 1250 1366 integre

187 1374 326 1414 credit.

248 1445 335 1482 190.
367 1431 414 1469 In
444 1430 792 1481 tribulationibus,
827 1431 916 1484 quis
951 1432 1003 1471 sit
1035 1431 1186 1481 fidelis,
1210 1445 1247 1470 a·

188 1491 402 1542 gnoscitur.

245 1564 335 1601 191.
370 1550 505 1589 Finem
535 1551 627 1590 vitae
660 1551 842 1591 existima
871 1551 1008 1590 vivere
1036 1551 1249 1590 secundum

187 1611 326 1650 Deum.

245 1685 334 1722 192.
360 1669 470 1709 Nihil
495 1679 609 1723 putes
629 1671 774 1709 malum
788 1699 798 1718 ,
822 1670 929 1721 quod
947 1683 1026 1709 non
1049 1671 1100 1709 sit
1121 1679 1250 1724 turpe.

188 1727 261 1782 (Cf.
284 1728 485 1780 Porphyr.
507 1729 556 1767 ad
572 1728 745 1767 Marcell.
763 1741 850 1780 cap.
873 1726 927 1780 9.)

247 1788 335 1838 193.
367 1787 460 1826 Μο11
501 1788 591 1827 finis
626 1787 798 1839 injuria,
825 1786 986 1838 injuriae
1008 1796 1135 1827 autem
1162 1801 1254 1842 per-

187 1847 304 1887 ditio.

248 1911 340 1955 194.
370 1905 457 1945 Non
480 1905 706 1945 dominatur
737 1906 841 1944 mala
873 1905 1028 1945 affectio
1054 1907 1097 1944 in
1125 1915 1253 1946 mente

190 1965 328 2004 fidelis.

247 2023 337 2075 195.
371 2023 510 2063 Omnis
525 2022 627 2061 mala
640 2019 795 2062 affectio
809 2023 930 2061 animi
947 2023 1092 2062 rationi
1104 2033 1161 2063 est
1176 2024 1253 2063 ini-

189 2082 305 2121 mica.
330 2081 401 2134 (Cf.
424 2091 522 2122 sent.
542 2081 661 2133 Pyth.
687 2081 767 2134 30.)

250 2142 340 2192 196.
373 2141 577 2193 Quidquid
611 2141 750 2180 feceris
783 2140 915 2179 animo
954 2142 1055 2179 male
1093 2141 1254 2191 affecto,

189 2200 415 2252 poenitebis.

249 2273 341 2311 197.
374 2260 614 2299 Affectiones
633 2273 765 2312 pravae
786 2259 1065 2310 aegritudinum
1086 2260 1215 2302 initia.

249 2321 338 2370 198.
370 2319 521 2359 Malitia
537 2329 596 2359 est
614 2319 808 2370 aegritudo
827 2320 983 2358 animae.

250 2393 341 2431 199.
374 2379 528 2418 Animae
566 2388 695 2418 autem
733 2392 842 2418 mors
877 2379 1076 2431 injustitia
1108 2389 1146 2418 et
1179 2380 1257 2418 im-

192 2438 330 2491 pietas.

246 2512 339 2538 200.
370 2498 484 2537 Tunc
507 2507 544 2538 te
563 2507 656 2551 puta
682 2498 835 2538 fidelem
850 2527 861 2547 ‚
884 2512 974 2538 cum
1005 2498 1256 2551 passionibus

192 2558 332 2596 animae
353 2558 539 2597 carueris.

249 2631 340 2657 201.
372 2617 567 2656 Omnibus
603 2616 834 2656 hominibus
884 2617 940 2655 ita
978 2625 1111 2667 utere,
1146 2618 1258 2669 quasi

194 2677 416 2715 communis
436 2677 613 2715 omnium
635 2676 867 2728 pose-Deum
888 2685 1058 2716 curator.
1224 2673 1241 2676 ’

251 2748 343 2774 202.
376 2733 454 2780 Qui
471 2733 701 2773 hominibus
722 2733 822 2772 male
838 2734 978 2782 utitur,
997 2747 1039 2773 se
1055 2734 1142 2786 ipso
1159 2734 1259 2773 male

194 2794 331 2833 utitur.

250 2855 341 2892 203.
371 2852 449 2900 Qui
469 2852 571 2891 nihil
595 2852 689 2891 mali
709 2851 813 2900 vult,
834 2851 961 2890 fidelis
978 2861 1050 2892 est.

253 2918 345 2959 204.
376 2913 499 2964 Opta,
522 2921 566 2951 ut
583 2912 683 2951 bene
700 2911 829 2964 possis
851 2911 974 2949 facere
991 2911 1177 2951 inimicis.

254 2972 347 3011 205.
380 2972 474 3011 Sine
494 2973 575 3011 Deo
596 2986 674 3011 000
692 2971 841 3024 poteris
857 2971 994 3009 vivere
1010 2971 1107 3009 Deo.

255 3033 346 3071 206.
378 3031 492 3070 Malis
512 3031 668 3083 ineptus
682 3030 840 3069 videtur
859 3029 923 3068 vir
943 3029 1109 3081 sapiens.

256 3104 349 3139 207.
379 3091 523 3129 Omnia
556 3091 719 3130 sufferto
760 3101 833 3141 pro
868 3101 938 3137 eo,
975 3097 1016 3127 ut
1047 3088 1260 3127 secundum

203 3150 327 3188 Deum
347 3150 475 3189 vivas.

258 3209 348 3248 208.
378 3209 603 3249 Orationem
638 3210 742 3249 Deus
771 3222 852 3248 11011
883 3206 1043 3247 exaudit
1065 3207 1259 3255 hominis,

201 3267 272 3319 qui
292 3280 457 3318 egenum
482 3282 562 3307 non
582 3269 755 3307 exaudit.

259 3340 351 3377 209.
381 3326 581 3379 Sapientia
597 3328 764 3380 sapienti
786 3328 932 3367 donum
952 3340 974 3365 a
994 3327 1090 3367 Deo.

261 3399 355 3424 210.
388 3386 594 3426 1100010115
629 3387 844 3439 sapientem
890 3395 925 3425 te
966 3386 1096 3438 ipsum
1133 3385 1262 3424 11000-

205 3443 321 3484 rabis.
904 3442 914 3446 ⁴

2283 235 2358 269 527

1357 323 1403 347 21
1415 323 1452 348 1.·
1484 309 1653 349 Fidelem
1674 319 1710 348 te
1727 323 1811 349 esse
1829 325 1963 352 nosce.

1357 381 1447 422 212.
1478 369 1576 407 Cum
1598 369 1720 407 filium
1744 378 1779 407 te
1800 371 1887 421 quis
1903 371 1974 409 Dei
1994 372 2113 421 dicit,
2138 384 2332 414 memento
2347 406 2358 424 ,

1305 427 1418 478 cujus
1438 436 1474 466 te
1501 428 1626 480 tilium
1647 427 1768 467 dicat.

1359 488 1448 525 213.
1478 488 1602 526 Deum
1633 496 1783 539 patrem
1818 487 2006 527 invocans
2038 490 2080 528 in
2112 492 2261 531 actibus
2289 493 2364 531 1100

1306 545 1527 586 recordare.

1361 610 1452 649 214.
1484 604 1612 643 Verba
1632 613 1695 643 tua
1713 605 1858 656 pietate
1879 619 2032 658 semper
2051 610 2167 659 plena
2187 612 2279 651 sint.

1361 663 1452 702 215.
1484 662 1527 700 In
1549 662 1699 702 actibus
1721 664 1798 703 tuis
1826 674 1913 704 ante
1943 667 2078 705 oculos
2101 682 2204 720 pone
2223 670 2362 711 Deum.

1362 722 1455 762 216.
1485 721 1599 760 Nefas
1619 731 1700 772 est,
1716 723 1838 761 Deum
1858 732 2007 776 patrem
2032 726 2218 766 invocare
2235 737 2272 766 et
2294 730 2365 767 ali-

1307 781 1403 833 quid
1423 781 1673 820 inhonestum
1694 795 1822 833 agere.

1364 855 1455 889 217.
1485 841 1563 888 Qui
1581 855 1659 880 non
1680 841 1812 893 diligit
1831 843 2041 896 sapientem
2056 874 2067 892 ,
2091 859 2161 884 000
2182 859 2222 885 50
2238 846 2367 898 ipsum

1308 900 1454 951 diligit.

1364 972 1386 996 2
1396 973 1409 995 1
1419 960 1453 997 8.
1484 958 1599 996 Nulla
1610 959 1775 1011 propria
1789 961 1984 1011 possessio
1998 964 2368 1015 putetursapientis.

1364 1031 1455 1067 219.
1488 1017 1664 1063 Quorum
1696 1019 1914 1058 communis
1950 1030 2007 1059 est
2041 1022 2145 1061 Deus
2187 1023 2371 1075 idemque

1309 1076 1518 1127 pater‚.hi‚
1538 1077 1616 1115 nisi
1635 1078 1783 1116 auxilia
1804 1086 1842 1116 et
1860 1092 1975 1130 opem
1994 1079 2034 1117 in
2052 1094 2258 1120 commune
2277 1096 2371 1120 con-

1312 1134 1460 1182 ferunt,
1481 1134 1595 1186 impii
1613 1144 1718 1176 sunt.

1366 1206 1460 1232 220.
1492 1193 1576 1231 Βο0
1598 1193 1775 1244 ingratus
1801 1203 1878 1243 est,
1902 1197 1970 1246 qui
1995 1209 2075 1234 non
2104 1198 2234 1248 magni
2264 1198 2372 1237 ducit

1310 1252 1557 1304 sapientiam.

1368 1325 1460 1351 221.
1493 1310 1730 1363 Conjugium
1753 1312 1825 1351 tibi
1847 1314 2015 1353 refutare
2041 1329 2267 1354 concessum
2288 1326 2369 1365 est,

1312 1370 1476 1410 idcirco·
1490 1380 1534 1409 ut
1555 1374 1667 1411 vivas
1687 1372 1955 1412 indesinenter
1985 1375 2187 1414 adhaerens
2210 1376 2307 1416 Deo.
2330 1377 2372 1416 Si

1313 1439 1439 1469 autem
1465 1439 1650 1482 tanquam
1682 1433 1862 1484 praelium
1883 1433 2010 1471 sciens
2042 1441 2170 1472 tamen
2198 1447 2373 1485 pugnare

1315 1489 1373 1527 v’is
1387 1519 1397 1536 ‚
1420 1497 1458 1527 et
1475 1502 1637 1528 uxorem
1659 1490 1735 1529 duc
1756 1500 1794 1530 et
1815 1492 1918 1531 filios
1938 1505 2115 1544 procrea.

1369 1563 1459 1588 222.
1491 1550 1656 1589 Adulter
1672 1552 1788 1590 estin
1809 1566 1918 1591 suam
1944 1567 2108 1592 uxorem
2140 1553 2269 1592 omnis
2298 1554 2373 1592 im-

1313 1609 1481 1661 pudicus
1496 1609 1559 1647 vel
1581 1618 1730 1649 amator
1749 1611 1964 1652 ardentior.

1370 1669 1461 1708 223.
1492 1667 1597 1706 Nihil
1613 1678 1774 1720 propter
1788 1670 1909 1708 solam
1924 1670 2130 1710 libidinem
2144 1671 2277 1712 facias.
2296 1670 2370 1723 (Cf.

1317 1726 1512 1778 Porphyr.
1534 1727 1583 1765 ad
1603 1728 1775 1766 Marcell.
1795 1742 1879 1781 cap.
1903 1729 1979 1782 35.)

1373 1791 1463 1829 224.
1495 1786 1618 1834 Scito,
1635 1795 1670 1825 te
1688 1787 1905 1826 adulterum
1924 1802 2006 1827 esse
2035 1789 2150 1828 etiam
2178 1790 2211 1828 si
2230 1774 2375 1841 cogites

1315 1843 1364 1882 de
1385 1844 1593 1886 adulterio.
1617 1845 1692 1884 Sed
1718 1856 1756 1885 et
1772 1847 1820 1885 de
1846 1849 1953 1886 omni
1982 1858 2141 1900 peccato
2161 1850 2294 1889 eadem
2324 1851 2376 1889 sit

1318 1902 1389 1941 tibi
1408 1905 1523 1944 ratio.

1373 1965 1467 2004 225.
1500 1965 1672 2004 Fidelem
1708 1974 1744 2004 te
1781 1979 1865 2005 esse
1898 1967 2096 2019 professus
2128 1969 2376 2020 spopondisti

1321 2024 1468 2076 pariter
1485 2038 1563 2063 non
1579 2038 1740 2077 peccare
1756 2026 1849 2064 Deo.

1374 2086 1466 2125 226.
1498 2085 1624 2124 Fideli
1637 2085 1794 2123 mulieri
1812 2085 1968 2123 ornatui
1983 2085 2146 2124 ducatur
2170 2087 2373 2137 pudicitia.

1376 2157 1469 2192 227.
1500 2144 1582 2192 Vir,
1608 2145 1677 2195 qui
1706 2157 1867 2182 uxorem
1898 2144 2075 2191 dimittit,
2104 2146 2308 2196 profitetur
2336 2159 2376 2185 se

1321 2215 1390 2241 nec
1411 2204 1614 2242 mulierem
1635 2215 1782 2254 gerere.

1376 2262 1467 2300 228.
1500 2263 1644 2301 Mulier
1659 2261 1802 2314 pudica
1822 2261 1948 2311 gloria
1963 2261 2041 2300 viri
2063 2271 2130 2301 est.

1375 2336 1468 2372 229.
1503 2322 1775 2360 Reverentiam
1812 2320 1958 2359 habens
1995 2322 2110 2359 uxori
2142 2321 2258 2360 habet
2293 2336 2377 2360 eam

1321 2389 1562 2420 reverentem
1571 2411 1579 2421 .

1374 2441 1465 2480 230.
1498 2439 1689 2479 Fidelium
1708 2439 1934 2491 conjugium
1949 2449 2142 2478 certamen
2160 2439 2275 2478 habet
2286 2454 2378 2478 con-

1320 2500 1506 2539 tinentiae.

1377 2559 1469 2598 231.
1504 2557 1553 2597 Ut
1572 2557 1813 2597 continueris
1834 2567 2008 2597 ventrem
2022 2587 2032 2605 ,
2057 2558 2112 2597 ita
2129 2567 2166 2596 et
2191 2571 2378 2598 venereos

1321 2627 1462 2656 motus.
1489 2617 1614 2668 (Conf.
1637 2616 1801 2668 Pythag.
1826 2617 1957 2656 Carm.
1978 2618 2074 2655 Aur.
2097 2631 2152 2657 vs,
2178 2619 2341 2668 9—10.)

1376 2679 1466 2717 232.
1499 2677 1640 2715 Devita
1656 2677 1873 2715 infidelium
1894 2676 2043 2716 laudes.

1376 2738 1468 2776 233.
1500 2736 1595 2782 Quae
1615 2737 1735 2787 gratis
1753 2736 1898 2788 accipis
1916 2750 1936 2774 a
1954 2737 2036 2775 Deo
2049 2765 2059 2783 ‚
2081 2744 2223 2788 praesta
2243 2738 2376 2786 gratis.

1378 2798 1468 2840 234.
1499 2795 1790 2834 Multitudinem
1831 2795 2004 2834 fidelium
2038 2809 2118 2833 non
2154 2795 2331 2834 invenies
2367 2809 2376 2835 :

1322 2867 1454 2893 rarum
1476 2864 1532 2893 est
1546 2855 1665 2906 enim,
1681 2854 1786 2906 quod
1805 2854 1953 2893 bonum
1971 2863 2039 2893 est.
2059 2854 2183 2907 (Conf.
2197 2854 2376 2894 Juvenal.

1321 2914 1400 2953 Sat.
1425 2913 1543 2962 Xlu,
1565 2927 1622 2954 vs.
1647 2915 1696 2952 26
1719 2915 1814 2965 seq.)

1377 2968 1468 3008 235.
1499 2968 1720 3020 Sapientem
1738 2967 1890 3007 honora
1907 2977 1996 3020 post
2014 2968 2152 3009 Deum·

1379 3028 1470 3066 236.
1505 3028 1603 3066 Cum
1624 3027 1799 3078 argueris
1819 3029 2054 3079 sapientem,
2076 3027 2213 3076 diliget
2234 3035 2281 3065 te.

1379 3088 1470 3135 237.
1500 3086 1579 3132 Qui
1613 3086 1781 3138 sapienti
1818 3100 1896 3125 non
1927 3085 2277 3137 obtemperaverit,
2310 3098 2381 3124 nec

1323 3146 1405 3184 Deo
1424 3145 1725 3198 obtemperabit.

1379 3205 1471 3243 238.
1505 3204 1648 3243 Fidelis
1665 3205 1801 3244 volens
1818 3217 1900 3243 esse
1917 3204 2114 3255 praecipue
2130 3204 2289 3255 quidem
2307 3204 2381 3242 1100

1325 3266 1470 3318 nitere,
1488 3279 1537 3306 ne
1555 3280 1690 3319 pecces
1714 3282 1722 3306 :
1745 3269 1851 3318 quod
1872 3267 1988 3305 etiam
2009 3267 2043 3305 si
2063 3267 2162 3305 forte
2180 3265 2380 3315 acciderit,

1325 3325 1460 3364 saltem
1481 3339 1598 3377 cave,
1619 3339 1668 3365 ne
1687 3326 1850 3365 iteretur
1870 3325 1912 3363 id
1932 3325 2076 3377 ipsum.

1381 3387 1472 3436 239.
1506 3386 1747 3436 Docti-inam,
1772 3399 1858 3437 quae
1890 3398 1970 3423 non
1998 3393 2055 3423 est
2074 3385 2155 3422 Deo
2176 3384 2313 3434 digua,
2335 3397 2384 3423 ne

1325 3443 1444 3483 dicas.
1468 3444 1593 3494 (Conf.
1618 3445 1814 3497 Porphyr.
1839 3445 1886 3483 ad
1909 3444 2078 3485 Marcell.
2102 3457 2183 3495 cap.
2214 3443 2291 3496 15.)
