2612 3814
301 237 379 271 462

294 319 442 373 ματείῳ,
452 321 497 373 τῇ
519 318 644 372 μνήμῃ
660 319 802 372 ἀναγνῷ
818 316 864 357 τὰ
884 318 1135 371 πεπραγμένα,
1155 317 1234 356 τότε
1253 316 1362 370 κρίνει

293 380 379 431 πρὸς
399 379 439 418 τὸ
461 379 690 434 παράδειγμα
712 376 925 417 ἀποὸλέπων
945 377 1004 417 τὸν
1025 377 1143 428 νόμον,
1170 377 1232 416 καὶ
1251 375 1362 430 ψηφί-

292 441 390 485 ζεται
421 442 526 491 τιμῆς
547 437 570 487 ἢ
591 437 736 489 ἀτιμίας
770 438 891 478 ἑαυτὸν
916 437 1025 484 ἀξιον.
1086 436 1130 477 Ἡ
1155 436 1191 475 δὲ
1214 440 1360 483 τοιαύτη

292 498 371 538 καθ’
403 498 539 551 ἡμέραν
575 495 882 552 παρακολούθησις
927 495 1074 540 θεοειδές
1112 496 1258 548 ἄγαλμα
1300 494 1359 533 τὸν

291 558 478 612 χρώμενον
499 558 685 606 ἀποτελεῖ,
706 557 921 610 προσθήκαις
952 556 1013 595 καὶ
1044 554 1251 610 ἀφαιρέσεσι
1273 553 1361 608 πρὸς

292 617 332 657 τὸ
351 621 414 666 τῆς
436 620 565 672 ἀρετῆς
593 619 721 662 κάλλος
741 618 1016 669 παιδαγωγοῧσα
1031 646 1041 664 ,
1064 614 1124 654 καὶ
1144 616 1191 659 ὡς
1220 606 1292 652 οἷόν
1322 629 1359 652 τε

292 677 476 731 ἄνθρωπον
507 677 638 731 ἀγαθὸν
659 678 895 715 ἀποτελοῦσα.
957 676 1019 720 Εἷς
1038 678 1141 714 τοῦτο
1159 672 1228 726 γὰρ
1249 673 1359 712 κατέ-

291 737 394 787 ληξεν
416 741 434 778 ὃ
458 737 583 790 λόγος,
617 737 755 789 μέλλων
789 734 1015 787 μεταδαίνειν
1049 734 1107 774 ἐπὶ
1139 733 1183 773 τὰ
1215 732 1357 773 θεοποιὰ

291 797 591 851 παραγγέλματα.

670 891 759 931 ΧΧ.
793 896 968 929 45—48.

374 992 483 1026 Ταῦτα
497 990 586 1023 πόνει
596 1015 605 1032 ,
619 990 708 1022 ταῦτ’
725 990 876 1031 ἐκμελέτα
886 1014 895 1030 ,
907 989 1030 1022 τούτων
1049 988 1110 1030 χρὴ
1128 987 1200 1031 ἐρᾶν
1216 998 1271 1029 σε,

373 1039 471 1071 ταῦτα
486 1050 523 1071 σε
537 1042 591 1076 τῆς
611 1038 692 1075 θείης
709 1037 818 1079 ἀρετῆς
830 1038 873 1074 εἷς
885 1037 972 1079 ῐχνια
991 1036 1079 1075 θήσει
1094 1044 1102 1052 ·

374 1087 420 1118 ναῑ
438 1087 482 1128 μὰ
501 1086 555 1118 τὸν
573 1086 709 1127 ἁμετέρᾳ
725 1087 813 1127 ψυχᾷ
831 1084 1012 1128 παραδόντα
1026 1083 1207 1127 τετρακτύν,

371 1133 476 1174 παγὰν
494 1133 607 1165 ἀενάου
625 1133 759 1175 φύσεως.
781 1149 821 1156 --

340 1212 454 1251 Ταῦτ’
476 1204 538 1262 ἦν,
562 1209 584 1248 ἃ
603 1210 665 1250 καὶ
686 1212 721 1250 ἐν
743 1210 950 1265 Προοιμίοις
967 1211 1146 1263 ἐλέγομεν,
1174 1209 1229 1250 ὅτι
1247 1213 1270 1259 ἠ
1291 1209 1355 1262 μὲν

287 1269 468 1325 πρακτικὴ
486 1271 673 1324 φιλοσοφία
692 1269 750 1310 διὰ
769 1273 832 1319 τῆς
862 1273 932 1310 τῶν
955 1273 1088 1324 ἀρετῶν
1108 1268 1265 1319 κτήσεως
1291 1270 1353 1310 τὸν

288 1330 470 1383 ἄνθρωπον
490 1331 619 1382 ἀγαθὸν
642 1332 827 1379 ἀποτελεῖ,
851 1333 873 1379 ἡ
896 1330 931 1369 δὲ
953 1329 1149 1384 θεωρητικὴ
1172 1333 1220 1375 εἷς
1236 1330 1354 1382 ὁμοιό-

287 1405 378 1437 τητα
409 1390 503 1429 Θεοῦ
526 1389 739 1439 καθίστησι,
770 1393 832 1428 νοῦ
865 1388 926 1429 καὶ
958 1391 1122 1438 ἀληθείας
1159 1389 1353 1444 ἐλλάμψει·

287 1452 519 1503 προηγεῖσθαι
540 1449 577 1488 δέ
590 1480 602 1501 ,
625 1452 671 1494 ὡς
690 1450 776 1502 πρὸς
798 1453 913 1502 ἡμᾶς,
935 1450 981 1489 τὰ
1002 1451 1173 1489 ἐλάττονα
1193 1452 1262 1489 τῶν
1280 1466 1354 1502 μει-

288 1584 344 1620 ria
375 1584 589 1631 turbamur,
622 1584 733 1621 facile
767 1591 984 1623 excusetur.
1007 1583 1196 1621 Praeterea
1217 1587 1352 1634 quoti-

288 1642 411 1679 dianae
433 1644 516 1680 vitae
537 1643 756 1680 recordatio
778 1642 822 1680 fit
841 1643 1016 1692 quaedam
1039 1645 1147 1693 quasi
1168 1646 1354 1682 exercita-

286 1702 341 1738 tio
368 1703 593 1740 revolvendi
621 1703 824 1740 nobiscum
844 1716 929 1753 quae
953 1705 993 1740 in
1021 1706 1155 1754 priore
1174 1705 1255 1742 vita
1273 1706 1352 1755 egi-

286 1773 394 1810 mus,
433 1769 549 1811 atque
581 1775 628 1799 co
667 1764 791 1809 valet,
816 1770 860 1800 ut
891 1764 1189 1801 immortalitatis
1216 1772 1353 1801 nostrae

285 1833 396 1857 sensu
414 1829 626 1872 tangamur.
647 1825 712 1869 At,
736 1823 846 1872 quod
867 1824 1016 1860 mireris
1029 1853 1038 1870 ,
1068 1837 1188 1873 quum
1204 1837 1352 1874 expen-

285 1881 413 1916 denda
439 1881 580 1918 dixerit
597 1884 768 1931 singula,
791 1895 874 1919 non
893 1883 1114 1934 subjunxit,
1136 1884 1230 1932 quid
1249 1892 1352 1921 recte

286 1939 385 1976 feci?
404 1940 500 1989 quid
532 1953 687 1988 eorum,
719 1955 804 1991 quae
837 1941 922 1979 fleri
957 1951 1135 1993 oportet,
1155 1943 1255 1980 feci?
1284 1944 1353 1981 sed

286 1998 367 2047 ejus
390 2002 447 2036 rei
469 2012 553 2049 quae
577 2014 598 2038 a
616 2001 713 2038 fastu
727 2002 916 2039 remotior
929 2009 983 2039 est
998 2003 1223 2040 memoriam
1242 2016 1354 2054 repe-

287 2059 366 2106 tiit,
393 2058 443 2097 de
463 2059 611 2097 delictis
622 2060 814 2109 judicium
832 2060 993 2108 faciens,
1011 2074 1055 2099 ac
1073 2061 1247 2110 judicem
1261 2075 1353 2099 con-

285 2119 408 2156 stituit
451 2120 711 2168 aequ1ssimum
750 2121 863 2157 simul
914 2129 952 2158 et
985 2121 1320 2160 familiarissimum
1339 2149 1350 2168 ,

286 2179 408 2229 ipsam
449 2182 723 2218 conscientiam
755 2189 794 2218 et
836 2189 980 2219 rectam
1017 2183 1205 2220 rationem
1231 2195 1276 2219 ac
1313 2195 1352 2219 se

287 2239 410 2287 ipsum
430 2240 526 2290 sibi,
548 2252 664 2289 quem
696 2242 870 2278 omnium
901 2243 1066 2280 maxime
1095 2244 1223 2280 vereri
1242 2256 1350 2292 supe·

286 2298 453 2335 rioribus
487 2301 643 2338 monitis
669 2300 879 2339 didicimus
919 2315 928 2339 z
966 2303 1107 2352 ecquid
1136 2303 1239 2340 enim
1272 2311 1350 2350 est,

284 2356 395 2405 cujus
413 2359 510 2396 alius
529 2360 648 2397 alium
673 2361 728 2398 ita
746 2363 865 2410 possit
887 2362 1218 2400 commonefacere
1231 2392 1241 2412 ,
1257 2371 1299 2400 ut
1312 2376 1352 2400 se

287 2418 366 2466 ipse
381 2420 533 2469 potest?
550 2421 731 2459 Liberum
748 2422 851 2459 enim
871 2422 1074 2459 arbitrium
1088 2450 1099 2469 ‚
1115 2431 1261 2460 naturae
1276 2436 1352 2460 suae

287 2477 464 2516 libertate
505 2480 687 2528 abutens,
733 2482 900 2518 aliorum
947 2483 1106 2519 consilia
1143 2490 1351 2530 aversatur,

285 2539 603 2591 quandocunque
637 2543 711 2580 illis
746 2555 826 2579 non
855 2543 950 2580 libet
970 2543 1134 2592 obsequi
1158 2556 1166 2579 :
1191 2551 1230 2579 at
1253 2545 1351 2580 ratio

289 2599 499 2637 domestica
515 2603 728 2639 auscultare
743 2602 818 2639 sibi
833 2603 916 2652 ipsa
934 2615 1087 2640 necesse
1101 2602 1227 2639 habet.
1243 2604 1351 2640 Hanc

287 2658 392 2694 Deus
411 2658 527 2697 nobis
545 2662 743 2709 praesidem
763 2664 988 2711 constituit,
1015 2664 1117 2701 hanc
1150 2664 1288 2701 ducem
1314 2672 1352 2702 et

285 2718 518 2766 magistram.
539 2722 647 2758 Hanc
663 2721 836 2770 judicem
856 2736 1018 2774 quoque
1030 2724 1249 2761 diurnorum
1265 2737 1351 2773 ope-

285 2789 368 2813 rum
401 2790 558 2815 carmen
588 2780 664 2818 hoc
700 2781 790 2819 loco
821 2782 916 2820 facit
943 2782 1102 2833 ejusque
1125 2785 1351 2821 sententiam

288 2844 502 2886 exspectat,
525 2845 568 2875 ut
590 2840 669 2888 ipsa
694 2853 733 2877 se
752 2841 868 2879 laude
886 2843 948 2880 vel
968 2844 1270 2893 reprehensione
1289 2844 1351 2881 di-

285 2908 402 2946 gnam
418 2896 583 2945 judicet.
608 2900 735 2947 Quum
756 2902 859 2938 enim
877 2903 918 2939 in
938 2905 1148 2952 memoria,
1169 2911 1351 2953 tanquam

288 2955 329 2990 in
362 2955 503 2994 tabella
516 2985 527 3006 ,
553 2957 652 2994 facta
675 2971 742 2996 sua
760 2958 855 3010 legit·
868 2990 878 3010 ,
899 2968 979 2999 tum
1004 2963 1213 3013 exemplar,
1235 2962 1277 2999 id
1298 2970 1352 3001 est

287 3013 433 3063 legem,
465 3016 671 3065 respiciens
687 3016 863 3065 judicat,
893 3027 931 3056 et
948 3033 987 3057 se
1019 3022 1081 3058 vel
1106 3022 1258 3059 honore
1288 3021 1350 3059 vel

287 3072 480 3112 dedecore
497 3074 651 3125 dignam
671 3088 749 3114 esse
768 3080 1009 3127 pronuntiat.
1027 3080 1231 3129 Ejusmodi
1254 3094 1349 3119 vero

287 3133 385 3170 ratio
407 3134 581 3183 quotidie
600 3135 803 3174 observata
822 3150 910 3175 eum
931 3140 1000 3188 qui
1027 3141 1091 3177 illa
1109 3142 1233 3178 utitur
1251 3142 1350 3180 ima-

285 3191 415 3240 ginem
448 3195 531 3230 Deo
562 3195 724 3232 similem
757 3195 892 3244 efficit,
912 3198 1093 3237 addendo
1125 3208 1163 3238 et
1195 3202 1349 3239 subtra-

286 3251 415 3290 hendo
432 3254 482 3292 ad
501 3255 652 3293 virtutis
667 3257 996 3306 pulchritudinem
1006 3261 1190 3310 paulatim
1203 3263 1348 3312 perdu-

289 3322 378 3349 cens
412 3320 469 3361 et,
497 3315 630 3364 quoad
665 3315 749 3354 fieri
783 3325 931 3369 potest,
970 3319 1168 3358 hominem
1202 3322 1348 3359 bonum

287 3370 468 3412 reddens.
502 3375 549 3410 In
582 3375 658 3412 hoc
692 3377 795 3413 enim
815 3391 970 3415 carmen
991 3378 1153 3427 desinit,
1182 3381 1231 3419 ad
1252 3394 1349 3431 prae·

286 3439 417 3481 cepta,
451 3447 535 3484 quae
565 3436 740 3474 homines
774 3437 921 3476 faciunt
956 3439 1067 3488 deos,
1094 3439 1173 3488 jam
1211 3444 1349 3479 transi-

286 3497 429 3532 turum.

1038 226 1318 267 fflERoths
1345 224 1767 267 COMMENTARIUS

1423 315 1534 361 ζόνων
1566 314 1600 361 ἐξ
1636 314 1804 367 ἀνάγκης.
1862 313 1968 368 Ῥᾷον
1991 313 2059 368 γὰρ
2089 315 2324 369 ἐπιμετρῆσαι
2343 316 2401 356 τὸν
2423 317 2491 355 ἀν-

1424 374 1597 428 θρώπινον
1631 374 1706 427 βίον
1732 376 1776 427 τῇ
1809 374 2002 428 εὐλογίστῳ
2032 373 2182 428 χρήσει,
2211 378 2272 414 τοῦ
2307 377 2491 421 παντελῶς

1424 438 1640 488 μεταφῦναι·
1662 433 1682 472 ὃ
1700 433 1825 486 γίνοιτ’
1843 433 1885 474 ἂν
1902 433 1959 473 διὰ
1977 436 2040 482 τῆς
2064 434 2149 488 πρὸς
2180 435 2328 489 θεωρίαν
2356 451 2491 476 παντε-

1421 495 1500 539 λοῦς
1518 496 1746 548 ἐπιστροφῆς.
1808 494 1882 535 Καὶ
1911 495 2026 539 ἄλλως
2046 493 2085 533 δὲ
2105 494 2275 535 ἀδύνατον
2308 495 2490 550 ἀθορύὸως

1421 555 1621 603 κτήσασθαι
1651 554 1716 603 τὴν
1749 555 1935 607 ἀλήθειαν,
1955 554 2005 607 μὴ
2039 557 2110 595 τῶν
2141 555 2279 609 ἀλόγων
2305 556 2489 609 δυνάμεων

1420 618 1505 664 ἡμῖν
1521 621 1597 660 ταῖς
1610 617 1751 663 ἠθικαῖς
1766 616 1907 669 ἀρεταῖς
1923 614 2016 654 κατὰ
2032 619 2112 656 νοῦν
2126 616 2365 670 τεταγμένων.
2382 615 2488 665 Μέση

1419 674 1488 727 γὰρ
1508 668 1596 715 οῧσα
1615 677 1637 722 ἡ
1659 674 1785 726 λογικὴ
1805 674 1904 729 ψυχὴ
1923 678 1984 714 νοῦ
2004 675 2066 715 καὶ
2094 676 2258 728 ἀλογίας,
2276 676 2354 716 τότε
2381 675 2488 729 μόνον

1420 734 1695 787 ἀπερισπάστως
1711 734 1856 775 δύναται
1873 735 2029 774 συνεῖναι
2045 737 2095 789 τῷ
2109 737 2179 788 πρὸ
2195 736 2303 783 αὓτῆς
2318 737 2387 790 νῷ,
2403 735 2488 776 ὅταν

1419 794 1560 848 καθαρὰ
1579 795 1752 846 γενομένη
1778 798 1841 843 τῆς
1868 796 1938 833 τῶν
1971 796 2048 846 μετ’
2081 797 2192 845 αὐτὴν
2220 796 2487 850 προσπαθείας,

1418 858 1582 908 καθαρῶς
1613 855 1814 908 ἐφάπτηται
1836 855 1991 894 ἐκείνων.
2049 852 2182 896 Ἔσται
2215 856 2252 896 δὲ
2273 857 2433 910 καθαρά,
2455 859 2486 897 εἰ

1419 914 1529 965 μηδὲν
1544 918 1587 968 τῇ
1606 915 1751 968 ἀλογίᾳ,
1763 915 1852 967 μηδὲ
1870 917 1920 969 τῷ
1937 916 2053 969 θνητῷ
2069 915 2212 967 σώματι
2229 917 2488 971 συνεκφέροιτο,

1417 975 1464 1018 ὡς
1489 974 1580 1022 ἄλλη
1604 974 1641 1014 δὲ
1674 974 1791 1014 ἄλλων
1816 975 2042 1025 ἐπιμελοῖτο,
2064 979 2229 1016 τοσοῦτον
2251 977 2368 1021 αὐτοῖς
2396 977 2489 1017 ἀπο-

1416 1032 1571 1083 νέμουσα
1589 1034 1792 1088 φροντίδος,
1811 1033 1891 1074 ὅσον
1913 1036 1931 1072 ὁ
1951 1035 2040 1080 θεῖος
2057 1034 2193 1073 κελεύει
2212 1034 2340 1086 νόμος,
2353 1033 2487 1087 ἐξάγειν

1417 1093 1540 1132 ἑαυτὸν
1567 1099 1758 1147 πειρᾶσθαι
1780 1094 1830 1146 μὴ
1854 1097 2062 1148 συγχωρῶν,
2083 1093 2175 1132 ἀλλὰ
2202 1094 2404 1146 περιμένειν
2423 1093 2488 1139 ἕως

1417 1153 1459 1191 ἂν
1482 1156 1500 1192 ὁ
1521 1153 1595 1199 θεὸς
1615 1154 1719 1199 αὐτὸς
1739 1154 1902 1208 ἀπολύσῃ
1918 1158 2025 1205 ἡμᾶς.
2082 1156 2210 1201 Διττῆς
2223 1147 2282 1193 οῧν
2300 1156 2428 1208 ἀρετῆς
2442 1157 2487 1208 τῇ

1415 1213 1560 1266 τοιαύτῃ
1593 1216 1693 1268 ψυχῇ
1717 1214 1858 1261 δεήσει·
1877 1215 2062 1261 πολιτικῆς
2094 1214 2158 1264 μὲν
2178 1213 2265 1267 πρὸς
2291 1213 2336 1253 τὰ
2364 1213 2484 1263 κάτω,

1415 1273 1478 1321 τὴν
1515 1275 1661 1328 ἀλογίαν
1691 1275 1905 1322 ταττούσης·
1925 1278 2142 1328 θεωρητικῆς
2161 1273 2198 1314 δὲ
2219 1274 2304 1328 πρὸς
2324 1274 2369 1313 τὰ
2388 1274 2484 1324 ἀνω,
2535 1319 2540 1326 ,

1414 1333 1478 1381 τὴν
1498 1336 1567 1373 τῶν
1595 1334 1805 1387 κρειττόνων
1826 1334 2012 1374 συνουσίαν
2034 1333 2282 1387 προξενούσης.
2341 1333 2430 1374 Τῶν
2449 1333 2487 1374 δὲ

1417 1394 1549 1432 διπλῶν
1577 1393 1710 1433 τούτων
1743 1395 1876 1447 ἀρετῶν
1910 1393 2069 1447 μεθόριον
2091 1393 2266 1447 ἔγκεινται
2285 1394 2316 1433 οἱ
2335 1396 2486 1433 τοιοῦτοι

1415 1451 1551 1505 στίχον
1582 1452 1624 1492 τὸ
1645 1451 1724 1505 μέν,
1752 1457 1864 1492 ταῦτα
1894 1452 2046 1493 πόνει·
2077 1454 2197 1491 ταῦτ’
2223 1453 2485 1504 ἐκμελέτα·

1827 1587 1917 1626 XX.
1949 1585 2079 1631 45-48.

1501 1682 1539 1713 In
1573 1680 1623 1713 his
1654 1679 1712 1713 tibi
1743 1679 1977 1713 elaborandum
2005 1683 2072 1721 est3
2095 1679 2167 1713 liaec
2202 1680 2382 1721 meditare;
2414 1680 2486 1714 lime

1606 1746 1611 1749 -
2196 1726 2360 1770 [amanda
2381 1730 2483 1762 sunt:

1503 1777 1575 1809 haec
1591 1778 1624 1809 te
1643 1777 1675 1809 in
1694 1776 1815 1809 divinae
1832 1775 1961 1809 virtutis
1975 1776 2027 1807 via
2046 1775 2158 1808 sistent
2181 1788 2189 1808 ε

1501 1833 1558 1867 per
1579 1834 1655 1857 eum
1674 1826 1763 1857 certe
1778 1824 1835 1866 qui
1853 1824 1947 1856 nobis
1967 1823 2215 1865 quaternarium
2231 1831 2403 1857 numerum
2417 1826 2484 1857 tra·

2362 1869 2482 1912 idmst,

1503 1920 1624 1952 sontem
1644 1919 1792 1961 perennis
1810 1919 1946 1951 naturae.
1960 1936 2002 1944 —-

1469 2007 1560 2044 Haec
1580 2013 1693 2054 sunt,
1713 2018 1797 2054 quae
1817 2005 1911 2042 etin
1930 2004 2124 2042 Prooemio
2145 2003 2332 2051 diximus,
2354 2004 2482 2054 philo·

1415 2066 1593 2116 sophiam
1616 2066 1780 2102 activam
1802 2066 1991 2102 virtutum
2021 2064 2261 2114 possessione
2292 2064 2483 2101 hominem

1415 2126 1560 2162 bonum
1590 2124 1744 2162 efficere
1760 2153 1770 2171 ‚
1807 2124 2149 2174 contemplativam
2185 2131 2312 2161 autem
2343 2124 2481 2161 mentis

1415 2193 1453 2222 et
1473 2186 1642 2222 veritatis
1674 2185 1819 2221 lumine
1853 2197 1941 2221 cum
1978 2186 2059 2221 Deo
2090 2184 2251 2220 similem
2283 2183 2452 2221 reddere
2464 2193 2478 2234 3

1414 2247 1566 2282 minora
1585 2258 1694 2292 vero,
1712 2244 1820 2293 quod
1835 2244 1885 2281 ad
1904 2257 1976 2281 nos
1990 2245 2150 2290 attinet,
2165 2243 2379 2281 necessario
2399 2255 2478 2280 ma-

1409 2305 1562 2354 joribus
1580 2304 1815 2354 praecedere.
1836 2304 1902 2342 Est
1917 2305 2018 2341 enim
2036 2303 2185 2340 facilius
2200 2304 2322 2341 vitam
2338 2302 2480 2340 huma-

1414 2379 1503 2403 nam
1533 2366 1583 2402 ad
1618 2366 1778 2403 rationis
1815 2377 1992 2402 normam
2028 2363 2234 2414 dirigendo
2284 2364 2480 2411 excolere,

1415 2439 1528 2475 quam
1557 2437 1720 2475 prorsus
1739 2424 1847 2462 aliud
1862 2425 1936 2462 sibi
1953 2425 2152 2476 ingenium
2171 2424 2332 2462 induere
2343 2452 2356 2476 ,
2372 2425 2480 2474 quod

1413 2487 1529 2535 plena
1545 2485 1595 2523 ad
1612 2486 1981 2535 contemplationem
2002 2484 2257 2522 conversione
2281 2482 2362 2524 fiat.
2381 2486 2478 2522 1³1·ae-

1415 2554 1518 2583 terea
1533 2546 1737 2583 veritatem
1753 2545 1958 2594 tranquille
1973 2545 2156 2594 consequi
2167 2557 2248 2581 non
2262 2556 2477 2593 possumus,

1413 2607 1486 2643 nisi
1505 2606 1702 2643 facultates
1721 2613 1860 2642 nostrae
1888 2618 1910 2642 a
1939 2613 2043 2642 recta
2062 2605 2214 2641 ratione
2242 2616 2381 2641 aversae
2402 2605 2480 2642 vir-

1415 2672 1539 2702 tutum
1564 2666 1770 2702 moralium
1795 2677 1871 2714 ope
1903 2665 1953 2702 ad
1974 2672 2142 2702 mentem
2180 2660 2480 2701 accommodam

1413 2732 1487 2763 tur.
1505 2726 1632 2773 Quum
1649 2726 1751 2762 enim
1771 2723 1919 2761 medius
1932 2725 1980 2761 sit
1999 2725 2152 2762 animus
2167 2724 2364 2761 rationalis
2379 2724 2479 2761 inter

1411 2792 1580 2822 mentem
1601 2792 1639 2822 et
1657 2784 1855 2821 facultates
1870 2785 2022 2821 ratione
2037 2791 2210 2821 carentes
2220 2811 2231 2830 ,
2252 2790 2334 2820 tum
2349 2784 2475 2820 solum

1412 2846 1475 2883 ille
1494 2846 1633 2893 menti,
1656 2858 1741 2895 quae
1762 2846 1847 2895 ipso
1864 2845 2041 2894 superior
2055 2851 2133 2890 est,
2154 2844 2235 2881 sine
2256 2843 2336 2880 ullo
2356 2844 2479 2894 impe-

1413 2904 1585 2942 dimento
1597 2911 1727 2954 potest
1742 2903 1939 2941 attendere
1951 2931 1962 2950 ,
1978 2916 2099 2952 quum
2113 2903 2162 2940 ab
2176 2915 2312 2940 eorum
2326 2915 2474 2955 amore,

1413 2978 1496 3015 quae
1530 2966 1614 3016 ipso
1636 2965 1823 3002 inferiora
1859 2971 1970 3009 sunt,
1993 2975 2114 3014 purus
2133 2962 2256 3000 factus
2274 2962 2349 2999 illis
2374 2969 2476 3000 caste

1411 3026 1546 3062 utitur.
1574 3026 1656 3062 Erit
1682 3031 1811 3061 autem
1830 3035 1971 3073 purus,
2001 3023 2032 3059 si
2055 3034 2127 3059 nec
2145 3021 2390 3059 facultatibus
2411 3034 2475 3059 ra-

1412 3087 1516 3123 tione
1540 3085 1691 3132 vacuis,
1713 3097 1785 3121 nec
1809 3083 1964 3120 mortali
1986 3081 2145 3131 corpori
2173 3082 2332 3118 omnino
2362 3082 2474 3119 obse-

1412 3153 1566 3195 quatur,
1587 3144 1655 3182 sed
1670 3172 1681 3193 ,
1703 3151 1746 3181 ut
1762 3144 1857 3180 alius
1870 3172 1880 3192 ,
1899 3143 2066 3179 aliorum
2091 3153 2222 3179 curam
2243 3148 2372 3192 gerat,
2389 3149 2475 3179 tan-
2519 3189 2524 3195 ¹

1412 3212 1494 3241 tum
1516 3205 1591 3241 illis
1617 3216 1718 3241 curae
1750 3201 2001 3252 impendens,
2033 3209 2220 3251 quantum
2248 3201 2381 3239 divina
2413 3202 2475 3240 lex

1409 3264 1606 3314 praecipit,
1623 3276 1708 3313 quae
1725 3269 1770 3299 ut
1795 3262 1880 3311 quis
1899 3262 1976 3298 vim
1995 3262 2068 3298 sibi
2086 3262 2166 3311 ipsc
2192 3262 2335 3299 inferre
2354 3273 2471 3299 cone-

1411 3330 1486 3372 tur,
1508 3337 1590 3361 non
1618 3323 1820 3370 concedit,
1851 3321 1919 3358 sed
1940 3330 2162 3372 exspectare
2186 3321 2314 3370 jubet,
2347 3322 2472 3360 donec

1410 3385 1512 3421 Deus
1526 3384 1607 3435 ipse
1626 3396 1697 3420 nos
1718 3382 1919 3420 dimiserit.
1940 3382 2093 3431 Duplici
2113 3394 2206 3432 ergo
2222 3383 2363 3419 virtute
2376 3380 2474 3430 ejus-

1409 3443 1519 3480 modi
1547 3444 1673 3480 animo
1695 3455 1792 3492 opus
1821 3441 1917 3488 erit,
1951 3442 2054 3478 civili
2080 3441 2131 3478 ad
2158 3442 2361 3489 inferiora,
2385 3453 2470 3490 quae

1410 3510 1517 3553 regat
1543 3502 1740 3540 facultates
1757 3501 1920 3540 rationis
1941 3509 2141 3552 expertes,
2171 3501 2469 3551 contemplativa

2578 3256 2605 3473 &itffl‘fffflnfffllh
2583 3147 2604 3246 *⁷21“‘'³·*⁴³
2587 3034 2605 3125 ''xC-*1922
2592 3009 2612 3024 s,
2603 2966 2605 2968 <
2600 2931 2602 2933 ·
2601 2890 2603 2892 ¹
