2612 3814
336 260 412 295 238

1157 242 1225 283 DE
1254 239 1535 280 ANAleAN
1545 237 1666 277 DRO.

334 352 376 382 ut
389 355 467 380 non
488 338 615 378 minor
632 338 683 378 sit
695 350 811 390 quam
829 344 932 376 terra
945 346 1113 386 eumque
1130 331 1385 385 purissimum
1452 325 1595 366 deinde
1629 324 1821 363 adultiore
1844 332 1955 362 aetate
1973 322 2024 362 ad
2055 322 2270 362 siccitatem
2305 322 2511 364 transiisse

334 413 418 440 esse
437 400 567 450 ignem
588 395 682 450 (ιι).

390 459 495 498 Dicit
516 466 642 496 autem
664 469 712 495 ex
729 464 872 494 aeterna
891 466 1020 492 rerum
1042 449 1203 490 materia
1217 448 1385 487 calorem

332 526 372 556 et
395 517 519 568 frigus
541 515 676 554 mundi
696 513 813 565 liujus
837 511 1029 551 nascentis
1051 519 1226 561 tempore
1243 515 1389 545 secreta

336 589 422 615 esse
442 584 480 615 et
496 574 689 627 quendam
720 581 848 611 ortum
870 571 961 610 inde
983 570 1086 620 ignis
1110 567 1269 618 globum
1299 578 1386 603 cum

333 649 424 675 aere
443 644 586 674 terram
607 634 786 684 cingente
806 641 989 683 tanquam
1008 643 1094 667 cum
1112 628 1255 666 cortice
1270 625 1389 664 arbo-

335 710 417 735 rem
447 694 701 734 circumcirca
720 692 936 738 coaluisse,
968 702 1047 741 quo
1074 687 1243 739 abrupto
1274 693 1389 736 atque

335 756 377 795 in
405 754 593 808 quosdam
617 752 786 791 circulos
807 751 958 789 incluso
978 747 1174 786 exstitisse
1202 745 1322 784 solem
1352 751 1390 781 et

336 817 465 855 lunam
486 823 523 852 et
538 813 666 852 stellas
688 811 782 862 (ια).
801 810 925 847 Ροιϊο
950 817 1093 846 terram
1114 803 1192 858 (13)
1215 804 1323 843 nulla
1347 815 1389 840 re

335 882 584 914 sustentatam
600 872 641 910 in
661 883 750 908 aere
770 868 940 922 pendere
961 867 1178 914 immotam,
1194 863 1287 915 quia
1303 861 1387 915 pari

335 935 461 986 spatio
481 946 503 971 a
527 931 690 981 reliquis
710 929 894 968 omnibus
914 927 1029 966 distet
1055 940 1064 964 ε
1087 925 1173 976 ejus
1192 937 1288 962 vero
1310 923 1388 961 sor-

337 1006 437 1031 mam
456 990 661 1030 rotundam
683 1001 791 1036 esse,
815 988 928 1038 nigro
951 985 1073 1039 lapidi
1099 984 1283 1024 similem.
1310 983 1388 1021 An·

334 1051 510 1090 tecedere
543 1059 670 1088 autem
706 1048 802 1087 solis
834 1046 969 1085 orbem
1002 1054 1148 1098 septem
1181 1052 1219 1082 et
1246 1043 1389 1094 viginti

335 1111 513 1164 partibus
533 1110 657 1156 lunae,
678 1116 795 1159 atque
815 1107 856 1146 in
877 1119 1029 1146 summa
1045 1105 1206 1155 regione
1221 1116 1306 1142 esse
1329 1116 1391 1141 so-

338 1171 436 1218 lem,
470 1170 511 1208 in
551 1169 687 1208 infima
721 1166 980 1206 inerrantium
1016 1165 1216 1204 stellarum
1254 1162 1387 1202 orbes.

333 1229 368 1267 Τ
369 1241 497 1267 erram
517 1228 594 1282 (τί.)
616 1226 788 1279 cylindri
807 1226 970 1265 formam
985 1224 1151 1273 habere,
1170 1224 1225 1262 ita
1245 1232 1287 1262 ut
1303 1222 1390 1274 ejus

333 1288 500 1326 altitudo
521 1287 636 1327 tertia
654 1285 872 1325 latitudinis
895 1298 987 1338 pars
1022 1285 1087 1324 sit.
1112 1283 1217 1321 Mare
1236 1281 1315 1336 (15)
1336 1283 1391 1320 ait

334 1348 454 1398 primi
471 1346 650 1384 humoris
670 1357 754 1384 esse
774 1345 961 1396 reliquias
974 1374 984 1392 ‚
1015 1343 1077 1395 cuj
1085 1357 1129 1382 us
1154 1344 1279 1392 major
1298 1355 1389 1395 pars

334 1406 418 1456 igni
437 1405 649 1452 exsiccata,
669 1404 822 1455 reliqua
840 1404 891 1442 ob
925 1403 1104 1442 ardorem
1127 1401 1387 1441 mutata-sint.

387 1459 522 1498 Prima
539 1458 617 1511 (16)
636 1458 821 1496 animalia
843 1456 1133 1495 Anaximander
1162 1456 1202 1494 in
1225 1456 1389 1494 humore

334 1526 425 1556 nata
458 1530 541 1556 esse
573 1517 727 1564 statuit,
758 1516 970 1554 corticibus
998 1516 1167 1567 spinosis
1194 1514 1385 1562 obducta,

376 1687 442 1730 (11)
456 1687 613 1728 Diogenes
629 1687 771 1720 Laertius
787 1686 842 1719 lib.
871 1688 915 1727 ll,
934 1689 947 1718 1
967 1696 975 1718 ε
998 1687 1095 1727 μέσην
1113 1697 1147 1718 τε
1165 1686 1220 1725 τὴν
1243 1689 1301 1727 γῆν
1321 1689 1387 1718 κεῖ-

332 1736 425 1775 σθαι,
445 1735 571 1776 κέντρου
593 1734 676 1772 τάξιν
704 1734 880 1776 ἐπέχουσαν
893 1759 902 1774 ,
921 1733 1020 1766 οὖσαν
1048 1734 1228 1775 σφαιροειδῆ
1243 1742 1250 1749 ·
1267 1734 1324 1772 τήν
1355 1744 1389 1766 τε

334 1783 465 1822 σελήνην
480 1783 641 1823 ψευδοφαῆ
654 1806 663 1821 ,
681 1782 735 1814 καὶ
759 1782 821 1814 ἀπὸ
843 1781 932 1820 ἡλίου
959 1782 1144 1823 φωτίζεσθαι
1162 1781 1240 1813 ἀλλὰ
1267 1781 1389 1814 καὶτὸν

335 1832 419 1869 ἣλιον
432 1830 491 1862 οὐκ
512 1829 660 1862 ἐλάττονα
674 1832 728 1868 τῆς
747 1832 815 1870 γῆς,
830 1830 884 1861 καὶ
902 1830 1125 1871 καθαρώτατον
1141 1832 1213 1871 πῦρ.

376 1878 441 1920 (12)
455 1877 645 1910 Plutarchus
658 1877 744 1918 apud
761 1877 932 1909 Eusebium
947 1879 1050 1918 Praep.
1066 1879 1187 1916 Evaug.
1200 1877 1225 1916 Ι,
1241 1879 1260 1908 8
1279 1889 1288 1910 z
1304 1877 1390 1915 Φησὶ

332 1925 369 1958 δὲ
389 1926 424 1957 τὸ
441 1925 477 1957 ἐκ
489 1927 545 1956 τοῦ
557 1924 660 1956 ἀϊδίου
680 1923 808 1966 γόνιμον
828 1925 942 1966 θερμοῦ
960 1935 994 1956 τε
1011 1925 1065 1956 καὶ
1081 1925 1204 1965 ψυχροῦ
1228 1927 1238 1964 (
1254 1925 1314 1964 leg.
1333 1935 1389 1966 γο-

333 1971 426 2012 νίμου
445 1970 555 2013 θερμόν
574 1981 608 2003 τε
636 1971 689 2003 καὶ
712 1970 853 2012 ψυχρὸν)
883 1970 966 2002 κατὰ
986 1971 1043 2009 τήν
1074 1972 1193 2012 γένεσιν
1216 1971 1308 2003 τοῦδε
1334 1973 1391 2003 τοῦ

332 2018 457 2060 κόσμου
471 2017 674 2059 ἀποκριθῆναι
688 2017 742 2050 καί
760 2029 831 2051 τινα
848 2017 884 2050 ἐκ
903 2017 1015 2050 τούτου
1031 2019 1142 2060 φλογὸς
1158 2021 1291 2060 σφαῖραν
1309 2029 1391 2060 περι-

334 2068 425 2106 φῦναι
440 2067 486 2106 τῷ
502 2065 571 2106 περὶ
588 2065 644 2103 τήν
666 2068 724 2104 γῆν
744 2065 810 2107 ἀέρι
829 2067 871 2102 ὡς
899 2067 944 2106 τῷ
967 2065 1081 2107 δένδρῳ
1099 2065 1222 2108 φλοιόν·
1240 2065 1277 2105 ἧς
1310 2076 1392 2102 τινος

332 2110 568 2154 ἀπορραγείσης
583 2112 637 2143 καὶ
656 2111 700 2148 εἷς
714 2122 800 2150 τινας
825 2112 1084 2151 ἀποκλεισθείσης
1098 2113 1231 2150 κύκλους
1252 2114 1392 2152 ὑποστῆ-

333 2171 384 2192 ναι
399 2160 453 2192 τὸν
466 2160 553 2198 ἣλιον
567 2159 621 2191 καὶ
634 2159 691 2198 τήν
704 2160 836 2199 σελήνην
853 2161 907 2193 καὶ
922 2161 993 2198 τοὺς
1007 2161 1150 2204 ἀστέρας.

376 2208 441 2250 (13)
456 2207 610 2247 Origenes
628 2207 868 2249 Philosophum.
892 2217 924 2250 p.
945 2208 1040 2241 lled.
1060 2209 1176 2241 Miller.
1190 2218 1199 2240 ε
1211 2209 1267 2247 τὴν
1283 2208 1317 2240 δὲ
1335 2211 1393 2249 γῆν

337 2255 414 2288 εἶναι
438 2254 593 2296 μετέωρον
613 2254 668 2288 ὑπ’
689 2256 811 2293 οὐδενὸς
835 2257 1067 2298 κρατουμένην,
1095 2257 1250 2298 μένουσαν
1266 2256 1317 2288 διὰ
1337 2256 1393 2294 τὴν

333 2302 444 2344 ὁμοίαν
463 2301 591 2335 πάντων
607 2302 797 2336 ἀπόστασιν.
816 2304 859 2336 Τὸ
879 2304 912 2336 δὲ
923 2307 1036 2345 σχῆμα
1052 2304 1148 2343 αὐτῆς
1173 2304 1266 2345 ὑγρὸν
1283 2313 1393 2343 στρογ-

335 2350 426 2391 γύλον
448 2349 529 2391 χιόνι
552 2349 642 2391 (lege
657 2350 693 2382 τὸ
720 2351 752 2383 δὲ
772 2354 884 2393 σχῆμα
910 2351 1005 2390 αὐτῆς
1033 2350 1184 2393 ὑπάρχειν
1204 2349 1392 2391 στρογγύλον

336 2398 464 2439 μέλανι)
487 2397 563 2438 λίθῳ
582 2398 941 2439 παραπλήσιον....εἷναι
958 2398 992 2430 δὲ
1010 2399 1064 2430 τὸν
1083 2398 1198 2430 κύκλον
1222 2400 1280 2429 τοῦ
1303 2395 1393 2434 ἡλίου

334 2444 727 2477 ἑπτακαιεικοσιπλασίονα
742 2449 796 2484 τῆς
826 2446 956 2485 σελήνης
968 2470 978 2486 ,
997 2446 1051 2477 καὶ
1069 2444 1221 2478 ἀνωτάτω
1240 2445 1296 2486 μὲν
1313 2443 1393 2476 εἶναι

303 2534 307 2538 .
335 2490 388 2523 τὸν
401 2491 487 2530 ἥλιον
496 2515 505 2532 ,
527 2491 700 2524 κατωτάτω
711 2493 744 2526 δὲ
759 2493 828 2531 τοὺς
841 2497 905 2526 τῶν
920 2494 1067 2526 ἀπλανῶν
1081 2493 1221 2534 ἀστέρων
1246 2492 1392 2528 κύκλους.

380 2538 447 2579 (14)
466 2539 657 2572 Plutarchus
675 2549 727 2582 ap.
742 2541 860 2574 Euseb.
876 2543 979 2583 Praep.
999 2543 1059 2574 Ev.
1076 2543 1099 2580 l,
1115 2546 1133 2574 8
1153 2540 1345 2582 εὛπάρχειν
1361 2538 1397 2571 δέ

337 2596 412 2626 φησι
433 2588 479 2627 τῷ
500 2586 554 2628 μὲν
570 2588 710 2630 σχήματι
728 2589 786 2628 τὴν
805 2593 863 2630 γῆν
879 2590 1091 2631 κυλινδροειδῆ
1104 2614 1113 2629 ,
1128 2589 1211 2632 ἔχειν
1228 2589 1262 2621 δὲ
1280 2591 1393 2621 τοσοῦ-

339 2642 393 2664 τον
413 2631 505 2674 βάθος
518 2656 528 2674 ,
546 2633 620 2666 ὅσον
636 2635 674 2667 ἀν
698 2635 747 2674 ε’ίη
766 2636 866 2678 τρίτον
879 2638 954 2679 πρὸς
968 2638 1003 2670 τὸ
1014 2636 1140 2674 πλάτος.

381 2679 448 2719 (15)
464 2679 654 2714 Plutarchus
665 2682 705 2714 de
719 2683 806 2715 Plac.
822 2684 899 2725 phil.
919 2684 974 2716 lib.
994 2686 1054 2725 Ill,
1077 2688 1112 2717 16
1131 2693 1140 2716 :
1157 2682 1392 2726 Ἀναξίμανδρος

344 2727 395 2764 τήν
415 2725 575 2759 θάλασσάν
587 2739 678 2769 φησιν
692 2730 770 2762 εἶναι
785 2735 840 2770 τῆς
857 2732 980 2774 πρώτης
996 2732 1148 2774 ὑγρασίας
1166 2730 1314 2773 λείψανον
1326 2755 1335 2770 ,
1353 2731 1390 2771 ἧς

339 2773 375 2805 τὸ
399 2774 454 2814 μὲν
474 2774 579 2806 πλεῖον
599 2777 688 2818 μέρος
709 2777 874 2820 ἀνεξήρανε
887 2780 923 2812 τὸ
949 2783 1021 2822 πῦρ,
1041 2780 1078 2812 τὸ
1095 2780 1128 2811 δὲ
1145 2778 1327 2819 ὑπολειφθὲν
1343 2778 1395 2811 διὰ

338 2821 395 2859 τήν
411 2821 561 2854 ἔκκαυσιν
572 2824 754 2864 μετέῧαλεν.
778 2826 828 2859 ld.
854 2826 914 2860 lib.
940 2829 983 2868 11,
1006 2831 1045 2860 25
1065 2826 1322 2868 ῑἏναξίμανδρθς
1337 2826 1394 2858 κύ·

337 2865 412 2898 Ἅλον
426 2866 504 2898 Εἶναι
520 2866 589 2906 (τὴν
602 2869 749 2909 σελήνην)
760 2871 1134 2906 ἐννεακαιδεκαπλασίονα
1143 2877 1196 2910 τῆς
1206 2875 1275 2913 γῆς,
1289 2873 1395 2915 ὥσπερ

339 2913 392 2944 τὸν
409 2916 465 2944 τοῦ
481 2913 569 2951 ἡλίου
585 2915 685 2957 πλήρη
699 2917 793 2958 πυρός
803 2927 810 2934 ·
829 2919 980 2951 ἐκλείπειν
994 2920 1026 2952 δὲ
1040 2919 1123 2951 κατὰ
1141 2920 1196 2955 τὰς
1209 2919 1396 2960 ἐπιστροφὰς

339 2963 395 2991 τοῦ
414 2963 529 3002 τροχοῦ
541 2970 549 2978 ·
567 2961 676 3003 ὅμοιον
689 2964 749 3006 γὰρ
764 2965 842 2997 εἶναι
863 2967 1022 3009 ἁρματείῳ
1037 2970 1141 3009 τροχῷ
1170 2966 1277 3003 κοίλην
1292 2966 1395 3008 ἔχοντι

338 3006 395 3044 τὴν
423 3007 522 3048 ἁψῖδα
538 3033 548 3048 ,
569 3009 623 3040 καὶ
651 3011 752 3052 πλήρη
771 3012 886 3053 πυρός,
908 3014 1011 3056 ἔχοντι
1041 3014 1115 3056 μίαν
1153 3009 1298 3053 ἐκπνοήν.
1320 3016 1393 3047 Sto·

340 3053 429 3107 baeus
448 3055 516 3088 Ecl.
542 3057 556 3088 1
582 3065 613 3097 p.
642 3062 702 3090 510
730 3068 738 3090 :
761 3057 986 3102 Ἀναξίμανδρος
1009 3062 1100 3103 (τοὺς
1128 3062 1259 3103 ἀστέρας
1287 3062 1392 3104 εἶναι)

338 3100 499 3156 πιληματα
513 3102 602 3144 ἀέρος
622 3106 785 3147 τροχοειδῆ
795 3131 804 3146 ,
819 3108 914 3149 πυρὸς
928 3109 1046 3151 ἔμπλεα
1059 3135 1068 3151 ,
1085 3109 1168 3142 κατά
1179 3119 1208 3141 τι
1229 3109 1319 3150 μέρος
1332 3110 1395 3143 ἀπὸ

338 3157 479 3187 στομιων
507 3148 678 3182 ἐκπνέοντα
703 3152 829 3194 φλόγας.
850 3156 898 3186 De
914 3156 982 3188 sole
1003 3156 1046 3189 cl’.
1074 3155 1189 3189 Achill.
1212 3157 1284 3188 Tat.
1312 3158 1394 3199 Isag.

340 3196 432 3251 Arat.¹
455 3198 490 3227 19
511 3205 542 3237 p.
569 3200 627 3231 138
641 3199 693 3231 ed.
710 3202 817 3233 Petav.
831 3203 951 3235 Totum
963 3203 1084 3236 coelum
1099 3202 1313 3237 contendebat
1325 3214 1395 3239 esse

339 3252 455 3279 πτηνον
475 3244 568 3285 πυρὸς
589 3246 779 3288 μετέχοντα,
797 3248 840 3281 id.
858 3249 902 3282 ib.
927 3254 957 3289 5,
975 3261 1010 3292 ι).
1034 3254 1103 3284 128.

346 3335 353 3343 ’
383 3290 448 3329 (16)
473 3290 667 3325 Plutarchus
687 3294 726 3327 de
740 3295 826 3328 Plac.
844 3297 989 3338 phil.lib.
1007 3300 1056 3339 V,
1074 3302 1111 3332 19
1133 3309 1140 3328 =
1162 3299 1395 3344 Ἀναξίμανδρος

342 3345 373 3397 εν
410 3337 495 3379 ὑγρῷ
517 3340 700 3379 γεννηθῆναι
737 3342 778 3375 τὰ
806 3348 917 3386 πρῶτα
942 3347 1025 3387 ζῷα,
1046 3347 1161 3388 φλοιοῖς
1189 3349 1396 3392 περιεχόμενα

339 3389 553 3442 ακανθώδεσι·
577 3393 806 3434 προὸαινούσης
819 3397 852 3429 δὲ
868 3401 922 3437 τῆς
947 3399 1069 3436 ἡλικίας
1094 3400 1274 3434 ἀποὸαίνειν
1289 3404 1338 3435 ἐπὶ
1358 3404 1394 3436 τὸ

339 3434 516 3479 ξηροτεροψ
540 3440 593 3471 καὶ
619 3440 901 3485 περιρρηγνυμένου
919 3447 978 3477 τοῦ
992 3446 1116 3488 φλοιοῦ,
1134 3447 1183 3480 ἐπ’
1200 3448 1304 3491 ὀλίγον
1322 3451 1391 3493 yps-

340 3492 391 3513 νον
409 3486 610 3524 μεταῧιῶναι.
1334 3484 1343 3492 “

1452 395 1648 439 ruptoque
1684 384 1832 424 cortice
1861 397 1941 422 non
1969 382 2135 422 multum
2164 382 2354 434 temporis
2379 391 2514 435 postea

1453 446 1618 485 vixisse.
1641 443 1739 490 Quae
1755 456 1878 496 quum
1895 443 1950 482 ita
1973 443 2076 491 sint,
2099 442 2217 481 initio
2234 443 2310 492 (17)
2332 441 2513 483 homines
2575 433 2585 476 's

1450 518 1498 543 ex
1519 504 1619 542 alius
1640 503 1775 541 sormae
1792 501 2031 542 animalibus
2048 510 2160 541 natos
2180 514 2265 541 esse
2285 512 2484 542 asseverat
2497 532 2508 552 ‚
2572 522 2574 525 ·

1451 572 1659 616 propterea
1676 561 1782 613 quod
1800 562 1955 613 reliqua
1974 562 2162 602 animalia
2182 575 2254 615 per
2275 574 2318 600 se
2339 561 2419 601 cito
2437 575 2508 615 pa-

1450 632 1623 670 scantur,
1641 622 1747 661 solus
1761 630 1888 660 autem
1907 621 2027 661 homo
2041 622 2230 662 diuturna
2249 621 2522 677 nutricatione}
2536 674 2545 682 ι
2582 619 2583 623 ’

1451 682 1638 732 indigeat.
1659 679 1924 727 Quamobrem
1945 680 2147 734 principio
2163 694 2294 721 rerum
2310 681 2426 720 talem
2442 695 2514 722 na·
2552 676 2556 683 '
2577 704 2580 711 ·

1451 750 1577 780 turam
1602 753 1804 792 nunquam
1839 741 2016 792 potuisse
2050 741 2174 780 vitam
2210 742 2378 781 tolerare
2402 749 2513 783 ratus

1451 801 1631 840 homines
1651 801 1693 839 in
1713 799 1892 853 piscibus
1917 801 2074 840 innatos
2094 813 2179 840 esse
2206 801 2384 842 decrevit
2409 799 2513 856 (ιδ),

1451 873 1652 912 quumque
1681 859 1909 911 squalorum
1929 860 1992 898 vel
2023 859 2264 900 balaenarum
2293 861 2338 900 in
2363 875 2512 902 morem
2581 851 2587 882 ²¹

1451 921 1590 959 nutriti
1611 929 1739 958 essent
1758 928 1796 958 et
1811 919 1894 971 jam
1910 919 1959 958 ad
1980 932 2064 959 sese
2086 920 2254 960 tuendos
2279 921 2374 960 satis
2392 921 2513 963 habe-

1452 989 1541 1018 rent
1555 979 1700 1018 virium
1713 1008 1723 1027 ‚
1747 978 1892 1030 ejectos
1913 987 2056 1018 terram
2078 992 2305 1032 occupasse.
2329 979 2512 1032 Ejilsdem

1457 1039 1595 1091 opinio
1627 1046 1686 1076 est
1716 1038 1872 1076 nativos
1894 1050 1979 1077 esse
2004 1037 2119 1088 deos,
2146 1039 2274 1089 longis
2293 1039 2515 1081 intervallis

1453 1099 1625 1137 orientes
1666 1097 1969 1148 occidentesque
1981 1127 1992 1147 ,
2029 1111 2175 1151 eosque
2204 1098 2515 1142 innumerabiles

1451 1171 1534 1197 esse
1551 1157 1718 1196 mundos
1732 1156 1829 1210 (19).
1843 1157 1942 1196 Sunt
1955 1158 2071 1197 etiam
2083 1159 2153 1210 qui
2172 1171 2261 1197 eum
2276 1158 2407 1199 sidera
2419 1159 2515 1201 deos

1452 1218 1628 1257 coelestes
1640 1226 1796 1270 putasse
1806 1218 2098 1273 testentur(2o).
2110 1218 2269 1258 Primus
2279 1226 2408 1258 autem
2421 1233 2514 1271 gno-
2573 1247 2575 1251 «

1453 1290 1605 1316 monem
1624 1277 1778 1315 invenit
1787 1277 1823 1329 (α
1833 1278 1865 1329 1)
1878 1290 2047 1330 eumque
2058 1277 2337 1318 Lacedaemone
2349 1279 2391 1318 in
2407 1279 2492 1320 sola
2501 1303 2516 1311 -

1453 1338 1524 1376 riis
1556 1337 1711 1388 statuit,
1743 1346 1787 1375 ut
1811 1337 1980 1376 solstitia
2004 1346 2043 1377 et
2075 1338 2312 1390 aequinoctia
2347 1347 2514 1380 notaret.
2571 1343 2574 1360 ³

1454 1398 1560 1436 ldem
1580 1397 1819 1450 horoscopia
1847 1397 2059 1437 fabricatus
2080 1406 2139 1437 est
2166 1412 2212 1437 ac
2231 1407 2345 1438 terrae
2368 1399 2514 1440 maris-

1453 1471 1528 1509 que
1548 1458 1758 1496 circuitum
1786 1458 2009 1510 descripsit,
2031 1458 2138 1510 quod
2159 1471 2276 1497 nemo
2291 1468 2380 1498 ante
2399 1459 2513 1499 istam
2570 1493 2575 1499 ,

1452 1524 1602 1554 aetatem
1624 1516 1792 1554 traditur
1805 1517 1958 1557 fecisse.
1974 1516 2125 1556 Etenim
2144 1517 2286 1557 Strabo
2305 1519 2385 1571 (22)
2404 1519 2522 1559 testi·‘
2570 1511 2576 1532 ³

1492 1686 1559 1728 (17)
1573 1686 1767 1720 Plutarchus
1782 1687 1868 1728 apud
1885 1686 2061 1720 Eusebium
2078 1689 2186 1730 Proep.
2202 1690 2325 1730 Evang.
2337 1691 2366 1728 1,
2383 1692 2403 1722 8
2420 1698 2430 1719 τ
2445 1690 2517 1724 Ἔτι
2572 1695 2574 1698 ’

1453 1735 1545 1774 φησὶν
1562 1734 1595 1776 [ὁ
1610 1733 1867 1776 Ἀναξίμανδρος]
1883 1736 1930 1767 ὅτι
1947 1735 2020 1768 κατ’
2036 1735 2134 1777 ἀρχὰς
2154 1736 2186 1774 ἐξ
2209 1736 2378 1770 ἀλλοειδῶν
2393 1738 2484 1780 ζῴων
2498 1739 2519 1772 ὁ
2577 1715 2583 1747 ’Ἰ

1453 1783 1613 1825 ἄνθρωπος
1628 1784 1756 1825 ἐγενήθη
1769 1808 1778 1824 ,
1794 1784 1830 1815 ἐκ
1851 1787 1907 1816 τοῦ
1935 1785 1975 1816 τά
1999 1784 2055 1826 μὲν
2071 1785 2151 1816 ἄλλα
2171 1785 2211 1817 δι’
2224 1785 2346 1818 ἑαυτῶν
2369 1787 2452 1829 ταχὺ
2463 1787 2516 1820 vi·
2530 1827 2533 1830 Ι

1456 1832 1568 1871 μεσθαι
1582 1854 1591 1870 ,
1613 1831 1707 1871 μόνον
1721 1830 1755 1862 δὲ
1775 1830 1828 1862 τὸν
1840 1830 2006 1872 ἄνθρωπον
2025 1831 2234 1874 πολυχρονίου
2251 1833 2371 1866 δεῖσθαι
2388 1835 2516 1875 τιθηνὴ·
2579 1832 2581 1834 ’

1453 1889 1534 1915 σεως
1547 1887 1555 1894 ·
1575 1878 1622 1911 διὸ
1643 1879 1697 1910 καὶ
1714 1877 1785 1910 κατ’
1804 1878 1904 1920 ἀρχὰς
1924 1879 1983 1911 οὐκ
2007 1879 2046 1911 ἄν
2068 1891 2146 1912 ποτε
2177 1883 2320 1914 τοιοῦτον
2346 1881 2423 1915 ὄντα
2447 1883 2517 1916 δια·
2571 1880 2586 1903 3

1453 1927 1777 2016 magidi-‘lutarchus
1793 1972 1963 2006 Convival.
1982 1973 2111 2014 Disput.
2139 1973 2194 2007 lib.
2216 1976 2308 2016 vni,
2329 1978 2362 2016 8,
2383 1978 2402 2010 4
2419 1987 2431 2011 ε
2451 1967 2518 2020 (Ὅ
2572 1994 2574 2002 ι

1454 2021 1709 2064 Ἀναξίμανδρος)
1729 2022 1761 2054 ἐν
1786 2022 1911 2064 ἰχθύσιν
1937 2022 2116 2062 ἐγγενέσθαι
2132 2023 2170 2055 τὸ
2192 2027 2315 2066 πρῶτον
2337 2024 2519 2067 ἀνθρώπους
2580 2019 2582 2022 ’

1453 2068 1659 2111 ἀποφαίνεται
1676 2069 1730 2101 καὶ
1751 2069 1919 2111 τραφέντας
1939 2070 2048 2111 ὥσπερ
2077 2071 2107 2102 οἱ
2133 2069 2284 2110 παλαιοί,
2303 2071 2385 2112 (leg.
2409 2073 2518 2116 ὥσπερ

1454 2117 1526 2155 τοὺς
1539 2117 1692 2156 πηλαίους
1707 2116 1757 2148 vel
1785 2117 1893 2158 ὥσπερ
1909 2116 1965 2154 τὰς
1985 2117 2156 2159 φαλαίνας)
2176 2119 2231 2151 καὶ
2247 2120 2432 2161 γενομένους
2448 2121 2520 2153 im·
2567 2131 2574 2139 ··

1453 2165 1524 2202 νοὺς
1541 2166 1663 2201 ἑαυτοῖς
1679 2165 1803 2206 βοηθεῖν
1823 2165 2010 2202 ἐκὸληθῆναι
2023 2169 2197 2204 τηνικαῦτα
2211 2167 2266 2197 καὶ
2283 2170 2342 2206 γῆς
2354 2167 2519 2200 musicem.

1455 2211 1608 2250 Origenes
1628 2211 1877 2251 Philosophum.
1892 2219 1963 2251 pag.
1983 2214 2016 2243 11
2038 2212 2092 2243 ed.
2115 2211 2231 2244 Miller.
2249 2224 2257 2245 z
2276 2213 2317 2244 τὰ
2332 2213 2367 2245 δὲ
2381 2216 2449 2256 ζῷα
2466 2216 2521 2256 γε,
2574 2203 2577 2238 s
2610 2244 2612 2246 .

1454 2260 1580 2298 γνεσθαι
1595 2258 1818 2300 ἐξατμιζόμενα
1836 2258 1898 2290 ὑπὸ
1915 2261 1971 2290 τοῦ
1984 2257 2093 2297 ἡλίου·
2107 2259 2162 2292 τὸν
2181 2260 2215 2292 δὲ
2239 2260 2404 2303 ἄνθρωπον
2422 2264 2519 2305 ἑτέρῳ
2575 2299 2578 2302 ,
2603 2284 2607 2286 -

1455 2307 1529 2348 ζῴῳ
1544 2307 1725 2348 γεγονέναι,
1744 2305 1906 2338 τουτέστιν
1920 2306 2005 2347 ἰχθύῑ
2024 2307 2244 2347 παραπλήσιον
2266 2309 2338 2341 κατ’
2354 2310 2466 2352 ἀρχάς.
2567 2316 2585 2349 J
2602 2318 2607 2346 ζ

1499 2354 1565 2395 (19)
1587 2354 1700 2386 Cicero
1715 2353 1755 2385 de
1776 2355 1850 2387 Nat.
1867 2355 1963 2386 Deor.
1985 2356 2013 2394 1,
2044 2359 2102 2395 1ος
2130 2355 2208 2387 item
2241 2356 2390 2389 Stobaeus
2407 2360 2518 2399 Ιίνιιις.
2577 2364 2583 2372 ”

1456 2402 1550 2443 Phys.
1567 2403 1593 2442 Ι,
1615 2411 1686 2442 cap.
1705 2406 1736 2440 2,
1750 2405 1788 2434 28
1807 2406 1886 2433 tom.
1909 2404 1921 2434 1
1945 2411 1976 2442 p.
1995 2406 2032 2434 21
2059 2402 2111 2434 ed.
2135 2403 2238 2436 Gaisl.
2258 2412 2266 2434 :
2285 2405 2519 2446 Ἀναξί,ια-.ὀρος
2571 2432 2576 2439 .
2599 2385 2607 2406 Ἀ

1457 2448 1638 2488 ἀπεφήνατο
1655 2448 1726 2485 τοὺς
1744 2448 1890 2489 ἀπείρους
1905 2449 2054 2490 οὐρανοὺς
2072 2449 2171 2487 θεούς.
2556 2481 2560 2486 ,

1499 2496 1565 2538 (20)
1579 2496 1771 2528 Plutarchus
1781 2496 1821 2528 de
1837 2496 1924 2528 Plac.
1938 2496 2015 2538 phil.
2032 2496 2088 2529 lib.
2103 2498 2132 2530 1.
2146 2499 2164 2530 7
2179 2504 2188 2526 2
2202 2495 2436 2541 Ἀναξίμανδρος
2444 2499 2520 2535 τοὺς

1456 2544 1589 2586 ἀστέρας
1609 2543 1772 2585 οὐρανίους
1793 2543 1892 2580 θεούς.
2570 2544 2572 2549 ’
2607 2543 2609 2545 ’

1500 2591 1564 2633 (21)
1576 2591 1736 2632 Diogenes
1750 2592 1895 2624 Laertius
1907 2592 1953 2630 11,
1974 2594 2026 2623 1-2
2041 2600 2050 2623 :
2065 2591 2144 2634 Εὗρε
2156 2592 2190 2625 δὲ
2202 2594 2255 2626 καὶ
2270 2594 2419 2635 γνώμονα
2432 2593 2521 2637 πρῶ·
2568 2578 2575 2623 V,
2598 2611 2609 2625 κ-

1456 2650 1508 2676 τος
1524 2639 1579 2671 καὶ
1605 2639 1738 2676 ἔστησεν
1767 2639 1818 2671 ἐπὶ
1837 2642 1900 2671 τῶν
1931 2639 2109 2680 σκιοθήρων
2130 2639 2161 2671 ἐν
2178 2639 2393 2681 Λακεδαίμονι
2406 2663 2416 2678 ,
2438 2641 2521 2675 καθὰ

1457 2699 1532 2729 φησι
1552 2687 1739 2730 Φαὸωρῐνος
1753 2687 1786 2719 ἐν
1799 2687 1986 2728 παντοδαπῇ
2001 2687 2125 2729 ἱστορίᾳ
2134 2711 2144 2727 ,
2161 2687 2276 2730 τροπάς
2289 2699 2324 2721 τε
2335 2690 2390 2721 καὶ
2411 2689 2521 2731 lemuz-
2568 2690 2571 2714 ἶ

1460 2736 1527 2778 ρίας
1543 2736 1757 2777 σημαίνοντα,
1773 2736 1828 2767 καὶ
1846 2734 2032 2776 ὡροσκόπια
2050 2735 2278 2768 κατεσκεύασε.
2299 2737 2355 2768 καὶ
2379 2740 2437 2776 γῆς
2465 2738 2522 2770 καὶ
2579 2750 2582 2768 1
2600 2735 2602 2745 ²

1459 2783 1620 2822 θαλάσσης
1633 2783 1815 2825 περίμετρον
1834 2787 1958 2825 πρῶτος
1975 2783 2119 2824 ἔγραψεν.
2137 2783 2216 2815 ἀλλὰ
2243 2780 2450 2826 καῗσφαῖραν
2462 2795 2521 2817 κα·

1455 2831 1641 2864 τεσκεύασε.
1665 2832 1735 2863 Hoc
1748 2831 1918 2862 inventum
1935 2830 2118 2871 Babyloniis
2133 2831 2245 2864 tribuit
2258 2832 2442 2864 Herodotus
2461 2832 2519 2866 lib.
2573 2827 2583 2872 ζ’

1457 2879 1501 2918 11,
1521 2882 1579 2912 109
1598 2891 1607 2911 z
1625 2878 1730 2911 Πόλον
1753 2878 1809 2919 μὲν
1827 2878 1887 2919 γὰρ
1906 2878 1959 2909 καὶ
1972 2878 2123 2919 γνώμονα
2143 2878 2251 2910 καὶτὰ
2266 2879 2411 2912 δυώδεκα
2427 2882 2523 2922 μέρεα

1456 2930 1511 2966 τῆς
1526 2927 1641 2968 ἡμέρης
1655 2927 1741 2968 παρὰ
1754 2925 1965 2958 Βαῧυλωνίων
1977 2926 2091 2967 ἔμαθον
2102 2928 2132 2959 οἱ
2147 2926 2308 2965 Ἕλληνες.
2325 2929 2388 2960 Pro
2404 2929 2524 2961 Anaxi·
2562 2936 2583 2951 ²*
2603 2918 2612 2957 Ᾰ

1457 2975 1594 3007 mandro
1610 2975 1662 3006 cui
1676 2973 1783 3006 Graeci
1800 2973 2008 3014 gnomonices
2031 2973 2247 3014 cognitionem
2263 2974 2383 3009 debent
2399 2971 2522 3010 Anaxi·-
2566 2980 2571 3006 .’
2605 2969 2612 3011 2}

1457 3031 1584 3055 menem
1602 3021 1750 3054 nominat
1776 3020 1898 3054 Plinius
1913 3021 1997 3054 Hist.
2021 3025 2088 3053 nat.
2109 3021 2166 3053 lib.
2192 3023 2236 3061 ll,
2254 3024 2296 3054 76
2315 3021 2367 3055 his
2388 3022 2496 3056 verbis
2509 3035 2520 3056 z
2567 3055 2569 3058 ,
2606 3015 2612 3042 s

1459 3083 1474 3098 «
1493 3069 1691 3102 Umbrarum
1711 3069 1795 3101 banc
1818 3069 1977 3101 rationem
1995 3070 2028 3101 et
2049 3077 2149 3110 quam
2174 3071 2292 3102 vocant
2307 3070 2524 3110 gnomonicen
2566 3067 2576 3102 ζ’

1457 3117 1581 3150 invenit
1602 3117 1819 3150 Anaximenes
1838 3116 2002 3156 Milesius,
2020 3116 2252 3150 Anaximandri
2270 3117 2335 3158 (de
2350 3127 2416 3159 quo
2435 3117 2523 3152 dixi·
2564 3124 2569 3158 j
2599 3126 2612 3140 1

1458 3164 1768 3206 mus)discipulus:
1790 3164 1981 3205 primusque
2001 3163 2223 3205 horologium,
2247 3166 2335 3206 quod
2360 3166 2524 3208 appellant
2605 3195 2607 3206 2

1457 3212 1670 3246 sciothericon
1683 3238 1692 3254 ‚
1717 3212 1952 3244 Lacedaemone
1967 3211 2119 3244 ostendit.
2144 3225 2160 3240 υ
2182 3213 2232 3246 cr.
2256 3213 2373 3246 Suidas
2390 3222 2423 3246 v.
2437 3214 2522 3256 γνῶ-

1459 3272 1527 3303 μων
1557 3262 1590 3293 et
1617 3259 1828 3301 ἡλιοτρόπιον.
1874 3258 1949 3291 vm.
1985 3260 2082 3292 etiam
2114 3260 2255 3293 salmas.
2291 3262 2374 3295 pun.
2404 3263 2521 3296 exoro.
2562 3262 2598 3308 ζ·

1457 3310 1698 3398 Ρὸῗῇῗέἳῑτὲῗιο
1721 3354 1778 3387 lib.
1802 3356 1818 3387 1
1838 3363 1908 3395 cap.
1930 3358 1959 3395 1,
1977 3363 2050 3396 pag.
2071 3357 2088 3387 7
2107 3354 2159 3389 ed.
2177 3355 2316 3389 casaub.
2337 3370 2345 3389 ι
2368 3355 2432 3390 Ὧν
2449 3356 2524 3393 τοὶς
2555 3356 2579 3394 ξ-

1457 3404 1600 3446 Ἶῑρὼῖουί
1616 3402 1685 3445 μεθ’
1702 3402 1843 3444 Ὅμηρον
1866 3402 1922 3434 δύο
1937 3403 2030 3444 φησὶν
2046 3402 2271 3444 Ἐρατοσθένης
2288 3402 2522 3447 Ἀναξίμανδρὸν
2555 3397 2594 3444 j

1457 3463 1490 3484 τε
1509 3452 1616 3484 Θαλοῦ
1632 3450 1785 3492 γεγονότα
1797 3450 1954 3492 γνώριμον
1968 3451 2022 3482 καὶ
2039 3450 2169 3489 πολίτην
2180 3476 2191 3491 ,
2210 3452 2264 3483 καὶ
2280 3451 2449 3486 Ἑκαταῖον
2466 3451 2520 3485 τὸν
2536 3488 2544 3495 N

1461 3500 1638 3539 Μιλήσιον·
1663 3500 1716 3532 τὸν
1746 3500 1800 3540 μὲν
1826 3498 1880 3532 οὖν
1904 3499 2048 3532 ἐκδοῦναι
2086 3503 2209 3542 πρῶτον
2230 3501 2446 3544 γεωφραφικὸν
2464 3499 2521 3534 πί·
2564 3495 2593 3533 ξῖι-ιῑ
