2612 3814
1067 237 1136 277 DE
1166 237 1385 278 MELISSO
1414 238 1525 278 ETC.

212 314 351 353 ἀλλοῖον
394 313 449 362 εἴη
483 313 620 360 οὐδενὸς
654 315 955 369 προσγιγνομένου
992 316 1159 368 σώματος
1199 319 1269 358 οὐδ’

215 372 513 427 ἀπογιγνομένου·
545 374 575 413 εἷ
605 372 642 412 δὲ
663 373 755 424 μήτε
775 377 882 426 σῶμα
911 375 1002 426 μήτε
1022 376 1153 421 πλάτος
1181 377 1272 430 μήτε

157 448 194 476 so
216 436 327 484 μῆκος
346 432 421 486 ἔχοι
437 432 561 485 μηδέν,
577 436 652 478 πῶς
666 433 707 472 ἂν
727 434 871 496 ἄπειρον
891 435 970 484 εἴη·
960 467 970 484 ,
990 435 1024 476 τί
1039 436 1169 477 κωλύει
1186 439 1273 477 πολ-

213 493 260 534 λὰ
279 493 340 533 καὶ
359 493 395 533 ἓν
411 495 550 547 ἀριθμῷ
574 496 721 533 τοιαῦτα
745 496 853 544 εἷναις
879 495 913 534 τί
929 495 1059 535 κωλύει
1081 495 1142 536 καὶ
1158 495 1270 536 πλείω

209 552 294 591 ὄντα
315 550 416 602 ἑνός,
449 551 589 604 μεγέθει
616 552 746 606 ἄπειρα
775 557 885 606 εἰναι;
908 556 953 599 ὡς
984 571 1045 593 και
1065 555 1274 618 Ξενοφάνης

212 612 353 665 ἄπειρον
374 611 414 650 τό
434 627 471 650 τε
488 612 593 665 βάθος
607 615 667 660 τ’ῆς
685 615 749 665 γῆς
769 613 830 652 και
844 619 904 653 τοῦ
923 614 1024 667 ἀέρος
1040 615 1145 669 φησὶν
1164 619 1267 655 εἶναι.

205 740 287 773 dans
305 741 341 773 ut
359 740 392 772 in
419 740 552 781 reliquis
574 741 743 774 codicibus
767 744 901 775 exarata
914 745 1053 784 exstant.
1099 744 1268 784 Corrigen-

207 788 286 820 dnm
304 787 435 821 videtur
453 798 462 820 :
477 788 536 828 Εἶη
557 788 610 821 οὗν
625 789 663 821 ἂν
677 789 730 822 καὶ
742 790 870 823 πλείονα
881 791 921 823 τὰ
932 791 1027 823 αὐτοῦ
1042 791 1137 835 μέρη,
1150 791 1190 824 τὰ
1213 792 1267 833 μὲν

206 836 366 877 ἐλάττονα,
380 836 420 869 τὰ
433 837 465 869 δὲ
479 837 603 877 μείζονα
623 836 732 869 ἀλλοῖα
746 849 781 870 τε
796 838 909 879 πάντῃ,
925 839 951 871 εἰ
966 839 1063 880 ταύτῃ
1079 838 1202 870 ἀλλοῖον
1221 839 1268 876 εἴη

210 884 336 921 οὐδενὸς
359 885 627 928 προσγιγνομένου
649 885 795 927 σώματος
817 886 880 918 οὐδ’
895 886 1155 927 ἀπογιγνομένου.
1201 889 1267 919 Etsi

207 931 380 965 verisimile
402 941 466 964 non
482 936 531 965 est
552 933 718 965 Melissum
735 933 853 966 diserte
873 943 981 974 praese
994 934 1118 974 tulisse,
1131 933 1164 966 id
1179 934 1266 974 quod

203 981 257 1021 sit,
280 979 377 1013 unius
398 989 467 1014 esse
481 983 641 1014 materiae
656 981 755 1023 atque
769 981 830 1014 hoc
845 982 1034 1022 argumento
1055 981 1095 1014 ad
1112 981 1266 1014 tuendam

203 1028 277 1069 ejus
302 1029 461 1062 unitatem
477 1038 547 1062 esse
572 1029 683 1070 usum,
703 1028 817 1061 callide
843 1030 950 1061 tamen
978 1028 1165 1061 Aristoteles
1183 1029 1268 1060 banc

152 1113 155 1116 .
202 1076 313 1109 attulit
328 1077 497 1118 rationem,
515 1086 580 1117 qua
594 1076 815 1109 adversarium
828 1075 896 1108 falsi
914 1075 1132 1108 convinceret.
1158 1078 1266 1116 Appo-

201 1125 266 1158 site
298 1133 485 1166 comparare
519 1125 595 1157 licet
623 1124 763 1158 similem
798 1123 970 1156 Alexandri
1006 1123 1266 1164 Aphrodisiensis

203 1173 515 1214 argumentationem
537 1181 588 1213 ap.
614 1172 815 1213 Simplicium
838 1171 938 1211 Phys.
959 1170 1012 1202 t'ol.
1042 1172 1078 1203 18
1108 1179 1124 1201 a
1144 1183 1152 1203 :
1174 1171 1210 1202 Εἰ
1233 1171 1266 1202 δέ

205 1232 250 1258 τις
269 1222 350 1262 λέγει
364 1223 410 1263 τῷ
427 1221 490 1261 ὅλῳ
505 1220 540 1253 τὸ
554 1220 643 1262 μέρος
658 1220 707 1252 ἐπὶ
726 1219 780 1260 μὲν
795 1221 1017 1260 τῶν.συνεχῶν
1037 1217 1113 1259 (del.
1134 1218 1190 1258 μή)
1204 1221 1266 1250 τῶν

203 1269 399 1311 ὁμοιομερῶν
413 1269 524 1303 ταύτὸν
538 1268 630 1308 εἶναι,
644 1268 693 1301 ἐπὶ
701 1269 735 1300 δὲ
749 1270 812 1300 τῶν
826 1268 1060 1310 ἅνομοιομερῶν
1074 1268 1196 1309 μηκέτι,
1212 1269 1265 1299 καὶ

203 1315 255 1348 ἐπὶ
271 1318 334 1348 τῶν
350 1317 545 1358 ὁμοιομερῶν
559 1315 682 1357 εὑρήσει
697 1316 740 1358 μὴ
757 1315 871 1348 ταύτὸν
885 1314 931 1347 ὄν.
947 1339 955 1347 .
972 1338 980 1345 .
997 1339 1006 1347 .
1021 1315 1074 1347 καὶ
1089 1314 1148 1357 γὰρ
1171 1315 1197 1347 εἰ
1212 1315 1265 1356 μὲν

201 1364 280 1395 καθὸ
292 1363 418 1404 συνεχές
431 1363 511 1404 ἐστι,
524 1363 605 1396 κατὰ
623 1366 715 1395 τοῦτο
727 1363 758 1395 ἓν
769 1364 822 1395 καὶ
833 1362 945 1395 ταύτὸν
958 1365 1022 1399 τοῖς
1033 1363 1145 1395 ἑαυτοῦ
1158 1363 1265 1404 μέρεσι

199 1410 238 1442 τὸ
253 1410 337 1451 ὅλον,
354 1411 408 1443 καὶ
432 1411 482 1443 ἐπὶ
507 1409 743 1452 ἀνομοιομερῶν
763 1411 781 1443 ὁ
799 1410 891 1448 αὐτὸς
917 1411 954 1443 ἂν
981 1410 1028 1448 εἴη
1053 1409 1156 1451 λόγος.
1202 1411 1265 1442 Καὶ

200 1457 262 1500 γὰρ
278 1457 331 1490 καὶ
344 1461 442 1490 ταῦτα
458 1462 587 1500 συνεχῆ.
634 1459 670 1490 Εἰ
684 1458 718 1491 δὲ
733 1458 897 1501 διαιρεθείη
914 1458 969 1490 ἀπ’
983 1457 1138 1498 ἀλλήλων,
1151 1458 1264 1499 ὁμολο-

199 1505 360 1545 γουμένως
376 1505 476 1538 πολλὰ
492 1504 579 1538 ἔσται
595 1505 649 1538 καὶ
662 1505 702 1538 τὰ
715 1505 898 1548 ὁμοιομερῆ.
918 1505 1101 1537 Novissima
1125 1505 1222 1538 verba
1239 1506 1265 1537 εἰ

200 1552 299 1593 ταύτῃ
317 1551 440 1585 ἀλλοῖον
457 1552 504 1592 εἴη
519 1553 643 1590 οὐδενὸς
664 1553 931 1595 προσγιγνομένου
949 1564 1096 1594 σωματος
1110 1553 1174 1585 οὐδ’
1188 1553 1266 1586 ἀπο-

204 1599 390 1641 γιγνομένου
408 1600 518 1632 reserri
536 1600 687 1633 videntur
713 1600 753 1632 ad
773 1600 922 1633 Melissea
942 1600 1072 1641 (fragm.
1094 1601 1144 1642 ιι)
1163 1601 1190 1634 εἰ
1207 1613 1265 1633 τοι·

201 1656 256 1677 νυν
268 1645 479 1688 τρισμυρίοισι
499 1640 581 1680 ἔτεσι
599 1648 732 1691 ἑτεροῖον
753 1648 888 1690 γίνοιτο,
915 1656 988 1689 quae
1010 1652 1117 1681 tamen
1137 1649 1170 1681 in
1188 1648 1265 1681 alie-

200 1701 277 1725 nam
293 1694 486 1726 sententiam
502 1695 656 1735 Stagirila
673 1694 817 1728 detorsit.

245 1743 296 1773 28.
322 1743 361 1774 Εἰ
379 1741 413 1774 δὲ
427 1742 504 1783 μήτε
519 1746 614 1783 σῶμα
630 1743 708 1785 μήτε
723 1745 839 1781 πλάτος
857 1744 934 1786 μήτε
945 1749 1046 1800 μῆκος
1065 1745 1137 1787 ἔχον
1156 1745 1263 1788 μηδέν,

200 1790 269 1825 πῶς
291 1788 328 1820 ἂν
345 1787 500 1831 ἄπειρον
485 1800 522 1821 αν
538 1789 605 1828 εἴη·
597 1814 606 1830 ,
620 1789 650 1822 τί
662 1790 778 1823 κωλύει
788 1790 889 1823 πολλὰ
902 1791 955 1823 καὶ
972 1791 1121 1834 {ro'npnsspon
1135 1795 1265 1824 τοιαῦτα

198 1836 298 1875 εἶναι;
319 1836 349 1869 τί
377 1837 491 1869 κωλυει
517 1838 570 1870 καὶ
593 1836 692 1870 πλείω
715 1837 789 1871 ὄντα
808 1839 873 1876 ἑνὸς
894 1840 1013 1880 μεγέθει
1033 1840 1147 1883 ἄπειρα
1162 1841 1262 1873 εἶναι·
1253 1866 1262 1881 ,

200 1884 350 1917 Eadem‘
342 1894 373 1916 in
387 1894 447 1917 suo
473 1885 582 1917 codice
610 1885 731 1918 invenit
754 1886 935 1919 Felicianus
950 1886 996 1919 sic
1019 1887 1236 1929 interpretans
1254 1898 1262 1920 :

202 1943 219 1959 ιι
234 1933 267 1962 at
278 1930 304 1963 si
316 1940 422 1972 neque
441 1941 559 1974 corpus
572 1932 627 1974 sit,
642 1942 748 1975 neque
761 1933 931 1967 latitudine
943 1943 1048 1976 neque
1064 1934 1264 1975 longitudine

199 1978 265 2011 ulla
298 1978 481 2021 praeditum,
518 1979 684 2021 quomodo
717 1989 788 2014 esse
813 1981 973 2013 inlinitum
1006 1982 1135 2023 potest?
1178 1984 1263 2021 Quid

195 2030 320 2071 obstat,
350 2030 430 2072 quin
447 2031 551 2063 multa
574 2032 606 2063 et
628 2033 842 2065 numerabilia
867 2033 1053 2073 huiusmodi
1070 2033 1158 2068 sint?
1176 2035 1263 2073 Quid

201 2079 350 2120 prohibet
366 2079 476 2119 etiam,
497 2079 576 2120 quin
595 2079 669 2111 licet
692 2079 784 2120 plura
803 2089 868 2112 uno
881 2089 950 2112 esse
969 2080 1129 2121 dicantur,
1152 2082 1261 2115 infini-

197 2130 234 2159 ta
260 2128 371 2159 tamen
396 2126 616 2166 magnitudine
639 2128 725 2161 sint?
743 2141 760 2157 »
777 2129 892 2161 Melius
922 2129 955 2160 in
984 2129 1068 2161 libro
1103 2129 1262 2169 Lipsiensi

197 2178 298 2214 ,μῆκος
314 2173 383 2218 ἔχοι
407 2175 442 2206 et
459 2173 554 2214 paulo
573 2175 645 2216 post
672 2175 701 2207 τί
718 2176 844 2216 κωλύει,
860 2176 913 2208 καὶ
940 2176 971 2209 ἓν
997 2176 1118 2219 ἀριθμῷ
1132 2182 1262 2211 τοιαῦτα

194 2222 296 2262 εἶναι,
314 2231 392 2263 non,
406 2222 443 2254 ut
456 2221 603 2254 Olearius
614 2222 669 2264 ait,
688 2223 719 2255 ἐν
736 2223 857 2266 ἀριθμῷ
872 2225 1026 2265 scriptum
1043 2225 1104 2257 est.
1150 2228 1183 2258 ln
1202 2226 1263 2258 hoc

198 2278 264 2303 uno
284 2269 434 2303 librarius
463 2269 625 2311 peccavit,
647 2271 734 2312 quod
764 2274 835 2311 post
859 2271 956 2303 πλείω
973 2270 1048 2303 ὄντα
1063 2272 1189 2313 virgula
1211 2273 1261 2305 dl-

197 2318 325 2350 stinxit.
371 2320 476 2358 Quam
493 2317 536 2350 ob
553 2327 619 2349 rem
636 2327 701 2350 non
713 2318 851 2350 dubium
867 2319 946 2359 quin
963 2319 1063 2361 verba
1085 2318 1147 2352 hoc
1164 2321 1262 2353 modo

195 2365 399 2398 emendanda
407 2365 483 2398 sint
498 2375 506 2397 ε
522 2365 561 2397 Εἰ
584 2365 618 2397 δὲ
638 2366 716 2406 μήτε
735 2369 830 2407 σῶμα
845 2367 922 2408 μήτε
937 2367 1053 2404 πλάτος
1072 2367 1150 2408 μήτε
1164 2373 1262 2408 μῆκος

196 2413 267 2454 ἔχοι
290 2413 396 2456 μηδέν,
411 2416 479 2449 πῶς
497 2413 534 2445 ἂν
551 2412 677 2454 ἄπειρον
692 2413 761 2455 εἴης
778 2414 807 2445 τί
823 2414 937 2446 κωλύει
953 2414 1055 2447 πολλὰ
1073 2416 1126 2447 καὶ
1144 2415 1175 2448 ἕν
1192 2415 1261 2457 ἀρι-

197 2460 268 2500 θμῷ
291 2462 419 2491 τοιαῦτα
439 2459 540 2500 εἷναι;
562 2459 590 2491 τί
609 2460 723 2492 κωλύει
742 2461 794 2492 καὶ
813 2460 911 2492 πλείω
927 2460 1003 2493 ὄντα
1027 2461 1113 2501 ἑνός,
1141 2464 1260 2502 μεγέθει

197 2507 312 2549 ἄπειρα
334 2507 433 2547 εἷναι;
451 2509 571 2539 Sensus
591 2508 747 2548 apertus:
768 2520 784 2536 «ι
801 2507 827 2539 si
846 2517 903 2540 ens
926 2517 1031 2549 neque
1053 2518 1260 2551 corporeum,

199 2562 304 2595 neque
323 2552 426 2586 latum
455 2563 559 2594 neque
587 2555 719 2595 longum
735 2555 795 2596 est,
814 2556 978 2596 quomodo
996 2556 1159 2589 infinitum
1189 2566 1260 2590 esse

197 2603 323 2642 queat?
339 2601 417 2642 quid
446 2602 556 2633 autem
581 2601 707 2642 obstat,
727 2602 900 2643 quominus
922 2602 955 2635 id
975 2603 1062 2644 quod
1089 2612 1192 2636 unum
1213 2606 1261 2637 est

199 2657 335 2681 numero
353 2648 451 2681 etiam
473 2657 528 2689 par
539 2649 582 2682 sit
595 2646 706 2691 multis
719 2649 816 2690 hujus
836 2650 983 2690 generis?
1003 2650 1081 2691 quid
1103 2654 1260 2692 praeterea

197 2696 334 2738 impedit
352 2696 526 2738 quominus
549 2705 623 2738 quae
643 2697 736 2738 plura
752 2706 815 2730 uno
826 2706 894 2730 esse
913 2697 1120 2739 perhibentur
1137 2698 1260 2732 infinita

198 2745 308 2777 tamen
325 2744 545 2785 magnitudine
561 2744 647 2777 sint?
663 2757 679 2772 ι»
703 2747 807 2778 Erunt
823 2746 958 2778 fortasse
976 2745 1032 2787 qui
1049 2748 1192 2778 extrema
1211 2748 1259 2780 in-

197 2792 412 2833 terpretentur
430 2803 439 2824 ε
460 2791 537 2832 quid
557 2794 711 2832 praeterea
727 2792 862 2832 impedit
879 2794 1065 2834 quominus,
1083 2802 1156 2834 quae
1171 2794 1260 2834 plura

196 2848 266 2872 uno
292 2847 362 2871 esse
392 2839 556 2875 dicuntur,
579 2840 824 2880 maynuudine
850 2841 904 2873 vel
932 2841 1052 2882 potius
1077 2843 1260 2882 parvitate

194 2886 378 2920 oculorum
391 2888 502 2919 aciem
510 2886 671 2929 fuqiant.
715 2890 795 2921 Nam
814 2891 848 2920 ut
861 2897 958 2930 supra
972 2888 1127 2928 vidimus,
1145 2898 1257 2930 quem-

199 2933 376 2966 admodum
396 2935 603 2976 Anaxagoras
614 2935 733 2977 duplici
757 2936 887 2968 notione
911 2935 1089 2977 usurpabat
1110 2936 1146 2969 τὸ
1169 2936 1259 2970 ἄπει-

197 2992 264 3023 ρον,
283 2983 320 3014 ut
347 2983 402 3014 aut
418 2982 498 3014 illud
524 2984 606 3016 esset
628 2983 713 3024 quod
735 2983 956 3024 magnitudine
971 2992 1028 3015 sna
1042 2984 1150 3016 omnia
1169 2993 1258 3017 com-

201 3028 394 3069 plecteretur
414 3032 470 3062 aut
487 3030 518 3062 id
536 3031 623 3072 quod
640 3031 685 3064 ita
708 3033 794 3064 esset
812 3041 960 3072 parvum,
978 3032 1013 3064 ut
1029 3031 1181 3065 sensibus
1204 3033 1256 3065 vix

201 3076 319 3117 percipi
335 3078 444 3118 posset
466 3087 474 3109 :
492 3078 534 3110 ita
550 3079 661 3120 etiam,
679 3089 719 3111 ne
739 3079 778 3111 de
794 3080 863 3112 aliis
883 3080 1009 3121 loquar,
1022 3088 1107 3120 saepe
1132 3080 1257 3113 Aristo·

201 3123 292 3155 teles.
317 3123 446 3156 Accedit
459 3125 546 3166 quod
561 3126 766 3167 Spaldingius
774 3127 830 3168 qui
844 3126 1017 3166 nesciebat,
1027 3135 1091 3167 quo
1101 3128 1259 3167 spectaret

200 3174 340 3210 τοιαῦτα,
357 3180 395 3203 ac
417 3173 492 3214 μέρη
514 3174 680 3207 subaudiri
695 3175 841 3214 volebat,
864 3174 973 3207 omnia
996 3174 1049 3207 hic
1072 3174 1171 3206 ardua
1191 3183 1259 3208 esse
1293 3210 1298 3215 ,

198 3217 373 3258 opinatus'
365 3221 523 3259 imprimis
552 3223 635 3255 male
664 3223 804 3264 acceptis
835 3222 942 3255 verbis
962 3223 1082 3264 μεγέθει
1098 3221 1234 3265 ἄπειρα·
1226 3233 1257 3255 m

196 3272 342 3296 errorem
366 3264 516 3300 inductus
533 3268 670 3302 videtur.
716 3272 798 3303 Sunt
820 3272 927 3302 autem
948 3272 1090 3309 τοιαῦτα,
1110 3269 1198 3310 quod
1217 3278 1256 3302 ex

197 3314 308 3344 nostra
322 3311 582 3354 interpretatione
598 3316 681 3349 effici
698 3318 906 3358 arbitramur,
923 3325 960 3349 ea
975 3326 1047 3357 quae
1064 3326 1168 3358 neque
1182 3326 1255 3350 cor-

198 3368 289 3399 pore,
304 3369 408 3403 neque
424 3361 591 3397 latitudine
605 3373 710 3406 neque
729 3366 926 3407 longitudine
946 3365 1080 3405 praedita
1096 3374 1166 3397 esse
1183 3366 1255 3406 plli-

200 3406 350 3447 losophus
364 3408 476 3452 sumit.
497 3410 558 3443 Sed
576 3412 686 3445 tamen
706 3414 873 3454 sequentia
890 3412 1008 3445 indicio
1025 3413 1101 3444 sunt
1113 3412 1255 3454 priorem

196 3453 380 3491 explicandi
395 3455 552 3489 rationem
563 3466 674 3507 yeram
685 3469 767 3493 esse.

243 3498 292 3527 32.
319 3497 365 3533 Ως
381 3496 478 3532 καὶ·Ι
451 3499 627 3540 Ξενοφάνης
615 3525 646 3542 ,
659 3501 712 3534 at
704 3511 734 3534 in
751 3502 831 3535 libro
849 3494 1004 3544 Lipsiensi
1018 3502 1064 3534 est
1082 3504 1098 3534 ὁ
1115 3502 1253 3543 Ξενοφά-

357 3564 480 3590 PniLos.
498 3566 599 3595 GRAEC.

1307 1863 1310 1865 .
1325 1840 1380 1869 τοῦ
1402 1837 1518 1873 παντὸς
1532 1837 1676 1870 ἰδόντων.

2319 245 2395 283 289

1334 321 1447 366 Δηλοῖ
1463 318 1500 358 δὲ
1519 334 1580 357 και
1598 321 1616 358 ὁ
1640 319 1899 370 Ἐμπεδοκλης·
1917 321 2066 377 ἐπιτιμᾷ
2085 322 2152 374 γάρ
2167 353 2177 373 ‚
2205 325 2251 366 ὡς
2271 323 2394 375 λεγόν·

1335 394 1403 417 των
1427 380 1529 417 τινῶν
1558 381 1718 427 τοιαῦτα,
1746 378 1918 418 ἀδύνατον
1945 383 2056 431 εἰναι,
2089 381 2199 427 οὕτως
2230 399 2244 420 ε
2247 398 2400 435 Λοντων,

1338 436 1538 487 ξυμὸαίνειν
1563 436 1674 476 αὐτά·

1391 496 1490 549 εἴπερ
1506 496 1676 550 ἀπείρονα
1695 499 1759 549 γῆς
1772 513 1810 536 τε
1828 497 1920 549 βάθη
1935 497 1994 537 καὶ
2010 499 2156 553 δαψιλὸς
2172 500 2289 553 αἰθήρ,

1393 558 1440 600 ὡς
1455 555 1513 602 διὰ
1532 557 1673 595 πολλῶν
1690 555 1733 603 δὴ
1751 556 1904 610 βροτέων
1925 558 2074 611 ῥηθέντα
2102 560 2263 608 ματαίως

1391 616 1581 669 ἐκκέχυται
1598 615 1798 667 στομάτων,
1819 617 1935 669 ὀλίγον
1950 622 2011 656 τοῦ
2030 619 2159 663 παντὸς
2178 619 2340 659 ἰδόντων.

1331 755 1402 784 νης,
1415 746 1450 777 ut
1466 745 1562 786 paulo
1575 745 1708 778 inferius
1722 746 1739 778 ὁ
1755 746 1983 785 Ἐμπεδοκλῆς,
1998 746 2053 778 sed
2069 755 2168 788 snpra
2181 747 2250 781 sine
2263 748 2400 781 articulo

1333 793 1454 830 Ζήνων.
1499 793 1713 835 Xenophanes
1734 793 1880 833 dixerat,
1900 796 2017 826 terram
2034 795 2102 827 suis
2122 795 2284 829 radicibus
2301 798 2400 839 atque

1333 840 1553 873 fundamentis
1580 841 1693 874 nixam
1719 843 1751 874 in
1784 841 1948 875 infinitum
1972 843 2144 883 pertinere.
2190 843 2334 877 Similem
2358 845 2399 878 de

1330 889 1415 921 aeris
1432 889 1591 922 infinitate
1615 889 1820 923 sententiam
1831 890 2056 932 pronuntiasse
2076 901 2152 924 eum
2181 901 2222 924 ex
2248 892 2398 926 hocloco

1331 935 1497 969 discimus.
1547 939 1629 979 Ergo
1650 947 1715 971 non
1735 948 1849 980 unum,
1876 939 1934 971 sed
1950 939 2017 972 duo
2040 940 2165 972 infinita
2178 940 2398 986 Colophonius

1331 984 1542 1026 philosophus
1557 994 1629 1018 esse
1647 986 1804 1026 decrevit,
1828 996 1934 1028 neque
1949 996 1987 1020 ea
2004 988 2049 1020 sic
2061 988 2191 1021 diversa
2206 991 2241 1021 ut
2257 989 2311 1021 illa
2331 990 2398 1023 duo

1331 1035 1530 1073 Anaxagorae
1546 1033 1671 1077 ἄπειρα,
1685 1033 1740 1066 sed
1759 1043 1891 1076 prorsus
1910 1035 2056 1076 ejusdem
2074 1036 2314 1077 immensitatis,
2337 1046 2398 1070 nec

1330 1079 1390 1112 nisi
1409 1079 1555 1113 locorum
1572 1081 1751 1115 intervallis
1771 1082 1945 1122 disjuncta.
1992 1086 2084 1117 Hanc
2105 1085 2312 1125 Xenophanis
2325 1087 2398 1127 opi-

1329 1127 1460 1161 nionem
1476 1130 1705 1170 reprehensam
1725 1140 1796 1163 esse
1814 1131 1855 1163 ab
1870 1131 2064 1173 Empedocle
2088 1131 2226 1173 prodidit
2242 1133 2398 1166 Aristote-

1328 1177 1375 1209 les
1395 1177 1436 1210 de
1462 1177 1552 1210 Coelo
1570 1180 1616 1218 ll,
1648 1180 1698 1218 13,
1727 1178 1782 1210 ubi
1810 1178 1921 1219 iidem,
1945 1178 2001 1220 qui
2031 1179 2083 1212 liic
2105 1180 2259 1219 citantur,
2282 1189 2397 1213 versus

1328 1226 1457 1256 exstant
1474 1237 1482 1257 :
1505 1225 1647 1267 Ἄπειρον
1663 1226 1700 1258 τὸ
1718 1226 1807 1258 κάτω
1821 1229 1874 1265 τῆς
1889 1230 1946 1267 γῆς
1964 1226 2044 1258 εἷναί
2070 1238 2176 1268 φασιν,
2201 1227 2250 1259 ἐπ’
2268 1228 2396 1269 ἄπειρον

1327 1272 1423 1310 αὐτὴν
1437 1272 1620 1315 ἐρριζῶσθαι
1641 1273 1795 1313 λέγοντες,
1813 1274 1921 1315 ὥσπερ
1946 1274 2122 1315 Ξενοφάνης
2139 1275 2156 1306 ὁ
2184 1275 2395 1317 Κολοφώνιος,

1328 1319 1353 1350 ἰν
1357 1331 1378 1351 α
1394 1321 1436 1360 μὴ
1456 1320 1613 1362 πράγματ’
1627 1320 1725 1362 ἔχωσι
1739 1324 1901 1359 ζητοῦντες
1914 1322 1969 1359 τὴν
1983 1321 2102 1353 αἰτίαν·
2120 1322 2168 1354 διὸ
2180 1323 2234 1354 καὶ
2243 1323 2397 1364 Ἐμπεδο-

1327 1369 1400 1406 κλῆς
1413 1368 1512 1406 οὕτως
1531 1368 1698 1408 ἐπέπληξεν
1714 1369 1810 1402 εἰπὼν
1825 1371 1866 1406 ὡς
1891 1370 1964 1411 (leg.
1988 1370 2092 1407 αὐτοῖς
2110 1370 2279 1409 ἐπέπληξεν
2295 1371 2396 1404 εἰπὼν

1327 1415 1413 1454 ὧδε)·

1412 1492 1496 1522 ειπερ
1512 1479 1661 1522 ἀπείρονα
1674 1485 1730 1520 γῆς
1744 1493 1777 1525 τε
1789 1482 1870 1524 βάθη
1884 1483 1936 1514 καὶ
1953 1483 2080 1524 δαψιλός
2094 1484 2203 1526 αἰθὴρ,

1412 1530 1454 1565 ὡς
1471 1528 1522 1560 διὰ
1535 1530 1658 1561 πολλῶν
1677 1530 1714 1567 δὴ
1727 1529 1874 1570 γλώσσης
1892 1530 2020 1572 ῥηθέντα
2034 1531 2172 1571 ματαίως

1412 1576 1576 1617 ἐκκέχυται
1594 1576 1772 1618 στομάτων,
1790 1577 1895 1618 ὀλίγον
1914 1582 1969 1610 τοῦ
1985 1578 2100 1616 παντὸς
2113 1578 2255 1612 ἰδόντων.

1369 1647 1420 1678 33.
1446 1647 1544 1684 Δηλοῖ
1561 1645 1594 1679 δὲ
1606 1647 1660 1679 καὶ
1674 1647 1691 1679 ὁ
1711 1648 1924 1688 Ἐμπεδοκλῆς
1934 1657 1941 1664 ·
1957 1649 2084 1691 ἐπιτιμᾷ
2097 1649 2156 1692 γὰρ
2179 1651 2223 1687 ὡς
2238 1648 2395 1692 λεγόντων

1327 1696 1417 1724 τινῶν
1429 1697 1558 1726 τοιαῦτα
1571 1694 1708 1727 ἀδύνατα
1723 1695 1802 1728 εἶναι
1813 1720 1822 1735 ,
1837 1695 1936 1733 οὕτως
1955 1696 2092 1738 ἐχόντων
2111 1697 2287 1740 ξυμὸαίνειν
2301 1698 2393 1740 αὐτά,

1327 1740 1412 1783 εἴπερ
1437 1741 1588 1785 ἀπείρονα
1605 1746 1661 1782 γῆς
1679 1754 1714 1775 τε
1728 1743 1808 1786 βάθη
1827 1743 1881 1776 καὶ
1909 1744 2036 1785 δαψιλὸς
2053 1745 2153 1787 αἰθήρ.
2199 1745 2232 1781 ὃς
2251 1745 2304 1778 διὰ
2318 1747 2394 1779 πολ-

1326 1790 1388 1821 λῶν
1405 1789 1442 1827 δή
1454 1790 1590 1831 βροτέων
1603 1790 1733 1833 ῥηθέντα
1751 1790 1891 1832 ματαίως
1910 1791 2075 1832 ἐκκέχυται
2093 1792 2273 1832 στομάτων,
2289 1792 2393 1834 ὀλίγον

1722 1837 1804 1871 cod.
1823 1838 1910 1878 Lips.
1927 1838 2067 1879 primum
2081 1839 2210 1871 exhibet
2229 1839 2392 1881 ἀδύνατον,

1326 1884 1442 1917 deinde
1467 1884 1499 1916 in
1516 1885 1660 1918 secundo
1685 1886 1891 1927 Empedoclis
1911 1895 2005 1919 versu
2020 1896 2084 1919 non
2106 1887 2152 1928 ὃς,
2177 1887 2233 1920 sed
2252 1888 2340 1928 quod
2362 1889 2393 1921 in

1326 1932 1427 1965 altero
1442 1933 1623 1965 Aristotelis
1637 1932 1708 1965 loco
1724 1932 1765 1965 de
1779 1933 1860 1966 Coel.
1883 1935 1926 1974 ll,
1948 1938 1984 1967 13
1997 1934 2124 1975 legitur,
2143 1935 2176 1967 et
2196 1935 2290 1967 unice
2319 1945 2392 1976 pro-

1326 1979 1394 2012 bari
1415 1980 1555 2021 oportet,
1577 1982 1632 2021 ὡς,
1656 1979 1797 2020 denique
1812 1981 1844 2013 in
1858 1980 1953 2013 tertio
1970 1989 2067 2014 versu
2088 1981 2205 2023 ὀλίγον,
2221 1991 2286 2014 non
2304 1985 2392 2015 οὐδὲν

1325 2028 1410 2068 quod
1426 2029 1458 2060 in
1483 2028 1646 2061 veteribus
1660 2027 1854 2061 editionibus
1870 2029 2040 2070 reperitur.
2088 2031 2255 2063 Caeterum
2273 2032 2393 2064 erravit

1326 2076 1489 2117 olearias,
1514 2076 1546 2108 in
1579 2077 1685 2118 primo
1716 2085 1813 2109 versu
1839 2077 1949 2110 dicens
1974 2078 2089 2120 ἄπειρα
2114 2078 2272 2119 scriptum
2311 2088 2391 2112 esse.

1323 2124 1462 2156 Eosdem
1480 2133 1592 2157 versus
1605 2124 1716 2158 attulit
1732 2125 1916 2166 Simplicius
1946 2125 1988 2158 de
2011 2126 2092 2158 coel.
2107 2126 2130 2159 s.
2153 2130 2207 2160 127
2221 2136 2259 2169 a;
2277 2136 2391 2160 secun-

1323 2174 1401 2205 dum
1419 2173 1516 2205 etiam
1533 2173 1683 2205 Clemens
1708 2173 1759 2206 Al.
1791 2176 1912 2206 Strom.
1933 2175 1979 2207 VI
2000 2183 2032 2215 p.
2057 2177 2118 2208 688
2135 2177 2164 2207 D
2182 2177 2387 2208 memoravit.

1324 2224 1385 2253 Pro
1405 2221 1553 2263 βροτέων,
1567 2221 1656 2262 quod
1678 2220 1731 2253 bic
1746 2230 1858 2264 omnes
1876 2221 1950 2254 libri
1966 2221 2098 2262 habent,
2117 2223 2218 2256 altero
2234 2225 2390 2258 Aristote-

1323 2269 1361 2301 lis
1378 2269 1451 2301 loco
1472 2270 1504 2301 et
1524 2269 1609 2310 apud
1635 2269 1837 2302 Clementem
1860 2271 1968 2302 exstat
1989 2270 2158 2311 γλώσσης;
2184 2280 2242 2312 pro
2260 2273 2390 2315 ῥηθέντα

1322 2325 1400 2348 vero
1423 2315 1550 2348 ἐλθόντα
1575 2316 1660 2348 mala
1679 2319 1728 2348 est
1749 2316 1923 2349 Clementis
1939 2316 2035 2348 codd.
2057 2317 2230 2358 scriptura,
2250 2327 2310 2351 nec
2329 2320 2389 2351 nisi

1322 2363 1459 2396 librariis
1471 2364 1699 2404 imputandum
1711 2363 1800 2404 quod
1816 2363 1935 2396 ibidem
1951 2364 2084 2404 legimus
2097 2365 2224 2397 εἰδότων
2240 2376 2296 2407 pro
2309 2367 2391 2399 ὶδὸν·

1322 2422 1395 2442 των.
1443 2411 1564 2441 Locum
1594 2419 1668 2442 cum
1687 2410 1805 2442 Beckio
1828 2410 1875 2443 sic
1893 2411 2126 2444 constituimus
2148 2425 2155 2443 ε
2172 2413 2303 2456 ἐπιτιμᾷ
2317 2415 2388 2457 γάρ,

1322 2462 1362 2496 ὡς
1376 2459 1529 2499 λεγόντων
1546 2461 1638 2490 τινῶν
1659 2462 1802 2498 τοιαῦτα,
1824 2458 1976 2491 ἀδύνατον
2000 2459 2078 2492 εἶναι
2089 2484 2101 2503 ,
2127 2461 2225 2499 οὕτως
2253 2463 2388 2504 ἐχόντων

1323 2507 1404 2548 (scil.
1419 2511 1474 2547 γῆς
1488 2506 1541 2538 καὶ
1554 2505 1656 2548 ἀέρος)
1671 2506 1846 2547 ξυμῧαίνειν
1868 2505 1961 2539 αὐτοὶ·

1447 2578 1532 2619 εἴπερ
1551 2577 1700 2618 ἀπείρονα
1713 2580 1768 2616 γῆς
1783 2588 1815 2608 τε
1831 2577 1912 2619 βάθη
1925 2577 1979 2610 καὶ
1995 2577 2123 2620 δαψιλὸς
2134 2579 2237 2621 αἰθήρ,

1447 2627 1488 2662 ὡς
1503 2624 1554 2657 διὰ
1573 2625 1696 2656 πολλῶν
1713 2625 1750 2663 δὴ
1765 2625 1900 2666 βροτέων
1918 2625 2046 2668 ῥηθέντα
2059 2626 2200 2667 ματαίως

1446 2673 1611 2714 ἐκκέχυται
1626 2672 1793 2713 στομάτων
1814 2673 1918 2714 ὀλίγον
1936 2676 1991 2706 τοῦ
2007 2674 2122 2712 παντὸς
2134 2674 2277 2708 ἰδόντων.

1320 2741 1372 2774 Sic
1389 2743 1498 2775 autem
1513 2742 1707 2775 sententiam
1719 2742 1970 2784 interpretamur
1987 2757 1995 2777 :
2012 2757 2028 2773 α
2043 2744 2206 2786 improbat
2223 2744 2294 2777 haec
2312 2747 2384 2777 Em-

1321 2790 1481 2831 pedocles,
1502 2799 1605 2832 quum
1622 2790 1770 2823 nonnulli
1791 2790 1870 2824 talia
1888 2791 2100 2831 contendant,
2121 2792 2189 2824 ficri
2208 2801 2272 2824 non
2293 2801 2386 2833 posse

1320 2837 1439 2877 dicenS,
1457 2839 1506 2878 ut,
1521 2838 1548 2871 si
1560 2848 1598 2871 ea
1615 2838 1658 2872 sit
1668 2839 1764 2872 terroe
1780 2840 1813 2872 et
1830 2839 1916 2872 aeris
1933 2839 2028 2879 ratio,
2039 2840 2120 2883 *apta
2139 2839 2203 2871 sint
2218 2839 2287 2871 baec
2302 2839 2386 2871 inter

1319 2894 1353 2918 se
1376 2886 1457 2918 etin
1483 2895 1592 2919 rerum
1622 2889 1738 2920 natura
1753 2896 1921 2927 connexa,
1948 2887 1976 2919 si
2003 2886 2127 2919 infinita
2146 2886 2211 2919 sint
2230 2887 2264 2919 et
2289 2888 2384 2919 terrae

1321 2933 1480 2973 profunda
1499 2935 1532 2967 et
1552 2937 1664 2968 vastus
1682 2935 1795 2976 aether,
1817 2933 2097 2977 quemadmodum
2122 2934 2215 2967 multi
2233 2934 2385 2966 mortales

1319 2983 1440 3014 temere
1468 2982 1638 3024 loquentes
1660 2991 1717 3016 ore
1734 2981 1902 3022 effutiunt,
1923 2981 2073 3022 exiguam
2102 2981 2241 3014 universi
2260 2985 2383 3022 partem

1319 3029 1540 3071 contemplati.
1568 3042 1585 3058 υ
1603 3031 1702 3063 Deest
1730 3030 1764 3062 in
1785 3029 1938 3062 versibus
1963 3029 2191 3070 Empedocleis
2218 3029 2382 3070 apodosis,

1319 3086 1391 3118 quae
1407 3077 1510 3119 qualis
1528 3077 1626 3111 ruerit
1651 3087 1693 3111 ex
1715 3078 1755 3111 iis
1772 3086 1846 3119 quae
1862 3077 1903 3109 ab
1926 3077 2096 3110 Aristotele
2117 3077 2158 3109 de
2176 3075 2383 3117 Empedoclis

1318 3125 1467 3166 opinione
1482 3126 1679 3167 reseruntur,
1699 3134 1764 3158 non
1780 3126 1829 3158 est
1842 3124 1972 3157 difficile
1994 3124 2033 3157 ad
2052 3124 2267 3166 judicandum
2285 3126 2381 3164 atque

1318 3172 1359 3204 ab
1375 3173 1445 3205 aliis
1454 3173 1523 3213 jam
1540 3175 1627 3207 recte
1646 3173 1861 3206 intellectum.
1907 3174 2059 3214 Namque
2072 3172 2154 3204 vidit
2170 3171 2281 3203 Simon
2299 3173 2380 3203 Kar-

1317 3221 1438 3253 stenius
1455 3223 1583 3255 comm.
1607 3221 1640 3254 in
1657 3221 1793 3263 Emped.
1810 3229 1842 3263 p.
1863 3224 1924 3254 222
1942 3221 2039 3253 talem
2058 3221 2123 3253 sere
2140 3219 2238 3252 fuisse
2251 3219 2379 3251 senten-

1318 3265 1396 3299 tiam
1426 3266 1477 3300 his
1495 3269 1530 3301 et
1559 3268 1598 3300 iis
1627 3269 1684 3310 qui
1705 3267 1942 3301 interciderunt
1973 3267 2121 3300 versibus
2149 3273 2335 3307 expressam
2369 3274 2378 3296 ε

1322 3324 1338 3340 α
1359 3313 1493 3355 singulae
1514 3315 1627 3347 mundi
1659 3316 1768 3357 partes
1797 3315 1913 3356 aether,
1934 3324 2002 3355 aer,
2032 3323 2131 3355 mare,
2163 3315 2250 3345 terra
2281 3312 2377 3343 certis

1316 3360 1433 3394 tinibus
1444 3362 1695 3403 circumscriptae
1710 3366 1806 3403 sunt;
1819 3363 2018 3404 nequeenim
2033 3361 2164 3402 reliquis
2177 3361 2268 3393 locus
2282 3360 2377 3398 esset,

1315 3407 1354 3448 si,
1377 3409 1560 3450 ut-quidam
1576 3410 1743 3450 effutiunt,
1757 3419 1813 3443 aer
1825 3412 1857 3444 et
1875 3413 1959 3443 terra
1970 3409 2094 3442 infinita
2112 3411 2232 3442 essent.
2251 3419 2268 3436 u
2287 3407 2377 3439 Idem

1315 3453 1451 3497 ἀπείρων
1475 3457 1563 3498 quod
1583 3458 1690 3491 minus
1706 3458 1862 3491 usitatum
1880 3466 1978 3499 quam
1998 3456 2122 3499 ἄπειρος
2140 3456 2201 3488 alio
2218 3454 2377 3495 Empedo-

1316 3503 1371 3537 clis
1394 3504 1465 3537 loco
1483 3505 1536 3546 (cs.
1556 3507 1666 3539 annot.
1694 3507 1732 3538 ad
1753 3515 1799 3539 vs.
1819 3507 1870 3547 61)
1891 3506 1924 3539 et
1940 3502 2067 3547 δαψιλός
2088 3512 2144 3545 pro
2168 3502 2298 3545 δαψιλής
2318 3504 2377 3534 He-

2190 3600 2221 3626 19
