2612 3814
966 318 1020 358 IN
1050 317 1279 360 AUREUM
1313 318 1528 360 CARMEN
1535 347 1545 359 .

173 409 302 447 λειαν
323 407 453 462 ἔχειν
473 405 580 461 χρή·
598 407 645 451 ὡς
664 406 737 446 ἐκεῖ
772 407 835 459 μὲν
862 406 925 454 τὴν
957 411 1016 446 τοῦ
1048 408 1234 462 χρωμένου

174 466 303 522 ἀρετὴν
334 465 610 520 παραδίδοσθαι,
633 467 784 505 ἐνταῦθα
817 465 853 505 δὲ
886 465 950 513 τὴν
982 471 1044 507 τοῦ
1085 467 1234 521 ὀργάνου

173 526 365 580 σωτηρίαν.
426 526 591 579 Σύναψον
624 519 682 564 οὖν
703 529 817 564 ταῦτα
840 525 1005 575 ἐκείνοις,
1035 526 1096 566 καὶ
1123 527 1234 579 εὑρή-

172 602 267 634 σεις,
290 585 384 630 ὅστις
404 578 436 624 εἷ
450 579 479 638 ᾧ
498 584 805 637 παραγγέλλεται,
818 588 954 624 τοιοῦτο
972 587 1042 625 δεῖν
1060 588 1235 624 ποιεῖσθαι

171 644 386 697 τὸμέτρον
405 647 467 692 τῆς
487 644 570 697 περὶ
586 644 624 684 τὸ
639 645 765 697 σῶμα
782 643 933 694 τάξεως,
954 644 1045 695 ὃμή
1065 644 1096 684 σ’
1118 644 1237 692 ἀνιή-

171 720 266 754 σει,
295 703 313 744 ὃ
343 703 393 754 μὴ
415 704 578 754 ἐμποδιεῑ
611 703 677 751 τὴν
709 703 897 757 φιλόσοφον
933 703 1096 756 πρόθεσιν
1111 735 1123 756 ,
1157 703 1235 742 ἀλλ’

170 763 394 818 ε’πωφελήσει
423 765 468 817 τῇ
490 762 656 816 συνεργίᾳ
688 763 752 810 τὴν
788 763 874 816 πρὸς
898 763 1026 817 ἀρετὴν
1047 763 1235 803 ὁδεύουσαν

170 822 306 877 ψυχήν.
365 823 520 863 Ποτοῦ
552 821 588 860 δὲ
608 822 668 861 καὶ
690 822 821 861 σίτου
855 821 1021 875 μέτρον
1051 815 1145 870 εἶπε,
1174 821 1237 866 τὰς

171 881 368 935 ὓπερὸολὰς
386 883 446 921 καὶ
468 880 531 925 τὰς
552 882 722 935 ἐλλείψεις
743 881 974 934 ἀπαγορεύων
989 913 999 933 ,
1018 883 1036 920 ὃ
1056 881 1177 933 λόγος,
1195 880 1235 919 τὸ

169 941 207 981 δὲ
228 942 334 994 μέσον
370 941 430 980 καὶ
455 941 660 995 σύμμετρον
696 941 956 992 ἀσπαζόμενος·
994 939 1070 979 ὅθεν
1104 939 1165 979 καὶ
1195 940 1236 979 τὸ

168 999 320 1054 γαστρὸς
337 1003 477 1054 κρατεῖν
499 999 558 1039 καὶ
578 998 686 1039 ὕπνου
706 999 872 1052 λαγνείης
898 1014 936 1037 τε
957 998 1016 1037 καὶ
1038 1001 1146 1050 θυμοῦ
1168 999 1235 1037 εὖ-

171 1058 285 1104 κόλως
305 1058 556 1114 παραγίνεται.
615 1055 669 1099 Τὸ
688 1058 758 1113 γὰρ
778 1063 838 1098 νῦν
859 1056 1047 1110 λεγόμενον
1071 1057 1236 1111 μέτρον

168 1119 235 1167 τὴν
255 1120 292 1158 ἐν
309 1118 454 1164 ἐκείνοις
475 1118 644 1172 ἀμετρίαν
667 1119 833 1168 κολάζει,
851 1118 912 1157 καὶ
932 1116 1172 1171 ὑπεξαιρεῖται
1199 1117 1238 1155 τὸ

168 1181 302 1218 λυποῦν
323 1178 384 1218 καὶ
400 1177 570 1217 καθέλκον
592 1177 656 1226 τὴν
677 1178 763 1231 πρὸς
785 1181 865 1217 νοῦν
885 1176 945 1216 καὶ
966 1175 1239 1229 θεὸνὲπειγομέ-

169 1254 233 1286 νην
254 1237 390 1291 ψυχήν.
451 1240 514 1277 Δεῖ
530 1236 598 1289 γὰρ
618 1237 728 1283 αὐτὴν
748 1239 914 1276 ἀνιοῦσαν
929 1235 1016 1289 πρὸς
1034 1238 1111 1275 νοῦν
1125 1234 1238 1287 γαλή·

171 1313 233 1344 νην
253 1295 349 1350 ἔχειν
366 1295 436 1336 ἀπὸ
454 1299 523 1335 τῶν
536 1297 741 1344 παθητικῶν
757 1295 979 1346 κινημάτων,
992 1295 1053 1334 καὶ
1067 1295 1238 1347 τετάχθαι

170 1357 260 1409 αὐτῇ
281 1354 326 1394 τὰ
347 1354 446 1394 κάτω
460 1356 577 1399 καλῶς
593 1354 679 1408 πρὸς
695 1353 735 1393 τὸ
755 1353 924 1409 ἀθόρυὸον
939 1358 1001 1403 τῆς
1021 1356 1090 1393 τῶν
1106 1354 1238 1393 ἄνωθεν

170 1414 328 1467 θεωρίας.
387 1416 504 1455 Τοῦτο
518 1409 562 1462 ἦν
581 1413 621 1452 τὸ
644 1412 728 1466 μέτ
745 1429 841 1467 ρον,
858 1413 876 1452 ὃ
897 1413 959 1466 μή
979 1412 1013 1452 σ’
1031 1413 1238 1462 ἀνιήσει·

170 1477 274 1513 τοῦτο
293 1472 335 1513 τὸ
354 1475 506 1526 κρατοῦν
528 1472 680 1526 γαστρὸς
713 1472 810 1524 ἅμα,
831 1473 892 1512 καὶ
917 1473 980 1521 τὴν
1001 1476 1064 1512 τοῦ
1086 1473 1235 1526 ὀργάνου

171 1532 349 1588 σωτηρίαν
368 1531 581 1584 ποιούμενον
595 1562 605 1581 ,
638 1531 677 1570 τὸ
698 1532 827 1586 ἀρετὴν
847 1534 964 1587 ψυχῆς
993 1531 1240 1582 ἐπιδεικνύμε·

171 1609 248 1643 νον,
276 1592 336 1632 καὶ
357 1591 421 1640 τὴν
441 1596 502 1632 τοῦ
528 1590 732 1643 σώματος
752 1590 822 1637 ἕξιν
840 1591 891 1643 μὴ
913 1590 1102 1631 καταλύον.
1161 1591 1242 1631 Μέ-

172 1668 229 1707 ρος
245 1651 313 1706 γὰρ
335 1653 462 1705 ἀρετῆς
479 1652 554 1689 ἐστι
573 1650 635 1689 καὶ
652 1650 691 1689 τὸ
715 1650 844 1690 εἰδέναι
866 1650 989 1697 σώζειν
1012 1650 1053 1689 τὸ
1073 1650 1237 1704 ὄργανον,

171 1711 233 1751 καὶ
264 1710 494 1766 συναρμόζειν
533 1709 620 1750 αὐτὸ
655 1710 741 1763 πρὸς
780 1709 844 1756 τὴν
876 1709 1062 1764 φιλόσοφον
1093 1713 1238 1763 χρῆσιν.

172 1772 280 1812 Ἐπεὶ
313 1770 348 1810 δὲ
386 1773 425 1810 οὗ
454 1769 560 1822 μόνον
594 1771 629 1808 ἐν
651 1772 849 1824 τροφαῖς
880 1769 942 1809 καὶ
968 1769 1242 1822 γυμνασίοις

173 1831 301 1871 ἐστὶν
320 1833 343 1879 ἡ
368 1834 428 1870 τοῦ
463 1829 675 1881 σώματος
704 1829 893 1884 θεραπεία,
923 1829 1016 1869 ἀλλὰ
1044 1829 1105 1869 καὶ
1126 1828 1243 1869 ἄλλων

174 1893 316 1932 πολλῶν
362 1892 591 1945 προσδεῖται,
641 1884 712 1929 οἷον
755 1889 908 1942 ἱματίων
921 1921 932 1939 ,
981 1888 1220 1941 ὑποδημάτων
1234 1920 1244 1940 ,

174 2042 364 2092 fastigium
398 2048 533 2078 evecto
570 2042 808 2090 permittens.
847 2041 937 2077 Haec
975 2052 1070 2075 vero
1114 2040 1241 2075 omnia

174 2103 305 2139 modus
334 2101 609 2150 Pythagoricus
630 2100 852 2154 complexus
876 2106 932 2135 est
952 2098 1091 2135 additis
1115 2098 1243 2134 verbis

175 2163 247 2199 illis
269 2174 279 2200 :
301 2165 366 2211 qui
385 2161 451 2198 tibi
470 2162 636 2197 dolorem
659 2172 733 2196 non
747 2163 889 2208 pariet.
909 2158 1047 2196 Omnia
1069 2158 1172 2194 enim
1193 2157 1243 2194 ad

175 2221 260 2257 vitae
292 2219 512 2257 felicitatem
542 2231 563 2256 e
592 2219 839 2268 philosophia
871 2225 998 2254 ortam
1031 2217 1243 2266 spectantia

174 2281 338 2325 propter
360 2274 536 2322 corporis
558 2286 689 2309 curam
708 2272 880 2321 permisit
899 2272 1011 2308 brevi
1040 2272 1116 2307 hoc
1139 2271 1243 2307 dicto

176 2347 284 2381 usus,
306 2340 421 2382 atque
441 2334 510 2381 iis,
533 2345 618 2382 quae
636 2332 684 2368 de
704 2330 823 2368 animi
851 2332 1010 2368 sanitate
1036 2338 1123 2367 ante
1145 2330 1246 2367 dicta

176 2401 303 2441 erant,
327 2391 487 2440 adjecit,
505 2404 625 2440 neque
646 2403 738 2427 cura
759 2392 994 2427 valetudinis
1010 2393 1174 2440 corporis
1193 2398 1247 2426 est

177 2451 423 2500 negligenda,
451 2451 504 2486 ita
523 2457 566 2486 ut
582 2450 636 2486 ibi
652 2450 792 2486 utentis
812 2451 992 2487 virtutem
1011 2449 1163 2495 tradat,
1182 2450 1245 2485 hic

178 2519 306 2548 autem
332 2509 575 2546 instrumenti
604 2508 778 2547 salutem.
804 2510 894 2544 Haec
916 2509 1034 2558 igitur
1057 2522 1143 2545 eum
1174 2509 1247 2545 illis

178 2569 390 2619 conjunge,
410 2575 448 2605 et
467 2569 656 2613 invenies,
681 2568 854 2616 quisquis
874 2581 912 2605 es
925 2596 935 2615 ‚
958 2570 1021 2605 cui
1038 2569 1113 2605 hoc
1143 2581 1246 2617 prae-

179 2630 339 2679 cipitur,
353 2629 503 2665 modum
520 2628 631 2664 istum
642 2627 800 2676 regendi
810 2631 973 2677 corporis
986 2627 1248 2665 adhibendum

181 2700 279 2734 es.-.e,
300 2691 364 2738 qui
381 2688 447 2724 cibe·
464 2688 630 2723 dolorem
646 2699 721 2723 non
739 2684 901 2733 afferet,
925 2688 990 2736 qui
1009 2687 1246 2737 philosophi—

182 2761 270 2784 cum
306 2748 521 2784 institutum
552 2758 633 2782 non
660 2745 867 2794 impediet,
904 2746 972 2782 sed
1003 2747 1172 2782 animum
1200 2745 1249 2781 ad

182 2808 362 2844 virtutem
379 2805 676 2843 contendentem
692 2817 811 2854 opera
823 2818 889 2842 sua
903 2805 1115 2854 adjuvabit.
1134 2806 1249 2842 Polus

183 2874 311 2904 autem
327 2873 364 2902 et
380 2867 456 2902 cibi
473 2866 623 2902 modum
645 2864 742 2901 dixit
758 2877 912 2901 carmen
924 2893 934 2911 ,
946 2866 1101 2901 nimiam
1116 2877 1247 2901 eorum

186 2927 343 2975 copiam
381 2932 419 2961 et
453 2924 624 2973 inopiam
661 2923 913 2969 interdicens,
947 2924 989 2961 id
1017 2936 1109 2960 vero
1143 2923 1249 2972 quod

168 2983 357 3036 ¹medium
380 2989 435 3019 est
454 2995 497 3019 ac
515 2988 771 3031 temperatum
791 2983 1070 3031 comprobanS,
1091 2982 1195 3018 unde
1216 2987 1256 3017 et

187 3043 312 3080 ventri
331 3049 370 3079 et
388 3054 523 3078 somno
545 3049 583 3078 et
601 3042 734 3078 veneri
763 3048 800 3078 et
830 3042 894 3078 irae
923 3041 1031 3078 facile
1056 3053 1252 3090 possumus

191 3102 397 3139 moderari.
430 3102 529 3140 Nam
561 3101 630 3150 qui
662 3101 736 3137 hoc
768 3102 857 3137 loco
885 3100 1025 3137 dieitur
1049 3100 1186 3137 modus
1213 3101 1252 3137 id

191 3161 300 3210 quud
321 3160 619 3197 immoderatum
639 3161 679 3196 in
708 3161 781 3197 illis
800 3168 855 3196 est
882 3161 1059 3209 reprimit
1079 3160 1254 3208 tollitque

191 3220 405 3257 molestiam
437 3226 476 3256 et
506 3219 699 3268 quidquid
731 3220 901 3256 animum
936 3218 986 3254 ad
1011 3225 1175 3254 mentem
1211 3230 1254 3253 ac

196 3279 319 3316 Deum
335 3277 577 3315 festinantem
598 3278 792 3328 deprimit.
814 3278 980 3327 Oportet
999 3278 1100 3314 enim
1122 3278 1226 3313 illum
1243 3304 1254 3323 ,

195 3350 316 3388 quum
336 3338 386 3375 ad
405 3345 567 3375 mentem
590 3338 779 3388 ascendit,
797 3337 1045 3386 tranquillum
1066 3349 1144 3374 esse
1163 3337 1258 3373 libe·

196 3410 359 3447 rumque
391 3397 439 3434 ab
470 3397 678 3434 affectuum
711 3398 902 3443 motibus,
937 3404 1052 3445 atque
1079 3396 1258 3433 inferiora

196 3457 339 3494 habere
359 3457 432 3493 rite
452 3457 666 3505 composita
689 3457 739 3494 ad
754 3456 1071 3506 imperturbatam
1087 3456 1260 3505 superio-

198 3523 284 3547 rum
305 3511 680 3559 contemplationem.
699 3509 774 3548 Hic
794 3517 848 3547 est
865 3510 995 3547 modus
1008 3510 1092 3556 ille,
1107 3513 1172 3558 qui
1191 3510 1261 3546 eibi

199 3570 363 3606 dolorem
382 3582 457 3606 non
471 3572 620 3618 pudet,-
642 3569 705 3606 hic
721 3576 777 3606 est
793 3570 856 3606 ille
871 3569 989 3618 quiet
1005 3569 1131 3606 ventri
1147 3568 1260 3605 simul

2279 330 2355 363 45⁷

1300 411 1433 448 σκευῶν
1464 410 1700 448 παντοδαπῶν
1713 439 1724 460 ,
1754 421 1815 448 και
1853 413 1916 457 τῆς
1947 413 2059 449 ταῦτα
2098 413 2359 464 ὑποδεχομένης

1299 467 1430 515 οἰκίας,
1453 468 1507 506 δεῖ
1528 467 1564 507 δὲ
1584 467 1643 506 καὶ
1666 470 1700 507 ἐν
1722 467 1856 513 τούτοις
1875 472 1937 507 τοῦ
1955 469 2164 523 μετρίου,
2187 470 2205 510 ὃ
2226 471 2358 526 τρυφήν

1299 543 1336 566 τε
1359 526 1420 566 καὶ
1437 527 1656 579 ἀκαθαρσίαν
1673 525 1815 579 ἐξορίζει
1831 531 1893 575 τ’ἧς
1912 527 1997 576 δ’λης
2016 531 2117 580 ἡμῶν
2139 529 2290 576 διαίτης·
2305 530 2358 569 εἷ·

1299 586 1411 631 κότως
1426 586 1619 638 ἐπήγαγεν·

1664 675 1794 714 xvu.
1829 680 1999 731 35-38.

1385 769 1510 807 Εἰθίζου
1528 768 1560 800 δὲ
1574 768 1694 800 δίαιταν
1713 768 1795 810 ἔχειν
1816 769 1980 812 καθάρειον
1992 794 2001 810 ,
2019 770 2191 811 ἄθρυπτον·

1384 818 1436 848 καὶ
1453 816 1606 858 πεφύλαξο
1623 827 1658 856 γε
1676 819 1778 848 ταῦτα
1790 821 1890 849 ποιεῖν
1911 817 2016 850 ὁπόσα
2032 816 2143 859 φθόνον
2156 817 2254 859 ἴσχει.

1386 865 1439 903 Μὴ
1459 865 1600 896 δαπανᾶν
1617 864 1703 906 παρὰ
1720 864 1829 907 καιρόν
1845 889 1855 905 ,
1876 866 1970 897 ὁποῖα
1985 866 2091 897 καλῶν
2104 866 2255 906 ἀδαήμων
2269 873 2276 882 ·

1387 913 1457 954 μηδ’
1471 913 1668 955 ἀνελεύθερος
1685 912 1750 945 ἴσθι
1766 923 1773 930 ·
1790 913 1900 956 μέτρον
1920 913 1949 946 δ’
1974 913 2023 945 ἐπὶ
2044 916 2142 946 πᾶσιν
2158 913 2296 956 ἄριστον.

1355 997 1410 1035 Οὔ
1433 996 1559 1046 μόνον,
1585 996 1690 1049 φησίν
1706 1025 1716 1044 ,
1738 997 1772 1035 ἐν
1796 994 1916 1039 σιτίοις
1936 994 1996 1033 καὶ
2014 1001 2133 1038 ποτοῖς
2146 994 2186 1034 τὸ
2207 994 2362 1046 μέτρον

1301 1054 1434 1104 καλόν,
1454 1056 1544 1093 ἀλλὰ
1566 1055 1627 1093 καὶ
1648 1057 1683 1094 ἐν
1706 1056 1776 1098 τοῖς
1791 1053 1908 1098 ἄλλοις
1931 1053 2117 1102 ἅπασιν,
2150 1055 2196 1097 ὡς
2223 1055 2291 1091 τῶν
2317 1053 2362 1091 δι’

1301 1113 1500 1167 ὖπερὸολὴν
1522 1114 1582 1152 καὶ
1596 1108 1751 1166 ἔλλειψιν
1773 1112 2045 1166 ἁμαρτημάτων
2059 1115 2265 1165 καθαρεῦον.
2297 1110 2364 1151 Γέ-

1302 1191 1397 1214 νοιτο
1417 1174 1486 1228 γὰρ
1516 1173 1556 1212 ἂν
1576 1175 1611 1212 ἐν
1641 1179 1778 1212 πᾶσιν
1799 1166 1848 1217 οἷς
1871 1171 2036 1223 εἴπομεν,
2062 1170 2212 1224 ἀμετρία
2234 1171 2363 1218 διπλῆ·

1302 1238 1323 1283 ἡ
1345 1234 1408 1285 μὲν
1424 1234 1509 1287 πρὸς
1525 1233 1565 1273 τὸ
1582 1232 1767 1278 πολυτελὲς
1784 1231 1955 1284 ἐξάγουσα
1967 1262 1977 1280 ,
1994 1235 2016 1279 ἡ
2036 1232 2071 1270 δὲ
2088 1230 2174 1284 πρὸς
2193 1230 2232 1269 τὸ
2251 1233 2363 1283 ῥυπα-

1303 1293 1360 1347 ρὸν
1383 1296 1603 1333 συνωθοῦσα.
1662 1291 1854 1344 Ἑκάτερον
1877 1291 1912 1330 δὲ
1934 1289 2098 1342 μεμπτὸν
2118 1290 2179 1329 καὶ
2200 1290 2238 1329 οὗ
2259 1289 2362 1342 φιλό-

1302 1369 1406 1407 σοφον
1429 1346 1532 1400 ἦθος,
1556 1349 1635 1389 οὐδὲ
1657 1350 1917 1404 στοχαζόμενον
1939 1352 2000 1396 τ’ῆς
2021 1351 2228 1398 σωματικῆς
2249 1349 2364 1398 εὐμε-

1302 1413 1413 1465 τρίας.
1472 1411 1745 1463 Ἐπιτεινομένη
1778 1409 1845 1463 γὰρ
1881 1408 2111 1462 καθαρειότης
2147 1407 2280 1461 θρύψις
2305 1407 2365 1446 καὶ

1305 1471 1455 1525 βλακεία
1489 1470 1704 1524 εὑρίσκεται·
1729 1469 1974 1519 ἐπιτεινομένη
1995 1467 2032 1507 δὲ
2055 1467 2193 1514 λιτότης
2207 1469 2365 1519 ἀκαθαρ-

1304 1531 1363 1570 σία
1383 1530 1444 1570 καὶ
1467 1530 1571 1582 ῥύπος
1591 1529 1739 1582 γίνεται.
1795 1527 1864 1568 Ἵν’
1886 1522 1944 1567 οὖν
1961 1527 2049 1578 μήτε
2071 1527 2181 1566 ἐκεῖνο
2197 1525 2366 1577 πάθωμεν

1306 1591 1364 1631 διὰ
1382 1588 1640 1644 καθαρειότητα
1652 1619 1661 1637 ,
1682 1588 1773 1640 μήτε
1791 1591 1895 1627 τοῦτο
1925 1587 1982 1626 διὰ
2013 1586 2181 1634 λιτότητα
2193 1615 2203 1633 ,
2231 1602 2257 1636 μ
2272 1586 2367 1624 έσοι

1307 1648 1500 1703 βαίνωμεν,
1527 1648 1591 1693 τὰς
1625 1645 1891 1701 παρακειμένας
1910 1645 2065 1698 ἑκατέρῳ
2090 1644 2218 1688 κακίας
2247 1644 2368 1684 ἐκκλί-

1303 1724 1419 1752 νοντες
1431 1740 1440 1754 ,
1461 1709 1520 1746 καὶ
1535 1707 1574 1747 τὸ
1594 1707 1710 1761 ἕτερον
1720 1710 1781 1745 τοῦ
1803 1705 1921 1759 ἑτέρου
1939 1702 2183 1758 σωφρονισμὸν
2199 1703 2367 1756 ποιούμε·

1305 1784 1373 1807 vot·
1414 1767 1514 1816 λιτὴν
1547 1766 1655 1811 οὕτως
1698 1766 1960 1814 ἐπιτηδεύοντες
1993 1764 2191 1813 δίαιταν,
2239 1766 2286 1808 ὡς
2316 1764 2367 1814 μὴ

1307 1828 1506 1881 ἀκάθαρτον
1521 1857 1531 1876 ,
1554 1827 1615 1866 καὶ
1635 1843 1685 1865 κα
1698 1830 1715 1865 θ
1729 1826 1750 1864 ά
1763 1841 1878 1879 ρειον
1900 1824 2030 1873 οὕτως,
2051 1825 2098 1868 ὡς
2129 1822 2177 1874 μὴ
2199 1838 2247 1875 τρ
2262 1839 2366 1876 υφη·

1306 1887 1407 1936 λήν.
1467 1886 1530 1927 Διὸ
1563 1887 1602 1926 τὸ
1635 1886 1793 1939 μέτρον
1814 1884 2095 1939 προτιμήσωμεν
2129 1883 2163 1922 ἐν
2197 1882 2296 1935 πάσῃ
2322 1884 2366 1934 τῇ

1306 2037 1470 2085 imperat
1494 2042 1531 2071 et
1560 2035 1853 2070 instrumentum
1880 2032 2069 2068 incolume
2099 2038 2274 2079 praestat,
2304 2031 2369 2078 qui

1304 2095 1422 2132 animi
1446 2095 1625 2130 virtutem
1647 2093 1814 2129 ostendit
1834 2099 1870 2128 et
1899 2092 2074 2140 corporis
2098 2090 2271 2125 habitum
2290 2102 2370 2124 non

1306 2154 1493 2192 dissolvit.
1530 2151 1624 2189 Pars
1649 2153 1751 2188 enim
1789 2151 1947 2187 virtutis·
1969 2156 2022 2186 est
2054 2150 2168 2196 etiam
2195 2147 2368 2184 servandi

1305 2214 1545 2251 instrumenti
1564 2212 1719 2249 scientia
1733 2238 1744 2257 ‚
1769 2218 1883 2259 atque
1902 2209 1980 2257 ejus
1998 2208 2046 2244 ad
2061 2207 2372 2257 philosophicum,

1306 2287 1416 2310 usum
1435 2271 1758 2309 accommodatio,
1781 2272 1830 2307 At
1858 2282 1978 2318 quum
2002 2280 2081 2303 non
2108 2267 2147 2302 in
2176 2268 2371 2302 allmentt‘s

1307 2341 1453 2370 tantum
1492 2341 1606 2381 atque
1643 2327 1974 2367 exercitationibus
2003 2333 2176 2363 versetur
2210 2329 2371 2374 corporis·

1307 2394 1451 2439 cultus,
1469 2392 1535 2428 sed
1552 2391 1680 2428 multis
1695 2391 1807 2427 etiam
1825 2389 1906 2424 aliis
1923 2387 2041 2432 rebus¹
2054 2386 2226 2435 indigeat
2241 2416 2249 2432 ,
2266 2384 2373 2421 velut

1307 2452 1536 2489 vestimentis
1549 2479 1559 2497 ,
1576 2451 1711 2487 calceis
1722 2478 1732 2495 ‚
1748 2449 1854 2485 varia
1873 2447 2108 2496 supellectile
2123 2452 2236 2493 atque
2252 2444 2371 2481 domo

1308 2512 1386 2547 haec
1425 2510 1553 2547 omnia
1588 2509 1833 2556 continente,
1873 2519 1970 2556 opus
2004 2512 2130 2542 autem
2168 2505 2216 2540 sit
2244 2505 2283 2540 in
2314 2503 2372 2540 his

1309 2583 1466 2620 quoque
1485 2569 1749 2606 mediocritate
1763 2595 1774 2614 ,
1797 2579 1880 2617 quae
1901 2573 1938 2603 et
1955 2566 2087 2602 luxum
2102 2571 2140 2600 et
2163 2562 2371 2600 immundi·

1309 2631 1398 2666 tiam
1425 2642 1446 2666 a
1479 2637 1560 2666 tota
1586 2629 1709 2664 victus
1736 2626 1857 2663 nostri
1887 2626 2036 2662 ratione
2065 2630 2264 2672 amoveat,
2294 2635 2373 2659 non

1310 2691 1496 2727 immerito
1516 2688 1691 2736 subjecit.

1690 2787 1818 2823 XVII.
1853 2783 1994 2822 35-38.

1398 2873 1522 2905 Mundo
1540 2881 1616 2904 vero
1632 2871 1719 2903 victu
1733 2870 1779 2902 uti
1793 2877 1960 2909 assuesce,
1973 2876 2036 2899 non
2056 2866 2206 2899 delicato.

1396 2923 1435 2952 Et
1448 2929 1526 2952 cave
1545 2921 1642 2951 facias
1655 2926 1862 2960 quaecunque
1875 2915 2029 2948 invidiam
2045 2914 2176 2947 habent.

1397 2970 1447 3001 Ne
1462 2968 1514 3000 fac
1529 2969 1660 2999 sumtus
1676 2966 1896 3007 importunos,
1914 2965 1949 2996 ut
1959 2963 2013 3004 qui
2030 2962 2155 2995 honesti
2171 2962 2299 3002 ignarus
2310 2962 2375 3001 est,

1399 3025 1482 3049 neve
1493 3017 1536 3048 sis
1547 3015 1712 3048 illiberalis
1727 3023 1736 3046 :
1752 3013 1869 3046 modus
1878 3012 1965 3045 enim
1977 3011 2011 3044 in
2021 3011 2172 3043 omnibus
2182 3009 2302 3050 optima
2316 3017 2377 3042 res.

1316 3097 1401 3133 Non
1432 3096 1554 3132 solum
1573 3125 1583 3143 ,
1619 3095 1770 3143 inquit,
1806 3093 1846 3129 in
1865 3092 1953 3128 cibo
1983 3097 2020 3126 et
2049 3095 2145 3139 potu
2172 3088 2296 3123 bonus
2326 3093 2381 3122 est

1315 3156 1456 3192 modus
1471 3183 1480 3201 ‚
1497 3154 1564 3191 sed
1580 3155 1619 3190 in
1640 3154 1783 3190 caeteris
1802 3163 1960 3201 quoque
1977 3146 2173 3193 omnibus,
2188 3153 2231 3182 ut
2247 3146 2312 3195 qui
2333 3145 2380 3181 ab

1316 3217 1361 3252 iis
1377 3216 1542 3265 peccatis
1560 3227 1680 3264 purus
1691 3214 1738 3250 sit
1749 3241 1759 3260 ,
1778 3225 1862 3262 quae
1879 3217 2040 3261 propter
2058 3208 2211 3244 nimiam
2228 3206 2382 3254 copiam

1318 3275 1378 3311 vel
1399 3275 1570 3324 inopiam
1591 3274 1858 3310 admittuntur.
1877 3269 2025 3306 Etenim
2047 3268 2087 3302 in
2104 3263 2274 3302 omnibus
2298 3276 2381 3311 quae

1319 3334 1486 3371 diximus
1506 3333 1647 3383 duplex
1668 3331 1776 3369 modi
1800 3327 2010 3368 excedendi
2030 3327 2129 3363 ratio
2158 3331 2232 3369 est,
2264 3323 2397 3358 altera·

1320 3392 1368 3429 ad
1383 3393 1516 3429 luxum
1531 3392 1749 3443 perducens
1760 3419 1770 3438 ,
1786 3390 1903 3426 altera
1920 3387 1968 3424 ad
1983 3385 2116 3423 sordes
2133 3381 2379 3431 compellens.

1320 3452 1538 3500 Utrumque
1566 3463 1658 3487 vero
1679 3447 1974 3498 vituperandum
2007 3452 2062 3482 est
2080 3451 2196 3491 atque
2215 3454 2236 3478 a
2254 3440 2380 3490 philo-

1322 3511 1432 3559 sophi
1453 3510 1625 3546 moribus
1638 3510 1801 3546 alienum
1812 3537 1822 3554 ,
1841 3518 1966 3555 neque
1982 3504 2030 3542 ad
2047 3510 2191 3540 rectam
2207 3499 2384 3549 eorporis

1323 3569 1628 3606 moderationem
1647 3573 1806 3618 spectat.
1829 3565 1924 3602 Nam
1946 3564 1985 3599 in
2005 3563 2136 3598 luxum
2156 3567 2270 3608 atque
2287 3557 2383 3594 mol·
